3996 6208
478 425 664 433 -.---ο-
677 425 716 431 ν.
773 425 937 431 -ο--ο-α-
969 425 1061 431 ..-__
1109 422 1630 431 m—.—-_-._.-.-——.._..
1655 421 1748 427 .-σ--νη

1987 419 2028 425 ς.-
2043 421 2048 423 .
2075 419 2140 424 .-.-
2157 421 2168 424 -
2190 415 2491 424 ...μήτρωα
2512 414 2562 424 ..-
2575 414 2748 420 w..__—_.___
2769 414 2776 416 —
2791 412 2849 418 .__—

1554 561 1724 606 ANNO
1763 560 1988 604 DOMINl
2017 561 2255 602 CMXXV.

1216 743 2558 955 NICOLAUS

675 1122 2232 1243 CONSTANTINOPOLITAN'US
2304 1138 3062 1229 PATBIARCHA

1875 1360 1945 1376 ﬂ

1569 1536 2212 1649 NOTlTlA.

375 1783 644 1843 Auctore
677 1781 751 1840 Β.
793 1781 853 1840 Ρ.
889 1779 1052 1844 God.
1083 1777 1502 1840 chschenio
1541 1777 1606 1838 in
1649 1778 1821 1839 Actis
1867 1781 1972 1842 SS.
2008 1777 2297 1839 Bolland.
2332 1775 2481 1839 Maii
2514 1783 2664 1836 tom.
2699 1775 2801 1850 ΙΙΙ,
2836 1775 2940 1835 die
2973 1775 3070 1848 15,
3118 1791 3253 1852 pag.
3295 1776 3431 1835 50‘).

335 2066 534 2121 Leonis
592 2067 867 2137 Sapientis
934 2084 1025 2123 seu
1093 2067 1408 2138 Philosophi
1484 2066 1907 2137 imperatorisA
1941 2065 2126 2119 statbli
2192 2065 2385 2120 classis
2444 2064 2734 2134 Drungarii
2793 2075 2845 2118 et
2902 2062 3198 2129 Caramali,
3257 2077 3356 2116 nec
3408 2077 3514 2115 non

264 2160 846 2229 Constantinopolitani
884 2161 1148 2231 mysticus
1174 2159 1350 2215 fuerat
1373 2160 1433 2214 S.
1467 2160 1745 2224 Nicolaus,
1782 2160 1835 2214 id

265 2262 364 2312 est.
416 2266 524 2304 non
574 2253 754 2305 solum
808 2252 1125 2307 secretioris
1166 2253 1287 2322 ejus
1331 2253 1545 2307 consilii
1593 2238 1832 2318 senator,

265 2344 356 2398 sed
389 2344 560 2412 ipsius
611 2353 837 2400 senatus
887 2350 1084 2400 oculus
1129 2361 1223 2399 seu
1271 2361 1508 2414 praeses;
1555 2346 1702 2415 etab
1733 2347 1833 2402 hoc

265 2435 543 2490 excellenti
576 2437 898 2504 magistratu
927 2436 1224 2490 translatus
1255 2446 1341 2490 est
1384 2436 1451 2489 ad
1491 2436 1834 2505 patriarcha-

267 2540 378 2583 tum
420 2529 1111 2598 Constantinopolitanum,
1147 2545 1211 2583 ac
1244 2530 1461 2582 tandem
1498 2530 1686 2598 plenus
1717 2530 1832 2583 die-

268 2637 386 2675 rum
419 2638 484 2675 ac
515 2623 829 2676 meritorum
875 2623 1131 2691 migravit
1182 2623 1247 2675 ad
1297 2623 1577 2676 Christum
1622 2624 1724 2675 hoc
1766 2623 1833 2674 15

266 2712 431 2763 Maii:
466 2713 536 2763 ad
580 2728 740 2779 quem
789 2715 954 2773 diem,
1005 2715 1199 2772 sancti,
1247 2713 1361 2764 sive
1401 2712 1494 2761 τοῦ
1541 2714 1598 2762 ἐν
1629 2711 1829 2776 ἁγίοις,

263 2800 580 2870 patriarcha:
661 2799 1240 2868 Constantinopolitani
1302 2799 1512 2854 Nicolai
1575 2801 1830 2869 depositio

265 2893 523 2961 inscripta
554 2901 640 2946 est
687 2901 1006 2961 pervetusto
1053 2891 1360 2960 Synaxario
1398 2891 1656 2945 Ecclesia:
1683 2891 1832 2947 Con-

263 2985 784 3053 stantinopolitanze,
820 2984 965 3053 quod
1000 2994 1083 3038 est
1134 2982 1358 3053 Collegii
1423 2984 1832 3039 Claromontani

265 3077 543 3132 societatis
566 3075 697 3130 Jesu
721 3075 969 3131 Parisiis.
993 3076 1248 3146 Ejusdem
1284 3077 1604 3147 patriarchae
1627 3079 1831 3134 Nicolai

263 3184 417 3222 sacra
475 3169 738 3222 memoria
785 3168 850 3221 ad
911 3168 1164 3222 eumdem
1219 3169 1362 3222 diem
1417 3169 1724 3224 celebratur
1775 3172 1830 3224 in

261 3262 484 3317 Mensis
516 3277 650 3316 mss.
691 3261 1188 3317 Mediolanensibus
1227 3261 1571 3317 bibliotheca:
1605 3262 1834 3316 Ambro-

259 3355 447 3417 sianze,
509 3354 737 3424 signatis
781 3356 960 3409 littera
1005 3354 1050 3409 Ο
1105 3365 1160 3411 et
1203 3372 1261 3410 η.
1313 3357 1449 3419 H8,
1500 3365 1556 3410 et
1605 3357 1658 3410 in
1710 3358 1834 3411 unis

259 3444 480 3499 Menaeis
514 3447 670 3500 ducis
717 3445 1050 3501 Sabaudiae:
1103 3446 1159 3501 in
1194 3447 1381 3502 alteris
1424 3462 1554 3501 vero
1603 3446 1835 3502 refertur

260 3537 329 3591 ad
369 3538 511 3591 diem
539 3547 852 3606 sequentem
883 3538 950 3592 16
978 3537 1124 3604 Maii,
1160 3539 1236 3592 uti
1272 3540 1432 3593 etiam
1471 3540 1523 3593 in
1554 3537 1834 3595 Parisien-

261 3629 419 3682 sibus
451 3629 749 3684 eardinalis
779 3629 1058 3684 Mazarini.
1104 3630 1176 3684 At
1227 3631 1403 3700 pridie
1445 3633 1560 3686 sive
1588 3633 1653 3685 ad
1690 3632 1831 3686 diem

261 3723 331 3776 Η
365 3722 538 3788 .Maii,
585 3722 640 3776 in
687 3738 820 3777 mss.
883 3721 1307 3778 Divionensibus
1356 3723 1501 3778 Petri
1554 3723 1832 3779 Francisci

255 3815 541 3880 Cltillletii,
574 3815 778 3870 dicitur
812 3814 868 3870 S.
907 3815 1165 3870 Nicolaus
1203 3817 1514 3884 patriarcha
1555 3816 1828 3871 Constan-

255 3905 662 3973 tinopolitanus
694 3905 749 3958 in
792 3919 921 3974 pace
950 3905 1247 3975 quievisse,
1286 3905 1713 3976 adjungiturque
1735 3906 1836 3960 hoc

253 3995 532 4049 distichon
558 4012 576 4051 :

343 4087 404 4161 '_O
423 4087 687 4161 Νιδεόλαος
715 4087 952 4161 ἐκλιπὼν
984 4088 1139 4144 σκιὰν
1170 4090 1306 4161 βίου,

334 4156 478 4225 Πρξς
507 4159 692 4210 ἄσκιον
729 4158 964 4228 μετῆλθε
999 4156 1180 4226 φωτδέ
1203 4161 1423 4231 χωρίον.

237 4251 243 4256 ’
331 4265 588 4338 {Imbrum
623 4268 916 4338 relinquens
938 4268 1193 4323 Nicotaus
1227 4270 1432 4336 swculi,

326 4335 643 4391 Translata:
667 4348 744 4391 εει
769 4335 822 4391 in
854 4342 1087 4392 ηεδείιιιη
1119 4335 1426 4393 umbrarum
1462 4340 1654 4396 locum.

337 4452 390 4503 ι.
431 4450 573 4505 lnter
618 4468 821 4505 uxores
893 4469 1031 4522 quas
1088 4453 1198 4509 Leo
1243 4455 1473 4523 Sapiens
1528 4455 1836 4511 successive

251 4539 442 4602 duxit,
482 4541 656 4608 prima
681 4540 740 4598 S.
770 4541 1128 4612 TheOphano,
1149 4560 1273 4614 quae
1303 4561 1334 4598 a
1363 4543 1566 4599 Graecis
1601 4545 1836 4600 refertur

245 4633 320 4686 ad
354 4631 504 4686 diem
542 4631 610 4684 16
652 4632 1002 4702 Decembris;
1042 4646 1236 4705 quarta
1271 4636 1380 4690 Zoe
1420 4637 1546 4700 fuit,
1583 4654 1746 4706 quam
1779 4639 1834 4692 in

248 4724 349 4777 illa
381 4725 651 4794 dignitate
688 4726 891 4782 vixisse
919 4744 1123 4782 annum
1161 4745 1328 4782 unum
1358 4737 1414 4782 et
1446 4745 1662 4783 menses
1691 4745 1740 4783 οι
1760 4741 1833 4795 to,

249 4816 455 4869 scribit
496 4815 603 4872 Leo
653 4816 1059 4876 Grammaticus
1089 4819 1143 4874 in
1182 4819 1657 4892 Chrouograpbia,
1695 4823 1835 4876 hanc

247 4903 411 4957 Zoen
455 4918 801 4965 materteram
839 4928 993 4967 suam
1032 4915 1336 4983 appellans,
1382 4916 1518 4969 adeo
1547 4926 1605 4968 ut
1634 4917 1835 4971 certior

242 4997 449 5051 haberi
488 5014 716 5068 nequeat
749 5011 942 5057 auctor
984 5007 1191 5060 notitia:
1245 5008 1313 5060 de
1363 5006 1419 5060 S.
1469 5004 1692 5062 Nicolao
1734 5023 1833 5077 po-

242 5090 492 5143 stulatae.
535 5089 750 5146 Mortuo
799 5110 927 5163 ergo
975 5097 1034 5151 S.
1072 5099 1310 5154 Antonio
1357 5099 1557 5154 Caulea
1601 5101 1832 5169 patriar-

237 5182 378 5244 cha,
413 5182 574 5251 cujus
603 5186 738 5240 Acta
767 5186 1161 5245 illustravimus
1179 5191 1245 5244 ad
1273 5192 1416 5245 diem
1446 5191 1510 5244 12
1533 5192 1831 5257 Februarii,

245 5290 264 5322 ι
324 5274 384 5326 in
437 5276 556 5344 ejus
609 5279 787 5333 locum
844 5279 1102 5336 Nicotaus
1171 5283 1516 5351 imperatoris
1571 5286 1834 5355 mysticus

235 5375 549 5430 provectus
589 5383 670 5424 est
714 5388 858 5430 anno
886 5373 1014 5439 895,
1058 5392 1217 5445 quem
1255 5377 1520 5432 creditum
1562 5379 1832 5447 sapientia

236 5458 398 5511 alios
453 5468 506 5513 et
552 5464 842 5527 prudentia
884 5470 1094 5522 anteire
1142 5488 1160 5519 ι
1220 5469 1295 5523 ait
1337 5471 1658 5526 Cedrenus:
1711 5485 1833 5540 quae

235 5561 387 5600 vero
424 5550 617 5604 deinde
665 5555 1034 5625 contigerunt,
1069 5560 1142 5613 ita
1177 5571 1364 5614 narrat
1405 5563 1514 5616 Leo
1543 5563 1831 5618 Gramma-

238 5637 425 5698 ticus,
459 5655 580 5710 pag.
614 5642 738 5697 481.
782 5663 800 5694 α
841 5645 1271 5704 Tauromenium
1318 5649 1515 5705 Siciliae
1546 5656 1733 5710 civitas
1763 5656 1830 5710 ab

245 5726 408 5785 Afris
437 5743 586 5801 capta
617 5746 718 5800 est,
760 5742 1013 5794 socordia
1042 5757 1136 5799 aut
1169 5746 1352 5801 verius
1381 5743 1687 5814 proditione
1719 5745 1827 5801 Eu-

576 5830 843 5894 Pnuon.
892 5838 1049 5900 CXI.

415 5919 568 6083 κδ

357 6048 501 6151 Ἃ,

1943 2158 2221 2215 Michaelis
2252 2160 2532 2223 Characti,
2568 2159 2768 2214 ibidem
2816 2168 3178 2227 repertarum,
3225 2156 3516 2225 quamplu-

1941 2253 2097 2307 rimis
2143 2251 2518 2306 Romanorum
2566 2267 2631 2306 ea
2685 2252 2738 2305 in
2785 2251 2939 2305 clade
2979 2251 3160 2304 exesis.
3197 2247 3421 2301 Reversi
3462 2247 3514 2299 iu

1941 2346 2130 2400 urbem
2173 2345 2240 2399 ab
2276 2346 2605 2413 imperatore
2643 2353 2694 2398 et
2741 2343 3054 2411 patriarcha
3091 2341 3428 2410 reprehensi,
3466 2349 3519 2392 et

1942 2454 1970 2492 a
2014 2437 2277 2492 Michaele
2319 2437 2594 2492 Characto
2641 2435 2970 2506 proditionis
3019 2433 3278 2496 convicti,
3341 2441 3517 2485 morte

1938 2526 2286 2582 condemnati
2329 2533 2458 2580 sunt
2496 2544 2509 2579 :
2563 2525 2870 2593 patriarcha
2913 2539 3040 2576 vero
3093 2521 3316 2576 Nicolao
3373 2521 3513 2586 apud

1939 2620 2324 2686 imperatorem
2370 2610 2773 2685 interpellante,
2819 2629 2967 2668 mors
3009 2613 3317 2668 condonata
3348 2627 3362 2664 :
3398 2627 3518 2664 ver-

1939 2708 2275 2773 beribusque
2334 2707 2678 2760 solummodo
2709 2705 2962 2772 subjecti,
3003 2704 3161 2758 bonis
3196 2719 3384 2757 eorum
3418 2719 3518 2771 pu-

1937 2797 2171 2860 blicatis,
2198 2797 2341 2850 inter
2370 2796 2673 2851 monachos
2695 2796 2905 2852 detrusi
2932 2806 3082 2851 sunt.
3111 2815 3128 2848 ο
3154 2796 3216 2849 Et
3235 2798 3512 2864 pag.485:

1945 2907 1964 2940 ‹
2008 2887 2050 2941 E
2100 2887 2232 2952 Zoe,
2286 2887 2502 2956 inquit,
2555 2898 2750 2956 quarta
2805 2886 3044 2956 conjuge
3095 2887 3513 2941 Constantinum

1941 2980 2112 3033 ﬁlium
2143 2979 2254 3033 Leo
2289 2979 2550 3047 suscepit,
2585 2978 2678 3048 qui
2716 2977 2856 3033 festo
2894 2976 3189 3032 Lumiuum
3227 2992 3256 3030 a
3293 2977 3517 3032 Nicolao

1939 3071 2252 3142 patriarcha
2284 3071 2338 3124 in
2367 3070 2560 3140 Magna
2610 3070 2875 3134 Ecclesia,
2916 3069 3345 3138 suscipientibus
3383 3086 3516 3141 pue-

1939 3178 2060 3216 rum
2100 3177 2130 3217 e
2181 3162 2332 3218 fonte
2380 3162 2693 3217 Alexandro
2739 3162 3088 3230 imperatore,
3146 3164 3384 3216 Samona
3418 3180 3516 3233 pa-

1939 3255 2098 3309 tricio
2157 3265 2210 3310 et
2271 3256 2592 3324 proceribus
2650 3258 2900 3318 cunctis,
2955 3257 3268 3326 baptizatus
3336 3269 3511 3313 est....

1936 3347 2198 3401 Eamdem
2233 3362 2363 3401 vero
2402 3346 2547 3402 Zoen
2591 3347 2884 3403 declaravit
2925 3349 3225 3418 Augustam
3276 3350 3514 3418 impera-

1938 3448 2045 3505 to‘r,
2081 3455 2243 3508 quem
2298 3447 2588 3508 eapropter
2615 3438 2869 3495 Ecclesia:
2891 3425 3172 3495 liminibus
3202 3443 3510 3510 patriarcha
3555 3441 3558 3447 ’

1936 3535 2218 3605 prohibuit
2271 3552 2285 3588 :
2341 3542 2401 3589 ut
2465 3535 2663 3590 exinde
2744 3537 2950 3605 pariter
2995 3537 3218 3591 dextera
3270 3540 3515 3593 ecclesia:

1942 3637 2114 3699 parte,
2161 3629 2248 3684 via
2297 3638 2560 3684 consueta
2621 3632 2837 3698 penitus
2877 3631 3083 3694 relicta,
3125 3632 3192 3685 ad
3245 3631 3513 3686 Mitetori—

1935 3718 2079 3772 cium
2104 3733 2278 3787 usque
2309 3719 2681 3785 pertransiret.
2715 3720 2986 3777 Samonas
3007 3722 3203 3778 deinde
3231 3725 3513 3779 accubitor

1937 3819 2227 3878 provectus
2257 3820 2358 3875 est,
2396 3811 2542 3880 quod
2574 3812 2640 3868 ad
2672 3827 2835 3868 omne
2860 3813 3074 3870 facinus
3099 3824 3154 3870 et
3185 3819 3509 3884 pravitatem

1937 3903 2253 3972 imperatori
2291 3919 2511 3959 manum
2550 3907 2817 3974 praeberet
2853 3907 3200 3972 auxiliarem,
3235 3919 3288 3964 et
3318 3912 3513 3966 adver-

1937 4011 2032 4050 sus
2057 3995 2360 4050 Ecclesiam
2393 4007 2682 4066 coeperunt
2716 3998 2992 4054 meditari.
3017 3997 3281 4055 Vocatum
3311 4003 3514 4072 quippe

1939 4084 2006 4138 ad
2036 4099 2095 4138 se
2125 4085 2406 4140 Nicolaum
2445 4089 2811 4155 patriarcham
2853 4091 2942 4145 die
2978 4091 3158 4160 primo
3206 4091 3510 4157 Februarii,

1939 4178 2196 4246 precibus
2228 4180 2528 4247 instabant,
2563 4191 2621 4235 ut
2667 4183 2719 4235 in
2770 4184 3071 4239 Ecclesiam
3118 4187 3510 4256 reciperentur.

1941 4268 2011 4323 Ut
2039 4285 2167 4325 vero
2202 4271 2418 4326 ﬂectere
2457 4287 2564 4326 non
2594 4283 2912 4342 potuerunt,
2938 4291 2968 4328 a
3000 4278 3248 4331 convivio
3273 4279 3511 4346 publico,
3563 4303 3570 4311 ε

1937 4364 2003 4418 ad
2045 4363 2190 4434 quod
2229 4375 2455 4419 vocatus
2477 4367 2692 4430 fuerat,
2733 4366 2968 4436 ejectum
2996 4377 3051 4422 et
3081 4385 3175 4438 per
3206 4371 3516 4426 Bucoteon-

1940 4464 2048 4511 tem
2079 4457 2325 4520 ductum,
2363 4457 2623 4527 lintrique
2647 4460 2985 4529 impositum,
3033 4463 3086 4516 in
3134 4461 3372 4519 llieriam
3401 4477 3511 4520 tra-

1933 4547 2223 4614 jecerunt:
2253 4563 2282 4601 e
2311 4563 2419 4616 qua
2469 4550 2633 4616 pedes
2674 4550 2741 4604 ad
2786 4550 3121 4608 Galacrenos
3173 4570 3350 4623 usque
3391 4558 3513 4611 nive

1941 4639 2108 4692 multa
2142 4638 2420 4692 delibutus
2454 4642 2721 4707 pervenit.
2745 4640 2801 4695 ln
2828 4642 2945 4709 eius
2977 4643 3156 4698 locum
3190 4644 3511 4716 Euthymius

1938 4730 2210 4800 synccllus
2265 4731 2348 4784 vir
2387 4732 2570 4800 gravis
2617 4741 2671 4786 et
2713 4736 3211 4803 temperatissimus
3250 4740 3510 4794 suﬂ‘ectun

1939 4831 2042 4883 est,
2095 4837 2254 4883 quem
2305 4823 2496 4876 dicunt
2548 4823 2733 4878 divina
2786 4827 3119 4883 revelatione
3167 4830 3217 4884 id
3266 4835 3511 4886 muneris

1939 4915 2269 4982 suscepisse.
2324 4913 2555 4968 Volebat
2603 4917 2748 4970 enim
2801 4918 3101 4988 imperator
3157 4923 3408 4978 haeresim
3455 4932 3510 4976 et

1937 5009 2110 5078 legem
2171 5021 2396 5076 ponere,
2459 5023 2564 5076 qua
2611 5009 2728 5063 viro
2784 5019 2894 5065 tres
2945 5022 3248 5080 quatuorve
3306 5027 3507 5067 uxores

1937 5102 2140 5155 ducere
2190 5101 2397 5164 liceret,
2448 5099 2696 5169 pluribus
2752 5101 3090 5158 doctissimis
3141 5104 3273 5157 viris
3331 5104 3398 5159 ad
3445 5088 3504 5158 id

1938 5206 2095 5261 opem
2129 5189 2561 5245 conferentibus.
2602 5209 2620 5241 ι
2661 5192 2785 5246 llaec
2814 5193 2922 5247 Leo
2951 5209 3116 5264 agens
3151 5196 3216 5247 de
3243 5197 3506 5248 uxoribus

1937 5285 2247 5339 successive
2284 5285 2573 5351 ducendis,
2608 5295 2662 5338 et
2700 5289 2973 5341 consentit
3013 5289 3316 5350 Cedrenus,
3349 5297 3507 5358 cujus

1937 5374 2201 5442 interpres
2249 5387 2532 5442 perperam
2601 5375 2928 5444 interposuit
2991 5377 3152 5428 simul
3211 5386 3320 5433 tres
3369 5397 3508 5447 qua-

1936 5474 2127 5519 tuorve
2160 5479 2360 5517 uxores
2392 5473 2451 5517 ut
2485 5467 2686 5520 ducere
2714 5467 2924 5521 liceret.
2972 5466 3045 5520 De
3091 5467 3180 5522 illa
3214 5470 3345 5524 olim
3381 5487 3508 5541 pro-

1935 5558 2202 5613 hibitione
2226 5557 2331 5610 lata
2359 5559 2584 5612 consule
2615 5559 2851 5612 Matthaci
2890 5560 3148 5614 monachi
3173 5565 3506 5632 quaestiones

1935 5651 2388 5716 matrimoniales,
2419 5653 2558 5706 libro
2593 5668 2687 5705 vm
2742 5653 2872 5704 tomi
2909 5653 3068 5722 primi
3102 5654 3247 5710 Juris
3285 5657 3505 5711 Gra‘co-

1934 5746 2187 5811 Romani,
2248 5758 2298 5802 et
2350 5763 2471 5818 qure
2527 5745 2822 5802 cardinalis
2873 5747 3142 5804 Baronius
3199 5752 3502 5805 Annalibus

3039 5844 3064 5899 1
