3996 6208
272 352 417 471 .il

1771 358 2192 428 PRASFNI‘IU.
3556 382 3622 443 12

351 471 583 526 inseruit
637 473 703 525 ad
746 487 952 525 annum
1010 472 1490 543 nongentesimum
1544 473 1803 542 primum,
1836 474 1930 528 ubi
1966 479 2006 535 Α
2036 479 2413 547 promittebat.
2448 482 2703 538 Probatis
2730 494 2911 537 autem
2943 484 2994 538 in
3027 484 3320 539 adversum
3356 492 3620 546 montium

353 564 550 633 allegat
590 582 609 616 t
653 564 1054 635 promulgatam
1108 564 1176 618 ab
1222 564 1551 633 imperatore
1597 565 1699 621 hoc
1751 564 1931 621 Leone

349 659 823 723 constitutionem,
873 674 979 728 qua
1037 656 1320 727 prohibuit
1365 659 1585 713 tertium
1648 659 1932 713 matrimo-

350 752 527 816 nium,
554 762 611 805 ιιι
634 751 763 807 illud
792 754 1183 809 contrahentes
1213 768 1374 824 poena
1407 767 1506 822 per
1539 760 1737 808 sacros
1764 767 1934 808 cano-

348 860 447 897 nes
497 850 701 898 statuta
748 843 1136 913 plecterentur.
1192 842 1414 897 interim
1470 841 1559 895 ille
1615 842 1780 904 idem,
1834 842 1929 911 qui

349 934 463 988 lucc
501 934 707 996 sanxit,
743 942 866 1003 post
887 934 1108 989 tertiam
1133 948 1362 988 uxorem
1386 931 1728 996 defunctam,
1754 934 1934 989 adhuc

346 1036 600 1096 quartam
655 1026 887 1096 accepit.
946 1026 1121 1096 Cujus
1177 1026 1257 1082 rei
1306 1040 1476 1081 causa
1520 1023 1785 1079 Nicolaus
1836 1040 1930 1095 pa-

346 1120 587 1173 triarcha
639 1118 711 1173 ab
765 1118 1001 1173 ecclesia
1056 1120 1263 1191 ejectus
1310 1126 1432 1181 est,
1478 1132 1786 1186 omnesque
1828 1117 1934 1171 illa:

349 1215 521 1267 turba:
551 1223 679 1268 sunt
710 1216 1019 1269 subsecuta:
1042 1213 1095 1267 in
1125 1212 1244 1283 ejus
1275 1213 1546 1282 ejectione
1568 1223 1622 1266 et
1654 1211 1931 1283 Euthymii

346 1306 758 1375 subrogatione,
795 1323 920 1361 cum
960 1306 1259 1362 schismate
1299 1305 1475 1360 divisa
1525 1305 1617 1359 illa
1666 1304 1929 1369 Ecclesia,

346 1396 573 1452 Nicolao
606 1398 724 1463 alii,
777 1398 873 1452 alii
918 1413 1051 1453 vero
1110 1397 1406 1468 Euthymio
1457 1396 1804 1450 inhaererent.
1865 1397 1933 1450 At

345 1491 626 1561 quomodo
658 1507 718 1547 se
748 1491 1005 1547 habuerit
1033 1490 1415 1562 quadrigamia
1464 1490 1566 1545 ista
1603 1488 1802 1544 Leonis
1828 1489 1933 1541 lm-

345 1584 619 1652 peratoris
652 1584 705 1637 in
734 1583 1035 1653 conjugum
1065 1582 1443 1643 successione,
1480 1597 1544 1636 ex
1575 1579 1933 1634 Pra'ambulis

344 1675 691 1731 Constantini
730 1675 1193 1746 Porphyrogeniti
1230 1676 1299 1729 ad
1330 1675 1567 1729 edictum
1614 1673 1835 1727 unionis
1866 1689 1930 1726 ex

347 1768 486 1822 libro
515 1784 555 1822 ll
609 1766 960 1822 Novellarum
1011 1766 1162 1822 Juris
1218 1766 1510 1822 Orientalis
1570 1784 1589 1817 ι
1649 1764 1931 1832 describit,

346 1863 657 1932 ibidemque
694 1862 865 1917 videri
902 1871 1083 1930 potest
1116 1871 1264 1915 tomo
1297 1859 1339 1925 l,
1363 1875 1485 1930 pag.
1524 1859 1646 1915 105.
1692 1858 1797 1914 Sed
1832 1874 1932 1928 po-
1965 1843 2006 1898 Β

344 1954 450 2009 tius
483 1955 549 2009 ad
586 1954 989 2010 restituendum
1032 1954 1088 2007 in
1130 1953 1314 2009 sedem
1372 1952 1434 2005 S.
1466 1941 1759 2005 Nicolaum
1804 1964 1934 2019 pro-

344 2062 595 2114 percmus
632 2063 645 2099 :
682 2062 791 2116 quo
822 2061 925 2101 nos
966 2046 1341 2102 manuducens
1385 2044 1556 2099 trahit
1594 2043 1703 2099 Leo
1735 2043 1899 2099 Gram

343 2142 580 2198 maticus
616 2142 690 2197 ita
723 2142 1041 2198 scribendo.

355 2286 361 2295 -
410 2259 464 2311 3.
507 2274 524 2308 ε
573 2256 711 2312 Cum
754 2255 865 2312 Leo
916 2257 1237 2328 imperator,
1264 2258 1414 2327 gravi
1448 2256 1639 2309 morbo
1670 2256 1930 2321 jar-tatus,

341 2362 721 2403 successorem
769 2363 932 2404 suum
974 2348 1202 2404 fratrem
1240 2347 1613 2402 Alexandrum
1650 2348 1934 2417 designas-

341 2449 446 2503 sct,
503 2453 763 2509 essetque
816 2440 1129 2496 obtestatus
1180 2449 1239 2495 ut
1291 2440 1715 2495 Constantinum
1761 2440 1928 2493 lilium

341 2548 501 2586 suum
539 2541 887 2602 protegeret;
939 2533 1083 2588 diem
1135 2541 1445 2588 extremum
1476 2533 1613 2587 obiit
1642 2532 1932 2587 undecimo

339 2625 430 2678 die
455 2622 577 2677 Maii
609 2642 621 2677 :
668 2642 687 2674 ι
723 2639 886 2695 quem
927 2625 1091 2678 etiam
1139 2624 1284 2678 diem
1327 2624 1514 2678 obitus
1546 2626 1793 2693 assignat
1825 2623 1929 2679 Ce-

339 2718 564 2773 drenus.
613 2716 854 2773 Mcnsem
911 2715 1115 2771 Maium
1163 2718 1342 2771 solum
1388 2717 1599 2769 indicat
1642 2716 1927 2769 Zonaras:

340 2821 397 2865 nt
429 2809 788 2880 CurOpalatcs
824 2809 1045 2863 Scilitza
1080 2809 1160 2863 ait
1194 2828 1213 2861 ε
1249 2808 1309 2861 lt
1341 2806 1490 2863 Junii
1520 2808 1724 2861 mensis
1748 2806 1931 2859 deces-

339 2904 479 2958 sisse
505 2918 535 2957 e
568 2902 698 2956 vita.
733 2921 751 2955 ι
793 2901 1049 2957 Anausis
1067 2910 1185 2956 erat
1223 2900 1672 2971 nongentesimus
1706 2896 1933 2952 undeci-

341 3011 484 3050 mus.
525 3016 542 3047 c
576 2994 738 3060 Tum,
788 2994 968 3063 inquit
1013 2993 1123 3048 Leo
1163 2992 1594 3055 Grammaticus,
1642 2990 1932 3060 imperavit

341 3088 650 3143 Alexander
681 3101 787 3142 una
813 3102 937 3142 cum
967 3087 1334 3142 Constantino
1361 3085 1560 3141 Leonis
1591 3082 1701 3138 lilio
1724 3099 1926 3138 annum

337 3195 511 3233 unum
539 3180 656 3235 dies
688 3179 878 3249 viginti
917 3193 1157 3233 novem:
1203 3177 1485 3247 missoque
1527 3178 1593 3231 ad
1642 3175 1926 3229 Nicolaum
1956 3205 1999 3267 Ο

342 3276 409 3327 ad
458 3273 791 3328 Galacrenas
843 3274 1078 3338 nuntio,
1133 3271 1493 3341 Euthymium
1557 3270 1926 3340 patriarcham

336 3364 617 3433 deposuit,
663 3374 717 3419 et
770 3362 1059 3418 Nicolaum
1116 3362 1361 3417 secundo
1417 3360 1679 3416 restituit.
1730 3359 1930 3415 Habuit

342 3465 528 3509 autem
584 3454 899 3508 Alexander
946 3452 1013 3505 ad
1066 3451 1420 3519 Magnauram
1483 3450 1803 3514 silentium,
1876 3458 1930 3505 et

338 3546 639 3602 concilium
675 3544 996 3609 celebravit,
1027 3553 1194 3613 atque
1223 3543 1575 3614 Euthymium
1615 3545 1685 3598 ab
1719 3543 1931 3613 Agatho

340 3641 681 3695 advocavit:
731 3637 1100 3708 eumdemque
1145 3651 1272 3692 cum
1329 3634 1557 3693 Nicolao
1612 3637 1929 3708 patriarcha

344 3735 538 3790 sedere
590 3734 771 3803 jusso,
817 3731 1013 3802 judicii
1073 3745 1387 3787 assessores
1435 3730 1556 3801 ejus
1600 3730 1928 3800 depositioni

341 3826 614 3881 vacabant
643 3824 926 3887 attentius,
963 3838 1089 3878 cum
1123 3822 1394 3880 dedecore
1421 3822 1725 3879 venerandi
1757 3831 1810 3878 et
1837 3837 1933 3894 per

343 3918 531 3973 omnia
571 3916 811 3971 mirandi
859 3916 961 3970 viri
1001 3915 1292 3971 colendam
1327 3915 1555 3972 barbam
1588 3915 1928 3984 vellicantes,

342 4011 563 4081 aliaque
608 4008 904 4081 opprobria
968 4017 1024 4063 et
1079 4008 1314 4081 injurias
1367 4007 1673 4064 inferentes
1719 4024 1735 4066 :
1792 4023 1931 4080 quas

343 4103 528 4173 quiete
561 4110 618 4156 et
653 4109 941 4157 mansuete
973 4100 1317 4156 honorabilis
1345 4109 1401 4157 et
1434 4115 1593 4157 sacer
1620 4099 1704 4156 vir
1732 4103 1933 4156 tolera-

342 4194 453 4253 bat.
492 4194 572 4250 Ex
618 4194 821 4264 quibus
862 4194 933 4250 ad
976 4194 1175 4264 Agathi
1223 4194 1370 4249 aedes
1422 4193 1531 4248 vita
1580 4194 1824 4259 iunctus,
1876 4194 1930 4247 in

345 4289 569 4360 proprio
623 4288 967 4344 monasterio
1015 4287 1175 4356 juxta
1223 4287 1597 4342 Psamathinm
1650 4286 1931 4356 depositus

343 4390 547 4436 est.....
594 4380 906 4435 Alexander
957 4379 1259 4449 imperator
1307 4380 1445 4432 mori
1488 4394 1549 4433 se
1601 4378 1927 4447 praevidens,

342 4471 570 4526 Nicolao
590 4471 1001 4540 patriarcha,et
1027 4470 1308 4539 Stephano
1342 4468 1620 4536 Magistro,
1648 4480 1698 4523 et
1720 4467 1930 4525 Joanne

2040 572 2416 637 munimentis,
2468 575 2749 644 urbisque,
2798 592 2859 629 ex
2907 577 3092 645 populi
3138 577 3293 646 copia
3328 590 3379 633 et
3413 584 3623 637 machi-

2039 665 2144 730 nis,
2172 668 2472 723 securitate
2514 683 2576 723 ac
2621 669 2882 738 praesidio
2930 686 3248 741 conspecto,
3306 690 3402 743 spe
3457 677 3622 734 decc-

2038 764 2185 825 ptus,
2228 758 2280 811 in
2327 760 2505 813 locum
2540 761 2881 816 llehdomum
2912 763 3118 818 dictum
3148 766 3300 835 pacis
3335 768 3623 827 oblaturus

2040 849 2244 905 lmdera
2276 868 2528 910 reversus
2554 864 2655 909 est.
2687 854 3148 913 Procuratoribus
3167 875 3352 928 pacem
3376 863 3615 918 oblatam

2037 936 2273 993 libenter
2314 942 2733 1010 excipientibus,
2781 943 3004 1001 Sitneon
3062 946 3407 1005 Theodorum
3448 954 3619 1024 magi-

2038 1040 2211 1086 strum
2248 1033 2317 1087 de
2354 1034 2442 1088 illa
2494 1046 2853 1091 tractaturum
2915 1040 3083 1094 misit.
3132 1040 3390 1097 Nicolaus
3434 1053 3616 1099 autem

2036 1123 2372 1193 patriarcha,
2414 1126 2725 1196 Stephanus
2751 1139 2809 1185 et
2846 1128 3089 1186 Joannes
3121 1134 3405 1203 magister,
3440 1136 3619 1205 impe-

2037 1228 2220 1273 ratore
2264 1234 2455 1275 secum
2502 1222 2688 1287 ducto,
2740 1221 3078 1280 Blacliernas
3131 1243 3312 1297 usque
3361 1204 3635 1298 profecti:

2037 1311 2179 1367 ﬁlios
2211 1312 2489 1369 Simeonis
2521 1317 2769 1386 geminos
2812 1318 3149 1374 induxerunt
3186 1321 3240 1376 in
3281 1322 3496 1387 urbem,
3526 1323 3630 1393 qui-

2036 1404 2090 1458 in
2140 1405 2357 1474 palatiis
2405 1422 2513 1461 una
2569 1425 2697 1464 cum
2758 1411 3085 1482 imperatore
3141 1415 3413 1469 convivati
3466 1406 3631 1470 sunt.‘

2034 1494 2259 1552 Nicolao
2295 1514 2428 1553 vero
2478 1502 2800 1570 patriarcha:
2846 1506 2911 1558 ad
2951 1505 3263 1561 Simeonem
3310 1504 3629 1574 accedenti,

2037 1589 2150 1659 ipse
2185 1590 2405 1646 Simeon
2442 1604 2603 1661 caput
2642 1594 2873 1650 inﬂexit.
2916 1596 3235 1653 Patriarcha
3267 1601 3431 1669 igitur
3451 1616 3617 1670 super

2035 1696 2159 1735 eum
2190 1684 2496 1740 orationem
2543 1686 2789 1752 lusurus,
2837 1692 3143 1746 stemmatis
3186 1692 3303 1747 vice
3332 1695 3615 1763 proprium

2036 1774 2231 1843 capitis
2284 1786 2662 1848 tegumentum
2720 1783 2841 1850 eius
2896 1782 3158 1853 imposuit
3209 1787 3393 1855 capiti.
3448 1786 3619 1840 Donis

2036 1863 2222 1934 itaque
2255 1867 2537 1923 immensis
2569 1879 2623 1923 et
2652 1888 2816 1941 quam
2851 1875 3103 1928 maximis
3148 1878 3355 1945 excepti
3393 1876 3615 1930 Simeon

2037 1959 2090 2005 et
2123 1954 2244 2023 ejus
2287 1955 2384 2010 lilii
2430 1957 2482 2010 in
2533 1961 2765 2027 patriam
2822 1963 3026 2018 reversi
3065 1977 3214 2032 sunt,
3264 1967 3333 2021 ad
3384 1969 3614 2021 invicem

2037 2044 2319 2103 discordes
2355 2050 2425 2103 ob
2453 2050 2689 2119 prwfatae
2724 2055 2872 2123 pacis
2902 2056 3340 2115 conditiones...

2106 2157 2160 2212 5.
2198 2177 2216 2210 ‹
2256 2158 2651 2219 Constantinus
2697 2165 2997 2234 imperator
3044 2177 3353 2222 revocatam
3385 2182 3413 2221 a
3445 2178 3617 2221 matre

2036 2259 2090 2305 et
2134 2252 2202 2307 ad
2258 2268 2317 2308 se
2375 2257 2693 2311 translatam
2752 2260 2967 2328 imperii
3020 2271 3342 2331 potestatem
3392 2276 3611 2317 onmem

2035 2342 2355 2409 declaravit,
2397 2356 2453 2401 et
2487 2346 2770 2403 bicolaum
2818 2351 3212 2419 patriarcham,
3251 2352 3617 2423 Stephanum-

2036 2450 2145 2502 que
2174 2436 2501 2505 magistrum
2550 2440 2602 2493 in
2644 2442 2850 2511 palatio
2879 2444 2983 2498 sibi
3017 2445 3209 2500 adesse
3242 2446 3615 2500 mandavit....

2038 2527 2341 2598 imperator
2376 2540 2433 2585 et
2480 2534 2789 2603 patriarcha
2833 2534 3099 2593 Joannem
3147 2539 3404 2594 Garidam
3448 2540 3514 2592 ad
3557 2555 3615 2593 se

2041 2629 2294 2675 vocatum
2349 2622 2679 2679 Scltolarum
2732 2625 3104 2684 Domesticum
3154 2645 3279 2684 esse
3313 2630 3613 2699 jusserunt,

2038 2712 2195 2761 veriti
2235 2728 2301 2761 ne
2331 2714 2545 2763 Pliocas
2592 2718 2643 2763 in
2680 2718 3037 2767 rebellionem
3073 2719 3427 2769 deficeret....
3458 2719 3619 2772 Niccc

2036 2808 2119 2851 tas
2148 2809 2326 2852 autem
2362 2802 2649 2868 patricius,
2682 2801 2917 2856 Ruinani
2945 2816 3235 2868 consocer,
3270 2805 3323 2858 in
3352 2806 3612 2875 palatium

2035 2887 2334 2956 prolectus,
2387 2889 2672 2947 Nicolaum
2728 2895 3093 2963 patriarcham
3140 2896 3268 2950 inde
3317 2898 3614 2967 tlejecit....

2036 2979 2327 3036 Sacrorum
2380 2996 2561 3038 autem
2606 2985 2944 3055 jejunl'orum
3006 2990 3197 3058 quinta
3246 2987 3644 3056 hebdomade,'

2036 3088 2223 3129 mense
2283 3074 2497 3145 Aprili,
2548 3077 2763 3133 Helenae
2818 3078 3052 3136 Romani
3122 3080 3245 3136 lilia:
3297 3093 3618 3137 contractus

2037 3168 2297 3236 nuptialis
2332 3170 2497 3224 arrba
2533 3186 2563 3225 a
2590 3170 2954 3228 Constantino
2996 3174 3330 3244 imperatore
3358 3178 3615 3244 traditur,

2036 3268 2090 3313 et
2118 3262 2275 3315 tertia
2301 3260 2587 3318 Paschalis
2620 3263 2777 3330 feria,
2798 3265 3016 3322 Galilea:
3046 3269 3215 3333 dicta,
3243 3270 3613 3335 benedicitur,

2034 3359 2241 3405 etcum
2271 3367 2333 3406 ea
2367 3355 2709 3421 nuptialibus
2736 3357 2963 3414 corollis
3009 3360 3300 3414 redimitur
3324 3375 3354 3413 a
3388 3359 3615 3416 Nicolao

2033 3441 2349 3511 patriarcha
2399 3459 2414 3496 :
2462 3454 2518 3499 et
2561 3456 2691 3500 tunc
2731 3445 3011 3503 Romanus
3061 3449 3411 3518 imperatoris
3461 3458 3613 3521 pater

2032 3534 2375 3600 declaratur,
2439 3544 2496 3592 et
2550 3536 2789 3593 Romani
2839 3539 2956 3594 vice
3006 3539 3439 3609 Christophorus
3491 3543 3612 3609 ejus

2034 3626 2179 3683 lilius
2213 3627 2606 3686 hmteriarches
2629 3631 3032 3687 instituitur....
3056 3631 3263 3699 Quarto
3295 3650 3420 3689 vero
3446 3651 3613 3703 supra

2033 3719 2359 3775 vicesimum
2402 3722 2749 3792 Septembris
2778 3725 3013 3791 mensis,
3047 3726 3283 3781 Czesaris
3313 3727 3614 3797 dignitate;

2037 3810 2352 3871 Decembris
2402 3825 2584 3871 autem
2627 3819 2830 3874 mensis
2874 3819 3091 3877 decimo
3143 3821 3375 3892 septimo
3410 3820 3618 3876 Christi

2037 3904 2254 3963 Domini
2305 3919 2700 3979 proparentum
2752 3911 2917 3978 l‘esto.
2976 3913 3190 3985 imperii
3231 3915 3538 3969 diademate
3584 3931 3619 3968 ι

2033 3998 2398 4057 Constantino
2438 4004 2779 4075 imperatore
2811 4017 2866 4063 et
2902 4007 3130 4065 Nicolao
3162 4010 3471 4081 patriarcha
3502 4010 3615 4066 llo-

2033 4108 2230 4149 manus
2260 4105 2532 4153 ornatur:
2569 4111 2892 4157 sanctorum
2942 4102 3137 4158 deinde
3195 4101 3488 4157 Luminnm
3529 4105 3620 4160 die

2034 4183 2377 4242 Theodoram
2410 4202 2636 4245 uxorem
2677 4202 2924 4248 coronat.
2970 4193 3092 4248 Mox
3140 4194 3265 4250 Maii
3296 4196 3500 4250 mensis
3531 4197 3621 4250 die

2031 4278 2243 4336 decimo
2260 4281 2497 4352 septimo
2525 4282 2817 4338 indictione
2832 4287 3019 4353 quinta
3047 4287 3148 4355 (α),
3186 4286 3619 4354 ChristOphoi-us

2034 4369 2264 4429 Romani
2312 4374 2458 4432 [ilius
2506 4376 2807 4446 imperator
2860 4377 3230 4441 renuntiatur,
3283 4386 3335 4430 ct
3366 4376 3612 4446 ejusdem

2034 4468 2242 4524 mensis
2292 4469 2558 4525 vicesimo
2610 4478 2813 4524 sancite
2861 4470 3213 4526 Pentecostes
3268 4470 3357 4526 die
3413 4473 3551 4526 testo
3586 4485 3617 4524 a

344 4561 613 4633 magistro
646 4561 840 4627 Elatia,
884 4572 967 4614 et-
992 4558 1206 4615 Joanne
1255 4571 1491 4625 rectore,
1526 4570 1580 4615 et
1618 4559 1928 4632 Euthymio,
1963 4553 2007 4608 ι)
2036 4562 2399 4618 Constantino
2446 4562 2734 4618 redimitur
2768 4578 2782 4617 :
2818 4564 3019 4634 istique
3064 4568 3173 4618 duo
3218 4565 3319 4619 soli
3368 4565 3614 4634 ejusdem

345 4652 629 4716 Basilitze,
662 4661 717 4707 et
749 4651 1140 4722 Gabrielopulo
1164 4654 1616 4723 procuratoribus
1643 4654 1929 4719 institutis,

344 4746 712 4801 Constantino
749 4745 949 4801 Leonis
999 4747 1116 4801 tilio
1165 4747 1386 4817 reliquit
1427 4746 1812 4817 imperium....
1854 4747 1932 4802 Eo

344 4837 529 4909 itaque
562 4838 749 4909 palatii
795 4848 1122 4909 potestatem
1157 4841 1374 4911 adepto,
1411 4840 1670 4897 Nicolaus
1699 4842 1931 4910 patriar-

344 4932 446 4987 cha
484 4933 651 4987 rebus
693 4935 1087 4989 communibus
1136 4934 1477 5004 providebat,
1512 4949 1808 5005 curamque
1835 4948 1929 5006 ge-

344 5025 501 5079 rebat
528 5024 978 5093 quotidianorum
1007 5025 1159 5095 regni
1200 5025 1641 5096 negotiorum...

420 5117 475 5170 4.
536 5137 554 5169 ι
618 5116 806 5172 Mense
861 5130 1027 5187 porro
1075 5118 1324 5191 Augusto
1380 5118 1603 5175 Simeon
1662 5119 1929 5191 Bulgaria:

344 5211 619 5281 princeps,
672 5212 937 5266 adversus
998 5209 1278 5268 Romanos
1331 5222 1649 5283 comparato
1684 5213 1927 5269 exercitu

344 5318 470 5357 cum
513 5301 866 5358 multitudine
902 5305 1054 5372 gravi
1098 5302 1634 5373 Constantinopolim
1676 5305 1924 5374 appulit;

343 5406 400 5451 et
430 5396 575 5450 vallo
606 5410 635 5449 a
668 5397 991 5453 Blachernis
1028 5396 1095 5452 ad
1119 5408 1329 5467 portam
1362 5396 1627 5467 Chrysem
1674 5407 1925 5451 vocatam

346 5489 750 5554 circumducto,
806 5490 998 5546 urbem
1032 5490 1245 5545 obsedit
1283 5505 1299 5544 :
1335 5489 1542 5557 alisque
1575 5490 1689 5559 spei
1720 5504 1833 5544 suae
1870 5491 1924 5545 in

342 5580 577 5636 sublime
615 5581 818 5646 elatus,
874 5582 1233 5637 subacturum
1280 5582 1509 5637 omnino
1561 5580 1708 5637 nullo
1741 5580 1926 5638 labore

415 5739 490 5807 (η)
518 5737 633 5791 imo
664 5755 823 5793 nona.

416 5811 490 5879 (ὁ)
522 5808 663 5878 Lege
689 5811 913 5863 decium.

2036 4655 2143 4709 diei
2178 4671 2440 4724 processu
2484 4655 2716 4710 solemni
2764 4672 2863 4725 per
2905 4656 3091 4711 urbem
3144 4657 3419 4725 progressi
3466 4667 3617 4712 sunt.

2032 4743 2207 4800 Porro
2224 4746 2366 4801 Julio
2384 4762 2570 4801 mense
2587 4747 2884 4802 indictione
2904 4760 3093 4803 octava
3106 4748 3181 4817 (θ)
3203 4747 3291 4802 die
3310 4747 3617 4813 Dominica,

2034 4841 2203 4895 totius
2225 4840 2477 4895 Ecclesia:
2507 4856 2538 4893 a
2576 4841 2825 4896 ltomano
2863 4843 2997 4896 inita
3027 4851 3106 4896 est
3134 4844 3451 4904 concordia,
3481 4856 3619 4895 cun-

2034 4934 2137 4989 ctis
2188 4934 2548 5004 metropolitis
2594 4944 2648 4988 ct
2701 4934 2937 4997 clericis,
2972 4936 3065 5007 qui
3101 4949 3130 4987 a
3169 4933 3377 4990 Nieolai
3411 4943 3465 4989 et
3506 4933 3618 4986 Eu-

2036 5027 2228 5097 thymii
2277 5028 2525 5095 partibus
2566 5026 2761 5080 divisis
2809 5035 3076 5081 steterant
3126 5028 3349 5090 animis,
3394 5028 3445 5077 in
3479 5036 3616 5075 con-

2034 5118 2345 5174 sensionem
2385 5118 2836 5173 redeuntibus....

2103 5210 2153 5265 6.
2183 5228 2200 5261 ι
2227 5208 2531 5280 Septembri
2554 5225 2685 5265 vero
2705 5225 2894 5267 mense
2922 5213 3216 5268 indictione
3262 5208 3499 5263 secunda
3522 5207 3619 5281 (c),

2036 5301 2262 5357 Simeoo
2298 5301 2565 5373 Bulgaria:
2600 5304 2878 5374 princeps,
2903 5304 3073 5371 copiis
3100 5301 3355 5355 clunibus
3380 5301 3618 5369 eductis,

2033 5395 2299 5449 adversus
2314 5393 2848 5465 Constantinopolim
2865 5393 3260 5463 expeditionem
3276 5403 3453 5463 parat.
3490 5391 3622 5447 lnde

2034 5488 2324 5543 Thraciam
2349 5499 2403 5545 et
2420 5488 2793 5545 Macedoniam
2828 5487 3210 5558 depopulatur,
3232 5488 3477 5544 incendia
3492 5488 3616 5543 ubi-

2035 5595 2141 5653 que
2160 5583 2387 5654 spargit,
2426 5584 2624 5640 evertit
2649 5582 2855 5650 omnia,
2878 5589 2933 5637 et
2956 5584 3021 5639 ad
3049 5582 3277 5639 arbores
3309 5596 3482 5653 usque
3518 5595 3615 5635 ex-

2106 5742 2174 5816 (c)
2199 5742 2340 5818 Lege
2367 5746 2664 5801 undecima.

3294 5935 3428 6061 ὕ·-
