3996 6208
339 371 398 430 13
1753 368 2172 432 l'llxlEFATlO.
3521 373 3585 432 ιι

335 481 545 536 srindit.
570 482 648 536 Ad
674 479 1004 536 Blarhrruas
1031 491 1290 551 pt'zeterea
1316 484 1597 550 devectus,
1620 483 1899 539 Nicolaum
1930 487 1975 544 Α
2006 486 2218 552 quinto,
2247 483 2543 538 indictione
2574 486 2729 538 tertia
2762 485 2862 554 (al),
2902 491 3126 537 mortem
3169 482 3302 537 obiit
3334 482 3586 539 Nicolaus

335 572 696 644 patriarcbam
741 582 800 628 et
846 589 1138 644 procerum
1188 576 1477 646 quosdam,
1534 583 1593 630 ut
1647 575 1714 630 de
1770 590 1903 645 pace

334 664 660 729 conferrent,
695 665 760 718 ad
787 681 857 736 ,se
890 667 1034 720 mitti
1082 667 1401 736 postulavit.
1447 666 1599 724 Datis
1631 667 1799 738 igitur
1835 682 1900 721 ex

337 765 479 825 parte
508 767 740 825 utraque
775 757 1084 824 obsidibus,
1111 768 1488 814 convenerunt
1515 760 1666 829 prius
1687 759 1902 830 quidem

337 849 584 906 Nicolaus
615 851 949 918 patriarcha,
981 851 1178 906 deinde
1206 851 1441 906 Michael
1475 850 1749 906 Patricius
1774 850 1903 921 Sty-

337 943 524 1012 piotes,
575 952 630 998 et
679 941 923 999 Joannes
973 942 1254 1014 Mysticus,
1299 945 1392 1014 qui
1447 945 1515 1000 ab
1571 944 1903 1014 imperatore

337 1035 596 1091 secundas
647 1036 886 1092 tenebat.
937 1036 1001 1090 Et
1054 1037 1106 1090 hi
1139 1036 1371 1106 {quidem
1402 1052 1527 1092 cum
1554 1035 1810 1092 Simeone
1838 1039 1903 1090 de

335 1144 458 1196 pace
500 1135 794 1182 tractatum
857 1128 1179 1182 habebant:
1237 1127 1458 1182 Simeou
1513 1137 1694 1182 autem
1757 1137 1904 1182 retro

335 1235 420 1274 eos
468 1220 787 1274 amandavit
835 1237 849 1274 :
890 1221 1066 1288 ipsum
1117 1237 1245 1275 vero
1289 1221 1676 1290 imperatorem
1720 1221 1906 1274 videre

335 1313 570 1381 expetiit,
606 1327 636 1364 a
677 1312 867 1366 multis
893 1313 960 1366 de
987 1313 1107 1382 ejus
1148 1312 1458 1382 prudentia,
1501 1312 1826 1368 fortitudine
1851 1322 1907 1366 et

335 1403 546 1458 solertia
584 1403 788 1458 certior
823 1402 1095 1458 Iactus...
1131 1405 1431 1474 Imperator
1481 1420 1588 1458 una
1634 1419 1758 1458 cum
1805 1419 1906 1474 pa-

336 1494 564 1550 triarcha
583 1492 814 1548 Nicolao
838 1495 905 1548 ad
937 1494 1271 1551 Blachernas
1297 1508 1351 1551 et
1381 1507 1630 1551 sanctum
1664 1496 1903 1551 loculum

335 1601 672 1657 progressus,
730 1586 798 1640 ad
855 1601 1046 1656 preces
1104 1602 1302 1642 manus
1356 1589 1601 1643 extendit
1642 1604 1658 1640 :
1706 1587 1909 1644 deinde

335 1695 536 1749 pronus
579 1680 634 1733 in
666 1688 867 1734 terram
907 1681 1133 1746 cadens,
1181 1696 1401 1737 sacrum
1449 1682 1710 1754 Iacrymis
1753 1683 1906 1752 pavi-

335 1776 574 1820 mentum
632 1766 907 1838 irrigavit;
974 1767 1261 1839 Deiparam
1329 1785 1359 1825 a
1419 1771 1539 1828 labe
1606 1773 1902 1827 immunem

2012 574 2352 643 patriarcha,
2409 583 2528 642 post
2565 573 3338 630 secundamrettuntiationem
3391 573 3583 627 throne

2013 669 2218 736 potitus
2253 681 2426 720 annos
2464 666 2761 720 tredecim:
2803 668 3031 735 ejusque
3065 679 3272 735 corpus
3323 665 3375 718 in
3425 665 3588 720 Gala-

2010 774 2303 814 creuarum
2358 760 2697 816 monasterio
2758 760 2828 813 ab
2875 774 2943 814 eo
2994 759 3220 814 condito
3275 759 3587 830 depositum

2010 863 2111 908 est.
2154 870 2172 902 ι

2082 946 2136 1000 8.
2178 947 2456 1000 Hactenus
2501 943 2610 1000 Leo
2654 945 3082 1009 Grammaticus,
3134 952 3328 1000 auctor
3376 958 3593 999 coaetus

2011 1049 2065 1090 et
2096 1041 2349 1091 oculatus
2405 1037 2562 1092 testis
2624 1037 2678 1090 in
2728 1051 2825 1091 sua
2889 1034 3364 1106 Chronographia,
3425 1049 3588 1102 quam

2011 1129 2404 1184 iudictionibus
2447 1144 2732 1198 perperam
2773 1125 3015 1182 deﬁnitis
3066 1127 3454 1181 interturbavit
3507 1129 3591 1178 iu-

2012 1221 2266 1275 curiosus
2332 1221 2535 1291 aliquis
2595 1220 2973 1275 amanuensis.
3033 1218 3170 1273 Nam
3227 1219 3374 1274 sicut
3429 1228 3589 1280 antea

2013 1331 2136 1384 pag.
2170 1315 2298 1378 497,
2343 1315 2444 1369 lin.
2476 1315 2530 1379 7,
2562 1314 2882 1382 legelatur:
2919 1311 3154 1368 Indictio
3194 1313 3399 1366 decima
3451 1329 3591 1366 norm

2013 1423 2136 1463 cum
2179 1407 2295 1462 sola
2347 1421 2490 1461 nona
2536 1417 2683 1462 esset
2723 1405 3066 1471 collocanda,
3104 1405 3178 1459 ita
3216 1405 3270 1460 in
3299 1403 3412 1475 jam
3444 1414 3592 1458 tran-

2013 1499 2233 1569 scriptis
2289 1499 2477 1554 eadem
2547 1515 2687 1553 nona
2738 1499 2960 1554 indictio
3019 1513 3309 1569 perperam
3363 1507 3594 1552 vocatur

2011 1592 2220 1662 quinta,
2266 1605 2413 1645 anno
2459 1591 2670 1646 scilicet
2700 1592 2826 1656 9%I,
2859 1606 2972 1660 quo
3010 1591 3442 1661 Christophorus
3489 1589 3594 1642 Ro-

2015 1683 2160 1738 mani
2197 1682 2470 1752 Lecapeni
2503 1683 2652 1737 ﬁlius
2685 1683 2776 1737 die
2798 1683 2868 1736 ‘20
2913 1682 3036 1737 Maii
3071 1681 3214 1740 festo
3241 1679 3593 1738 Pentecostes

2013 1784 2099 1830 est
2133 1774 2435 1845 imperator
2479 1784 2796 1832 coronatus.
2860 1775 2938 1830 Eo
2986 1774 3197 1831 scilicet
3246 1785 3392 1830 anno
3441 1774 3597 1844 cycto

335 1857 662 1919 obtestatus,
704 1867 758 1911 ut
792 1857 1052 1914 inﬂexum
1089 1868 1145 1915 et
1177 1861 1408 1933 rigidum
1445 1863 1666 1932 superbi
1698 1861 1910 1918 Simeo-
1940 1869 1986 1928 B
2017 1867 2159 1921 Iunm
2195 1868 2287 1933 10,
2314 1868 2448 1924 solis
2486 1869 2541 1931 6,
2573 1868 2760 1923 littera
2788 1866 3114 1922 Dominieali
3142 1865 3208 1934 (ἱ,
3253 1864 3463 1921 Pascha
3500 1882 3593 1919 ce-

342 1948 425 2004 nis
464 1949 730 2005 emolliret
773 1965 891 2016 cor,
939 1961 992 2007 et
1035 1968 1158 2022 qua:
1207 1963 1340 2008 sunt
1375 1954 1528 2024 pacis
1573 1955 1906 2024 inspiraret:

338 2049 599 2112 'sacroque
625 2043 902 2110 scriniolo,
943 2059 1053 2116 quo
1084 2048 1390 2102 veneranda
1423 2057 1628 2104 sanctae
1667 2046 1912 2119 Deipara:

332 2136 494 2190 vestis
542 2137 780 2206 reposita
822 2147 927 2204 est,
976 2147 1190 2208 aperto,
1251 2139 1398 2194 illam
1441 2140 1568 2195 inde
1615 2141 1908 2206 sublatam,

330 2246 391 2283 cx
423 2229 528 2284 Iide
555 2245 663 2299 qua
707 2232 760 2285 in
800 2231 1209 2288 immaculatam
1253 2232 1348 2289 Dei
1377 2233 1710 2291 Genitricem
1741 2236 1912 2304 polle-

330 2321 442 2385 bat,’
485 2322 629 2376 velut
669 2322 881 2393 galeam
917 2325 1080 2394 capiti
1127 2325 1555 2394 circumponens
1590 2325 1907 2394 imperator,

283 2414 658 2484 .Iirmissimis
735 2416 906 2470 armis
976 2416 1251 2482 munitus,
1307 2417 1480 2471 ‘classi
1539 2417 1638 2471 via:
1688 2419 1910 2480 comite,

329 2506 529 2576 clypeis
571 2516 626 2562 et
651 2510 819 2564 armis
844 2507 1136 2574 adornata,
1168 2513 1235 2565 ad
1263 2510 1546 2579 praeﬁxum
1576 2509 1751 2565 locum
1784 2525 1909 2564 cum

331 2599 588 2652 Simenne
617 2609 950 2656 tractaturus
978 2601 1309 2656 accessiL...
1345 2602 1564 2656 Simcon
1596 2617 1739 2672 equo
1771 2602 1915 2655 desi-

332 2689 474 2744 liens
516 2688 582 2743 ad
635 2691 1021 2759 imperatorem
1073 2694 1328 2754 accessit,
1385 2693 1622 2762 dataque
1677 2693 1911 2745 invicem

331 2778 527 2846 salute,
571 2781 718 2850 pacis
770 2792 1060 2838 tractatum
1112 2792 1495 2840 moverunt....
1547 2783 1772 2840 Simeou
1807 2785 1913 2838 im-

331 2875 602 2940 peratoris
627 2875 1061 2931 moderationem
1095 2887 1149 2932 et
1181 2891 1466 2933 sermones
1495 2893 1618 2932 cum
1651 2892 1914 2932 verecun-

329 2965 418 3017 dia
454 2964 704 3029 miratus,
743 2979 934 3034 pacem
984 2968 1240 3035 componi
1288 2967 1499 3021 annuit.
1563 2966 1702 3022 Cum
1749 2967 1914 3039 igitur

329 3056 432 3112 sibi
482 3057 713 3113 invicem
777 3057 1188 3127 valedixissent,
1247 3075 1277 3114 a
1325 3074 1386 3117 se
1429 3072 1618 3118 mutuo
1651 3062 1916 3132 disjunt-ti

331 3160 553 3207 δίκην..

2013 1961 2285 2017 lebratutn
2316 1960 2420 2015 fuit
2442 1961 2577 2030 ipsis
2607 1959 2869 2015 Kalendis
2893 1959 3115 2030 Aprilis,
3142 1969 3198 2014 et
3226 1958 3425 2012 festum
3452 1955 3595 2009 Putt-

2015 2059 2252 2107 tecostes
2299 2051 2448 2105 dicto
2476 2049 2547 2103 20
2578 2049 2728 2103 Maii.
2762 2048 2968 2104 Eodem
2999 2063 3186 2102 errore
3220 2047 3344 2102 dein
3373 2047 3595 2100 iudictio

2013 2149 2198 2196 octava
2232 2157 2334 2212 pro
2364 2142 2590 2206 decima,
2624 2141 2859 2196 secunda
2895 2157 2994 2212 pro
3016 2141 3319 2204 undecima,
3352 2147 3402 2193 et
3437 2139 3594 2192 tertia

2013 2249 2113 2304 pro
2155 2232 2365 2288 decima
2417 2234 2576 2288 tertia
2624 2242 2872 2298 notatur,
2920 2243 3086 2302 atque
3129 2233 3201 2286 ita
3236 2231 3374 2302 apud
3408 2229 3598 2284 Conti-

2015 2337 2305 2383 nuatorem
2353 2327 2385 2382 9
2438 2327 2779 2380 indictione»:
2847 2324 2949 2396 legi
3017 2323 3278 2379 observat
3331 2323 3384 2376 in
3440 2319 3598 2374 Notis

2012 2420 2312 2476 Combeﬁs.
2363 2419 2612 2475 Mortuus
2649 2433 2781 2489 ergo
2821 2425 2907 2473 est
2947 2427 3173 2473 sanctus
3223 2414 3483 2468 Nicolaus
3533 2412 3600 2464 lii

2017 2511 2142 2567 Maii
2175 2514 2306 2567 anui
2333 2512 2460 2567 925.
2491 2511 2800 2567 Restitutus
2825 2519 3008 2565 autent
3034 2511 3087 2563 in
3122 2508 3250 2563 sede
3271 2507 3338 2560 ab
3363 2505 3604 2558 Alexane

2016 2607 2115 2658 dro
2150 2603 2502 2672 imperatore,
2562 2617 2706 2655 anno
2764 2601 2894 2666 9H,
2937 2611 3035 2655 aut
3084 2599 3238 2655 initio
3289 2599 3595 2668 sequentis.

2016 2694 2156 2746 Nam
2205 2691 2252 2746 is
2299 2691 2476 2745 solum
2523 2705 2669 2744 anno
2715 2706 2826 2744 uno
2863 2699 2918 2744 et
2952 2690 3148 2745 diebus
3186 2690 3376 2759 viginti
3405 2703 3597 2741 novent

2016 2781 2318 2852 regnavit:
2373 2788 2538 2851 atque
2588 2781 2658 2835 ita
2714 2781 2814 2836 hac
2861 2780 3102 2835 secunda
3157 2781 3276 2834 vice
3331 2779 3591 2835 Ecclesia!

2016 2874 2235 2944 praefuit
2265 2872 2324 2928 S.
2353 2872 2611 2928 Nicolaus
2651 2872 2810 2928 annis
2846 2873 3129 2928 tredecim.
3179 2873 3496 2942 Appellatus
3520 2872 3603 2923 t-st

2017 2967 2162 3022 idem
2190 2964 2444 3020 Nicolaus
2476 2965 2720 3028 l’riscus,
2760 2980 2857 3020 seu
2897 2966 3019 3034 ejus
3071 2965 3316 3020 nominis
3363 2963 3598 3034 primus,

2020 3070 2270 3130 respectu
2303 3073 2498 3113 eorum
2531 3057 2624 3127 qui
2659 3066 2847 3126 postea
2883 3065 3294 3118 successerunt,
3346 3054 3602 3109 fuerunt-

2020 3165 2128 3220 que
2190 3149 2448 3204 Nicolaus
2494 3148 2905 3218 Chrysoberges
2954 3149 3057 3203 sub
3116 3148 3317 3202 Basilio
3370 3147 3598 3202 ltoutaui

403 3246 453 3298 7.
476 3262 495 3295 α
519 3245 837 3302 Decembris
865 3254 1053 3302 autem
1081 3248 1287 3304 mensis
1312 3248 1401 3304 die
1416 3250 1680 3306 vicesimo
1702 3252 1915 3320 quinto,
1941 3211 1988 3272 θ
2022 3211 2289 3312 Lecnpeni
2337 3239 2449 3296 ﬁlio
2497 3211 2628 3310 post-
2659 3211 2867 3294 annuin
2896 3239 3022 3306 930,
3052 3247 3104 3294 et
3135 3239 3390 3295 Nicotaus
3413 3238 3607 3294 Gram-

329 3337 467 3392 Iilios
494 3352 628 3393 suos
671 3339 1020 3408 Stephanum
1073 3352 1129 3396 et
1174 3339 1600 3398 Constantinum
1637 3343 1917 3400 ltomanus

328 3427 549 3497 imperii
597 3444 806 3484 corona
863 3430 1084 3486 cinxit:
1121 3431 1217 3487 sed
1259 3441 1316 3486 et
1355 3429 1822 3504 Theophylactum
1860 3435 1919 3486 ti-

331 3519 464 3573 lium
497 3519 756 3575 clericum
800 3523 1033 3578 totondit
1060 3523 1391 3593 patriarcha,
1426 3535 1483 3581 et
1515 3527 1914 3581 subdiaconum

329 3612 630 3676 ordinavit,
683 3614 1020 3685 tandemque
1068 3615 1386 3686 Syncellum
1428 3621 1726 3689 promovit,
1789 3634 1914 3674 cum

327 3703 481 3772 prius
512 3705 580 3758 ad
628 3713 884 3761 sanctum
930 3707 1240 3777 ingressum
1283 3723 1409 3763 cum
1441 3710 1799 3766 subdiaconis
1829 3711 1912 3762 at.

327 3795 507 3854 lectus
541 3800 1002 3868 processisset....
1035 3801 1236 3858 Mensis
1267 3817 1400 3858 vero
1429 3803 1552 3858 Maii
1584 3803 1674 3858 die
1701 3803 1914 3856 decimo

406 3919 486 3986 (ά)
513 3916 657 3990 Lege
687 3919 847 3973 tertia
877 3919 1106 3974 decima.

351 4093 1236 4119 W

1237 4105 1558 4118 1-”.—

1817 4099 1819 4104 η
1841 4092 1854 4117 1
2104 4096 2108 4098 _
2274 4096 2277 4097 ,

2022 3335 2275 3401 maticus,
2309 3335 2412 3390 sub
2439 3333 2632 3388 Alexio
2661 3333 2967 3389 Commeno
2995 3334 3240 3399 seniore,
3271 3333 3473 3389 saecqu
3503 3348 3602 3387 xu.

2023 3427 2210 3483 Exstat
2242 3436 2424 3483 autem
2451 3436 2602 3481 tomo
2630 3426 2648 3480 ι
2691 3423 2838 3480 Juris
2867 3424 3356 3490 Graec-Romani,
3389 3424 3485 3478 lib.
3525 3439 3600 3484 tv.

2022 3521 2164 3578 inter
2211 3522 2527 3578 Sententias
2574 3521 2866 3593 synodales
2913 3520 3248 3576 Constittttio
3296 3519 3404 3576 sub
3446 3520 3606 3574 titulo

2023 3615 2230 3672 Nicolai
2284 3613 2480 3678 Prisci,
2535 3616 2680 3683 qttod
2733 3614 2928 3670 littera:
2988 3613 3387 3683 patriarchales
3436 3615 3607 3685 gruis

2023 3707 2399 3762 cont-edantur
2429 3708 2740 3778 petentibus
2767 3721 2861 3761 cas
2940 3706 3013 3760 uti
3064 3705 3286 3772 ibidem,
3319 3721 3442 3777 pag.
3501 3706 3608 3758 249

2025 3801 2128 3872 legi
2156 3811 2357 3871 potest.

2561 4109 2910 4120 ..Ψ

1102 4287 1671 4406 ANGELO
1757 4287 2014 4404 MAI
2097 4291 2825 4406 MONITUM.

1745 4533 1940 4606 (Spicil.
1969 4535 2104 4587 Rom.
2129 4534 2212 4596 Χ.)

1954 4705 2024 4727 ι-Δ

412 4847 460 4903 l.
503 4841 769 4901 Nicotaus
796 4856 984 4902 noster
1021 4846 1124 4900 sub
1155 4840 1336 4900 Leone
1355 4840 1611 4914 Sapiente
1644 4844 1772 4913 imp.
1806 4844 1870 4898 ad
1894 4846 2309 4913 patriam-halent
2339 4847 2524 4901 sedent-
2549 4817 2898 4902 evectusittil
2922 4855 3068 4901 anno
3099 4841 3227 4912 895.
3252 4850 3614 4917 quadriennio

331 4944 467 5004 post
496 4933 682 4990 Pbotii
723 4933 957 4988 obitum.
984 4933 1134 4989 Idem
1164 4941 1292 5002 post
1321 4931 1655 4989 uovennium
1704 4935 1815 5002 (aut
1846 4943 1971 5002 post
2001 4949 2177 4991 annos
2205 4931 2311 5000 XI,
2344 4945 2404 4990 ut
2429 4935 2630 4990 dicitur
2651 4935 2794 5006 apud
2827 4933 3216 4991 Lennelavium
3262 4938 3316 4992 in
3360 4936 3492 4992 lure
3516 4938 3613 4993 Gr.

334 5023 520 5087 Rom,
553 5038 607 5092 p.
647 5021 778 5092 301)
818 5035 848 5076 a
881 5019 1065 5077 Leone
1097 5019 1384 5092 praedicto,
1419 5020 1507 5076 cui
1542 5021 1596 5074 in
1641 5031 1965 5092 quartarum
2017 5019 2332 5089 nuptiarum
2385 5020 2602 5092 negotio
2637 5022 3054 5089 adversabatur,
3096 5021 3226 5079 sede
3267 5023 3463 5092 pulsus
3496 5035 3573 5080 est
3599 5066 3614 5087 .

329 5125 508 5180 quam
541 5111 766 5166 nonnisi
795 5125 942 5166 anno
971 5109 1068 5164 9H
1109 5109 1545 5166 subAlexandro
1564 5109 1768 5165 Leonis
1791 5108 2062 5165 demortui
2092 5109 2260 5162 fratre
2293 5107 2659 5177 recuperavit,
2685 5107 2863 5164 donec
2888 5124 3034 5164 anno
3055 5109 3162 5167 924
3184 5109 3340 5174 obiit,
3365 5109 3618 5165 decursis

336 5202 391 5254 in
424 5201 786 5272 episcopatus
820 5197 1093 5268 regimine
1125 5193 1634 5270 (subducta‘exsilii
1668 5195 2104 5267 intercapedine)
2136 5196 2297 5251 annis
2333 5196 2511 5254 tribus
2544 5211 2712 5267 supra
2761 5197 2977 5266 viginti.
3005 5198 3088 5252 Ab
3111 5197 3422 5268 Ephrazmio
3453 5198 3617 5252 chro-

345 5290 664 5362 nographo,
691 5306 747 5344 ν.
782 5287 1008 5354 10,οὃ0,
1055 5302 1237 5358 seqq.,
1263 5287 1466 5344 dicitur
1495 5297 1624 5343 ante
1654 5289 2030 5358 episcopatum
2060 5284 2364 5340 monachus
2386 5285 2534 5354 pius,
2563 5286 2802 5354 sapiens,
2836 5301 3032 5355 magna
3075 5285 3217 5340 fama
3255 5285 3536 5355 praeditus,
3567 5298 3622 5341 ct

339 5378 654 5448 Byzantina
693 5380 826 5436 sede
851 5378 1076 5451 dignus,
1103 5391 1270 5448 quam
1301 5377 1623 5448 priusquam
1667 5385 1978 5446 occuparet,
2009 5373 2248 5431 ofﬁcium
2279 5375 2493 5446 mystici
2522 5385 2765 5444 gesserat
2793 5376 2962 5446 (quod
2991 5375 3043 5428 ei
3071 5375 3416 5445 cognominis
3447 5377 3621 5433 instar

335 5468 613 5540 inhaesit),
638 5468 693 5523 id
719 5479 827 5535 est,
863 5480 923 5524 ut
943 5468 1106 5540 vulgo
1127 5466 1475 5536 intelligitur,
1503 5467 1767 5523 sanctiori
1795 5465 2022 5523 consilio
2040 5463 2268 5521 aulicoa
2295 5465 2521 5522 secretis
2537 5464 2735 5521 fuerat.
2766 5467 2850 5521 Ah
2865 5464 3058 5521 eodem
3086 5462 3393 5534 Ephrtemio
3419 5467 3622 5522 dicitur

340 5564 508 5626 gente
535 5553 729 5620 Italus,
759 5562 814 5610 et
845 5565 876 5610 a
905 5565 1103 5610 natura
1129 5563 1492 5624 comparatus
1512 5555 1579 5608 ad
1609 5554 1908 5624 eloquenti:

2035 5553 2212 5624 ἑκφῦς
2247 5553 2491 5619 Ἰταλῶν,
2521 5555 2735 5624 εὐφυὴς
2764 5556 2895 5626 περὶ
2922 5553 3137 5622 λόγους.
3158 5553 3443 5610 Nicolaum
3475 5556 3621 5612 hunc

345 5643 527 5699 sancti
565 5643 731 5699 titulo
764 5644 1026 5700 donatum
1060 5643 1222 5699 video
1255 5657 1286 5698 a
1316 5642 1557 5698 Baronio
1585 5629 1656 5697 "in
1697 5642 2026 5706 Annalibus.
2068 5651 2121 5699 et
2159 5659 2190 5698 α
2235 5643 2635 5708 Bollandianis,
2684 5644 2900 5713 (Supero
2941 5643 3150 5701 scilicet
3193 5646 3247 5700 in
3297 5646 3624 5715 ωηιξη-τως

343 5728 802 5812 ϐοηιιθρξ-ἱρφρη
820 5741 876 5788 et
893 5731 1244 5790 Henschenio
1269 5731 1324 5788 in
1347 5731 1496 5812 Actis
1521 5730 1846 5786 Sanctorum
1867 5731 1955 5787 die
1980 5749 2048 5786 av
2075 5732 2222 5795 Maii,
2244 5733 2340 5802 qui
2364 5743 2675 5804 postremus
2703 5740 2824 5786 acta
2851 5732 2993 5804 ejus,
3014 5749 3080 5789 ex
3108 5733 3290 5789 Leone
3321 5743 3621 5803 praesertim

343 5800 737 5881 Gramina-iro
755 5824 976 5892 hausta,
1012 5832 1266 5880 accurate
1298 5807 1539 5894 scripsit.
1575 5819 1655 5878 Ne
1689 5823 1814 5891 quid
1846 5820 2023 5878 dicam
2056 5821 2123 5879 de
2155 5800 2313 5879 laude
2360 5800 2670 5878 sanctitatis
2704 5821 2759 5876 iu
2793 5800 3074 5879 Nicolaum
3108 5837 3136 5878 a
3171 5800 3374 5876 Grato-is
3421 5837 3548 5880 pass
3574 5839 3623 5872 ut
