3996 6208
444 328 512 391 15
1859 332 2022 391 ΡΗΛΞ

2109 335 2276 394 ιἹΊΟ.
2840 297 2849 303 ἰ
3382 310 3388 316 ’
3627 336 3687 399 16

438 440 740 501 cumulata,
774 452 906 494 sane
938 439 1174 508 rigidum
1212 440 1333 494 vita:
1362 455 1559 511 genus.
1604 442 1762 509 cujus
1813 453 2194 510 argumentum
2236 454 2318 498 est
2360 452 2623 498 tractatus
2654 444 2772 514 ejus
2813 459 2842 497 a
2891 443 3045 497 nobis
3084 452 3230 496 retro
3265 452 3599 498 memoratus
3637 458 3690 500 et

432 526 645 591 editus,
689 526 985 595 pastoralis
1035 528 1260 597 Insuper
1286 526 1531 595 ejusdem
1568 527 1754 591 zelus,
1787 529 2091 582 constantia
2140 541 2192 584 et
2226 530 2424 584 eximia
2475 532 2748 596 charitas,
2796 531 2991 585 merito
3037 530 3348 598 Opinionem
3385 533 3690 586 sanctitatis

434 612 661 669 Nieolao
693 612 1024 670 conciliasse
1058 615 1335 670 videntur.
1374 615 1529 670 Nunc
1574 615 1624 669 ei
1658 616 1736 670 rei
1781 616 2058 685 negotium
2110 617 2382 672 facessere
2429 618 2677 672 nonnulli
2715 618 2857 672 haud
2901 618 3135 672 absurde
3169 619 3411 681 credent,
3448 623 3592 687 quod
3634 621 3685 675 in

434 700 674 758 secunda
704 699 769 756 ad
810 702 1109 771 principem
1158 701 1489 757 Saracenum
1517 692 1748 771 epistola
1797 704 2096 759 honorifice
2132 704 2382 758 Photimn
2419 708 2674 775 appellat.
2712 704 3110 761 Verumtamen
3159 706 3211 759 id
3259 722 3414 761 more
3458 706 3687 763 fortasse

436 787 754 844 Graecorum
783 790 862 855 Iit,
890 790 1033 859 apud
1064 804 1204 860 quos
1229 790 1456 845 Photius
1488 791 1758 861 insignem
1787 791 2050 848 doctrinm
2077 808 2192 847 sua:
2219 794 2535 849 memoriam
2574 795 2793 865 reliquit
2818 813 2831 851 :
2858 796 3055 850 deinde
3079 797 3330 851 eumdem
3365 796 3538 852 multo
3562 807 3686 852 ante

432 878 640 933 abitum
689 893 811 933 cum
851 893 986 947 papa
1011 875 1219 931 Joanne
1255 879 1667 932 reconciliatum
1701 878 1908 934 scimus
1943 897 1956 933 :
1990 880 2225 951 denique
2257 891 2316 935 ut
2345 898 2469 936 cum
2498 884 2802 937 reverentia
2836 883 2899 936 de
2929 882 3122 938 Photio
3149 885 3485 953 loqueretur,
3516 886 3685 956 pietas

434 969 680 1036 quaedam
708 968 899 1028 suasit,
926 964 1051 1035 quia
1072 979 1130 1019 se
1150 965 1569 1036 presbyteralem
1595 965 1662 1018 ab
1683 979 1749 1019 eo
1770 966 2038 1035 recepisse
2053 969 2518 1023 consecrationem
2550 969 2634 1023 his
2660 970 2838 1023 verbis
2879 969 3057 1023 innuit
3083 986 3097 1024 :
3126 971 3153 1022 ὁ
3182 970 3424 1040 ἀοίδιμος
3456 971 3681 1035 Φώτιος,

433 1055 463 1107 ὁ
494 1054 633 1121 sub;
668 1054 726 1105 ὲν
758 1051 1038 1122 Πνεύματι
1072 1051 1215 1122 ἁγίῳ
1240 1052 1443 1121 πατήρ.
1470 1050 1651 1106 Causa
1676 1068 1804 1106 vero
1827 1053 2011 1108 nomin

2101 1056 2145 1109 di
2171 1054 2422 1110 Photium
2458 1056 2571 1111 haec
2601 1056 2725 1122 fuit,
2758 1058 2902 1126 quod
2933 1057 2979 1111 is
3011 1071 3135 1110 cum
3194 1058 3503 1127 patriarcha
3530 1064 3679 1128 fessa.

432 1142 694 1213 singulari
726 1139 1094 1195 benivolentia
1130 1155 1255 1193 cum
1296 1139 1555 1193 Saraceni
1598 1140 1892 1210 principis,
1935 1144 2024 1197 cui
2072 1144 2327 1200 Nicolaus
2362 1147 2572 1208 scribit,
2610 1158 2765 1216 patre
2815 1147 3098 1201 devmctus
3135 1146 3348 1202 fuisset.
3385 1146 3682 1217 Caateroqui

433 1231 531 1285 sub
546 1229 724 1284 Leone
755 1229 911 1299 imp.,
938 1244 1048 1298 quo
1082 1239 1325 1297 tempore
1355 1229 1663 1297 patriarcha
1697 1229 1797 1283 fuit
1824 1230 2103 1297 Nicolaus,
2134 1248 2324 1302 pacem
2353 1234 2716 1304 dogmaticam
2748 1236 2992 1303 (excepta
3015 1244 3333 1305 quartarum
3370 1237 3679 1304 nuptiarum

434 1318 803 1373 controversia
828 1315 1191 1386 disciplinari)
1226 1317 1369 1369 inter
1399 1315 1669 1373 Ecclesias
1704 1315 2001 1372 Romanam
2030 1320 2105 1389 ac]
2130 1320 2484 1390 Byzantinam
2520 1320 2709 1383 fuisse,
2734 1334 2959 1390 apparet
2989 1322 3193 1390 passim
3230 1322 3280 1373 in
3307 1321 3393 1375 bis
3418 1322 3684 1405 epistolis.

432 1405 861 1476 nominatimque
885 1406 940 1458 in
976 1420 1117 1459 Lxxv
1145 1421 1158 1459 :
1195 1402 1549 1473 Exploratum
1586 1406 1682 1459 tibi
1718 1416 1816 1471 est,
1856 1416 2082 1476 tempore
2114 1407 2317 1460 domini
2350 1406 2538 1461 Leonis
2567 1424 2760 1477 papam
2786 1418 2835 1461 et
2869 1409 2958 1477 qui
2986 1409 3033 1461 ei
3060 1408 3420 1471 adluerebant,
3460 1409 3531 1461 ad
3551 1402 3681 1463 con;

430 1493 666 1547 cordiam
695 1493 1219 1564 conjunctionemque
1242 1509 1372 1545 cum
1404 1492 1643 1547 Ecclesia
1683 1503 1868 1547 nostra
1902 1496 2207 1559 devenisse;
2242 1510 2461 1563 cumque
2489 1494 2600 1547 alta
2640 1509 2745 1563 pax
2774 1503 2929 1559 esset,
2960 1503 3067 1549 etc.
3094 1493 3263 1565 Igitur
3283 1495 3578 1549 dissidium
3610 1512 3678 1552 ac

422 1594 603 1651 prope
634 1581 896 1645 schisma,
916 1582 1063 1651 quod
1089 1580 1235 1635 haud
1270 1581 1441 1636 semel
1465 1582 1517 1635 in
1538 1582 1661 1635 aliis
1688 1582 2041 1651 epistolarum
2072 1581 2209 1636 locis
2234 1592 2590 1648 memoratur,
2619 1583 2759 1635 inter
2782 1583 2930 1651 ipsos
2952 1583 3153 1653 sazpius
3178 1584 3409 1636 vertitur
3431 1581 3673 1650 Graecos,

429 1683 661 1736 quorum
697 1684 824 1737 pars
855 1668 1070 1738 quartis
1100 1669 1328 1738 nuptiis,
1361 1684 1517 1738 teque
1546 1684 1611 1723 ac
1645 1668 1900 1735 Romani,
1935 1669 2172 1725 favebat.
2206 1672 2482 1726 Interdum
2539 1680 2719 1725 tamen
2754 1687 2876 1725 cum
2916 1670 3175 1725 Romanis
3200 1687 3420 1741 quoque
3450 1682 3680 1726 conten-

428 1758 593 1819 ditur,
630 1758 934 1826 praesertim
964 1758 1020 1812 in
1053 1772 1204 1812 χχιιι
1231 1757 1424 1826 grandi
1453 1757 1708 1827 epistola,
1735 1757 1829 1828 qui
1857 1756 2020 1814 Leoni
2048 1758 2181 1830 imp.
2207 1760 2473 1815 adversus
2501 1774 2660 1814 suum
2694 1760 3054 1830 patriarcbam
3085 1762 3383 1831 suppetias,
3412 1761 3684 1829 legatione

428 1844 617 1906 missa,
654 1844 886 1898 tulerant
914 1860 930 1911 ;
961 1844 1056 1899 sed
1081 1844 1149 1899 de
1181 1843 1268 1898 his
1306 1842 1467 1899 infra.

496 1930 563 1985 ll.
596 1930 677 1985 0b
716 1931 856 1987 hanc
888 1932 1107 1987 brevem
1132 1931 1201 1987 de
1231 1929 1457 1988 Nicolao
1478 1932 1865 1989 absolvendam
1891 1935 2163 2000 notitiam,
2192 1951 2362 1990 unum
2394 1936 2529 1991 mihi
2550 1936 2958 2005 gnominandum
2982 1946 3227 2005 superest
3265 1936 3682 2003 documentum,

426 2023 636 2073 caeteris
662 2018 977 2089 biographis
1004 2020 1310 2093 ignoratum
1341 2028 1627 2090 prepterea
1661 2022 1808 2092 quod
1843 2023 1898 2076 in
1941 2039 2047 2078 ms.
2081 2025 2267 2079 codice
2301 2026 2435 2080 latet
2471 2024 2591 2081 Vat.
2622 2023 2807 2080 Ottob.
2837 2022 3069 2079 CXLVII
3104 2040 3156 2094 p.
3190 2025 3311 2079 152.
3348 2040 3504 2095 seqq.
3559 2027 3668 2080 hoc

427 2105 566 2159 itulo
600 2122 614 2158 :
662 2104 912 2177 Ἐκφώνη
924 2123 1007 2169 σις
1039 2106 1231 2161 Λέοντι
1257 2106 1336 2179 τῷ
1363 2107 1579 2162 εὐσεϐεῖ
1604 2108 1820 2178 βασιλεῖ
1845 2110 1937 2162 ἐπὶ
1964 2115 2275 2185 χειροτονίᾳ
2300 2113 2574 2167 Νικολάου
2617 2113 2711 2165 τοῦ
2757 2113 3064 2181 ἁγιωτάτου
3104 2100 3446 2183 πατριάρχου
3466 2127 3480 2141 ·
3519 2112 3672 2183 ᾠκο-

427 2198 664 2267 νόμηται
692 2198 747 2251 δὲ
774 2196 849 2261 ὡς
881 2198 1423 2269 αὐτοσχεδιασοεῖσα.
1474 2199 1665 2255 Oratio
1701 2201 1771 2255 ad
1810 2200 2005 2257 Leonem

2104 2202 2368 2272 eligiosnm
2408 2204 2780 2270 imperatorem
2831 2203 2883 2255 in
2934 2202 3266 2254 ordinatione
3303 2199 3520 2254 Nicolai
3547 2218 3682 2255 san-

427 2286 650 2340 ctissimi
682 2287 1025 2354 patriarclue.
1047 2286 1219 2343 Habet
1252 2300 1428 2343 autem
1459 2290 1686 2359 formam
1719 2290 1965 2346 dictionis
1996 2290 2389 2360 extemporalis.
2421 2288 2566 2344 Sane
2595 2305 2696 2345 nec
2724 2290 2941 2360 elegans
2960 2298 3041 2343 est
3068 2290 3180 2342 luce
3206 2290 3403 2355 oratio,
3430 2304 3529 2343 nec
3554 2304 3686 2361 gra-

428 2375 597 2429 \ioris
631 2379 917 2441 momenti,
949 2391 1128 2447 neque
1150 2376 1316 2447 digna
1345 2377 1481 2431 mihi
1517 2376 1633 2432 visa
1666 2387 1771 2442 est,
1812 2394 1935 2447 quae
1985 2379 2141 2433 ﬁeret
2175 2394 2360 2434 comes
2390 2379 2719 2433 disertarum
2750 2389 2912 2446 atque
2944 2377 3270 2447 elegantium
3323 2375 3526 2435 Nicolui
3559 2377 3685 2445 epi-

427 2462 713 2516 stularum.
742 2462 1139 2519 Collaudantur
1162 2464 1218 2518 in
1251 2479 1315 2519 ea
1346 2462 1458 2520 Leo
1485 2465 1618 2532 imp.
1648 2474 1703 2519 et
1725 2463 2007 2521 Nicolaus.
2034 2467 2209 2520 Aliter
2232 2477 2411 2521 tamen
2433 2467 2746 2535 judicabant
2771 2466 2836 2520 de
2864 2466 2985 2519 Iidei
3011 2464 3347 2535 professione
3374 2480 3402 2518 a
3431 2462 3687 2529 Nicolao,

427 2553 558 2603 dum
596 2551 966 2625 ordinaretur,
1004 2551 1222 2622 publice
1261 2551 1511 2613 recitata,
1544 2560 1598 2605 et
1655 2553 1911 2621 praedicto
1952 2553 2192 2607 sermoni
2249 2556 2457 2609 adnexa
2483 2593 2499 2620 ,
2538 2570 2659 2624 qua:
2694 2554 2962 2623 religiosae
2998 2554 3238 2607 historiae
3287 2553 3457 2607 multo
3490 2553 3686 2606 utilior

428 2649 534 2698 est.
568 2650 681 2693 tum
724 2640 854 2709 quia
891 2638 1205 2710 Byzantina:
1233 2638 1491 2694 Ecclesia:
1519 2640 1733 2710 praxim
1787 2640 1840 2693 in
1872 2653 2100 2695 suorum
2147 2644 2452 2697 antistitum
2508 2643 2931 2712 inauguratitme
2976 2641 3346 2706 demonstrat,
3387 2649 3499 2695 tum
3550 2643 3686 2709 quia

425 2730 713 2799 perspicua
748 2728 1149 2797 praecipuorum
1198 2727 1515 2793 dogmatmn
1555 2727 1827 2793 expositio
1876 2739 1980 2781 est.
2032 2726 2228 2796 Utique
2259 2726 2644 2792 Leunclavius,
2670 2729 2715 2781 si
2766 2729 2816 2781 ei
2869 2736 3144 2795 comperta
3186 2727 3401 2790 fuisset,
3452 2727 3590 2779 hanc
3629 2730 3683 2780 in

428 2818 675 2871 Graecum
705 2817 796 2883 jus
827 2814 1220 2869 transtulisset.
1256 2813 1471 2866 Etenim
1499 2812 1587 2867 illa
1621 2828 1785 2883 quam
1818 2815 1978 2869 habet
2004 2830 2058 2884 p.
2084 2814 2154 2870 40
2185 2816 2399 2869 diversa
2429 2814 2654 2868 omnino
2681 2815 3010 2883 breviorque
3059 2822 3164 2867 est.
3194 2810 3454 2867 Vaticana
3480 2813 3688 2867 inscri-

412 2908 593 2969 bitur,
640 2901 917 2972 Σύμϐολον
948 2900 1186 2964 πίστεως
1213 2899 1463 2953 ἐπιδοθὲν
1492 2899 1587 2952 ἐπὶ
1615 2903 1682 2972 τῇ
1714 2902 1814 2971 τῆς
1859 2905 1987 2955 ὲπισ

2112 2906 2165 2973 ἧς
2193 2902 2458 2958 Νικολάου
2498 2902 2874 2972 προχειρήσει.
2923 2902 3050 2955 Post
3088 2900 3412 2971 prommium
3442 2898 3508 2952 ad
3542 2916 3690 2969 pra:-

409 3005 610 3048 -sentes
667 2993 955 3062 episcopos
988 3031 1003 3058 ,
1040 2990 1327 3062 profitetur
1363 2988 1619 3045 Nicolaus
1654 2992 1811 3045 fidem
1838 3006 1994 3047 suam
2026 2994 2092 3049 dc
2121 2991 2385 3047 Triuitate
2430 2992 2563 3047 satis
2592 2991 2865 3046 subtiliter
2907 3000 2960 3043 et
3004 2989 3306 3054 enucleate,
3350 2988 3497 3043 nulla
3532 2988 3687 3045 facta

408 3084 703 3139 :snentiene
760 3082 828 3136 de
878 3080 1255 3136 controversia
1305 3095 1428 3134 cum
1477 3077 1688 3135 Latinis
1730 3081 1874 3135 circa
1932 3080 2169 3151 Spiritus
2225 3080 2401 3135 sancti
2443 3079 2868 3149 processionem.
2914 3076 3135 3152 Transit
3191 3091 3315 3129 mox
3354 3077 3419 3129 ad
3459 3075 3687 3132 Domini

428 3172 861 3228 incarnationem
893 3185 1055 3239 quam
1088 3184 1242 3237 atque
1281 3179 1471 3222 contra
1502 3168 1684 3223 varios
1712 3184 1929 3225 errores
1958 3169 2250 3240 diligenter
2305 3168 2548 3237 exponit.
2608 3166 2897 3221 Postremo
2942 3175 3145 3234 septem
3184 3165 3685 3219 oecumenicarum.

425 3277 566 3330 quas
597 3270 866 3323 recenset,
900 3258 1235 3329 synodorum
1268 3257 1681 3313 deﬁnitionibus
1720 3258 1999 3314 adhzerere
2028 3273 2088 3313 se
2116 3257 2423 3311 conlitetur.
2452 3256 2528 3309 De
2562 3264 2718 3309 sexta
2755 3254 2973 3323 quidem
3025 3253 3233 3325 synodo
3266 3253 3379 3307 haec
3406 3256 3481 3306 ait
3512 3253 3685 3307 εΤῶν

431 3349 492 3402 τὸ
523 3348 855 3401 ανούστατον
878 3347 974 3398 καὶ
1006 3347 1121 3407 τοῖς
1159 3344 1442 3397 εὐσεϐέσιν
1472 3343 1753 3415 ἀθέλητον,
1782 3345 1839 3397 ἓν
1883 3345 1977 3397 ἐπὶ
2005 3344 2100 3398 τοῦ
2129 3344 2494 3416 Θεανθρὼπου
2526 3342 2760 3414 Θέλημα,
2804 3342 3030 3414 Σεργίου
3072 3343 3165 3394 καὶ
3196 3342 3413 3415 Πύρρου
3438 3342 3532 3395 καὶ
3559 3342 3688 3396 Κύ-

429 3456 545 3509 ρου,
576 3440 735 3499 ὅσους
762 3452 822 3489 τε
857 3434 1050 3496 ἄλλους
1076 3434 1405 3507 τὸνπονηρὸν
1432 3433 1838 3505 συνεκρότησαν
1856 3434 2007 3505 ἔργοις

2109 3450 2223 3503 ριον
2245 3432 2628 3501 ἀθετησάντων
2646 3448 2659 3462 ·
2688 3432 2961 3486 Assentior
2984 3430 3237 3485 Patribus
3257 3470 3271 3495 ,
3301 3433 3390 3500 qui
3445 3431 3682 3484 stultum

424 3515 921 3578 et'orthodoxorum
948 3521 1212 3575 voluntati
1240 3536 1536 3590 repugnans
1566 3521 1872 3589 ﬁgmentum
1907 3522 2062 3574 unius
2093 3520 2144 3571 in
2173 3519 2281 3572 Deo
2316 3519 2623 3572 humanam
2638 3518 2923 3572 voluntatis
2953 3519 3313 3581 aboleverunt,
3342 3515 3546 3587 Sergii,
3584 3519 3683 3571 iu-

424 3629 585 3684 quam
621 3623 669 3666 et
700 3610 894 3681 Pyrrhi
924 3626 986 3662 ac
1016 3607 1168 3679 Cyri,
1200 3620 1250 3662 et
1290 3609 1521 3662 aliorum
1552 3610 1858 3679 quarumvis
1888 3623 2110 3676 pravum
2148 3623 2403 3661 errorem.
2438 3607 2857 3663 Animadvertat
2878 3608 2967 3662 hic
2999 3608 3252 3678 quisquis
3290 3622 3398 3661 non
3436 3608 3681 3676 partium

426 3703 521 3758 sed
566 3700 810 3754 veritatis
841 3698 1024 3753 studio
1052 3698 1296 3763 ducitur,
1325 3699 1466 3752 duos
1498 3696 1781 3750 Nicolaum
1833 3696 2152 3752 decessores
2192 3710 2323 3751 suos
2350 3695 2717 3765 patriarchas,
2749 3698 2970 3751 tertium
3015 3707 3197 3751 autem
3237 3694 3681 3750 Alexandrinum

426 3792 567 3845 inter
586 3792 870 3843 damnatos
898 3786 1185 3842 haereticos
1211 3787 1515 3850 nominare,
1547 3783 1771 3838 llonorii
1798 3799 1925 3837 vero
1944 3783 2176 3839 Romani
2200 3784 2401 3838 nullam
2427 3784 2761 3840 mentionem
2787 3784 2988 3849 facere,
3013 3784 3079 3839 dc
3100 3801 3210 3854 quo
3234 3797 3411 3844 tamen
3438 3790 3680 3845 reticere

428 3895 534 3933 non
555 3886 766 3948 poterat
780 3876 826 3930 si
850 3889 1039 3945 reapse
1057 3874 1111 3928 in
1125 3874 1263 3929 actis
1280 3872 1788 3927 authenticissextae
1807 3871 1998 3941 synodi
2018 3886 2217 3926 nomen
2236 3872 2355 3942 ejus
2376 3877 2636 3945 scriptum
2661 3872 2875 3929 fuisset.
2898 3871 3048 3928 llanc
3068 3873 3291 3930 llonorii
3310 3876 3675 3932 omissionetn
3704 3930 3707 3932 .

425 3984 459 4022 ιι
489 3965 719 4035 epistola
755 3978 970 4032 quoque
1006 3960 1268 4032 synodica
1297 3958 1356 4014 S.
1390 3958 1464 4012 So
1477 3958 1699 4029 phronii
1736 3958 1886 4028 (quae
1910 3959 2047 4014 lecta
2078 3958 2182 4015 fuit
2210 3962 2264 4015 in
2298 3974 2454 4019 sexto
2480 3963 2737 4031 concilio)
2772 3977 3003 4033 prorsus
3028 3962 3168 4027 Iieri,
3200 3964 3310 4034 jam
3334 3979 3432 4033 ego
3454 3965 3565 4019 disi
3614 3968 3679 4021 in

416 4056 782 4114 adnotatione
809 4054 880 4108 ad
912 4051 1114 4108 Niceta:
1146 4051 1487 4106 'l‘hesaurum
1526 4047 1723 4118 Spicil.
1759 4048 1871 4117 t.V,
1906 4066 1962 4120 p.
2004 4051 2133 4107 465.
2163 4050 2299 4109 Item
2338 4053 2396 4108 in
2431 4054 2615 4110 libello
2653 4053 2970 4111 Graecorum
3019 4056 3281 4125 synodico
3317 4055 3458 4124 haud
3501 4058 3685 4113 scribi

424 4163 549 4203 cum
587 4144 859 4215 praedictis
891 4140 1119 4195 Honorii
1147 4154 1369 4204 nomen,
1398 4138 1512 4192 dixi
1542 4139 1594 4193 in
1637 4140 1824 4194 adnot.
1857 4139 1921 4194 ad
1943 4139 2266 4196 Pbotianum
2298 4153 2584 4214 syntagma
2619 4157 2895 4198 canonum
2940 4143 2995 4198 in
3041 4142 3229 4213 Spicil.
3268 4152 3307 4197 t.
3338 4141 3454 4209 VII,
3510 4160 3564 4213 p.
3617 4146 3685 4203 5.

424 4237 578 4304 Quod
613 4235 657 4289 si
691 4233 747 4287 ὃ.
778 4232 1086 4286 Germanus
1114 4227 1191 4282 De
1222 4227 1351 4282 liter.
1392 4235 1441 4280 et
1473 4243 1591 4298 syn.
1628 4228 1769 4296 apud
1804 4242 1906 4282 nos
1938 4237 2086 4282 tomo
2115 4230 2305 4284 eodem
2346 4240 2488 4298 part.
2526 4245 2567 4295 ι,
2599 4245 2655 4300 p.
2703 4230 2804 4297 52,
2846 4230 3147 4286 Honorium
3192 4247 3409 4303 quoque
3437 4233 3685 4288 collocat

420 4343 544 4381 cum
579 4321 856 4377 damnatis
883 4316 1270 4379 Monothelitis,
1299 4329 1480 4369 nonne
1512 4315 1595 4368 vel
1631 4315 1746 4384 ipse
1785 4313 2046 4384 deceptus
2084 4315 2207 4379 fuit,
2253 4317 2339 4371 vel
2379 4317 2626 4385 ejusdem
2662 4318 2897 4374 fortasse
2924 4320 3185 4389 scriptum
3231 4319 3618 4390 interpolatum
3655 4322 3685 4375 ἴ

416 4414 488 4468 Et
514 4414 731 4481 quidem
760 4406 1021 4463 Germani
1049 4405 1267 4460 libellus
1280 4403 1480 4473 privati
1509 4402 1699 4471 scripti
1734 4403 1838 4455 vim
1867 4402 2062 4467 habet;
2084 4414 2139 4456 at
2163 4402 2458 4472 Sophronii
2479 4405 2731 4474 epistola,
2756 4416 2810 4459 et
2833 4405 3042 4462 Nicolai
3072 4407 3365 4477 professio,
3390 4408 3684 4477 publicam

417 4501 681 4555 Ecclesia:
707 4497 1089 4551 auctoritatem
1122 4509 1235 4564 prae
1263 4507 1323 4547 se
1359 4491 1562 4545 ferunt.
1616 4489 1742 4544 llaec
1776 4490 1971 4559 scripsi
1998 4490 2142 4544 haud
2171 4489 2414 4546 fremens
2444 4508 2620 4563 neque
2668 4492 3011 4549 debacchatus
3063 4510 3162 4565 pro
3215 4494 3475 4550 Romana:
3520 4500 3687 4553 sedis

425 4600 648 4651 honore,
673 4596 733 4641 ut
748 4590 812 4641 de
833 4584 1125 4655 pontiliciis
1144 4580 1505 4652 scriptoribus
1521 4581 1597 4634 ait
1616 4580 1842 4635 Cavmtts
1872 4579 1938 4632 ad
1958 4594 2009 4632 vt
2038 4580 2357 4643 concilium,
2382 4589 2474 4638 sed
2498 4581 2737 4651 paciﬁca
2761 4583 3005 4638 veritatis
3030 4593 3087 4637 ut
3102 4598 3264 4654 Spero
3283 4583 3489 4638 viribus
3506 4587 3686 4642 nixus

417 4691 473 4734 et
514 4678 693 4732 intimi
724 4689 922 4730 sensus
961 4670 1275 4728 testimonio
1304 4669 1682 4725 conﬁrmatus.
1717 4665 1823 4721 Sed
1857 4667 1970 4736 jam
2001 4670 2068 4722 ad
2099 4667 2309 4723 Niéolai
2338 4672 2601 4739 epistolas
2627 4672 2994 4727 accedendum
3031 4680 3136 4728 est.

492 4767 578 4820 llI.
623 4765 731 4818 llas
756 4763 1064 4817 invenimus
1093 4770 1312 4815 centum
1336 4765 1391 4812 et
1408 4758 1692 4826 sexaginta
1712 4767 1819 4810 tres
1844 4756 1898 4809 in
1928 4757 2113 4813 codice
2134 4754 2416 4823 Vaticano,
2448 4774 2677 4828 quarum
2699 4761 2783 4829 (ut
2805 4762 2921 4814 suis
2949 4761 3086 4814 locis
3122 4760 3469 4832 adnotamus)
3505 4779 3686 4819 unam

418 4857 606 4911 Graece
629 4864 685 4910 et
700 4852 890 4906 Latine
917 4865 1029 4903 non
1058 4849 1275 4919 plenam
1304 4845 1575 4900 Baronius
1606 4844 1850 4899 ediderat
1885 4843 1952 4897 ad
1982 4858 2072 4898 an.
2109 4842 2234 4908 917,
2262 4845 2404 4912 apud
2434 4858 2534 4897 nos
2569 4858 2655 4911 ep.
2702 4842 2811 4910 28;
2855 4844 2989 4899 alias
3021 4861 3148 4900 vero
3177 4856 3418 4916 quatuor
3458 4858 3688 4902 tantum

421 4945 633 5003 Latine,
662 4950 717 4996 et
745 4939 964 5009 quidem
994 4936 1215 4990 mutilas
1245 4948 1346 4988 nec.
1377 4934 1510 4987 satis
1550 4934 1689 4988 bene
1713 4934 1765 4986 in
1800 4930 2047 4985 Latinam
2082 4931 2319 4998 linguam
2370 4944 2668 4985 conversas
2716 4934 3030 4999 (quaesout
3070 4934 3213 5002 apud
3258 4948 3359 4988 nos
3399 4949 3521 5002 epp.
3558 4935 3641 4985 49
3667 4976 3686 4998 ,

420 5034 544 5094 102,
575 5032 696 5091 I59,
734 5028 879 5095 145.)
909 5024 1045 5079 Nam
1073 5023 1441 5077 Baronianum
1471 5021 1834 5090 fragmentum
1862 5022 1929 5073 ad
1955 5020 2153 5075 ducem
2183 5018 2575 5090 Longobardia:
2607 5020 2833 5073 dissidet
2864 5021 3025 5091 plane
3044 5037 3072 5075 a
3097 5031 3282 5077 nostra
3308 5022 3534 5091 epistola
3557 5020 3642 5072 82‘.
3670 5042 3689 5088 ;

420 5136 590 5191 quare
618 5117 839 5172 aliunde
877 5122 1153 5182 sumptum
1184 5111 1415 5164 videtur.
1440 5109 1683 5177 Denique
1713 5109 1855 5178 apud
1882 5109 2133 5163 eumdem
2153 5109 2450 5162 [monium
2471 5109 2538 5161 ad
2560 5124 2649 5161 an.
2670 5108 2776 5162 9I2
2791 5117 2846 5162 et
2865 5109 2992 5173 916,
3014 5110 3249 5178 indeque
3267 5110 3321 5161 in
3338 5106 3693 5163 collectione

420 5210 711 5264 Labbeana
747 5203 1121 5260 Conciliorum
1144 5208 1185 5254 t.
1220 5198 1311 5262 IX,
1340 5214 1395 5267 p.
1428 5197 1585 5251 1264.
1615 5213 1757 5266 seq.,
1787 5198 1908 5251 duae
1937 5197 2041 5250 illa:
2064 5196 2339 5265 leguntur,
2372 5198 2497 5250 item
2533 5196 2728 5249 Latine'
2754 5207 2988 5262 tantum,
3016 5200 3082 5252 ad
3111 5211 3324 5266 papatn,
3373 5210 3494 5264 quae
3536 5210 3696 5252 sunt

420 5299 562 5367 apud
595 5312 695 5351 nos
714 5294 900 5349 Graece
933 5305 1057 5360 epp.
1082 5286 1153 5342 32
1181 5296 1237 5342 et
1279 5285 1368 5340 55.
1394 5283 1645 5339 Manebat
1675 5286 1858 5355 itaque
1880 5285 2081 5338 inedita
2103 5285 2217 5338 [nec
2240 5282 2452 5337 Nieolai
2472 5284 2830 5353 epistularum
2854 5287 3133 5349 collectio;
3154 5281 3426 5351 siquidem
3455 5290 3691 5352 septeni

422 5396 633 5451 autum,
669 5392 724 5438 et
749 5380 971 5453 quidem
1014 5377 1241 5440 mutilat,
1274 5388 1384 5428 una
1418 5373 1671 5427 videlicet
1710 5371 1917 5438 Graece,
1956 5388 2051 5429 sex
2094 5371 2323 5436 Latine,
2356 5373 2532 5428 lucem
2580 5388 2923 5444 aspexerant.
2972 5372 3068 5427 llis
3098 5370 3284 5435 dictis,
3319 5372 3575 5441 sequitur
3622 5386 3700 5429 ut

420 5476 680 5530 editionis
720 5482 923 5526 nostra:
950 5467 1219 5523 rationem
1251 5477 1610 5532 exponamus.
1650 5461 1907 5518 Decursis
1940 5463 2025 5516 his
2053 5462 2216 5516 celeri
2245 5461 2482 5515 lectione
2519 5463 2792 5531 epistolis,
2818 5464 2992 5515 visum
3031 5468 3114 5514 est
3144 5459 3303 5513 valde
3332 5459 3522 5514 utilem
3545 5457 3695 5517 fore

422 5566 686 5623 laborem,
718 5559 764 5613 si
795 5559 861 5612 de
891 5558 1197 5626 pluteorum
1228 5551 1462 5618 denique
1490 5548 1746 5603 claustris
1778 5550 2253 5618 protraherentur,
2284 5551 2582 5619 praesertim
2617 5551 2799 5605 addita
2822 5547 3273 5617 interpretatione
3301 5546 3518 5611 Latina,
3551 5562 3695 5604 non

420 5667 536 5705 s.ne
563 5647 783 5706 scholiis
798 5646 990 5700 saltem
1010 5641 1308 5698 historicis.
1326 5636 1712 5692 Verumtamen
1732 5636 2025 5709 Spicilegio
2044 5654 2166 5694 meo
2182 5640 2293 5709 jam
2316 5640 2641 5708 prrelinitum
2666 5642 2957 5695 terminum
2977 5639 3300 5708 attingente,
3326 5651 3520 5707 meque
3543 5637 3700 5705 ipso

420 5740 570 5793 curis
595 5735 780 5790 multis
808 5733 1070 5796 distento,
1108 5731 1160 5783 id
1188 5731 1380 5785 saltem
1415 5741 1522 5781 non
1553 5725 1653 5779 fuit
1687 5727 2089 5797 negligendum,
2128 5738 2183 5781 ut
2212 5729 2600 5784 minutioribus
2624 5729 2829 5783 Graecis
2857 5728 3000 5799 typis
3026 5736 3240 5783 cunctae
3272 5728 3523 5796 epistola:
3560 5724 3698 5778 im—

423 5829 828 5894 primerentur;
863 5823 1104 5895 ipsarum
1137 5834 1266 5877 vero
1303 5819 1492 5875 notitia
1527 5819 1794 5888 prommio
1830 5819 2035 5888 aliquo,
2067 5828 2123 5874 ut
2161 5832 2305 5873 nunc
2330 5817 2582 5883 facimus,
2620 5818 2912 5875 lectoribus
2953 5818 3325 5875 exhiberetur.
3358 5815 3471 5870 Etsi
3495 5812 3698 5875 igitur
