3996 6208
303 321 360 384 l'l
1719 332 1937 394 PIL'FF
1950 335 2143 396 εὶΤῙΟ.
3079 337 3085 343 ’
3495 335 3577 401 mi

296 447 449 513 prout
482 452 559 493 ea:
596 437 781 508 jaccnt
810 441 864 495 in
911 440 1123 507 codice,
1164 442 1237 497 ita
1274 444 1327 498 in
1381 452 1572 499 nostro
1602 444 1880 500 volumine
1913 445 2033 500 sine
2080 446 2186 500 ulla
2221 447 2431 501 ordinis
2472 449 2817 503 restitutione
2872 463 3157 519 apparent,
3209 464 3322 503 rem
3380 458 3564 505 tamen

293 539 491 586 attente
519 526 913 593 consideranti,
948 539 1157 600 septem
1191 530 1303 587 fere
1333 532 1536 588 classes
1565 532 1922 603 epistolarnm
1962 534 2155 587 harum
2192 536 2467 590 videntur.
2514 538 2562 590 l.
2594 538 2671 588 Ad
2715 536 2989 605 principes
3024 538 3354 592 Saracenos.
3387 538 3447 603 Ε.
3480 539 3562 593 Ad

297 617 562 689 Bulgaria:
592 616 895 687 principem
931 627 987 672 et
1016 620 1513 691 archiepiscopum.
1544 621 1597 675 5.
1624 620 1902 695 AdRom.
1936 622 2246 690 pontilicem
2279 635 2329 679 et
2364 624 2484 694 ejus
2514 623 2770 679 Ecclesiae
2803 625 3073 679 homines.
3100 626 3152 680 4.
3216 626 3295 679 Ad
3330 626 3566 695 impera-

291 711 465 764 ‘arem
496 705 882 778 Byzantinum,
914 717 968 762 et
1003 709 1069 761 ad
1113 708 1390 779 principes
1429 693 1732 774 Armenias;
1788 709 2061 781 Abasgite,
2112 693 2507 782 Longobardiae
2536 721 2589 768 et
2623 711 2977 781 Amalpheos.
3032 714 3086 766 5.
3122 714 3200 767 Ad
3251 693 3560 783 episcopos.

290 801 337 855 6.
398 797 484 851 Ad
547 795 903 866 magistratus
964 798 1175 854 civiles.
1213 798 1265 853 7.
1322 798 1401 853 Ad
1456 814 1617 855 sacra
1681 800 1859 854 oﬂicia
1923 800 2007 855 vel
2068 801 2403 868 monachos,
2463 812 2518 856 et
2548 800 2615 856 ad
2681 800 2927 871 privatos
2983 802 3237 857 homines
3292 803 3376 857 vel
3425 818 3564 857 ano-

292 901 504 943 ηνῐηοε.

1696 1006 1897 1061 Classis
1927 1007 2127 1077 prima.

354 1106 448 1162 ιν.
490 1108 618 1163 Duae
648 1120 778 1164 sunt
812 1109 879 1163 ad
911 1110 1228 1166 Cretensem
1271 1113 1526 1180 amiram,
1559 1115 1675 1169 sive
1726 1116 2052 1187 principem,
2082 1116 2348 1186 epistolae.
2382 1115 2604 1172 Cretam
2640 1101 2874 1172 insulam
2920 1116 3034 1186 jam
3066 1114 3194 1170 inde
3223 1130 3252 1169 a
3283 1114 3564 1171 Michaelis

288 1197 440 1252 Balbi
472 1198 814 1268 temporibus
857 1215 1033 1270 usque
1089 1200 1156 1254 ad
1216 1200 1423 1256 Nicolai
1461 1203 1789 1272 patriarchas
1835 1214 1888 1260 et
1934 1205 2281 1261 Constantini
2334 1203 2786 1275 Porphyrogeniti
2838 1213 3073 1267 aatatem,
3120 1204 3232 1258 imo
3291 1220 3465 1273 usque
3492 1204 3559 1259 ad

286 1286 651 1354 Nicephorum
689 1284 927 1341 Phocam
976 1288 1079 1342 sub
1128 1288 1421 1345 Saracenis
1473 1291 1665 1345 atniris
1714 1291 1902 1359 fuisse,
1957 1302 2232 1348 testantur
2284 1292 2492 1363 passim
2552 1292 2799 1348 historici
2854 1291 3165 1363 Byzantini,
3204 1292 3560 1347 nominatim-

286 1389 388 1443 que
415 1373 813 1430 Constantinus
845 1375 917 1447 De
942 1377 1141 1430 admiu.
1178 1378 1470 1449 imp.,cap.
1501 1379 1604 1446 22;
1634 1388 1687 1435 et
1711 1381 2006 1451 scriptores
2031 1390 2155 1451 post
2174 1380 2564 1450 Theophanem
2593 1380 2679 1435 ed.
2708 1378 2886 1434 Paris.
2912 1396 2965 1451 p.
2994 1379 3121 1434 185.
3150 1379 3389 1449 Cyprum
3416 1396 3557 1450 quo-

286 1479 388 1531 que
445 1462 686 1518 insulam
742 1464 1026 1533 antiquius
1076 1466 1290 1530 adhuc,
1355 1467 1404 1521 id
1454 1477 1538 1522 est
1578 1470 1840 1523 trecentis
1880 1468 1993 1524 fere
2040 1479 2167 1524 ante
2190 1484 2248 1524 se
2304 1468 2485 1533 annis,
2547 1468 2962 1538 stipendiariam
3014 1468 3216 1523 factam
3269 1468 3561 1524 Saracenis

287 1552 357 1606 ait
387 1550 650 1608 Nicolaus
701 1567 755 1622 p.
791 1552 918 1607 165.
957 1552 1172 1624 Reapse
1210 1556 1313 1610 sub
1364 1554 1617 1612 lleraclio
1667 1567 1991 1627 occupatam
2026 1574 2057 1613 a
2114 1557 2444 1623 Saracenis,
2498 1558 2698 1612 deinde
2735 1573 2765 1612 a
2800 1557 3004 1613 Basilio
3062 1560 3200 1629 imp.
3257 1568 3557 1628 receptam,

287 1655 521 1711 moxque
546 1642 747 1695 iterum
782 1643 885 1696 sub
909 1643 1177 1696 tributum
1236 1644 1639 1701 Saracenormn
1698 1647 1998 1713 redactam,
2033 1639 2218 1703 narrat
2264 1647 2661 1704 Constantinus
2702 1646 2757 1703 in
2798 1647 3179 1704 Thematibus.
3224 1646 3316 1704 Sic
3373 1658 3556 1704 tamen

290 1741 402 1785 tum
435 1731 713 1785 subditam
748 1731 1045 1789 Saracenis
1073 1732 1433 1791 Cretensibus
1464 1736 1541 1790 ait
1569 1736 1807 1807 Cyprum
1843 1735 2102 1793 Nicolaus
2144 1752 2199 1806 p.
2240 1735 2364 1801 166,
2399 1747 2458 1790 ut
2482 1752 2638 1806 aeque
2669 1736 3067 1806 propemodum
3090 1734 3281 1791 Graeco
3321 1734 3556 1807 imperio

286 1830 432 1874 esset
459 1820 718 1873 obnoxia.
751 1820 991 1876 Causam
1030 1836 1160 1877 vero
1189 1822 1407 1894 Cypriae
1466 1826 1710 1881 recentis
1743 1825 2073 1882 calamitatis
2100 1826 2235 1881 dicit
2280 1825 2607 1881 Damianum
2645 1834 2976 1896 apostatam,
3018 1826 3112 1897 qui
3144 1841 3332 1881 revera
3378 1826 3557 1882 factus
3606 1838 3607 1841 ‘
3650 1862 3655 1865 -

296 1906 425 1977 Tyri
462 1908 658 1970 amira,
693 1923 753 1963 eo
796 1916 1045 1978 tempore
1072 1910 1229 1975 obiit,
1265 1920 1325 1966 ut
1362 1924 1551 1968 narrat
1578 1929 1704 1968 cum
1736 1912 1968 1969 Nicolao
1999 1915 2162 1969 etiam
2204 1914 2486 1971 Cedrenus
2518 1914 2607 1971 ed.
2658 1914 2835 1970 Paris.
2880 1924 2920 1972 t.
2964 1916 3031 1982 ll,
3065 1931 3118 1986 p.
3152 1915 3276 1971 612.
3303 1916 3423 1970 Jam
3460 1914 3556 1972 Hi-

295 1997 447 2049 merii
476 1995 708 2065 praefecti
744 1997 1029 2062 maritimi,
1054 1998 1215 2069 cujus
1246 1998 1375 2055 item
1408 2002 1662 2056 meminit
1693 2000 1974 2072 Nicolaus,
2009 2004 2290 2061 victoriam
2322 2005 2569 2060 navalem
2600 2003 2665 2060 de
2694 2004 2987 2059 Saracenis
3014 2013 3284 2059 memorat
3310 2005 3556 2061 Zonaras

290 2086 385 2141 lib.
444 2102 554 2151 xvi,
588 2086 675 2142 Η.
708 2085 1080 2156 Epistolarum
1123 2087 1338 2145 Nicolai
1381 2105 1582 2161 scopus
1610 2101 1712 2153 est.
1746 2102 1806 2147 ut
1846 2091 2163 2148 Cretensem
2210 2102 2403 2149 exoret
2443 2093 2673 2148 amiram
2724 2109 2793 2149 ne
2834 2092 2888 2148 in
2936 2092 3168 2165 Cyprios
3202 2093 3555 2148 immerentes

288 2176 504 2240 saeviat;
548 2185 715 2244 atque
749 2185 807 2228 ut
842 2177 1188 2245 captivorum
1243 2178 1576 2246 libertatem,
1618 2179 1664 2235 si
1692 2181 1811 2236 ﬁeri
1840 2181 2033 2252 possit,
2089 2181 2346 2251 impetret
2370 2198 2395 2259 ;.
2411 2197 2552 2252 quos
2581 2183 2725 2237 inter
2749 2181 2826 2235 illi
2864 2181 3157 2250 praecipue,
3194 2191 3251 2234 ut
3289 2195 3432 2243 reor,
3467 2182 3554 2234 in.-

282 2263 623 2332 telliguntnr,
661 2263 756 2333 qui
789 2266 860 2318 ob
904 2264 1243 2321 horrendum
1276 2264 1688 2325 Thessalonica:
1726 2271 2000 2326 excidium
2042 2270 2097 2325 in
2132 2277 2455 2340 potestatem
2500 2268 2904 2325 Saracenorum
2938 2283 3033 2339 per
3070 2269 3122 2323 id
3150 2278 3363 2338 tempus
3396 2283 3557 2323 vene.-

281 2362 422 2412 rant.
481 2351 557 2405 uti
601 2352 974 2422 legitur'apnd
1007 2367 1220 2409 coaevos
1249 2354 1550 2412 historicos
1592 2356 1857 2414 Joannem
1884 2358 2195 2423 Lectorem,
2219 2356 2489 2413 Joannem
2516 2356 2916 2419 Cameniatam,
2945 2365 2999 2411 ct
3025 2355 3357 2412 Demetrium
3380 2356 3558 2425 Cydo-

276 2442 450 2497 ninm.
491 2441 832 2497 Calamitatis
885 2442 1006 2511 ejus
1062 2444 1228 2498 etiam
1291 2446 1344 2500 in
1409 2461 1493 2516 ep.
1555 2447 1623 2502 75
1685 2448 1936 2504 meminit
1988 2447 2267 2504 Nicolaus.
2337 2446 2523 2503 Tertia
2572 2445 2783 2502 Nicolai
2832 2445 3066 2516 epistola
3136 2444 3332 2500 classis
3390 2443 3555 2512 hujus

277 2530 443 2600 (apud
492 2545 593 2586 nos
626 2546 716 2601 cp.
748 2529 875 2601 102)
913 2546 1175 2601 supremo
1207 2532 1610 2591 Saracenorum
1644 2537 1810 2592 califo
1840 2537 2127 2601 scribitur,
2154 2534 2249 2606 qui
2291 2535 2431 2590 falso
2466 2549 2692 2589 rumore
2735 2534 2946 2599 audito,
2969 2534 3115 2603 quod
3143 2532 3549 2587 Saracenorum

274 2619 590 2672 oratorium
634 2618 1111 2691 Constantinopoli
1166 2622 1361 2678 fuisset
1409 2625 1679 2690 dirutum,
1738 2609 2102 2694 no'nnullique
2145 2639 2176 2678 e
2239 2623 2359 2677 suis
2410 2623 2476 2677 ad
2526 2621 2899 2676 lslamismum
2951 2621 3314 2675 deserendum
3349 2619 3551 2686 coacti,

278 2706 501 2775 injuriae
533 2708 859 2762 ulciscendae
884 2709 1140 2778 cupidus,
1162 2709 1479 2764 Christiana
1506 2712 1705 2780 templa
1732 2712 1784 2765 in
1811 2712 2143 2767 Saracenico
2168 2709 2403 2779 imperio
2429 2708 2728 2777 propositis
2748 2708 2962 2771 edictis,
2990 2709 3264 2777 prosterni
3285 2707 3546 2777 jusserat;

275 2796 406 2845 dum
447 2791 745 2847 crudeliter
778 2794 999 2849 interim
1041 2794 1388 2852 Christianos
1418 2797 1665 2867 captivos
1706 2796 1966 2852 Saraceni
2010 2803 2331 2861 tractarent,
2369 2797 2443 2850 ita
2475 2803 2533 2848 ut
2578 2803 2632 2848 et
2671 2804 2848 2848 morte
2879 2794 3189 2858 damnatos,
3230 2810 3337 2848 non
3372 2794 3551 2864 capite

274 2881 595 2951 plecterent,
626 2884 721 2937 sed
757 2897 910 2938 more
936 2883 1211 2953 pecudum
1234 2884 1554 2956 jugularent
1578 2884 1633 2957 (ο
1658 2887 1936 2956 temporal
1963 2899 2194 2940 omores
2217 2882 2256 2953 Ξ)
2286 2882 2369 2936 vel
2394 2882 2539 2952 ligno
2556 2895 2860 2950 suspensos
2885 2879 3124 2950 lapidum
3152 2881 3548 2952 sagittarumve

268 2970 419 3038 jactn
444 2985 539 3041 per
562 2970 862 3026 ludibrium
883 2973 1233 3042 perimereut.
1264 2972 1437 3045 Negat
1464 2974 1630 3046 igitur
1645 2973 1902 3031 Nicolaus
1931 2972 2292 3028 etdelubrum
2323 2970 2487 3024 ullum
2508 2969 2934 3023 Mahumeticum
2966 2969 3109 3038 apud
3128 2968 3347 3024 Graecos
3372 2969 3547 3026 fuisse

271 3058 537 3122 deletum,
586 3070 642 3114 et
682 3060 851 3113 ullum
895 3061 1170 3117 hominem
1201 3063 1252 3116 vi
1287 3062 1489 3117 factum
1525 3062 1902 3118 Christianum
1938 3079 1953 3116 :
1985 3062 2375 3130 imperatorum
2406 3057 2643 3128 denique
2679 3056 3122 3111 Christianorum
3154 3056 3500 3113 clementiam
3529 3098 3546 3125 ,

272 3158 323 3201 et
355 3156 680 3218 perpetuam
716 3164 844 3219 erga
882 3150 1192 3206 Saracenos
1232 3150 1483 3221 captivos
1524 3151 2003 3209 mansuetudinem
2036 3147 2315 3223 praedicat.
2355 3145 2452 3203 His
2481 3154 2535 3201 ct
2576 3146 2698 3201 aliis
2725 3144 2846 3216 ejus
2884 3146 3102 3216 generis
3129 3145 3291 3203 dictis
3335 3146 3550 3203 mollire

270 3235 413 3292 califi
458 3238 701 3291 animum
734 3238 946 3295 nititur.

1656 3355 1861 3411 Classis
1898 3356 2152 3411 secunda.

342 3460 408 3515 ν.
431 3462 753 3533 Sequuntur
786 3465 1010 3537 prolisa:
1037 3465 1104 3521 ad
1134 3465 1444 3523 Simeonem
1458 3465 1760 3538 principem
1786 3467 2139 3537 Bulgarorum
2172 3464 2415 3536 epistola-
2438 3464 2625 3532 viginti
2660 3478 2782 3528 sex,
2801 3476 2923 3531 quae
2945 3468 3028 3516 est
3059 3473 3186 3530 pars
3209 3456 3549 3513 collectionis

267 3549 441 3621 hujus
479 3552 737 3618 nobilior,
775 3554 830 3608 in
860 3571 968 3623 qua
1005 3572 1200 3611 omnes
1230 3554 1490 3611 Nicolaus
1517 3554 1846 3611 Graecanica:
1862 3555 2214 3625 eloquentiae,
2234 3569 2381 3609 cura:
2411 3552 2728 3624 pastoralis,
2754 3549 3141 3607 ecclesiastica:
3169 3546 3546 3610 auctoritatis,

268 3638 366 3691 zeli
391 3639 609 3703 eximii,
641 3652 695 3695 et
724 3641 1015 3697 charitatis
1042 3642 1367 3697 Christiana:
1390 3643 1537 3698 vires
1576 3642 1825 3698 cll‘undit.
1855 3640 2080 3697 Simeon
2111 3641 2476 3712 Bulgarorum
2500 3640 2779 3711 princeps.
2814 3636 3066 3692 Michaeli
3092 3637 3234 3708 patri
3258 3633 3546 3697 successit,

263 3728 356 3795 qui
384 3737 520 3782 ante
550 3730 879 3799 baptismum
918 3730 1099 3786 fuerat
1130 3730 1379 3802 Begaris,
1414 3742 1468 3786 et
1498 3732 1564 3787 ad
1597 3748 1761 3803 quem
1800 3730 2032 3787 Photius
2066 3730 2386 3801 prteclaram
2428 3728 2575 3783 illam
2616 3726 2842 3796 scripsit
2877 3723 3209 3794 epistolam,
3249 3722 3337 3777 vel
3366 3722 3547 3791 potius

264 3816 478 3886 regiam
510 3826 563 3871 et
615 3817 992 3873 Curistianam
1027 3820 1429 3876 institutionem
1458 3858 1473 3885 ,
1516 3836 1637 3890 qua:
1682 3821 1736 3875 in
1792 3820 1950 3876 libris
1995 3827 2195 3875 exstat.
2249 3818 2529 3873 Simeonis
2577 3826 2786 3886 patrem
2822 3813 2964 3870 falso
3012 3812 3149 3868 dicit
3184 3809 3547 3866 Vladimirum

268 3903 518 3976 Cangius
559 3906 614 3961 in
663 3906 863 3965 Famil.
904 3908 1083 3964 Sclav.
1138 3908 1294 3964 Ture.
1341 3910 1429 3964 ed.
1481 3908 1659 3966 Paris.
1712 3925 1766 3979 p.
1826 3909 1951 3975 3U,
2011 3910 2100 3963 cui
2138 3908 2370 3963 Maurini
2418 3907 2539 3977 (Art
2579 3906 2645 3961 de
2686 3903 2842 3974 uérif.
2882 3904 2955 3959 les
2999 3902 3172 3974 dates)
3217 3902 3535 3958 dubitanter

264 4002 685 4058 assentiuntur.
725 4002 882 4059 Nunc
921 4016 1104 4060 autem
1167 4004 1443 4060 Simeonis
1498 4014 1708 4075 patrem
1759 4003 1933 4059 fuisse
1982 4002 2262 4072 Bogarim,
2313 4004 2364 4057 id
2395 4009 2484 4057 est
2534 4001 2857 4058 Michaelem
2903 3999 3169 4070 primum,
3209 3997 3441 4066 epistola
3477 3995 3549 4049 25

262 4088 487 4144 Nicolai
514 4091 763 4148 dubitare
800 4110 908 4147 non
939 4094 1096 4159 sinit,
1154 4095 1207 4149 in
1260 4110 1369 4165 qua
1416 4094 1641 4148 Simeon
1688 4093 1891 4149 dicitur
1942 4092 2220 4147 secundus
2260 4090 2623 4162 Bnlgarorum
2660 4091 3009 4150 Christianus
3061 4088 3338 4159 princeps,
3380 4086 3549 4155 ﬁtque

265 4176 519 4246 insignis
543 4181 921 4251 prosopopaeia
946 4183 1189 4252 parentis
1212 4183 1334 4252 ejus
1363 4183 1455 4252 qui
1487 4182 1823 4237 Christianae
1854 4181 2133 4249 religionis
2164 4179 2421 4235 fundator
2451 4182 2596 4250 apud
2632 4181 2894 4246 Dulgaros
2927 4179 3153 4234 dicitur.
3180 4177 3352 4232 Porro
3376 4175 3548 4229 notis-

262 4268 482 4320 simum
515 4277 596 4322 est
626 4267 878 4339 Bogarim
913 4287 1009 4327 seu
1043 4271 1386 4337 Michaelem,
1426 4274 1662 4342 primum
1696 4272 1842 4347 apud
1889 4270 2013 4326 illos
2048 4268 2352 4339 principem
2392 4269 2668 4339 baptismo
2702 4267 2874 4322 fuisse
2914 4267 3232 4321 lustratum.
3263 4263 3368 4328 Qui
3414 4277 3547 4331 ergo

261 4359 412 4425 apud
448 4355 716 4428 Cangium
751 4370 805 4414 et
831 4360 1109 4416 Maurinos
1140 4362 1562 4431 interponuntur
1594 4363 1737 4416 inter
1766 4360 2019 4431 Bogarim
2046 4367 2099 4412 et
2128 4356 2439 4411 Simeonem
2480 4355 2784 4426 principes;
2832 4353 3085 4408 videlicet
3125 4352 3455 4406 Prtesiamus
3492 4360 3547 4405 et

260 4445 507 4501 Michael
543 4446 792 4516 Vorizes,
827 4466 1022 4506 eorum
1064 4453 1213 4506 nulla
1251 4453 1461 4508 mentio
1512 4452 1570 4505 ﬁt
1601 4452 1685 4505 vel
1720 4450 1861 4506 ratio
1892 4466 1923 4504 a
1957 4446 2187 4503 Nicolao
2218 4445 2490 4500 habetur:
2523 4446 2682 4515 cujus
2711 4443 2787 4498 rei
2812 4455 3061 4505 causam,
3097 4454 3221 4510 quae
3264 4438 3544 4509 multiplex

257 4550 386 4591 esse
430 4546 633 4604 potest,
668 4555 813 4595 nunc
842 4541 1122 4611 inquirere
1158 4542 1309 4606 nolo,
1363 4555 1432 4595 ne
1460 4556 1489 4594 a
1522 4555 1645 4596 meo
1676 4540 1960 4611 proposito
1990 4534 2206 4604 longius
2234 4534 2509 4588 aberrem.
2552 4531 2756 4587 Primis
2791 4530 2957 4599 igitur
3001 4527 3347 4583 Constantini
3393 4527 3543 4598 pueri

258 4640 386 4678 cum
429 4622 688 4680 Romano
736 4626 1020 4698 Lecapeno
1069 4629 1393 4699 imperantis
1444 4630 1631 4696 annis,
1680 4644 1804 4684 cum
1854 4625 2117 4687 Nicolaus
2159 4621 2469 4691 praecipuus
2521 4620 2655 4691 regii
2690 4620 2840 4691 pueri
2876 4625 3022 4673 tutor
3058 4617 3323 4686 palatium
3370 4624 3423 4670 et
3457 4631 3545 4671 res

260 4715 524 4783 publicas
566 4731 819 4785 magnam
868 4728 1075 4785 partem
1106 4710 1544 4780 administraret,
1595 4719 1895 4773 secundum
1940 4715 2053 4784 jam
2099 4715 2299 4772 bellum
2351 4712 2573 4766 Simeon
2627 4709 2895 4779 Bulgarus
2933 4706 3196 4761 adversus
3253 4704 3543 4775 imperium

257 4807 517 4872 gerebat,
552 4816 746 4860 contra
778 4806 957 4863 fmdus
989 4809 1280 4877 paciﬁcum
1302 4810 1413 4879 jam
1443 4811 1572 4864 olim
1590 4824 1714 4863 cum
1735 4805 2158 4870 Leoneinitum,
2190 4802 2424 4873 rapinis,
2444 4800 2707 4860 caedibus.
2738 4795 3065 4864 sacrilegiis,
3095 4792 3332 4847 vastitati
3365 4792 3544 4845 indul-

263 4908 429 4960 gens,
464 4908 589 4962 quae
624 4894 767 4948 mala
801 4896 907 4950 late
936 4896 1199 4953 describit
1246 4899 1508 4969 lugetque
1553 4911 1905 4967 summopere
1933 4894 2267 4963 patriarcha,
2298 4902 2585 4961 propterea
2611 4888 2753 4958 quod
2781 4885 2999 4955 Bulgari
3030 4900 3060 4936 a
3091 4881 3294 4937 Cragi-is
3330 4897 3435 4934 non
3469 4880 3542 4932 ita

255 4982 486 5049 pridem
523 4982 801 5052 baptismo
857 4996 1114 5057 suscepto
1152 4987 1330 5058 (epist.
1362 4989 1455 5050 25,
1500 4986 1591 5051 26,
1623 4987 1738 5054 28),
1775 4985 2109 5055 parricidiali
2160 4984 2322 5038 veluti
2357 4982 2498 5036 bello
2552 4986 2802 5065 parentes
2834 4990 2966 5030 suos
2990 4973 3251 5065 lideique
3286 4981 3542 5065 auctores

254 5073 768 5141 persequebantur,
808 5075 1269 5146 Christiannsque
1305 5078 1528 5148 sanguis
1560 5076 1789 5131 invicem
1834 5076 1992 5129 fusus
2024 5071 2368 5127 daemonibus
2419 5067 2618 5122 invidis
2648 5064 2929 5153 litabatur.
2980 5062 3175 5115 Causa:
3214 5058 3339 5112 belli
3366 5058 3542 5153 varia:

250 5159 617 5229 eratit(epist.
654 5160 688 5214 9
722 5160 867 5225 init,
892 5161 981 5224 ll,
1004 5162 1120 5232 12),
1139 5163 1234 5217 sed
1266 5164 1490 5218 ambitio
1515 5163 1792 5217 Simeonis
1820 5163 2110 5232 praecipua,
2130 5161 2247 5229 qui,
2272 5158 2561 5228 pueritiam
2584 5150 2932 5244 Constantini
2964 5158 3342 5244 contemnens,
3366 5150 3540 5244 impe:

254 5248 437 5301 rium-
478 5245 769 5301 affectabat
835 5250 1008 5316 (epist.
1068 5251 1156 5314 18.
1217 5252 1309 5320 20,
1365 5253 1457 5317 21,
1502 5252 1592 5317 25,
1640 5251 1782 5319 27);
1828 5251 2071 5304 ltomano
2136 5252 2356 5316 insuper
2421 5245 2708 5314 Lecapeno
2759 5242 2980 5295 Simeon
3036 5234 3396 5296 irascebatur,
3447 5234 3539 5302 qui

255 5335 324 5391 de
413 5345 598 5391 tutore
666 5337 1051 5404 imperatorem
1120 5355 1179 5393 se
1242 5341 1464 5394 fecerat.
1513 5340 1651 5394 Cum
1723 5353 1853 5408 ergo
1915 5340 2115 5393 mtenia
2187 5336 2301 5407 ipsa
2358 5328 2909 5399 Constantinopoleos
2960 5325 3316 5420 Bulgarorum
3388 5335 3539 5420 Mli-ta

257 5424 584 5494 pulsarent,
614 5424 893 5495 Nicolans,
931 5437 984 5482 et
1007 5428 1159 5497 regio
1190 5429 1394 5497 pupillo
1431 5439 1487 5483 et
1525 5430 1758 5500 imperio
1786 5437 1950 5496 atque
1980 5426 2237 5479 Ecclesiae
2276 5424 2602 5487 consulens,
2647 5419 2856 5474 nullum
2917 5430 3025 5469 non
3077 5410 3313 5500 lapidem
3346 5410 3538 5466 movit:

259 5509 588 5564 scribendis
656 5517 738 5565 tot
787 5511 1076 5579 epistolis,
1143 5511 1345 5579 quibus
1416 5528 1524 5567 non
1582 5499 1749 5567 semel
1819 5510 1837 5564 ξ

1960 5528 2040 5568 :on
2107 5515 2385 5582 respondit
2439 5512 2633 5582 (epist.
2691 5509 2746 5571 9,
2809 5505 2909 5568 10,
2970 5501 3061 5565 21,
3115 5499 3207 5565 22,
3268 5500 3360 5563 25,
3408 5502 3538 5571 27),

258 5600 556 5655 m‘ttendis
610 5614 754 5668 saepe
810 5601 1000 5670 legatis
1026 5641 1042 5665 ,
1080 5600 1374 5655 oﬂerendis
1434 5601 1659 5657 utilibus
1699 5602 2109 5658 conditionibus
2133 5645 2148 5666 ,
2203 5601 2366 5657 veluti
2392 5600 2595 5671 nuptiis
2643 5613 2764 5653 cum
2799 5592 3001 5647 familia
3032 5590 3244 5647 domini
3277 5592 3540 5659 Romani,

263 5688 531 5752 pecunia,
603 5688 773 5743 multa
817 5689 1047 5744 vestium
1109 5691 1200 5757 vi,
1261 5700 1413 5761 parte
1468 5692 1629 5746 etiam
1699 5691 1879 5762 aliqua
1948 5692 2228 5753 territorii,
2297 5706 2457 5760 pmna
2518 5684 2926 5745 ecclesiastica,
2973 5678 3539 5736 excommunicatione

258 5776 548 5839 videlicet,
598 5792 705 5831 non
734 5778 904 5832 semel
934 5777 1134 5832 indicta
1165 5776 1350 5847 (epist.
1386 5777 1418 5831 9
1462 5779 1553 5845 ﬁn.
1584 5779 1696 5847 22),
1740 5780 1994 5850 precibus
2047 5782 2304 5849 denique,
2363 5778 2655 5848 lacrymis,
2696 5774 2955 5843 omnique
3006 5786 3201 5840 genere
3251 5768 3539 5822 all'cclmml

262 5875 319 5917 et
385 5878 841 5931 argumentorum
916 5876 1266 5938 exprompta,
1316 5870 1425 5937 ipse
1484 5880 1756 5938 postremo
1832 5872 1840 5923 l

1956 5880 2040 5925 tus
2119 5870 2379 5925 accedens
2436 5868 2612 5937 (epist.
2650 5863 2886 5935 27,50),
2956 5870 3013 5916 ut
3085 5858 3356 5915 Simeonis
3417 5857 3532 5909 ani-
