3996 6208
424 294 489 375 ιι
874 314 877 317 -
1842 289 2002 351 Ριιίι

2105 287 2267 348 .TlO.
3611 283 3683 343 20

413 422 583 470 ιιιιιιιι,
616 403 878 472 principis
935 402 1138 471 alioqui
1197 403 1410 473 magnis
1458 401 1675 457 dotibus
1745 399 1953 470 prtediti
2017 400 2093 467 (i,
2149 398 2264 468 5t),
2296 406 2685 470 expugnaret;
2730 399 2784 455 id
2836 400 2980 469 quod
3029 397 3266 468 denique
3325 395 3680 464 impetravit:

408 493 607 547 etenim
663 492 893 554 scimus,
948 490 1282 556 Simeonem,
1332 487 1538 547 omisso
1593 491 1660 544 ad
1700 499 2002 544 extremum
2055 487 2219 552 bello,
2266 486 2562 542 recessisse
2606 486 2675 541 ab
2718 486 2931 558 imperii
2969 501 3090 555 ιιιιτε
3145 483 3414 539 insidi-bat
3458 482 3685 539 visceri-

415 582 618 644 lus,et
651 579 703 632 in
743 578 1052 647 Bulgariam
1115 593 1270 633 suam
1328 593 1626 633 remeasse.
1679 578 1867 646 Magna
1916 587 2062 631 certe
2112 575 2363 630 libertate
2395 573 2636 639 dicendi,
2689 562 2798 629 non
2835 574 2956 628 sine
3005 572 3312 627 humilitate
3365 571 3675 626 Christiana

413 668 581 721 utitur
633 667 687 721 in
739 667 824 720 his
873 665 1120 736 epistolis
1167 664 1425 722 Nicotaus
1465 681 1634 721 :nam
1690 665 1769 721 sic
1823 674 2011 735 aperte
2076 661 2318 716 Simeoni
2381 663 2668 718 denuntiat
2714 680 2727 716 :
2779 660 2945 717 Pater
3007 671 3130 716 tuus
3189 678 3282 730 ego
3339 677 3455 713 sum
3487 701 3500 724 ,
3551 659 3679 712 veli:

415 753 573 818 ιιυιίε,
611 753 730 806 licet
765 752 1018 806 minimus
1052 753 1351 823 episcopus,
1383 753 1471 823 qui
1501 764 1639 806 certe
1685 751 1992 822 religionem
2037 749 2134 805 Dei
2175 765 2278 804 non
2324 753 2506 821 negavi
2535 768 2551 805 :
2579 752 2679 806 etsi
2725 751 2862 805 enim
2928 750 3062 819 forte
3104 760 3404 816 peccatores
3453 749 3680 818 (ψίαθορὶ

409 849 534 907 em,
564 858 665 895 non
692 842 890 896 idcirco
915 857 1003 896 vos
1027 841 1242 910 judices
1269 839 1503 904 habent;
1533 840 1624 895 sed
1649 848 1834 894 contra
1858 839 2087 908 episcopi
2115 839 2180 892 de
2203 839 2345 894 vobis
2367 840 2713 908 judicabant,
2738 841 2783 891 si
2806 849 2947 893 certe
2973 839 3174 891 Christi
3202 855 3316 889 oves
3333 838 3479 897 estis,
3517 852 3678 904 neque

411 935 474 981 ab
504 929 616 997 ejus
659 945 811 999 grege
848 928 1179 982 aberrantes.
1212 926 1408 997 Neque
1439 928 1560 982 alia:
1592 928 1792 982 desunt
1817 927 1870 980 in
1908 927 1994 980 his
2026 927 2276 996 epistolis
2312 927 2540 988 notitiai,
2577 926 2740 980 veluti
2770 927 2836 980 de
2869 925 3115 997 tyrannis
3146 926 3311 978 Variis
3346 924 3680 994 Byzantinis,

411 1043 420 1067 ι
446 1036 474 1071 e
497 1019 742 1072 Clmsroe
756 1017 941 1079 Persa,
969 1019 1037 1071 de
1055 1017 1197 1086 Boga
1215 1015 1514 1070 Cliersonis
1544 1015 1879 1085 primori-,de
1905 1014 2076 1068 Gaina
2101 1014 2278 1069 Gotlm
2305 1023 2358 1070 et
2385 1015 2778 1086 Cbrysostomo
2810 1017 2876 1070 de
2907 1016 3108 1068 montis
3139 1013 3355 1084 Olympi
3406 1013 3680 1066 monacho

411 1108 503 1160 [ιιι
541 1123 632 1176 per
663 1108 713 1160 id
748 1116 962 1175 tempus
992 1106 1186 1160 Abaris
1213 1104 1496 1159 Christum
1529 1103 1861 1172 praedicavit.
1894 1101 1962 1156 de
1991 1103 2295 1158 Abarorum
2335 1103 2523 1169 exitio,
2577 1105 2642 1158 de
2705 1103 3031 1166 I’atzinieis,
3074 1103 3140 1156 de
3196 1102 3382 1156 Leone
3421 1100 3684 1169 Tripolita

411 1195 470 1247 't'!
495 1196 812 1250 essalonieze
833 1193 1032 1250 celebri
1065 1207 1316 1250 eversore
1336 1192 1514 1262 (epist.
1538 1191 1764 1260 25th.),
1785 1201 1838 1245 et
1861 1190 2056 1245 deinde
2093 1192 2234 1261 apud
2252 1191 2516 1246 Lemnum
2539 1193 2703 1248 victo.
2729 1191 2996 1246 Pcenliari
3021 1202 3200 1245 autem
3233 1189 3512 1244 tuentione
3526 1187 3686 1257 digna

413 1285 628 1337 videtur
649 1283 881 1353 epistola
906 1281 999 1348 28,
1027 1283 1077 1334 in
1101 1297 1209 1352 qua
1237 1280 1585 1336 deRomanis
1606 1280 1798 1350 legatis
1819 1294 1996 1334 sermo
2021 1291 2124 1342 est,
2151 1279 2559 1351 Theophytacto
2577 1291 2630 1334 et
2652 1282 2816 1344 Caro,
2841 1296 2964 1334 cum
2991 1279 3181 1334 litteris
3200 1277 3431 1332 Romani
3463 1277 3687 1344 pontifi-

411 1371 619 1441 ris(qui
641 1382 758 1426 erat
777 1369 1014 1425 Joannes
1036 1369 1104 1424 X3
1133 1371 1198 1424 ad
1224 1368 1404 1425 aulam
1427 1367 1780 1439 Byzantinam
1807 1378 1971 1437 atque
2018 1369 2083 1422 ad
2122 1368 2431 1424 Simeonem
2459 1371 2962 1440 proficiscentibus;
2987 1369 3186 1434 quibus
3211 1367 3405 1421 litteris
3444 1363 3682 1435 pontifex

414 1459 696 1527 injicielat
731 1458 960 1528 Bulgaro
987 1457 1353 1512 anatttematis
1385 1456 1661 1512 vinculum
1696 1457 1798 1511 sibi
1833 1466 2193 1522 reservatum,
2225 1458 2824 1526 comminansquoque,
2857 1468 2912 1510 ut
2950 1458 3000 1510 in
3027 1454 3310 1509 tiottiernis
3336 1453 3515 1506 adhue.
3544 1467 3684 1505 cono

412 1547 789 1602 stitutiOnibus
810 1548 888 1612 fit,
918 1547 1348 1618 indignationem
1373 1545 1744 1615 apostolorum
1760 1545 1900 1600 Petri
1919 1556 1972 1601 et
1990 1546 2164 1609 Pauli,
2182 1545 2284 1600 nisi
2306 1548 2374 1601 ab
2395 1546 2578 1617 impiis
2597 1547 2767 1601 armis
2790 1546 3084 1600 recederet.
3101 1543 3468 1611 Quamobrem
3491 1555 3686 1594 rursus

411 1636 725 1690 Simeonem
747 1633 1000 1690 Nicotaus
1021 1644 1163 1700 orat,
1186 1644 1245 1689 ut
1269 1635 1312 1688 si
1336 1635 1519 1688 minus
1538 1649 1616 1700 se,
1638 1643 1784 1688 certe
1806 1636 2218 1691 sanctissimum
2243 1651 2432 1705 papam
2452 1634 2634 1706 (quem
2657 1635 2736 1689 sic
2764 1650 2858 1704 per
2879 1633 3312 1688 antonomasiam
3334 1629 3569 1699 appellat
3593 1627 3685 1683 hic

410 1733 571 1792 ctep.
606 1722 694 1793 75)
731 1733 1065 1778 revereatur.
1102 1721 1367 1777 Putamus
1428 1732 1610 1775 autem
1689 1723 1892 1776 nullam
1965 1723 2533 1779 desiderari‘Nicolai
2591 1724 2656 1778 ad
2714 1724 3008 1792 Bulgarnm
3062 1719 3345 1790 epistolam
3383 1734 3399 1784 ;
3435 1717 3692 1786 quando-

411 1813 634 1879 quidem
677 1809 1016 1866 trieesimant
1088 1812 1320 1881 primam
1367 1809 1530 1881 (apud
1579 1809 1700 1880 nos)
1746 1808 1948 1865 fatetur
1996 1811 2112 1880 ipse
2157 1828 2186 1866 a
2252 1829 2310 1866 se
2357 1811 2605 1865 ultimam
2655 1811 2824 1866 scribi
2883 1829 2898 1865 :
2950 1819 3308 1879 praterquam
3360 1804 3500 1874 quod
3563 1811 3690 1873 post

413 1899 558 1952 illam
604 1898 658 1952 in
691 1901 884 1954 codice
914 1899 1114 1970 legitur
1147 1899 1271 1966 ﬁnis
1319 1898 1667 1966 epistolurum
1701 1899 1768 1952 ad
1823 1898 2134 1969 Bulgarum.
2180 1899 2434 1954 Attamen
2463 1898 2529 1953 de
2553 1913 2612 1952 re
2648 1896 2932 1968 Bulgarica
2967 1913 3075 1950 nou
3105 1895 3173 1949 ad
3203 1895 3518 1948 Simeonem
3549 1899 3682 1944 tau-

420 1988 728 2052 tummodo,
766 2003 956 2044 verum
989 1988 1153 2043 etiam
1188 1986 1252 2041 ad
1292 1986 1614 2054 primarium
1645 1989 1766 2058 ejus
1817 1988 2201 2044 administrtnu
2251 1986 2474 2058 scripsit
2521 1985 2785 2042 Nicotaus
2823 1987 2930 2057 (ep.
2966 1985 3077 2055 15),
3123 1999 3324 2054 rogans
3361 1989 3420 2035 ut
3459 1979 3690 2036 domino

413 2094 514 2132 suo
556 2091 744 2146 pacem
782 2077 1082 2132 suaderet:
1113 2079 1355 2145 itemque
1379 2075 1517 2132 duas
1551 2080 1667 2148 (ep.
1701 2079 1734 2131 4
1762 2087 1816 2131 ιιι
1841 2077 1930 2148 ιε)
1954 2079 2021 2132 ad
2056 2076 2321 2146 Bulgaria)
2344 2075 2837 2148 archiepiscopum.
2870 2071 2972 2129 Vix
2998 2083 3182 2128 autem
3213 2072 3403 2126 dubito
3444 2071 3573 2137 quin
3595 2068 3691 2122 hic

413 2167 486 2224 sit
507 2164 728 2220 Simeon
770 2164 1134 2230 Debettensis,
1167 2166 1260 2235 qui
1289 2167 1499 2236 synodo
1531 2165 1812 2220 Photiante
1845 2180 1990 2220 anno
2019 2165 2123 2221 879
2151 2162 2491 2219 interfuerat.
2541 2162 2785 2233 (Videsis
2811 2162 3058 2218 Cotetum
3092 2159 3251 2231 Illyr.
3289 2175 3430 2215 sacr.
3463 2171 3500 2213 t.
3535 2155 3681 2217 Vill.

414 2269 468 2320 p.
497 2251 655 2323 207).
685 2251 889 2306 Harum
926 2253 979 2306 in
1028 2253 1202 2324 prima
1244 2253 1312 2308 de
1354 2253 1573 2308 homine
1606 2255 1855 2325 loquitur
1895 2254 1987 2322 qui
2026 2254 2092 2308 ad
2134 2267 2354 2307 sacrum
2389 2252 2534 2322 apud
2572 2250 2794 2307 Grzecos
2847 2251 3061 2324 asylum
3111 2248 3431 2317 confugerat
3471 2243 3692 2315 (confer

416 2341 671 2394 t'hotium
705 2355 792 2410 ep.
821 2341 899 2411 4),
937 2355 1098 2411 quem
1133 2343 1397 2413 repetenti
1447 2344 1682 2414 Bulgaro
1715 2344 1882 2397 tradit
1920 2341 2201 2405 Nicotaus,
2247 2341 2341 2398 sed
2391 2356 2514 2396 cum
2543 2341 2792 2397 districto
2823 2340 3102 2404 mandato,
3150 2346 3209 2392 ut
3257 2333 3494 2404 itupunis
3539 2331 3687 2386 illae-

414 2443 620 2496 susqne
653 2428 742 2494 sit.
774 2428 957 2483 Altera
987 2427 1220 2498 epistola
1254 2430 1504 2486 suasoria
1535 2439 1639 2495 est,
1673 2432 1927 2486 videlicet
1961 2441 2018 2487 ut
2052 2431 2502 2501 archiepiscopus
2529 2429 2682 2486 omni
2709 2444 2811 2499 ope
2849 2427 3142 2484 contendat
3167 2423 3309 2495 apud
3343 2423 3696 2492 Simeonem,

411 2530 521 2584 quo
560 2515 722 2569 tinem
755 2516 1145 2572 molestissimo
1179 2517 1324 2573 bello
1351 2518 1594 2587 imponat
1625 2536 1638 2572 :
1676 2520 1840 2588 digna
1877 2534 2010 2574 sane
2051 2521 2192 2576 lectu
2235 2519 2466 2589 epistola
2515 2528 2738 2590 propter
2787 2532 2982 2587 graves
3017 2516 3085 2569 de
3103 2512 3476 2569 ecclesiastico
3505 2508 3699 2562 ottieio

412 2605 732 2668 sententias,
772 2606 922 2658 etde
971 2619 1129 2659 sacra
1187 2604 1526 2660 Eucharistia
1585 2607 1808 2660 citatum
1844 2623 1859 2661 :
1894 2591 2145 2674 deplorat
2185 2610 2331 2661 cnim
2379 2608 2641 2662 ecclesias
2690 2607 2829 2662 bello
2876 2605 3142 2676 potlutas',
3184 2603 3238 2656 in
3289 2600 3490 2670 quibus
3531 2596 3591 2648 Ite
3611 2595 3703 2647 riti

416 2701 696 2759 pt'wsentta
727 2693 922 2745 residet
957 2702 1200 2750 sanctum
1222 2692 1358 2746 illud
1387 2703 1436 2746 et
1470 2694 1878 2747 immaculatum
1901 2709 2092 2761 corpus
2129 2711 2189 2747 uc
2213 2695 2454 2763 sanguis,
2488 2711 2604 2761 qua:
2633 2697 2722 2761 qui
2749 2694 3040 2746 ntattducat
3063 2703 3112 2744 et
3143 2691 3294 2752 bibit,
3331 2697 3526 2740 certam
3558 2700 3707 2752 pro-

411 2783 542 2847 pria:
580 2780 1027 2846 sanctificationis
1066 2794 1207 2844 spem
1239 2779 1583 2851 adipiscitur.

1839 2932 2042 2986 Classis
2081 2934 2262 2987 tertia.
2333 2983 2336 2988 .

489 3093 574 3146 Ἠ.
617 3092 798 3148 Prima
841 3095 1074 3149 occurrit
1132 3095 1562 3152 luculentissima
1596 3138 1607 3160 ,
1642 3105 1804 3166 atque
1868 3098 2038 3151 instar
2080 3107 2366 3159 tractatus,
2399 3095 2762 3166 epistola(5‘2)
2797 3111 2960 3164 quam
2992 3093 3248 3147 Nicotaus
3283 3092 3346 3146 ad
3381 3092 3509 3147 liora
3527 3109 3700 3150 auaui

416 3182 716 3237 Ecclesium
756 3183 836 3236 vel
873 3181 978 3236 sub
1009 3183 1272 3238 Landoue
1300 3183 1578 3253 pontifice,
1618 3193 1675 3236 ιιι
1707 3195 1862 3254 putat
1898 3185 2196 3246 Baronius,
2240 3185 2323 3238 vel
2357 3186 2457 3240 sub
2493 3185 2787 3239 Anastasio
2820 3185 3001 3247 tertio,
3037 3194 3094 3238 ut
3129 3192 3313 3238 censet
3338 3181 3562 3252 Pagius,
3599 3189 3698 3239 sed

418 3281 565 3326 certe
605 3279 728 3340 post
753 3270 926 3339 Sergii
959 3271 1102 3326 tertii
1129 3271 1340 3326 obitum
1389 3273 1604 3332 scribit,
1643 3276 1734 3341 qui
1779 3283 2036 3343 tanquam
2077 3274 2273 3327 beatus
2309 3281 2419 3326 tum
2455 3273 2508 3326 in
2540 3271 2644 3327 hac
2683 3280 2797 3325 tum
2830 3271 2885 3325 in
2917 3286 3004 3340 ep.
3035 3271 3103 3325 55
3136 3272 3479 3336 nominatur,
3509 3288 3702 3342 neque

416 3363 484 3412 de
516 3357 714 3428 Sergio,
735 3358 1033 3427 quidquam
1076 3358 1407 3428 injuriosum
1438 3359 1650 3420 scribit,
1675 3375 1988 3429 quanquam
2030 3361 2147 3430 ipse
2196 3360 2661 3429 dispensationem
2710 3356 2789 3414 ad'
2817 3369 3040 3428 quartas
3083 3360 3302 3429 nuptias
3345 3358 3508 3415 Leoni
3541 3376 3693 3415 con-

413 3455 674 3502 cesserat.
719 3446 1067 3517 Propositum
1107 3447 1352 3515 epistolre
1383 3457 1466 3501 est
1493 3447 1858 3516 cspostulatio
1891 3449 2185 3518 eaneroqui
2222 3463 2329 3503 non
2371 3463 2529 3519 atque
2563 3448 2830 3505 adversus
2871 3447 3173 3503 Romanam
3211 3448 3534 3510 Ecclesiam,
3566 3465 3701 3519 quae

417 3533 737 3602 imperatori
787 3533 839 3586 in
878 3547 1045 3587 causa
1079 3534 1396 3602 nuptiarum
1441 3535 1626 3588 missis
1671 3534 1839 3588 etiam
1886 3535 2081 3604 legatis
2109 3537 2315 3592 faverat
2350 3551 2462 3592 εει
2487 3552 2597 3607 (ιιιο
2631 3547 2911 3600 evenerat,
2951 3546 3010 3590 ut
3046 3537 3160 3605 ipse
3190 3537 3482 3591 contrarias
3511 3539 3700 3593 disci-

419 3626 582 3692 plina:
615 3620 898 3686 defensor,
941 3621 1071 3677 sede
1103 3623 1318 3691 pulsus,
1353 3623 1652 3678 substituto
1686 3623 2003 3694 Euthymio,
2039 3623 2263 3680 fuisset.
2300 3623 2466 3678 Multa
2499 3639 2600 3695 pro
2634 3640 2736 3680 sua
2773 3625 3043 3680 sententia
3072 3623 3208 3680 dicit
3244 3622 3523 3687 Nicotaus,
3560 3627 3704 3680 niti-

417 3723 618 3780 tnrque
648 3709 973 3764 nominatim
1013 3711 1317 3765 eanonibus
1364 3712 1526 3782 vulgo
1573 3713 1896 3782 apostolicis
1943 3722 1997 3768 et
2051 3711 2354 3769 Clementis
2384 3713 2726 3778 constitutis,
2771 3729 2895 3782 quae
2941 3713 3167 3783 scripta,
3205 3722 3264 3767 ut
3312 3713 3424 3782 jam
3478 3713 3705 3768 notavit

416 3798 713 3863 Duronius,
752 3798 1062 3869 apocrypha
1112 3815 1236 3854 esse
1280 3801 1487 3856 scim-us
1523 3817 1538 3854 :
1575 3801 1752 3856 (ἐπεθὶ
1798 3812 1982 3856 autem
2018 3801 2332 3873 opinionem
2380 3802 2527 3855 illam
2561 3801 2741 3856 serius
2778 3811 3088 3868 exuerunt;
3121 3817 3246 3855 nam
3276 3809 3332 3855 et
3358 3801 3590 3856 Pbotius
3637 3802 3700 3856 in

413 3892 892 3963 Amphitochianis
939 3893 1342 3962 quaestionibus
1389 3895 1632 3950 nondum
1665 3897 1732 3950 de
1763 3897 1869 3953 illis
1900 3897 2132 3951 dubitat.
2185 3897 2419 3952 Curiosa
2465 3896 2582 3950 haec
2612 3904 2698 3951 est
2726 3895 3064 3966 insignisque
3089 3895 3315 3966 epistola
3353 3905 3464 3947 tum
3498 3894 3572 3948 ob
3611 3898 3700 3951 rei

420 3982 763 4050 perspicuam
807 3983 1215 4046 narrationem,
1259 3994 1374 4037 ttnn
1405 3984 1571 4038 etiam
1603 3985 1674 4039 ob
1704 3985 2098 4042 ecclesiastica:
2135 3988 2442 4058 disciplinae
2473 3987 2746 4042 notitiam.
2778 3985 3025 4055 Namque
3056 3986 3309 4040 universa
3346 3983 3459 4038 fere
3489 3983 3703 4040 Orien-

417 4069 544 4125 talis
579 4069 828 4125 Ecclesia
861 4070 1076 4140 quartis
1111 4072 1320 4140 nuptiis
1352 4071 1650 4130 interdicit.
1688 4071 1829 4128 Ecce
1857 4077 2001 4128 enim
2030 4075 2418 4131 Armeniorum
2452 4090 2671 4145 quoque
2696 4075 3010 4145 patriarcha
3041 4073 3200 4138 Sion,
3228 4076 3428 4128 nedum
3459 4083 3705 4143 quartas

414 4158 508 4214 sed
549 4160 740 4216 tertias
773 4160 938 4214 etiam
967 4171 1117 4224 vetat
1140 4160 1364 4232 nuptias
1387 4178 1601 4218 canone
1628 4180 1742 4228 xui,
1781 4166 1924 4235 apud
1953 4180 2055 4221 nos
2083 4165 2286 4235 Script.
2323 4177 2425 4220 vet.
2461 4175 2500 4220 t.
2539 4165 2610 4230 Χ,
2644 4175 2787 4235 part.
2823 4181 2882 4229 ιι,
2912 4181 2968 4235 p.
2998 4165 3126 4220 508.
3161 4165 3226 4218 Et
3257 4165 3493 4219 Severus
3515 4162 3709 4234 Syrus

414 4248 730 4315 patriarcha
768 4248 1147 4305 Autiochenus
1181 4250 1370 4306 tertias
1402 4252 1624 4321 nuptias
1657 4252 1926 4320 improbat
1958 4253 2011 4306 in
2043 4269 2297 4310 sermone
2329 4257 2512 4324 priore
2535 4255 2600 4307 de
2627 4265 2818 4308 sancta
2850 4254 3098 4316 Droside,
3136 4253 3264 4307 item
3292 4252 3434 4321 apud
3466 4266 3571 4304 nos
3599 4266 3707 4322 οι).

413 4338 506 4390 rit.
540 4344 579 4390 t.
624 4335 692 4401 Χ,
727 4353 779 4407 p.
813 4337 941 4392 753.
986 4337 1232 4408 Denique
1280 4339 1744 4408 Abulpbaragius,
1779 4339 2098 4402 Jacobitica:
2127 4341 2386 4396 Eeclesiw
2418 4342 2780 4411 maphrianus
2811 4355 2908 4395 seu
2945 4339 3175 4409 primas,
3211 4339 3264 4392 in
3297 4336 3708 4392 Nomocanone

411 4443 442 4477 ιι
479 4427 638 4480 nobis
685 4428 834 4479 edito
884 4425 1086 4493 Script.
1117 4435 1217 4478 vet.
1255 4435 1294 4478 t.
1329 4424 1398 4487 Χ,
1436 4436 1573 4492 part.
1610 4441 1668 4488 ιι,
1711 4441 1766 4493 p.
1799 4426 1890 4490 6-5,
1935 4426 2255 4482 Graecorum
2302 4445 2496 4484 severa
2549 4440 2756 4485 statuta
2799 4428 2866 4482 de
2921 4427 3094 4482 tertiis
3128 4426 3448 4496 quartisque
3478 4425 3710 4496 nuptiis

413 4515 637 4568 retinet.
680 4514 748 4566 Et
789 4511 1047 4565 Nicotaus
1067 4511 1288 4580 quidem
1329 4511 1506 4579 primo
1537 4515 1927 4578 contendebat,
1975 4531 2043 4571 ne
2098 4533 2192 4586 per
2241 4515 2640 4586 indulgentiam
2674 4519 2894 4587 quidem
2941 4517 3256 4585 imperatori
3303 4515 3712 4572 concedendas

415 4603 587 4657 fuisse
606 4609 836 4670 quartas
867 4602 1088 4668 nuptias
1121 4617 1133 4652 :
1174 4600 1368 4656 deinde
1397 4617 1525 4657 vero
1557 4604 1610 4655 in
1644 4603 1766 4659 aliis
1798 4606 1865 4658 ad
1914 4621 2108 4676 papam
2150 4605 2493 4676 Latinosque
2535 4607 2753 4671 litteris,
2786 4623 2852 4662 eo
2886 4605 3104 4660 demum
3139 4604 3378 4669 devenit,
3419 4611 3477 4656 ut
3511 4602 3707 4662 Leoni

419 4688 727 4759 peculiares
759 4688 830 4741 ob
859 4702 1056 4741 causas
1086 4688 1477 4759 indulgendum
1513 4690 1686 4748 fuisse
1719 4692 1888 4758 dicat,
1924 4695 2136 4750 laeteris
2173 4711 2478 4766 nunquam.
2513 4697 2800 4751 Postremo
2839 4696 2955 4751 lucc
2988 4694 3363 4750 controversia
3397 4692 3451 4746 in
3494 4692 3713 4750 Graeca

417 4777 660 4831 Ecclesia
687 4775 790 4830 sub
824 4774 1170 4839 Leonisftlio
1199 4776 1565 4835 Constantino
1617 4780 1771 4835 finita
1817 4783 1985 4836 estin
2015 4784 2226 4854 synodo
2270 4785 2402 4855 περὶ
2436 4785 2711 4852 ἑνώσεως,
2747 4786 2812 4838 de
2842 4786 3056 4848 unione,
3091 4798 3216 4852 qua:
3259 4790 3447 4838 coacta
3485 4781 3599 4837 fuit
3632 4786 3714 4841 ob

418 4863 824 4920 conciliandum
857 4865 1098 4922 schisma
1140 4867 1283 4920 inter
1317 4868 1461 4936 ipsos
1501 4867 1748 4934 Graecos,
1779 4886 2013 4940 quarum
2061 4887 2187 4943 pars
2233 4872 2498 4928 Romana:
2534 4875 2841 4937 sententiae,
2895 4887 3024 4940 pars
3054 4871 3259 4927 Grzecze
3290 4871 3528 4925 favebat.
3604 4873 3712 4926 Et-

416 4953 562 5007 enim
595 4952 896 5009 constituto
922 4953 1154 5008 solemni
1181 4963 1292 5012 tam
1314 4956 1694 5012 ecclesiastico
1722 4974 1888 5028 quam
1919 4960 2068 5014 civili
2107 4970 2319 5031 quartae
2337 4960 2541 5032 nuptiae
2582 4961 2764 5014 vetita:
2808 4960 3050 5023 fuerunt,
3097 4959 3174 5012 ttti
3216 4959 3403 5013 videre
3430 4965 3512 5012 est
3543 4961 3710 5026 apud

418 5042 807 5098 Leunclavium
839 5043 893 5096 in
927 5041 1060 5096 Jure
1089 5044 1183 5100 Gr.
1213 5044 1366 5099 Rom.
1398 5054 1436 5099 t.
1462 5044 1501 5107 l,
1531 5062 1584 5117 p.
1627 5047 1751 5102 103.
1788 5047 1973 5102 Nihilo
2025 5060 2208 5105 tamen
2257 5048 2442 5103 minus
2487 5046 2733 5104 Rotnana
2779 5046 3019 5102 Ecclesia
3061 5047 3215 5103 Pauli
3255 5045 3485 5116 apostoli
3538 5045 3712 5099 dicto

417 5134 736 5188 auscultans
769 5131 788 5187 1
817 5131 885 5186 ad
915 5133 1043 5185 Cor.
1074 5147 1171 5198 vn,
1195 5132 1306 5188 59:
1346 5131 1546 5188 Mulier
1576 5135 1801 5205 alligata
1833 5145 1912 5192 est
1961 5139 2064 5209 legi
2099 5148 2300 5208 quanto
2342 5148 2576 5206 tempore
2626 5138 2709 5191 vir
2747 5136 2860 5205 ejus
2900 5137 3069 5203 civit;
3121 5137 3260 5206 quod
3309 5135 3356 5188 si
3403 5133 3710 5189 dormiet-it

414 5223 493 5272 ιιι·
521 5221 663 5290 ejus,
699 5222 928 5276 liberata
968 5231 1072 5283 est,
1111 5222 1200 5274 cui
1243 5221 1356 5276 vult
1411 5223 1622 5293 nubat,-
1660 5225 1971 5281 libertatem
2019 5229 2158 5282 hanc
2205 5229 2274 5282 ab
2315 5227 2580 5296 Apostolo
2623 5227 2915 5281 manifeste
2958 5241 3279 5282 concessam
3325 5222 3476 5276 nullo
3509 5221 3715 5281 limite

412 5312 898 5380 coiistringendam
931 5310 1166 5382 putavit.
1195 5310 1370 5368 Porro
1395 5311 1513 5369 haec
1535 5317 1938 5379 controversia,
1973 5325 2030 5370 ut
2054 5316 2290 5385 quisque
2318 5316 2588 5385 agnoscit,
2634 5315 3010 5386 disciplinaris
3038 5324 3149 5370 tota
3179 5323 3285 5375 est,
3319 5327 3427 5365 non
3454 5311 3718 5381 dogma-

415 5399 542 5450 tiea.
572 5395 690 5451 Jam
719 5414 823 5456 nec
856 5397 1067 5456 Nicolai
1097 5399 1326 5470 querela
1357 5401 1426 5456 de
1457 5401 1822 5472 appellatione
1849 5403 2049 5459 Leonis
2075 5403 2144 5457 ad
2174 5417 2394 5473 papam,
2421 5413 2478 5459 et
2505 5404 2574 5459 de
2607 5401 2986 5462 Romanorum
3019 5404 3072 5457 iu
3105 5402 3208 5455 hoc
3248 5399 3472 5470 negotio
3510 5398 3714 5457 inter-

413 5483 600 5552 vedtu,
621 5484 770 5555 justa
803 5498 929 5555 est‘;
963 5489 1412 5559 quandoquidem
1448 5490 1566 5561 ipse
1598 5491 1862 5548 Romana:
1893 5491 2151 5550 Ecclesia:
2182 5491 2505 5562 primatum,
2537 5503 2600 5546 ut
2634 5509 2850 5565 aequum
2892 5502 2998 5557 est,
3047 5491 3340 5546 centitetnr
3384 5487 3714 5560 προνόμιον

412 5572 879 5644 ἐκκλησιαστικῆς
937 5576 1237 5649 ὑπεροχῆς.
1287 5577 1444 5643 Quod
1531 5579 1767 5651 denique
1839 5588 1990 5651 quarl

2142 5581 2343 5650 tuptias
2419 5577 2682 5638 Nicotaus
2748 5578 3508 5650 nopvsiav,fornicationem
3542 5615 3562 5642 ,
3616 5579 3720 5635 vel

413 5663 562 5731 pejus
620 5661 902 5733 quiddam,
937 5665 1100 5721 audet
1158 5681 1283 5719 cum
1340 5665 1537 5734 priscis
1591 5667 1802 5737 aliquot
1862 5669 2155 5738 appellare,
2181 5669 2238 5724 id
2285 5684 2392 5723 non
2452 5669 2612 5725 aliter
2661 5670 2906 5738 intelligo
2943 5684 3110 5740 quam
3165 5665 3716 5735 deimpedimento.

415 5758 467 5800 ut
501 5750 673 5816 aiunt,
711 5749 1021 5810 dirimente,
1059 5751 1206 5821 quod
1238 5754 1574 5812 auctoritate
1618 5757 1993 5814 ecclesiastica
2035 5758 2441 5829 interpositum,
2476 5759 2655 5816 nullas
2721 5772 2912 5828 reapse
2934 5756 3112 5814 reddit
3151 5759 3395 5828 nuptias,
3435 5755 3715 5824 quandiu
