3996 6208
437 223 503 287 2i
1859 224 2284 291 PREFATIO.
3635 226 3707 291 22

436 350 618 406 tenet;
660 340 890 409 ideoque
935 340 1177 409 ipsarum
1229 354 1364 395 usus
1401 355 1427 394 a
1480 340 1739 412 πορνείας
1772 339 1895 396 labe
1937 355 2046 396 non
2087 340 2291 397 (ἥσει-ι.
2324 342 2407 397 Ad
2446 340 2740 398 historiam
2800 354 2930 396 vero
2978 339 3278 409 duplicium
3325 339 3693 399 Valentiniani

436 433 568 499 imp.
625 428 963 499 nuptiarum,
1013 442 1179 498 quam
1236 427 1496 483 Nicolaus
1570 429 1826 497 attingit,
1886 428 2137 487 Socratis
2179 433 2304 487 sine
2348 432 2519 487 dubio
2569 432 2664 487 iih.
2728 447 2802 493 iv.
2854 446 2973 499 cap.
3028 432 3093 485 31
3152 434 3468 489 narratione
3512 433 3709 503 fretus,

438 518 577 572 nihil
603 530 708 585 ego
734 514 913 570 dicam
949 526 1076 585 post
1119 515 1213 571 illa
1250 532 1374 586 qua:
1405 517 1827 587 prudentissime
1864 533 2018 573 more
2058 534 2162 575 suo
2202 520 2507 589 disputavit
2553 520 2938 575 Tiliemontius
2982 520 3035 573 in
3077 519 3206 574 adn.
3240 519 3312 575 28
3351 521 3419 575 ad
3463 524 3705 591 praedicti

435 604 675 662 Cesaris
713 613 887 673 gesta.
923 602 982 656 in
1013 604 1232 658 duabus
1263 604 1491 675 reliquis
1519 606 1610 677 (55
1632 615 1684 659 et
1713 604 1803 675 56)
1844 606 1910 659 ad
1947 605 2212 663 Joannem
2244 624 2439 679 papam
2472 608 2721 679 epistolis
2753 609 3003 663 eamdem
3046 609 3265 676 quidem
3308 624 3420 663 rem
3448 609 3706 665 Nicoians

437 701 620 765 urget,
648 692 741 746 sed
772 701 958 744 tamen
995 690 1367 746 Ecciesiarum
1403 693 1755 748 concordiam
1793 702 1982 761 optare
2012 710 2071 749 se
2102 694 2237 750 dicit
2275 715 2288 751 :
2338 699 2485 767 quod
2539 699 2683 753 idem
2736 700 2812 753 ait
2848 699 3016 754 etiam
3074 699 3127 752 in
3172 713 3298 769 epp.
3345 698 3417 753 54
3442 710 3497 753 et
3526 700 3595 753 55
3640 702 3705 753 ad

439 785 724 838 Romanos
770 781 1027 835 homines
1072 780 1337 849 scriptis;
1371 790 1423 834 et
1457 796 1611 851 papm
1643 782 1847 837 nomen
1874 784 1929 836 in
1962 784 2193 838 dissidio
2243 787 2545 851 revulsum,
2591 786 2975 856 reponendum
3026 784 3081 839 in
3130 785 3408 855 diptychis
3450 785 3659 851 judicat
3694 803 3707 837 :

438 885 747 939 rursusque
798 870 1088 939 praterhac
1124 870 1481 939 indulgentia:
1532 871 1813 936 connivet,
1863 872 1956 925 sed
2002 872 2347 943 disciplinam
2393 889 2549 929 suam
2579 874 2633 927 in
2688 881 2971 943 posterum
3020 872 3178 927 ﬁrme
3212 880 3419 927 tuetur.
3465 871 3708 941 Epistola

437 976 662 1033 quoque
710 960 778 1013 77
819 959 939 1013 sine
991 958 1157 1013 dubio
1196 958 1264 1012 ad
1308 973 1503 1028 papam
1541 958 1802 1013 scribitur
1843 959 1928 1013 vel
1973 958 2293 1014 Landonem
2329 960 2413 1014 vel
2452 962 2638 1031 potius
2673 959 2943 1016 Joannem
2966 957 3036 1015 Χ.
3076 960 3134 1015 1η
3179 976 3244 1014 ca
3276 961 3459 1031 agitur
3485 960 3553 1015 de
3578 975 3710 1031 pace

436 1066 566 1107 cum
596 1047 842 1103 Romana
878 1045 1149 1112 Ecclesia,
1198 1062 1365 1116 quam
1409 1046 1693 1109 Nicolaus.
1734 1056 1861 1118 post
1908 1062 2067 1103 suum
2111 1048 2182 1102 ab
2228 1049 2427 1104 exsilio
2456 1050 2716 1115 reditum,
2760 1059 2817 1104 et
2862 1048 2947 1104 sui
2984 1048 3119 1103 cieri
3148 1049 3392 1104 schisma
3435 1047 3707 1111 sedatum,

442 1152 672 1209 prorsus
700 1149 1036 1205 componere
1060 1144 1213 1204 optat
1245 1151 1259 1165 ’
1286 1146 1343 1189 Ἢ
1376 1136 1467 1199 sit,
1500 1135 1702 1205 inquit,
1733 1136 1888 1190 sicuti
1918 1153 1951 1189 α
1980 1137 2264 1205 principio,
2305 1138 2381 1191 ita
2426 1148 2475 1192 et
2519 1154 2659 1191 nunc
2695 1142 2845 1207 pacis
2889 1137 3182 1203 vinculum,
3217 1146 3266 1190 et
3296 1139 3424 1193 unio
3456 1136 3709 1192 Romam:

449 1225 703 1279 Ecclesia:
729 1222 1490 1293 cuniConstantinopolitana.
1528 1223 1657 1276 illud
1723 1224 1929 1279 utiliter
1968 1239 2189 1293 quoque
2214 1225 2267 1279 in
2304 1226 2480 1295 prima
2511 1226 2577 1281 ad
2624 1224 2789 1279 Rom.
2824 1224 3125 1282 Ecciesiam
3178 1225 3435 1296 cpistola,
3471 1227 3697 1279 adnota-

442 1317 581 1369 hunt
636 1312 861 1370 eruditi.
895 1312 1041 1381 quod
1102 1327 1297 1381 nempe
1348 1312 1457 1366 lilia
1520 1311 1720 1367 Leonis
1771 1313 2019 1378 quaedam
2077 1314 2290 1368 Franco
2343 1315 2577 1384 principi
2622 1316 2897 1386 desponsa
2960 1315 3175 1371 luisset.
3237 1314 3317 1369 Be
3349 1315 3550 1385 quippe
3579 1330 3704 1368 vera

443 1403 547 1457 fuit
579 1403 696 1456 haec
730 1399 954 1454 nomine
977 1401 1158 1465 Anna,
1186 1416 1351 1469 quam
1387 1399 1495 1454 Leo
1518 1415 1581 1453 ex
1606 1402 1843 1469 conjuge
1873 1400 2113 1455 secunda
2137 1410 2477 1472 susceperat,
2502 1417 2779 1473 quamque
2810 1403 3053 1457 adultam
3084 1402 3383 1458 declaravit
3407 1402 3704 1471 Augustam

440 1498 568 1560 post
600 1488 797 1543 matris
830 1488 1062 1553 obitum,
1111 1498 1169 1546 ut
1206 1488 1467 1559 palatinis
1511 1489 1781 1544 conviviis
1826 1499 2103 1559 praeesset,
2148 1498 2284 1543 teste
2315 1487 2499 1543 Leone
2528 1490 2902 1545 Grammatice
2934 1491 2987 1545 in
3022 1489 3223 1547 Leonis
3273 1490 3547 1561 Sapientis
3582 1487 3704 1543 Vita

439 1578 529 1633 ed.
562 1574 733 1631 Paris.
771 1589 828 1645 p.
860 1572 985 1633 J8i.

1858 1685 2055 1741 Classis
2085 1698 2302 1758 quarta.

535 1800 652 1855 Vil.
678 1799 861 1855 Prima
893 1800 1063 1869 hujus
1102 1800 1299 1856 classis
1334 1802 1564 1871 epistola
1603 1802 1787 1871 (nobis
1824 1803 1913 1871 86)
1936 1802 2207 1858 Ecclesia:
2240 1816 2590 1859 mcenomum
2638 1801 2988 1860 commendat
3024 1803 3364 1873 imperatori,
3394 1816 3555 1872 quem
3595 1801 3703 1855 llo-

456 1904 679 1945 ruanum
705 1886 1049 1958 Lecapenum
1084 1888 1351 1959 intelligo,
1388 1905 1511 1944 nam
1541 1890 1939 1947 Constantinus
1975 1906 2109 1960 puer
2134 1880 2271 1947 erat.
2314 1890 2504 1951 lnaiia
2537 1892 2784 1946 Romano
2820 1891 3022 1947 Caesari
3054 1892 3217 1947 missa
3257 1890 3368 1964 (95)
3418 1900 3599 1945 monet
3639 1889 3705 1944 de

454 1975 699 2044 Bulgaris
732 1973 1100 2043 Lampsacum
1135 1991 1309 2045 usque
1336 1977 1621 2046 proiectis.
1658 1977 1797 2032 Tum
1829 1979 2076 2048 quaedam
2109 1979 2350 2049 suggerit
2383 1978 2454 2034 de
2484 1979 2811 2044 scriniariis,
2854 1979 2923 2034 de
2962 1988 3104 2034 recta
3138 1978 3441 2034 olliciorum
3483 1992 3705 2047 promo-

448 2066 616 2126 tione,
644 2070 698 2119 et
727 2062 796 2117 de
820 2063 1079 2132 justitia:
1110 2080 1222 2133 quo
1254 2065 1308 2118 in
1351 2066 1473 2119 loco
1501 2067 1630 2136 quid
1672 2067 1996 2122 vocabulum
2040 2067 2213 2136 ρὦαι
2257 2067 2530 2137 signiticet
2567 2082 2676 2123 non
2708 2068 2930 2134 delinio,
2957 2068 3050 2123 sed
3085 2082 3149 2123 ex
3185 2067 3445 2137 Lenoepii
3483 2067 3702 2137 Etymo-

442 2150 623 2222 logico
649 2150 748 2207 Gr.
784 2152 1061 2220 conjicere
1088 2151 1212 2208 licet
1242 2153 1517 2221 supplices
1558 2155 1729 2210 fuisse
1760 2155 1971 2210 libellos
2003 2155 2090 2210 vel
2114 2156 2361 2227 ipsorum
2406 2165 2609 2210 tuam.
2654 2154 2834 2211 Tertia
2880 2154 3113 2225 epistola
3146 2154 3295 2225 (156)
3334 2154 3702 2210 consolatoria

442 2248 529 2294 est
556 2239 625 2294 ad
658 2239 912 2293 eumdem
949 2239 1256 2296 Romanum
1306 2241 1443 2310 imp.
1488 2242 1541 2295 in
1573 2242 1725 2296 obitu
1772 2243 1962 2298 uxoris
2001 2242 2262 2314 Augustae
2294 2242 2597 2300 Theodorte
2631 2260 2775 2299 anno
2805 2244 2929 2299 922.
2975 2242 3159 2299 Utitur
3188 2243 3455 2312 exemplis
3496 2241 3709 2296 XEmiiii

440 2325 597 2381 Pauli
629 2335 682 2380 et
720 2326 1063 2395 Anaxagorae
1104 2330 1196 2396 qui
1234 2329 1527 2385 orbitatem
1563 2329 1778 2387 fortiter
1813 2330 2174 2400 pertulerunt.
2212 2332 2460 2388 Pulchra:
2504 2341 2633 2387 sunt
2680 2342 2791 2387 tres
2828 2330 3071 2401 epistolze
3102 2330 3169 2385 ad
3202 2329 3495 2399 Georgium
3525 2329 3703 2384 Abas-

444 2416 660 2485 giorum
689 2416 1017 2484 principem.
1060 2432 1301 2485 quarum
1327 2418 1378 2472 in
1411 2420 1585 2489 prima
1609 2420 1862 2475 condolct
1900 2422 1948 2475 ci
1991 2421 2057 2475 de
2084 2420 2328 2490 parentis
2355 2421 2558 2490 egregii
2592 2420 2768 2476 obitu.
2808 2420 2861 2473 io
2888 2419 3079 2475 eadem
3117 2419 3219 2473 hac
3256 2418 3488 2487 aliisque
3524 2416 3707 2471 laudat

447 2518 777 2574 magnopere
816 2502 1035 2572 Georgii
1073 2506 1324 2571 virtutes,
1360 2508 1674 2576 gratiasque
1736 2509 1849 2579 agit
1886 2508 1957 2564 ob
1992 2509 2295 2578 impensam
2328 2509 2627 2563 Alanorum
2666 2508 3027 2563 ﬁnitimorum
3068 2506 3413 2562 conversioni
3445 2515 3500 2559 et
3535 2505 3707 2574 lapti-

449 2592 612 2646 smati
644 2606 851 2656 curam,
882 2591 1044 2661 eique
1073 2592 1281 2648 Alania'
1312 2595 1788 2664 archiepiscopum
1839 2597 2085 2664 impense
2108 2597 2475 2652 commendat.
2524 2594 2745 2661 Georgii
2792 2597 2957 2663 hujus
2995 2595 3247 2665 Abasgia:
3275 2594 3563 2663 principis,
3605 2608 3706 2649 nec

454 2697 564 2735 non
600 2681 720 2749 ejus
754 2682 845 2735 lilii
874 2681 1171 2740 Pancratii.
1210 2696 1298 2737 res
1329 2691 1513 2751 gestas
1553 2684 1780 2752 attingit
1810 2684 2088 2739 Cedrenns
2115 2685 2204 2740 ed.
2234 2684 2391 2738 Paris
2420 2680 2460 2737 ἰ.
2492 2684 2556 2750 li,
2601 2700 2653 2752 p.
2696 2684 2821 2746 7i8,
2869 2682 2991 2736 770.
3024 2683 3385 2752 Abasgiornm
3418 2682 3699 2736 historiam

443 2778 501 2821 et
540 2766 955 2822 conversionem
993 2767 1060 2820 ad
1092 2766 1375 2822 Christum
1424 2768 1627 2823 videsis
1673 2770 1814 2837 apud
1867 2769 2135 2823 Zonaram
2182 2771 2278 2824 lib.
2314 2785 2402 2834 xv,
2447 2772 2513 2823 i:
2556 2771 2694 2839 apud
2738 2784 2900 2837 quem
2940 2769 3140 2822 deinde
3190 2770 3285 2823 iii).
3320 2784 3429 2831 xw,
3476 2769 3508 2821 9
3563 2784 3700 2836 ch..

446 2855 667 2925 Georgii
698 2855 881 2909 clades
917 2855 1020 2910 sub
1065 2853 1268 2912 Basilio
1317 2855 1583 2920 secundo,
1628 2865 1682 2910 et
1743 2857 2013 2913 Pancratii
2050 2856 2162 2926 lilii
2234 2858 2380 2912 vices
2436 2858 2603 2913 variae
2652 2867 2972 2912 narrantur.
3038 2856 3198 2911 Circa
3244 2858 3530 2927 epistolam
3592 2856 3706 2927 (8‘2)

445 2943 514 2996 ad
567 2941 951 3013 Landulphum
1006 2942 1122 2999 Inec
1185 2944 1360 2999 habeo
1416 2958 1539 3013 quae
1600 2944 1802 2998 dicam.
1859 2943 2044 2999 Primo
2108 2946 2329 3016 quidem
2410 2946 2807 3001 Constantinus
2868 2946 2920 2999 in
2982 2944 3342 3002 Thematihns
3413 2947 3701 3015 perspicue

446 3032 632 3093 docet,
679 3031 809 3101 quid
859 3040 973 3086 tum
1025 3029 1422 3102 Longobardia:
1463 3032 1686 3088 nomine
1735 3032 2123 3101 designaretur
2161 3073 2175 3098 ,
2234 3049 2431 3103 nempe
2502 3034 2785 3101 provincia
2851 3033 2996 3088 circa
3065 3031 3345 3103 Neapolim
3418 3032 3705 3088 ﬁnitimas-

447 3135 557 3188 que
619 3121 824 3183 urbes,
893 3136 1058 3189 quam
1139 3120 1560 3189 appellationem
1607 3135 1638 3175 a
1692 3119 2067 3190 Longobardis
2121 3120 2362 3176 dominis
2407 3121 2600 3176 sortita
2644 3129 2782 3176 erat.
2854 3121 3082 3179 Constat
3143 3130 3401 3190 prmtcrea
3470 3121 3705 3175 Leonem

448 3208 767 3276 Sapientem
798 3209 971 3263 misso
1001 3209 1247 3264 exercitu
1284 3208 1654 3264 Beneventum
1689 3209 2064 3279 occupavisse.
2111 3207 2466 3279 Landuipbus
2508 3217 2691 3265 autem
2732 3209 3266 3278 Constantinopolim
3311 3225 3338 3261 a
3384 3218 3535 3277 patre
3576 3210 3705 3261 Ata-

451 3297 661 3366 nuipho
688 3298 892 3353 missus
922 3298 1052 3352 olim
1091 3296 1283 3364 iuerat,
1322 3308 1376 3353 et
1407 3298 1603 3353 deinde
1641 3299 1816 3353 evasit
1842 3298 2134 3353 Beneventi
2165 3297 2447 3354 dominus.
2484 3296 2720 3367 Legatur
2768 3295 3053 3352 Viventius
3088 3297 3231 3350 Ilisl.
3275 3295 3448 3364 Neap.
3480 3296 3565 3349 ed.
3595 3311 3704 3351 sec.

449 3396 492 3439 t.
524 3385 568 3450 l,
598 3401 650 3455 p.
682 3384 775 3452 49,
810 3400 912 3441 nec
946 3401 1057 3440 non
1097 3384 1430 3443 Muratorius
1466 3387 1664 3440 Annal.
1705 3386 1837 3441 Ital.
1887 3388 1952 3441 ad
1996 3402 2088 3441 an.
2121 3385 2221 3440 89i
2260 3394 2313 3439 et
2338 3384 2476 3451 909;
2518 3386 2754 3455 denique
2788 3387 2883 3440 Art
2918 3384 2981 3438 de
3012 3384 3166 3453 rérif.
3198 3384 3269 3454 le;
3295 3384 3523 3454 datesin
3555 3384 3705 3452 prin-

448 3473 665 3542 cipibus
696 3471 1015 3529 Beneventi.
1065 3473 1231 3529 Docet
1276 3484 1460 3530 autem
1503 3491 1603 3531 nos
1644 3476 1856 3531 Nicoiai
1899 3475 2132 3545 epistola
2170 3473 2530 3530 Ursoleonem
2577 3474 2869 3544 patricium
2903 3474 3196 3543 quemdam
3234 3474 3288 3526 in
3325 3472 3707 3542 Longobardia

450 3575 553 3630 pro
585 3560 914 3629 imperatore
953 3562 1241 3630 praesidem
1272 3577 1299 3616 a
1336 3562 1664 3634 Landulpho
1710 3565 1883 3620 luisse
1931 3565 2304 3630 interiectum,
2355 3565 2556 3620 castris
2604 3566 2726 3635 ejus
2769 3564 3092 3633 occupatis;
3126 3579 3234 3633 qua
3266 3561 3333 3616 de
3370 3578 3427 3617 re
3468 3561 3709 3630 loquitur

448 3647 616 3701 etiam
667 3648 723 3702 in
755 3648 988 3717 epistola
1034 3648 1101 3703 ad
1132 3652 1451 3719 episcopum
1493 3652 1897 3724 ilydruntinum
1925 3670 1939 3717 ;
1980 3654 2093 3708 imo
2118 3654 2247 3709 illuc
2282 3654 2509 3723 respicit
2542 3653 2705 3707 etiam
2735 3653 2969 3719 epistola
3000 3652 3067 3706 ad
3100 3652 3394 3713 Gadonem
3427 3662 3708 3719 protospa-

450 3736 710 3790 Narium.
740 3735 999 3792 NiCOIaus
1026 3754 1177 3805 vera.
1207 3740 1312 3795 etsi
1343 3755 1453 3795 rem
1481 3752 1687 3811 gestam
1718 3743 1871 3797 valde
1901 3743 2197 3813 improbat,
2231 3743 2401 3797 veniae
2428 3752 2609 3797 tamen
2639 3741 2963 3813 Landuipho
2996 3757 3147 3813 spem
3183 3742 3379 3812 injicit,
3403 3741 3522 3796 «imo
3546 3740 3708 3795 etiam

448 3834 732 3888 obtinendi
780 3832 1173 3903 Longobardia:
1215 3834 1620 3903 praefecturam,
1675 3839 1835 3893 modo
1878 3837 2056 3894 ﬁdelis
2100 3836 2420 3906 imperatori
2462 3837 2553 3891 sit.
2593 3834 2839 3905 Epistola
2884 3852 3109 3907 quoque
3150 3836 3264 3905 (85)
3299 3838 3365 3890 ad
3405 3837 3611 3891 clerum
3658 3849 3713 3893 et

447 3922 742 3989 optimates
770 3920 1163 3990 Longobardire
1190 3921 1246 3977 in
1278 3922 1472 3977 eodem
1498 3924 1720 3993 negatio
1742 3932 2029 3981 versatur:
2073 3924 2299 3980 dederat
2337 3924 2483 3981 enim
2522 3940 2745 3995 operam
2794 3923 3153 3994 Landulphus
3184 3933 3243 3979 ut
3272 3939 3496 3980 causam
3539 3926 3712 3996 ipsius

460 4017 645 4077 ageret
677 4010 856 4065 clerus
889 4012 1029 4077 apud
1069 4012 1251 4066 aulam
1296 4011 1675 4083 Byzantinam,
1711 4024 1765 4067 et
1808 4027 1869 4068 se
1914 4013 2202 4081 presidem
2242 4014 2483 4083 regionis
2533 4012 2858 4084 postularet.
2914 4012 3161 4083 Denique
3191 4013 3259 4068 ad
3288 4016 3573 4083 epistolam
3610 4014 3714 4069 145

454 4096 597 4163 quod
628 4098 842 4161 attinet,
876 4100 1086 4155 scimus
1118 4099 1565 4169 Amalphitanam
1611 4101 1891 4156 civitatem
1924 4100 2258 4169 temporibus
2303 4100 2411 4157 illis
2454 4110 2640 4157 extera
2682 4100 3061 4156 dominatione
3113 4102 3367 4167 liberam,
3410 4118 3505 4172 per
3546 4103 3712 4157 duces

460 4196 591 4236 suos
616 4186 721 4255 regi
774 4186 1017 4252 solitam,
1047 4196 1102 4241 et
1142 4185 1349 4243 Graecis
1381 4202 1603 4257 quoque
1630 4197 1837 4243 contra
1876 4187 2096 4243 ltaiicos
2135 4187 2443 4242 Saracenos
2470 4204 2626 4257 opem
2668 4187 2881 4243 tulisse.
2924 4189 3083 4244 Nunc
3113 4188 3372 4244 Nicolaus
3401 4206 3500 4259 pro
3538 4190 3711 4260 capti-

454 4272 538 4324 vis
573 4271 895 4329 Christianis
943 4288 1044 4344 Ope
1091 4276 1248 4333 ducis
1282 4276 1650 4347 Amaiphitani
1693 4291 1754 4330 es
1814 4275 2179 4329 Barbarorum
2223 4275 2486 4328 servitute
2532 4273 2876 4329 vindicandis
2920 4275 3157 4337 laborat,
3202 4276 3273 4332 ob
3316 4292 3549 4346 eamque
3602 4292 3712 4331 rem

451 4360 739 4427 pecuniam
777 4376 996 4430 quoque
1030 4365 1328 4421 submittit.
1360 4366 1807 4435 Amalphitannn'i
1840 4366 2035 4419 ducem
2063 4362 2321 4418 Nicolans
2352 4363 2653 4431 spiritalem
2688 4362 2863 4416 lilium
2901 4378 3063 4417 suum
3097 4363 3251 4417 dicit.

526 4446 659 4502 Vill.
691 4449 899 4509 Nieoiai
949 4455 1015 4507 ad
1047 4470 1363 4523 supremum
1403 4456 1788 4509 Armeniorum
1823 4453 2124 4523 principem
2154 4452 2383 4521 epistola
2404 4451 2551 4522 (I59)
2588 4449 2848 4520 peculiari
2878 4451 3251 4507 dcclaratione
3282 4451 3354 4506 ob
3385 4451 3717 4507 ecclesiasti-

449 4553 571 4591 cam
597 4541 716 4609 ejus
745 4544 926 4611 gentis
968 4544 1256 4601 historiam
1298 4546 1462 4617 digna
1514 4546 1752 4599 videtur.
1794 4543 1868 4596 Ea
1910 4542 2174 4598 scribitur
2208 4539 2273 4593 ad
2326 4537 2646 4594 Sembatuni
2684 4537 2860 4594 Asutii
2898 4539 3068 4593 tilium
3104 4538 3537 4611 Bagratunium,‘
3556 4555 3714 4609 quem

448 4643 577 4681 cum
610 4630 765 4685 titulo
805 4634 1062 4701 principis
1104 4636 1405 4703 principum
1458 4634 1811 4703 imperitasse
1860 4631 2135 4685 Armeniae
2181 4630 2326 4684 inter
2373 4628 2560 4682 saeculi
2609 4629 2739 4682 noni
2793 4630 2955 4683 ﬁnem
2991 4644 3058 4684 ac
3094 4629 3293 4684 decimi
3330 4628 3545 4683 initium
3590 4628 3720 4681 dicit

449 4715 676 4771 Samuel
716 4718 976 4775 Aniensis
1024 4722 1078 4776 in
1121 4721 1400 4778 Chronico
1434 4738 1545 4777 non
1579 4722 1829 4791 ignobili,
1866 4719 2013 4789 quod
2047 4732 2145 4771 nos
2177 4717 2484 4786 interprete
2519 4732 2572 4780 ν,
2605 4716 2674 4772 cl.
2708 4715 2919 4772 Joanne
2965 4715 3221 4772 Zohrabo
3254 4716 3543 4772 Mediolani
3574 4732 3720 4770 anno

451 4805 595 4859 1818
626 4808 1012 4865 suhtexuimus
1040 4812 1321 4866 famosiori
1352 4813 1428 4867 illi
1461 4810 1681 4864 Eusebii
1712 4807 2070 4865 Cassariensis
2112 4806 2411 4868 Chronico,
2454 4806 2598 4875 quod
2646 4805 2846 4860 ibidem
2879 4821 3036 4874 teque
3068 4806 3339 4861 edidimus
3370 4822 3435 4860 ex
3478 4804 3720 4875 genuino

449 4902 508 4946 et
534 4897 852 4953 authentico
884 4900 1141 4954 llaicanm
1173 4902 1371 4969 linguae
1402 4900 1615 4960 codice.
1646 4914 1810 4967 quem
1851 4898 1965 4965 ipse
1992 4896 2247 4950 laudatus
2276 4893 2565 4947 Zohrahus
2602 4892 3077 4962 Constantinopoli
3116 4893 3370 4949 Venetias
3399 4893 3723 4961 deportave-

448 4991 557 5045 rat,
590 4995 757 5054 atque
780 4986 832 5041 in
866 5003 1029 5043 suum
1061 4990 1345 5058 exemplar
1375 4988 1519 5044 ﬁdeli
1554 5003 1784 5059 prorsus
1813 4985 2109 5041 collatione
2144 4980 2542 5037 transfuderat.
2584 4980 2843 5050 Epistulae
2878 4980 3072 5051 triplex
3110 4981 3276 5036 veluti
3324 4979 3547 5048 partitio
3589 4988 3672 5033 est
3701 4999 3713 5035 ;

445 5074 655 5127 ctenim
687 5074 741 5128 io
776 5076 952 5145 prima
982 5078 1247 5147 praedicat
1285 5076 1544 5133 Nicolaus
1592 5077 1727 5133 recti
1777 5075 2051 5145 dogmatis
2092 5067 2424 5143 (εὐσεϐείας)
2458 5066 2869 5135 necessitatem,
2908 5084 2938 5124 a
2970 5085 3079 5138 quo
3115 5067 3370 5125 nonnulli
3407 5068 3720 5136 (Armenios

450 5158 731 5232 intelligit)
758 5179 886 5219 cum
914 5168 1179 5236 majorum
1225 5183 1455 5224 suorum
1490 5168 1650 5238 culpa
1685 5166 2073 5225 descivissent,
2112 5159 2387 5215 mordicus
2421 5171 2604 5213 tamen
2642 5158 2802 5214 avita:
2832 5160 3113 5225 traditioni
3143 5158 3717 5241 adhaerebantzquam

451 5265 566 5303 rem
593 5252 830 5307 alienam
853 5270 981 5309 esse
1012 5258 1161 5310 omni
1190 5256 1368 5312 oilicio
1402 5265 1456 5310 et
1488 5256 1800 5326 prudentia,
1825 5253 2023 5309 merito
2063 5249 2217 5304 dicit.
2245 5247 2303 5302 lu
2332 5248 2504 5303 altera
2532 5249 2776 5303 sectione
2806 5248 3052 5317 epistolae
3080 5254 3284 5310 narrat,
3303 5254 3522 5302 mortuo
3546 5262 3719 5318 nuper

452 5340 598 5407 apud
628 5341 922 5399 Armenios
966 5346 1295 5413 patriarcha,
1347 5347 1461 5400 sive
1495 5354 1553 5399 ut
1591 5344 1752 5415 vulgo
1782 5342 1940 5397 aiunt
1976 5338 2249 5395 catholico
2293 5337 2411 5407 (qui
2457 5337 2637 5391 fuerat
2672 5336 2992 5406 MastosiuS)
3042 5334 3343 5405 principem
3396 5335 3716 5391 Armenium

452 5444 550 5495 iter
590 5445 721 5484 suos
750 5435 1119 5503 apocrisarios
1144 5434 1491 5504 significasse
1526 5433 1729 5488 Caesari
1772 5431 2077 5502 Byzantiuo
2120 5428 2237 5498 (qui
2272 5435 2391 5482 erat
2432 5426 2539 5481 Leo
2570 5426 2963 5496 Philosophus)
3001 5440 3103 5478 nec
3143 5438 3249 5477 non
3292 5424 3498 5481 Grmcaz
3535 5426 3721 5481 Eccle-

447 5519 568 5581 sire,
602 5518 844 5589 cogitare
888 5538 947 5577 se
985 5525 1055 5579 de
1094 5523 1365 5579 mittendo
1415 5521 1958 5591 Constantinopolim
2013 5520 2110 5573 illo
2160 5517 2404 5582 homine,
2451 5530 2617 5585 quem
2666 5529 2865 5569 novum
2908 5512 3284 5583 patriarcham
3330 5515 3719 5585 dcsignaturns

447 5615 590 5671 erat,
624 5615 684 5661 ut
721 5610 795 5664 ibi
824 5614 1300 5668 consecrationem
1348 5612 1642 5681 reciperet,
1685 5620 1741 5665 et
1788 5624 1914 5663 cum
1962 5609 2157 5663 Grarco
2199 5609 2346 5663 clero
2388 5606 2638 5678 religiosa
2689 5603 2919 5659 consilia
2966 5602 3242 5661 misceret.
3271 5605 3425 5661 lianc
3459 5604 3721 5675 principis

450 5697 788 5755 voluntatem
826 5715 1156 5774 magnopere
1180 5702 1396 5773 probat,
1431 5710 1595 5771 atquc
1644 5709 1701 5755 ut
1744 5701 1862 5757 sine
1908 5712 2059 5756 mora
2104 5698 2159 5755 in
2203 5714 2319 5753 rem
2354 5698 2693 5757 conferatur.
2727 5694 2987 5751 Nicolitus
3029 5696 3323 5759 nouatur:
3358 5696 3521 5753 itione
3557 5694 3718 5750 Salii“
