3996 6208
305 211 380 273 23
1532 180 1543 187 ’
1736 211 2152 274 PR/EFATIO.
3506 218 3581 282 et

309 316 685 373 necessarium
715 317 812 385 ait,
862 315 1158 390 propterea
1198 323 1344 392 quod
1372 323 1617 381 Armenii
1642 334 1871 380 eatenus
1910 324 1979 377 ab
2013 323 2333 378 orthodoxae
2372 324 2638 378 doctrinm
2680 324 2901 379 tramite
2930 323 3344 381 aberraverant.
3373 327 3496 394 Quo
3526 332 3580 386 itt

304 407 425 461 loco
453 405 631 461 Photii
658 421 880 477 quoque
908 406 1225 465 decessoris
1252 412 1339 467 sui
1366 412 1694 481 legationem
1727 424 1893 483 atque
1922 414 2210 479 epistolam
2262 413 2330 467 ad
2382 410 2700 466 Zachariam
2771 413 3161 467 Armeniorum
3204 414 3575 483 patriarchatn

303 503 575 549 memorat
622 509 721 564 pro
760 494 1055 550 concordia
1099 506 1265 568 atque
1294 499 1361 554 ad
1397 502 1782 557 orthodoxiam
1812 501 2033 555 reditu:
2064 501 2166 555 etsi
2215 502 2267 555 id
2330 510 2608 557 tentamen
2668 500 2740 555 ob
2799 508 3111 569 temporum
3175 500 3581 561 vicissitudines

302 597 524 638 cassum
555 584 797 638 evasisse
819 584 918 638 ait.
964 583 1023 639 In
1061 596 1339 654 postrema
1367 589 1585 645 demum
1622 599 1778 661 parte
1808 604 1922 643 rem
1953 589 2266 658 praedictam
2295 582 2519 660 perora't
2543 590 2823 656 Nicolaus,
2855 590 3011 644 valde
3044 599 3244 661 optans
3282 602 3340 648 et
3374 611 3581 666 urgens

302 681 362 725 nt
394 670 674 740 eligendus
705 672 904 742 praesul
929 672 1143 729 sincera
1177 675 1436 732 Ecclesire
1464 679 1715 734 doctrina
1746 677 2221 747 Constantinopoli
2249 680 2548 746 imbuatur,
2584 696 2694 751 quo
2724 682 2776 735 in
2806 680 3039 750 patriam
3074 696 3329 739 reversus
3378 687 3575 741 Arme-

304 760 522 813 niacum
546 759 812 829 populum
845 762 988 816 haud
1020 763 1285 834 religione
1319 765 1502 823 minus
1530 783 1695 837 quant
1752 768 1898 822 civili
1953 782 2086 837 pace
2132 768 2335 823 Graecis
2400 769 2681 840 adjungat.
2735 768 3010 825 Hactenus
3060 769 3266 828 Nicolai
3318 777 3575 845 epistola.

301 844 694 902 Verumtamen
724 863 814 905 res
838 850 1013 905 multo
1041 851 1204 907 aliter
1239 854 1441 909 accidit
1474 873 1488 908 :
1522 855 1833 925 patriarcha
1863 855 2007 910 enim
2042 856 2147 911 hoc
2178 866 2417 926 tempore
2478 858 2708 921 electus,
2739 858 2981 915 Joannes
3007 868 3197 915 sextus
3226 844 3574 935 fuit,eogno-

299 945 486 989 mento
528 935 859 1004 Historicus,
904 939 1000 1009 qui
1038 940 1223 996 sedem
1253 942 1402 997 illam
1434 943 1569 999 adiit
1598 959 1743 999 anno
1762 943 1887 1000 897.
1917 945 1965 999 Is
1995 954 2175 999 autem
2207 945 2341 1000 adeo
2365 946 2432 1000 ad
2455 946 2805 1001 concordiam
2838 946 3155 1018 dogmatum
3183 964 3291 1002 non
3319 953 3572 1018 accessit,

297 1033 357 1078 ut
407 1039 468 1078 se
519 1025 630 1080 into
678 1024 1148 1084 Chalcedonensis
1197 1032 1390 1101 synodi
1434 1032 1647 1087 hostem
1678 1032 1732 1087 in
1763 1031 1997 1087 Historia
2025 1048 2123 1088 sua
2156 1032 2333 1103 palam
2372 1033 2732 1103 profiteatur:
2781 1044 2836 1090 et
2875 1049 3021 1103 saepe
3068 1035 3291 1104 quidem
3346 1051 3378 1091 a
3427 1038 3575 1093 Con-

296 1112 541 1168 stantino
588 1113 747 1183 imp.,
787 1128 885 1184 per
932 1115 1308 1173 Theodosium
1376 1120 1637 1191 legatum,
1685 1120 2221 1191 Constantinopolim
2293 1120 2463 1177 fuisse
2538 1121 2828 1177 invitatum
2890 1124 3008 1189 ait,
3040 1139 3323 1193 nunquam
3394 1136 3575 1180 tamen

298 1200 426 1256 illuc
457 1200 787 1270 profectum,
826 1218 894 1259 ne
921 1204 1074 1274 pacis
1107 1205 1255 1261 initae
1288 1208 1373 1262 vel
1424 1209 1675 1265 ineundae
1712 1224 1837 1265 cum
1867 1208 2335 1267 Chalcedonensis
2367 1209 2557 1281 synodi
2607 1211 2834 1267 asseclis
2880 1211 3249 1269 schismaticat
3280 1214 3429 1283 genti
3459 1230 3575 1270 sua:
3604 1219 3611 1227 '

298 1290 668 1360 suSpicionem
696 1290 984 1362 praeberet.
2294 1310 2303 1319 '

1721 1413 1922 1470 Classis
1956 1415 2162 1485 quinta.

376 1518 465 1575 IX.
507 1520 904 1594 Episcoporum
968 1527 1138 1581 totius
1192 1527 1344 1584 orbis
1380 1525 1676 1583 Christiani
1720 1528 1939 1598 plenam
1984 1530 2234 1585 notitiam
2265 1530 2615 1602 quandonam
2645 1530 2931 1588 collectam
2965 1532 3330 1589 habebimus?
3367 1531 3563 1588 Orien-

305 1610 496 1665 talium
541 1612 760 1681 quidem
810 1614 1033 1669 nomina
1064 1631 1357 1685 aggressus
1391 1623 1477 1670 est
1506 1631 1832 1671 enumerare
1859 1616 2162 1689 Lequinius
2207 1620 2260 1674 itt
2316 1619 2533 1675 Oriente
2574 1618 2918 1685 Christiano;
2961 1629 3355 1686 verumtamen,
3400 1622 3565 1676 unius

306 1698 546 1780 hominis
574 1700 722 1756 vires
760 1700 807 1757 is
840 1702 995 1757 labor
1021 1704 1341 1759 excedebat.
1380 1702 1752 1759 Nihilominus
1785 1707 1998 1776 majore
2034 1708 2214 1764 adhuc
2253 1723 2391 1764 ausu
2424 1707 2721 1764 cardinalis
2760 1707 3106 1777 Garampius,
3133 1708 3262 1763 dum
3300 1707 3566 1765 Vaticano

304 1786 578 1842 tabulario
609 1800 864 1859 praeerat,
896 1806 1034 1860 opus
1068 1793 1400 1848 moliebatur
1432 1794 1756 1864 inscriptum
1796 1794 1954 1849 Orbis
1988 1794 2351 1859 Christianus,
2400 1813 2527 1852 cum
2577 1797 2789 1852 infinita
2839 1798 3227 1867 episcoporum
3265 1798 3563 1868 congerie:

300 1885 679 1931 verumtamen
717 1878 833 1934 haec
862 1895 1082 1949 quoque
1115 1879 1424 1936 lucubratio
1455 1882 1510 1936 in
1547 1882 1876 1937 schedarum
1924 1883 2337 1937 innumerarum
2387 1899 2583 1938 acervo
2626 1899 2732 1939 ms.
2776 1884 2943 1953 jacet.
2999 1882 3107 1939 Sed
3168 1884 3315 1939 enim
3348 1884 3567 1939 illarum

303 1966 525 2035 quidem
556 1968 865 2036 regionum,
909 1984 1029 2037 qua:
1077 1970 1386 2039 peculiares
1432 1970 1847 2041 episcopatuum
1896 1986 2123 2026 suorum
2154 1972 2453 2042 scriptores
2500 1982 2673 2026 nactae
2713 1982 2863 2039 sunt,
2904 1972 3064 2028 facile
3111 1972 3422 2043 episc0pos.
3463 1973 3566 2029 etsi

306 2054 551 2108 nondum
586 2071 800 2122 omnes,
835 2057 1232 2113 nanciscimur.
1266 2058 1514 2113 Aliarum
1546 2074 1698 2125 vero,
1738 2075 1860 2130 quae
1896 2061 2150 2129 plurima:
2194 2071 2347 2123 sunt,
2396 2060 2681 2130 regionum
2714 2061 3003 2131 episcopos
3042 2077 3311 2132 nusquam
3364 2061 3564 2115 melius

302 2159 464 2212 quam
495 2144 549 2198 in
582 2143 782 2200 Labbei
823 2145 890 2200 ad
922 2146 1155 2202 concilia
1186 2156 1447 2217 apparatu
1482 2148 1889 2217 cognoscimus,
1928 2148 2069 2219 apud
2141 2163 2303 2218 quem
2350 2156 2460 2202 tam
2492 2148 2762 2218 generalis
2800 2164 2964 2219 quam
3011 2150 3404 2219 geographicus
3445 2148 3565 2218 epi-

302 2246 622 2301 scoporum,
650 2232 745 2303 qui
782 2233 837 2288 in
884 2234 1130 2289 collectis
1156 2235 1227 2289 ab
1252 2249 1320 2289 eo
1360 2235 1614 2291 conciliis
1642 2240 2016 2301 nominantur,
2049 2236 2333 2306 catalogus
2382 2238 2607 2308 legitur.
2643 2239 2900 2293 Attamen
2931 2238 3019 2292 hic
3050 2252 3267 2308 quoque
3296 2250 3562 2292 numerus

300 2332 644 2392 quantopere
673 2324 745 2378 sit
769 2323 1148 2394 imperfectus,
1177 2324 1426 2395 quotidie
1456 2325 1817 2396 dignoscitur,
1848 2326 2025 2395 primo
2053 2327 2182 2396 quia
2212 2326 2427 2380 nonnisi
2453 2326 2701 2381 conciliis
2724 2326 2933 2391 nititur,
2963 2327 3155 2380 iterum
3183 2325 3311 2394 quia
3332 2324 3566 2380 concilia

302 2408 418 2477 ipsa
448 2409 594 2463 haud
628 2410 815 2465 omnia
850 2426 1029 2481 neque
1056 2420 1187 2466 tunc
1218 2427 1395 2482 neque
1420 2414 1582 2468 modo
1608 2424 1737 2468 sunt
1764 2416 1982 2485 cognita
2012 2432 2027 2469 :
2052 2432 2181 2471 ecce
2211 2417 2358 2470 enim
2387 2431 2488 2471 nos
2516 2416 2618 2487 ipsi
2649 2418 2985 2487 incomperta
3016 2415 3233 2470 Lahbeo
3256 2415 3363 2470 duo
3386 2430 3561 2481 nuper

301 2496 669 2567 vulgavimus,
693 2514 819 2553 cum
853 2500 1240 2571 episcoporum
1276 2502 1572 2555 multorum
1605 2503 2130 2579 subscriptionibus.
2167 2504 2441 2571 Quorsum
2498 2505 2613 2559 hate
2656 2504 2935 2558 dicimus?
2982 2503 3186 2572 Nempe
3219 2510 3276 2557 ttt
3308 2503 3557 2572 quintam

299 2584 660 2653 epistolarum
692 2585 897 2643 Nicolai
930 2588 1161 2643 classem
1197 2589 1300 2643 hoc
1333 2590 1523 2644 saltem
1554 2590 1713 2643 titulo
1738 2593 2211 2664 commendemus,
2254 2594 2401 2662 quod
2430 2594 2715 2664 Byzantini
2747 2593 3152 2662 patriarchatus
3181 2592 3562 2660 episcoporum

300 2676 523 2730 nomina
555 2675 754 2745 partim
785 2676 1033 2732 inaudita
1066 2676 1306 2733 fortasse
1336 2678 1555 2740 recitat,
1586 2658 1785 2746 partim
1813 2694 1959 2735 novo
1990 2658 2323 2735 documento
2350 2658 2693 2734 confirmata.
2728 2658 2863 2731 Nam
2895 2682 2961 2732 de
2988 2679 3334 2747 singularum
3362 2658 3567 2747 episto-

300 2764 475 2817 larum
520 2765 855 2835 argumentis
906 2750 1188 2821 hrevitatis
1225 2765 1398 2833 gratia
1453 2766 1538 2819 vix
1586 2766 1735 2835 loqui
1788 2780 2111 2835 possumus.
2168 2764 2305 2819 Cum
2352 2765 2422 2819 de
2474 2764 2738 2832 Bulgaria
2773 2764 3193 2833 archiepiscopo
3240 2766 3351 2835 jam
3400 2775 3550 2820 retro

302 2852 629 2918 dixerimus,
675 2853 919 2923 reliquos
959 2852 1306 2921 alpltahetico
1347 2853 1541 2907 ordine
1589 2868 2007 2921 prosequemur,
2049 2866 2282 2920 quorum
2312 2851 2357 2906 si
2387 2867 2547 2921 quant
2584 2850 2833 2905 notitiam
2870 2867 2937 2906 ex
2969 2850 3189 2907 Lahbeo
3221 2852 3303 2907 vel
3343 2852 3566 2908 aliunde

305 2942 618 3005 hausimus,
651 2955 759 2995 non
792 2940 1167 2995 retieebimus.
1227 2938 1325 3009 Ep.
1363 2940 1453 3002 52,
1486 2940 1609 3005 118,
1656 2940 1776 3001 155.
1817 2940 1882 2994 15

1986 2938 2072 2993 155
2106 2939 2311 2993 Alanis:
2367 2938 2871 3009 archiepiscopatus
2899 2949 2983 2994 est
3015 2940 3067 2993 in
3110 2939 3309 2995 Leonis
3337 2941 3564 3010 Sapien-

304 3034 376 3086 tis
407 3031 795 3085 schematismo
826 3029 970 3100 apud
1004 3028 1397 3085 Leuuclavium
1432 3038 1469 3083 t.
1501 3028 1542 3095 Ι,
1577 3045 1630 3099 p.
1666 3028 1756 3082 88.
1808 3029 2051 3083 Alterius
2101 3028 2427 3083 recentioris
2465 3027 2672 3082 Alaniar
2709 3028 3107 3098 archiepiscopi
3142 3030 3342 3099 scripta
3372 3030 3559 3087 Grmca

306 3120 454 3174 haud
491 3118 804 3189 paenitenda
840 3117 975 3172 ntihi
1020 3118 1239 3190 cognita
1288 3127 1443 3185 sunt,
1480 3134 1603 3185 qua:
1645 3127 1832 3189 postea
1863 3117 2129 3172 litterario
2164 3117 2282 3171 orbi
2329 3116 2674 3186 patefaciam.
2710 3115 2809 3185 Ep.
2839 3115 2928 3183 65,
2956 3116 3128 3171 Amisi
3163 3115 3423 3173 Joannes.
3460 3118 3558 3188 Ep.

305 3208 434 3273 115,
477 3208 819 3263 Athenarum
864 3205 1082 3262 Nicetas
1135 3206 1389 3262 interfuit
1434 3204 1669 3260 concilio
1723 3205 2141 3275 Constantinop.
2196 3221 2288 3259 an.
2333 3204 2458 3259 870.
2515 3204 2847 3259 Memoratur
2891 3204 3055 3259 etiam
3104 3204 3225 3274 ejus
3271 3220 3563 3262 successor

304 3296 480 3351 Sabas
514 3296 607 3365 qtti
644 3294 896 3351 interfuit
939 3296 1396 3367 pseudo-synodo
1428 3294 1709 3350 Photiana:
1755 3310 1847 3348 an.
1884 3294 2009 3349 879.
2050 3293 2147 3362 Ep.
2184 3293 2305 3358 115,
2352 3293 2659 3347 Antiochia:
2701 3294 3045 3363 metropolita
3085 3293 3440 3365 Euthymius;
3476 3295 3564 3349 in-

308 3385 488 3456 tellige
522 3384 735 3441 Pisidia:
758 3386 1131 3451 Antiochiam,
1165 3401 1286 3456 quae
1322 3400 1513 3440 revera
1548 3392 1666 3439 erat
1714 3384 2054 3453 metropolis,
2092 3381 2264 3437 Lahb.
2303 3383 2415 3438 ind.
2444 3398 2631 3452 geogr.
2668 3381 2770 3451 Ep.
2804 3382 2926 3445 111,
2971 3382 3094 3446 128,
3130 3381 3368 3438 Chaldiat
3403 3382 3561 3440 Basi-

305 3472 443 3539 lius;
485 3473 743 3526 mendnnt
784 3474 1003 3527 videtur
1047 3474 1101 3527 in
1148 3472 1384 3527 concilio
1427 3471 1847 3541 Constantinop.
1890 3475 2018 3526 anni
2051 3472 2178 3535 870,
2228 3472 2319 3527 ulti
2368 3472 2601 3527 Basilius
2645 3470 3137 3538 Chalcedonensis,
3183 3471 3416 3528 fortasse
3464 3488 3563 3543 pro

305 3561 675 3617 Chaldieusis.
718 3561 891 3617 Porro
941 3562 1170 3617 Chaldia
1214 3561 1319 3616 fuit
1360 3577 1529 3616 unum
1581 3575 1647 3615 ex
1695 3560 1913 3631 imperii
1960 3560 2292 3615 thematibus
2334 3560 2389 3614 itt
2442 3559 2665 3614 Pontica
2701 3561 2943 3630 regione.
2978 3558 3075 3629 Ep.
3106 3560 3230 3627 106,
3262 3560 3563 3617 Chersonis

307 3650 763 3720 archiepiscopus
795 3650 1009 3705 videtur
1037 3650 1129 3705 ille
1162 3651 1363 3705 Paulus
1394 3650 1487 3720 qui
1524 3650 1628 3704 hoc
1660 3649 1819 3703 titulo
1849 3648 2177 3718 subscripsit
2223 3648 2675 3719 pseudo-synodo
2702 3646 2985 3703 Photiana:
3020 3665 3111 3703 an.
3139 3648 3263 3704 879.
3296 3649 3395 3718 Ep.
3433 3650 3560 3715 157,

298 3739 480 3809 Cyzici
519 3738 843 3794 Demetrius.
880 3739 976 3811 Ep.
1014 3739 1104 3805 50,
1137 3739 1262 3804 107,
1296 3738 1570 3804 130,137,
1604 3738 1727 3802 158,
1774 3738 1958 3808 Cyzici
2007 3736 2352 3807 metropolita
2400 3736 2667 3807 lgnatius.
2723 3735 2822 3806 Ep.
2878 3736 2972 3801 95,
3012 3738 3135 3801 115,
3176 3738 3559 3808 ClaudiOpolos

304 3830 676 3885 Theoctislus.
706 3831 806 3900 Ep.
841 3830 934 3895 59,
965 3831 1058 3897 M,
1090 3831 1183 3897 42,
1216 3831 1309 3895 48,
1339 3830 1428 3892 89.
1462 3830 1553 3894 94,
1589 3830 1713 3893 121,
1752 3829 1878 3893 152,

1983 3832 2030 3893 l.
2069 3830 2191 3894 154,
2226 3829 2353 3894 160,
2392 3829 2592 3900 Ephesi
2632 3829 2979 3898 metropolita
3024 3830 3321 3899 CregOrius
3358 3831 3558 3888 scribi-

306 3932 394 3974 tur
426 3920 477 3973 in
512 3918 725 3974 Oriente
756 3918 1091 3985 Christiano,
1122 3929 1161 3973 t.
1199 3920 1238 3985 l,
1270 3936 1324 3989 p.
1358 3918 1483 3985 685,
1516 3928 1569 3973 et
1600 3919 1742 3988 apud
1780 3918 1950 3973 Lahb.
1996 3914 2251 3970 interfuit
2284 3915 2735 3988 pseudo-synodo
2764 3915 3064 3971 Photiana.
3098 3918 3193 3988 Ep.
3228 3919 3353 3983 132,
3387 3918 3559 3975 Hera-

302 4009 434 4062 elezn
468 4006 715 4063 Photius.
745 4006 843 4078 Ep.
878 4009 972 4069 58,
1004 4009 1171 4063 Iconii
1205 4023 1535 4079 auonymus.
1572 4006 1852 4062 Palladius
1874 4004 2093 4076 quidem
2134 4005 2306 4059 Iconii
2343 4006 2660 4060 nominatur
2686 4007 2738 4059 in
2767 4005 2997 4075 epistola
3023 4006 3227 4064 Leonis
3256 4008 3387 4079 imp.
3415 4010 3559 4079 apud

308 4096 475 4151 Labh.
511 4107 551 4151 t.
585 4097 673 4160 ιν,
710 4111 762 4166 p.
806 4096 965 4151 1856.
1002 4096 1284 4169 Styliauus
1324 4104 1379 4152 et
1427 4096 1870 4168 Theophylactus
1919 4094 2087 4150 Iconii
2130 4095 2183 4149 itt
2222 4096 2433 4167 synodo
2474 4094 2897 4164 Constantinop.
2931 4112 3023 4150 an.
3059 4095 3184 4151 870.
3223 4095 3561 4168 TlteOphilus

304 4184 475 4239 Iconii
510 4188 566 4238 in
601 4184 1050 4256 pseudo-synodo
1083 4185 1369 4240 Photiana.
1408 4184 1506 4253 Ep.
1538 4186 1627 4248 83,
1657 4184 1925 4256 llydrunti
1969 4198 2299 4253 anonymus,
2334 4183 2553 4238 videtur
2585 4182 2803 4238 Marcus
2841 4182 3221 4255 Hydruntinus
3252 4186 3342 4254 qui
3377 4188 3476 4239 fuit
3507 4187 3561 4240 itt

303 4273 756 4347 pseudo-synodo
790 4272 1080 4329 Photiana.
1113 4273 1213 4345 Ep.
1254 4274 1375 4338 104,
1410 4274 1535 4338 158,
1568 4273 1852 4328 Laodicea:
1885 4273 2225 4340 metrOpolita
2258 4272 2676 4327 Constantinus.
2711 4271 2808 4341 Ep.
2840 4273 2964 4335 116,
2993 4272 3229 4328 Larissa:
3255 4273 3557 4341 Philippus.

304 4364 404 4432 Ep.
434 4363 526 4429 49,
558 4364 916 4433 tnetropolitis
946 4376 1100 4419 extra
1138 4364 1585 4418 communionem
1616 4362 1834 4431 positis,
1862 4361 1932 4415 ob
1963 4360 2204 4415 scltisma
2245 4358 2494 4413 videlicet
2542 4360 2593 4411 in
2650 4373 2815 4413 causa
2864 4360 3236 4429 tetragamiae;
3279 4374 3309 4413 a
3359 4360 3560 4428 quibus

301 4452 552 4513 queritur
585 4467 643 4505 se.
673 4452 1020 4517 derelictum,
1058 4468 1087 4506 a
1129 4452 1257 4506 filiis
1287 4461 1521 4521 patrem.
1560 4450 1659 4517 Ep.
1707 4451 1797 4514 71,
1835 4451 1962 4517 100,
2013 4451 2204 4505 Nicaea:
2237 4445 2545 4502 Alexander
2592 4448 2645 4500 itt
2697 4445 2913 4501 Oriente
2958 4436 3159 4503 carm.
3193 4456 3233 4502 t.
3265 4446 3306 4512 I,
3339 4463 3391 4516 p.
3432 4448 3558 4503 648.

306 4539 403 4608 Ep.
428 4540 519 4601 96,
549 4540 640 4605 97,
674 4539 1005 4595 Nicomediae
1040 4540 1303 4609 lgnatins.
1341 4540 1442 4609 Ep.
1466 4540 1558 4599 15.
1594 4540 1714 4603 119,
1749 4540 1876 4605 185,

1983 4549 2209 4593 ttrarnm
2243 4537 2591 4606 metropolita
2622 4538 2889 4593 Andreas.
2924 4537 3020 4606 Ep.
3063 4538 3187 4603 108,
3233 4536 3357 4599 110,
3387 4535 3561 4591 Pissi-

305 4628 493 4681 nuntis
528 4626 840 4682 Eustratius
870 4629 929 4682 in
963 4629 1411 4703 pscudmsyuodo
1444 4627 1732 4683 Photiana.
1773 4628 1870 4697 Ep.
1907 4629 2030 4693 142,
2064 4628 2318 4683 Sardium
2355 4628 2701 4696 metrOpolita
2730 4627 3025 4682 Antonius.
3070 4624 3168 4695 Ep.
3207 4625 3295 4688 57,
3330 4625 3563 4696 Synadis

302 4731 631 4787 auonymus.
671 4715 865 4771 Petrus
904 4716 1279 4787 Synnadensis
1332 4717 1384 4770 in
1435 4718 1673 4770 concilio
1706 4718 2124 4787 Constantinop.
2162 4716 2289 4770 anni
2337 4715 2463 4771 870.
2512 4716 2771 4770 Nicolaus
2821 4713 3197 4785 Synnadensis
3235 4714 3288 4767 in
3328 4715 3564 4782 pseudo-

302 4804 516 4875 synodo
548 4804 815 4859 Photiana
858 4807 985 4860 anni
1034 4807 1160 4861 879.
1206 4805 1285 4859 Ad
1341 4805 1484 4860 hunc
1538 4806 1779 4861 scribere
1825 4805 2112 4859 Nicolaum
2173 4806 2541 4874 patriarcham
2586 4802 2919 4859 credendum
2958 4811 3062 4858 est.
3121 4802 3219 4873 Ep.
3266 4803 3391 4868 117,
3437 4801 3565 4870 129,

305 4893 467 4962 Sylrei
501 4893 631 4949 Leo.
672 4895 771 4961 Ep.
811 4894 935 4955 19.2,
970 4894 1299 4950 Ambrosius
1326 4893 1640 4963 episcopus.
1681 4895 1779 4963 Ep.
1807 4892 1896 4957 98,
1927 4907 2236 4964 auonymus
2260 4892 2576 4961 episcopus.

372 4981 430 5035 In
461 4982 626 5052 hujus
655 4984 861 5052 quintae
899 4984 1091 5039 classis
1120 4982 1369 5053 epistolis
1413 4983 1598 5052 agitur
1645 4982 1714 5037 de
1763 4982 2119 5036 ecclesiarum
2152 4983 2437 5052 regimine.
2474 4981 2542 5035 de
2571 4980 2871 5036 schismate
2894 4980 3232 5050 tetragamia
3260 4994 3447 5041 causa,
3498 4977 3565 5031 de

304 5070 473 5124 variis
505 5071 651 5124 circa
683 5086 801 5125 eam
832 5080 1047 5126 aetatem
1081 5072 1333 5141 personis
1363 5071 1449 5126 vel
1487 5071 1747 5140 negotiis,
1794 5071 1861 5125 de
1903 5070 2148 5139 ejusdem
2185 5070 2450 5140 temporis
2487 5068 2917 5123 calamitatibus.
2965 5069 3023 5124 ltt
3065 5083 3153 5138 ep.
3182 5068 3254 5122 94
3280 5066 3564 5130 attingitur

304 5160 671 5217 immunitatis
709 5162 1095 5215 ecclesiasticae
1138 5160 1252 5229 jus.
1310 5160 1534 5229 Aliquot
1583 5159 1820 5228 denique
1850 5159 2097 5228 epistolae
2125 5158 2422 5213 familiares
2452 5167 2581 5213 sunt
2606 5169 2660 5214 et
2684 5157 2964 5215 otliciosae.
2998 5159 3404 5229 Attonymarum
3437 5149 3563 5221 qui-

304 5246 425 5299 dem
457 5247 814 5316 epistolarum
848 5248 1126 5303 nonnullae
1157 5249 1365 5319 absque
1396 5247 1566 5302 dubio
1599 5248 1917 5302 scribuntur
1948 5248 2015 5301 ad
2049 5249 2358 5321 episcopos.

1726 5357 1927 5413 Classis
1964 5370 2135 5415 sexta.

376 5493 445 5548 Χ.
499 5493 826 5551 Scribuntur
851 5498 1017 5568 hujus
1050 5498 1245 5553 classis
1279 5497 1532 5565 epistola:
1565 5498 1633 5551 ad
1680 5496 1870 5553 civiles
1920 5495 2298 5564 magistratus.
2350 5494 2558 5548 Horum
2602 5496 2850 5550 notitiam
2900 5495 2990 5548 vix
3037 5495 3202 5548 ullam
3237 5500 3432 5547 autne
3479 5491 3567 5544 vix

303 5583 522 5651 quidem
546 5585 803 5654 scribam,
830 5589 958 5658 quia
991 5588 1058 5642 de
1092 5587 1345 5658 personis
1392 5586 1593 5657 longus
1636 5600 1818 5641 scrnto
1851 5582 2016 5651 foret,
2045 5582 2347 5640 oﬂiciorum
2390 5590 2572 5638 autem
2603 5586 2744 5640 tituli
2780 5582 2892 5637 noti
2929 5593 3059 5639 sunt
3101 5600 3167 5639 ex
3200 5583 3356 5637 libris
3390 5581 3458 5635 de
3481 5580 3565 5634 di-

305 5671 604 5742 gnitntihus
635 5674 770 5731 aula:
811 5674 1145 5743 Byzantium,
1192 5674 1528 5745 praefectura:
1576 5675 1812 5745 denique
1853 5672 2123 5744 plcrmquc
2172 5672 2561 5733 describuntur
2609 5673 2664 5729 in
2716 5671 3063 5729 Constantini
3114 5673 3243 5742 imp.
3300 5672 3437 5727 libro
3492 5667 3569 5723 Ds
