3996 6208
327 207 399 274 25
1416 230 1425 235 -
1760 212 2178 274 FR/EFATIO.
3517 194 3591 259 26

328 325 646 380 hematibtts.
686 323 827 395 Ergo
869 327 1101 395 epistola
1154 326 1257 382 116
1309 325 1571 382 scribitur
1601 324 1967 379 Constantino
2015 323 2428 391 protasecretis.
2478 320 2577 391 Ep.
2616 321 2706 381 91,
2757 318 2973 388 Coropo
3022 316 3142 370 viro
3188 312 3589 369 illustrissimo.

328 412 426 481 Ep.
458 414 548 476 69,
582 412 669 477 70,
720 411 911 468 Davidi
948 413 1276 468 Camuliano
1327 412 1792 484 protospathario.
1845 412 1942 481 Ep.
1994 412 2083 477 84,
2135 410 2357 465 ϐίω]οηί
2407 408 2847 480 protospathario
2901 404 3271 475 imperatoris.
3322 401 3421 470 Ep.
3464 399 3591 462 105,

329 500 545 555 Godino
576 502 926 569 imperatoris
962 504 1408 572 protospathario
1437 515 1490 558 et
1521 502 1760 572 praesidi.
1792 501 1889 570 Ep.
1924 500 2050 562 121,
2092 498 2261 554 Leoni
2292 498 2523 569 patricio
2554 507 2610 553 et
2644 495 2860 565 prtetori
2890 492 3327 548 Auatolicorum.
3349 489 3447 559 Ep.
3467 488 3593 551 127,

328 588 499 643 Leoni
533 589 815 657 spathario
851 589 1100 658 etjudici
1131 589 1543 661 Paphlagoniae.
1597 588 1696 658 Ep.
1734 589 1826 649 10,
1860 587 2132 642 Malacino
2171 586 2423 657 patricio.
2471 585 2565 655 Ep.
2598 584 2724 651 140,
2756 582 3003 637 Μίριιαεειί
3035 578 3269 651 patricio
3296 586 3349 630 et
3373 574 3593 661 praetori

329 678 757 734 Thessalonicte.
810 677 910 748 Ep.
964 680 1088 744 144,
1135 660 1363 733 Nicolao
1392 678 1610 748 prtelori
1656 676 2075 745 Lougobardite.
2127 675 2227 746 Ep.
2279 675 2406 740 150,
2460 672 2747 727 Philotheo
2795 668 3046 740 patricio.
3074 667 3194 736 .Ep.
3227 665 3318 729 54,
3353 660 3595 716 Helladis

329 766 573 836 prtetori.
623 764 720 833 Ep.
771 766 894 827 161,
941 764 1306 835 Peloponnesi
1346 757 1590 836 przetori.
1623 763 1722 835 Ep.
1759 764 1850 829 55,
1899 764 2212 834 Strymonis
2266 761 2509 832 praetori.
2567 761 2665 827 Ep.
2708 759 2833 821 M9,
2867 756 3291 810 Thracesiorum
3346 748 3592 836 praetori.

333 835 433 919 Ep.
469 851 560 909 44.
613 855 835 922 ρτςειοιί
890 855 1132 908 cuidam.
1180 835 1521 909 Notabiliora
1572 854 1626 907 in
1674 851 1951 921 praedictis
1983 850 2230 920 epistolis
2278 849 2393 903 hare
2438 850 2551 902 fere
2602 852 2753 900 sunt.
2806 846 2863 899 ln
2898 846 2967 900 54
2995 859 3174 897 sermo
3211 848 3296 896 est
3338 838 3406 893 de
3444 835 3595 909 gravi

331 942 603 996 discordia
635 950 689 996 et
729 943 1024 998 schismate
1068 941 1315 997 Thebani
1352 943 1505 998 cleri.
1536 942 1594 997 ln
1627 942 1695 996 81
1731 948 2069 995 memoratur
2100 937 2496 1009 Longobardite
2532 936 2821 991 tumultus.
2857 933 2914 987 ln
2947 932 3049 987 114
3083 930 3287 985 dicitur
3317 929 3475 998 quies
3509 940 3596 981 re-

330 1033 522 1086 stituta
557 1032 953 1102 Longobardiae
1001 1048 1097 1101 per
1137 1032 1417 1086 Nicolaum
1470 1039 1787 1101 praetorem.
1828 1029 1887 1083 In
1920 1027 2023 1083 MO
2051 1028 2335 1081 veritatem
2369 1024 2681 1095 patriarcha
2720 1040 2749 1077 a
2785 1030 3015 1087 praetore
3056 1018 3295 1089 exquirit
3327 1016 3428 1071 sub
3464 1028 3601 1069 ana-

332 1123 592 1176 thematis
625 1137 810 1191 paena.
853 1121 907 1175 In
948 1121 1050 1174 146
1082 1120 1319 1175 intentat
1351 1120 1569 1190 praetori
1608 1118 1899 1173 anathema
1935 1116 2006 1171 ob
2038 1114 2303 1184 rejectum
2333 1112 2812 1181 archiepiscopum
2853 1109 3155 1181 Neapoleos
3193 1123 3225 1162 a
3265 1121 3324 1161 se
3352 1104 3595 1159 destina-

333 1218 469 1273 tum,
498 1218 551 1261 et
579 1209 868 1262 obtrusum
912 1209 1100 1262 alium.
1130 1207 1185 1261 ln
1218 1207 1322 1262 150
1348 1207 1587 1262 admittit
1627 1204 1941 1277 patriarcha
1991 1204 2270 1274 querelam
2313 1203 2445 1255 cleri
2480 1199 2684 1255 Νῆις.εηί
2719 1200 2981 1252 adversus
3014 1204 3298 1266 praetorem
3330 1207 3515 1255 suum,
3566 1208 3594 1243 τι

330 1312 440 1365 quo
472 1296 537 1349 ad
573 1297 826 1350 militiam
857 1296 1199 1366 adigebatur.
1237 1295 1382 1349 Dicit
1420 1295 1644 1364 insuper
1682 1294 1920 1349 Nicmam
1952 1292 2211 1347 donatam
2244 1291 2416 1346 fuisse
2453 1290 2664 1343 honore
2708 1284 3112 1353 metropolitico
3156 1283 3227 1338 oh
3270 1282 3509 1352 synodos
3542 1279 3595 1331 in

332 1400 392 1436 ea
419 1385 745 1439 celebratas.
793 1383 849 1439 In
896 1385 1123 1454 reliquis
1162 1383 1413 1455 epistolis
1448 1383 1772 1439 scribuntur
1820 1381 2089 1451 sapientia
2123 1380 2350 1443 monita,
2396 1374 2925 1439 commendationes,
2957 1379 3012 1427 et
3044 1370 3152 1426 alia
3187 1370 3350 1424 modo
3379 1368 3597 1438 publica

334 1474 494 1527 modo
528 1475 761 1543 privata.
2100 1476 2109 1489 '

1736 1583 1940 1640 Classis
1969 1582 2214 1651 septima.

410 1695 502 1749 XI.
540 1697 799 1752 Omnium
829 1698 1107 1769 cepiosior
1133 1699 1325 1755 classis
1360 1700 1590 1770 septima
1626 1707 1730 1755 est.
1767 1697 1867 1768 Ep.
1904 1697 1996 1757 47,
2027 1694 2415 1750 Constantino.
2444 1692 2543 1764 Ep.
2588 1691 2711 1759 156,
2742 1689 3047 1760 Stephano,
3085 1680 3337 1738 Michaeli
3368 1688 3422 1735 et
3453 1678 3602 1734 Con-

336 1786 587 1837 stautino
638 1784 920 1841 fratribus.
977 1785 1073 1855 Ep.
1135 1788 1225 1853 56,
1275 1787 1531 1843 Curatori
1585 1782 2068 1856 Strongylizontis.
2124 1780 2279 1836 Hunc
2328 1781 2768 1836 ecclesiasticum
2813 1779 2993 1831 locum
3040 1774 3211 1829 fuisse
3260 1772 3313 1825 in
3362 1770 3602 1823 themate

341 1871 671 1941 Strymonis,
700 1881 926 1942 apparet
948 1889 1014 1927 ex
1052 1889 1219 1942 prec.
1247 1890 1334 1944 ep.
1363 1874 1453 1938 55,
1497 1889 1604 1944 qua
1642 1872 2066 1928 commendatur
2113 1871 2233 1940 ejus
2283 1871 2387 1925 loci
2434 1882 2661 1925 curator
2708 1867 2926 1939 praesidi
2961 1861 3293 1936 Strymonis.
3325 1857 3603 1913 Constan-

346 1960 569 2028 tinopoli
599 1960 815 2030 quidem
858 1960 1205 2031 Στρόγγυλον
1238 1964 1521 2017 castellum
1565 1971 1706 2029 erat,
1760 1962 2001 2029 itemque
2041 1959 2462 2023 monasterium,
2497 1966 2556 2011 ut
2589 1958 2771 2012 ridere
2804 1964 2889 2011 cst
2924 1953 3065 2023 apud
3099 1950 3434 2005 Bandurium
3463 1945 3601 2016 Imp.

345 2041 547 2096 Orienl.
585 2054 626 2097 t.
661 2044 727 2108 ll,
758 2060 814 2115 p.
854 2046 977 2100 759.
1010 2045 1109 2115 Ep.
1146 2045 1237 2107 57,
1271 2045 1521 2116 Styliano
1559 2046 1815 2101 diacono.
1850 2045 1949 2117 Ep.
1984 2048 2401 2113 60,'aaconomo
2432 2046 2638 2116 Magnae
2674 2044 2928 2100 Ecclesiae
2953 2037 3599 2108 Constantinopolitaum.

333 2127 616 2185 Monachis
647 2143 832 2186 autem
862 2133 1180 2187 scribuntur
1216 2133 1320 2188 hac.
1377 2134 1473 2203 Ep.
1515 2134 1608 2195 55,
1653 2133 1746 2198 64,
1777 2135 1900 2200 120,

2024 2138 2061 2200 l,
2095 2134 2396 2207 Tryphoni.
2436 2135 2531 2205 Ep.
2563 2134 2654 2200 28,
2686 2133 2919 2187 Phileto.
2953 2132 3053 2200 Ep.
3084 2129 3173 2192 45,
3210 2127 3462 2182 Arsenio.
3502 2123 3602 2193 Ep.

333 2217 422 2280 62,
459 2218 643 2273 Petro.
681 2217 781 2289 Ep.
820 2218 906 2285 65,
936 2218 1262 2289 Epiphanio.
1296 2221 1394 2288 Ep.
1428 2222 1698 2289 126,115,
1733 2222 1945 2293 Ignatio
1970 2224 2099 2278 olim
2128 2224 2415 2293 magistro,
2450 2231 2639 2292 postea
2672 2220 2965 2276 monacho:
3000 2217 3099 2288 Ep.
3134 2216 3258 2283 Hi,
3294 2216 3603 2286 hegttmeno

330 2322 607 2377 anonymo
643 2308 712 2362 ad
754 2308 894 2362 Aras
926 2307 1084 2363 solis.
1121 2309 1218 2378 Ep.
1258 2310 1383 2375 MS,
1421 2310 1736 2383 Euthymio.
1773 2312 1872 2382 Ep.
1910 2313 2034 2378 155,
2067 2313 2379 2369 Theodosio
2427 2313 2628 2383 (Θεοδ.)
2673 2311 2950 2368 monacho
2977 2318 3031 2364 et
3062 2307 3389 2372 cubuclisio,
3428 2306 3481 2359 id
3521 2313 3607 2358 est

330 2397 695 2451 cubiculario.
759 2396 857 2467 Ep.
907 2397 1028 2461 165,
1062 2400 1351 2454 Antiocho.
1404 2402 1502 2470 Ep.
1540 2402 1628 2464 78,
1662 2404 1949 2459 monachis
1980 2406 2368 2459 communiter.
2404 2402 2649 2474 Denique
2680 2401 2971 2473 anonymis
3007 2398 3323 2454 hominibus
3354 2412 3476 2465 epp.
3507 2394 3600 2455 59,

331 2484 421 2543 61.
454 2483 545 2541 66.
580 2484 671 2550 67,
706 2484 795 2549 68,
832 2485 922 2552 72,
956 2485 1043 2550 75,
1079 2487 1167 2552 74,
1203 2488 1295 2549 75,
1332 2488 1420 2550 76,
1456 2489 1545 2552 77,
1577 2489 1665 2553 79,
1692 2490 1780 2555 80,
1816 2491 1908 2555 81,
1940 2493 2031 2552 87,
2065 2492 2155 2554 88,
2188 2491 2280 2552 90,
2313 2492 2404 2555 92,
2452 2491 2577 2556 101,
2621 2491 2746 2553 105,
2800 2490 2920 2552 109,
2956 2489 3080 2550 111,
3134 2486 3259 2545 125.
3308 2483 3432 2546 147,
3479 2481 3599 2540 152.

337 2572 466 2635 155,
505 2573 629 2628 159.
674 2573 905 2645 Ἀδήλῳ,
942 2575 992 2629 id
1031 2585 1114 2629 est
1160 2578 1380 2633 incerto.
1430 2592 1532 2644 ego
1579 2578 1862 2646 inscripsi,
1910 2593 2039 2631 cum
2097 2579 2303 2631 nulhnn
2342 2579 2531 2632 aderat
2574 2578 2627 2630 in
2680 2577 2868 2630 codice
2918 2589 3116 2629 nomen
3146 2590 3160 2626 :
3194 2581 3248 2626 et
3278 2571 3608 2641 quandoque

338 2661 561 2731 quidem
586 2676 691 2730 pro
722 2662 900 2730 ἀδήλῳ
928 2663 1213 2716 videbatur
1250 2665 1562 2732 ponendum
1595 2664 1672 2733 τῷ
1703 2665 1877 2733 αὐτῷ,
1908 2665 2097 2725 eidem,
2138 2664 2363 2717 relative
2395 2663 2604 2717 scilicet
2646 2663 2711 2717 ad
2748 2660 3103 2732 pracedentis
3133 2658 3377 2728 epistolze
3409 2655 3608 2710 inscri-

335 2748 629 2817 ptionem;
665 2748 996 2817 quandoque
1047 2759 1228 2803 tamen
1276 2764 1458 2806 secus.
1506 2751 1796 2805 Materiam
1850 2760 1929 2804 tot
1978 2750 2335 2820 epistularum
2409 2749 2689 2820 sigillatitn
2748 2764 2853 2802 non
2897 2761 3222 2817 persequar,
3257 2744 3422 2799 veluti
3455 2743 3604 2813 quod

336 2852 423 2905 ep.
464 2835 531 2889 66
566 2837 935 2905 superstitiosi
974 2838 1184 2906 aliquot
1210 2848 1367 2892 actus
1399 2839 1901 2908 reprehenduntur,
1946 2838 2039 2909 qui
2073 2854 2101 2892 a
2132 2837 2466 2891 Christianis
2502 2837 2704 2891 liehant
2742 2851 2839 2904 per
2880 2835 3133 2889 incensas
3168 2845 3355 2902 pyras,
3402 2838 3457 2884 et
3508 2845 3604 2899 per

334 2925 665 2978 animalium
703 2939 871 2993 prope
896 2925 1175 2980 ethuicam
1213 2925 1686 2991 immolationem;
1739 2928 1834 2996 qui
1882 2928 2022 2982 ritus
2065 2928 2117 2980 in
2160 2925 2437 2981 Armeniis
2466 2942 2688 2996 quoque
2721 2924 3088 2995 reprehensus
3124 2921 3264 2991 fuit;
3296 2920 3368 2977 cf.
3409 2919 3600 2991 Spicil.

338 3022 377 3065 t.
411 3010 528 3075 Vll,
559 3027 613 3081 p.
649 3012 773 3066 171.
807 3013 1050 3081 Denique
1082 3028 1170 3085 ep.
1209 3013 1277 3068 68
1307 3028 1491 3067 rerum
1519 3014 1964 3069 Christianarum
2003 3016 2055 3069 in
2086 3015 2351 3069 Chazaria
2393 3030 2498 3067 non
2540 3014 2938 3069 contemnenda
2972 3010 3165 3066 notitia
3199 3008 3453 3074 traditur,
3491 3017 3599 3062 etc.

405 3098 524 3153 Xll.
552 3100 716 3154 Aliud
752 3100 884 3154 mihi
925 3100 977 3153 in
1013 3098 1292 3155 Vaticanis
1332 3101 1620 3156 codicibus
1641 3112 1991 3173 compertum
2030 3113 2114 3158 est
2144 3100 2351 3156 Nicolai
2385 3102 2596 3174 Mystici
2629 3101 2895 3171 scriptum
2932 3098 3219 3165 ineditutn,
3257 3113 3453 3168 nempe
3485 3097 3606 3166 ejus

338 3189 567 3243 homilia
594 3189 661 3243 ad
696 3188 958 3258 populum
991 3188 1380 3259 Byzantinum,
1425 3196 1546 3259 post
1595 3191 1839 3245 auditum
1890 3193 1957 3247 de
2005 3192 2413 3249 Thessalonicae
2468 3192 2683 3247 excidio
2734 3190 3113 3245 tristissimum
3151 3188 3424 3253 nuntium,
3480 3203 3603 3256 qua:

333 3279 456 3332 dira
488 3278 777 3332 calamitas
829 3292 976 3331 anno
1032 3278 1239 3331 Christi
1285 3277 1391 3333 901
1444 3279 1672 3351 contigit
1711 3282 1828 3352 (qui
1874 3290 1995 3335 erat
2032 3281 2381 3351 pontilicatus
2416 3278 2626 3335 Nicolai
2678 3294 2858 3333 annus
2906 3275 3105 3348 nonus)
3161 3276 3300 3330 duce
3352 3285 3602 3343 apostata

333 3364 520 3420 Le0ne
551 3365 817 3434 Tripolita
851 3368 1152 3422 Saraceno.
1191 3365 1455 3435 Superest
1492 3368 1605 3424 haec
1634 3370 1853 3424 homilia
1881 3371 1934 3424 in
1973 3370 2098 3425 cod.
2138 3369 2256 3422 Vat.
2297 3369 2417 3434 172,
2451 3384 2560 3423 una
2591 3383 2714 3423 cum
2751 3366 2980 3422 Joannis
3002 3365 3334 3420 Cameniataz
3367 3364 3599 3419 historia

333 3458 400 3507 de
436 3456 700 3523 pmliclo
733 3455 1143 3510 Thessalonicae
1182 3471 1336 3516 casu.
1378 3472 1478 3510 nec
1510 3472 1619 3511 non
1652 3460 1882 3513 Joannis
1934 3458 2182 3514 Lectoris
2228 3458 2454 3513 historia
2496 3458 2621 3512 item
2654 3472 2719 3511 ac
2754 3455 3009 3511 monodia
3039 3454 3106 3509 de
3141 3465 3415 3525 postrema
3446 3453 3599 3521 eius-

333 3542 463 3596 dein
496 3542 651 3596 urbis
701 3558 732 3595 a
784 3540 983 3597 Turcis
1031 3552 1277 3611 captura.
1310 3543 1612 3615 Utriusque
1644 3545 1874 3601 Joannis
1926 3547 2129 3618 scripta
2179 3561 2207 3601 a
2257 3546 2437 3601 Leone
2469 3546 2671 3599 Allatio
2711 3545 2762 3598 in
2808 3543 3118 3615 Symmictis
3162 3558 3230 3597 ex
3278 3542 3382 3596 hoc
3411 3542 3604 3595 eodem

332 3630 530 3684 codice
560 3628 737 3685 fuisse
764 3632 932 3697 edita,
961 3630 1309 3700 exploratum
1355 3634 1414 3686 lit
1455 3634 1526 3687 ob
1572 3635 1822 3703 opusculi
1854 3636 2080 3691 secundi
2127 3636 2357 3692 lacunas
2386 3636 2439 3689 in
2470 3634 2710 3690 editione
2758 3633 2997 3697 relictas,
3029 3648 3260 3702 quarum
3301 3647 3468 3687 causa
3503 3630 3605 3684 fuit

332 3719 454 3788 ipse
489 3718 658 3773 codex
692 3720 745 3772 in
780 3718 1064 3789 superiore
1109 3728 1265 3789 parte
1308 3721 1479 3786 lacer,
1524 3730 1583 3775 ut
1623 3722 1927 3777 conferenti
1975 3725 2112 3779 mihi
2167 3726 2449 3780 evidenter
2491 3725 2690 3795 patuit.
2726 3721 2865 3788 Quia
2907 3732 3087 3777 tamen
3123 3722 3335 3775 Nicolai
3373 3720 3597 3774 homilia

332 3822 491 3877 paene
526 3814 641 3861 tota
679 3808 733 3860 in
768 3822 834 3860 eo
871 3818 1122 3862 versatur
1160 3816 1219 3863 ut
1257 3809 1520 3878 p0pulum
1554 3810 1620 3863 ad
1659 3823 2011 3880 peccatorum
2048 3814 2468 3868 detestationem
2496 3824 2837 3883 permoveat,
2881 3812 2953 3866 ob
2983 3825 3104 3879 qua?
3133 3819 3187 3865 et
3217 3808 3611 3865 Thessalonica

331 3896 643 3960 ceciderat,
678 3907 730 3951 et
764 3911 951 3966 parem
987 3913 1204 3967 poenam
1231 3899 1735 3968 Constantinopolis
1772 3901 1887 3972 ipsa
1918 3903 2376 3970 pertimescebat;
2408 3902 2640 3971 ideoque
2665 3916 2860 3971 parum
2893 3900 3024 3969 quid
3057 3899 3223 3953 habet
3254 3898 3608 3962 historicum;

330 3993 391 4039 et
427 3984 558 4052 quia
587 3984 782 4050 codex,
832 3995 890 4038 ut
926 3985 1061 4049 dixi,
1099 3985 1248 4039 lacer
1287 3987 1557 4042 orationis
1603 3989 1802 4041 seriem
1838 3989 2153 4059 abrumpit;
2191 4002 2415 4045 tenuem
2451 3991 2838 4045 tantummodo
2874 3989 3198 4057 particulam
3242 3988 3333 4041 hic
3364 3986 3612 4041 recitabo

334 4087 462 4139 qua:
496 4072 780 4127 historiam
813 4074 1040 4143 propius
1065 4074 1307 4145 attingit.
1340 4074 1557 4130 Titulus
1598 4077 1834 4131 homilia:
1867 4077 1912 4130 hi

2034 4078 2301 4132 Νικολάου
2345 4080 2693 4149 πατριάρχου
2744 4078 2933 4148 ὁμιλία
2980 4079 3061 4135 si;
3111 4078 3212 4145 τὴν
3258 4074 3461 4130 ἅλωσιν
3510 4072 3612 4143 τῆς

333 4158 759 4229 θεσσαλονὶκης,
796 4160 1021 4231 ρηθείσα
1059 4164 1115 4214 ἐν
1136 4162 1347 4231 ἅμὸωνι
1371 4163 1470 4232 τῆς
1505 4162 1766 4231 Μεγάλης
1810 4165 2138 4236 Ἐκκλησίας
2171 4169 2308 4235 μετὰ
2343 4165 2442 4236 τὴν
2478 4167 2705 4220 εἴσοδον.
2743 4165 2946 4234 Μικρῷ
2978 4164 3252 4234 πρότερου
3285 4164 3415 4232 ὑμῖν
3434 4157 3611 4221 εἶπον,

329 4248 641 4317 ἀγαπητοὶ,
674 4266 726 4303 κ.
753 4267 806 4303 τ.
838 4250 889 4302 λ.
936 4249 1152 4303 Μισοιαὶ
1187 4252 1508 4319 patriarcha:
1554 4252 1775 4306 homilia
1819 4253 1883 4306 de
1928 4263 2085 4322 capta
2130 4253 2528 4320 Thessalonica,
2573 4254 2718 4306 dicta
2768 4254 2824 4304 in
2870 4252 3075 4321 pulpito
3113 4251 3324 4320 Magna:
3359 4249 3611 4302 Ecclesia:

328 4347 458 4407 post
508 4338 808 4392 introitum.
868 4336 1039 4391 Paulo
1072 4349 1193 4392 ante
1245 4340 1478 4393 diximus
1518 4340 1683 4403 vobis,
1720 4341 2044 4406 cltarissimi,
2080 4352 2187 4397 etc.
2220 4342 2380 4397 Circa
2424 4356 2551 4396 vero
2591 4340 2899 4395 orationem
2953 4337 3187 4397 mediam
3230 4336 3331 4390 sic.
3380 4334 3493 4387 Νῦν
3524 4322 3614 4403 ἐφ’

331 4426 488 4495 ἡμᾶς
521 4425 748 4496 ἐξεχύθη
782 4427 1020 4495 ἄκρατος
1054 4430 1087 4496 ἡ
1125 4428 1288 4499 ὀργὴ,
1334 4430 1425 4481 καὶ
1475 4429 1503 4480 ὁ
1545 4431 2063 4500 παρρησιαζόμενος
2113 4433 2146 4504 ἢ
2195 4432 2536 4486 ἀναστέλλων
2575 4430 2772 4493 οὐδείς.
2805 4428 3190 4498 Ἐκενῶθησαν
3227 4426 3411 4489 πόλεις
3457 4426 3614 4494 οἰκη-

332 4513 539 4583 τζρων,
573 4514 764 4584 ἄνδρες
798 4516 888 4571 ἴσα
919 4515 1235 4587 βοσκήμασι
1259 4516 1713 4585 κατεσφάγησαν,
1746 4521 2005 4587 γυναῖκες
2053 4519 2437 4591 διασπώμεναι
2462 4522 2572 4573 τῶν
2598 4518 2885 4589 ὀμοζύγων
2908 4517 3121 4589 βιαίως,
3148 4516 3378 4569 ἐλεεινὸν
3408 4515 3612 4586 θέαμα,

332 4604 451 4661 τοῖς
478 4600 901 4669 ἁσελγεστὰτοις
932 4603 1478 4677 ἐνασχημονούμεναι
1521 4606 1860 4679 πρόκεινται.
1914 4607 2010 4671 Τίς
2049 4609 2211 4661 δώσει
2252 4612 2368 4672 τοῖς
2418 4610 2571 4680 ἐμοῖς
2614 4606 2918 4678 ὀφθαλμοῖς
2977 4604 3231 4676 δακρύων
3282 4604 3490 4676 πηγὰς,
3520 4606 3616 4656 καὶ

333 4690 648 4760 κλαύσομαι
690 4690 861 4744 ταῦτα
904 4692 998 4744 καὶ
1055 4694 1122 4743 τὰ
1166 4691 1373 4744 τούτων
1421 4692 1791 4762 ὲλεεινότερα;
1864 4692 2340 4769 Ἐὄεὸηλίώθησαν
2392 4694 2678 4766 παρῖθένοι
2725 4694 3107 4766 ἁφιερωμὲναι
3166 4691 3425 4765 [οὐρανίῳ
3454 4689 3613 4761 νυμο]

334 4779 478 4846 φῶνι
510 4781 649 4848 πρὸς
679 4780 839 4850 ὔόριν
869 4781 1052 4851 ἀπήχθ
1083 4779 1297 4853 [sint],
1330 4780 1697 4851 θυσιαστήρια
1751 4780 1845 4835 τοῦ
1885 4782 2019 4837 Θεοῦ
2051 4787 2116 4855 τῇ
2141 4785 2251 4838 τῶν
2275 4784 2608 4854 ἀκαθάρτων
2632 4783 2870 4855 ὲχράνθη
2902 4780 3242 4852 ἀκαθαρσίᾳ,
3275 4781 3612 4849 μονάζοντας

332 4869 433 4920 καὶ
483 4869 652 4937 ἱερεῖς
684 4868 837 4936 ξίφος
868 4868 963 4922 καὶ
1002 4870 1217 4923 δουλεία
1272 4869 1581 4941 μερίζεται.
1634 4870 1795 4937 Οῐμοι
1837 4870 1948 4925 τῶν
1977 4873 2127 4943 ἐμῶν
2161 4874 2351 4929 κακῶν
2380 4874 2441 4927 τὸ
2476 4873 2817 4944 βαρύτατονί
2863 4871 2933 4925 τὰ
2959 4870 3237 4924 πολύαθλα
3276 4867 3387 4921 τῶν
3439 4866 3614 4934 ἁγίων

328 4952 570 5024 λείψανα
624 4955 881 5020 παίζεται
905 4958 1015 5019 τοῖς
1047 4956 1299 5027 βεϐήλοις
1344 4958 1443 5011 καὶ
1487 4956 1897 5022 καταικίζεται,
1930 4965 2025 5015 καὶ
2062 4962 2200 5033 μετὰ
2229 4964 2461 5017 θάνατον
2509 4961 2799 5031 δευτέρους
2853 4959 3049 5020 ἄθλους
3103 4958 3450 5029 ὑφίστανται.
3500 4952 3610 5005 Ποῦ

333 5060 453 5112 μοις
484 5046 768 5115 Δημήτριε
809 5046 1044 5115 μάρτυς,
1088 5050 1123 5116 ἡ
1169 5047 1439 5118 ἀήττητος
1475 5047 1799 5119 συμμαχίας
1832 5049 1950 5115 πῶς
1990 5051 2089 5121 τὴν
2134 5050 2233 5122 σὴν
2265 5050 2423 5104 πόλιν
2458 5050 2747 5121 ὑπερεῖδες
2786 5048 3211 5120 πορθουμένηνς
3244 5047 3359 5108 πῶς
3394 5044 3498 5096 ὑπὸ
3526 5043 3610 5096 σοὶ

332 5131 617 5203 πολιούχῳ
650 5133 682 5204 ὴ
715 5134 931 5205 ἐχθροῖς
963 5134 1164 5197 ἄϐατος
1200 5135 1295 5205 ἀφ’
1346 5134 1408 5188 οὗ
1467 5136 1662 5206 χρόνου
1719 5136 1926 5209 ταύτην
1953 5141 2106 5212 ἥλιος
2142 5140 2432 5202 ἐθεάσατο,
2464 5138 2736 5194 τοσούτων
2763 5138 2952 5193 κακῶν
2993 5140 3076 5201 εἰς
3118 5136 3317 5206 πείραν
3353 5134 3611 5203 ἐγένετοῖ

332 5221 454 5286 πῶς
496 5223 599 5291 τῆς
648 5222 758 5275 τῶν
803 5222 1218 5278 δυσσεδούντων
1268 5224 1473 5297 ὀφρύος
1528 5225 1765 5298 ἠνέσχου
1819 5230 2264 5300 κατορχουμένου
2325 5230 2427 5299 τῆς
2493 5229 2644 5299 ἱερᾶς
2710 5227 3085 5297 aspernatae;
3146 5223 3263 5286 πῶς
3324 5223 3619 5291 ὑπέμεινες

333 5309 512 5363 ταῦτα
538 5311 634 5365 καὶ
662 5312 1144 5384 διεκαρτέρησας;
1179 5331 1234 5366 κ.
1267 5330 1318 5368 τ.
1350 5313 1401 5368 λ.
1438 5311 1597 5368 Nunc
1620 5314 1769 5369 nobis
1800 5318 1911 5369 inm

2041 5336 2059 5372 ι
2088 5319 2172 5373 ira
2199 5319 2477 5383 incumbit,
2511 5333 2766 5387 nemoque
2795 5317 2978 5387 estqui
2999 5316 3242 5369 resistere
3265 5312 3481 5366 audeat.
3508 5310 3619 5366 Va-

335 5408 512 5452 cuatte
551 5410 674 5453 sunt
718 5401 921 5455 civibus
958 5401 1133 5464 urbes,
1183 5401 1282 5455 viri
1328 5403 1585 5470 pecudum
1611 5405 1785 5457 instar
1820 5406 2096 5472 trucidati,
2141 5409 2351 5477 {entinae
2381 5425 2413 5461 a
2450 5406 2657 5461 maritis
2689 5406 2737 5460 vi
2763 5405 3068 5468 abstractis,
3110 5402 3408 5457 miserabile
3452 5402 3563 5455 risu
3595 5398 3618 5453 .'

339 5492 727 5558 impurissimis
757 5491 996 5545 hostibus
1028 5490 1290 5545 violanda:
1321 5501 1589 5561 prostant.
1617 5493 1750 5559 Quis
1774 5496 1901 5547 meis
1927 5498 2094 5550 oculis
2129 5499 2491 5565 lacrymarum
2520 5496 2695 5564 fontes
2716 5490 3095 5562 suppeditabit,
3136 5501 3193 5545 nt
3226 5492 3335 5545 lucc
3364 5503 3410 5545 et
3431 5491 3617 5558 pejora

338 5580 417 5637 liis
457 5579 602 5634 mala
644 5578 908 5647 deplorem
934 5581 959 5632 Ρ
1006 5579 1250 5634 Sacrata:
1303 5580 1499 5633 cwlesti
1547 5580 1754 5649 Sponso
1800 5584 2025 5655 virgines
2068 5585 2426 5639 dehonestum:
2463 5595 2584 5637 sunt
2617 5593 2774 5651 atque
2804 5580 2872 5632 ad
2905 5580 3253 5647 ignominiam
3285 5589 3613 5651 pertracta':

342 5673 676 5740 impurorum
716 5671 987 5738 spurcitiis
1017 5670 1215 5724 altaria
1251 5670 1345 5724 Dei
1374 5668 1579 5738 polluta
1613 5670 1830 5738 fuerunt
1855 5689 1871 5726 :
1908 5676 2148 5729 monac/ti
2178 5684 2227 5730 et
2256 5674 2557 5729 sacerdotes
2591 5669 2787 5738 partim
2822 5683 2943 5723 ense
2981 5672 3301 5739 consumpti,
3338 5668 3531 5736 partim
3560 5670 3615 5720 in
