3996 6208
399 245 465 306 ‘27
1467 289 1486 300 ρ
1528 251 1837 316 NICOLAI
1869 255 1979 314 ΟΡ.
2017 253 2526 318 PATRIARCILE
3595 255 3665 318 9.8

400 383 701 436 servitutem
733 383 967 436 abdurti.
1020 384 1134 438 Heu
1175 386 1384 444 demum
1426 385 1692 438 malorum
1736 401 1969 439 meorum
2002 387 2424 457 gravissimum!
2474 387 2798 443 Sanctorum
2831 395 2904 443 tot
2941 389 3210 444 cruciatus
3243 392 3371 444 aliut
3409 406 3666 461 perpessa:

401 470 659 539 reliquiae,
705 471 1054 539 profanorum
1088 472 1318 526 ludibrio
1364 483 1413 526 et
1447 471 1665 542 injuriis
1694 488 1757 526 en
1784 484 2062 538 vexantur,
2092 485 2143 529 et
2186 476 2448 530 secundas
2490 491 2670 545 poenas
2712 484 2828 544 post
2867 475 3066 530 obitum
3101 478 3385 531 sustinent.
3433 476 3663 534 Ubinam

403 569 574 616 luunt,
613 557 844 610 Demetri
874 570 1100 628 martyr,
1134 559 1386 612 invictum
1439 557 1746 613 auxilium?
1788 574 1884 611 cur
1927 559 2162 614 civitatis
2195 568 2301 615 tua:
2333 561 2599 615 excidium
2626 560 2956 629 permisisti?
2983 561 3252 631 quomodo
3286 562 3434 628 urbs,
3465 579 3530 616 ex
3559 581 3664 634 quo

400 661 515 698 cunt
548 643 626 697 sol
652 645 930 714 conspicit,
961 661 1055 713 per
1087 656 1235 698 tuum
1263 645 1569 711 prwsidium
1593 644 2046 715 inexpugnabilis,
2095 657 2207 702 tam
2248 651 2398 718 gravi
2429 649 2570 704 malo
2606 657 2851 719 correpta
2885 645 3003 704 est?
3036 667 3132 704 cur
3161 652 3443 721 impiorum
3477 669 3664 723 super-

403 735 540 787 biant
567 735 832 804 pertulisti
859 736 1036 791 tutela:
1062 747 1166 790 tua:
1195 734 1540 791 insultantem
1563 736 1589 790 .’
1617 752 1712 790 cur
1735 740 1866 801 ἠως,
1894 736 2132 808 inquam,
2158 737 2277 805 ﬁeri
2296 753 2492 806 passus
2521 739 2621 794 es?
2651 746 2757 793 etc.

1337 1117 2744 1292 ΝΙΚΟΛΑΟΥ

850 1390 1794 1484 ΑΡΧΙΕΠΙΣΚΟΠΟΥ
1868 1395 3224 1490 ΚΩΝΣΤΑΝΤΙΝΟΥΠΟΛΕΩΣ

1497 2016 2549 2199 NICOLAI

799 2331 1724 2426 ARCHIEPISCOPI
1802 2331 3252 2432 CONSTANTINOPOLITANI

1631 2549 2424 2664 EPISTOLIE.

401 955 3626 993 *Ἥ

403 2939 448 2994 1.
487 2934 569 2990 Ad
601 2932 1024 2989 illustrissimum
1054 2938 1104 2983 et
1129 2928 1485 3007 clarissimum
1525 2938 1682 2998 atque
1722 2926 1973 2981 dilectum

2093 2927 2152 2982 Α.
2212 2927 2296 2994 Τῷ
2355 2927 2647 3007 περιξόξῳ
2700 2928 2801 2984 καὶ
2850 2931 3251 3007 ,λαμπροτάτῳ
3299 2933 3500 3005 ἀμηρᾷ
3557 2935 3666 3007 τῆς

967 3015 1200 3054 ameram
1226 2997 1412 3055 Creta.
1597 2997 1601 2998 ⁷

2475 2999 2714 3069 Κρήτης
2768 2999 2864 3053 και
2910 2997 3297 3074 ἠγάπημέιέφ.

476 3118 670 3175 Omnis
720 3125 934 3172 terrena
989 3121 1236 3185 potestas
1287 3113 1576 3182 omnisque
1620 3111 1979 3182 principatus,

2158 3113 2316 3167 Πᾶσα
2347 3111 2593 3182 ἐπίγειος
2626 3111 2846 3180 ἐξουσία
2876 3116 2972 3170 καὶ
3015 3117 3159 3189 ἀρχὴ
3215 3119 3277 3173 ὲκ
3319 3120 3418 3190 τῆς
3462 3121 3671 3178 ἄνωθεν

404 3210 602 3276 amice,
621 3224 686 3264 ex
737 3221 978 3278 superno
1027 3204 1334 3275 principatu
1379 3202 1580 3274 pendet
1624 3213 1790 3274 atque
1826 3211 1980 3273 pote-

407 3313 589 3369 state;
649 3316 750 3358 nec
787 3300 898 3355 ulla
951 3299 1099 3354 inter
1157 3297 1410 3353 homines
1467 3304 1744 3366 potestas,
1803 3311 1982 3366 neque

404 3406 597 3466 potens
645 3395 942 3466 quisquam
995 3390 1222 3462 proprio
1283 3388 1505 3460 ingenio
1564 3388 1868 3458 potentiam
1925 3387 1980 3443 in

407 3487 568 3543 terris
621 3484 988 3555 adipiscitur,
1043 3482 1177 3553 quin
1226 3477 1562 3536 concesserit
1611 3477 1874 3534 Dominus
1928 3478 1981 3533 in

405 3579 688 3635 altissimis
731 3590 970 3647 regnans
1019 3575 1287 3644 solusque
1318 3580 1532 3643 potens.
1580 3569 1764 3638 Quare
1802 3571 1981 3637 decet,

405 3671 452 3726 si
487 3669 601 3725 ﬁeri
642 3677 842 3741 potest,
877 3675 1148 3738 quotquot
1201 3665 1344 3722 inter
1390 3664 1642 3720 homines
1681 3664 1982 3735 potentiam

404 3762 764 3825 obtinuimus,
807 3759 1022 3815 etiamsi
1059 3759 1114 3814 iu
1156 3759 1311 3814 nullo
1353 3757 1463 3813 alio
1495 3757 1637 3814 inter
1688 3772 1790 3814 nos
1830 3772 1984 3813 com-

407 3851 693 3906 municare
729 3850 975 3914 daretur,
1005 3849 1355 3905 sermonibus
1404 3859 1608 3915 tamen,
1639 3858 1695 3904 et
1727 3849 1853 3918 quia
1888 3865 1984 3919 po-

409 3937 589 3991 tentiae
622 3937 826 3992 donum
861 3939 931 3991 ab
963 3951 1073 3991 uno
1106 3937 1413 4008 eodemque
1437 3951 1630 3991 sumus
1670 3940 1980 4006 consecuti,

407 4028 612 4083 nullam
644 4025 1065 4099 praetermittere
1095 4029 1240 4084 diem
1267 4023 1566 4100 quominus
1611 4038 1665 4086 et
1700 4032 1901 4088 litteris
1928 4043 1985 4088 et

407 4121 598 4191 legatis
649 4123 1124 4178 communicemus
1171 4123 1518 4192 negotiorum
1578 4126 1798 4194 peritis;
1860 4126 1984 4183 illos

406 4228 534 4269 vero
559 4214 649 4283 qui
678 4213 908 4283 majores
941 4223 1176 4270 tractant
1219 4215 1718 4288 magistratus,an
1743 4220 1865 4288 plus
1887 4221 1985 4275 lio-

407 4319 538 4360 uore
600 4304 908 4361 afﬁciuntur
956 4316 1009 4361 et
1069 4317 1330 4377 tanquam
1409 4305 1609 4364 fratres
1682 4311 1823 4364 inter
1891 4326 1984 4365 su-

407 4400 846 4468 perextoiluntur
884 4400 1269 4468 maximasque
1309 4407 1495 4453 tenent
1525 4409 1843 4467 potestates.
1874 4399 1983 4456 Sed

407 4491 540 4559 quid
577 4493 682 4546 sibi
727 4492 918 4547 volunt
953 4493 1134 4547 dieta?
1186 4490 1316 4546 Duas
1351 4492 1630 4563 siquidem
1683 4502 1986 4564 potestates

408 4598 628 4637 omnem
661 4593 933 4640 terrenam
966 4593 1589 4654 superautpotestatem,
1614 4583 1811 4641 fratres
1825 4586 1992 4642 Sara-

2087 3206 2346 3276 ἡρτηται,
2380 3199 2425 3258 ὦ
2459 3205 2708 3276 φιλότης,
2763 3207 2941 3278 ἀρχῆς
2973 3209 3069 3264 καὶ
3107 3211 3376 3277 ἐξουσίας,
3436 3214 3530 3268 καὶ
3567 3215 3668 3269 οὐκ

2091 3299 2241 3353 ἔστιν
2282 3298 2499 3364 ἐξουσία
2549 3302 2610 3354 ὲν
2647 3299 2983 3371 ἀνθρώποις,
3018 3302 3144 3356 οὐδὲ
3198 3304 3472 3376 δυνάστης
3501 3306 3564 3371 ἐξ
3587 3308 3668 3360 oi-

2089 3388 2248 3452 κείας
2291 3389 2573 3460 περινοίας
2629 3391 2722 3444 ἐπὶ
2767 3391 2865 3460 γῆς
2914 3390 3668 3468 δυναστείαννκληρονομῶν.

2085 3483 2136 3535 εί
2166 3481 2241 3552 μὴ
2269 3482 2297 3535 ὁ
2335 3483 2392 3534 ἐν
2421 3480 2666 3552 ὑψίστοις
2698 3481 3056 3552 ὲξουσιαστὴς
3084 3485 3179 3538 καὶ
3215 3485 3403 3557 ἄρχων
3439 3489 3536 3541 καὶ
3574 3489 3672 3557 μό-

2085 3591 2178 3636 νος
2205 3573 2476 3644 δυνάστης
2508 3574 2824 3649 κατανεύσῃ
2840 3576 2939 3646 τὴν
2959 3575 3352 3648 κληρονομίαν.
3385 3580 3482 3632 Διὰ
3506 3580 3670 3634 τοῦτο

2087 3667 2390 3737 προσῆκεν,
2447 3668 2498 3719 εί
2524 3667 2772 3731 δυνατὸν,
2831 3668 3040 3731 πάντας
3089 3669 3220 3730 τοὺς
3267 3671 3326 3721 ἐν
3359 3669 3673 3740 ἀνθρώποις

2088 3759 2414 3813 δυναστείαν
2457 3759 2747 3831 λαχόντας,
2801 3762 2850 3812 εί
2907 3761 3002 3812 καὶ
3063 3759 3236 3830 μηδὶν
3291 3761 3479 3831 ἓτερον
3512 3759 3582 3832 ἦν
3612 3767 3672 3816 τὸ

2091 3850 2228 3922 πρὸς
2265 3848 2533 3921 ἀλλήλους
2570 3851 2850 3903 κοινωνεῖν
2881 3848 3206 3916 ὲπιτρέπον,
3256 3850 3353 3901 καὶ
3387 3850 3666 3903 ποιεῖσθαι

2094 3941 2193 4012 τὴν
2219 3941 2305 3998 διὰ
2328 3941 2504 4012 λόγων
2535 3941 2913 4012 προςομιλίαν,
2947 3939 3014 3993 δι’
3049 3939 3186 3994 αὐτό
3221 3957 3284 4007 γε
3332 3939 3514 4003 τοῦτο.
3549 3942 3670 3995 καθ’

2090 4033 2172 4086 δτι
2200 4032 2308 4087 τῶν
2331 4031 2591 4099 δξουσιῶν
2639 4032 2738 4102 τὴν
2767 4031 2978 4100 δωρεὰν
3028 4029 3161 4102 παρ’
3215 4031 3334 4097 ἑνὸς
3381 4031 3673 4104 ἐλάχομεν.

2097 4125 2173 4197 μὴ
2214 4125 2600 4194 διαλιμπάνειν
2655 4124 2780 4178 ὅσαι
2811 4122 3024 4194 ἡμέραι
3081 4123 3359 4177 ποιεῖσθαι
3404 4125 3504 4194 τὴν
3539 4126 3675 4196 πρὸς

2093 4218 2358 4287 ἀλλήλους
2379 4217 2689 4282 κοινωνίαν,
2721 4217 2816 4271 καὶ
2839 4216 2927 4269 διὰ
2952 4215 3304 4287 γραμμάτων
3333 4216 3423 4268 καὶ
3443 4215 3512 4267 δι’
3538 4217 3672 4268 ἀπο-

2091 4312 2298 4366 στόλων
2334 4312 2447 4364 τῶν
2495 4309 2982 4382 ἑξυπηρετούντων
3039 4313 3159 4373 τοῖς
3194 4311 3508 4380 πράγμασι.
3569 4309 3673 4360 Το-

2091 4404 2268 4475 σούτῳ
2301 4403 2358 4457 δὲ
2384 4402 2548 4456 πλέον
2578 4403 2709 4466 τοὺς
2737 4401 2837 4466 τὰς
2885 4402 3138 4470 μεγάλας
3183 4401 3357 4474 ἀρχὰς
3392 4401 3488 4454 καὶ
3522 4399 3678 4466 ἐξου-

2092 4498 2214 4562 σίας
2243 4497 2555 4564 διέποντας,
2585 4496 2697 4566 ὅσῳ
2740 4495 2837 4550 καὶ
2881 4494 3084 4566 μᾶλλον
3119 4493 3492 4564 διαφερόντως
3531 4509 3679 4544 τετι-

2099 4607 2323 4660 μηνται,
2387 4586 2484 4640 καὶ
2516 4581 2629 4640 οἷον
2663 4586 2887 4657 ἀδελφοί
2919 4603 3067 4648 τινες
3096 4584 3208 4637 τῶν
3226 4583 3402 4638 ἄλλων
3434 4582 3679 4650 ἀδελεεῶν

408 4693 669 4732 cenarum
708 4676 917 4732 scilicet
964 4692 1030 4732 ac
1059 4676 1452 4744 Romanorum,
1474 4693 1581 4733 non
1611 4695 1770 4735 secus
1803 4695 1868 4735 ac
1901 4679 1986 4734 illa

2097 4683 2465 4755 ὑπερέχοντες
2517 4683 2612 4735 καὶ
2644 4679 3058 4751 προκριθέντες,
3104 4675 3325 4737 καὶτὰς
3363 4674 3474 4726 τῶν
3519 4676 3678 4756 μεγίο

410 4773 517 4826 duo
568 4771 778 4842 majora
822 4773 878 4828 in
929 4773 1274 4828 ﬁrmamento
1319 4772 1612 4828 luminaria
1644 4791 1662 4828 :
1694 4783 1747 4828 et
1768 4782 1988 4845 propter

411 4864 461 4917 ὶιΙ
517 4863 882 4919 communiter
931 4872 985 4919 et
1036 4864 1277 4919 fraterne
1323 4879 1383 4918 se
1414 4865 1480 4919 ad
1515 4865 1747 4921 invicem
1787 4867 1988 4923 habere

411 4959 535 5014 illos
568 4967 818 5028 oportet;
850 4973 1030 5027 neque
1074 4958 1198 5014 ideo
1255 4958 1402 5030 quod
1452 4960 1726 5026 moribus,
1769 4961 1881 5016 vita
1937 4971 1992 5017 et

410 5052 562 5106 cultu
613 5049 1252 5128 discrepemus,alienos
1289 5050 1357 5105 ad
1391 5049 1719 5106 alterutrum
1743 5066 1864 5108 esse
1891 5068 1992 5108 nec

412 5153 642 5201 cunctos
691 5159 791 5199 nos
843 5143 1152 5222 litterarum
1201 5143 1538 5200 commercio
1576 5143 1792 5212 privare
1836 5142 1995 5200 decet

414 5239 460 5294 si
495 5239 785 5296 convenire
815 5255 926 5294 non
951 5240 1146 5305 datur;
1174 5241 1320 5309 quod
1341 5239 1505 5294 etiam
1533 5248 1662 5292 tunc
1689 5237 1850 5294 nobis
1870 5253 1996 5294 sen-

416 5333 660 5386 tiendum
721 5343 870 5390 esset
938 5349 1004 5389 ac
1067 5334 1381 5402 agendum,
1435 5347 1558 5386 cum
1624 5331 1772 5387 nulla
1821 5330 1890 5387 ad
1942 5331 1996 5387 id

2100 4793 2242 4830 στων
2267 4775 2451 4846 ἀρχῶν
2488 4775 2583 4828 καὶ
2617 4773 2880 4839 ἐξουσιῶν
2910 4771 3213 4838 διοικήσεις
3247 4767 3680 4838 ἐπιτραπέντες,

2099 4872 2164 4926 Τί
2189 4869 2438 4941 βούλεται
2465 4869 2602 4938 ἡμῖν
2627 4868 2688 4919 τὸ
2718 4865 3012 4936 εἰρημένον
3035 4879 3051 4928 ;
3087 4860 3326 4915 Ὀτιδύο
3361 4862 3681 4933 κυριότητες

2105 4965 2292 5034 πάσης
2330 4963 2430 5032 τῆς
2467 4963 2524 5014 tv
2548 4964 2619 5032 γῇ
2659 4962 3010 5029 κυριότητος,
3037 4957 3073 5027 ἦ
3108 4973 3171 5010 τε
3199 4954 3310 5010 τῶν
3345 4951 3680 5024 Σαρακηνὼν

2099 5054 2196 5108 xal.
2225 5052 2390 5123 ἡτῶν
2426 5051 2717 5122 Ῥωμαίων
2743 5049 3148 5120 ὑπερανέχουσι
3193 5045 3293 5101 καὶ
3341 5043 3682 5110 διαλάμπουσ-

2101 5162 2207 5209 σιν,
2242 5143 2434 5214 ὥσπερ
2463 5146 2512 5198 οἱ
2542 5142 2636 5196 δύο
2671 5141 2903 5213 μεγάλοι
2931 5143 2990 5192 tv
3033 5139 3111 5211 τῷ
3169 5135 3517 5205 στερεώματι
3565 5145 3683 5197 φω-

2099 5237 2324 5307 στῆρες.
2379 5236 2492 5291 Καὶ
2519 5236 2600 5289 δεῖ
2625 5236 2746 5290 κατ’
2778 5233 2918 5290 αὑτό
2945 5250 3010 5302 γε
3047 5230 3208 5286 τοῦτο
3244 5227 3404 5297 μόνον
3428 5238 3682 5277 κοινωνι-

2097 5329 2212 5393 κῶς
2243 5329 2393 5400 ἔχειν
2421 5330 2518 5384 καὶ
2551 5328 2886 5398 ἀδελφικῶς,
2933 5328 3029 5381 καὶ
3081 5321 3202 5394 μηδ’
3248 5322 3330 5372 ὃτι
3367 5318 3487 5374 τοῖς
3543 5313 3681 5397 βίοις

415 5423 718 5493 impelleret
749 5426 1095 5496 negotiorum
1136 5423 1458 5478 necessitas.

2096 5425 2192 5481 καὶ
2219 5425 2336 5488 τοῖς
2389 5422 2792 5496 ιπιτηδεὺμασι
2840 5422 2937 5476 καὶ
2984 5417 3062 5490 τῷ
3103 5415 3410 5484 σεϐάσματι
3438 5407 3716 5489 κεχωρί-,

417 5515 616 5584 σμεθα,
654 5519 1006 5573 παντάπασιν
1037 5515 1336 5585 ἀλλοτρίως
1395 5517 1701 5572 διακεῖσθαι
1771 5518 1867 5571 καὶ
1924 5519 2252 5588 ἀποστερεῖν
2281 5517 2516 5580 ἑαυτοὺς
2539 5518 2641 5588 τῆς
2669 5517 2759 5570 διὰ
2816 5516 2928 5568 τῶν
2981 5511 3328 5584 γραμμάτων
3359 5497 3678 5600 συνομιλίιξς
3714 5569 3720 5600 ᾖ

421 5608 572 5681 παρὰ
607 5609 773 5680 μέρος
807 5609 1082 5678 ἐντυχίας.
1107 5609 1200 5662 Δεῖ
1226 5607 1326 5677 μὲν
1352 5602 1445 5659 οὖν
1470 5608 1622 5662 οὕτω
1663 5609 1755 5662 καὶ
1779 5611 1999 5680 φρονεῖν
2034 5611 2183 5680 ἡμᾶς
2225 5609 2319 5663 καὶ
2396 5610 2594 5674 ποιεῖν,
2646 5607 2750 5661 κᾶν
2793 5603 3034 5675 μηδεμία
3106 5601 3190 5665 τις
3243 5597 3378 5666 ἄλλη
3419 5591 3682 5663 πραγμά-
3713 5591 3721 5630 ί

421 5719 526 5756 των
559 5701 717 5772 χρεία
740 5702 875 5767 πρὸς
901 5701 1059 5754 τοῦτο
1092 5701 1486 5764 προύτρέπετο.
