3996 6208
291 297 355 361 31
1418 294 1725 355 NlCOLAl
1766 296 1873 355 ΟΡ.
1917 295 2433 356 ΡΑΤΒΙΑΒΟΙΙ.Ε
3488 294 3564 360 32

295 416 590 472 Saracenis
619 417 736 485 lege
775 414 1113 485 gubernatis,
1153 423 1206 469 et
1239 413 1420 469 insula
1466 430 1609 484 qum,
1658 425 1875 471 trecen-

1987 415 2092 477 νοῖς
2122 416 2236 478 τοῖς
2265 413 2415 482 νόμῳ
2439 410 2898 482 πολιτευομένοις,
2928 413 3022 466 καὶ
3050 412 3215 481 νῆσος
3238 410 3437 484 μικροῦ
3471 412 3566 486 ἐτη

294 510 367 563 tis
413 510 525 563 fere
569 509 769 563 abhinc
822 509 1002 574 aunis,
1054 524 1119 563 es
1183 523 1293 577 quo
1376 507 1666 562 tributaria
1721 510 1873 565 vobis

303 598 492 653 eﬂecta
518 610 621 660 est,
649 612 925 664 nunquam
958 598 1306 653 subditorum
1332 598 1579 653 ordinem
1604 600 1871 664 decernit,

298 707 475 760 neque
523 690 834 759 quidquam
872 691 995 744 novi
1049 690 1269 746 admisit
1315 690 1460 745 circa
1498 692 1722 757 tributa,
1760 692 1876 747 sive

298 783 672 852 quodcunque
697 782 841 836 aliud
874 782 1158 836 servitium
1181 780 1473 837 Saracenis
1504 782 1872 850 tribuendum,

298 856 478 944 neque
500 874 664 928 ullam
718 873 1131 942 reprehensioni
1171 888 1393 928 causam
1432 888 1543 942 prae
1577 889 1636 928 se
1666 873 1873 938 ferens,

300 965 417 1021 sola
478 965 718 1019 amentia
767 964 1006 1019 hominis
1070 966 1163 1034 qui
1222 965 1664 1020 Christianorum
1717 964 1876 1019 ﬁdem

300 1057 539 1127 negavit,
577 1055 787 1109 cultum
819 1070 949 1110 vero
998 1054 1402 1111 Saracenorum
1455 1056 1749 1120 adulterat,
1782 1056 1879 1110 de-

299 1159 448 1205 serta
483 1151 624 1204 facta
656 1157 740 1204 est
769 1166 831 1204 ac
862 1150 1044 1220 periit,
1074 1151 1306 1221 eiusque
1352 1151 1545 1205 incola
1568 1148 1659 1204 alii
1700 1148 1879 1220 gladio

302 1244 452 1305 caesi,
490 1242 582 1296 alii
608 1257 735 1294 vero
779 1242 1003 1296 sedibus
1038 1242 1156 1297 suis
1190 1242 1427 1310 expulsi,
1481 1241 1625 1295 istud
1667 1250 1878 1296 tantum

306 1334 513 1388 crimen
550 1333 811 1387 habentes
837 1334 978 1403 quod
1016 1342 1168 1388 tanto
1194 1342 1436 1403 tempore
1467 1333 1700 1389 libenter
1723 1334 1881 1389 vobis

305 1426 615 1489 servierint,
654 1441 832 1495 neque
876 1441 1113 1495 unquam
1140 1426 1343 1480 fuerint
1382 1426 1437 1480 in
1467 1434 1711 1481 vestrum
1756 1440 1883 1496 pec-

304 1527 491 1572 cantes
556 1518 877 1587 obsequium
929 1518 1276 1587 deprehensi,
1307 1519 1435 1574 licet
1472 1521 1671 1588 saeplus
1703 1520 1883 1591 gravi-

306 1621 386 1665 tcr
414 1611 470 1664 ln
512 1625 607 1665 eos
654 1620 845 1665 contra
879 1608 1150 1666 fmderum
1205 1610 1330 1680 jura
1381 1620 1436 1667 et
1480 1613 1623 1683 quod
1662 1628 1880 1683 aequum

306 1712 443 1765 erat,
488 1701 701 1757 fueritis
731 1702 973 1769 invecti;
1016 1702 1112 1757 sed
1150 1713 1202 1759 et
1234 1704 1278 1758 si
1322 1704 1541 1774 quando
1568 1714 1875 1774 peccantes,

306 1806 367 1849 ut
450 1795 761 1850 hominibus
809 1812 907 1865 par
959 1805 1063 1862 est,
1130 1772 1355 1866 aliquid
1391 1772 1584 1852 contra
1638 1808 1879 1853 vestram
1914 1772 1956 1828 Β

312 1886 651 1942 voluntatem
688 1887 828 1941 forte
861 1888 1184 1955 voluissent,
1218 1903 1325 1943 non
1373 1901 1558 1959 tamen
1597 1890 1883 1959 oportebat

308 1994 405 2033 eos
454 1980 627 2034 armis
665 1979 739 2033 ita
792 1979 1013 2049 aggredi
1063 1994 1167 2036 nec
1212 1980 1397 2035 statim
1445 1980 1500 2035 in
1544 1989 1782 2050 stragem
1830 1990 1885 2035 et

306 2071 533 2127 vulnera
570 2088 826 2138 currere;
868 2073 1014 2142 quod
1065 2088 1174 2127 non
1205 2073 1382 2129 solum
1412 2074 1706 2129 Saracenis
1744 2074 1887 2128 indi-

307 2178 499 2233 gnum,
534 2165 628 2219 sed
690 2166 854 2219 etiam
897 2166 1143 2235 quolibet
1178 2165 1378 2235 populo
1418 2165 1671 2221 humanm
1716 2165 1886 2220 admi-

305 2255 652 2312 nistrationis
709 2265 764 2311 et
820 2258 1256 2312 conversationis
1311 2272 1419 2311 non
1472 2257 1646 2313 inscio
1706 2273 1885 2328 neque

304 2348 703 2415 immemores;
762 2350 854 2404 sed
896 2349 1047 2419 prius
1105 2350 1502 2420 reprehendere
1571 2360 1884 2421 peccatum,

306 2439 566 2508 injustam
602 2443 793 2510 agendi
830 2443 1487 2507 rationemzconvincere,
1535 2457 1741 2512 eosque
1790 2441 1889 2495 ad-

268 2528 532 2583 'monere
592 2538 652 2583 ut
704 2530 1092 2599 resipiscerent
1148 2547 1249 2587 nec
1299 2532 1453 2601 justo
1526 2533 1880 2601 exciderent,

311 2634 490 2689 neque
541 2621 734 2683 semel,
792 2622 888 2676 sed
948 2622 1034 2676 bis
1091 2631 1147 2677 et
1184 2624 1422 2690 saepius;
1481 2624 1585 2679 nisi
1637 2640 1766 2679 vero
1820 2628 1887 2681 ad

237 2780 243 2785 _
305 2711 507 2766 bonum
535 2712 731 2768 vellent
771 2714 968 2778 redire,
994 2714 1150 2768 mala}
1208 2712 1479 2767 voluntati
1536 2714 1885 2783 inhaerentes,

310 2813 441 2856 tunc
502 2805 651 2858 omni
705 2804 891 2859 divina
960 2805 1312 2873 humanaque
1370 2806 1576 2860 ultione
1630 2818 1885 2876 arrepta,

307 2889 650 2949 eonaremini
703 2895 897 2964 punire
925 2904 979 2947 et
1006 2896 1302 2964 reprimere
1336 2896 1631 2950 amentiam
1664 2911 1729 2950 eo
1762 2912 1889 2966 pro-

309 2992 542 3041 vectam.
594 2985 698 3039 Sed
736 2985 865 3039 nihil
903 2986 1095 3039 borum
1128 2984 1330 3040 factum
1361 2995 1472 3051 est;
1506 2986 1637 3052 into,
1670 2995 1727 3041 ut
1753 2987 1885 3052 disi,

1975 504 2270 574 τριακόσιοι
2298 504 2356 569 ἐξ
2398 495 2459 555 οὗ
2504 502 2777 572 ὑπόφορος
2813 501 2951 555 οὖσα
2998 502 3130 571 ὑμῖν
3170 503 3439 571 ἐγεγόνει,
3472 505 3570 557 καὶ

1981 596 2123 649 κατὰ
2156 596 2325 666 μηδὲν
2349 594 2579 664 ὀφθεῖσα
2606 596 2705 664 τῆς
2753 595 2998 663 ὑπηκόου
3023 595 3237 661 τάξεως
3292 596 3568 666 μεταϐαλο

1976 685 2206 756 λομένη,
2258 687 2390 757 μηδέ
2432 686 2883 754 καινοτομήσασά
2915 704 2966 740 τι
3014 687 3147 755 περὶ
3182 688 3313 750 τοὺς
3342 689 3567 759 φόρους,

1980 778 2117 849 μηδέ
2180 778 2309 849 περὶ
2362 780 2464 849 τὴν
2499 779 2668 848 ἀλλην
2718 778 2990 844 δουλείαν,
3048 780 3182 849 ὅσην
3229 781 3568 851 Σαρακηνοῖς

1977 868 2255 923 δουλεύειν
2298 869 2491 940 ἐχρῆν,
2541 868 2667 941 μηδ’
2712 872 2855 935 ὅλως
2920 888 2973 924 τι
3021 871 3132 924 τῶν
3186 871 3446 945 ἐγκλησιν
3471 876 3568 927 ἐπ·

1980 962 2225 1030 αγόντων
2248 962 2436 1016 αἰτίαν
2460 962 2723 1031 φέρουσα,
2747 964 2813 1015 ἐκ
2839 962 3011 1032 μόνης
3041 962 3305 1028 ἀπονοίας
3347 965 3565 1036 ἀνδρὸς,

1979 1055 2077 1108 καὶ
2109 1055 2210 1125 τὴν
2241 1056 2350 1108 τῶν
2384 1055 2733 1126 Χριστιανῶν
2788 1056 3184 1126 ἁπηρνημένου
3237 1057 3443 1123 πίστιν,
3474 1057 3569 1111 καὶ

1980 1147 2043 1199 τὸ
2072 1147 2411 1217 Σαρακηνῶν
2472 1146 2642 1209 σέϐας
2680 1147 3020 1214 νοθεύοντας,
3057 1147 3420 1219 ἐξηρήμωται
3477 1150 3572 1201 καὶ

1980 1232 2252 1289 ἀπόλωλε.
2286 1236 2400 1288 Καὶ
2428 1237 2477 1289 oi
2517 1236 2727 1305 ταύτης
2749 1238 3035 1308 οἰκήτορες
3064 1238 3114 1290 oi
3148 1238 3251 1308 μὲν
3287 1238 3572 1311 μαχαίρας

1982 1323 2169 1395 ἔργον,
2200 1326 2250 1378 oi
2280 1326 2340 1381 δέ
2371 1327 2666 1381 ἀνάστατοι
2715 1328 2999 1397 γεγόνασι,
3032 1329 3195 1383 τούτο
3230 1331 3394 1400 μόνον
3418 1332 3572 1401 ἔχον-

1981 1433 2074 1481 τες
2109 1418 2385 1489 ἔγκλημα,
2434 1420 2515 1472 ὅτι
2581 1421 2674 1473 ἐπὶ
2730 1422 3099 1491 μακροτάτοις
3151 1422 3295 1476 οὕτω
3336 1425 3563 1493 χρόνοις

1985 1508 2284 1564 ὑπέκειντο
2334 1512 2700 1582 εὐγνωμόνως
2759 1514 2911 1584 ὑμῖν,
2949 1516 3047 1568 καῖ⁵
3100 1514 3252 1569 οὐδὲν
3306 1514 3569 1585 ὤφθησαν

1982 1604 2090 1658 τῶν
2116 1607 2195 1668 είς
2228 1605 2505 1676 ὑμετέραν
2535 1606 2886 1676 ἐλλείψαντες
2936 1607 3262 1678 θεραπείαν,
3304 1608 3569 1672 πολλάκις

1985 1701 2140 1771 ὑμῶν
2168 1700 2380 1772 βαρέως
2417 1702 2821 1773 ἐπενεχθέντων
2850 1705 3033 1767 αὑτοῖς
3058 1705 3152 1757 καὶ
3196 1703 3351 1775 παρὰ
3393 1722 3571 1776 προσ-

1987 1792 2124 1862 ῆκον
2167 1794 2262 1846 καὶ
2298 1793 2369 1847 τά
2431 1794 2589 1847 κοινά
2615 1793 2804 1847 δίκαια
2864 1795 2972 1849 τῶν
3012 1793 3345 1865 συμφώνων.
3375 1797 3572 1850 Καίτοι

1986 1902 2051 1954 γε
2080 1884 2239 1953 εῐπερ
2258 1886 2351 1939 καὶ
2376 1882 2464 1939 οἷα
2491 1887 2561 1940 τά
2586 1887 2907 1957 ἀνθρώπινα
2929 1888 3227 1955 σφαλέντες
3246 1889 3568 1960 ἐτύγχανον,

1986 1978 2081 2031 καὶ
2102 1979 2430 2042 ἀπεναντίας
2472 1979 2782 2051 ἐφρόνησάν
2836 1997 2889 2033 τι
2915 1980 3011 2033 τοῦ
3063 1981 3334 2052 ὑμετέρου
3368 1985 3573 2052 φρονή-

1988 2086 2181 2139 ματος,
2202 2070 2309 2124 οὐδ’
2333 2069 2510 2134 οὕτως
2537 2073 2712 2142 ἐχρῆν
2734 2072 2925 2135 ὅπλοις
2956 2073 3196 2138 ἐπιέναι,
3230 2075 3342 2127 οὐδ’
3368 2074 3573 2128 αὐτίκα

1987 2163 2123 2232 πρὸς
2146 2163 2351 2231 αἵματα
2378 2166 2577 2233 χωρεῖν
2608 2165 2706 2219 καὶ
2730 2167 2947 2234 σφαγάς
2965 2180 2981 2196 ·
3013 2165 3172 2219 τοῦτο
3225 2166 3336 2234 γάρ
3363 2166 3462 2237 οὑχ
3487 2166 3567 2218 ὅτι

1985 2254 2324 2324 Σαρακηνῶν
2346 2255 2516 2321 ἄξιον,
2545 2254 2662 2309 ἀλλ’
2698 2256 2819 2311 ούδέ
2844 2275 2993 2321 τινος
3018 2258 3207 2329 ἐτέρου
3249 2257 3440 2321 ἔθνους
3473 2259 3570 2311 ἀν-

1989 2344 2278 2417 θρωπίνην
2306 2347 2589 2401 πολιτείαν
2623 2350 2722 2402 καὶ
2751 2348 2866 2418 βίον
2902 2350 3104 2412 εἰδότος
3133 2349 3227 2402 καὶ
3262 2347 3567 2413 σώζοντος*

1988 2436 2127 2491 ἀλλά
2163 2438 2435 2511 πρότερον
2466 2440 2726 2509 ἐγκαλεῖν
2763 2440 2892 2511 περὶ
2925 2440 3022 2494 τοῦ
3055 2440 3398 2511 σφάλματος,
3453 2442 3573 2508 ἐξε-

1990 2528 2213 2600 λέγχειν
2243 2532 2320 2594 ὡς
2352 2532 2415 2586 ού
2454 2532 2642 2588 δίκαια
2667 2534 2995 2605 πράττουσι,
3029 2536 3322 2603 παραινεῖν
3358 2532 3571 2585 ἑαυτῶν

1989 2622 2268 2687 γενέσθαι,
2298 2625 2396 2679 καὶ
2420 2625 2495 2696 μὴ
2521 2624 2855 2694 ἐκφέρεσθαι
2894 2624 2990 2677 τοῦ
3043 2625 3441 2694 προσήκοντος,
3479 2626 3574 2678 καὶ

1990 2714 2152 2768 τοῦτο
2182 2719 2281 2786 οὑχ
2325 2719 2493 2782 ἅπαξ,
2543 2720 2681 2770 ἀλλά
2711 2721 2805 2770 καὶ
2837 2720 2922 2780 δὶς
2972 2720 3068 2771 καὶ
3095 2718 3278 2774 πλέον.
3312 2721 3420 2772 Καὶ
3451 2720 3570 2787 είγε

1989 2805 2403 2875 ἀνεπιστρόφως
2454 2803 2624 2877 εἶχον,
2679 2809 2775 2861 καὶ
2840 2809 2965 2863 ἀντὶ
3002 2810 3098 2863 τοῦ
3152 2810 3490 2882 μεταμαθεῖν
3511 2812 3572 2864 τὸ

1987 2895 2154 2949 καλὸν
2179 2901 2243 2966 τῇ
2273 2896 2476 2967 χείρονι
2526 2900 2883 2968 προσέκειντο
2940 2900 3162 2973 γνώμῃ.
3214 2904 3337 2956 τότε
3388 2904 3573 2957 πᾶσαν

1988 2985 2472 3056 ἀπεκδυσαμὲνους
2501 2989 2599 3042 καὶ
2634 2989 2785 3044 θείαν
2818 2990 3042 3061 νέμεσιν
3072 2993 3167 3046 καὶ
3189 2994 3568 3066 ἀνθρωπίνην,

310 3077 562 3132 homines
607 3077 862 3133 innoxios
901 3080 1168 3149 culpaque
1250 3093 1470 3144 vacuos,
1513 3079 1716 3149 quique
1755 3080 1885 3134 nihil

1990 3075 2292 3148 ἐπιχειρεῖν
2324 3076 2426 3149 τὴν
2447 3078 2715 3133 ἀπόνοιαν
2745 3078 2856 3133 τῶν
2889 3082 2970 3144 είς
3019 3080 3181 3134 τοῦτο
3213 3081 3571 3136 συνελασθέν-

309 3167 614 3237 antiquitus
669 3167 983 3237 juratorum
1018 3168 1395 3235 violaverunt,
1444 3185 1553 3226 non
1608 3186 1768 3227 secus
1824 3188 1885 3227 ac

1991 3166 2101 3219 τῶν
2136 3169 2517 3240 τιμωρεῖσθαι
2550 3170 2646 3225 καὶ
2668 3170 3019 3241 ἀνακρούειν.
3061 3173 3347 3245 Ἑπράχθη
3380 3174 3437 3227 δὲ
3463 3192 3574 3228 τοι-

310 3260 500 3317 hostes
526 3260 661 3317 estis
688 3260 943 3318 insecuti.

379 3534 515 3600 Quis
544 3534 673 3588 talia
707 3533 956 3597 audiens,
994 3534 1111 3589 sive
1152 3548 1347 3589 eorum
1382 3532 1478 3604 qui
1526 3549 1673 3589 nunc
1728 3543 1882 3597 sunt,

310 3625 425 3680 sive
444 3624 773 3690 futurorum,
797 3631 1071 3694 gestorum
1097 3634 1347 3680 auctores
1374 3640 1584 3695 magnae
1610 3624 1887 3694 iniustitiae

310 3732 419 3770 non
443 3715 871 3770 condemnabit?
902 3730 1086 3771 nonne
1107 3717 1272 3771 etiam
1303 3715 1541 3784 majores
1567 3716 1759 3781 vestri,
1791 3715 1886 3786 qui

311 3806 520 3862 fmdera
551 3822 675 3881 cum
714 3806 1184 3877 Gypriisinierunt
1217 3806 1656 3877 juramentlsque
1687 3806 1888 3861 contir-

316 3905 564 3963 Inarunt,
602 3897 649 3953 si
680 3899 805 3967 quis
834 3896 1105 3953 defunctis
1151 3906 1399 3954 remanet
1442 3913 1639 3953 sensus
1692 3910 1883 3951 eorum

310 4004 432 4060 quae
458 3989 549 4045 hic
579 3999 918 4059 quaeruntur,
950 3999 1140 4059 contra
1162 4003 1259 4043 vos
1294 3987 1617 4057 gemebundi
1639 3986 1889 4057 indigna-

311 4085 538 4148 buntur,
564 4098 771 4152 vosque
801 4082 983 4137 omnis
1016 4080 1491 4136 condemnationis
1522 4095 1647 4135 reos
1670 4078 1886 4149 judica-

313 4178 468 4240 bunt,
524 4184 785 4244 tanquam
846 4188 1032 4229 sontes
1071 4189 1183 4229 non
1233 4172 1414 4229 solum
1458 4175 1512 4227 in
1557 4172 1883 4243 Cypriorum

312 4267 572 4332 insulam,
629 4266 725 4321 sed
755 4266 920 4321 etiam
952 4266 1006 4320 in
1049 4265 1221 4335 ipsos,
1259 4274 1313 4320 ct
1338 4273 1398 4320 ut
1439 4265 1739 4333 parricidas
1766 4281 1887 4320 om-

311 4360 473 4416 nibus
516 4376 614 4416 vos
657 4359 965 4415 maledictis
999 4359 1345 4414 onerabant?
1379 4357 1527 4428 quod
1574 4358 1621 4414 si
1666 4358 1792 4428 quis
1828 4359 1884 4413 in

1989 3257 2145 3311 οὖτον
2165 3259 2509 3325 ούδέ,ν⁶άλλ⁹,
2542 3262 2682 3330 ὅπερ
2714 3255 2893 3327 εἷπον,
2926 3262 3253 3334 ἀνθρώπους
3288 3265 3570 3329 ἀναιτίους

1992 3350 2159 3418 μηδὲν
2211 3352 2568 3423 ἠδικηκότας,
2622 3355 2793 3425 μηδὲν
2839 3354 2950 3408 τῶν
2977 3356 3036 3420 ἐξ
3075 3357 3251 3428 ἀρχῆς
3306 3356 3572 3421 δοξάντων

1988 3441 2349 3512 ὴθετηκότας,
2378 3444 2466 3498 ῖσα
2493 3447 2588 3500 καλ⁵
2617 3446 2907 3517 πολεμίοις
2936 3449 3359 3520 διεχειρίσασθε.

2056 3535 2374 3606 ΤίςΙάκούων
2391 3537 2605 3610 ταύταῆ
2625 3538 2733 3593 τῶν
2748 3538 2866 3603 νῦν,
2887 3540 2919 3611 ἢ
2936 3542 3043 3593 τῶν
3061 3542 3359 3609 μετέπειτα
3374 3542 3573 3614 ἐσομέ-

1986 3643 2093 3680 νων
2114 3628 2235 3699 οὑχὶ
2277 3630 2523 3701 μεγάλην
2567 3630 2782 3685 ἀδικίαν
2808 3630 2917 3685 τῶν
2940 3631 3131 3696 [ταῦτα
3155 3633 3570 3700 καταγνώσεται

1984 3718 2521 3792 διαπεπραγμένωνς
2558 3722 2683 3787 Πῶς
2704 3722 2760 3776 δέ
2788 3724 2837 3776 oi
2865 3723 3209 3794 προπάτορες
3230 3723 3386 3795 ὑμῶν
3424 3725 3473 3777 οῖ
3502 3721 3570 3778 τά

1987 3810 2254 3882 σύμφωνα
2272 3814 2367 3866 καὶ
2393 3813 2521 3879 τοὺς
2550 3816 2747 3885 ὅρκους
2767 3815 2983 3885 θέμενοι
3001 3816 3141 3886 πρὸς
3176 3814 3482 3885 Κυπρίους,
3508 3818 3562 3870 εί

1988 3921 2073 3966 τις
2100 3904 2218 3957 ἐστὶ
2235 3906 2345 3958 τῶν
2365 3907 2424 3959 ἐν
2454 3907 2534 3977 τῷ
2560 3907 2659 3979 βίῳ
2675 3906 2851 3976 τούτῳ
2864 3907 3255 3977 πραττομένων
3287 3908 3399 3970 τοῖς
3420 3908 3571 3961 ἀποι-

1986 3993 2238 4064 χομένοις
2272 3996 2649 4067 συναίσθησις,
2676 3996 2797 4067 οὐχὶ
2824 3997 3075 4067 μεγάλως
3095 3997 3415 4064 στενάξαιτο
3443 3996 3567 4050 καθ’

1986 4083 2163 4154 ὑμῶν,
2212 4085 2309 4138 καὶ
2340 4085 2522 4157 πάσης
2585 4085 2967 4154 κατακρίσεως
3041 4086 3262 4157 ἐνόχους
3322 4085 3573 4156 καταψη-

1986 4176 2256 4245 φιοῦνται,
2288 4177 2349 4230 οὑ
2402 4178 2565 4248 μόνον
2603 4178 2680 4243 ὡς
2730 4178 3159 4251 ἐξαμαρτῶντας
3199 4181 3280 4243 είς
3334 4180 3435 4251 τὴν
3464 4180 3573 4233 τῶν

1985 4268 2257 4338 Κυπρίων
2285 4267 2473 4336 νῆσον,
2501 4269 2642 4322 ἀλλά
2670 4271 2767 4323 καὶ
2810 4275 2892 4334 είς
2938 4271 3195 4334 ἐκείνους
3221 4271 3443 4335 αὑτοὺς,
3478 4274 3572 4326 καὶ

1984 4357 2061 4420 ὡς
2098 4357 2433 4426 πατραλοίας
2477 4358 2686 4420 πάσαις
2720 4359 3098 4413 ὑποϐαλοῦσιν
3128 4361 3337 4432 άραῖς;
3375 4364 3446 4415 Ἦ
3475 4363 3571 4417 ἐάν

309 4463 518 4523 patrem
552 4452 730 4506 adhuc
761 4453 1028 4506 viventem
1060 4465 1128 4506 eo
1152 4465 1263 4519 quo
1295 4451 1672 4514 insurrexerit,
1702 4458 1885 4505 notam

1989 4465 2072 4511 τις
2112 4447 2254 4502 κατά
2310 4446 2406 4501 τοῦ
2464 4446 2597 4500 ίδίου
2636 4447 2849 4520 πατρὸς
2902 4450 2961 4501 ἐν
2991 4448 3067 4519 τῷ
3095 4450 3327 4519 παρόντι
3360 4450 3460 4522 βίῳ
3488 4453 3569 4513 είς

310 4544 589 4614 parricidii
636 4558 742 4597 non
775 4542 1060 4610 effugeret,
1094 4556 1280 4596 nonne
1301 4540 1395 4611 qui
1425 4540 1670 4596 defuncti
1712 4542 1884 4612 patris

310 4632 613 4687 voluntatis
663 4630 1010 4697 contradicit,
1056 4630 1330 4700 parricida
1377 4632 1483 4687 erit
1531 4630 1887 4701 ejusdemque

311 4740 490 4795 pana:
534 4723 705 4778 reus?
737 4722 961 4792 Ecquod
1015 4723 1160 4777 enim
1214 4723 1356 4778 inter
1402 4723 1519 4779 haec
1575 4722 1886 4778 rebellionis

310 4825 559 4887 respectu
588 4817 743 4871 adest
776 4815 1105 4871 discrimen?
1133 4816 1263 4886 quin
1305 4816 1435 4879 imo,
1470 4815 1516 4870 si
1546 4816 1672 4886 quis
1704 4816 1879 4885 probe

314 4909 624 4980 intelligere
673 4908 825 4970 velit.
860 4908 1013 4978 pejus
1063 4919 1150 4963 est
1180 4908 1237 4963 in
1266 4908 1580 4963 defunctum
1614 4923 1779 4977 quam
1829 4906 1887 4961 in

312 5004 497 5057 vivum
528 5004 736 5071 patrem
772 5002 1080 5070 insurgere,
1113 5017 1224 5072 quo
1253 5002 1426 5071 magis
1458 5016 1651 5057 eorum
1688 5000 1888 5055 interni

314 5095 405 5159 qui
453 5093 520 5148 ad
558 5092 799 5148 futuram
833 5093 1001 5147 vitam
1034 5102 1400 5163 pervenerunt
1427 5093 1602 5148 honor
1644 5108 1675 5147 a
1701 5092 1889 5148 liberis

316 5184 559 5249 habitus,
589 5186 966 5255 memoriaque
1004 5187 1357 5241 veneratione
1400 5186 1555 5256 plena
1586 5192 1750 5255 atque
1790 5200 1890 5240 vo-

315 5276 541 5333 luntatis
591 5280 939 5337 observantia
980 5298 993 5335 :
1028 5279 1193 5334 homo
1251 5295 1381 5335 vero
1444 5279 1536 5334 ille
1591 5277 1890 5351 (quomodo

316 5368 590 5423 nominem
649 5373 878 5442 nescio),
924 5373 1019 5443 qui
1071 5370 1419 5426 Christianos
1471 5386 1580 5425 non
1640 5379 1789 5425 amat
1836 5380 1891 5425 et

319 5460 720 5517 Saracenorum
756 5482 844 5521 res
892 5466 1021 5522 facit
1054 5465 1495 5533 contemptibiles
1541 5462 1889 5535 (Damianum

323 5553 484 5623 ilico),
534 5566 710 5622 neque
751 5559 1039 5623 praesentia
1085 5556 1439 5614 considerans
1492 5570 1671 5625 neque
1707 5553 1889 5609 futura

316 5645 622 5709 attendens,
653 5647 769 5701 sola
801 5663 900 5703 sua
945 5652 1181 5707 amentia
1227 5657 1282 5705 et
1311 5648 1670 5703 irrationabili
1706 5647 1891 5701 furore

318 5745 531 5807 (aptus,
586 5737 804 5807 impiam
851 5754 963 5795 rem
997 5742 1105 5811 agit
1129 5742 1344 5799 cunctis
1390 5738 1606 5798 saeculis
1654 5737 1886 5795 futuram

1988 4537 2363 4592 ἐπανάστασιν
2412 4539 2685 4608 καταστῇ,
2742 4534 2839 4590 τοῦ
2890 4536 3231 4607 πατραλοίας
3282 4533 3427 4592 εἶναι
3474 4541 3571 4611 τὴν

1985 4629 2204 4701 γραφὴν
2224 4628 2326 4683 οὑκ
2365 4629 2717 4699 ἐκφεύξεται,
2767 4627 2872 4697 τῆς
2902 4627 2961 4680 δέ
2995 4628 3284 4700 παρούσης
3315 4631 3573 4684 ἀπελθόνο

1984 4739 2077 4785 τος
2111 4721 2279 4790 ζωῆς,
2309 4722 2406 4775 ἐὰν
2452 4721 2523 4775 τά
2565 4721 2766 4790 ἐκείνῳ
2813 4720 3103 4790 ἀνατρέψῃ
3157 4718 3412 4786 δόξαντα,
3464 4722 3569 4776 οὑκ

1987 4813 2142 4868 ἐσται
2167 4814 2527 4883 πατραλοίας,
2552 4812 2805 4891 οὑδέητῆς
2827 4813 2999 4881 αὐτῆς
3025 4812 3210 4882 ἔνοχος
3233 4811 3570 4884 καταδίκης;

1988 4905 2055 4959 Τί
2084 4908 2194 4977 γὰρ
2234 4907 2392 4961 τοῦτο
2436 4906 2647 4961 ἐκείνου
2709 4905 2847 4974 πρὸς
2874 4904 3248 4960 ἐπανάστασιν
3283 4905 3569 4977 διαφέρεις

1988 4998 2208 5053 Μᾶλλον
2232 4998 2378 5067 ὅέςεί
2424 5017 2509 5063 τις
2564 4997 2813 5067 ἀκριϐῶς
2837 4998 3093 5067 βούλεται
3132 5000 3389 5067 συνιδεῖν,
3430 5000 3568 5065 αὕτη

1992 5090 2196 5163 μείζων
2222 5091 2315 5145 τοῦ
2339 5091 2501 5156 ζῶντι
2529 5093 2902 5159 ἐπαναστῆναι
2936 5092 3013 5159 τῷ
3046 5093 3223 5160 πατρὶ
3261 5092 3568 5146 ὲπανάστα·

1996 5200 2116 5246 σις,
2153 5185 2265 5254 ὅσῳ
2296 5185 2391 5237 καὶ
2426 5183 2628 5254 μᾶλλον
2666 5182 2832 5236 πλέον
2855 5182 3131 5252 ὀφείλεται
3154 5187 3265 5246 τοῖς
3294 5183 3430 5251 πρὸς
3467 5182 3567 5247 τὴν

1993 5274 2293 5345 μέλλουσαν
2316 5274 2727 5345 μεταϐεϐηκόσι
2781 5274 2933 5346 ζωὴν
2962 5278 2996 5346 ἡ
3035 5275 3188 5345 παρὰ
3216 5274 3325 5325 τῶν
3349 5272 3561 5324 τέκνων

1988 5368 2144 5437 τιμὴ,
2207 5366 2302 5418 καὶ
2354 5366 2528 5436 ὴσὺν
2601 5366 2862 5437 εὐλαϐείᾳ
2934 5366 3146 5436 μνήμη,
3241 5362 3332 5415 καὶ
3384 5359 3567 5431 ἡτῶν

1987 5459 2433 5529 διατεταγμένων
2517 5461 2872 5532 συν-τήρησις.
2939 5460 3001 5512 Ὢ
3068 5458 3221 5527 ὅπως
3273 5454 3413 5507 εῖπω
3475 5452 3568 5507 ἄν-

1991 5549 2210 5621 θρωπος
2237 5550 2444 5610 ἐκεῖνος
2492 5550 2519 5601 ό
2576 5550 2715 5619 μήτε
2772 5548 2839 5600 τὰ
2891 5543 3240 5615 Χριστιανῶν
3311 5542 3563 5613 στέρξας,

1992 5643 2085 5695 καὶ
2183 5639 2252 5693 τά
2350 5639 2457 5693 τῶν
2540 5638 2874 5711 Σαρακηνῶν
2950 5635 3104 5704 παρά
3190 5634 3395 5704 φαῦλον
3481 5634 3565 5686 θέ-

1996 5751 2178 5805 μενος,
2215 5734 2489 5803 Δαμιανδν
2519 5734 2575 5790 δὲ
2603 5733 2768 5807 φησὶν
2792 5733 2818 5785 ό
2856 5729 3036 5798 λόγος,
3069 5729 3224 5784 οὐδὲν
3255 5727 3435 5785 λαϐὼν
3475 5728 3569 5785 ἐπὶ
