3996 6208
280 277 350 335 35
1412 272 1719 333 NlCOLAI
1761 273 1866 337 (ΣΡ.

1973 274 2431 334 ΑΤΒΙΑΜΠΕ
3493 284 3560 349 36

288 385 624 442 homicidam
681 383 1044 444 transcendit,
1104 397 1276 452 neque
1321 382 1467 452 quod
1524 380 1590 438 ad
1636 383 1866 454 Cyprios

1973 383 2141 456 Συρίᾳ
2180 386 2525 455 Χριστιανῶν
2557 387 2792 457 πόλεμον
2852 389 3196 458 ἐπενεγκεῖν,
3233 392 3370 447 διότι
3425 399 3559 470 Χρι-

283 482 480 533 attinet
515 479 667 548 paris
717 474 999 530 homicidii
1034 482 1117 530 est
1147 476 1471 541 innoxium;
1513 476 1605 530 sed
1637 476 1857 545 linqua-

283 588 407 627 mus
465 587 585 640 quae
646 570 721 625 ad
784 571 1219 625 convincendum
1279 570 1492 639 injuriae
1547 570 1598 624 id
1650 569 1855 624 bellum

282 664 537 720 dicimus.

350 943 653 999 Considera
686 950 867 995 autem
901 941 1141 995 divinam
1177 938 1465 1003 ultionem,
1495 938 1590 1007 qui
1618 937 1858 1007 pruden-

285 1039 533 1093 tissimus
566 1050 625 1090 cs
672 1045 726 1088 et
775 1032 1115 1105 intelligendi
1160 1032 1371 1107 judicia
1406 1030 1589 1085 divina
1641 1030 1855 1095 solers;

284 1132 416 1185 mihi
456 1139 649 1199 reputa
702 1127 979 1183 cmlestem
1023 1127 1161 1180 iram
1197 1124 1565 1195 injustissimo
1593 1123 1860 1177 Damiano

280 1224 357 1292 ob
383 1232 501 1277 acta
536 1222 964 1285 incumbentem,
997 1218 1160 1287 cujus
1188 1228 1572 1287 argumentum
1602 1216 1860 1271 interitus

280 1318 481 1385 ipsius,
506 1312 895 1370 et'intirinitas
937 1327 1059 1381 quae
1090 1324 1213 1364 eum
1251 1309 1425 1365 tenuit
1462 1322 1528 1362 ex
1568 1323 1678 1378 quo
1712 1316 1860 1361 tein»

280 1421 415 1474 pore
449 1406 774 1477 Cypriorum
820 1413 1030 1459 terram
1083 1402 1303 1472 injustis
1347 1400 1589 1455 caedibus
1636 1398 1859 1460 imbuit,

279 1514 518 1570 eumque
550 1497 811 1569 paulatim
839 1496 1361 1565 consumpsitjustm
1393 1508 1423 1547 a
1454 1493 1563 1548 Deo
1620 1493 1691 1547 ob
1743 1491 1863 1559 ejus

281 1591 579 1660 injustitias
628 1590 804 1643 allatae
853 1602 1029 1657 paenae
1089 1586 1485 1641 testimonium.
1559 1582 1614 1638 Si
1678 1591 1862 1638 autem

281 1684 459 1751 placet
481 1682 766 1736 considera
797 1695 919 1749 quae
952 1682 1002 1732 in
1040 1679 1173 1732 mari
1213 1678 1375 1732 classi
1412 1684 1609 1731 vestra!
1648 1676 1864 1731 accide-

280 1785 410 1828 runt
441 1782 490 1827 et
520 1773 734 1826 rttiuam
771 1773 989 1826 navium
1035 1780 1346 1823 vestrorum
1384 1768 1503 1837 ipso
1538 1768 1590 1821 in
1627 1782 1861 1836 conspe-
1893 1806 1938 1860 Β

282 1874 374 1919 ctu
405 1865 597 1919 insulae
642 1880 806 1934 quam
846 1864 1075 1933 perdere
1124 1860 1391 1916 scelestus
1439 1860 1530 1913 ille
1569 1858 1867 1915 constitue-

284 1962 393 2009 rat.
456 1953 638 2009 Probe
687 1953 940 2022 equidem
991 1951 1107 2006 scio
1144 1958 1197 2004 te
1231 1951 1351 2005 sine
1396 1948 1602 2004 nostris
1653 1962 1863 2003 sermo-

283 2048 446 2103 nibus
518 2047 607 2101 illa
668 2046 975 2115 intelligere
1032 2053 1087 2100 et
1140 2044 1541 2113 comprobare;
1602 2043 1861 2112 quoniam

286 2154 467 2196 tamen
524 2141 661 2195 nihil
698 2139 1018 2211 prohibebat
1069 2154 1138 2193 ne
1170 2138 1267 2193 illa
1314 2152 1342 2192 a
1386 2137 1551 2192 nobis
1588 2149 1862 2191 memora—

285 2246 497 2299 rentur,
530 2235 661 2289 talia
684 2234 927 2288 diximus
958 2251 971 2287 :
1001 2240 1172 2287 restat
1205 2246 1352 2286 nunc
1380 2238 1442 2285 ut
1468 2230 1649 2285 divina
1684 2236 1860 2283 vestra

283 2328 527 2396 potentia
559 2341 669 2381 non
718 2333 929 2379 tantum
983 2323 1271 2394 intelligat,
1305 2326 1401 2378 sed
1435 2323 1601 2378 etiam
1657 2322 1861 2376 malum

281 2422 396 2489 jam
438 2429 623 2473 actum
664 2418 930 2489 corrigat,
967 2430 1021 2471 et
1064 2416 1283 2471 miseris
1330 2414 1547 2487 Cypriis
1581 2423 1791 2468 veteres
1832 2428 1863 2468 a

284 2509 533 2577 patribus
565 2510 761 2563 vestris
806 2521 1070 2563 concessa
1096 2507 1224 2577 jura
1265 2507 1540 2568 restituat,
1593 2505 1866 2560 securita-

289 2612 509 2670 temque
539 2611 595 2655 et
628 2598 1107 2668 tranquillitatem,
1143 2608 1309 2668 atque
1340 2611 1436 2651 eos
1474 2595 1782 2665 relinquere
1810 2596 1862 2649 in

285 2695 511 2762 antiqua
544 2692 695 2762 pacis
727 2690 900 2746 forma
956 2691 1253 2745 constituta
1296 2689 1593 2753 solventes,
1637 2686 1865 2752 tributa,

284 2782 578 2838 Saracenis
634 2792 695 2837 ut
741 2780 868 2837 olim
919 2790 974 2837 et
1023 2797 1198 2849 usque
1245 2780 1376 2834 dum
1423 2779 1742 2844 servientes,
1796 2777 1865 2832 ab

284 2875 433 2928 omni
466 2875 823 2944 oppressione
847 2883 901 2928 et
934 2874 984 2926 vi
1025 2874 1227 2929 liberos
1261 2887 1380 2942 quae
1410 2872 1528 2927 heri
1556 2881 1611 2927 et
1654 2870 1855 2927 nudius

283 2968 478 3021 tertius
509 2981 689 3020 saevus
713 2976 768 3020 et
799 2964 1059 3033 crudelis,
1088 2964 1387 3019 Damianus
1415 2964 1495 3020 eis
1525 2962 1763 3029 inﬂixit;
1795 2976 1864 3017 uc

286 3056 556 3127 majorum
603 3066 910 3112 vestrorum
948 3056 1207 3126 praeclara
1253 3054 1489 3111 consilia
1537 3070 1604 3109 ac
1654 3053 1863 3109 hedera

285 3149 499 3203 violetis
529 3162 708 3217 neque
742 3148 950 3202 honore
983 3155 1038 3201 et
1062 3148 1234 3218 gloria
1268 3146 1424 3201 vobis
1447 3145 1656 3215 iustitia
1685 3145 1861 3217 partis

284 3231 566 3295 decidatis.

1962 476 2172 528 στιανοὶ
2230 478 2353 529 καθ’
2426 478 2581 546 ὑμῶν
2632 480 3132 549 ὲκστρατεύονταιο
3188 484 3235 535 εί
3285 484 3343 538 δὲ
3398 489 3561 543 τοῦτο

1960 567 2241 636 πράττειν,
2274 570 2454 639 πάσης
2482 571 2740 623 ἐπέκεινα
2772 573 3091 640 μιαιφονίας
3122 576 3300 639 ἐστὶν,
3347 581 3466 633 οὐδὲ
3491 584 3560 635 τὰ

1960 659 2073 712 τῶν
2135 661 2404 731 Κυπρίων
2446 663 2803 732 ἀπήλλακται
2859 666 2959 733 τῆς
3027 665 3148 736 ἴσης
3188 672 3507 739 μιαιφονίας
3540 694 3552 706 ·

1961 748 2077 801 ἀλλ’
2109 750 2293 805 ὲάσθω
2324 754 2389 806 τά
2425 755 2556 823 παρ’
2600 755 2759 823 ἡμῶν
2793 755 2875 817 εἰς
2923 754 3148 827 ἔλεγχον
3187 761 3281 813 τοῦ
3318 769 3557 834 παρανό-

1964 858 2069 909 μου
2099 843 2342 913 πολέμου
2374 846 2672 915 λεγόμενα.
3598 907 3611 922 ,

2034 934 2242 1003 Σκέψαι
2276 935 2333 987 δὲ
2369 938 2463 988 καὶ
2492 938 2560 989 τὰ
2586 941 2649 991 ἐκ
2687 940 2783 1008 τῆς
2813 940 2963 1004 θείας
2988 941 3167 1012 δίκης,
3202 946 3297 997 καὶ
3324 945 3399 999 ὢν
3428 964 3559 1001 συνο

1977 1026 2269 1091 ετώτατος,
2329 1034 2423 1080 καὶ
2468 1031 2701 1083 συνιδεῖν
2747 1033 2933 1096 ἱκανδς
2966 1033 3087 1088 θεῖα.
3114 1036 3367 1105 κρίματα
3407 1053 3423 1067 ·
3456 1057 3556 1093 κα-

1962 1118 2140 1171 τανόει
2172 1137 2263 1188 μοι
2307 1122 2402 1172 καὶ
2425 1122 2526 1191 τὴν
2552 1123 2613 1189 ἐξ
2637 1122 2871 1191 οὐρανοῦ
2902 1126 2993 1178 ἐπὶ
3022 1130 3136 1190 τοῖς
3160 1132 3558 1200 γεγενημένοις
3638 1180 3649 1197 ,

1961 1209 2040 1279 τῷ
2078 1212 2531 1282 παρανομωτάτῳ
2551 1213 2812 1284 Δαμιανῷ
2847 1216 3245 1288 ἀγανάκτησιν.
3279 1220 3348 1272 Ὃ
3372 1236 3431 1272 τε
3448 1222 3559 1291 γὰρ

1963 1302 2022 1369 ἐξ
2054 1301 2366 1374 ἀνθρώπων
2400 1306 2710 1377 ἀφανισμος
2745 1308 2913 1360 αὑτοῦ
2944 1309 3105 1365 τοῦτο
3129 1311 3394 1373 διδάσκει,
3422 1315 3559 1369 ἀλλὰ

1966 1395 2067 1447 καὶ
2099 1396 2132 1464 ή
2165 1394 2224 1460 ἐξ
2254 1389 2316 1447 οὑ
2347 1398 2544 1466 χρόνου
2578 1401 2819 1467 σφαγαῖς
2863 1400 3077 1465 ἀδίκοις
3108 1404 3208 1474 τὴν
3233 1408 3336 1475 γῆν
3362 1407 3556 1476 ἔκρανε

1964 1487 2077 1539 τῶν
2096 1488 2386 1559 Κυπρίων,
2421 1491 2699 1560 συσχοῦσα
2729 1492 2922 1548 τοῦτον
2950 1496 3257 1566 ἀρρωστία,
3288 1499 3389 1551 καὶ
3416 1502 3554 1552 κατά

1976 1581 2174 1651 μικρὸν
2225 1582 2567 1649 δαπανῶσα,
2643 1586 2948 1658 μαρτύριόν
3001 1590 3119 1642 ἐστι
3170 1590 3273 1661 τῆς
3333 1592 3550 1655 δικαίας

1966 1674 2121 1743 παρά
2184 1674 2319 1728 Θεοῦ
2378 1679 2677 1748 τιμωρίας,
2743 1679 2862 1733 ἀνθ’
2911 1673 2988 1735 ὧν
3031 1682 3450 1753 παρηνόμησεν.
3488 1687 3551 1738 lii

1969 1765 2149 1836 βούλει
2172 1766 2228 1818 δὲ
2266 1768 2362 1823 καὶ
2397 1768 2431 1820 ἃ
2460 1768 2546 1823 διά
2581 1769 2855 1843 Θαλάττης
2874 1773 3156 1845 ἀπήντησε
3181 1776 3263 1845 τῷ
3303 1777 3553 1847 ὑμετέρῳ

1969 1856 2163 1927 στόλῳ,
2218 1859 2312 1910 καὶ
2342 1860 2374 1927 ἡ
2399 1860 2525 1912 κατ’
2586 1862 2763 1933 αὐτὴν
2798 1863 2897 1934 τὴν
2945 1866 3110 1934 νῆσον
3165 1868 3419 1922 ἀπιέςλεια
3448 1870 3555 1923 τῶν

1965 1950 2168 2004 πλοίων
2221 1953 2250 2004 ὑ
2261 1951 2397 2019 μῶν,
2434 1954 2503 2024 ἢν
2528 1955 2797 2010 ἀπολέσαι
2827 1962 2854 2011 ὸ
2887 1958 3149 2032 βδελυρὸς
3196 1962 3408 2025 ἐκεῖνος
3437 1964 3557 2016 διαο

1964 2043 2238 2113 νενόηται.
2257 2041 2393 2098 Οἶδα
2410 2046 2495 2098 ὅτι
2510 2050 2680 2120 χωρὶς
2704 2051 2815 2104 τῶν
2848 2052 3134 2121 ἡμετέρων
3162 2054 3355 2123 λόγων,
3380 2056 3552 2110 ταῦτα

1967 2135 2156 2205 συνίης
2186 2137 2282 2190 καὶ
2338 2139 2776 2207 συγγινώσκεις·
2832 2146 2985 2214 ὅμως
3035 2146 3090 2198 δὲ
3127 2146 3359 2216 ἐπείπερ
3398 2149 3549 2201 οὐδὲν

1962 2220 2032 2296 ἦν
2069 2226 2301 2292 κωλῦον,
2344 2228 2440 2280 καὶ
2492 2232 2624 2301 παρ’
2667 2233 2827 2302 ἡμῶν
2876 2237 3324 2307 ἐπισημανθῇαι
3375 2239 3548 2291 ταῦτα

1965 2316 2370 2387 προσείρηται·
2406 2318 2466 2371 τὸ
2509 2319 2700 2373 λοιπὸν
2730 2322 2851 2375 ἐστι
2896 2325 2993 2394 τῆς
3032 2324 3325 2397 δεδομένης
3365 2326 3546 2380 θεόθεν

1964 2408 2096 2478 ὑμῖν
2118 2410 2386 2477 ἐξουσίας,
2419 2412 2492 2483 μὴ
2532 2414 2692 2483 μόνον
2742 2416 2993 2482 συνιδεῖν,
3023 2419 3157 2472 ἀλλὰ
3192 2421 3289 2473 καὶ
3317 2422 3548 2491 ἐπανορ-

1972 2500 2253 2555 θώσασθαι
2284 2504 2347 2557 τὸ
2383 2505 2608 2573 γεγονὸς
2660 2510 2936 2577 πταῖσμα,
2972 2510 3068 2563 καὶ
3099 2512 3212 2574 τοῖς
3265 2515 3549 2573 ταπεινοῖς

1965 2593 2239 2664 Κυπρίοις
2291 2597 2754 2667 ἀποκαταστῆσαι
2783 2602 2851 2654 τὰ
2902 2602 2962 2668 ἐξ
3015 2604 3191 2673 ἀρχῆς
3243 2604 3396 2674 παρά
3441 2606 3552 2656 τῶν

1966 2683 2222 2754 πατέρων
2254 2687 2409 2755 ὑμῶν
2453 2690 2643 2751 αὐτοῖς
2686 2697 3085 2760 παρεσχημένοι
3135 2694 3344 2757 δίκαια,
3368 2697 3462 2747 καὶ
3490 2696 3549 2747 τὸ

1966 2774 2206 2839 ἀϐλαϐὲς
2236 2777 2331 2830 καὶ
2375 2778 2817 2849 ἀνεπηρέαστον,
2850 2782 3178 2839 καταλιπεῖν
3211 2786 3416 2848 αὐτοὺς
3455 2788 3547 2838 ἐπὶ

1965 2868 2061 2921 τοῦ
2109 2869 2344 2940 ἀρχαίου
2407 2872 2691 2940 σχήματος
2753 2875 2853 2941 τῆς
2899 2876 3149 2946 εἰρήνης,
3206 2878 3547 2948 παρέχοντας

1966 2961 2066 3013 ὅσα
2111 2961 2425 3032 νενόμισται
2474 2964 2783 3031 ὑποτελεῖν,
2834 2967 2929 3019 καὶ
2982 2970 3399 3037 ὑπουργοῦντας
3452 2970 3551 3039 τὴν

1967 3054 2177 3109 ἄνωθεν
2231 3057 2327 3109 καὶ
2375 3057 2541 3127 μέχρι
2571 3056 2666 3111 τοῦ
2701 3060 2796 3113 νῦν
2825 3057 3136 3133 ὑπουργίαν
3191 3065 3547 3132 Σαρακηνοῖς,

1969 3148 2151 3220 πάσης
2211 3152 2306 3205 καὶ
2362 3150 2670 3222 βαρύτητος
2722 3157 2817 3206 καὶ
2861 3154 2980 3223 βίας
3026 3157 3350 3225 ἐλευθέρους
3375 3157 3553 3210 διατε-

1959 3242 2218 3315 λοῦντας,
2266 3244 2365 3314 τῆς
2400 3244 2528 3315 χθὲς
2569 3247 2664 3299 καὶ
2726 3247 2919 3318 πρώην
2975 3249 3397 3319 ἐπιτεθειμένης
3448 3249 3549 3302 αὑ-

282 3335 397 3396 τοῖς
420 3334 527 3387 ὑπὸ
581 3336 682 3405 τῆς
704 3334 799 3386 τοῦ
856 3332 1132 3406 Δαμιανοῦ
1189 3332 1513 3404 σκαιότητος
1540 3332 1634 3386 καὶ
1701 3333 2141 3406 ἀπανθρωπίας⁸
2211 3338 2297 3392 ἵνα
2366 3341 2504 3411 μήτε
2552 3342 2661 3393 τῶν
2717 3344 2973 3412 πατέρων
3031 3345 3186 3414 ὑμῶν
3236 3344 3552 3405 ἀθετοῦντες

286 3425 543 3497 ὀφθείητε
593 3425 663 3478 τὰ
719 3424 903 3487 καλῶς
965 3422 1199 3489 δόξαντα
1256 3423 1607 3495 βουλεύματά
1662 3441 1721 3477 τε
1774 3425 1871 3478 καὶ
1938 3426 2227 3500 σύμφωνα,
2292 3431 2431 3501 μήτε
2473 3430 2599 3485 ἀντὶ
2647 3432 2746 3503 τῆς
2788 3434 3120 3507 πρεπούσης
3199 3438 3443 3507 ὑμῖνὲπὶ
3481 3438 3548 3504 τῇ

284 3522 606 3591 δικαιοσύνῃ
629 3519 798 3590 τιμῆς
819 3537 879 3572 τε
908 3522 1001 3573 καὶ
1022 3519 1182 3591 δόξης
1211 3521 1347 3592 πρὸς
1378 3520 1693 3575 τούναντίον
1716 3521 1865 3590 εἴητε
1902 3525 2361 3593 μεταπίπτοντες.

836 3612 901 3668 ll.
942 3614 1022 3669 Ad
1061 3616 1321 3671 etmadem.

356 3706 614 3762 Omnium
654 3709 924 3762 bonorum
963 3722 1086 3778 qua:
1120 3708 1440 3765 hominibus
1480 3709 1636 3764 aflert
1675 3710 1785 3765 vita
1816 3718 1871 3766 et

290 3801 493 3872 quibus
564 3800 688 3855 vita:
757 3800 985 3855 delicias
1049 3801 1299 3858 obtinent
1369 3802 1660 3870 homines,
1731 3801 1871 3857 nihil

295 3894 373 3949 ita
443 3892 690 3955 bonum,
757 3891 893 3946 nihil
938 3892 1240 3958 jucundius
1282 3895 1645 3964 prudentibus
1701 3910 1866 3964 quam

291 3986 548 4043 amicitia:
577 3986 870 4055 acquisitio
904 3996 960 4042 et
986 3987 1109 4056 ejus
1131 3986 1413 4057 studiumjz
1470 4003 1536 4043 ex
1570 3988 1694 4043 inde
1722 3988 1867 4043 enim

291 4076 370 4131 illi
402 4077 622 4147 quidem
655 4075 948 4130 statuimus
985 4077 1170 4133 studio
1207 4077 1505 4133 amicitiam
1555 4079 1702 4133 velut
1740 4078 1866 4133 fun-

290 4172 421 4226 dare
453 4181 508 4226 et
553 4170 801 4241 plantare
843 4185 965 4225 cum
1016 4171 1110 4237 iis,
1141 4172 1342 4242 quibus
1376 4172 1725 4228 familiariter
1758 4188 1867 4227 non

291 4265 610 4327 utebantur,
666 4264 930 4320 siautem
965 4266 1267 4322 amicitiam
1295 4268 1509 4337 jamdiu
1559 4278 1742 4323 natam
1773 4267 1869 4322 sed

291 4369 480 4431 postea
544 4359 810 4429 temporis
866 4359 1226 4415 diuturnitate
1279 4361 1593 4429 languidam
1650 4360 1872 4416 student

2548 3625 2622 3678 B’.
2666 3625 2752 3692 Τῷ
2794 3626 2986 3693 αὐτῷ.

2054 3711 2347 3769 ’Δπάντων
2373 3715 2473 3769 ὅσα
2494 3719 2609 3782 τοῖς
2639 3718 2952 3789 ἀνθρώποις
2987 3722 3014 3772 ὀ
3046 3719 3162 3788 βίος
3195 3722 3351 3791 φέρει
3382 3722 3544 3784 καλὰ.

1971 3803 2066 3857 καὶ
2094 3804 2164 3856 δι’
2189 3798 2264 3858 ὧν
2298 3805 2620 3875 ἀνθρωπίνη
2677 3807 2791 3880 ζωὴ
2837 3810 3106 3881 κέκτηται
3152 3812 3214 3864 τὸ
3246 3812 3365 3882 ἡδὺ,
3399 3812 3550 3865 οὐδὲν

1973 3895 2119 3949 οὕτω
2154 3898 2343 3965 καλὸν,
2370 3898 2491 3952 οὑδὲ
2525 3900 2793 3971 ἡδύτερον
2825 3905 2936 3966 τοῖς
2986 3906 3250 3974 φρονήσει
3282 3921 3554 3974 κεκοσμη-

1981 3989 2187 4060 μένοις,
2222 3988 2297 4051 ὡς
2327 3992 2521 4058 κτῆσις
2568 3993 2769 4062 φιλίας,
2803 3995 2899 4048 καὶ
2930 3997 2964 4065 ἡ
2998 3997 3127 4065 περὶ
3157 3996 3362 4065 ταύτην
3386 4013 3550 4050 σπου-

1983 4080 2071 4150 δή.
2099 4080 2381 4133 Ἐντεῦθεν
2415 4081 2567 4135 ἄλλοι
2606 4083 2703 4155 μὲν
2769 4086 2902 4155 πρὸς
2934 4086 3028 4149 οὒς
3068 4088 3167 4141 οὑκ
3199 4086 3358 4157 ἔσχον
3390 4090 3555 4157 συνή-

1978 4173 2134 4227 θειαν
2162 4174 2249 4228 διά
2281 4176 2562 4247 φροντίδος
2607 4177 2816 4245 ἔθεντο,
2859 4176 2973 4233 οἷον
3013 4182 3190 4251 ἀρχήν
3223 4198 3346 4236 τινα
3391 4199 3559 4234 κατ)-

1977 4266 2264 4328 6αλᾶσθαι,
2325 4267 2419 4318 καὶ
2471 4267 2741 4333 φυτεῦσαι
2799 4270 3001 4336 φιλίαν·
3052 4272 3232 4340 ἕτεροι
3285 4271 3341 4322 δὲ
3388 4271 3557 4324 πάλαι

1982 4357 2076 4412 καὶ
2103 4358 2312 4412 ἄνωθεν
2342 4358 2861 4429 ἀναόλαστησάσης,
2928 4356 3056 4415 εἶτα.
3096 4361 3288 4431 ὥσπερ
3332 4361 3557 4432 ἀπομα-

292 4444 713 4501 revirescentem
757 4447 966 4501 moveri
998 4462 1126 4501 raro
1164 4457 1217 4502 et
1250 4462 1347 4517 per
1387 4449 1597 4517 seipsos
1627 4448 1694 4503 ad
1735 4448 1866 4502 auti-

1985 4452 2279 4523 ρανθείσης
2316 4451 2393 4522 τῷ
2420 4453 2617 4524 χρόνῳ,
2661 4454 2833 4519 δεῖξαι
2861 4455 3273 4510 ἀναθάλλουσαν
3305 4456 3561 4510 διεσπούε

291 4554 456 4607 quam
487 4536 721 4591 formam
755 4548 1036 4599 revocant,
1067 4538 1221 4606 probi
1274 4539 1640 4609 iutelligeutcs
1666 4550 1721 4595 ct
1750 4556 1872 4609 per-

293 4630 433 4681 l'ccta
469 4626 756 4694 prudentia
791 4627 938 4681 illius
968 4638 1222 4682 naturam
1256 4630 1678 4700 perspicientes,
1711 4631 1763 4685 id
1789 4640 1874 4686 est

296 4719 553 4773 omnibus
593 4719 718 4772 vitae
765 4718 928 4775 bonis
976 4721 1359 4789 pretiosiorem
1404 4735 1461 4777 et
1493 4724 1872 4794 jucundiorem

296 4828 419 4867 esse
453 4811 711 4866 amicitia:
742 4812 1099 4882 voluptatem.
1134 4814 1268 4880 Quae
1299 4830 1424 4872 sum
1447 4816 1730 4887 prafatus,
1764 4833 1872 4873 non

300 4908 446 4975 quod
497 4907 829 4978 ignoraverit
879 4919 1058 4965 vestra
1115 4912 1395 4977 nobilitas,
1452 4914 1543 4969 sed
1594 4916 1749 4984 quasi
1808 4914 1874 4968 ad

297 4997 558 5053 scientem
604 4999 720 5067 ipse
749 4999 953 5065 sciens,
1008 5010 1061 5055 et
1093 5012 1354 5074 tanquam
1389 5015 1644 5059 mutuum
1703 5007 1875 5061 collo-

294 5090 509 5156 quium,
565 5090 632 5145 de
683 5092 1013 5148 resumenda
1050 5093 1190 5174 inter
1244 5111 1347 5152 nos
1386 5099 1643 5153 amicitiae
1691 5113 1876 5167 opere,

298 5180 443 5247 quod
472 5194 580 5233 non
612 5182 775 5236 modo
808 5180 1124 5252 incipimus,
1162 5184 1257 5240 sed
1286 5187 1466 5255 potius
1500 5196 1559 5242 ut
1593 5196 1875 5257 paternam

302 5272 670 5329 hatreditatem
726 5277 1054 5347 inquirimus
1102 5287 1174 5340 et,
1215 5288 1275 5333 ut
1310 5291 1468 5334 antea
1500 5280 1633 5343 dixi,
1691 5283 1879 5335 stude-

300 5377 424 5417 mus
462 5364 794 5423 revirescere
830 5367 1031 5431 lacere,
1063 5384 1190 5423 cum
1227 5373 1488 5439 temporis
1514 5372 1877 5426 diuturnitate

303 5454 553 5519 dissolvi,
582 5471 693 5524 quo
730 5462 914 5517 nescio
949 5464 1114 5517 modo
1147 5464 1571 5532 periclitaretur.

368 5637 485 5693 Non
516 5640 718 5695 etenim
750 5653 987 5699 vestram
1022 5648 1373 5717 prudentiam
1411 5649 1540 5703 latet
1573 5651 1875 5706 maximum

299 5730 443 5787 tuter
497 5730 589 5788 Dei
627 5746 887 5806 summos
920 5738 1274 5810 sacerdotes,
1335 5741 1699 5800 venerabilem
1731 5743 1877 5797 Plio-

1976 4545 2167 4611 δασαν,
2206 4548 2300 4600 καὶ
2334 4546 2403 4599 δι’
2444 4546 2652 4601 ἑαυτῶν
2688 4550 2770 4610 είς
2808 4548 2868 4601 τὸ
2915 4550 3145 4621 ἀρχαῖον
3178 4551 3555 4619 ἐπανήγαγον,

1975 4635 2154 4708 ὀρθῶς
2201 4638 2426 4705 είδότες,
2473 4641 2568 4692 καὶ
2621 4643 2839 4696 συνέσει
2875 4643 3196 4714 τελειοτάτῃ
3246 4646 3347 4716 τὴν
3394 4647 3558 4713 φύσιν

1976 4730 2071 4783 τοῦ
2111 4733 2438 4803 πράγματος
2480 4738 2942 4806 κατανοήσαντες,
2976 4740 3057 4791 ὅτι
3091 4739 3200 4791 τῶν
3236 4740 3290 4790 ὲν
3333 4739 3411 4811 τῷ
3459 4740 3559 4810 βίῳ

1980 4822 2200 4875 πάντων
2238 4826 2335 4878 καὶ
2362 4826 2695 4898 τιμιώτερον
2723 4829 2819 4881 καὶ
2844 4830 3211 4901 χαριέστερον
3236 4830 3299 4883 τὸ
3324 4834 3425 4901 τῇς
3464 4851 3559 4902 qr:-

1980 4914 2099 4977 λίας
2127 4916 2387 4986 τερπνόν.
2417 4917 2603 4970 Ταῦτα
2636 4921 3072 4991 προοιμιάζομκι
3103 4924 3200 4994 οὑχ
3235 4923 3309 4987 ὡς
3339 4925 3561 4992 ἀγνοού-

1982 5025 2079 5079 σης
2109 5008 2211 5077 τῆς
2244 5009 2401 5077 ὑμῶν
2432 5011 2737 5077 εὐγενείας,
2778 5013 2894 5065 ἀλλ’
2939 5017 3014 5079 ὼς
3070 5018 3210 5087 πρὸς
3249 5019 3428 5072 εἰδότα
3469 5019 3560 5070 καὶ

1980 5101 2146 5163 αὑτὸς
2181 5100 2339 5164 εἰδὼς
2388 5104 2483 5155 καὶ
2522 5098 2637 5157 οἷον
2693 5105 2882 5174 κοινὴν
2919 5109 3243 5180 συνομιλίαν
3279 5112 3406 5180 περὶ
3459 5106 3554 5159 τοῦ

1980 5193 2331 5263 ἀμφοτέρους
2386 5196 2758 5251 ἀναλαϐέσθαι
2809 5201 2870 5251 τὸ
2912 5204 3147 5272 πρᾶγμα
3197 5203 3295 5270 τῆς
3350 5198 3555 5269 φιλίας,

1980 5281 2150 5357 οὗπερ
2179 5288 2239 5339 οὐ
2264 5286 2360 5339 νῦν
2400 5289 2710 5359 ἀρχόμεθα,
2754 5292 2892 5346 ἀλλά
2941 5296 3146 5364 μᾶλλον
3174 5294 3371 5361 κλῆρον
3422 5289 3553 5342 ὅντα

1982 5381 2247 5450 πατρικὸν
2295 5380 2686 5452 ἐπιζητοῦμεν,
2757 5387 2852 5442 καὶ
2881 5387 2907 5439 ὃ
2958 5386 3277 5455 προὲφημεν
3316 5381 3555 5437 ἀναθάλ-

1980 5471 2093 5523 λειν
2126 5474 2549 5542 παρασκευάσαι
2585 5477 2988 5547 σπουδάζομεν,
3022 5477 3122 5527 οὑκ
3160 5470 3275 5525 οἶδα
3310 5474 3457 5534 ὅπως
3482 5474 3558 5543 τῷ

1982 5563 2164 5634 χρόνῳ
2198 5562 2637 5620 κινδυνεύσασαν
2665 5569 3022 5640 διαρρυῆναι.

2051 5656 2127 5708 Οὐ
2162 5656 2417 5711 λανθάνει
2453 5661 2564 5731 γὰρ
2592 5661 2696 5731 τὴν
2720 5661 2997 5730 ὑμετέραν
3031 5658 3272 5725 σύνεσιν,
3298 5660 3509 5728 ὅτιπερ
3531 5659 3557 5708 ὁ

1985 5750 2042 5809 ὲν
2067 5750 2383 5823 ἀρχιερεῦσι
2412 5752 2549 5807 Θεοῦ
2586 5754 2843 5825 μέγιστος
2872 5753 2966 5807 καὶ
3010 5752 3260 5823 ἀοίδιμος
3298 5753 3503 5814 Φῶτιος
3533 5752 3560 5803 ὁ
