3996 6208
328 265 398 327 3Ἱ
1058 324 1061 327 .
1754 264 2159 324 EPISTULE.
3540 270 3611 323 :8

331 372 467 441 εμδς
508 374 565 423 ὲν
609 368 887 439 Πνεύματι
943 369 1087 440 ἁγίῳ
1140 370 1330 441 Πατὴρ
1372 373 1508 442 πρὸς
1563 374 1652 424 τδν
1711 374 1922 443 πατέρα

2031 374 2166 426 tium
2222 384 2429 443 patrem
2485 373 2778 429 meum‘in
2836 371 3039 443 Spiritu
3093 386 3302 441 sancto,
3349 378 3419 433 ita
3480 397 3604 434 rum

333 465 438 530 τῆς
482 459 638 531 ὑμῶν
681 460 965 528 εὐγενείας
1017 460 1193 523 οὓτως
1228 463 1468 531 συνῆπτο
1507 466 1572 533 τῇ
1616 462 1708 515 τοῦ
1752 464 1921 515 πόθου

334 554 553 625 σχέσει,
583 551 658 614 ὡς
685 551 864 616 οὐδεὶς
898 551 1019 604 οὐδὲ
1061 553 1171 605 τῶν
1217 554 1491 625 ὁμοδόξων
1524 554 1615 605 καὶ
1645 554 1923 623 ὁμοφίλων

332 646 571 719 φιλικῶς
603 644 936 698 διετέθειντο
990 646 1126 715 πρὸς
1175 646 1343 716 ὑμᾶς·
1378 648 1663 718 ἄνθρωπος
1697 648 1806 717 γὰρ
1847 646 1925 700 ὢν

330 742 435 795 τοῦ
464 740 624 805 Θεοῦ,
673 739 769 791 καὶ
804 738 973 801 πολὺς
1002 742 1069 791 τά
1104 756 1159 790 τε
1191 740 1310 792 θεῖα
1344 743 1436 793 καὶ
1493 742 1561 793 τὰ
1601 738 1924 811 ἀνθρώπινα

334 836 479 906 ᾔδει,
529 835 613 886 ὅτι
644 833 751 886 κᾶν
782 831 843 884 τδ
878 831 972 883 τοῦ
1008 832 1359 900 σεϐάσματος
1419 834 1597 904 διίστη
1660 835 1927 906 διατείχι-

336 944 476 996 σμα,
509 924 651 978 ἀλλὰ
681 924 746 977 τό
772 940 833 992 γε
863 923 962 993 τῆς
994 926 1336 995 φρονήσεως,
1366 927 1469 995 τῆς
1502 927 1806 997 ἀγχινοίας,
1828 927 1924 981 τοῦ

332 1018 549 1087 τρόπου
602 1016 884 1081 εὐσταθὲς,
931 1017 991 1069 τὸ
1034 1018 1136 1087 τῆς
1172 1018 1611 1092 φιλανθρωπίας,
1649 1022 1716 1075 τὰ
1760 1020 1925 1075 λοιπὰ

333 1115 439 1166 ὅσα
501 1111 702 1179 κοσμεῖ
738 1109 834 1163 καὶ
890 1109 1144 1180 σεμνύνει
1202 1110 1299 1182 τὴν
1360 1111 1709 1183 ἀνθρωπίνην
1763 1113 1926 1181 φύσιν

338 1204 631 1273 προσόντα,
669 1201 834 1255 πόθον
882 1202 1187 1272 ἀναφλέγει
1256 1207 1368 1269 τοῖς
1407 1204 1475 1257 τὰ
1532 1205 1671 1258 καλά
1712 1204 1928 1273 φιλοῦσι

335 1297 453 1349 τῶν
487 1290 564 1358 οἷς
597 1297 858 1364 πρόσεστι
894 1296 962 1348 τὰ
1015 1293 1340 1367 φιλούμενα.
1388 1297 1491 1350 Διά
1536 1296 1694 1350 τοῦτο
1740 1299 1929 1351 κάκεῖο

340 1406 434 1452 νος
471 1390 639 1457 ἐφίλει
670 1390 762 1441 τὸν
821 1388 911 1441 σὺν
953 1390 1168 1460 πατέρα
1201 1385 1281 1453 οἷς
1307 1382 1466 1442 εἷπον
1524 1389 1925 1462 κοσμούμενον,

342 1484 393 1534 εί
446 1484 535 1534 καὶ
599 1481 809 1550 μεταξὺ
843 1482 903 1533 τὸ
952 1480 1214 1551 διαφέρον
1270 1483 1366 1550 τῆς
1424 1482 1659 1547 πίστεως
1716 1483 1923 1538 ἵστατο.

349 1574 721 1644 Ἐκινὴθημεν
756 1574 811 1627 δὲ
845 1574 904 1626 ού
954 1573 1048 1629 νῦν
1084 1575 1222 1646 πρὸς
1281 1577 1381 1645 τὴν
1428 1576 1752 1647 προαίρεσιν
1798 1577 1928 1630 ταύο

335 1684 466 1737 την,
503 1666 640 1719 ἀλλά
698 1665 870 1718 παλαι
909 1667 1005 1720 καὶ
1059 1667 1255 1736 πρώην
1310 1669 1769 1741 συνεκινούμεθα,
1830 1674 1926 1725 καὶ

339 1729 481 1843 nep}
515 1757 708 1811 πολλοῦ
752 1729 1112 1828 ἐποιούμεθαξ
1164 1729 1337 1812 Τοῦτο
1375 1760 1439 1831 δὴ
1466 1760 1494 1813 ὃ
1527 1729 1777 1832 προὲφην
1826 1764 1924 1835 τὴν
1958 1729 1999 1784 Β

294 1888 299 1891 -
339 1850 583 1920 ζήτησιν
612 1849 707 1918 τῆς
742 1849 1018 1920 πατρικῆς
1052 1850 1211 1919 ἡμῶν
1253 1852 1460 1920 φιλίας,
1507 1855 1826 1924 παρέστηκε
1860 1855 1918 1908 δὲ

341 1945 448 1997 νῦν
483 1944 738 2005 ὑπόθεσις
785 1944 877 1996 τὸν
933 1945 1135 1998 σκοπὸν
1170 1944 1331 2015 ἡμῶν
1400 1945 1710 2016 πληροῦσα,
1748 1951 1812 2016 ἣν
1850 1949 1926 2013 ὼς

334 2036 559 2104 ἀληθῶς
586 2036 691 2089 ἔδει
728 2034 825 2088 τοῦ
865 2036 1111 2090 τοιούτου
1149 2039 1482 2109 πράγματος
1548 2040 1727 2111 ἀρχὴν
1768 2042 1923 2109 γενέ-

339 2126 490 2179 σθαι·
520 2128 553 2197 ἡ
582 2126 636 2179 δέ
693 2128 844 2180 ἐστιν
873 2128 948 2191 ὡς
982 2130 1114 2201 ὁρᾷς
1148 2130 1467 2201 συμπάθεια
1500 2134 1637 2201 πρὸς
1669 2135 1730 2185 τὸ
1792 2138 1925 2203 ὀμο-

335 2221 496 2290 φυὲς,
529 2221 945 2293 φιλανθρωπία,
970 2222 1141 2288 ἔλεος,
1172 2223 1478 2297 ἡμερότης.
1515 2226 1622 2278 Καὶ
1658 2227 1709 2277 τί
1738 2224 1922 2296 άλλοῆ

334 2315 506 2368 αὐτοῦ
556 2316 652 2371 τοῦ
695 2314 837 2370 Θεοῦ
872 2316 973 2386 τῆς
1020 2317 1359 2388 άγαθότητος
1424 2318 1653 2389 μίμησις
1684 2337 1699 2385 ;
1731 2319 1789 2383 ὃς
1838 2320 1925 2373 8ιά

334 2406 543 2478 πολλὴν
582 2408 934 2478 χρηστότητα
960 2408 1055 2461 καὶ
1079 2408 1309 2480 ἄπειρον
1337 2409 1509 2475 ἔλεος,
1544 2412 1639 2462 καὶ
1690 2412 1792 2462 οὐκ
1832 2410 1922 2463 5v-

333 2515 437 2562 τας
466 2500 805 2568 ὑπέστησεν,
832 2502 929 2554 καὶ
960 2502 1275 2556 ὑποστάντα
1309 2504 1377 2555 ὲκ
1406 2502 1579 2574 πηλοῦ
1619 2497 1709 2557 οἶα
1742 2503 1925 2572 πατὴρ

334 2591 616 2659 ἔφαπλῶν
672 2593 767 2663 τὴν
819 2595 1156 2666 κηδεμονίαν
1212 2596 1280 2648 τά
1323 2594 1606 2665 σπλάγχνα
1649 2597 1923 2665 περιέπει,

334 2682 448 2748 τὴν
473 2683 624 2749 ζωὴν
650 2685 888 2749 συνέχει,
926 2686 1109 2736 πάντα
1134 2689 1387 2752 χορηγεῖ,
1431 2680 1513 2744 οἷς
1551 2688 1611 2738 τὸ
1643 2687 1926 2753 ἀνθρώπι-

334 2786 427 2821 νον
464 2768 580 2839 ἔχει
617 2770 716 2838 τὴν
746 2770 1032 2841 διαμονήν.
1065 2771 1307 2842 Τοιαύτη
1335 2790 1418 2836 τις
1447 2774 1479 2841 ἡ
1522 2772 1771 2845 παροῦσα
1797 2775 1926 2828 ύπό-

337 2861 514 2927 θεσις,
544 2863 751 2918 τούτων
775 2858 851 2919 ὧν
881 2861 1037 2920 εἶπεν
1064 2867 1160 2918 καὶ
1190 2866 1329 2936 αὑτὴ
1366 2868 1609 2937 φέρουσα
1644 2868 1744 2938 την
1784 2868 1924 2921 ἀπό-

332 2953 554 3008 λαυσινο
586 2958 751 3028 ηγάρ
774 2957 883 3010 τῶν
914 2958 1155 3029 δεσμίων
1180 2956 1483 3029 ἐλευθερία,
1518 2959 1551 3027 ἡ
1586 2959 1685 3029 τῆς
1716 2960 1926 3029 αἰχμα-

2030 474 2189 532 patre
2236 478 2430 518 νοείτω
2481 464 2783 518 nobilitatis
2837 464 3010 519 fuisse
3072 466 3327 521 amicitize
3384 470 3604 525 vincula

2028 557 2391 622 colligatum,
2463 566 2520 611 ut
2585 572 2745 610 nemo
2798 556 3043 625 ejusdem
3104 558 3383 626 opinionis
3444 572 3607 631 atque

2032 650 2215 717 gentis
2251 660 2358 701 tam
2390 657 2637 703 amanter
2691 664 2821 718 ergo
2853 665 2948 705 vos
2985 649 3183 717 fuerit;
3218 651 3299 705 vir
3334 653 3477 707 cnitn
3517 654 3606 709 [iri

2029 756 2153 793 cum
2188 749 2356 805 esset,
2390 740 2705 794 divinorum
2744 742 2947 811 pariter
2980 752 3034 797 et
3067 743 3432 800 humanorum
3462 750 3577 817 peri
3600 773 3614 798 δ

2031 842 2119 886 tus
2163 831 2389 894 sciebat,
2430 847 2537 886 non
2562 834 2815 888 ob~tante
2859 834 3038 889 cultus
3091 836 3428 903 diversitate,
3478 854 3612 908 prn-

2029 923 2303 988 dentiam,
2362 924 2685 991 solertiam,
2746 926 3154 991 constantiam,
3214 928 3607 986 immanitatem

2030 1026 2084 1071 et
2150 1032 2497 1086 quaecunque
2573 1019 2870 1072 humanam
2926 1031 3176 1074 naturam
3230 1034 3500 1078 exornant
3559 1035 3615 1079 et

2030 1109 2287 1164 excolunt
2321 1124 2563 1162 amorem
2594 1124 2782 1165 eorum
2840 1110 2892 1164 in
2928 1111 3128 1178 quibus
3157 1113 3371 1170 elucent
3418 1116 3487 1172 iis
3516 1122 3607 1188 qui

2032 1201 2172 1255 bona
2233 1201 2465 1271 diligunt
2518 1204 2852 1267 accendere;
2904 1201 3137 1273 ideoque
3187 1215 3339 1261 tuum
3398 1216 3606 1277 patrem

2031 1294 2308 1364 praedictis
2356 1304 2611 1348 ernatnm
2662 1294 2941 1365 diligebat,
2973 1294 3099 1350 licet
3146 1295 3271 1351 lidei
3320 1297 3609 1354 interesSet

2030 1387 2355 1455 diversitas;
2393 1404 2493 1443 nos
2525 1398 2707 1442 autem
2737 1389 2788 1441 in
2829 1388 2981 1443 illum
3012 1387 3269 1445 all'cctnm
3302 1407 3405 1446 non
3447 1398 3608 1448 modo

2034 1478 2364 1544 ferebamur,
2423 1478 2517 1534 sed
2567 1479 2695 1532 olim
2748 1489 2800 1533 et
2837 1480 3016 1549 magni
3053 1478 3432 1548 faciebamus;
3479 1483 3610 1538 illud

2032 1572 2195 1643 igitur
2224 1572 2369 1641 quod
2407 1570 2517 1625 dixi
2552 1586 2639 1625 me
2682 1571 2892 1626 induxit
2928 1572 2995 1627 ad
3042 1573 3393 1645 quaerendam
3434 1583 3614 1646 pater~

2033 1680 2158 1718 nam
2198 1663 2518 1729 amicitiam,
2550 1664 2769 1718 occasio
2800 1674 3008 1731 autem,
3051 1666 3388 1721 desiderium
3428 1683 3609 1723 memn

2030 1758 2265 1827 implens
2298 1757 2430 1811 illud
2467 1757 2757 1828 produxit;
2797 1772 2962 1826 quam
3003 1774 3135 1814 sane
3180 1762 3255 1814 rei
3290 1760 3451 1817 istius
3484 1761 3611 1816 fun-

2030 1849 2344 1903 damentum
2403 1864 2524 1905 esse
2573 1850 2862 1920 oportebat
2903 1868 2914 1903 :
2955 1850 3006 1904 id
3038 1862 3142 1919 est,
3182 1864 3240 1907 ut
3274 1853 3458 1910 videre
3493 1864 3612 1921 est;

2030 1942 2231 1996 indolis
2259 1943 2573 2009 consensio,
2625 1944 2963 2012 humanitas,
3007 1947 3405 2011 misericordia,
3461 1949 3617 2004 beni-

2028 2033 2249 2105 gnitas;
2294 2034 2426 2104 quid
2484 2045 2663 2089 autem
2718 2036 2769 2090 id
2821 2047 2904 2091 est
2948 2037 3055 2093 nisi
3105 2039 3301 2093 divina:
3353 2039 3616 2095 bonitatis

2029 2126 2352 2182 aemulatio?
2398 2128 2490 2198 qui
2526 2138 2748 2198 pr0pter
2790 2130 3016 2184 nimiam
3050 2132 3345 2187 bonitatem
3386 2142 3440 2188 et
3490 2132 3614 2187 inli—

2030 2221 2201 2273 nitam
2264 2220 2726 2287 misericordiam,
2781 2224 2874 2292 qui
2913 2237 3022 2278 non
3072 2234 3249 2287 erant,
3302 2226 3509 2280 creavit
3561 2237 3613 2280 et

2030 2316 2265 2378 viscera,
2299 2324 2355 2368 ut
2396 2323 2553 2383 pater
2593 2330 2753 2369 suam
2808 2317 3238 2371 sollicitudinem
3286 2319 3613 2383 extendens,

2027 2422 2091 2461 ex
2134 2408 2247 2461 luto
2285 2407 2366 2462 eis
2417 2390 2745 2475 circumdat,
2797 2409 2966 2463 vitam
3025 2409 3176 2463 addit
3225 2418 3280 2463 et
3326 2410 3509 2464 omnia
3545 2411 3611 2462 ad

2029 2500 2443 2555 sustentandam
2481 2501 2777 2556 humanam
2817 2510 3071 2557 naturam
3118 2504 3430 2558 necessaria
3474 2518 3615 2572 prae-

2031 2594 2160 2660 bet;
2228 2609 2469 2663 praesens
2516 2608 2741 2662 quoque
2788 2596 3010 2649 occasio
3064 2594 3377 2650 istiusmodi
3426 2605 3511 2651 est
3555 2604 3614 2651 ut

2028 2685 2235 2753 aliquid
2275 2699 2467 2739 eorum
2514 2701 2637 2754 quae
2671 2694 2804 2739 sunt
2848 2686 2993 2741 dicta
3043 2685 3241 2742 eﬂiciat
3273 2686 3608 2753 fruendum;

2028 2773 2377 2828 vinculorum
2432 2776 2643 2847 etenim
2697 2776 2924 2841 solutio,
2975 2780 3311 2848 captivitatis
3338 2780 3611 2847 liberatio,

2028 2866 2308 2922 servitutis
2352 2866 2677 2937 redemptio,
2716 2869 3058 2938 captivorum
3097 2872 3165 2925 ad
3208 2887 3361 2939 suos,
3386 2874 3455 2928 ad
3478 2890 3613 2929 con-

2028 2958 2394 3027 sanguineos,
2454 2958 2524 3013 ad
2576 2958 2898 3029 amicosque
2945 2960 3189 3028 reditus,
3246 2963 3365 3019 haec
3426 2964 3613 3020 omnia

334 3045 546 3109 λωσίας
590 3048 915 3118 ἀνάκλησις,
974 3049 1008 3118 ἡ
1035 3048 1133 3117 τῆς
1162 3047 1407 3111 δουλείας
1446 3047 1852 3117 ἀπολύτρωσις,
1888 3052 1922 3121 ἡ

2029 3050 2251 3120 generis
2280 3060 2410 3106 sunt
2452 3051 2748 3117 stabilitas,
2780 3053 3040 3110 amicitiae
3089 3056 3452 3123 cohaerentia,
3492 3058 3615 3113 vita

332 3140 480 3210 πρὸς
498 3141 623 3205 τοὺς
650 3143 915 3206 οἰκείους,
952 3142 985 3211 η
1019 3141 1155 3212 πρὸς
1187 3143 1313 3205 τοὺς
1365 3144 1675 3209 συγγενεῖς,
1715 3143 1749 3212 ἡ
1785 3144 1921 3213 πρὸς

2033 3142 2352 3197 commercii
2390 3144 2621 3200 deliciae.

328 3234 463 3298 τοὺς
488 3235 676 3303 φίλους
707 3233 969 3295 ἐπάνοδος
998 3232 1107 3286 τῶν
1172 3234 1562 3305 αἰχμαλώτων,
1608 3233 1781 3287 ταῦτα
1830 3235 1947 3308 ἔχει
1986 3235 2085 3309 τὴν
2113 3234 2375 3307 διαμονὴν
2417 3235 2512 3290 τοῦ
2558 3237 2776 3305 γένους,
2844 3238 2944 3307 τὴν
2993 3241 3227 3308 συνοχὴν
3276 3240 3378 3309 τῆς
3406 3240 3589 3309 φιλίας

329 3330 434 3397 την
474 3326 736 3395 γλυκεῖαν
768 3327 870 3396 τῆς
902 3325 1049 3397 ζωῆς
1080 3328 1323 3397 μέθεξιν.

416 3424 561 3479 Ἀλλ’
608 3427 733 3479 ἐπεὶ
762 3426 938 3480 ταῦτα
977 3425 1191 3495 ἔφημεν
1234 3424 1337 3496 ἤδη
1383 3426 1477 3477 καὶ
1509 3426 1586 3489 ὡς
1633 3426 1780 3494 φίλοι
1819 3428 1915 3480 καὶ

333 3519 481 3590 ὑπὲρ
509 3518 669 3587 φίλου
697 3518 858 3588 δόξης
881 3518 1285 3588 φροντίζοντες,
1328 3517 1428 3587 την
1454 3516 1775 3590 συμϐουλὴν
1821 3519 1919 3573 καὶ

327 3616 433 3685 τὴν
466 3612 604 3685 πρὸς
643 3612 706 3665 τὸ
742 3612 1130 3682 φιλάνθρωπον
1167 3612 1332 3683 ἔργον
1380 3612 1483 3683 τῆς
1508 3611 1620 3666 τῶν
1669 3612 1919 3684 δεσμίων

328 3706 674 3779 ἐλευθερίας,
702 3706 1031 3775 παραίνεσιν
1059 3704 1484 3776 συνεισάγομεν,
1508 3707 1603 3760 καὶ
1636 3704 1921 3777 πρόθυμόν

330 3815 393 3852 σε
438 3798 574 3870 πρὸς
601 3798 763 3851 τοῦτο
801 3798 1141 3869 τυγχάνοντα
1176 3798 1356 3851 ποιεῖν
1386 3796 1765 3868 σπουδάζομεν
1786 3812 1923 3867 προ-

329 3890 663 3961 θυμότερον,
698 3889 786 3942 ἵνα
825 3890 923 3942 ἐπὶ
968 3887 1079 3942 τῶν
1128 3886 1239 3941 σῶν
1263 3887 1494 3959 ἡμερῶν
1534 3888 1795 3957 τοιαύτης
1841 3888 1921 3949 εἰς

328 3983 466 4044 τοὺς
492 3980 876 4052 αἰχμαλώτους
916 3982 1296 4050 γεγενημένης
1335 3978 1774 4049 φιλανθρωπίας,
1816 3979 1919 4033 αύ-

334 4072 435 4137 τός
463 4089 527 4125 τε
558 4075 712 4137 κλέος
754 4077 1094 4143 ἀείμνηστον
1135 4070 1293 4144 ἓξῃς,
1344 4073 1442 4126 καὶ
1472 4073 1634 4141 ἡμεῖς
1671 4072 1745 4133 ὡς
1779 4071 1925 4139 φίλοι

335 4163 441 4217 τοῦ
484 4164 806 4235 φιλουμένου
838 4164 938 4234 τῆς
969 4162 1127 4232 δόξης
1170 4160 1666 4231 συναπολαύωμεν.
1703 4160 1922 4226 ΙΙολλαὶ,

329 4256 515 4325 φίλων
537 4256 664 4326 ἐμοὶ
690 4257 908 4326 ἄριστε,
959 4255 1056 4309 τοῦ
1112 4255 1230 4325 βίου
1281 4252 1641 4326 περιστάσεις
1694 4251 1925 4323 αἳεσυν-

330 4344 529 4416 έχουσι
560 4348 656 4400 καὶ
694 4346 1095 4418 στενοχωροῦσι
1132 4348 1260 4410 τοὺς
1292 4345 1639 4417 ἀνθρώπους,
1674 4345 1772 4399 καί
1820 4345 1920 4416 βαο

2105 3426 2209 3484 Sed
2238 3426 2496 3497 quoniam
2526 3426 2653 3481 talia
2683 3425 2948 3493 diximus,
2993 3424 3298 3482 amicorum
3331 3437 3514 3483 mente
3541 3438 3596 3485 et

2030 3529 2089 3576 ut
2117 3521 2281 3575 amici
2324 3519 2470 3574 laudi
2502 3519 2877 3583 consulentes,
2922 3519 3219 3576 consilium
3248 3528 3304 3575 et
3351 3522 3613 3577 exhorta-

2029 3615 2235 3669 tionem
2260 3612 2330 3667 ad
2363 3612 2827 3668 humanissimum
2856 3626 3001 3682 opus
3029 3612 3373 3683 captivorum
3400 3613 3617 3682 glibera-

2032 3706 2198 3762 tionis
2224 3704 2516 3775 adjicimus
2552 3714 2607 3759 et
2640 3712 2692 3759 te
2720 3704 2786 3758 ad
2820 3703 2874 3758 id
2906 3703 3019 3773 jam
3058 3718 3291 3774 pronum
3321 3704 3612 3763 studemus

2030 3797 2447 3868 propensiorem
2475 3794 2711 3861 etiicerc,
2744 3809 2811 3850 eo
2849 3796 2956 3851 ﬁne
2992 3804 3071 3862 ut,
3107 3794 3202 3850 tali
3236 3796 3613 3854 misericordia

2032 3892 2086 3945 in
2117 3891 2226 3947 tuis
2254 3890 2447 3947 diebus
2472 3888 2684 3955 cﬂ'ecta,
2720 3896 2925 3944 aeterna
2965 3888 3061 3945 tibi
3095 3888 3168 3944 sit
3197 3889 3394 3959 gloria,
3424 3900 3479 3946 et
3510 3905 3610 3946 nos

2027 3983 2207 4039 laudis
2245 3992 2353 4039 tuae
2383 3992 2442 4037 ut
2466 3983 2631 4038 amici
2662 3982 2837 4038 simus
2869 3982 3197 4051 participes;
3242 3982 3427 4036 multae
3460 3992 3613 4047 sunt,

2022 4072 2329 4129 amicorum
2382 4086 2627 4129 meorum
2674 4072 2901 4142 optime,
2942 4070 3067 4125 vita:
3098 4072 3458 4127 necessitates
3488 4087 3613 4141 quae

2024 4164 2278 4220 homines
2317 4165 2706 4233 constringunt
2750 4172 2805 4218 et
2852 4172 3160 4227 coarctant,
3206 4179 3437 4233 quaeque
3483 4179 3613 4233 gra-

2024 4255 2283 4311 vissimos
2320 4256 2554 4325 gignunt
2586 4253 2849 4319 dolores;
2879 4242 3042 4307 'nulla
3077 4263 3262 4308 tamen
3308 4254 3609 4324 captivitati

2023 4345 2360 4417 exaequanda
2378 4384 2395 4411 ,
2421 4345 2516 4400 sed
2563 4358 2911 4414 quaecunque
2953 4344 3077 4412 quis
3106 4344 3460 4398 dinumerare
3488 4360 3613 4413 pos-

332 4442 494 4511 ριίας
558 4437 971 4511 ἀπεργάζονται
998 4438 1329 4509 ἀλγηδόνας
1358 4436 1483 4490 οὐδὲ
1532 4438 1635 4508 μία
1685 4436 1742 4490 δὲ
1785 4438 1922 4506 πρὸς

2032 4449 2137 4505 set,
2173 4440 2291 4494 sive
2327 4445 2645 4509 paupertas,
2687 4436 2805 4491 sive
2845 4434 3257 4505 aegrotationes,
3301 4448 3396 4489 seu
3430 4450 3607 4489 metu-

327 4534 723 4604 αίχμαλωσίαν
773 4534 1150 4605 συγκρίνεται,
1200 4530 1323 4587 ἀλλ’
1360 4533 1462 4584 ὅσα
1512 4532 1609 4585 ἐάν
1634 4549 1721 4595 τις
1767 4530 1917 4603 sim),

326 4626 439 4679 κάν
472 4642 532 4679 τε
562 4629 777 4690 πενίαν,
810 4627 914 4681 κᾶν
968 4643 1027 4680 τε
1066 4628 1382 4690 ἀσθένειαν,
1412 4626 1445 4695 ἢ
1493 4624 1671 4695 μελῶν
1726 4623 1919 4693 πηρώ-

330 4736 479 4784 σεις,
517 4720 699 4774 πάντα
735 4727 873 4792 πρὸς
915 4722 1135 4789 εκείνην
1162 4719 1264 4789 τὴν
1295 4718 1545 4771 κάκωσιν
1596 4718 1693 4769 καὶ
1730 4715 1920 4768 ταλαι-

327 4814 557 4883 πωρίαν
596 4814 950 4884 εὑρίσκονται
973 4812 1336 4881 ἀνεκτότερα.
1371 4810 1439 4863 Τί
1471 4809 1583 4881 γάρ
1625 4806 1923 4862 ἐπωδυνώοι

325 4920 520 4974 τερον,
546 4909 728 4973 γονεῖς
760 4905 822 4956 ὲκ
851 4904 1063 4957 παίδων
1092 4902 1436 4974 χωρισθῆναι
1462 4900 1715 4970 συζύγων
1743 4899 1923 4953 διατο-

330 5003 471 5073 μην,
519 5000 765 5069 ἀδελφῶν
808 4998 1201 5065 ἀποξένωσιν;
1248 4998 1359 5051 Καὶ
1422 4995 1577 5049 οῦπω
1618 4996 1762 5065 φημὶ
1819 4996 1921 5049 ὃσα

326 5094 506 5147 λοιπὰ
534 5095 662 5156 τοὺς
696 5092 1082 5163 αἰχμαλώτους
1124 5091 1364 5161 συνέχει,
1396 5089 1432 5142 ὃ.
1476 5090 1574 5143 καὶ
1602 5090 1635 5159 ἡ
1664 5089 1732 5157 σὴ
1763 5088 1923 5156 εὐγέ-

324 5204 480 5251 νεια,
515 5189 607 5240 καὶ
638 5187 844 5249 πάντες
873 5187 988 5238 ὅσοι
1022 5186 1116 5240 νοῦ
1152 5185 1445 5255 μετέχουσι
1477 5183 1917 5236 συνεπίστανται.

324 5282 434 5334 Διά
466 5280 627 5333 τοῦτο
660 5282 756 5333 ἐπὶ
816 5278 945 5333 νοῦν
990 5278 1412 5349 ἀναληψάμενος
1462 5278 1533 5331 τὰ
1562 5278 1717 5331 κοινά
1773 5277 1922 5345 πάθη

322 5371 445 5425 τῶν
481 5387 544 5423 τε
576 5371 721 5441 ’ὑμῖν
765 5370 1107 5442 όμοπίστων,
1156 5371 1252 5422 καὶ
1324 5368 1433 5421 τῶν
1487 5368 1585 5439 τῆς
1642 5368 1919 5439 ἡμετέρας

324 5465 601 5530 πίστεως,
636 5465 712 5536 μὴ
736 5464 1005 5535 βουληθῇς
1034 5465 1173 5533 πρὸς
1205 5464 1307 5530 τὴν
1348 5460 1631 5516 τελείωσιν
1680 5462 1775 5515 τοῦ
1809 5478 1917 5516 σω-

323 5559 528 5629 τηρίου
552 5558 881 5629 πράγματος
909 5558 1180 5627 δυσχερὴς
1210 5556 1470 5624 ὀφθῆναι,
1503 5556 1579 5627 μὴ
1621 5554 1680 5608 δὲ
1708 5557 1923 5623 προφά-

326 5667 455 5712 σεις
502 5652 655 5713 τινὰς
684 5650 977 5705 δυσκολίαν
1010 5649 1289 5721 φερούσας
1344 5649 1483 5718 πρὸς
1536 5648 1634 5719 τὴν
1668 5649 1918 5704 ἀπαλλα-

323 5742 436 5813 γὴν
464 5741 574 5796 τῶν
600 5742 694 5813 τῆς
722 5742 1106 5815 αἰχμαλωσίας
1139 5741 1381 5813 δεσμίων
1404 5742 1514 5795 τῶν
1543 5757 1602 5794 τε
1635 5740 1919 5813 ὑμετέρων

2032 4533 2258 4588 brorum
2291 4528 2616 4601 amputatio,
2653 4528 2801 4584 malo
2830 4528 2938 4582 isto
2968 4540 3132 4597 atque
3165 4527 3266 4581 ista
3301 4526 3611 4582 calamitate

2030 4624 2399 4680 tolerabiliora
2464 4620 2842 4677 censebuntur
2888 4636 2902 4673 :
2952 4620 3083 4690 quid
3138 4620 3284 4674 enim
3356 4620 3611 4675 acerbius

2029 4730 2197 4785 quam
2254 4725 2541 4784 parentum
2593 4727 2624 4766 a
2687 4713 2878 4785 liberis
2953 4712 3246 4782 separatio,
3311 4712 3607 4782 cenjugum

2031 4782 2286 4872 tiivulsio,
2331 4806 2559 4861 fratrum
2612 4782 2926 4875 seiunctio?
2984 4819 3161 4876 neque
3192 4806 3307 4874 jam
3364 4817 3611 4858 memoro

2031 4910 2165 4969 quot
2213 4898 2354 4953 mala
2400 4898 2505 4951 alia
2548 4898 2798 4967 captivos
2854 4906 3096 4963 teneant,
3140 4912 3263 4967 quae
3315 4912 3416 4952 nec
3458 4907 3606 4950 tuam

2032 4993 2394 5058 nobilitatem,
2432 5005 2611 5061 neque
2641 5005 2834 5046 omnes
2882 5004 3047 5045 sensu
3075 4990 3328 5067 praeditos
3355 4988 3607 5057 lugiunt:

2032 5086 2215 5154 itaque
2261 5093 2445 5138 mente
2500 5082 2829 5153 recolligens
2876 5083 3191 5136 communia
3243 5081 3382 5135 mala
3417 5094 3608 5134 eormn

2030 5180 2122 5248 qui
2165 5190 2346 5231 tecum
2383 5174 2487 5231 ﬁde
2519 5176 2878 5231 consentiunt
2911 5186 3185 5230 eteorum
3226 5172 3320 5241 qui
3366 5179 3611 5225 nostram

2031 5273 2194 5325 tidem
2232 5280 2437 5336 tenent,
2481 5270 2594 5324 noli
2624 5268 2895 5325 diﬁcilem
2928 5268 2982 5323 in
3017 5265 3323 5337 peragenda
3365 5281 3423 5320 re
3457 5265 3613 5320 salu-

2033 5365 2134 5418 tari
2184 5376 2234 5418 te
2266 5364 2509 5434 praebere
2560 5378 2737 5433 neque
2766 5362 3048 5418 molestias
3086 5358 3427 5430 praetendere
3467 5373 3611 5430 prae-

2032 5466 2213 5513 textus
2258 5466 2454 5511 contra
2498 5466 2807 5511 vestrorum
2843 5464 2938 5508 ant
2983 5463 3298 5509 nostrorum
3332 5452 3612 5509 liberatio-

2031 5566 2155 5606 nem
2202 5550 2579 5621 captivorum;
2622 5549 2754 5620 quin
2806 5547 2994 5616 petius
3018 5546 3249 5615 jus-tilia:
3282 5554 3611 5603 sectatorem

2032 5655 2083 5701 te
2110 5645 2426 5702 demonstra
2474 5644 2725 5714 aequique
2771 5641 3212 5708 observatorcm,
3265 5656 3376 5695 non
3427 5649 3612 5695 autem

2031 5739 2265 5811 propria:
2313 5738 2537 5812 quidem
2593 5735 2846 5793 utilitatis
2908 5737 3243 5801 studiosum,
3281 5732 3613 5792 Christianis
