3996 6208
379 248 452 311 39
1520 252 1828 313 NICOLAI
1874 253 1981 314 CP.
2024 255 2301 314 PATRIA
2315 256 2534 317 [{CHEE
3571 264 3639 329 40

378 370 507 411 vero
558 354 698 409 mala
750 355 1102 425 inferentem;
1156 359 1307 415 nulla
1362 360 1508 416 enim
1566 362 1621 416 in
1688 363 1941 432 injustiti:

2063 367 2287 420 καὶτῶν
2318 368 2603 438 ἡμετέρων
2631 369 3004 438 προϐαλέσθαι
3034 387 3048 402 ’
3086 372 3286 440 μᾶλλον
3314 372 3416 444 μὲν
3444 372 3537 430 οὖν
3564 378 3641 441 ὡς

378 448 610 509 utilitas,
643 463 818 518 neque
847 448 1109 519 prodesse
1138 461 1320 521 potest
1348 454 1598 519 avaritia,
1639 455 1733 509 sed
1773 465 1955 509 extre-

378 556 527 595 mum
567 540 829 594 damnum
872 549 1038 611 atque
1069 542 1460 598 detrimentum
1507 545 1573 599 iis
1606 545 1797 599 saltem
1832 547 1951 615 qui,

375 632 518 686 sicut
550 642 607 686 ιιι
638 632 772 702 ipse,
807 634 1155 703 agnoscendo
1180 636 1327 705 quod
1378 638 1535 692 decet
1571 646 1702 693 sunt
1748 636 1953 692 idonei.

375 721 499 779 Haec
541 734 625 779 est
673 726 911 780 maxima
955 727 1186 793 utilitas,
1236 732 1342 784 hoc
1382 728 1811 800 incomparabile
1867 731 1953 784 lu-

371 830 552 882 crum,
607 818 709 873 sub
758 827 938 874 vestra
992 821 1203 876 ditione
1251 830 1306 877 et
1356 823 1855 886 administratione,
1898 824 1953 879 in

370 913 652 980 propriam
692 914 926 982 patriam
955 915 1173 969 restitui
1206 916 1521 985 pepulares,
1564 932 1593 971 a
1630 919 1953 989 parentibus

372 1005 537 1074 recipi
570 1006 797 1073 liberos,
832 1016 989 1064 natos
1032 1010 1283 1079 patribus
1332 1011 1513 1066 denuo
1557 1013 1834 1083 conjungi,
1866 1014 1951 1068 vi-

370 1112 463 1150 ros
499 1099 766 1153 uxoribus
817 1100 993 1165 reddi,
1042 1102 1252 1157 amicos
1281 1101 1642 1158 familiaribus
1668 1104 1796 1169 frui,
1844 1120 1952 1160 uno

368 1193 559 1254 verbo,
586 1206 680 1246 eos
703 1192 794 1262 qui
826 1193 935 1247 huc
960 1209 1134 1264 usque
1163 1212 1193 1249 a
1230 1198 1403 1265 patria
1427 1197 1750 1252 exsulabant
1775 1199 1954 1253 omni-

368 1282 472 1338 bus
520 1284 758 1353 gaudere
804 1285 961 1341 bonis
1004 1303 1125 1357 quae
1163 1288 1357 1343 tribuit
1401 1290 1616 1359 patria;
1659 1290 1747 1343 illa
1803 1300 1950 1353 sunt,

369 1377 674 1430 amicorum
726 1392 978 1432 meorum
1010 1382 1261 1450 optime,’
1282 1397 1403 1448 qua!
1445 1382 1702 1437 amicitia:
1753 1391 1953 1437 nostra:

369 1467 702 1536 principium
755 1484 879 1524 esse
907 1471 1050 1536 volo,
1106 1471 1224 1537 illa,
1263 1488 1385 1543 qua:
1425 1474 1492 1529 ad
1539 1485 1590 1529 te
1643 1476 1846 1543 scribo,
1882 1476 1950 1530 ad

367 1573 493 1628 quae
538 1568 593 1614 te
628 1560 842 1626 hostes,
880 1562 1328 1634 quandoquidem
1377 1582 1439 1620 ea
1480 1567 1658 1623 facere
1705 1577 1759 1623 te
1790 1569 1951 1624 decet

365 1660 422 1704 et
451 1666 553 1707 nos
581 1652 648 1706 ad
696 1653 958 1709 dilectum
989 1655 1271 1725 scribere;
1314 1666 1569 1714 caeterum
1605 1670 1655 1714 te
1683 1660 1821 1716 bene
1853 1676 1949 1715 va-

2056 460 2407 531 δικαιοσύνην
2439 461 2638 530 τιμῶν,
2669 462 2804 533 πρὸς
2832 462 2891 516 τὸ
2916 463 3128 518 δίκαιον
3162 468 3403 537 ἀφορῶν,
3441 472 3533 522 καὶ
3561 472 3637 541 μὴ

2056 550 2417 620 ἀντεχόμενος
2443 550 2671 622 κέρδους
2727 553 2954 619 οἰκείου,
2994 558 3352 628 καινοτομίαν
3402 559 3460 613 δὲ
3505 561 3641 631 Χρι-

2058 643 2297 704 στιανοῖς
2338 642 2788 697 ἐπιϐάλλωνοοίηι
2818 644 2934 698 ἔστι
2969 648 3160 717 κέρδος
3184 649 3243 701 τὸ
3283 650 3488 718 ἄδικον,
3514 653 3636 706 οὐδὲ

2056 731 2288 802 ὠφελεῖν
2319 727 2428 786 οἶδε
2458 733 2519 787 τὸ
2545 735 2958 803 πλεονεκτικὸν,
3016 737 3136 790 ἀλλ’
3194 741 3398 812 ἐσχάτη
3459 743 3635 814 βλάϐη

2057 826 2152 879 καὶ
2177 826 2503 896 καινοτομία
2523 829 2636 889 τοῖς
2657 824 2849 897 ὥσπερ
2883 828 2948 881 σὺ
2983 825 3135 883 οὖσιν
3170 830 3377 896 ἱκανοῖς
3403 833 3474 888 τὰ
3509 838 3636 906 πρέ-

2060 936 2232 973 ποντα
2257 919 2661 987 ὲκλογίζεσθαι.
2696 920 2867 974 Τοῦτο
2894 923 3130 993 μεγίστη
3170 924 3431 992 ὠφέλεια,
3475 926 3636 981 τοῦτο

2056 1011 2398 1084 ἀσύγκριτον
2424 1013 2617 1082 κέρδος
2647 1012 2708 1065 τὸ
2737 1015 2831 1067 ἐπὶ
2856 1014 2958 1083 τῆς
2990 1015 3148 1084 ὑμῶν
3170 1017 3350 1087 ἀρχῆς
3376 1019 3473 1071 καὶ
3497 1020 3635 1072 διοι-

2058 1109 2275 1176 κήσεως
2335 1107 2481 1176 πρὸς
2517 1105 2617 1178 τὴν
2657 1107 2865 1161 οἰκείαν
2917 1109 3153 1179 πατρίδα
3194 1112 3322 1173 τοὺς
3354 1111 3637 1182 ὁμοεθνεῖς
3709 1149 3717 1162 ,

2057 1198 2541 1268 ἀποκαταστῆναι,
2573 1200 2634 1252 τὸ
2667 1201 2849 1268 γονεῖς
2879 1201 3181 1254 ἀπολαϐεῖν
3208 1201 3275 1255 τὰ
3311 1202 3417 1256 ἴδια
3448 1204 3633 1268 τέκνα,

2055 1291 2117 1345 τὺ
2143 1290 2312 1344 τέκνα
2346 1293 2461 1353 τοῖς
2493 1286 2734 1360 πατράσι
2768 1292 3133 1363 συναφθῆναι,
3157 1293 3218 1346 τὸ
3249 1294 3473 1363 γυναιξὶ
3508 1296 3633 1359 τοὺς

2053 1384 2363 1455 ὀμοζύγονς
2396 1384 2753 1454 ἀποδοθῆναι,
2791 1385 2852 1438 τὸ
2892 1386 3072 1454 φίλοις
3098 1388 3462 1456 συγγενέσθαι
3499 1390 3631 1450 τοὺς

2056 1472 2266 1543 φίλους,
2308 1475 2404 1526 καὶ
2449 1472 2639 1537 ἁπλῶς
2690 1473 2792 1527 ὅσα
2834 1474 2976 1528 καλὰ
3004 1475 3219 1529 δίδωσιν
3251 1478 3282 1546 ἡ
3314 1478 3515 1546 πατρὶς
3566 1476 3629 1528 τὸ

2053 1566 2262 1621 τούτων
2317 1566 2573 1638 μετέχειν
2624 1567 2753 1631 τοὺς
2796 1567 2926 1637 ἄχρι
2962 1567 3057 1621 καὶ
3091 1568 3189 1621 νῦν
3236 1568 3337 1637 τῆς
3366 1568 3628 1639 πατρίδος

2054 1658 2527 1729 ἀποξενωμένους.
2558 1658 2769 1721 Ταῦτα,
2798 1658 2970 1727 φίλων
3001 1660 3124 1729 ἐμοὶ
3155 1658 3367 1731 ἄριστε,
3399 1661 3492 1713 καὶ
3530 1660 3630 1729 ἀρ-

367 1746 480 1800 lere
505 1757 762 1818 optamus
801 1760 856 1804 et
890 1765 1151 1805 securum
1186 1767 1471 1808 remanere
1498 1753 1568 1808 ab
1597 1754 1747 1808 omni
1783 1755 1941 1811 vicis-

2052 1752 2153 1821 Χὴν
2188 1749 2452 1820 ποιοῦμαι
2499 1749 2601 1819 τῆς
2634 1751 2773 1822 πρὸς
2803 1752 2860 1803 σὲ
2896 1750 3101 1819 φιλίας,
3138 1729 3236 1804 καὶ
3284 1751 3481 1822 γράφω
3533 1752 3629 1804 καὶ

366 1840 605 1896 situdine
663 1852 717 1896 et
785 1844 1116 1897 necessitate
1166 1859 1287 1913 quae
1360 1844 1577 1899 mortali
1629 1845 1757 1901 huic
1808 1845 1934 1901 vitae

365 1934 640 2003 susdeque
671 1933 936 1989 voluntati
987 1935 1167 1991 inesse
1199 1936 1358 1992 solet.

2049 1843 2332 1914 παραινῶ,
2368 1844 2491 1896 ἐπεὶ
2533 1843 2632 1896 καί⁵
2663 1844 2749 1897 σοὶ
2784 1844 2998 1915 πρέπον
3024 1842 3255 1898 τοιαῦτα
3294 1847 3494 1910 ποιεῖν,
3533 1846 3630 1896 καὶ

2054 1938 2188 2008 ἡμῖν
2223 1935 2451 1989 τοιαῦτα
2481 1936 2619 2008 πρὸς
2662 1936 2753 1989 τὸν
2787 1935 3113 2007 φιλούμενον
3162 1936 3420 2007 γράφειν’
3464 1935 3535 1989 τὰ
3584 1934 3631 1988 δ’

365 2028 501 2083 ἄλλα
556 2031 833 2101 ἐρρῶσθαί
870 2048 932 2085 σε
959 2033 1310 2104 ὲπευχόμεθα
1359 2034 1691 2108 ὑψηλότερον
1729 2035 2172 2108 συντηρούμενον
2194 2035 2374 2104 πάσης
2415 2034 2680 2106 βιωτικῆς
2717 2035 3036 2107 ἀνωμαλίας
3071 2034 3164 2088 καὶ
3226 2035 3623 2106 περιστάσεως,

365 2130 466 2199 ὂση
498 2128 573 2199 τῷ
602 2128 783 2199 θνητῷ
806 2128 984 2201 τούτῳ
1015 2130 1115 2201 βίῳ
1138 2132 1250 2185 ἄνω
1279 2132 1376 2185 καὶ
1420 2133 1570 2186 κάτω
1600 2132 1957 2206 στρεφομένῳ
1983 2129 2128 2188 οἶδεν
2169 2130 2659 2204 ἐμπολιτεύεσθαι.

440 2265 531 2320 ιιι.
576 2268 655 2342 Ad
686 2266 1047 2342 exceffentem,
1088 2270 1472 2342 clarissimum,
1528 2271 1865 2342 spiritualem

575 2338 764 2407 (illum,
798 2337 1089 2393 Simeonem
1116 2339 1393 2411 Bulgaria:
1420 2337 1729 2412 prinéipem.

326 2532 333 2541 ,
436 2470 653 2540 Aliquid
708 2470 893 2526 forsan
948 2473 1337 2543 supervacanei
1388 2474 1568 2529 facere
1614 2474 1942 2540 videbimur,

314 2554 317 2559 ’
364 2563 438 2617 fili
473 2562 574 2630 mi,
617 2578 739 2619 cum
799 2573 851 2617 te
886 2564 980 2640 illg
1021 2563 1214 2620 affectu
1267 2566 1518 2621 volumus
1563 2565 1779 2622 afﬁcere
1824 2568 1943 2637 qui,

2121 2266 2196 2324 Γ.
2236 2268 2323 2334 Τῷ
2376 2267 2851 2338 ὑπερφυεστάτω
2904 2268 3295 2336 μεγαλοδόξῳ
3352 2284 3623 2338 πνευμα-

2157 2338 2300 2405 τικῷ
2331 2340 2520 2407 τέκνῳ
2561 2338 2809 2411 Συμεὼν
2840 2338 3089 2407 ἄρχοντι
3115 2340 3512 2407 Βουλγαρίας.
3591 2350 3609 2360 '

2124 2474 2285 2538 Ἴσως
2314 2474 2575 2545 περιττόν
2600 2491 2652 2527 τι
2683 2475 2860 2527 ποιεῖν
2881 2473 3042 2527 δοκοῦ
3054 2490 3177 2544 μεν,
3220 2473 3411 2526 τέκνον
3440 2474 3622 2544 ἡμῶν,

2051 2567 2326 2621 δυσωπεῖν
2358 2584 2419 2619 σε
2451 2566 2773 2636 βουλόμενοι
2805 2564 3065 2635 τοιαύτην
3118 2564 3458 2635 δυσώπησιν,
3504 2564 3627 2635 ἥτις

362 2665 561 2726 praeter
616 2664 836 2712 nostros
890 2672 1198 2720 sermones.
1237 2658 1293 2711 iu
1356 2666 1448 2712 tua
1477 2658 1719 2727 piissima
1766 2669 1941 2713 mente

2049 2659 2146 2713 καὶ
2177 2660 2349 2725 χωρὶς
2381 2657 2492 2706 τῶν
2519 2659 2806 2723 ἡμετέρων
2840 2658 3018 2720 λόγων
3065 2657 3125 2706 ἑν
3164 2658 3230 2723 τῇ
3266 2654 3332 2724 σῇ
3385 2655 3626 2720 θεοφιλεῖ

364 2748 621 2813 insidet;
675 2764 1059 2818 quemcunque
1110 2750 1313 2802 etenim
1388 2749 1665 2803 hominem
1734 2756 1941 2817 Oportet

2049 2748 2195 2818 ψυχῇ
2244 2745 2633 2799 ἑναπὸκειταιο
2684 2744 2852 2797 παντὶ
2910 2744 3020 2813 γὰρ
3073 2742 3346 2815 ἀνθρώπῳ
3396 2743 3622 2812 γνώμην

364 2839 715 2909 compatienti
751 2855 876 2894 esse
905 2841 1091 2893 animo
1132 2855 1259 2908 erga
1311 2855 1465 2895 reum
1518 2855 1806 2911 quemque,
1853 2838 1941 2894 sed

2049 2838 2314 2910 συμπαθῆ
2340 2837 2529 2909 φέρειν
2562 2836 2920 2907 ὀφειλομένου
2950 2836 3345 2906 τυγχάνοντος,
3382 2835 3618 2905 μάλιστα

363 2948 491 2986 eum
550 2931 787 2986 maxime
831 2934 924 3003 qui
968 2933 1034 2987 ad
1081 2948 1353 2988 summam
1395 2941 1481 2988 est
1507 2922 1726 2989 evectus
1756 2941 1941 3003 poten-

2049 2929 2208 3001 χρέος
2276 2929 2425 2982 ἐστὶν
2487 2928 2873 2998 ἀπαραίτητον
2919 2930 3036 2991 τοῖς
3094 2926 3500 2996 ἀναϐεϐηκόσιν
3543 2926 3623 2987 είς

364 3026 518 3093 tiam,
574 3025 845 3095 siquidem
897 3042 927 3079 a
980 3025 1090 3081 Deo
1136 3026 1382 3079 omnium
1440 3024 1675 3080 Domino
1734 3025 1941 3095 princi-

2049 3023 2221 3093 ἀρχῆς
2250 3020 2406 3091 ὕψος,
2433 3020 2595 3074 τοῦτο
2647 3020 2961 3085 διασώζειν.
3027 3020 3151 3073 ἐπεὶ
3206 3021 3301 3073 καὶ
3341 3017 3495 3090 παρὰ
3527 3015 3624 3070 τοῦ

363 3125 551 3186 patum
588 3116 733 3170 nulla
781 3116 885 3171 alia
916 3117 982 3171 de
1014 3132 1177 3173 causa
1211 3119 1543 3188 acceperint,
1578 3118 1683 3173 nisi
1715 3128 1774 3173 ut
1814 3133 1941 3173 eum

2049 3118 2271 3171 πάντων
2301 3117 2565 3187 ἄρχοντος
2595 3114 2731 3168 Θεοῦ
2762 3114 3079 3185 παρεσχὲθη
3125 3116 3239 3173 τοῖς
3282 3113 3548 3184 ἄρχουσιν
3587 3111 3621 3180 ἡ

365 3210 713 3264 imitarentur
768 3210 862 3279 qui
910 3226 1004 3266 ens
1055 3213 1262 3266 honore
1306 3213 1569 3280 przevenit
1613 3220 1668 3266 et
1719 3210 1787 3265 ad
1838 3210 1944 3264 im-

362 3304 499 3373 perii
538 3320 808 3359 summam
833 3306 1101 3375 provexit.
1124 3305 1369 3361 Prudens
1422 3306 1587 3375 igitur
1630 3320 1756 3360 cum
1782 3304 1860 3359 sis
1889 3312 1943 3359 et

363 3396 603 3450 niaxime
649 3397 906 3465 sapiens,
960 3394 1056 3451 Dei
1124 3396 1521 3451 humanitatem
1576 3404 1633 3450 et
1692 3395 1942 3463 benigni-

362 3493 528 3541 tatem
560 3495 614 3542 et
654 3488 1087 3542 misericordiam
1126 3504 1234 3543 non
1265 3489 1475 3555 nescis;
1522 3488 1639 3559 qui,
1676 3498 1942 3557 quantum

366 3576 535 3633 distat
574 3589 729 3635 ortus
759 3581 828 3634 ab
880 3581 1184 3649 occidente,
1234 3582 1393 3653 longe
1419 3582 1551 3637 facit
1585 3597 1617 3636 a
1649 3580 1802 3637 nobis
1834 3580 1944 3635 ini-

363 3672 601 3739 quitates
670 3681 920 3738 nostras;
978 3674 1122 3729 istud
1177 3690 1398 3744 quoque
1447 3674 1558 3730 scis
1618 3673 1787 3744 probe
1843 3687 1940 3729 eos

360 3763 456 3833 qui
506 3763 736 3833 imperio
785 3779 816 3819 a
870 3764 979 3819 Deo
1029 3767 1159 3821 dato
1213 3782 1340 3822 vere
1396 3774 1525 3820 sunt
1586 3765 1758 3835 digni,
1809 3778 1939 3820 cum

361 3856 472 3909 sint
525 3857 692 3910 multa
750 3858 803 3911 in
857 3859 1058 3927 quibus
1115 3859 1226 3914 Deo
1275 3858 1481 3915 servire
1522 3859 1775 3922 debeant,
1829 3873 1937 3913 non

361 3948 812 4015 pmstiantiorem
845 3950 893 4003 ei
929 3950 1155 4005 reddere
1186 3952 1387 4005 cultum
1415 3963 1578 4020 quam
1611 3965 1707 4020 per
1748 3954 1941 4004 huma-

364 4038 611 4103 nitatem,
661 4049 720 4093 ut
762 4041 897 4105 dixi,
947 4050 1002 4095 et
1054 4044 1553 4108 mansuetudinem,
1590 4042 1936 4097 clementiam

359 4143 580 4198 quoque
625 4145 691 4185 ac
742 4133 1174 4189 misericordiam
1205 4115 1257 4187 in
1290 4134 1574 4201 subditos;
1630 4148 1739 4187 non
1789 4132 1936 4187 enim

360 4219 484 4275 ideo
530 4225 745 4278 cretei-is
777 4235 905 4279 sunt
938 4225 1176 4295 praefecti
1206 4236 1265 4280 ut
1289 4234 1556 4296 potestate
1584 4241 1683 4281 sua
1725 4225 1792 4281 ad
1824 4226 1936 4279 ira—

366 4311 623 4366 cundiam
664 4323 718 4368 et
765 4316 1047 4371 hominum
1109 4320 1450 4373 vexationem
1513 4326 1770 4381 utantur,
1843 4314 1937 4371 sed

363 4411 423 4456 ut
465 4405 711 4472 paternis
764 4409 1066 4463 visceribus
1118 4409 1353 4473 delicta,
1403 4410 1502 4461 etsi
1566 4409 1765 4477 saepius
1814 4408 1939 4478 quis

356 4494 680 4565 delinquat,
731 4500 1043 4568 corrigant;
1080 4501 1214 4555 satis
1262 4509 1442 4555 autem
1484 4508 1567 4554 est
1615 4500 1705 4554 illa
1768 4501 1938 4555 fuisse

359 4600 447 4639 me
519 4588 836 4656 praefatum,
907 4605 1055 4646 nune
1112 4593 1436 4660 exponenda
1512 4607 1682 4647 causa
1732 4607 1832 4645 cur
1881 4603 1933 4648 te

357 4694 671 4734 exoramus.

2046 3207 2213 3279 ἀρχὴ.
2246 3207 2463 3270 οὐδενὸς
2493 3206 2659 3261 ἄλλου
2690 3208 2875 3278 χάριν,
2900 3207 2934 3278 ἢ
2965 3205 3053 3258 ἵνα
3088 3205 3227 3274 πρὸς
3265 3205 3499 3275 μίμησιν
3522 3199 3620 3254 τοῦ

2045 3303 2406 3373 τιμήσαντος,
2438 3300 2535 3353 καὶ
2569 3301 2650 3364 είς
2687 3300 2749 3353 τὸ
2781 3300 2975 3371 ἄρχειν
3014 3298 3453 3361 ἀναϐιϐάσαντος
3484 3298 3621 3351 ava-

2046 3394 2348 3464 φαίνωνται
2370 3393 2730 3457 διαϐιοῦντες.
2754 3394 2977 3455 Πάντως
3006 3392 3064 3445 δὲ
3094 3392 3355 3461 νουνεχὴς
3400 3389 3476 3444 ὢν
3524 3394 3621 3444 καὶ

2051 3488 2274 3551 συνετὸς
2308 3488 2607 3541 ἐπίστασαι
2632 3487 2731 3557 τὴν
2760 3485 2856 3539 τοῦ
2888 3485 3024 3539 Θεοῦ
3061 3485 3476 3555 φιλανθρωπίαν
3527 3488 3623 3538 καὶ

2044 3578 2144 3647 τὴν
2183 3579 2557 3650 χρηστότητα,
2613 3577 2709 3631 καὶ
2761 3577 2823 3630 τὸ
2880 3575 3192 3647 συμπαθές·
3240 3575 3299 3637 ὃς
3331 3574 3456 3627 καθ’
3495 3575 3621 3626 ὅσον

2043 3669 2348 3739 ἀπέχουσιν
2372 3668 2637 3722 ἀνατολαὶ
2665 3667 2775 3722 ἀπὸ
2788 3666 3305 3739 δυσμῶν,τοσοῦτον
3331 3666 3493 3736 ἡμῶν
3516 3681 3591 3734 μα
3607 3693 3621 3704 ο

2044 3760 2237 3832 κρύνει
2263 3761 2361 3823 τὰς
2391 3759 2671 3831 ἁμαρτίας
2700 3759 2795 3828 ἀφ’
2832 3758 3010 3830 ἡμῶν.
3062 3759 3179 3811 Καὶ
3216 3756 3378 3809 τοῦτο
3404 3756 3460 3807 δὲ
3496 3753 3619 3806 λίαν

2044 3855 2364 3921 ιπίστασαι,
2394 3855 2479 3907 ὃτι
2511 3854 2566 3906 οἵ
2605 3870 2670 3922 γε
2712 3854 2790 3917 ὡς
2838 3851 3055 3922 ἀληθῶς
3114 3850 3256 3915 ἄξιοι
3306 3849 3407 3919 τῆς
3467 3846 3620 3917 παρὰ

2042 3948 2182 4002 Θεοῦ
2207 3946 2501 4018 δεδομένης
2542 3946 2727 4010 αὐτοῖς
2762 3946 2960 4016 ἀρχῆς,
3014 3942 3289 3997 πλείστων
3347 3940 3620 4013 ὑπαρχόν-

2039 4056 2154 4093 των
2196 4038 2267 4092 δι’
2296 4032 2373 4093 ὧν
2414 4037 2567 4092 ἐστιν
2602 4038 2790 4101 αὐτοῖς
2818 4034 3150 4108 θεραπεύειν
3201 4033 3358 4098 Θεὸν,
3411 4034 3620 4101 ταύτην

2047 4131 2289 4201 μάλιστα
2326 4131 2429 4200 τὴν
2455 4129 2739 4203 ἐξαίρετον
2787 4129 3084 4199 θεραπείαν
3117 4127 3513 4199 προσφέρουσι,
3558 4124 3620 4174 τὸ

2044 4223 2433 4293 φιλάνθρωπον
2478 4221 2556 4285 ὡς
2578 4217 2737 4274 εἶπον
2779 4223 2965 4275 καὶτὸ
3004 4221 3350 4285 ἀνεξίκακον,
3399 4217 3495 4268 καὶ
3553 4212 3613 4264 τὸ

2041 4317 2181 4389 πρὸς
2207 4316 2336 4378 τοὺς
2370 4315 2722 4385 ὑποχειρίους
2749 4312 3023 4383 ἀόργητον
3065 4328 3126 4363 τε
3166 4311 3264 4364 καὶ
3301 4305 3613 4378 συμπαθές.

2042 4410 2118 4464 Ού
2152 4410 2264 4478 γὰρ
2289 4408 2378 4461 διὰ
2397 4405 2559 4460 τοῦτο
2583 4406 2694 4459 τῶν
2720 4405 2929 4459 λοιπῶν
2960 4403 3398 4475 προεκρίθησαν,
3432 4402 3521 4453 ἵνα
3541 4400 3608 4469 τῇ

2046 4502 2267 4572 ἐξουσίᾳ
2298 4498 2438 4569 πρὸς
2476 4497 2654 4567 θυμὸν
2703 4496 3057 4567 ἀποχρῶνται
3099 4498 3195 4549 καὶ
3222 4496 3469 4549 κάκωσιν
3508 4492 3618 4545 τῶν

2046 4593 2380 4665 ἀνθρώπων,
2440 4590 2553 4645 ἀλλ’
2604 4592 2693 4644 ἵνα
2758 4590 3092 4660 σπλάγχνοις
3154 4589 3468 4659 πατρικοῖς,
3516 4584 3619 4637 κᾶν

2053 4685 2320 4747 πολλάκις
2370 4684 2493 4736 τινὰ
2534 4684 2717 4754 συμϐῇ
2756 4682 3169 4753 ὲξαμαρτῆσαι,
3197 4682 3258 4733 τὸ
3309 4681 3620 4750 ἁμάρτημα

360 4774 751 4846 μεθοδεύωσιν.
802 4774 992 4846 Ἀρκεῖ
1020 4777 1114 4831 ἐπὶ
1149 4782 1408 4849 τοσοῦτον
1476 4777 1958 4849 προοιμιάζεσθαι,
2008 4778 2185 4851 αὐτήν
2232 4795 2314 4831 σοι
2354 4776 2538 4830 λοιπὸν
2598 4775 2932 4846 ὲκτιθέμεθα
2982 4778 3082 4845 τὴν
3139 4775 3420 4844 ὑπόθεσιν,
3484 4785 3619 4843 περὶ

354 4881 422 4935 ης
452 4862 706 4917 δυσωποῦ
714 4880 835 4934 μεν.

429 4965 603 5020 llomo
632 4962 878 5034 quidam,
909 4962 1096 5019 nescio
1125 4974 1308 5021 utrum
1339 4966 1539 5037 dignus
1572 4966 1758 5035 fuerit,
1813 4983 1928 5037 po:-

360 5071 459 5111 uas
509 5058 662 5120 dare,
719 5069 788 5109 an
844 5054 1085 5110 humano
1133 5071 1283 5111 more
1319 5059 1370 5111 in
1419 5059 1783 5114 calamitatem
1810 5075 1933 5128 pro-

359 5147 579 5216 lapsus,
642 5146 900 5216 quoniam
947 5156 1182 5202 vestram
1242 5148 1634 5219 reformidabat
1693 5160 1934 5220 potesta-

358 5249 504 5301 tcm,
555 5240 620 5292 ad
687 5241 780 5296 Dei
864 5242 1125 5311 templum
1192 5242 1321 5297 illud
1391 5245 1536 5312 quod
1584 5245 1932 5299 Christianus

357 5328 593 5398 quisque
628 5333 869 5388 universi
921 5336 1067 5389 orbis
1098 5334 1319 5389 oculum
1361 5350 1485 5390 esse
1530 5338 1843 5401 confitetur,
1877 5338 1932 5391 in

359 5435 470 5490 quo
516 5435 638 5484 nos,
680 5424 783 5476 etsi
816 5428 1059 5493 inutiles,
1108 5428 1193 5481 die
1224 5441 1286 5480 ac
1341 5437 1497 5483 nocte
1531 5429 1929 5498 ministramus,

357 5513 637 5585 confugit;
706 5516 838 5585 qui,
934 5521 1065 5574 dum
1146 5521 1552 5575 iuexorabiliter
1621 5538 1652 5578 e
1730 5526 1933 5595 templo

357 5618 666 5679 raperetur,
696 5618 945 5663 sanctum
972 5615 1413 5683 propitiatorium
1465 5616 1774 5682 invocabat,
1823 5633 1928 5673 nec

358 5715 467 5754 non
519 5707 572 5755 et
616 5699 872 5758 omnibus
918 5698 1246 5765 Christianis
1290 5708 1524 5765 debitam
1576 5706 1669 5764 Dei
1715 5710 1927 5780 templis

1519 5795 1743 5805 ...σθαι-
1764 5800 1768 5804 Α

2120 4968 2448 5041 ’Ἄνθρωπός
2473 4984 2552 5029 τις
2581 4965 2681 5018 οὐκ
2711 4960 2829 5017 οἴδα
2871 4964 3083 5027 δίκαιος
3120 4963 3195 5017 ὢν
3226 4965 3488 5035 ὑποσχεῖν
3532 4984 3612 5017 τι-

2045 5062 2283 5134 μωρίαν,
2320 5062 2424 5114 οὐκ
2452 5056 2570 5113 οἶδα
2601 5052 2691 5112 οἶα
2721 5058 2791 5109 τὰ
2816 5055 3142 5127 ἀνθρώπινα
3173 5060 3254 5120 εἰς
3283 5060 3607 5127 περίστασιν

2041 5152 2323 5223 ἐμπεσὼν,
2352 5153 2539 5206 ἕνεκεν
2576 5152 2673 5205 τοῦ
2701 5151 2993 5219 φοϐεῖσθαι
3034 5153 3131 5225 τὴν
3159 5152 3311 5220 ὑμῶν
3336 5147 3605 5211 ἐξουσίαν,

2039 5247 2118 5315 τῷ
2155 5245 2270 5314 ναῷ
2300 5249 2393 5300 τοῦ
2421 5247 2581 5312 Θεοῦ,
2614 5246 2674 5299 ὃν
2708 5250 2815 5311 πᾶς
2852 5250 3114 5318 ὁμολογεῖ
3157 5244 3481 5314 Χριστιανὸς
3508 5242 3607 5310 ὀφ·

2042 5338 2250 5408 Θαλμὺν
2278 5334 2420 5393 εἶναι
2468 5340 2572 5408 τῆς
2625 5342 2954 5412 οἰκουμένης
2986 5342 3425 5409 προσπεφευγεν,
3469 5336 3527 5387 ὲν
3564 5329 3609 5402 ᾧ

2039 5433 2224 5502 ἡμεῖς,
2263 5431 2431 5483 είκαὶ
2480 5433 2693 5503 ἀχρεῖοι
2735 5435 2911 5487 νύκτα
2970 5435 3061 5483 καὶ
3115 5431 3330 5499 ἡμέραν
3373 5429 3475 5499 τὴν
3512 5429 3610 5482 λα-

2039 5522 2227 5593 τρείαν
2258 5525 2670 5595 προσφέρομεν
2701 5522 2856 5587 οὗτος
2875 5522 3061 5590 ἐπειδὴ
3081 5523 3469 5591 ἀπαραιτήτως
3495 5523 3608 5575 εἴλ-

2040 5631 2167 5668 κετο
2192 5615 2286 5668 τοῦ
2320 5617 2471 5684 ναοῦ,
2518 5619 2686 5671 πολλὰ
2729 5619 2790 5669 τό
2843 5633 2902 5666 τε
2937 5616 3093 5682 ἅγιον
3132 5615 3446 5687 ἱλαστήριον
3492 5619 3614 5670 ἐπι-

2040 5707 2341 5779 ϐοώμενος,
2371 5712 2464 5767 καὶ
2514 5714 2614 5783 τὴν
2648 5708 2843 5770 κοινῶς
2884 5710 3018 5762 πᾶσι
3068 5709 3418 5781 Χριστιανοίς
3456 5710 3609 5778 ὀφει-

2025 5797 2071 5807 .—
