3996 6208
278 268 351 330 41

1704 253 2109 315 EPISTOLrE.
3465 248 3536 310 re

271 381 508 452 λομένην
541 377 654 439 τοῖς
716 375 882 438 θείοις
924 375 1094 443 ἱεροῖς
1144 372 1574 440 σεϐασμιότητα,
1620 368 1718 420 καλ⁸
1754 368 1854 435 τὴν

1982 363 2366 417 'enerationem
2437 372 2491 416 et
2560 361 3000 416 incolumitatem
3049 360 3295 415 omnium
3348 361 3418 416 ad
3473 377 3536 415 ea

270 477 385 527 τῶν
434 474 489 522 ἐν
522 470 711 531 αὐτοῖς
782 466 1241 538 προσφευγόντων
1283 462 1536 524 ἀσυλίαν,
1598 460 1854 530 ἐκίνησεν

270 566 450 638 ἡμᾶς.
498 563 608 616 Καὶ
639 562 690 614 τί
718 562 826 628 γὰρ
859 560 989 614 ἄλλο
1014 559 1123 610 ἔδει
1162 558 1332 610 ποιεῖν
1360 552 1715 623 λειτουργοὺς
1764 551 1856 601 δν-

272 677 399 723 τας,
421 658 468 709 εἰ
500 657 595 708 καὶ
627 650 904 715 ἀναξίους,
937 650 1031 703 τοῦ
1062 649 1218 716 ἁγίου
1248 647 1661 716 θυσιαστηρίου,
1688 646 1767 706 εἰς
1799 642 1858 694 τὸ

274 747 418 817 μηδὲ
466 746 566 811 τὴν
626 741 800 811 ἀρχὴν
845 739 1197 807 συγχωρῆσαι
1236 737 1349 797 τοῖς
1382 734 1731 804 βουλομένοις
1764 731 1860 783 αῦ-

275 842 373 891 τδν
419 838 603 889 ἕλκειν
636 852 649 899 ;
682 835 856 885 Τοῦτο
905 831 1155 899 παριδεῖν
1195 828 1503 890 ἐκτελέσαι,
1540 826 1719 878 καίτοι
1765 841 1861 893 χα-

275 928 676 990 λεπαινόντων,
718 926 811 976 καί
845 922 1105 992 σκληρῶς
1138 922 1268 990 ἡμῖν
1309 920 1396 973 διὰ
1430 919 1528 988 τὴν
1571 918 1669 983 σὴν
1700 918 1860 985 χάριν

280 1016 769 1086 προσφερομένων,
826 1015 974 1081 ὅμως
1053 1010 1545 1079 ἐπαγγελλομένων
1592 1010 1685 1060 καὶ
1728 1009 1861 1060 πᾶσι

279 1111 515 1179 τρόποις
548 1106 911 1174 βεϐαιούντων
948 1106 1119 1174 ἡμᾶς,
1151 1106 1225 1166 ώς
1279 1103 1434 1154 οὐδὲν
1463 1101 1640 1153 δεινὸν
1692 1101 1864 1169 ἀπερ-

282 1205 459 1271 γάςῃ,
492 1202 681 1252 τέκνον
714 1200 894 1267 ἡμῶν,
934 1198 1071 1250 ἀλλὰ
1124 1195 1458 1265 συγγνώμης
1497 1193 1863 1261 ἀξιωθήσεται

285 1298 443 1362 παρᾶ
510 1294 615 1355 σοὶ,
683 1292 779 1343 καὶ
830 1289 933 1358 τῆς
974 1290 1065 1340 ἐπὶ
1100 1287 1178 1355 τῷ
1220 1289 1532 1355 πταίσματι
1574 1283 1863 1353 συγχωρή-

292 1403 454 1448 σεωῑ,
494 1381 843 1449 ἑξηγάγομεν
880 1380 1044 1432 αὑτὸν
1084 1378 1177 1429 τοῦ
1232 1377 1362 1430 ναοῦ
1417 1378 1514 1428 καὶ
1544 1377 1867 1428 ἀπεστείλα-

295 1495 414 1547 μεν,
441 1476 573 1527 Θεὸν
606 1474 1119 1542 ἐπιμαρτυρόμενοι
1156 1473 1250 1522 καὶ
1285 1472 1347 1521 τὸ
1389 1469 1665 1536 πανάγιον
1698 1467 1865 1522 αὑτοῦ

291 1570 611 1636 ἱλαστήριον
648 1567 742 1620 καὶ
775 1567 919 1618 κατὰ
951 1564 1041 1616 τὸν
1090 1564 1335 1633 παρόντα
1365 1565 1539 1616 αἰῶνα
1575 1565 1669 1616 καὶ
1726 1564 1867 1633 κατὰ

289 1661 379 1714 τὸν
431 1661 721 1728 μέλλοντα,
756 1658 830 1727 μὴ
875 1657 1137 1727 περιιδεῖν
1169 1658 1336 1710 αὐτὸν
1384 1657 1761 1726 ἀνεκδίκητον,
1820 1656 1872 1708 εῐ

1961 455 2408 525 confugiendum,
2459 463 2621 523 atque
2669 453 2748 507 sic
2792 468 2893 507 nos
2924 452 3127 517 movit;
3178 453 3306 521 quid
3355 461 3531 508 autem

1966 546 2111 601 aliud
2147 546 2447 612 ministros,
2481 545 2601 597 licet
2632 544 2905 611 indignos,
2943 544 3115 596 sancti
3141 542 3329 598 altaris
3358 544 3537 599 facere

1962 636 2267 707 oportebit?
2324 636 2560 705 primum
2630 633 2938 687 volentibus
3002 648 3124 685 eum
3204 648 3395 702 rapere
3442 649 3536 689 ac-

1964 730 2321 798 quiescerem,
2348 728 2683 797 perlicieutes
2706 734 3142 789 contemnerem;
3171 724 3293 778 licet
3325 741 3421 779 nos
3454 726 3536 778 in-

1960 824 2103 891 juria
2158 821 2471 883 affecerint,
2525 819 2841 887 duriterque
2890 817 3048 870 nobis
3106 816 3540 870 contradixerint

1965 923 2181 984 propter
2229 922 2372 967 tuam
2418 913 2668 981 gratiam,
2720 912 2843 979 quia
2904 921 3085 983 tamen
3133 910 3290 962 nobis
3330 910 3541 963 denuno

1969 1010 2234 1061 tiaverunt
2258 1016 2310 1060 et
2357 1006 2612 1059 omnibus
2650 1004 2825 1058 modis
2864 1018 2962 1057 nos
2999 1004 3259 1057 certiores
3294 1001 3544 1055 fecerunt

1966 1100 2309 1157 eumnihila
2341 1108 2390 1152 te
2443 1098 2583 1152 male
2640 1111 2947 1167 passurum,
3002 1095 3097 1149 sed
3148 1095 3356 1149 veniam
3406 1110 3436 1149 a
3468 1103 3542 1161 te,

1968 1191 2043 1245 ﬁli
2101 1191 2194 1250 mi,
2241 1192 2588 1243 obtenturum
2620 1198 2671 1240 et
2704 1187 2884 1240 delicti
2917 1184 3312 1248 remissionem,
3360 1186 3544 1239 eduxi-

1969 1299 2093 1337 mus
2146 1299 2268 1337 eum
2319 1284 2385 1337 de
2445 1281 2640 1350 templo
2671 1288 2726 1333 et
2782 1279 3130 1333 demissimus
3172 1277 3341 1331 Deum
3388 1276 3545 1333 testiv

1971 1377 2195 1431 iicantes
2246 1386 2297 1429 et
2352 1376 2756 1429 sanctissimum
2811 1373 2928 1441 ejus
2993 1371 3455 1440 propitiatoritnu'
3487 1378 3547 1422 ut

1976 1469 2185 1523 inultus
2216 1482 2316 1521 nec
2348 1468 2400 1519 in
2439 1467 2541 1519 hoc
2573 1465 2770 1519 saeculo
2804 1479 2903 1517 nec
2940 1463 2992 1515 in
3027 1460 3210 1515 futuro
3243 1468 3542 1520 remaneat,

1972 1567 2015 1618 si
2049 1562 2179 1631 quid
2210 1560 2424 1616 molesti
2468 1568 2561 1613 aut
2600 1558 2796 1620 odiosi,
2853 1556 2994 1623 quod
3049 1565 3101 1609 te
3148 1554 3327 1609 facere
3383 1553 3544 1611 absit.

1978 1655 2049 1709 ﬁli
2082 1656 2191 1719 mi,
2225 1656 2274 1709 ei
2326 1638 2557 1708 accidat.
2613 1651 2731 1703 Noli
2782 1666 2910 1716 ergo
2968 1648 3279 1701 existimare
3331 1658 3380 1699 te
3424 1660 3545 1699 eum

291 1772 346 1807 τι
380 1753 624 1821 λυπηρὸν
647 1750 798 1819 αὐτῷ
836 1752 927 1802 καὶ
958 1749 1239 1818 δυσχερὲς,
1266 1750 1400 1818 ὅπερ
1437 1751 1510 1819 μὴ
1542 1718 1752 1815 γένοιτό
1784 1763 1865 1811 σε,

1982 1750 2045 1803 ah
2098 1749 2182 1804 his
2234 1749 2325 1817 qui
2398 1747 2492 1801 tibi
2546 1747 2778 1801 aderunt
2852 1741 3109 1809 recipere,
3168 1737 3261 1792 sed
3322 1750 3405 1789 me
3459 1749 3549 1787 ar-

293 1846 489 1899 τέκνον
526 1842 700 1909 ἡμῶν,
750 1840 1182 1911 διαπράξασθαι,
1220 1840 1542 1907 ἀπαντήσει.
1567 1838 1659 1907 Μὴ
1681 1837 1868 1905 νόμιζε

296 1937 393 1989 οὖν
420 1935 609 1987 τοῦτον
646 1936 708 1983 ἐκ
732 1932 919 2001 χειρὸς
956 1931 1260 2000 λαμϐάνειν
1296 1930 1403 1981 τῶν
1432 1930 1569 1998 πρὸς
1602 1930 1659 1980 σὲ
1693 1945 1872 1997 παρα-

294 2024 623 2096 γινομένων,
675 2024 793 2077 ἀλλ’
853 2024 954 2093 ἐμὲ
1018 2023 1237 2090 λογίζου
1280 2023 1444 2075 αὑτὸν
1500 2023 1780 2091 παρεῖναι,
1813 2021 1872 2083 ὃς

292 2118 481 2171 τοῦτον
526 2116 822 2183 ἐξείλκυσα
882 2114 975 2168 τοῦ
1023 2116 1172 2167 θείου
1236 2114 1388 2179 ναοῦ,
1442 2113 1537 2166 καὶ
1591 2112 1739 2182 χειρὶ
1802 2114 1868 2181 τῇ

274 2214 400 2280 ἐμῇ
436 2213 500 2280 τῇ
533 2214 598 2280 σῇ
643 2210 1005 2279 παραδιδόναι
1055 2208 1225 2279 χειρί.
1258 2208 1459 2259 Σκόπει
1490 2205 1553 2276 δὴ
1594 2206 1743 2268 ὅπως
1776 2206 1873 2257 καὶ

295 2306 357 2354 τὸ
410 2304 557 2372 ἱερὸν
599 2301 694 2355 τοῦ
728 2282 864 2353 θεόῡ
896 2301 1164 2372 τιμήσῃς,
1220 2301 1315 2352 καὶ
1356 2299 1445 2350 διὰ
1484 2297 1676 2350 τούτου
1736 2296 1872 2367 πρὸς

295 2397 460 2448 αὐτὸν
493 2397 590 2463 τὴν
618 2396 785 2471 τιμὴν
834 2396 1171 2466 ἀνενέγκῃς,
1208 2393 1303 2446 καὶ
1344 2392 1558 2462 σεαυτῷ
1596 2393 1693 2461 τὴν
1729 2393 1870 2445 ἄνω-

296 2488 389 2540 θεν
420 2488 584 2538 αὑτοῦ
613 2486 906 2555 εὐμένειαν
946 2488 1249 2555 ἐπισπάσῃ,
1302 2485 1399 2537 καὶ
1453 2483 1550 2553 τὴν
1584 2484 1740 2552 ἡμῶν
1770 2500 1871 2534 τα-

301 2583 602 2645 πεινότητα
632 2578 716 2630 διὰ
746 2580 843 2645 τῆς
884 2577 1022 2646 πρὸς
1062 2576 1154 2628 τὸν
1194 2574 1484 2645 ἄνθρωπον
1528 2574 1873 2642 συμπαθείας

299 2669 436 2737 ἓξῃς
494 2670 933 2737 ὑπερευχομένην
1001 2684 1083 2718 σοι
1136 2671 1204 2719 τὰ
1266 2666 1447 2732 ἀγαθὰ
1479 2667 1571 2716 καὶ
1606 2665 1873 2732 σωτήρια,

300 2762 441 2813 ἀλλὰ
494 2763 569 2830 μὴ
599 2760 956 2813 καταϐοῶσαν
991 2758 1113 2812 ἀντὶ
1154 2760 1249 2827 τῆς
1300 2760 1380 2819 είς
1411 2756 1504 2809 τὸν
1540 2744 1706 2807 ’Θεῖον
1750 2756 1875 2809 ναὸν

303 2854 533 2923 ὕϐρεως,
564 2855 616 2906 ετ
638 2871 743 2918 τις,
770 2854 907 2923 ὅπερ
944 2852 1018 2922 μὴ
1044 2852 1278 2920 γένοιτο,
1313 2848 1558 2920 τιμωρία
1588 2848 1683 2903 καὶ
1718 2850 1877 2903 κόλα-

300 2962 387 3007 σις
426 2946 515 2997 τὸν
553 2946 844 3015 ἄνθρωπον
879 2944 1219 3009 ὑποδέξεται.

1972 1840 2161 1894 bitrari
2223 1840 2399 1908 ipsum
2448 1838 2677 1901 adesse,
2745 1834 2838 1904 qui
2901 1847 3023 1887 eum
3099 1845 3129 1883 a
3189 1828 3282 1883 Dei
3350 1828 3550 1897 templo

1978 1932 2155 1987 avulsi
2207 1942 2261 1986 et
2306 1948 2466 1985 manu
2513 1945 2632 1984 mea
2694 1928 2747 1981 iu
2786 1936 2936 1980 tuam
2994 1938 3217 1977 manum
3281 1920 3547 1991 deposui;

1973 2026 2097 2079 vide
2149 2025 2309 2078 etiam
2372 2021 2651 2093 quomodo
2711 2021 2803 2073 Dei
2872 2020 3130 2089 templum
3188 2015 3461 2069 verebetis
3495 2026 3547 2067 et

1975 2130 2069 2184 per
2091 2115 2251 2169 istum
2285 2115 2545 2168 honorem
2598 2112 2859 2181 rependes
2907 2120 3071 2178 atque
3125 2107 3219 2162 tibi
3252 2120 3541 2175 supernam

1974 2208 2095 2275 ejus
2128 2206 2559 2260 benevolentiam
2609 2202 2949 2266 conciliabis,
2986 2215 3195 2253 necnon
3225 2208 3277 2252 et
3311 2206 3551 2252 nostram

1976 2300 2340 2353 humilitatem
2399 2306 2619 2366 pr0pter
2685 2307 2832 2350 tuam
2887 2296 2939 2347 in
2996 2293 3274 2348 hominem
3338 2290 3553 2345 miseri-

1976 2392 2256 2456 eoi-dium,
2337 2390 2559 2444 habebis
2608 2388 2703 2442 tibi
2753 2394 3070 2441 exorantem
3144 2385 3286 2439 b'ona
3350 2393 3403 2437 ct
3467 2398 3557 2435 sa-

1976 2486 2213 2547 lutaria,
2286 2498 2394 2535 non
2477 2490 2656 2534 autem
2730 2479 3052 2533 clamantem
3151 2486 3339 2531 contra
3415 2473 3559 2542 inju-

1978 2578 2113 2629 riam
2178 2574 2271 2627 Dei
2337 2573 2540 2640 templo
2592 2572 2833 2636 illatam,
2894 2571 2971 2622 uti
3038 2568 3191 2621 ﬁeret
3252 2568 3298 2621 si
3415 2568 3556 2635 quod

1978 2671 2156 2733 absit,
2232 2668 2507 2722 hominem
2588 2682 2744 2734 pmna
2840 2664 3270 2745 aut‘multalio
3341 2667 3559 2732 excipe—

1982 2772 2080 2813 l‘t‘l.

380 3036 556 3105 Χωρὶς
604 3036 661 3088 δὲ
688 3036 898 3089 τούτων
932 3035 1338 3105 ἀναμνήσθητι,
1376 3038 1563 3089 τέκνον
1594 3036 1774 3107 ἡμῶν,
1803 3035 1877 3098 ὼς

2053 3038 2253 3091 Praeter
2303 3035 2417 3088 hare
2468 3032 2775 3096 recordare,
2830 3032 3017 3097 ﬁlimi,
3054 3039 3106 3086 te
3136 3032 3309 3099 ipsum
3344 3042 3563 3101 propter

306 3124 402 3176 καὶ
444 3125 602 3186 αὐτὸς
639 3126 736 3178 ἐπὶ
776 3128 886 3189 τοῖς
924 3118 1148 3187 οίκείοίς
1197 3126 1506 3196 πταίσμασι
1543 3127 1643 3195 τῆς
1691 3126 1879 3195 θεῖκῆς

305 3222 673 3290 χρηστότητος
731 3221 826 3271 καὶ
893 3218 1309 3289 φιλανθρωπίας
1369 3216 1613 3289 χρῄζεις,
1680 3214 1747 3289 ἦς
1783 3220 1881 3270 οὐκ

304 3312 449 3364 ἔστιν
492 3314 772 3381 ἐπιτυχεῖν
803 3310 878 3380 μὴ
932 3311 1163 3380 ἀφιέντα
1185 3314 1296 3373 τοῖς
1330 3310 1609 3380 ὀφείλουσι
1643 3312 1712 3365 τὰ
1736 3311 1884 3379 ὀφει-

303 3400 542 3467 λήματα.
584 3400 762 3451 Καλὸν
792 3396 885 3451 οὖν
920 3398 1110 3469 ὥσπερ
1155 3398 1281 3452 τινὰ
1336 3399 1643 3470 καταϐολὴν
1697 3399 1882 3453 δοῦναι

304 3491 423 3562 Θεῴ
458 3493 549 3544 τὸν
572 3493 650 3555 εἰς
676 3493 765 3544 τὸν
788 3491 1077 3560 ἄνθρωπον
1116 3490 1284 3555 ἔλεον,
1340 3491 1427 3544 ἴνα
1458 3491 1558 3542 καὶ
1583 3490 1747 3552 αὐτὸς
1783 3489 1879 3541 τύ-

304 3599 403 3655 χης
432 3586 530 3654 τῆς
566 3584 754 3653 θεῖκῆς
798 3584 1202 3654 ἐλεημοσύνης·
1241 3586 1334 3637 καὶ
1364 3582 1521 3637 τοῦτο
1552 3584 1607 3637 δὲ
1640 3584 1791 3649 ἄξιόν
1824 3600 1882 3636 σε

306 3676 563 3740 συνιδεῖν,
612 3676 694 3727 ὅτι
739 3676 833 3727 καὶ
883 3674 1255 3745 φιλανθρώπῳ
1318 3676 1596 3743 γενομένῳ
1643 3690 1748 3739 σοι,
1789 3674 1885 3726 καὶ

303 3769 443 3837 ὅπερ
479 3766 556 3836 μὴ
585 3768 931 3837 συγχωρήσαι
955 3767 1085 3829 Θεὸς
1116 3768 1199 3829 είς
1222 3766 1283 3819 τὸ
1316 3767 1559 3819 ἐναντίον
1609 3766 1885 3836 τρεπομέ-

306 3878 403 3929 νῳ,
434 3860 835 3921 πολλαπλάσιος
875 3859 1030 3913 ἕσται
1067 3860 1100 3925 ἢ
1128 3860 1227 3929 τῆς
1269 3859 1688 3931 φιλανθρωπίας
1717 3860 1749 3931 ἢ
1780 3860 1878 3929 τῆς

306 3953 581 4015 κολάσεως
599 3954 632 4023 ἡ
652 3954 941 4015 ἀντίδοσις.
968 3955 1040 4007 Οὐ
1062 3954 1168 4021 γὰρ
1184 3952 1415 4019 ἁπλοῦν,
1442 3952 1517 4015 ὼς
1534 3954 1689 4024 ὁρᾷς,
1712 3969 1889 4022 πραχ-

310 4044 537 4115 θήσεταί
566 4063 651 4099 σοι
690 4046 749 4099 τὸ
777 4046 1104 4116 ἁμάρτημαο
1162 4047 1189 4096 ὅ
1230 4062 1287 4096 τε
1315 4046 1423 4115 γὰρ
1449 4045 1573 4106 ναὸς
1607 4044 1887 4112 ὑϐρίζεται

318 4135 415 4188 τοῦ
465 4138 619 4201 Θεοῦ,
676 4141 772 4191 καὶ
800 4141 828 4191 ὁ
876 4141 1069 4190 τούτου
1098 4139 1411 4209 ἀρχιερεὺς,
1460 4138 1509 4187 εί
1541 4136 1633 4188 καὶ
1670 4134 1886 4202 ἐλάχισ-

313 4244 430 4291 τος,
459 4230 550 4279 καὶ
577 4229 820 4299 δόγματα
849 4230 1370 4298 κατασφαλιςόμενα
1398 4227 1497 4295 τὴν
1524 4226 1753 4279 ἀσυλίαν
1776 4231 1886 4289 τοῖς

314 4319 395 4381 εἱς
425 4320 481 4369 τὸ
502 4320 645 4387 μέγα
664 4319 825 4371 τοῦτο
854 4318 1195 4388 καταφύγιον
1222 4318 1687 4385 καταφεύγουσιν.
1727 4315 1887 4367 Ἀλλὰ

1984 3128 2205 3197 propria
2256 3125 2489 3186 delicta.
2543 3126 2635 3178 Dei
2685 3125 2926 3177 bonitate
2973 3134 3028 3177 et
3091 3124 3432 3179 humanitate
3481 3126 3563 3179 in-
3636 3180 3645 3191 κ

1985 3219 2202 3288 digere,
2251 3233 2414 3287 quam
2466 3217 2758 3285 impetrare
2814 3232 2922 3270 non
2973 3226 3200 3285 possunt
3247 3218 3341 3287 qui
3404 3218 3558 3272 debi-

1987 3313 2199 3366 toribus
2248 3312 2431 3365 debita
2485 3326 2592 3364 non
2636 3310 2951 3375 dimittunt;
3009 3310 3211 3363 bonum
3268 3321 3351 3365 est
3400 3312 3565 3381 igitur

1985 3403 2096 3456 Deo
2126 3400 2339 3465 oﬂ'erre,
2396 3410 2655 3470 tanquam
2709 3402 3213 3469 compensationem
3249 3402 3563 3469 quamdam,

1987 3495 2420 3549 misericordiam
2476 3508 2603 3563 erga
2639 3492 2937 3555 hominem,
2987 3500 3046 3546 ut
3092 3492 3209 3562 ipse
3265 3491 3356 3545 Dei
3401 3492 3561 3547 mise-

1988 3586 2277 3640 ricordiam
2324 3587 2605 3649 obtineas;
2653 3585 2757 3639 hoc
2786 3599 3004 3653 quoque
3037 3592 3090 3638 te
3136 3583 3437 3655 intelligere
3468 3587 3561 3639 de-

1988 3688 2092 3744 cet,
2144 3679 2238 3733 tibi
2292 3667 2686 3732 humanitatem
2739 3678 3049 3745 amplexato
3080 3677 3343 3745 majorem
3370 3678 3562 3731 buma:

1988 3772 2177 3828 nitatis
2230 3786 2395 3840 quam
2447 3769 2819 3840 castigationis
2874 3769 2989 3823 fore
3036 3769 3342 3823 mercedem
3389 3770 3565 3838 (quod

1991 3865 2135 3919 Deus
2173 3878 2279 3917 non
2310 3863 2635 3927 concederet
2663 3877 2818 3915 verso
2845 3860 2898 3915 iu
2934 3860 3264 3915 contrariam
3298 3871 3503 3929 partem
3512 3877 3564 3930 j;

1991 3974 2097 4012 non
2147 3959 2292 4013 enim
2368 3957 2598 4026 simplex
2667 3957 2924 4010 delictum
2981 3971 3009 4009 a
3046 3965 3118 4021 te,
3148 3956 3224 4009 uti
3265 3956 3433 4016 vides,
3467 3956 3566 4010 ad-

1990 4050 2329 4112 mitteretur;
2382 4048 2643 4117 templum
2689 4048 2957 4117 siquidem
3016 4047 3104 4102 Dei
3152 4047 3348 4115 injuria
3394 4048 3567 4102 allici-

1989 4151 2130 4207 ctur,
2158 4144 2387 4209 ejusque
2433 4139 2869 4201 archisacerdos,
2918 4140 3043 4193 licet
3073 4140 3355 4203 minimus,
3404 4150 3566 4210 atque

1991 4237 2243 4306 dogmata
2260 4232 2612 4289 securitatem
2636 4233 2700 4286 iis
2713 4222 2803 4299 (fui
2818 4231 2885 4284 ad
2905 4231 3006 4284 hoc
3021 4246 3275 4300 magnum
3294 4231 3564 4301 refugium

1992 4327 2311 4397 confugiunt
2336 4323 2722 4379 asseverantia.
2753 4322 2876 4376 Haec
2909 4324 3053 4375 dicta
3097 4332 3224 4377 sunt
3264 4322 3330 4375 ad
3369 4332 3420 4377 te
3450 4324 3569 4377 hor-

312 4412 482 4465 ταῦτα
522 4413 620 4481 μὲν
650 4413 718 4463 τὰ
758 4414 823 4464 ἐκ
875 4412 973 4479 τῆς
1007 4412 1100 4463 τοῦ
1127 4412 1290 4477 λόγου
1329 4410 1707 4481 παραινέσεως
1757 4411 1878 4478 ἡμῖν

1995 4422 2254 4485 tandum;
2327 4425 2495 4472 restat
2545 4430 2689 4469 nunc
2738 4423 2795 4468 ut
2849 4413 3020 4484 magis
3088 4413 3325 4482 Spiritus
3392 4418 3567 4470 sancti

316 4501 675 4571 προσείρηται
719 4517 732 4530 ·
786 4500 1079 4553 ὑπόλοιπον
1146 4500 1202 4550 δὲ
1268 4501 1360 4552 καὶ
1420 4500 1498 4551 ἔτι
1540 4498 1727 4569 δεσμῷ
1793 4498 1887 4551 τοῦ

316 4592 473 4657 ἁγίου
504 4592 822 4659 Πνεύματος
858 4592 927 4644 τὰ
964 4594 1234 4669 εἰρημένα
1270 4591 1365 4643 ἐπὶ
1397 4592 1560 4643 πλέον
1586 4591 1887 4661 ὀχυρῶσαι,

315 4685 409 4735 καὶ
448 4683 529 4746 σὲ,
562 4686 751 4736 τέκνον
805 4684 984 4759 ἡμῶν,
1030 4687 1109 4747 είς
1150 4684 1211 4735 τὸ
1259 4684 1333 4755 μὴ
1366 4686 1585 4751 ἀνάξιόν
1616 4702 1664 4736 τι
1700 4686 1891 4736 παθεῖν

314 4776 413 4845 τῆς
443 4780 541 4846 σῆς
568 4776 938 4846 μεγαλοτίμου
969 4777 1191 4847 ἀρετῆς,
1239 4779 1374 4846 μηδέ
1404 4778 1732 4847 ἐξαμαρτεῖν
1777 4778 1894 4829 δια-

316 4870 703 4936 σφαλίσασθαιο
771 4872 865 4923 καὶ
917 4871 1102 4923 λοιπὸν
1161 4873 1220 4923 ἐν
1274 4873 1449 4941 Πατρί
1512 4875 1605 4921 καὶ
1648 4870 1763 4939 Υἰῷ
1800 4871 1893 4922 καὶ

317 4960 458 5029 ἁγίῳ
499 4964 799 5030 Πνεῦματι,
866 4964 997 5032 παρ’
1027 4956 1089 5015 οῦ
1121 4964 1253 5032 ἡμῖν
1286 4964 1397 5024 τοῖς
1445 4964 1721 5024 ταπεινοῖς
1746 4962 1896 5024 egoe-

314 5054 408 5108 σία
428 5054 638 5107 δέδοται
696 5055 920 5125 δεσμεῖν
970 5058 1064 5108 ἐπὶ
1127 5057 1374 5128 σωτηρίᾳ
1430 5054 1610 5125 ψυχῆς
1656 5057 1785 5119 τοὺς
1835 5058 1893 5108 ἐν

312 5148 474 5219 χρεία
522 5148 617 5200 τοῦ
683 5148 882 5217 δεσμοῦ
955 5150 1416 5219 καθισταμένους,
1477 5148 1895 5219 ἁπαγορεύομέν

317 5256 399 5291 σοι
440 5241 575 5311 μηδέ
632 5242 760 5309 μίαν
811 5243 1030 5295 κόλασιν
1079 5242 1111 5314 ἦ
1152 5244 1421 5313 τιμωρίαν
1474 5244 1778 5310 ἐπαγαγεῖν
1819 5241 1897 5308 τῴ

322 5331 383 5382 ὶκ
414 5332 501 5384 τοῦ
562 5333 710 5403 ἱεροῦ
764 5336 916 5391 οῐκου
969 5336 1064 5387 τοῦ
1124 5335 1263 5388 Θεοῦ
1324 5334 1604 5405 ληφθέντι,
1654 5334 1776 5405 μηδ’
1816 5336 1896 5396 εἰς

318 5426 515 5494 πεῖράν
572 5444 722 5488 τινος
782 5427 1083 5491 κακώσεως
1145 5428 1314 5480 αὑτὸν
1371 5430 1732 5497 καταστῆσαι,
1780 5427 1896 5481 ἀλλ’

316 5519 622 5587 οἰκτιρμῶν
647 5518 880 5583 ἀξιῶσαι
912 5523 1007 5575 καὶ
1028 5554 1029 5559 η
1054 5520 1411 5591 συγγνώμης,
1443 5521 1517 5585 ὡς
1569 5523 1639 5575 ἂν
1680 5524 1775 5575 καὶ
1800 5522 1898 5573 αὐ-

314 5612 406 5673 τλς
447 5614 627 5682 εὕροις
660 5616 752 5667 ἐπὶ
778 5619 899 5679 ταῖς
933 5621 1050 5680 σαῖς
1087 5618 1401 5685 ἐξαιτήσεσι
1441 5616 1763 5686 πειθόμενον
1805 5618 1897 5669 τὸν

317 5707 538 5767 παντων
574 5708 811 5776 ἄρχοντα
840 5710 936 5761 καὶ
983 5711 1284 5781 Δεσπότην,
1320 5708 1459 5764 ἀλλὰ
1504 5710 1579 5780 μὴ
1611 5710 1899 5780 ὀργιζόμε-

563 5800 845 5863 Ριτιιοι..
884 5802 1003 5862 Gn.
1037 5801 1197 5863 CXI.

1988 4513 2205 4568 vinculo
2239 4511 2555 4565 muniantur
2595 4518 2651 4562 et
2700 4518 2782 4571 tu,
2827 4508 2924 4571 ﬁli,
2975 4506 3110 4560 nihil
3163 4507 3425 4563 admittas
3482 4509 3569 4563 in-

1992 4607 2215 4675 dignum
2279 4612 2371 4657 tua
2429 4601 2723 4656 reverenda
2778 4602 2981 4653 virtute
3030 4610 3085 4654 et
3135 4611 3323 4654 contra
3379 4616 3574 4670 pucea-

1993 4708 2105 4751 tum
2152 4695 2429 4761 l'ulciaris;
2482 4692 2805 4748 et‘tandem
2874 4692 2927 4745 in
2993 4691 3154 4746 Patre
3214 4703 3269 4747 et
3324 4694 3461 4748 Filio
3519 4704 3573 4749 et

1996 4790 2200 4856 Spiritu
2254 4796 2463 4850 sancto,
2537 4800 2567 4837 a
2614 4800 2722 4853 quo
2770 4784 2929 4838 nobis
2985 4783 3284 4840 humilibus
3334 4787 3459 4840 data
3488 4798 3573 4841 est

1994 4887 2230 4949 potestas
2284 4875 2488 4947 ligandi
2543 4886 2762 4945 prepter
2807 4876 3005 4930 anima:
3055 4877 3287 4931 salutem
3344 4893 3438 4931 eos
3476 4880 3567 4948 qui

1994 4972 2225 5026 vinculis
2256 4971 2521 5040 indigent,
2574 4978 2822 5022 vetamus
2872 4985 2940 5022 ne
2992 4969 3154 5023 ullam
3210 4985 3423 5039 poenam
3476 4968 3571 5024 aut

1996 5063 2401 5135 castigationem
2475 5060 2677 5114 homini
2760 5060 2838 5114 illi
2889 5077 2919 5115 e
2967 5062 3166 5129 templo
3228 5060 3320 5113 Dei
3383 5072 3571 5131 erepto

2000 5156 2282 5215 immittas,
2320 5166 2493 5220 neque
2519 5150 2805 5205 vexatione
2835 5151 2941 5204 ulla
2972 5166 3097 5204 eum
3128 5152 3430 5219 Opprimas,
3476 5154 3571 5206 sed

2000 5245 2155 5299 venia
2209 5250 2263 5296 et
2313 5242 2685 5296 misericordia
2735 5257 2860 5297 eum
2920 5243 3258 5312 praevenias,
3336 5254 3396 5296 ut
3448 5244 3569 5314 ipse

1999 5336 2254 5405 precibus
2285 5335 2392 5389 tuis
2416 5335 2714 5404 propitium
2739 5335 2981 5389 invenias
3010 5336 3252 5388 omnium
3280 5334 3567 5392 Dominum

1999 5440 2052 5482 et
2082 5427 2281 5498 Regem
2318 5442 2423 5480 nou
2449 5444 2578 5482 vero
2613 5430 2809 5483 iratum
2853 5440 2906 5482 et
2946 5436 2996 5481 te
3039 5427 3145 5481 illis
3174 5429 3355 5485 verbis
3386 5430 3570 5485 incre-

2000 5532 2215 5592 pantem
2244 5536 2368 5591 quae
2400 5524 2672 5575 minarum
2707 5523 2866 5592 plena
2895 5522 3101 5577 audivit
3132 5538 3324 5577 servus
3348 5525 3436 5578 ille
3457 5524 3571 5593 qui,

2003 5616 2295 5669 multorum
2340 5616 2646 5671 debitormn
2689 5622 2907 5684 accepta
2948 5616 3287 5681 dimissione,
3335 5618 3575 5671 immise-

2002 5708 2175 5765 ricors
2202 5709 2256 5762 in
2290 5723 2447 5764 suum
2484 5712 2794 5778 proximum
2828 5707 3027 5768 fuerat.

3226 5804 3264 5862 ‘2
