3996 6208
426 258 493 319 ιτι
1553 250 1857 312 NICOLAI
1900 252 2005 312 CP.
2049 251 2553 314 PATRIARCHE
3603 251 3669 312 li

426 389 537 432 νον,
578 366 671 423 και
711 366 1061 437 προτείνοντά
1110 384 1191 420 σοι
1236 365 1583 433 τοὺςλόγους
1613 365 1875 428 ἐκείνους,
1907 365 1999 429 οὓς
2026 368 2064 419 -ὀ
2117 366 2226 419 τῶν
2257 367 2472 419 πολλῶν
2524 364 2854 437 ὀφλημάτων
2883 365 2982 437 τῆς
3018 365 3224 429 λύσεως
3265 366 3482 441 οἰκέτης
3512 368 3676 437 ἀξιω-

429 463 561 529 ίιεὶς,
610 460 952 531 έπείπερ·τῷ
999 460 1224 532 πλησίον
1250 457 1424 529 ⁴ὤφθη
1479 459 1829 529 ἀσυμπαθὴς,
1873 461 1968 511 σὺν
2009 459 2210 532 ἀπειλῇ
2253 460 2694 531 ἀποφηναμένου
2733 458 2826 512 τοῦ
2862 458 3126 514 δεσπότου
3158 460 3463 531 διήκουσεν.

429 583 517 638 ιγ.
559 581 637 636 Ad
666 580 1174 655 reve‘rendissimum,
1218 577 1425 647 Deoque
1457 578 1885 655 dilqtissimum,
1940 579 1993 630 in

2113 570 3028 655 ’.Τιῖιτιπιωτᾴτιρθερςριλεστάτφ
3080 570 3530 655 culleum:an
3572 575 3672 630 καὶ
3742 648 3751 655 Ι

605 651 900 705 sacerdotio
946 651 1163 719 fratrem
1214 659 1475 711 nostrum,
1542 648 1814 718 Bulgaria:

977 719 1445 786 archiepiscopum.

499 836 617 891 Jam
674 834 955 889 studiosus
1007 847 1152 885 eram
1205 831 1519 885 commercii
1572 831 1717 901 quod
1770 847 1864 900 per
1911 831 1999 884 lit-

434 940 576 984 teras
617 943 739 981 cum
793 936 882 979 tua
942 925 1230 978 sanctitate
1262 923 1393 976 mihi
1443 930 1773 989 erat;nunc
1818 931 1998 975 autem

432 1022 691 1092 quoniam
746 1018 1135 1087 superveniens
1189 1015 1487 1071 necessarii
1534 1015 1732 1083 negotii
1780 1015 1999 1069 occasio

434 1128 519 1168 me
563 1110 1025 1166 adscribendum
1080 1107 1272 1168 movit,
1328 1121 1451 1161 meo
1506 1106 1667 1161 simul
1729 1106 2000 1160 desiderio

432 1204 719 1271 indulgens
750 1211 823 1256 et-
851 1201 1175 1255 necessitate
1205 1200 1408 1269 negotii
1466 1199 1806 1269 compulsus,
1861 1215 2001 1268 prae-

435 1306 640 1352 sentem
695 1281 1128 1362 tibi°epistolam
1175 1307 1342 1346 exaro
1376 1311 1389 1347 :
1429 1293 1519 1346 sed
1566 1292 1615 1345 id
1661 1306 1994 1359 prazsumen-

436 1389 563 1442 dum
609 1386 674 1440 de
725 1384 1063 1455 expositione
1115 1383 1311 1452 negotii
1346 1398 1440 1451 per
1491 1391 1691 1451 partes,
1739 1380 1884 1450 quod
1916 1397 2003 1437 as-

437 1478 647 1547 sumpsi
711 1476 776 1530 ad
827 1474 1195 1530 assistentium
1249 1487 1404 1527 sacro
1439 1472 1593 1526 altari
1632 1483 1682 1526 et
1726 1472 1791 1525 ad
1836 1471 2004 1524 inter-

429 1567 734 1623 cedendum
770 1581 867 1636 pro
901 1565 1241 1629 hominibus,
1293 1565 1385 1634 qui
1436 1563 1489 1617 in
1524 1573 1665 1617 terra
1696 1577 1999 1626 versamur,

429 1659 575 1729 apud
619 1658 907 1712 Dominum
948 1656 1039 1724 qui
1088 1657 1141 1708 in
1177 1656 1329 1710 caelis
1364 1663 1446 1709 est
1496 1655 1552 1722 (ο
1596 1652 2000 1707 formidandum

434 1763 488 1805 et
573 1766 793 1805 omnem
879 1764 1189 1803 sermonem
1255 1763 1595 1817 exsuperans
1665 1748 1869 1801 donum
1951 1755 2004 1800 et

438 1838 885 1909 munificentia!)
931 1837 1194 1893 debemus
1264 1839 1421 1892 enixe
1500 1835 1745 1890 ordinem
1795 1836 1847 1889 in
1893 1849 2002 1903 quo

2241 645 2427 710 τέκνῳ
2450 644 2619 713 ἡμῶν
2642 645 3094 712 ἀρχιεπισκόπῳ
3124 646 3514 712 Βουλγαρέας.

2171 825 2279 878 Καὶ
2336 825 2511 890 άλλως
2573 829 2708 897 ἡμῖν
2760 827 3107 897 ὲπιθυμητῆς
3167 826 3520 900 ὑπαρχούσης
3579 828 3679 897 τῆς

2103 918 2242 987 πρὸς
2276 917 2378 989 τὴν
2411 920 2508 988 σὴν
2542 920 2800 991 ὁσιότητα
2819 920 2908 973 διὰ
2928 918 3021 972 τοῦ
3047 919 3281 990 γράφειν
3334 918 3676 988 συνομιλίας,

2102 1008 2197 1062 νῦν
2242 1010 2429 1081 ἐπειδὴ
2488 1010 2583 1063 καὶ
2639 1011 2968 1081 πράγματος
3035 1010 3339 1079 ἀναγκαίου
3422 1011 3678 1073 ὑπόθεσις

2105 1100 2448 1171 προελθοῦσα
2510 1102 2646 1173 πρὸς
2698 1104 2761 1155 τὸ
2813 1104 3048 1172 γράφειν
3094 1102 3374 1172 ἐκίνησεν,
3424 1102 3539 1173 ἅμα
3581 1106 3678 1173 μὲν

2104 1192 2199 1245 καὶ
2227 1192 2326 1264 τὴν
2370 1191 2669 1263 ἐπιθυμίαν
2724 1195 3192 1265 παρηγοροῦντες,
3256 1196 3350 1248 καὶ
3390 1196 3465 1264 τῷ
3509 1197 3678 1263 ἀναγ-

2104 1281 2247 1348 καίῳ
2295 1281 2388 1333 τοῦ
2444 1283 2775 1353 πράγματος
2812 1283 3246 1354 συγκινούμενοι,
3275 1285 3336 1337 τὸ
3372 1288 3549 1354 παρόν
3596 1302 3675 1339 σοι

2103 1372 2340 1442 γράμμα
2370 1372 2828 1445 διαχαράττομεν.
2862 1375 3004 1429 Ἀλλ’
3028 1377 3207 1429 ἐκεῖνο
3239 1375 3529 1446 προλαϐεῖν
3557 1378 3676 1446 δεή-

2106 1478 2186 1514 σει
2227 1464 2492 1534 περὶτῆς
2533 1468 2677 1519 κατὰ
2738 1467 2902 1538 μέρος
2956 1467 3050 1520 τοῦ
3111 1469 3439 1539 πράγματος
3489 1469 3678 1541 διηγή-

2108 1570 2264 1619 σεως,
2293 1555 2395 1623 ὅτι,
2419 1556 2847 1622 καταξιωθέντες
2879 1559 2956 1630 τῷ
2980 1559 3121 1629 ἁγίῳ
3144 1560 3517 1631 θυσιαστηρίῳ
3547 1578 3677 1632 παρ·

2109 1645 2358 1699 ίστασθαι
2407 1649 2514 1700 ¹καὶ
2578 1652 2884 1718 μεσιτεύειν
2941 1652 3082 1723 ὑπὲρ
3127 1652 3431 1723 ἀνθρώπων
3494 1657 3552 1708 ὲν
3603 1658 3672 1724 γῇ

2107 1740 2468 1808 στρεφόμενοι
2513 1740 2650 1810 πρὸς
2690 1742 2780 1794 τὸν
2811 1745 2868 1794 ἐν
2901 1744 3153 1813 οὐρανοῖς
3180 1746 3463 1816 Δεσπότην
3500 1762 3675 1799 κατα-

2106 1830 2416 1893 σταθέντες,
2444 1829 2489 1883 ὣ
2524 1832 2624 1896 τῆς
2680 1834 2912 1903 φρικτῆς
2942 1835 3035 1887 καὶ
3072 1836 3221 1907 ὑπὲρ
3270 1837 3427 1905 λόγον
3472 1838 3678 1909 δωρεᾶς

437 1948 628 1989 sumus
673 1933 952 1987 constituti
1006 1930 1381 1995 considerare;
1435 1938 1486 1983 et
1512 1929 1637 1997 quia
1672 1942 1770 1997 pro
1818 1927 1994 1981 homi-

2112 1922 2201 1973 καὶ
2248 1921 2584 1991 φιλοτιμίας,
2654 1926 2942 1994 ὀφείλομεν
3003 1928 3238 1998 συντόνῳ
3299 1928 3540 1999 λογισμῷ
3584 1930 3679 2000 τὴν

438 2026 598 2079 nibus
651 2040 836 2079 eorum
890 2039 1010 2093 quae
1052 2024 1113 2077 ‘in
1151 2022 1336 2077 Deum
1394 2031 1752 2092 peccaverunt
1791 2020 2001 2075 veniam

436 2117 807 2187 deposcimus,
842 2119 1010 2170 multo
1041 2116 1213 2185 magis
1240 2115 1519 2167 hominum
1557 2114 1607 2167 in
1648 2113 1878 2167 invicem
1914 2112 2008 2166 de-

440 2210 563 2263 licl’a
616 2208 858 2262 studiose
929 2208 1136 2261 diluere
1216 2218 1377 2277 atque
1423 2222 1564 2275 sa'pe
1612 2221 1642 2260 a
1700 2204 2010 2274 potentibus

438 2299 680 2353 sancitas
728 2313 915 2367 poenas
965 2296 1266 2367 deprecari,
1314 2297 1567 2368 loquendi
1611 2296 1875 2365 siquidem
1940 2293 2006 2348 ad

439 2390 688 2443 homines
725 2388 884 2442 nobis
910 2396 992 2441 est
1039 2388 1232 2440 fiducia
1264 2383 1704 2455 incomparabilis
1751 2392 1803 2436 et
1848 2382 2011 2434 ratio-

438 2482 639 2537 nabilis
686 2480 1039 2550 deprecatio:
1091 2480 1219 2548 quid
1264 2479 1407 2532 enim
1442 2479 1602 2531 homo
1646 2476 1699 2527 in
1733 2474 2007 2528 hominem

437 2573 708 2643 peccans?
760 2587 938 2626 nonne
985 2571 1155 2623 multo
1188 2572 1372 2623 minus
1413 2571 1493 2622 eis
1547 2582 1667 2637 qua:
1722 2567 1774 2620 in
1837 2564 2006 2619 Deum

436 2663 677 2734 quotidie
732 2662 1120 2730 delinquuntur
1168 2668 1220 2714 et
1271 2674 1366 2728 pro
1400 2659 1600 2728 quibus
1648 2657 1834 2711 altaris
1904 2654 2007 2708 mi-

437 2755 593 2810 nisui
630 2761 788 2808 orant
816 2760 870 2808 et
912 2749 1314 2821 deprecantur?
1364 2746 1468 2800 Sed
1519 2746 1675 2813 cujus
1712 2745 1787 2797 rei
1835 2742 2006 2809 gratia

436 2847 524 2901 illa
570 2845 722 2900 dixi?
753 2843 824 2898 Ut
873 2851 963 2893 tua
1015 2840 1259 2908 piissimo
1310 2835 1593 2897 sanctitas,
1645 2832 2005 2899 Bulgarorum

434 2936 611 3007 gentis
658 2933 912 2987 sacerdos
968 2930 1321 2992 constitutus,
1373 2940 1497 2978 cum
1547 2924 1794 2978 libertate
1840 2922 1932 2975 tibi
1974 2936 2005 2975 a

435 3027 638 3099 Spiritu
690 3034 875 3078 sancto
922 3035 1203 3085 concessa,
1255 3017 1551 3088 principem
1604 3028 1869 3081 vestrum,
1924 3015 2007 3068 di-

437 3119 793 3176 lectissimum
831 3129 1011 3168 meum
1047 3114 1167 3168 dico
1198 3112 1391 3176 tilium,
1427 3125 1551 3167 cum
1589 3112 1827 3165 humano
1855 3121 2006 3161 more

437 3214 489 3266 in
516 3211 750 3280 aliquem
788 3206 952 3261 fuerit
984 3205 1320 3276 indignatus,
1354 3202 1513 3255 modo
1542 3209 1765 3271 paterae
1794 3200 2005 3254 cohor-

2108 2010 2286 2076 τάξιν,
2340 2015 2439 2083 ἐφ’
2503 2014 2569 2085 ἣν
2632 2019 2975 2088 κατέστημεν
3014 2022 3237 2076 ἐννοεῖν.
3291 2022 3403 2075 Καὶ
3432 2023 3554 2076 ἐπεὶ
3613 2022 3683 2075 τά

2109 2104 2246 2173 πρὸς
2284 2104 2417 2157 Θεὸν
2456 2107 2896 2177 ἁμαρτανόμενα
2956 2113 3068 2174 τοῖς
3122 2111 3431 2181 ἀνθρώποις
3483 2128 3683 2183 παραι-

2107 2194 2371 2264 τούμεθα,
2425 2196 2602 2267 πολλῷ
2669 2198 2833 2251 πλέον
2885 2199 2952 2252 τὰ
3017 2203 3135 2275 είς⁸
3174 2201 3442 2272 ἀλλήλους
3516 2204 3680 2257 πταξ-
3748 2255 3761 2261 -

2112 2303 2294 2356 σεατα
2323 2286 2431 2339 τῶν
2463 2288 2766 2358 ἀνθρώπων
2791 2288 3025 2343 διαλύειν
3078 2291 3423 2359 σπουδάζειν,
3458 2294 3551 2347 καὶ
3583 2293 3681 2357 τὰς

2111 2379 2370 2440 πολλάκις
2396 2380 2741 2449 ἐπαγομένας
2766 2372 2915 2452 παρᾶ
2946 2381 3055 2434 τῶν
3079 2382 3458 2474 ὑπερελφντων
3481 2402 3680 2457 παραιο

2108 2471 2321 2525 τεῖσθαι
2351 2473 2647 2543 τιμωρίας,
2685 2476 2778 2526 ἂτε
2812 2474 2875 2543 δὴ
2908 2475 3003 2528 καὶ
3031 2471 3365 2549 ἀσυγκρίτου
3398 2480 3533 2548 ἡμῖν
3579 2477 3680 2545 τῆς

2109 2563 2247 2631 πρὸς
2294 2564 2617 2633 ἀνθρώπους
2646 2567 2963 2636 παρρησίας
2991 2567 3369 2639 ὑπαρχούσης,
3400 2569 3497 2622 καὶ
3538 2568 3685 2621 εὐλό-

2109 2670 2210 2722 γου
2243 2656 2650 2725 παραιτήσεως.
2706 2657 2771 2708 Τί
2824 2657 2932 2727 γὰρ
2975 2657 3041 2710 ἂν
3080 2659 3166 2728 εῖη
3220 2658 3508 2729 ἄνθρωπος
3557 2659 3685 2729 ἑξη-

2114 2730 2419 2813 μαρτηκὼξ
2460 2748 2541 2807 είς
2570 2744 2884 2816 ἄνθρωπον,
2924 2747 2952 2800 ὃ
2984 2747 3060 2819 μὴ
3114 2749 3255 2801 κατὰ
3292 2749 3426 2803 πολὺ
3458 2750 3683 2803 ἔλαττον

2112 2834 2483 2904 ἀποφαίνεται
2505 2837 2614 2889 τῶν
2652 2838 2787 2906 πρὸς
2820 2839 2951 2891 Θεὸν
2981 2839 3103 2893 καθ’
3140 2842 3378 2912 ἑκάστην
3432 2842 3685 2911 ἁμαρτα-

2108 2927 2374 2994 νομένων,
2403 2921 2477 2982 ὦν
2503 2929 2552 2980 οί
2577 2929 2654 2999 τῷ
2693 2930 2833 2999 ἁγίῳ
2862 2930 3237 3003 θυσιαστηρίῳ
3291 2935 3686 3004 παριστάμενοι

2064 3058 2075 3066 .
2110 3019 2373 3090 πρέσϐεις
2403 3021 2499 3074 καὶ
2516 3018 2847 3094 παραιτηταὶ
2876 3025 3248 3096 καθεστήκασι
3272 3043 3286 3092 ;
3310 3028 3408 3079 Διὰ
3439 3028 3491 3079 τί
3514 3030 3687 3081 ταῦτα

2107 3107 2299 3177 εἶπον;
2331 3113 2447 3167 ’Ίνα
2496 3115 2648 3183 καὶὴ
2680 3116 2751 3197 σὴγ
2787 3117 3039 3185 θεοφιλὴς
3091 3118 3335 3189 ὁσιότης,
3380 3120 3689 3187 ἱερατεύειν

2110 3202 2352 3273 λαχοῦσα
2374 3203 2466 3256 τοῦ
2486 3204 2814 3275 Βουλγάρων
2840 3207 3047 3271 ἔθνους,
3062 3212 3126 3279 τῇ
3151 3209 3414 3281 δεδομένῃ
3435 3228 3518 3264 σοι
3540 3228 3612 3263 πα
3623 3213 3690 3281 ρὰ

436 3316 596 3363 tans,
656 3301 814 3355 modo
865 3298 1266 3368 archiprtesulis
1319 3309 1471 3349 more
1527 3294 1859 3362 increpans,
1916 3295 2002 3345 in-

2113 3297 2208 3349 τοῦ
2236 3296 2394 3366 ἁγίου
2429 3298 2747 3367 Πνεύματος
2780 3300 3062 3371 παρρησίᾳ
3092 3302 3182 3353 τὸν
3208 3303 3307 3371 τὴν
3329 3302 3503 3373 ἀρχὴν
3539 3303 3689 3371 ὑμῶν

433 3397 803 3465 dignationem
849 3394 1078 3447 edoceas
1106 3391 1246 3444 intra
1278 3388 1541 3442 terminos
1571 3388 1874 3449 c0ntinere,
1923 3386 2007 3441 vel

436 3491 616 3559 potius
664 3484 1001 3539 humanitate
1051 3486 1267 3536 vincere
1298 3519 1313 3545 ,
1377 3491 1540 3547 atque
1591 3479 1850 3533 ultionem
1909 3479 2006 3531 deo

434 3583 684 3651 spicere;
739 3577 936 3647 quippe
993 3577 1085 3644 qui
1152 3576 1291 3629 sciat
1342 3573 1512 3628 cuivis
1569 3571 1777 3625 homini
1841 3571 2010 3624 multo

433 3673 630 3728 melius
647 3679 738 3726 est
767 3670 978 3723 veniam
1009 3668 1307 3723 concedere
1326 3680 1487 3735 quam
1518 3678 1707 3733 poenas
1730 3672 2007 3733 repetere;

432 3768 732 3833 praesertim
782 3778 912 3816 vero
945 3761 1014 3816 iis
1068 3759 1162 3829 qui
1205 3757 1567 3828 principatum
1613 3772 1641 3810 a
1688 3755 1799 3810 Deo
1849 3770 2008 3810 acceo

433 3869 667 3929 perunt,
721 3872 859 3927 quos
910 3870 975 3912 eo
1024 3834 1209 3924 magis
1238 3853 1505 3924 gloriosos
1561 3863 1614 3905 et
1661 3849 2007 3904 admirandos

435 3945 564 3999 facit
596 3944 972 3999 misericordia
1013 3943 1157 4013 quod
1216 3940 1515 3996 ulciscendi
1550 3947 1874 4009 potestatem
1912 3937 2008 3992 Ita-

432 4038 644 4101 bentes,
678 4036 872 4090 ultioni
900 4033 1351 4097 misericordiam
1354 4031 1717 4108 praetulerint.

2118 3390 2477 3458 κεκτημένον,
2522 3389 2664 3459 φημὶ
2702 3388 2766 3459 δὴ
2791 3390 2853 3441 τὸ
2896 3392 3250 3460 ἠγαπημένον
3286 3392 3440 3463 ἡμῶν
3480 3393 3685 3453 τέκνον,

2114 3479 2333 3533 ἐπειδὰν
2373 3475 2459 3532 οία
2498 3481 2566 3533 τὰ
2605 3481 2923 3550 ἀνθρώπινα
2974 3483 3108 3551 πρὸς
3148 3483 3524 3553 ἀγανάκτησίν
3550 3500 3691 3544 τινος

2115 3572 2392 3644 ὲξαχθείη,
2438 3573 2594 3626 τοῦτο
2638 3576 2737 3644 μὲν
2770 3575 3054 3645 πατρικῶς
3104 3576 3406 3648 παραινῶν,
3447 3575 3605 3629 τοῦτο
3631 3577 3688 3629 δὲ

2112 3666 2629 3748 καὶνάρχιερατικῶς
2649 3668 3190 3739 παρρησιαζόμενος,
3213 3670 3573 3741 ἀναδιεάσκῃς
3596 3670 3692 3738 μέ-

2116 3776 2223 3829 τρα
2254 3759 2449 3812 είδέναι
2477 3761 2576 3829 τῆς
2618 3762 3067 3834 ἀγανακτήσεως,
3104 3764 3384 3833 μᾶλλονδὲ
3423 3765 3492 3818 τὰ
3525 3764 3693 3817 πολλὰ

2117 3851 2273 3919 νικᾷν
2290 3848 2367 3920 τῷ
2391 3845 2759 3923 φιλανθρώπῳ
2780 3854 2879 3924 τὴν
2900 3856 3295 3926 ἀγανάκτησιν,
3323 3855 3420 3909 καὶ
3442 3872 3517 3908 πα
3526 3852 3692 3926 ρορᾷν

2115 3940 2215 4012 τὴν
2233 3942 2524 4013 τιμωρίαν,
2541 3944 2614 4007 ὡς
2638 3945 2817 3999 εἰδότα
2851 3946 2935 3999 ὅτι
2966 3947 3128 3999 παντὶ
3148 3948 3248 4015 μὲν
3268 3945 3538 4018 ἀνθρώπῳ
3556 3945 3693 3999 κατὰ
3722 4008 3729 4015 _

2118 4033 2254 4085 πολὺ
2288 4035 2538 4104 κρεῖττόν
2576 4039 2691 4090 ἐστι
2738 4038 2834 4091 τοῦ
2886 4040 3070 4093 λαϐεῖν
3110 4040 3383 4111 τιμωρίαν
3414 4041 3477 4093 τὸ
3512 4038 3695 4094 δοῦναι

435 4132 793 4202 συγγνώμην,
832 4129 1068 4200 μάλιστα
1102 4126 1160 4180 δὲ
1197 4128 1310 4191 τοῖς
1373 4123 1550 4195 ἀρχὴν
1579 4126 1674 4177 καὶ
1708 4122 1958 4190 ἐξουσίαν
2002 4123 2251 4196 εἰληφόσι
2284 4128 2435 4197 παρὰ
2460 4127 2621 4195 ⁶Ξεοῦ,
2678 4130 2769 4194 οὓς
2808 4130 3063 4185 τοσοῦτον
3120 4132 3412 4203 ἀποφαίνει
3484 4133 3697 4204 θαυμα-

442 4230 603 4291 στοὺς
657 4226 754 4282 καὶ
790 4224 1002 4294 τιμίους
1050 4223 1111 4277 τὸ
1167 4222 1633 4293 σογγνωμονικδν,
1672 4220 1818 4286 ὅσον,
1863 4219 2112 4284 ἐξουσίαν
2152 4220 2366 4292 ἔχοντες
2395 4223 2643 4291 κολάσαι,
2708 4225 2806 4296 τὴν
2846 4227 3177 4297 συγγνώμην
3226 4228 3558 4297 προέκριναν
3597 4224 3697 4295 τῆξ

437 4323 731 4385 κολάσεως.

506 4417 717 4483 Quibus
766 4415 960 4477 dictis,
1005 4428 1122 4481 age,
1180 4411 1524 4465 occasionem
1583 4420 1801 4486 propter
1853 4424 2012 4479 quam

2190 4408 2328 4461 Ἀλλ’
2362 4409 2482 4461 ἐπεὶ
2512 4408 2683 4481 ταῦτα
2719 4409 3141 4482 ὑπεμνήσαμεν,
3194 4412 3325 4483 φέρε
3364 4411 3696 4483 δηλώτωμεν

436 4507 722 4576 epistolam
754 4503 1125 4566 exaravimus,
1161 4514 1308 4553 nunc
1362 4499 1799 4568 patefaciamus;
1851 4501 2006 4555 homo

2120 4501 2214 4555 καὶ
2243 4499 2341 4571 τὴν
2388 4499 2653 4555 ὑπόθεσιν
2706 4500 2775 4552 δι’
2813 4502 2880 4571 ἢν
2942 4503 3001 4554 τὸ
3038 4504 3275 4573 γράμμα
3316 4502 3692 4558 διατυποῦται.

440 4597 664 4667 quidam
696 4595 763 4647 ad
795 4593 1199 4648 sanctissimam
1232 4605 1474 4646 nostram
1521 4591 1768 4662 confugit
1819 4591 2009 4647 Eccle-

439 4692 599 4751 siatn,
645 4685 761 4754 qui,
792 4694 850 4739 ut
872 4685 1027 4749 dixit,
1075 4698 1252 4753 neque
1297 4682 1650 4753 Bulgarorum
1697 4685 1871 4753 gentis
1901 4694 2009 4749 εει,

328 4800 337 4808 ’
440 4794 618 4849 neque
649 4776 1007 4846 Bulgarorum
1036 4775 1360 4846 cujusquam
1397 4786 1743 4844 nuncupatus
1775 4790 1968 4831 servus
1994 4792 2008 4840 ;

441 4886 588 4928 nunc
680 4878 862 4925 autem
931 4878 1192 4938 tanquam
1253 4866 1516 4937 profugus
1569 4882 1757 4923 servus
1831 4866 2014 4936 inqui-

439 4967 623 5021 situs:
658 4964 803 5018 hunc
878 4961 945 5016 ad
995 4960 1255 5029 templum
1330 4958 1424 5014 Dei
1476 4974 1602 5014 cum
1648 4958 2011 5029 confugisset,

441 5064 708 5112 venerunt
739 5054 956 5123 quidam
993 5054 1048 5107 in
1094 5054 1339 5122 gratiam
1357 5051 1618 5122 principis
1652 5066 1683 5104 a
1726 5050 1835 5105 Deo
1884 5065 2015 5106 con-

441 5149 641 5212 stituti,
693 5146 934 5201 volentes
979 5162 1009 5199 a
1067 5146 1268 5215 templo
1315 5146 1562 5215 eripere,
1637 5143 1838 5213 quibus
1910 5158 2011 5197 nos

444 5234 642 5305 injuria
692 5236 1053 5292 aﬂicientibus
1095 5237 1340 5305 dureque
1389 5236 1442 5288 in
1499 5250 1597 5289 nos
1644 5235 1875 5289 invectis
1915 5249 2016 5288 no-

444 5327 648 5382 luimus
725 5331 1108 5399 acquiescere,
1175 5342 1351 5397 neque
1409 5327 1620 5379 veniam
1706 5342 1737 5379 a
1812 5326 2015 5395 templo

444 5418 765 5472 extrahendi
820 5408 1083 5490 supplicis
1146 5419 1276 5472 dare
1339 5418 1513 5472 donec
1569 5418 1693 5471 data
1754 5419 2015 5471 certiora-

448 5506 771 5560 tiotte-eum
828 5512 962 5564 nihil
1006 5510 1130 5563 mali
1160 5525 1188 5563 a
1236 5509 1478 5579 principe
1524 5525 1645 5566 esse
1697 5525 2012 5580 passurum,

400 5616 476 5671 ,α
529 5599 872 5655 sanctissimo
932 5602 1103 5657 altare
1173 5601 1554 5668 abstulerunt,
1628 5602 2017 5658 attestantibus

449 5710 549 5749 nos
580 5692 761 5747 multis
805 5693 978 5747 verbis
1008 5692 1175 5748 Deum
1209 5704 1369 5764 atque
1403 5704 1650 5750 sanctum
1699 5694 2017 5763 propitiato-

2124 4592 2446 4662 Ἄνθρωπός
2468 4610 2550 4655 τις
2583 4592 2969 4662 προσπέφευγε
2988 4597 3051 4664 τῇ
3088 4594 3211 4647 καθ’
3239 4596 3386 4665 ἡμᾶς
3417 4595 3693 4668 ἁγιωτάτῃ

2120 4683 2441 4754 Ἐκκλησία,
2472 4682 2545 4747 ὣς
2577 4700 2766 4756 φησιν,
2790 4682 2915 4735 οὗτε
2948 4685 3042 4737 τοῦ
3064 4684 3387 4755 Βουλγάρων
3410 4687 3696 4756 τυγχάνων

2122 4776 2336 4843 γένους,
2354 4775 2478 4828 οὔτε
2495 4776 2637 4839 τινὸς
2656 4778 2765 4830 τῶν
2793 4779 2852 4831 ὲν
2872 4778 3178 4849 Βουλγαρίᾳ
3200 4779 3549 4849 χρηματίσας
3564 4781 3701 4833 οίκὲ·

2123 4884 2245 4937 της,
2266 4867 2361 4921 καὶ
2384 4867 2478 4922 νῦν
2496 4869 2571 4932 ώς
2586 4869 2861 4941 δραπέτης
2877 4871 3093 4940 οἰκέτης
3108 4871 3370 4942 ὲπιζητού
3379 4887 3555 4945 μενος’
3572 4871 3695 4923 τοῦ·

2116 4974 2215 5011 «τον
2233 4960 2617 5029 προσφυγόντα
2635 4959 2709 5029 τῷ
2729 4961 2859 5031 ἱερῷ
2871 4962 2966 5014 τοῦ
2983 4961 3118 5014 Θεοῦ
3168 4964 3305 5034 πρὸς
3331 4964 3489 5034 χάριν
3512 4962 3605 5014 τοῦ
3632 4963 3694 5012 ἐκ

2122 5050 2261 5104 Θεοῦ
2284 5050 2544 5121 ἄρχοντος
2573 5046 2723 5123 ἧκον
2746 5053 3068 5106 ἀποσπάσαι
3097 5053 3411 5125 βουλόμενοι
3434 5051 3524 5104 τοῦ
3542 5047 3688 5111 ναοῦ,

2117 5136 2199 5204 οἷς
2219 5143 2377 5212 ἡμεῖς
2402 5142 2723 5214 πολλὰδχαλε
2732 5144 2986 5198 παίνουσι
3007 5146 3102 5199 καὶ
3121 5147 3369 5217 σκληρῶς
3389 5154 3691 5212 προσφερο-

2115 5234 2299 5304 μένοις
2344 5236 2637 5306 πεισθῆναι
2680 5237 2780 5290 οὐκ
2816 5238 3178 5310 ἐϐουλόμεθα,
3213 5236 3335 5289 οὐδὲ
3380 5231 3686 5302 συγχωρεῖν

2109 5314 2539 5382 ἀποσπάσαιτοῦ
2566 5328 2690 5381 ναοῦ
2713 5329 2805 5383 τὸν
2834 5330 3042 5399 ἱκέτην,
3066 5329 3168 5387 ἕως
3187 5320 3277 5391 εὖ,
3313 5321 3690 5393 πληροφορίαν

2111 5419 2494 5489 παρασχόντες
2551 5419 2626 5483 ώς
2655 5419 2807 5473 οὐδὲν
2841 5421 3088 5473 πείσεται
3114 5416 3286 5468 δεινὸν
3320 5415 3468 5483 παρὰ
3494 5412 3588 5466 τοῦ
3622 5413 3687 5464 ἐκ

2076 5510 2247 5567 νΘεοῦ
2282 5511 2564 5581 ἄρχοντος,
2600 5512 2696 5566 τοῦ
2738 5511 3005 5579 παναγίου
3057 5506 3249 5560 ἔλαϐον
3295 5505 3685 5576 θυσιαστηρίου

2108 5603 2282 5655 πολλὰ
2348 5603 2438 5655 καὶ
2483 5602 2619 5658 Θεδν
2673 5598 3204 5674 ἑπιμαρτυρομένων
3254 5598 3435 5670 ἡμῶν,
3494 5598 3586 5651 καὶ
3626 5598 3687 5649 τὸ

2109 5697 2261 5762 ἅγιον
2297 5695 2629 5764 ἱλαστήριον,
2663 5696 2758 5760 ὡς,
2792 5698 2838 5746 εί
2869 5695 3036 5747 κακόν
3080 5710 3133 5747 τι
3167 5693 3475 5758 ἀπαντήσει
3507 5689 3680 5757 αὐτῷ,
