3996 6208
280 317 357 379 85
758 358 775 364 -
1706 306 2115 369 ΕΡΙΞΤΟΙΛΞ.
3481 300 3553 363 45

280 430 351 483 οὐ
388 427 465 499 μὴ
490 428 782 498 ἀνήσωμεν
812 426 913 489 ἕως
944 424 1008 480 ἂν
1049 425 1107 477 ὲν
1139 423 1273 489 ζῶσι
1306 420 1693 492 στρεφὼμεθα,
1722 420 1859 475 ἀλλὰ

1983 419 2133 481 'ium,
2167 417 2208 471 si
2239 415 2364 486 quid
2411 414 2536 469 mali
2570 415 2616 468 ei
2646 415 2946 478 adienerit,
2992 429 3270 483 nunquam
3306 427 3406 468 nos
3435 428 3559 470 esse

282 521 383 572 atat
408 521 555 588 μετὰ
604 516 702 587 τὴν
743 518 807 568 ὲκ
831 516 927 570 τοῦ
970 514 1086 585 βίου
1115 512 1461 581 ἀπαλλαγὴν,
1518 512 1568 563 εῐ
1618 528 1703 573 τις
1738 511 1873 579 ήμῖν

210 632 215 641 λ
284 610 532 681 ἀχρείοις
584 604 707 662 οὖσι
753 606 1130 677 παρασχεθεὺι
1172 605 1335 666 τόπος
1391 601 1681 665 ἐντεύξεως
1736 601 1873 671 πρὸς

282 703 444 764 Θεὸν.
500 702 643 755 κατά
680 698 775 753 τοῦ
823 698 1081 768 ῦὸριστοῦ
1131 695 1226 749 τοῦ
1276 696 1433 763 ἁγίου
1484 694 1872 762 θυσιαστηρίου

281 793 388 857 τὰς
418 792 688 855 ἐντεύξεις
725 791 997 843 ποιεῖσθαι
1028 790 1124 841 καὶ
1177 789 1276 855 τῆς
1334 785 1528 839 τούτου
1575 785 1868 854 τιμωρίας.

286 885 515 945 Πάντως
548 884 607 936 δὲ
631 882 790 953 δῆλός
828 884 976 934 ἐστιν
1017 883 1045 933 ὁ
1079 880 1341 950 ῦὸριστής
1369 893 1382 907 ·
1413 877 1590 940 οὐδεὶς
1620 876 1729 946 γάρ
1756 876 1874 929 ’ἐτε-

287 993 386 1047 ρος
420 975 455 1044 ἢ
484 978 511 1027 ὀ
539 976 639 1043 τὴν
674 973 896 1027 κόλασιν
949 972 1043 1025 καὶ⁵
1090 970 1187 1041 τὴν
1241 968 1515 1040 τιμωρίαν
1576 970 1873 1035 ἐπενέγκαι
1914 1030 1919 1033 _

283 1068 602 1136 τολμήσων,
632 1065 769 1135 ὅπερ
795 1062 875 1133 μὴ
911 1063 1029 1133 δοίη
1059 1062 1191 1124 Θεὸς
1234 1061 1311 1132 τῷ
1337 1063 1402 1114 ἐκ
1443 1059 1538 1113 τοῦ
1572 1060 1699 1113 ναοῦ
1733 1060 1875 1129 ληφ-

286 1157 438 1211 θέντι
462 1155 754 1226 ἀνθρώπῳ.
797 1157 860 1208 Oi
905 1155 1003 1226 μὲν
1030 1156 1136 1226 γὰρ
1167 1156 1456 1218 πείσαντες
1487 1156 1635 1225 ήμᾶς
1669 1154 1875 1221 ὲξαγαυ

284 1249 408 1317 γεῖν
446 1247 610 1299 αὑτὸν
670 1247 771 1299 ούκ
816 1247 884 1300 ἂν
976 1248 1165 1315 εἴησαν
1224 1246 1500 1315 ὑϐρισταὶ,
1569 1245 1703 1297 διότι
1755 1242 1879 1313 μηδ’

286 1339 448 1393 αὐτοὶ
477 1339 718 1407 γίνονται
751 1338 1004 1409 τιμωροὶ,
1039 1337 1173 1391 ἀλλά
1212 1336 1409 1407 μᾶλλον
1432 1331 1875 1407 χαριζόμενοιτῷ

286 1434 357 1485 ὲκ
389 1431 523 1483 Θεοῦ
540 1432 764 1501 ἄρχοντι
796 1430 891 1500 τὴν
913 1430 1171 1499 τοιαύτην
1188 1428 1584 1482 κατεϐάλλοντο
1612 1425 1872 1495 σπουδὴν,

288 1526 385 1576 καὶ
412 1522 551 1586 ἄξιοι
582 1502 937 1593 χαριζόμενοι
984 1520 1059 1581 ὡς
1093 1520 1229 1589 φίλῳ
1256 1520 1441 1588 τυχεῖν
1461 1519 1689 1589 Δχάριτος
1726 1516 1875 1585 φιλι-

286 1618 414 1686 κῆς,
469 1613 583 1668 ἀλλ’
634 1614 754 1684 οὐχὶ
784 1613 874 1665 διά
905 1612 1005 1682 τῆς
1045 1612 1254 1665 ἐκείνου
1314 1615 1392 1674 είς
1439 1611 1531 1663 τὸν
1586 1610 1876 1678 ἄνθρωπον

282 1706 561 1776 τιμωρίας
588 1704 763 1774 ἔνοχοι
794 1703 1173 1772 κατακρίσεως
1200 1702 1452 1771 ὀφθῆναι,
1477 1694 1559 1763 οἷς
1582 1716 1642 1751 τε
1699 1699 1876 1767 παρέ-

285 1813 489 1849 πεισαν
520 1796 688 1865 ἡμᾶς,
720 1780 813 1848 καὶ
848 1789 931 1857 οἷς
962 1795 1055 1846 τὸν
1094 1811 1133 1846 π
1144 1793 1556 1864 ροσπεφευγότα
1585 1788 1663 1860 τῷ
1693 1790 1881 1842 θυσια-

287 1885 507 1956 στηρίῳ
542 1885 793 1948 λαϐόντες
826 1883 1155 1937 ἀπέστειλαν
1182 1882 1320 1952 πρὸς
1370 1880 1556 1935 αὐτόν.

364 1975 514 2042 Ἐγὼ
544 1975 619 2040 δὲ,
660 1975 712 2026 εί
735 1974 814 2036 τίς
844 1974 962 2026 ἐστι
998 1974 1159 2042 νοερὰ
1184 1971 1431 2032 διάὸασις
1460 1970 1552 2021 καὶ
1606 1965 1877 2038 παρουσία

284 2067 470 2137 ψυχῆς
523 2066 616 2117 καὶ
657 2064 852 2126 ἔνωσις
897 2062 1191 2133 ἀνθρώπου
1222 2061 1359 2131 πρὸς
1408 2057 1753 2130 ἀνθρώπους,
1782 2059 1877 2110 καὶ

284 2158 449 2212 τοῦτό
480 2173 561 2209 σοι
590 2156 791 2226 γράφω
821 2155 899 2224 τῷ
930 2154 1238 2224 θεοτιμήτῳ
1272 2150 1434 2224 ήμῶν
1466 2153 1561 2203 καὶ
1601 2150 1877 2218 φιλαρέτῳ

288 2252 464 2317 τέκνῳ
495 2250 837 2320 προσειπεῖν,
871 2248 1059 2300 τέκνον
1083 2246 1238 2316 ἐμὸν,
1272 2245 1434 2297 αὐτόν
1459 2260 1527 2313 με
1558 2242 1743 2312 νόμιζε
1764 2243 1877 2303 τοῖς

289 2344 406 2405 σοῖς
437 2343 572 2411 ὁρᾷν
600 2340 923 2409 ὀφθαλμοῖς,
956 2338 1049 2391 καὶ
1080 2337 1171 2390 τὸν
1194 2328 1478 2407 ἄνθρωπον
1512 2336 1577 2404 τῇ
1606 2335 1713 2404 ἐμῇ
1734 2331 1878 2402 χειρὶ

286 2438 354 2486 ἐκ
408 2432 501 2485 τοῦ
528 2431 917 2502 θυσιαστηρίου
947 2429 1285 2498 ἐξαγαγόντα
1310 2429 1376 2498 τῇ
1427 2430 1494 2497 σῇ
1526 2427 1671 2495 χειρὶ
1701 2441 1879 2495 παρα-

289 2526 563 2579 τίθεσθαι.
623 2524 828 2593 Μηδείς
888 2539 947 2575 σε
981 2521 1321 2591 παραπείσῃ,
1366 2521 1441 2589 μὴ
1505 2517 1873 2588 παραλογὶσῃ,

211 2661 219 2667 .
289 2620 436 2690 μήτε
475 2617 565 2669 τὸν
587 2618 643 2669 ὲν
665 2617 741 2686 τῷ
774 2615 914 2685 ἁγίῳ
954 2613 1311 2666 κατοικοῦντα
1338 2611 1469 2680 ναῷ,
1496 2609 1553 2672 ὃς
1593 2609 1684 2661 τὸν
1710 2611 1878 2677 οὐρα-

283 2715 383 2764 νὸν
429 2708 627 2779 πληροῖ
655 2709 745 2761 καὶ
788 2707 884 2779 τὴν
915 2707 1040 2775 γῆν,
1072 2706 1215 2774 μήτε
1250 2704 1339 2755 τὸν
1371 2704 1589 2771 ἀχρεῖον
1619 2699 1712 2753 τοῦ
1745 2698 1875 2750 ναοῦ

286 2804 466 2873 ἱερέα,
510 2801 647 2871 μηδέ
684 2818 736 2852 τι
772 2799 989 2869 πράξῃς
1023 2794 1247 2864 ἀνιαρὸν
1302 2795 1383 2855 είς
1422 2792 1513 2844 τὸν
1546 2790 1677 2860 παρ’
1718 2789 1874 2860 ἡμῶν

283 2900 355 2949 ἐκ
380 2896 475 2947 τοῦ
512 2892 657 2963 ἱεροῦ
685 2891 812 2945 ναοῦ
838 2889 1262 2958 ὲξενηνεγμένον
1288 2884 1382 2938 καί
1417 2901 1501 2937 σοι
1525 2898 1869 2954 παραπεμφ·

283 2988 473 3041 θέντα.
512 2982 976 3055 Προμαρτύρομαί
1004 2998 1085 3034 σοι
1124 2980 1197 3043 ὼς
1238 2978 1361 3048 οὐχ).
1380 2975 1474 3029 τοῦ
1510 2974 1647 3029 Θεοῦ
1683 2977 1717 3046 ἡ
1746 2975 1872 3045 δίκη

282 3077 567 3143 νυστὰξει,
596 3076 732 3129 ἀλλά
761 3074 939 3143 πολλῴ
989 3072 1299 3143 βαρυτέραν
1331 3069 1629 3139 ἀπαιτήσει
1666 3068 1762 3135 τὴν
1796 3066 1875 3118 δί-

283 3189 420 3240 κην,
445 3165 509 3239 ἧς
541 3169 604 3221 ἀν
634 3167 795 3229 αὐτὸς
826 3165 1093 3235 ἐπιθήσῃς
1121 3164 1196 3232 τῷ
1211 3159 1546 3230 ταλαιπώρῳ
1576 3159 1672 3213 ἀνθ
1682 3159 1872 3229 ρώπιρ”

284 3265 389 3318 καὶ
420 3263 579 3315 τοῦτο
610 3260 667 3312 δὲ
710 3262 775 3329 τῇ
814 3260 881 3327 σῇ
928 3252 1310 3335 ἀρχιερωσύνη
1342 3252 1416 3323 μὴ
1456 3250 1699 3319 γινέσθω
1745 3250 1878 3301 ὑπο-

288 3357 459 3428 στολὴ
485 3355 805 3424 προσειπεῖν
832 3349 1001 3419 αὐτῷ,
1033 3350 1114 3402 ὅτι
1131 3346 1205 3418 μὴ
1226 3346 1369 3415 μέγα
1400 3344 1460 3397 τὸ
1486 3343 1715 3407 ἀνελεῖν,
1743 3342 1877 3412 μηδὲ

283 3432 350 3501 ’ὦ
375 3444 742 3518 τιμωρεῖσθαι
774 3460 790 3475 ο
853 3442 1012 3494 τοῦτο
1052 3440 1161 3509 γὰρ
1199 3440 1296 3489 καὶ
1333 3435 1429 3488 τοῦ
1477 3434 1750 3504 τυχόντος·
1783 3432 1880 3503 λῃ-

288 3542 421 3595 σταὶ
450 3541 559 3608 γάρ
592 3538 689 3590 καὶ
763 3532 1194 3589 καταποντισταὶ
1256 3528 1432 3583 καὶτὸ
1495 3526 1625 3580 ἄλλο
1684 3526 1879 3596 μυρίον

285 3634 402 3685 τῶν
440 3629 768 3698 κακούργων
834 3626 1011 3694 γένος,
1055 3622 1105 3674 εί
1155 3619 1335 3690 βούλει
1360 3618 1415 3671 δὲ
1462 3619 1557 3670 καὶ
1604 3616 1760 3685 ὄφεις
1784 3615 1877 3667 καὶ

286 3725 450 3777 λύκοι
474 3726 567 3776 καί
601 3722 794 3792 ἀρκτοι
831 3719 923 3773 καὶ
953 3717 1188 3777 λέοντες,
1227 3711 1324 3765 καὶ
1349 3709 1418 3763 τὰ
1458 3709 1594 3762 ἄλλα
1626 3709 1878 3778 ἀνήμερα

288 3814 408 3879 ζῶα
438 3813 640 3866 δυνατά
684 3812 764 3873 είς
786 3809 846 3862 τὸ
873 3807 1081 3861 ἀνελεῖν
1110 3805 1204 3858 καὶ
1252 3804 1444 3856 λυπεῖν
1479 3800 1540 3852 τὸ
1599 3797 1879 3868 ἀνθρώπι-

287 3924 404 3961 νον.
440 3905 581 3958 Ἀλλ’
616 3906 795 3957 έκεῖνο
827 3902 969 3970 μέγα
1000 3899 1074 3960 ὡς
1111 3895 1324 3966 ἀληθῶς
1354 3894 1416 3947 τδ
1467 3892 1764 3964 εὐεργέτην
1783 3891 1880 3960 ὀφ-

289 3999 482 4068 θῆναι,
523 3997 581 4050 τὸ
622 3995 801 4065 ψυχὴν
829 3990 1283 4061 παρασφαλεῖσαν
1317 3982 1871 4055 ἐπανορθώσασθαιεῆ

287 4090 693 4159 κεκακωμένην
729 4086 984 4139 ἰάσασθαι
1019 4096 1033 4111 ⁸
1068 4081 1165 4134 καὶ
1199 4079 1389 4133 τούτου
1425 4080 1532 4146 χρὴ
1559 4076 1737 4127 πάντα
1771 4074 1873 4143 μὲν

284 4182 390 4236 τὸν
465 4183 540 4250 μὴ
589 4176 885 4247 ἀγνοοῦντα
947 4173 1029 4224 ὃτι
1091 4172 1214 4249 κατ’
1245 4169 1431 4221 εἰκόνα
1457 4164 1744 4234 τετίμηται
1781 4160 1876 4212 τοῦ

286 4270 436 4325 Θεοῦ
496 4270 752 4339 φροντίδα
775 4266 1077 4329 ποιεῖσθαι,
1112 4261 1346 4332 μάλιστα
1384 4258 1439 4310 δὲ
1469 4256 1593 4318 τοὺς
1619 4255 1678 4306 οὑ
1714 4252 1877 4324 μόνον

283 4367 357 4417 ἐκ
383 4363 485 4432 τῆς
518 4363 789 4427 πλάσεως,
829 4357 964 4411 ἀλλά
999 4354 1211 4427 καὶγδιὰ
1241 4352 1337 4406 τοῦ
1368 4351 1556 4421 ἄρχειν
1602 4346 1713 4399 τῶν
1743 4349 1875 4414 ὀμο-

1976 523 2309 573 cessaturos,
2345 510 2585 579 quandiu
2631 508 2686 561 in
2720 508 2879 562 terris
2909 507 3191 576 degcmus,
3237 522 3411 575 neque
3442 506 3562 576 pari

1977 605 2102 658 vita:
2130 604 2312 666 linem,
2334 604 2379 656 si
2406 602 2530 669 quis
2553 601 2731 664 nobis,
2754 600 2857 655 etsi
2883 599 3189 661 inutilibus,
3214 600 3370 652 detur
3392 599 3564 652 inter-

1979 696 2287 766 pellationis
2313 694 2379 748 ad
2409 694 2583 748 Deum
2609 694 2782 758 locus,
2809 703 3000 748 contra
3047 692 3188 746 sacri
3237 692 3421 745 altaris
3448 692 3563 746 ι·ἰο-

1978 786 2201 840 latorem
2239 796 2291 839 et
2327 800 2424 853 pro
2476 786 2595 853 ejus
2646 785 2850 839 ultione
2902 798 3089 853 preces
3141 783 3208 835 ad
3268 783 3435 836 Deum
3474 783 3565 836 de-

1980 880 2156 942 ferre;
2220 878 2381 946 plane
2442 886 2623 930 autem
2683 875 3007 929 manifestus
3063 876 3292 928 violator
3342 894 3354 928 :
3404 891 3566 928 nemo

1980 969 2250 1039 siquidem
2286 970 2428 1023 alius
2468 968 2574 1023 nisi
2599 968 2690 1038 qui
2736 983 2928 1037 poenas
2965 976 3019 1020 et
3068 967 3329 1020 ultionem
3361 967 3567 1021 consti-

1979 1063 2134 1110 tuere
2185 1056 2442 1119 audebit,
2496 1058 2640 1125 quod
2697 1064 2909 1110 avertat
2959 1054 3102 1110 Deus
3146 1055 3216 1109 ab
3256 1056 3347 1109 illo
3392 1057 3484 1126 qui
3533 1072 3565 1109 a

1988 1147 2189 1215 templo
2224 1146 2327 1200 fuit
2368 1156 2624 1216 ereptus;
2678 1146 2770 1216 qui
2817 1156 2997 1199 autem
3038 1162 3137 1200 nos
3173 1156 3565 1215 persuaserunt

1981 1240 2046 1294 de
2074 1240 2397 1295 abducendo
2442 1240 2556 1301 illo,
2589 1257 2695 1294 non
2732 1252 2916 1295 essent
2959 1240 3276 1304 violatores,
3324 1241 3415 1311 qui
3449 1256 3561 1295 non

1981 1331 2202 1402 ipsimet
2251 1348 2441 1401 ρωπος
2497 1333 2806 1397 intulerint,
2852 1335 2946 1388 sed
2996 1334 3180 1404 potius
3231 1334 3284 1389 in
3331 1334 3565 1405 gratiam

1979 1422 2240 1493 principis
2305 1424 2616 1479 istiusmodi
2666 1426 2904 1479 studium
2955 1426 3301 1480 exhibuerint
3333 1436 3387 1481 et
3419 1427 3565 1495 digni

1983 1512 2187 1567 fuerint
2221 1515 2338 1583 qui,
2393 1514 2494 1569 hac
2543 1517 2717 1583 gratia
2775 1525 3030 1585 tanquam
3070 1517 3249 1572 amico
3301 1518 3565 1587 pra-stlta.

1981 1606 2143 1660 amici
2179 1608 2408 1676 gratiam
2448 1618 2943 1675 consequerentur,
2984 1625 3091 1663 non
3127 1620 3306 1663 autem
3345 1620 3567 1680 propter

1985 1712 2174 1766 prenas
2209 1699 2277 1752 ab
2311 1714 2376 1752 eo
2408 1701 2486 1770 de;
2516 1699 2608 1753 illo
2648 1701 2868 1753 homine
2914 1712 3182 1768 sumptas,
3230 1702 3567 1755 condemna-

1916 1782 1955 1835 Β
1985 1790 2152 1843 tionis
2178 1790 2254 1843 rei
2299 1792 2489 1845 fierent
2528 1805 2593 1844 eo
2625 1791 2767 1859 quod
2811 1806 2909 1845 nos
2948 1791 3278 1860 deceperint,
3314 1801 3405 1845 aut
3440 1808 3565 1846 eum

1981 1881 2072 1951 qui
2107 1881 2175 1935 ad
2208 1882 2273 1935 ad
2299 1882 2472 1936 altare
2495 1882 2838 1952 confugerat,
2869 1883 2935 1935 ad
2975 1883 3125 1936 illum
3166 1884 3439 1937 miserint.

2053 1973 2165 2044 Ego
2203 1990 2355 2039 vero,
2401 1978 2445 2030 si
2472 1977 2598 2047 quis
2632 1986 2718 2030 est
2772 1976 3160 2031 intellectualis
3221 1978 3485 2034 transitus
3514 1988 3568 2034 et

1981 2068 2273 2136 prae-entia
2316 2068 2518 2121 animae
2551 2078 2602 2120 et
2635 2083 2835 2123 sensus
2870 2069 3111 2123 hominis
3159 2070 3226 2124 ad
3288 2070 3566 2126 hominem

1981 2157 2033 2210 id
2064 2159 2130 2211 ad
2166 2169 2216 2212 te
2249 2158 2435 2213 scribo
2476 2160 2786 2214 venerando
2820 2169 2873 2215 et
2900 2160 3112 2214 virtutis
3144 2160 3348 2213 amanti
3382 2171 3568 2213 nostro

1978 2247 2093 2302 filio
2126 2250 2441 2313 dicendum,
2474 2250 2547 2303 ﬁli
2586 2252 2682 2317 mi,
2739 2252 3009 2320 meipsum
3048 2261 3178 2319 puta
3232 2252 3338 2304 tuis
3391 2251 3567 2305 oeulis

1981 2356 2204 2395 cernere
2238 2341 2514 2395 hominem
2564 2342 2715 2395 illum
2778 2358 2941 2396 manu
2989 2358 3109 2396 mea
3140 2360 3170 2397 e
3198 2343 3403 2411 templo
3435 2342 3569 2396 edu-

1980 2442 2191 2485 centeni
2255 2442 2310 2486 ct
2365 2433 2417 2485 in
2475 2449 2668 2486 manus
2758 2444 2880 2487 tuas
2967 2434 3209 2489 dantem.
3285 2432 3455 2489 Nemo
3515 2444 3568 2487 te

1980 2525 2218 2593 decipiat
2302 2538 2478 2593 neque
2556 2526 2896 2593 argumentis
2981 2524 3153 2585 fallat.
3229 2524 3321 2579 sed
3376 2524 3568 2578 necin

1980 2629 2141 2666 sacro
2179 2614 2377 2680 templo
2430 2596 3010 2682 criminor-autent,qui
3067 2615 3266 2668 caelum
3338 2625 3569 2669 terram-

1980 2720 2086 2772 que
2115 2705 2368 2772 complet,
2462 2719 2563 2755 nec
2627 2705 2873 2756 inutilem
2952 2706 3136 2773 templi
3186 2708 3567 2773 sacerdotem,

1980 2795 2115 2847 nihil
2154 2809 2376 2861 quoque
2413 2793 2630 2848 scelesti
2692 2795 2950 2848 admittas
3020 2806 3208 2849 contra
3298 2812 3423 2850 eum
3476 2814 3569 2871 qui

1978 2900 2007 2938 e
2043 2884 2244 2952 templo
2297 2894 2380 2938 est
2449 2884 2677 2938 eductus
2722 2892 2777 2937 et
2813 2886 2877 2938 ad
2931 2895 2980 2939 te
3035 2887 3285 2952 ntiswtts;
3337 2895 3569 2943 attestor

1977 2978 2122 3030 enim
2166 2976 2260 3030 ttbi
2279 2977 2404 3045 quia
2441 2975 2533 3031 Dei
2568 2976 2803 3030 vindicta
2841 2994 2948 3031 non
2984 2976 3240 3044 dormiet,
3272 2981 3362 3032 sed
3399 2980 3573 3034 multo

1981 3067 2289 3139 gratiorem
2329 3069 2703 3137 expostulabit
2742 3068 3001 3123 ultionem
3058 3084 3120 3123 ca
3169 3087 3332 3139 quam
3366 3071 3571 3126 infelici

1984 3158 2531 3227 howiniimpoueres
2563 3175 2577 3223 ;
2614 3176 2678 3213 ne
2733 3168 2912 3213 autem
2983 3161 3167 3214 timeat
3217 3175 3339 3217 tuus
3386 3164 3571 3219 archi-

1981 3251 2391 3321 presbyteratus
2409 3251 2476 3303 ad
2516 3266 2641 3304 eum
2676 3252 2859 3305 dicere
2890 3253 3035 3320 quod
3070 3264 3279 3307 nonest
3316 3271 3568 3325 magnum

1980 3345 2110 3413 quid
2135 3359 2329 3413 rapere
2384 3355 2479 3398 aut
2525 3344 2793 3413 supplicio
2868 3344 3132 3400 afficere:
3200 3349 3347 3418 vulgi
3422 3350 3569 3402 enim

1980 3445 2064 3490 est
2092 3455 2103 3488 :
2134 3436 2376 3491 latrones
2433 3440 2633 3506 quippe
2665 3448 2718 3491 et
2754 3438 2938 3506 piratae
2970 3448 3131 3510 atque
3152 3439 3571 3498 innumerorum

1982 3529 2392 3583 malefactorqu
2422 3548 2617 3601 genus,
2646 3548 2732 3596 ac,
2769 3535 2813 3587 si
2883 3535 2986 3597 κίε,
3064 3545 3373 3601 serpentes,
3429 3536 3570 3606 lupi,

1982 3622 2093 3676 ursi
2128 3635 2181 3677 et
2203 3622 2385 3678 leones
2415 3634 2579 3693 atque
2608 3638 2817 3678 cmterae
2842 3624 2970 3679 fera:
3000 3628 3259 3682 occidere
3307 3637 3363 3682 et
3426 3630 3571 3684 allii-

1982 3730 2108 3784 gere
2138 3715 2389 3769 homines
2422 3725 2690 3785 possunt;
2762 3716 2895 3770 illud
2947 3732 3076 3773 vero
3126 3734 3259 3773 sane
3309 3700 3572 3791 magnum

1979 3817 2064 3862 est
2098 3808 2398 3861 beneficum
2435 3825 2493 3863 se
2515 3809 2799 3871 exhibere,
2836 3821 3073 3864 mentem
3102 3827 3258 3865 suam
3283 3811 3571 3882 deceptam

1979 3912 2261 3967 revocare;
2303 3912 2731 3971 corruptamque
2772 3918 2968 3958 sanare
2996 3922 3011 3970 ;
3038 3906 3182 3973 quod
3215 3907 3435 3975 quidem
3486 3918 3573 3963 est

1980 3994 2274 4061 cujuslibet
2309 4008 2415 4047 non
2444 3995 2742 4048 nescientis
2760 4010 2818 4048 se
2841 3994 2933 4049 Dei
2962 3995 3196 4066 imagine
3226 4002 3568 4064 decoratum,

1979 4100 2168 4139 eorum
2204 4095 2383 4139 autem
2416 4087 2721 4153 praesertim
2751 4088 2868 4155 qui,
2933 4105 3041 4142 non
3106 4092 3283 4145 solum
3349 4101 3572 4162 propter

1981 4178 2339 4241 creationem,
2368 4179 2463 4230 sed
2499 4187 2554 4229 et
2576 4187 2799 4247 propter
2838 4179 3124 4249 imperium
3186 4182 3239 4235 in
3272 4198 3571 4239 conservos

1982 4268 2184 4335 tnajori
2221 4268 2430 4320 honore
2466 4268 2906 4336 suntprzeventi,
2944 4272 3175 4341 ideoque
3248 4277 3420 4344 magis
3472 4277 3571 4331 de-

1986 4363 2115 4415 bent
2141 4360 2457 4416 Conditoris
2490 4359 2750 4430 praeferre
2778 4362 3219 4418 similitudinem.
3277 4366 3441 4421 Multa
3466 4367 3570 4421 alia

279 4457 495 4511 δούλων
526 4454 690 4507 πλέον
711 4471 760 4506 τι
808 4449 1286 4523 φιλοτιμηθέντας,
1318 4443 1377 4496 τὸ
1398 4444 1583 4513 φέρειν
1617 4437 1877 4542 τοῦ-πλά-

1986 4454 2238 4508 baberem
2266 4469 2385 4522 quze
2418 4455 2659 4508 scribere
2692 4457 2920 4524 possim,
2959 4457 3051 4531 sed
3114 4458 3242 4527 quia
3296 4466 3388 4513 tua
3419 4474 3559 4528 pon-

286 4564 491 4611 σαντος
558 4546 658 4618 τὴν
712 4543 990 4616 ὁμοίωσιν.
1054 4540 1234 4595 Πολλά
1298 4536 1518 4605 εἴχομεν
1581 4534 1674 4587 καὶ
1713 4531 1880 4600 ἕτερα

282 4644 555 4713 γράφειν,
587 4639 723 4692 ἀλλά
750 4638 911 4693 τοῦτο
943 4636 1044 4707 μὲν
1073 4637 1173 4702 τῆς
1216 4631 1318 4701 σ’ἠς
1358 4628 1759 4701 ἀρχιερατικῆς
1792 4644 1882 4679 τε-

283 4738 569 4805 λειότητος
624 4731 815 4800 ῑκανῆς
866 4729 1031 4799 οὺσης
1085 4728 1181 4779 καὶ
1238 4723 1449 4778 οἴκοθεν
1496 4723 1577 4774 τά
1607 4724 1884 4791 πρέποντα

281 4828 609 4897 παραινεῖν,
640 4823 799 4876 τοῦτο
830 4822 885 4875 δὲ
911 4822 1006 4873 καὶ
1037 4818 1134 4873 τοῦ
1184 4816 1345 4886 λόγου
1380 4813 1672 4883 φεύγοντος
1705 4812 1793 4865 διά
1821 4811 1884 4864 τδ

280 4922 469 4993 μῆκος
487 4917 549 4971 τὸ
572 4917 967 4987 ὀχληρὸν,,τοῖς
996 4912 1309 4982 εἰρημένοις
1340 4907 1711 4979 ήρκέσθημεν,
1744 4906 1884 4956 ἐκεῖ·

276 5032 344 5068 νο
378 5013 545 5082 μόνον
588 5006 1104 5079 προσεπιλέγοντες,
1138 5001 1211 5070 ὡς
1248 4999 1522 5069 παράσχοι
1548 4998 1680 5060 Θεὸς
1715 4997 1881 5065 μηδὲν

274 5105 540 5163 ἐναντίον
563 5102 659 5170 τῆς
684 5100 960 5171 ἡμετέρας
1000 5094 1403 5167 παρακλήσεως
1424 5090 1639 5159 καὶτῆς
1667 5091 1882 5153 ἐλπίδος

274 5199 570 5271 γενέσθαι·
609 5197 694 5248 ἵνα
727 5196 864 5264 μήτε
897 5195 958 5245 τὸ
1022 5189 1393 5259 πνευματικὸν
1436 5186 1595 5257 ήμῶν
1625 5184 1815 5238 τέκνον
1855 5187 1884 5239 ὁ

1985 4547 2202 4605 titicalis
2242 4547 2507 4617 perfectio
2537 4563 2648 4601 non
2706 4556 2793 4603 est
2854 4548 3031 4618 impar
3090 4553 3447 4620 suggerendis
3503 4567 3571 4606 ex

1983 4644 2168 4712 seipsa
2204 4658 2326 4712 qua:
2373 4641 2593 4711 decent,
2646 4653 2700 4697 et
2756 4646 2883 4713 quia
2948 4647 3243 4701 devitanda
3305 4648 3573 4718 longioris

1984 4734 2257 4788 sermonis
2294 4735 2565 4799 molestia,
2590 4736 2727 4790 satis
2747 4737 2856 4791 sint
2881 4738 2994 4804 jam
3026 4739 3194 4803 dicta,
3225 4740 3329 4794 hoc
3361 4750 3569 4794 tantum

1988 4824 2213 4877 addito:
2245 4821 2405 4878 Faxit
2439 4824 2584 4878 Deus
2609 4825 2747 4878 nihil
2783 4827 3037 4879 accidere
3072 4836 3277 4882 nostra:
3307 4835 3571 4883 exhorta-

1991 4913 2125 4968 tioni
2156 4924 2207 4967 et
2240 4917 2357 4983 spei
2390 4918 2750 4979 contrarium,
2786 4932 2853 4971 ne
2902 4918 3218 4986 spiritualis
3247 4935 3402 4974 meus
3426 4920 3572 4973 filius

1990 5021 2051 5059 ex
2097 5004 2205 5059 Deo
2239 5000 2515 5076 princeps,
2554 5023 2732 5078 poma:
2753 5021 2973 5066 aeterna:
3024 5029 3155 5067 reus
3218 5012 3331 5077 fiat,
3388 5026 3570 5082 neque

1992 5111 2167 5166 patrne
2199 5099 2498 5167 participes
2524 5101 2633 5154 sint
2670 5103 2764 5171 qui
2802 5103 3021 5158 consilii
3056 5113 3111 5158 et
3154 5105 3423 5159 factormn
3451 5105 3571 5176 ejus

1996 5188 2202 5242 fuerint
2222 5190 2453 5243 conscii.

274 5307 346 5354 ὲκ
384 5295 530 5349 Θεοῦ
572 5294 754 5361 ἄρχων
784 5290 1035 5351 ὑπόδικος
1060 5290 1279 5342 αἰωνίου
1347 5290 1571 5359 γένηται
1613 5287 1910 5358 κρίματος,
1958 5287 2093 5358 μήτε
2161 5290 2209 5340 οἱ
2263 5288 2693 5360 κοινωνήσαντες
2744 5290 2894 5362 αὐτῷ
2927 5290 3033 5359 ’τῆς
3068 5289 3262 5360 βουλῆς
3318 5291 3414 5345 καὶ
3471 5291 3570 5364 τῆς

278 5388 554 5459 πράξεως
601 5384 852 5437 κοινωνοὶ
881 5384 976 5436 καὶ
1007 5385 1106 5453 τῆς
1145 5385 1529 5455 κατακρίσεως
1582 5381 1872 5450 γένωνται.

505 5530 583 5581 Ε’.
624 5526 875 5596 Συμεὼν
899 5524 1157 5596 ἄρχοντι
1206 5522 1597 5595 Βουλγαρίας.

360 5666 436 5722 ’Δ
450 5665 762 5738 γράφομεν,
794 5665 982 5719 τέκνον
1009 5664 1189 5735 ήμῶν,
1211 5646 1285 5733 μὴ
1302 5660 1486 5732 νόμιζε
1516 5658 1726 5730 μέλανι,
1751 5656 1887 5711 ἀλλά

270 5762 403 5822 τοῖς
442 5759 606 5827 ἡμῶν
666 5759 901 5830 δάκρυσι
958 5756 1293 5827 γεγράφθαι·
1344 5756 1423 5816 είς
1448 5752 1604 5806 τοῦτο
1641 5750 1770 5821 γὰρ,
1812 5748 1888 5813 ὡς

2231 5520 2296 5577 γ.
2320 5523 2402 5577 Ad
2452 5524 2760 5595 Symeonem
2788 5523 3060 5595 Bulgaria!
3091 5524 3398 5595 principem.

2068 5656 2199 5721 Qua:
2236 5657 2553 5722 scribimus,
2593 5658 2690 5723 fili,
2719 5657 2828 5711 noli
2883 5668 3076 5727 putare
3120 5668 3442 5723 atramento,
3474 5664 3568 5718 sed

1997 5750 2201 5805 nostris
2226 5749 2481 5820 lacrymis
2514 5750 2813 5819 scriptum:
2845 5751 2916 5805 ita
2952 5768 3185 5823 namque
3207 5768 3306 5807 nos
3336 5754 3571 5807 circum-
