3996 6208
423 289 493 366 ιτ
1559 301 1864 364 NICOLAI
1905 303 2005 366 cr.

2108 302 2566 365 ATRIARCIIE
3614 311 3687 377 48

431 420 1042 491 di-deruntiniquitates
1075 428 1297 482 nostrai,
1329 428 1478 474 utea
1539 419 1606 473 de
1659 429 1709 473 te
1766 420 2005 474 audieri-

2112 421 2276 489 ἔοικε,
2345 403 2709 492 περιέστησαν
2765 419 2912 494 ἡμᾶς
2963 424 3020 478 αί
3074 425 3340 496 ἁμαρτίαι
3393 427 3552 498 ήμῶν
3596 431 3686 486 ἵνα

426 529 554 569 mus
585 529 706 582 qum
743 522 966 582 propter
1007 513 1310 567 scribenda:
1346 513 1471 566 huic
1526 524 1740 567 nostra:
1766 513 2009 582 epistolae

429 606 738 661 inserviunt
776 605 1053 676 lacryma’.
1122 603 1291 658 Parce
1338 605 1516 662 nobis.
1569 605 1817 670 Domine,
1865 605 2008 661 Deus

427 707 633 761 noster,
665 710 718 753 et
765 714 830 752 ne
865 698 1146 766 permittas
1178 696 1232 750 in
1297 696 1490 751 diebus
1545 706 1745 751 nostra:
1785 697 2006 752 humili-

426 793 552 846 tatis
583 802 636 846 et
669 791 1003 861 indignitatis
1049 789 1174 842 talia
1203 804 1233 843 a
1261 789 1500 859 maligno
1541 789 1656 843 ﬂeri
1695 805 1817 860 qua:
1845 805 1874 844 a
1903 804 2006 845 sea

417 871 549 937 rulo
582 899 687 937 non
718 883 1011 938 cessabunt
1042 883 1264 936 odiosos
1293 892 1346 936 et
1399 881 1629 936 infames
1655 883 1708 936 in
1751 883 2008 937 universo

422 977 554 1030 Orbe
579 976 795 1030 efﬁcere
826 986 1101 1029 tantorum
1141 967 1442 1030 facinorum
1467 987 1741 1030 auctores.
1763 973 1868 1030 Sed
1895 991 2006 1044 quo

423 1069 1050 1123 declinatsermomeus
1087 1068 1228 1121 ?aut
1269 1083 1370 1121 cur
1429 1069 1607 1121 tardat
1666 1067 1758 1120 tibi
1823 1075 2008 1136 aperte

423 1161 608 1214 dicere
637 1159 837 1213 famam
868 1160 1012 1212 illam
1061 1157 1168 1212 Deo
1247 1158 1527 1222 odihilem,
1583 1158 2007 1229 hominibusque

421 1253 828 1306 aversandam?
862 1252 1180 1306 Nuntiatum
1215 1255 1415 1323 quippe
1454 1253 1610 1307 nobis
1637 1261 1720 1306 est
1771 1253 2008 1321 pruden-

423 1353 554 1404 tem,
594 1343 919 1411 sapicntem,
959 1344 1615 1412 christianissimumque,
1648 1344 1739 1413 qui
1767 1344 2001 1398 multum

422 1433 617 1486 ticvisti
696 1431 982 1487 nefandam
1042 1435 1188 1488 illam
1264 1433 1665 1504 expeditionem
1743 1435 2006 1491 adversus

421 1511 770 1578 Christianos
802 1534 1140 1594 susceptam,
1172 1526 1342 1596 pejori
1392 1527 1556 1580 modo
1591 1537 1644 1581 et
1682 1527 1794 1582 Deo
1830 1529 2004 1599 magis

424 1614 600 1668 invisa
628 1623 678 1668 te
715 1617 851 1671 velle
900 1617 1047 1670 illam
1118 1633 1380 1687 superare
1444 1619 1496 1672 in
1560 1619 1744 1674 animo
1797 1621 2006 1676 scilicet

422 1705 707 1760 habentem
743 1723 894 1762 more
931 1720 1286 1779 tyrannorum
1331 1711 1513 1766 invehi
1577 1722 1630 1766 et
1688 1715 1896 1767 irruere
1947 1714 2000 1768 in

2112 515 2366 568 τοιαύτας
2400 516 2529 586 περὶ
2560 515 2654 568 σοῦ
2703 516 3030 586 ἀκούσωμεν
3060 519 3338 587 ἀγγελίας,
3379 520 3436 573 αϊ
3465 521 3524 574 τὸ
3554 523 3690 594 ἠμέ-

2109 621 2269 674 τερον
2302 605 2439 675 πρὸς
2488 606 2548 658 σὲ
2586 606 2818 677 γράμμα
2849 607 2919 661 τὰ
2965 608 3177 679 δάκρυα
3230 610 3444 677 ἕξουσιν
3480 613 3690 686 ὑπουρ-

2108 696 2310 763 γοῦντα
2350 697 2488 768 πρὸς
2539 700 2635 768 τὴν
2667 700 2906 769 γραφήν.
2945 700 3136 753 Φεῖσαι
3203 703 3384 771 ήμῶν,
3429 703 3605 773 Κύριε
3659 707 3689 759 ὁ

2104 787 2241 852 Θεὸς
2277 789 2453 860 ἡμῶν.
2492 791 2585 843 καὶ
2648 791 2727 860 μὴ
2763 794 3172 862 παραχωρήσῃς
3216 793 3274 844 ἐν
3319 793 3559 865 ἡμέραις
3591 797 3690 866 τῆς

2108 882 2499 949 ταπεινότητος
2524 882 2679 952 ήμῶν
2709 883 2804 936 καὶ
2830 884 3179 953 ἀναξιότητος
3231 885 3324 938 τοῦ
3379 887 3473 940 σοῦ
3502 887 3688 941 θυσια-

2067 978 2074 985 ’
2109 974 2334 1044 πηρίου
2369 965 2592 1028 τοῖαῦτα
2621 977 2979 1048 ἐνεργηθῆναι
3003 977 3106 1031 ὑπὸ
3122 977 3215 1030 τοῦ
3237 979 3472 1048 πονηροῦ
3511 981 3688 1050 πράγ-

2110 1080 2279 1136 ματα,
2318 1065 2354 1120 ἃ.
2397 1065 2470 1136 μὴ
2501 1067 2762 1135 διαλείψει
2798 1070 2976 1121 πάντα
3031 1069 3203 1121 αίῶνα
3255 1071 3538 1140 μεμπτούς
3589 1073 3684 1124 καὶ

2105 1157 2504 1223 ὲπονειδίστους
2563 1160 2726 1212 παντὶ
2782 1161 2860 1230 τῷ
2907 1161 3099 1233 κόσμῳ
3155 1166 3328 1215 ποιεῖν
3352 1165 3476 1225 τοὺς
3517 1163 3684 1217 ταῦτα

2111 1250 2374 1320 πράττειν
2409 1253 2782 1321 ὁρμήσαντας.
2810 1251 2972 1306 Ἀλλά
3025 1256 3186 1324 μέχρι
3239 1255 3380 1316 τίνος
3409 1254 3601 1324 φεύγει
3655 1260 3684 1310 ὁ

2105 1341 2264 1410 λόγος
2293 1342 2389 1396 καὶ
2417 1344 2780 1398 ἀναδάλλεται
2819 1344 2919 1416 τὴν
2969 1349 3216 1416 πονηρὰν
3247 1348 3530 1415 ἀγγελίαν,
3591 1349 3683 1402 καὶ

2105 1434 2225 1505 Θεῷ
2252 1437 2486 1510 μισητὴν
2520 1441 2614 1492 καὶ
2657 1439 2969 1510 ἀνθρώποις
3005 1442 3374 1512 ἀποτρὸπαιον
3415 1441 3681 1511 ἐμφανῶς

2107 1545 2187 1580 σοι
2221 1529 2438 1597 λέγεινς
2496 1532 2856 1602 Ἀνήγγειλαν
2895 1537 3047 1603 ἡμῖν,
3090 1534 3164 1595 ὡς
3223 1537 3250 1587 ὀ
3304 1535 3586 1605 φρόνιμος,
3653 1539 3682 1590 ὁ

2107 1623 2499 1688 συνετώτατος,
2538 1627 2564 1677 ὁ
2602 1625 3165 1696 μχριστιανικὼτατος,
3208 1626 3456 1680 ὀ-πολλά
3517 1645 3680 1699 μετα-

2106 1716 2476 1786 κλαυσάμενος
2530 1719 2629 1789 τὴν
2684 1718 2927 1788 πονηράν
2959 1719 3176 1787 ἐκείνην
3234 1721 3590 1790 ἐκστρατείαν
3616 1722 3682 1792 ἢν

343 1871 358 1880 Χ
423 1797 713 1863 infantem,
751 1801 803 1854 in
834 1804 1139 1871 orphanum
1189 1803 1290 1872 qui
1330 1805 1478 1858 nulla
1517 1817 1570 1861 te
1619 1807 1815 1876 injuria
1873 1806 2005 1863 affe-

2117 1811 2359 1882 ἐποιήσω
2389 1814 2528 1866 κατά
2556 1811 2923 1882 Χριστιανῶν,
2970 1805 3064 1867 νῦν
3120 1812 3279 1868 πάλιν
3329 1813 3532 1885 χείρονι
3585 1816 3678 1887 εκ-

423 1892 517 1958 eil,
537 1894 702 1962 quite
725 1893 911 1948 dolore
940 1896 1164 1950 minime
1197 1897 1328 1952 lzesit
1355 1901 1408 1952 ili
1429 1897 1760 1952 infautulum
1785 1913 1961 1967 regem
1986 1910 2000 1959 ;

427 2000 605 2054 neque
632 1986 942 2056 tyrannidis
975 1989 1187 2043 ratione
1214 1991 1586 2054 considerata,
1649 1990 1795 2058 quod
1853 1988 2005 2042 scili-

422 2079 661 2144 celapud
689 2077 854 2130 Deum
889 2087 942 2132 et
977 2079 1226 2134 homines
1246 2080 1314 2133 sit
1339 2078 2004 2148 scelesta:quemetcnint

425 2168 568 2236 fugit
594 2168 770 2222 Deum
799 2170 988 2224 odisse
1026 2171 1369 2241 tyrannidem
1397 2181 1451 2226 et
1485 2172 1736 2225 homines
1792 2185 2006 2239 semper

423 2261 748 2315 calumniari
815 2270 1080 2333 tyrannos
1114 2274 1372 2334 tanquam
1433 2279 1757 2318 communes
1783 2261 2006 2332 pestes?

423 2353 526 2407 Sed
558 2368 734 2422 neque
773 2353 864 2407 illa
893 2355 946 2408 in
998 2365 1175 2408 mente
1229 2357 1539 2426 repusuisti,
1589 2371 1764 2424 neque
1828 2354 2005 2409 Patris

423 2444 798 2513 urplianoreum
826 2461 886 2499 es
928 2448 1248 2502 recordatus
1287 2449 1379 2517 qui
1413 2447 1641 2516 injurias
1669 2431 1850 2500 etiam
1880 2447 2003 2499 cui-

423 2552 639 2606 cunque
669 2539 918 2606 orphano
949 2539 1128 2595 illatas
1160 2539 1272 2594 odit
1305 2549 1356 2593 el
1393 2549 1708 2594 exsecratur
1733 2549 1785 2592 et
1823 2538 2003 2607 impu-

423 2630 591 2683 nitam
622 2629 735 2683 'non
768 2632 1012 2698 dimittit,
1051 2635 1248 2686 nedum
1293 2633 1404 2702 regi
1457 2648 1628 2701 quem
1655 2631 1772 2701 ipse
1806 2632 2003 2700 sceptri

422 2739 535 2776 sua:
573 2725 907 2779 haireditatis
944 2726 1222 2779 constituit
1269 2726 1566 2794 principem
1594 2735 1650 2778 et
1681 2726 1993 2787 dominum,

424 2817 600 2883 pinnis
628 2831 764 2885 quas
798 2819 1064 2879 sancivit;
1097 2833 1270 2884 neque
1288 2816 1660 2869 communium
1691 2813 2002 2883 pactionuui

425 2907 662 2961 habuisti
726 2911 991 2960 rationem
1085 2909 1284 2976 quibus
1352 2922 1418 2960 ex
1494 2921 1603 2975 quo
1674 2905 1740 2959 ad
1829 2904 2006 2972 bapti-

415 2993 603 3052 Smuin
633 3000 966 3058 accessistis,
999 3014 1103 3068 pax
1133 2997 1580 3052 Romanos-inter
1635 3007 1688 3050 et
1742 2995 2006 3065 Bulga‘ros

417 3092 742 3155 intervenit,
788 3108 892 3146 nec
935 3095 1298 3162 pesterioruin
1349 3106 1485 3162 quas
1537 3106 1567 3145 a
1615 3091 1789 3160 teipso
1832 3090 2009 3144 factas

425 3185 797 3239 sanctissimis
822 3185 1154 3252 iuramentis
1176 3184 1491 3238 munierunt
1520 3193 1574 3238 et
1614 3184 2009 3238 roboravertmt

424 3277 517 3344 qui
552 3277 808 3331 violatam
835 3293 1120 3348 perperam
1144 3279 1382 3346 priorem
1417 3292 1608 3346 pacem
1649 3277 1829 3330 denuo
1887 3284 2004 3329 sta-

423 3369 742 3426 biliverunt.

2112 1904 2371 1975 στρατείᾳ
2424 1907 2514 1957 καὶ
2549 1905 2668 1974 Θεῷ
2713 1905 3039 1976 μισητοτὲρα
3067 1905 3280 1976 ἐκείνην
3309 1904 3681 1977 ἀποκρύπτειν

2109 1995 2450 2064 ἐπιχειρεῖς,
2537 1995 2755 2064 κινῆσαι
2827 1994 3147 2065 βουλόμενος
3249 1995 3343 2049 καὶ
3437 2013 3682 2066 τυραννι-

2109 2085 2220 2148 κῶς
2307 2085 2558 2138 ἐπελθεῖν
2649 2087 2794 2140 κατὰ
2882 2087 2978 2140 τοῦ
3068 2087 3232 2156 μηδὲν
3305 2088 3679 2158 ἀδικήσαντος,

2109 2177 2249 2230 κατὰ
2355 2177 2446 2231 τοῦ
2561 2180 2728 2250 μηδὲν
2819 2179 2955 2242 ὅλως
3045 2179 3385 2250 λυπήσαντος
3483 2184 3679 2252 νηπίου

2099 2272 2202 2322 καὶ
2252 2271 2531 2340 ὀρφανοῦ,
2600 2272 2691 2324 καὶ
2742 2271 2930 2331 παιδὸς
3003 2270 3314 2340 βασιλέως,
3377 2270 3501 2324 οὔτε
3580 2274 3680 2342 τῆς

2105 2361 2416 2430 τυραννίδος
2455 2362 2665 2414 ἔννοιαν
2735 2360 2932 2424 λαϐὼν,
2963 2361 3037 2424 ὡς
3087 2361 3318 2432 βδελυρά
3354 2364 3504 2430 παρά
3559 2362 3678 2432 Θεῷ

2103 2451 2201 2503 καὶ
2230 2450 2558 2520 ἀνθρώποις.
2591 2453 2685 2515 Τίς
2711 2453 2818 2524 γὰρ
2849 2454 2948 2504 οὐκ
2977 2450 3120 2506 οἶδεν
3154 2456 3236 2506 ὅτι
3272 2455 3363 2506 καὶ
3407 2453 3537 2516 Θεὸς
3583 2471 3677 2506 τυ-

2095 2539 2328 2609 ,ραννίδα
2364 2542 2661 2610 μεμίσηκε,
2694 2541 2788 2594 καὶ⁵
2835 2541 3111 2611 ἄνθρωποι
3158 2543 3250 2595 τὸν
3289 2543 3460 2595 αίῶνα
3501 2543 3678 2608 πάντα

2105 2631 2231 2693 τοὺς
2257 2633 2553 2702 τυράννους
2595 2633 2669 2695 ὡς
2691 2635 2903 2697 κοινοὺς
2929 2635 3232 2705 ἀλάστορας
3261 2635 3676 2703 διαδάλλουσινς

2106 2723 2272 2775 Ἀλλὰ
2310 2725 2418 2794 γάρ
2480 2723 2603 2776 οὔτε
2638 2724 2816 2778 ταῦτα
2869 2728 2949 2790 είς
2979 2728 3188 2781 ἔννοιαν
3237 2729 3360 2780 ἔθου
3385 2768 3400 2792 ,
3446 2729 3566 2782 οὔτε
3590 2729 3681 2783 τὸν

2109 2813 2331 2885 Πατέρα
2359 2815 2468 2869 τῶν
2516 2818 2767 2888 ὀρτανῶν
2795 2818 3162 2889 ἐνεθυμήθης,
3193 2820 3262 2883 ὃς
3289 2821 3384 2874 καὶ
3414 2824 3512 2892 τὴν
3539 2823 3682 2878 κατά

2107 2903 2201 2956 τοῦ
2237 2906 2492 2976 τυχόντος
2519 2909 2757 2978 ὀρφανοῦ
2801 2909 3016 2962 ἀδικίαν
3039 2911 3386 2981 δυσχεραίνει
3427 2913 3522 2966 καὶ⁹
3564 2913 3683 2983 βδε-

2098 2994 2394 3062 ιλύσσεται,
2437 2998 2532 3051 καὶ
2594 2999 2942 3070 ἀτιμώρητον
2995 3001 3095 3054 οὐκ
3127 3003 3211 3073 ἐᾷ,
3269 3003 3344 3073 μὴ
3379 3006 3458 3058 ὅτι
3489 3022 3550 3072 γε
3582 3009 3682 3078 τὴν

2116 3088 2259 3142 κατά
2293 3089 2578 3159 βασιλέως,
2618 3091 2675 3143 δν
2724 3091 2885 3154 αὐτὸς
2927 3091 3190 3162 κρίμασιν
3233 3089 3312 3157 οἷς
3368 3096 3678 3159 ἐδικαίωσε,

2117 3179 2222 3233 τῶν
2257 3181 2552 3250 σκήπτρων
2607 3181 2708 3250 τῆς
2769 3181 2935 3235 αὐτοῦ
2971 3183 3335 3255 κληρονομίας
3381 3189 3682 3258 κατέστησε

2109 3273 2380 3342 δεσπότην
2411 3275 2505 3325 καὶ
2532 3273 2740 3344 κύριον.
2809 3275 2950 3328 Ἀλλ’
2995 3275 3114 3328 οὐδὲ
3149 3277 3257 3329 τῶν
3295 3279 3486 3330 κοινῶν
3540 3295 3682 3347 συμ-

2109 3366 2300 3434 φώνων
2332 3365 2572 3436 ἐποιήσω
2599 3366 2785 3434 λόγον,
2813 3367 2849 3421 ἃ
2873 3369 2970 3438 τὴν
2995 3371 3221 3440 εἰρήνην
3263 3371 3322 3434 ἐξ
3366 3373 3560 3441 ἀρχῆς,
3588 3370 3682 3440 ἀφ’

421 3466 481 3521 οῦ
509 3469 587 3538 τῷ
629 3466 964 3537 βαπτίσματι
1039 3465 1508 3536 προσεληλύθατε,
1555 3462 1846 3534 Ῥωμαίοις
1902 3462 2263 3533 ὲμεσίτευσαν
2331 3463 2424 3514 καὶ
2467 3461 2816 3534 Βουλγάροις⁶
2854 3465 2972 3517 οὐδὲ
3036 3465 3198 3518 πάλιν
3269 3467 3379 3518 τῶν
3418 3463 3684 3536 δευτέρων

411 3560 460 3614 ὓ.
485 3559 585 3627 τῆς
617 3558 836 3628 πρώτης
866 3555 1047 3619 κακῶς
1075 3556 1466 3628 διαλελυμένης
1526 3557 1775 3628 εἰρήνης,
1795 3556 1875 3619 είς
1946 3555 2344 3622 ἀνακαινισμδν
2389 3553 2755 3620 καθιστῶντες
2802 3556 2972 3626 αὐτὴν
3002 3556 3106 3609 ὑπὸ
3178 3555 3272 3609 σοῦ
3329 3559 3492 3610 αὐτοῦ
3521 3576 3682 3628 75.7--

425 3653 636 3720 νημένα
697 3652 879 3722 ὅρκοις
943 3656 1190 3722 φρικτοίς
1235 3649 1758 3720 κατησφαλίσθησάν
1806 3667 1865 3703 τε
1897 3649 1994 3703 καὶ⁵
2027 3647 2428 3719 ὠχυρώθησαν.
3014 3651 3021 3657 ’

495 3743 635 3808 Quid
663 3751 747 3797 est
784 3744 986 3806 hoe,lili
1016 3741 1126 3796 mi?
1158 3743 1248 3796 ubi
1271 3752 1355 3797 est
1384 3757 1532 3796 nunc
1560 3757 1678 3797 mea
1703 3745 1770 3797 de
1801 3751 1852 3795 te
1889 3741 2006 3810 glo-

423 3836 588 3890 riatio
619 3834 641 3887 ?
675 3835 763 3888 ubi
793 3835 1052 3903 prazelara
1084 3833 1177 3887 illa
1195 3849 1316 3903 quze
1341 3834 1406 3887 de
1426 3842 1476 3888 te
1498 3845 1713 3888 nostrae
1731 3834 1809 3906 ad
1838 3847 2003 3887 aures

423 3927 553 3982 felix
617 3926 876 3980 attulerat
913 3924 1079 3990 fama,
1113 3935 1163 3980 te
1215 3925 1490 3990 videlicet,
1527 3934 1788 3994 tanquam
1823 3941 1853 3980 a
1893 3927 2000 3980 Deo

426 4019 762 4090 principem,
825 4017 1054 4082 bonum,
1086 4018 1258 4085 pium,
1287 4015 1518 4084 justum,
1545 4017 1749 4069 malum
1804 4015 2008 4080 odisse,

2189 3741 2255 3792 Τί
2278 3741 2454 3804 τοῦτο,
2477 3739 2672 3794 τέκνον
2694 3741 2889 3812 ἠμῶν;
2932 3741 3042 3795 Ποῦ
3084 3759 3173 3810 μοι
3205 3743 3264 3796 τὸ
3304 3745 3430 3812 περὶ
3463 3745 3520 3797 σὲ
3544 3746 3683 3798 καύο

2111 3848 2306 3904 χημα;
2339 3832 2450 3885 Ποῦ
2477 3834 2662 3888 ἐκεῖνα
2691 3837 2760 3890 τά
2792 3835 2956 3901 καλά,
2991 3836 3092 3888 ὃσα
3124 3838 3157 3908 η
3189 3835 3371 3907 ἀγαθὴ
3404 3838 3532 3909 περὶ
3584 3838 3679 3891 σοῦ

2110 3925 2355 3994 φέρουσα
2399 3927 2518 3988 ταῖς
2575 3927 2769 3990 ἀκοαῖς
2819 3928 2979 3998 ήμῶν
3013 3931 3192 3999 φήμη,
3253 3931 3328 3994 ὡς
3359 3934 3387 3984 ὀ
3429 3934 3494 3984 ἐκ
3542 3930 3677 3984 Θεοῦ

2106 4013 2310 4085 ἄρχων,
2335 4015 2558 4085 ἀγαθὸς,
2595 4018 2858 4087 φιλόθεος,
2893 4019 3124 4084 δίκαιος,
3152 4022 3534 4093 μισοπόνηρος,
3554 4025 3682 4092 ἐρα-

427 4112 710 4166 veritatem
742 4108 990 4179 diligere.
1041 4108 1220 4162 fraudi
1263 4107 1464 4162 bellum
1545 4105 1795 4161 inferre?
1827 4106 2005 4172 Quare

2110 4107 2240 4176 στὴς
2301 4109 2583 4178 ἀληθείας,
2633 4111 2894 4180 πολέμιος
2936 4111 3199 4182 ψεύδους
3243 4115 3352 4173 Καὶ
3383 4115 3435 4165 τί
3485 4113 3560 4184 μὴ
3601 4114 3683 4166 δεῖ

425 4213 608 4258 autem
628 4217 734 4257 non
752 4200 1265 4268 omnibusdicerem
1285 4208 1550 4270 quantum
1575 4201 1718 4255 bona
1737 4199 1824 4252 illa
1850 4209 2005 4268 atque

2109 4200 2243 4253 καθ’
2269 4200 2500 4255 ἕκαστον
2550 4203 2750 4272 λέγειν,
2793 4204 2892 4257 ὅσα
2949 4207 3248 4274 κομίζουσα
3277 4208 3409 4276 ἡμῖν
3451 4208 3484 4274 ἠ
3539 4203 3682 4274 καλὴ

429 4295 557 4351 felix
588 4297 732 4350 fama
766 4311 850 4348 me
875 4295 1068 4349 fecerit
1109 4295 1184 4347 tui
1214 4309 1383 4348 causa
1405 4295 1667 4362 gaudere,
1725 4292 2005 4354 obiectari,

2109 4290 2294 4361 ἐκείνη
2332 4293 2424 4344 καὶ
2456 4292 2606 4357 δεξιά
2635 4297 2789 4364 φήμη
2841 4297 3016 4348 ὲποίει
3062 4298 3276 4366 χαίρειν
3314 4298 3406 4347 ἐπὶ
3435 4295 3538 4359 σοὶ,
3589 4296 3682 4348 εύ-

429 4393 652 4461 gloriari
688 4407 910 4460 quoque
940 4407 1003 4446 ac
1027 4393 1140 4446 Deo
1168 4391 1370 4460 gratias
1399 4388 1602 4442 referre
1658 4398 1711 4440 et
1757 4387 2001 4440 omnium

2109 4385 2453 4456 φραίνεσθαι,
2482 4388 2866 4457 σεμνύνεσθαι,
2922 4390 3277 4459 εὐχαριστίαν
3329 4389 3446 4458 Θεῷ
3477 4390 3684 4458 ἀναφέ-

429 4483 630 4553 liegetu
653 4495 706 4535 et
743 4484 1034 4536 Dominum
1061 4481 1365 4552 glorificare
1410 4478 1581 4531 Deum
1649 4478 1793 4546 quod
1843 4480 2002 4532 talem

428 4575 608 4625 virum
634 4572 993 4640 Bulgarorum
1034 4574 1181 4642 genti
1219 4579 1384 4640 caput
1415 4579 1468 4624 et
1499 4585 1680 4640 regem
1729 4569 2007 4624 dedisset?

433 4662 522 4716 ubi
556 4677 702 4716 nunc
726 4663 818 4715 illa
841 4673 1066 4733 propter
1085 4678 1206 4732 qua:
1236 4672 1396 4716 nocte
1419 4677 1483 4716 ac
1510 4662 1596 4715 die
1625 4675 1723 4730 pro
1745 4669 1794 4714 te
1816 4675 2008 4730 preces

435 4755 636 4827 gaudio
659 4754 938 4809 exsultans
962 4752 1331 4820 effundebant,
1365 4753 1586 4807 humilis
1614 4753 1738 4807 licet
1763 4763 1817 4807 et
1838 4753 2006 4805 inuti-

433 4853 499 4905 lis
528 4849 716 4904 altaris
743 4849 1014 4914 minister,
1056 4866 1121 4904 ne
1157 4867 1400 4920 unquam
1437 4864 1589 4904 tuum
1626 4864 1812 4902 semen
1874 4845 2005 4899 Bul-

431 4957 687 5015 garoruin
723 4942 864 5013 genti
892 4945 1161 5010 imperare
1189 4954 1430 4998 cessaret
1499 4957 1677 5012 neque
1722 4940 2010 5010 pra-clara-

431 5056 552 5093 rutn
582 5047 798 5092 tuarum
821 5035 1030 5090 dotium
1071 5036 1448 5091 liaireditatein
1486 5037 1566 5090 tui
1604 5038 1808 5106 posteri
1827 5029 2006 5088 'amit-

432 5129 654 5185 terent?
705 5129 795 5182 ubi
823 5127 896 5181 ilii
957 5128 1166 5195 pulchri
1230 5137 1284 5181 et
1345 5127 1622 5181 mirabiles
1676 5125 2010 5182 sermones?

434 5223 577 5276 unde
608 5233 788 5276 autem
834 5221 946 5276 haec
962 5219 1262 5283 contraria,
1297 5219 1501 5283 tristia,
1525 5219 1744 5288 Deoque
1789 5230 1842 5272 et
1907 5217 2007 5271 ho-

435 5312 675 5368 minibus
713 5313 959 5377 odibilia,
995 5327 1117 5381 qua:
1153 5325 1241 5367 me
1271 5314 1595 5366 erubescere
1626 5320 1852 5381 cogunt,
1885 5325 2008 5379 quae

436 5402 570 5456 mihi
594 5402 861 5472 lacrymas
905 5406 1115 5460 faciunt
1150 5419 1347 5474 panem
1376 5405 1399 5458 ?
1431 5404 1554 5474 quis
1585 5407 1813 5468 etenim,
1837 5420 1903 5457 ne
1925 5404 2006 5458 di-

435 5507 554 5549 earn
585 5490 834 5561 diligens,
865 5501 1150 5566 sicutego,
1185 5505 1331 5548 tuani
1382 5495 1661 5560 virtutem,
1707 5495 1802 5549 sed
1827 5495 2007 5562 quivis

432 5583 702 5654 justitiam
729 5588 1030 5653 attendens,
1079 5587 1206 5641 talia
1233 5589 1298 5641 de
1330 5595 1380 5640 te
1432 5585 1650 5641 audiret
1709 5595 1765 5640 et
1823 5586 2008 5640 animo

439 5693 546 5733 non
574 5687 1040 5744 CUtiSlet'ttal'clur,
1101 5697 1208 5736 non
1273 5679 1495 5737 tristitia
1570 5679 2008 5750 perfunderetur,

2111 4493 2249 4548 ρειν,
2285 4476 2529 4543 δοξάζειν
2558 4479 2650 4531 τὸν
2680 4479 2786 4530 τῶν
2829 4480 2966 4533 ὅλων
2999 4481 3234 4549 ἄρχοντα
3279 4483 3374 4533 καὶ
3401 4481 3536 4534 Θεὸν
3585 4482 3683 4535 καὶ

2109 4569 2514 4640 Δεσπότηνβτι
2541 4571 2784 4624 τοιοῦτον
2816 4570 2989 4642 ἄνδρα
3015 4573 3091 4643 τῷ
3123 4573 3268 4641 γένει
3298 4575 3406 4626 τῶν
3443 4575 3684 4643 Βουλγά-

2111 4677 2221 4731 ρων
2250 4661 2490 4733 κεφαλήν
2519 4663 2618 4739 καὶ.
2638 4664 2876 4734 ἄρχοντα
2907 4663 3073 4717 ἔδωκε
3105 4683 3120 4730 ;
3148 4667 3250 4716 ποῦ
3279 4665 3472 4732 ταῦτα,
3513 4666 3581 4720 δι’
3608 4655 3712 4721 ὤν’

2109 4755 2204 4806 καὶ
2256 4754 2412 4806 νυκτὶ
2445 4756 2540 4807 καὶ
2569 4754 2754 4826 ἡμέρᾳ
2783 4755 2991 4826 χαίρων
3024 4755 3118 4809 ἐπὶ
3151 4757 3233 4808 σοὶ
3268 4756 3432 4827 εὐχάς
3487 4760 3683 4829 ἀνέφε-

2114 4860 2227 4914 ρον,
2266 4846 2316 4898 εί
2343 4847 2438 4898 καὶ
2487 4847 2769 4907 ταπεινὸς,
2811 4847 2985 4898 εἶκαὶ
3025 4847 3246 4918 ἀχρεῖος
3274 4848 3368 4900 τοῦ
3418 4850 3574 4919 ἀγίου
3597 4851 3688 4904 θυ-

2112 4939 2433 5009 σιαστηρίου
2467 4938 2844 5012 παραστάτης,
2885 4939 2960 5008 μὴ
2989 4939 3265 4992 ἐπιλιπεῖν
3292 4941 3352 5005 τὸ
3386 4942 3477 4995 σὺν
3519 4943 3681 5006 σπέρο

2114 5046 2192 5099 μα
2226 5031 2355 5082 ποτὲ
2390 5029 2481 5082 τοῦ
2516 5031 2702 5103 ἄρχειν
2730 5032 2838 5083 τῶν
2865 5031 3192 5102 Βουλγάρων
3211 5031 3306 5086 τοῦ
3335 5033 3538 5096 ἔθνους,
3584 5047 3688 5100 μη-

2112 5120 2170 5174 δὲ
2201 5121 2299 5192 τῆς
2339 5123 2705 5191 κληρονομίας
2734 5122 2844 5173 τῶν
2876 5121 2982 5173 σῶν
3016 5123 3459 5196 κατορθωμάτων
3501 5122 3568 5174 τά
3617 5122 3686 5173 οά

2114 5214 2370 5266 ἐκπεσεῖν
2410 5215 2613 5282 τέχνας
2642 5213 2751 5268 Ποῦ
2784 5232 2875 5286 μοι
2917 5217 3102 5271 ἐκεῖνα
3136 5218 3203 5269 τὰ
3231 5216 3371 5268 καλά
3397 5215 3491 5268 καὶ
3513 5215 3688 5284 σεμνὰ

2114 5306 2432 5377 διηγήματα
2458 5324 2474 5374 ;
2505 5308 2670 5361 πόθεν
2725 5308 2784 5361 δὲ
2832 5309 3006 5364 ταῦτα
3045 5312 3114 5364 τὰ
3144 5311 3382 5371 ἐναντία,
3441 5309 3510 5359 τά
3555 5322 3688 5358 σκυ-

2116 5397 2333 5468 θρωπά,
2371 5401 2440 5451 τὰ
2481 5397 2834 5472 μεμῖσημένα
2875 5403 2992 5473 Θεῷ
3023 5404 3116 5453 καὶ
3147 5396 3473 5468 ἀνθρώποις,
3513 5399 3579 5450 τὰ
3608 5399 3686 5458 είς

2115 5491 2378 5563 αίσχύνην
2411 5493 2838 5563 ἀπάγοντα,-τὰ
2869 5493 3130 5548 ποιοῦντά
3162 5510 3252 5562 μοι
3287 5491 3451 5564 ἄρτον
3479 5500 3548 5545 τα
3579 5490 3687 5561 ἐμὰ.

2113 5585 2322 5656 δάκρυα
2351 5601 2365 5649 ;
2396 5585 2490 5648 Τίς
2522 5588 2632 5660 γὰρ
2656 5590 2729 5660 μὴ
2763 5589 2844 5641 ὅτι
2878 5604 2963 5654 γε,
2994 5587 3072 5648 ὡς
3111 5585 3222 5654 ἐγὼ
3254 5586 3352 5655 τὴν
3373 5585 3472 5656 σὴν
3522 5584 3686 5655 φιλή-

2114 5697 2215 5744 σας
2245 5681 2339 5734 καὶ
2373 5680 2542 5751 φιλῶν
2575 5682 2793 5754 ἀρετὴν,
2819 5680 2954 5735 ἀλλὰ
2995 5681 3089 5734 καὶ
3125 5679 3280 5742 ἄλλος
3304 5679 3487 5735 δίκαια
3541 5681 3687 5747 λογι-
