3996 6208
415 333 477 412 51
1542 347 1850 408 NICOLAI
1884 347 1992 406 cr.
2032 344 2540 406 PATRIARCHE
3605 339 3675 402 52

413 465 618 534 τὰτηνς
645 463 712 516 Τί
737 463 846 534 γὰρ
889 464 1234 536 μιαρώτερον
1279 464 1612 534 τυραννίδος,
1641 460 1990 532 ἀποκρίνων;
2033 458 2146 512 Οὐκ
2175 461 2289 515 ἐστι
2334 462 2531 524 ταῦτα,
2564 460 2640 532 μὴ
2703 461 2962 532 γένηται·
3015 460 3076 513 ού
3149 458 3352 528 μᾶλλον
3382 458 3416 529 ἢ
3445 457 3474 510 δ
3521 455 3673 526 ἥλιος

413 561 537 614 ἀντὶ
569 557 664 613 τοῦ
693 561 953 629 φωτίζειν
981 560 1110 623 τοὺς
1143 561 1234 614 ὑπ’
1256 558 1424 613 αὑτοῦ
1443 557 1836 628 λαμπομένους
1867 553 2140 618 σκοτίζειν
2161 556 2682 629 διαλοιδορούμενος.

489 657 566 709 Ita
598 659 1013 720 asseverabam,
1078 655 1154 710 ita
1205 666 1398 711 contra
1455 669 1635 724 regem
1689 663 1993 718 omnesque

2165 651 2354 716 Οὕτως
2391 651 2502 721 ἐγὼ
2543 653 2982 724 διισχυριζόμην,
3013 650 3159 706 οὕτω
3189 650 3287 703 καὶ
3329 648 3468 718 πρὸς
3518 648 3676 719 βασι-

416 755 650 802 caeteros
681 747 955 811 dicebam,
994 746 1068 801 lili
1108 746 1205 811 mi,
1241 747 1677 816 quotiescunque
1706 755 1989 799 sermones

415 839 486 894 de
539 848 628 895 tua
685 839 990 910 tyrannidis
1021 839 1324 909 cupiditate
1355 823 1510 894 et‘de
1557 848 1646 893 tua
1703 835 1990 909 tyrannide

416 945 724 984 sermonem
783 930 1070 997 faciebam,
1131 943 1278 987 nunc
1333 941 1516 987 autem
1570 929 1699 1000 quid
1767 925 1992 982 dicam?

412 1023 595 1077 omnia
628 1023 828 1077 etenim
869 1038 991 1092 quae
1043 1026 1198 1094 prius
1248 1025 1315 1080 de
1361 1033 1415 1081 te
1474 1024 1831 1086 aﬂirmabam,
1868 1034 1990 1090 quae

415 1114 732 1180 laudabam,
763 1131 886 1186 quae
909 1117 975 1171 ad
1015 1119 1506 1173 commendandam
1538 1127 1685 1173 tuam
1730 1121 1986 1175 virtutem

413 1207 745 1270 statuebam,
783 1224 906 1262 cum
955 1210 1120 1264 modo
1171 1211 1224 1264 in
1267 1211 1596 1265 contrariam
1633 1220 1837 1278 partem
1870 1229 1993 1266 ver-

416 1307 557 1363 tunt,
583 1314 644 1354 os
676 1299 811 1354 mibi
849 1301 1128 1369 obturant,
1173 1303 1499 1358 erubescere
1552 1303 1782 1367 faciunt,
1814 1321 1990 1375 neque

415 1406 503 1444 me
537 1390 650 1461 jam
687 1392 877 1448 sinunt
927 1394 981 1448 in
1034 1409 1131 1451 eos
1184 1395 1458 1464 respicere
1498 1395 1698 1465 quibus
1743 1411 1842 1465 pro
1899 1403 1990 1451 tua

416 1483 618 1538 virtute
671 1487 824 1554 prius
885 1487 1324 1541 contradiccbam
1357 1505 1371 1542 :
1402 1488 1529 1557 quid
1567 1488 1692 1552 boc,
1742 1488 1816 1542 ﬁli
1870 1490 1994 1543 mi?

415 1576 540 1645 quis
572 1576 744 1630 malus
783 1577 1020 1645 daemon,
1062 1588 1167 1634 tua;
1191 1579 1379 1650 gloriae
1409 1581 1682 1646 invidens,
1711 1582 1778 1636 ad
1811 1582 1913 1635 hoc
1937 1591 1992 1636 te

413 1669 631 1736 impulit
675 1679 732 1723 ιιι
759 1664 975 1740 tyranni
1010 1687 1203 1727 nomen
1233 1672 1558 1728 obtineres?
1591 1689 1756 1742 quam
1795 1674 1990 1727 melius

415 1776 594 1830 regem
649 1777 676 1815 a
714 1761 820 1819 Deo
860 1765 1244 1831 coastitutum,
1285 1782 1449 1836 quam
1494 1775 1786 1837 tyrannum
1843 1767 1986 1821 dici!

411 1853 538 1920 quis
572 1868 798 1922 serpens
852 1857 916 1911 ad
955 1859 1063 1912 mei
1125 1857 1221 1912 ﬁlii
1280 1874 1442 1914 aures
1493 1859 1990 1915 sibilavit?no:me

2094 744 2190 797 λέα
2217 745 2312 798 καὶ
2340 745 2550 811 πάντας
2590 747 2900 814 ἀντέλεγον,
2927 745 3118 810 ὁπότε,
3139 744 3352 808 τέκνον,
3378 743 3511 813 ἐμὸν
3545 743 3675 814 περὶ

2097 836 2192 890 σοῦ
2229 838 2564 908 τυραννικὴν
2593 837 2913 908 ἐπιθυμίαν,
2949 839 3045 890 καὶ
3096 835 3412 905 τυραννίδος
3439 835 3677 888 ὑπέϐαλ-

2094 929 2185 982 λον
2212 930 2424 998 λόγους.
2456 930 2571 984 Νῦν
2589 932 2644 985 δέ
2675 931 2725 984 τί
2764 932 2906 984 είπω
2933 948 2953 996 ;
2980 929 3077 984 καὶ
3115 930 3226 1000 γὰρ
3257 931 3442 982 ἐκεῖνα
3473 929 3675 993 πάντα,

2095 1018 2196 1072 ὃσα
2227 1019 2494 1090 πρότερον
2544 1021 2683 1091 ὑπὲρ
2741 1020 2834 1073 σοῦ
2867 1020 3076 1088 ἔλεγον,
3123 1021 3225 1072 ὅσα
3279 1018 3536 1088 ἐπῄνουν,
3570 1019 3675 1072 ὅσα

2096 1109 2235 1179 πρὸς
2269 1111 2534 1163 σύστασιν
2561 1112 2660 1178 τῆς
2687 1110 2788 1180 σῆς
2811 1107 3239 1178 διεϐεϐαιούμην
3257 1098 3485 1178 ἀρετῆς.
3513 1108 3592 1168 είς
3611 1106 3674 1159 τὸ

2093 1201 2335 1257 ἐναντίον
2367 1220 2435 1273 με
2467 1203 2837 1272 περιίστησιν.
2875 1203 3216 1272 ἀποφράττει
3250 1217 3338 1270 μοι
3383 1200 3443 1252 τὸ
3476 1201 3672 1268 στόμα,

2094 1296 2472 1368 καταισχύνει,
2495 1297 2588 1349 καὶ
2613 1295 2734 1348 ούδέ
2760 1296 2977 1365 βλέπειν
3006 1313 3098 1364 μοι
3125 1297 3401 1365 συγχωρεῖ
3422 1295 3556 1364 πρὸς
3580 1291 3673 1355 οὓς

2097 1390 2365 1462 πρότερον
2393 1388 2682 1455 ἀντέλεγον
2728 1388 2870 1458 ὑπὲρ
2895 1387 2996 1455 τῆς
3039 1387 3138 1456 σῆς
3157 1387 3377 1457 ἀρετῆς.
3399 1384 3464 1438 Τί
3491 1384 3672 1445 τοῦτο,

2093 1482 2282 1536 τέκνον
2309 1481 2476 1551 ἐμόν;
2511 1481 2671 1543 Ποῖος
2698 1479 2930 1551 πονηρὸς
2953 1478 3168 1548 δαίμων
3197 1481 3261 1548 τῇ
3286 1481 3350 1548 σῇ
3387 1476 3512 1547 δόξῃ
3544 1477 3676 1545 φθο-

2095 1575 2266 1645 νήσας
2306 1574 2387 1635 είς
2411 1571 2572 1624 τοῦτο
2614 1571 2978 1639 κατέστησεν,
3010 1569 3100 1623 ἵνα
3146 1567 3458 1639 τυραννίδος
3500 1567 3675 1637 ὄνομα

2094 1664 2554 1735 κληρονομήσῃςς
2606 1663 2767 1733 Πόσῳ
2829 1661 3056 1732 ἄμεινον
3115 1662 3181 1714 ἐκ
3241 1659 3376 1712 Θεοῦ
3435 1660 3674 1729 ἄρχοντα

2093 1757 2453 1830 κεκλῆσθαιῆ
2491 1757 2789 1827 τύραννον;
2826 1756 2986 1818 Ποῖος
3024 1753 3148 1824 ὄφις
3178 1752 3448 1824 ήρεύξατο
3473 1753 3552 1814 εἰς
3573 1753 3675 1814 τὰς

2095 1850 2266 1914 ἀκοὰς
2295 1849 2388 1903 τοῦ
2420 1849 2554 1918 ἐμοῦ
2598 1847 2831 1911 τέκνους
2863 1846 2938 1898 Ού
2989 1845 3344 1915 πεφρίκαμεν
3391 1842 3491 1914 τήν
3522 1841 3673 1896 θείαν

412 1942 506 1998 Dei
566 1943 837 2014 justitiam
899 1948 1422 2005 refurmidavimus?
1469 1967 1652 2006 nonne
1709 1952 1989 2006 timuimus

2100 1942 2474 2012 Βικαιοσύνην;
2522 1940 2597 1994 Ού
2643 1939 2878 2010 φοϐερὸν
2927 1936 3234 2007 ποιούμεθα
3284 1936 3346 1989 τὸ
3398 1936 3672 2005 ἅρπαγμα

410 2035 764 2092 latrocinium
815 2039 996 2095 facere
1046 2043 1419 2113 excogitantes
1466 2059 1628 2112 quam
1709 2043 1762 2097 in
1829 2043 1989 2098 terris

417 2129 790 2198 magniﬁcavit
854 2131 1107 2189 Christus
1173 2137 1518 2204 potentiam?
1585 2136 1808 2190 videsne
1881 2151 1990 2204 quo

414 2220 678 2289 feramur,
710 2224 826 2278 ﬁli?
859 2241 969 2296 quo
1007 2243 1367 2298 prorumpere
1419 2230 1472 2283 in
1525 2237 1703 2283 mente
1732 2229 1992 2283 habueri-

415 2313 935 2372 musielevationes
966 2319 1082 2372 odit
1110 2318 1272 2384 Deus,
1305 2335 1403 2376 eos
1430 2320 1525 2392 qui
1563 2323 1702 2376 altas
1740 2321 1994 2376 attollunt

413 2404 774 2470 cogitationes
800 2407 989 2477 dejicit
1017 2426 1030 2476 ;
1061 2411 1207 2480 quod
1240 2412 1285 2466 si
1321 2412 1386 2465 ad
1423 2402 1634 2482 tempus
1659 2428 1756 2468 eos
1785 2421 1992 2469 stantes

412 2494 586 2558 videri
620 2497 770 2562 sinit,
815 2499 968 2554 brevi
1029 2503 1214 2558 omnia
1260 2504 1506 2558 demutat
1539 2522 1554 2570 ;
1621 2521 1782 2561 nemo
1811 2521 1878 2560 ex
1909 2522 1996 2562 sc-

411 2586 532 2654 ipso
565 2588 770 2658 aliquid
807 2591 1057 2662 accipere
1098 2605 1314 2663 potest;
1351 2598 1700 2667 prudensque
1732 2614 1855 2652 cum
1893 2599 1991 2663 sis,

413 2679 620 2750 absque
660 2685 864 2740 nostris
894 2689 1248 2742 sermonibus
1279 2689 1482 2758 optime
1531 2692 1673 2745 nosti
1728 2691 1993 2758 plurimos

414 2772 721 2831 inc0usulte
756 2778 986 2832 consilia
1045 2779 1316 2842 ineuntes,
1374 2783 1609 2848 pessime
1650 2783 1894 2835 evasisse
1941 2791 1995 2836 et

376 2867 736 2934 'pwnilenlia
800 2884 925 2922 esse
981 2869 1243 2934 aﬁ‘ectos,
1295 2871 1511 2938 sibique
1571 2871 1990 2939 imprudentiam

417 2954 648 3008 multum
671 2957 1070 3025 exprobrasse;
1105 2967 1240 3013 etut
1265 2961 1539 3015 autedicta
1569 2963 1841 3026 omittam,
1871 2962 1994 3030 quis

416 3046 492 3099 ita
527 3047 802 3115 pervicax,
845 3050 969 3118 quis
1012 3052 1251 3120 propriis
1285 3052 1676 3121 cupiditatibus
1709 3055 1781 3108 ita
1811 3057 1994 3126 exagi-

415 3145 564 3193 tatus
641 3148 695 3193 ct
755 3139 819 3192 ad
873 3140 1157 3196 audaciam
1213 3158 1537 3212 propensus,
1595 3146 1682 3200 cui
1746 3151 1997 3216 exemplo

418 3245 526 3283 non
569 3229 640 3285 sit
691 3231 778 3286 ille
838 3242 1104 3304 tyrannus
1154 3236 1248 3306 qui
1299 3236 1414 3291 beri
1465 3247 1519 3292 et
1567 3239 1766 3296 nudius
1800 3241 1993 3296 tertius

419 3323 561 3378 solio
585 3325 688 3394 ipsi
720 3324 1005 3381 insedebat
1034 3336 1088 3382 et
1115 3329 1204 3398 qui
1241 3329 1391 3384 brevi
1418 3331 1612 3399 dignas
1634 3333 1780 3386 dedit
1804 3349 1992 3402 poenas
2019 3353 2063 3416 ρ

417 3416 716 3486 impietatis
741 3419 926 3473 cordis
961 3419 1068 3483 sui,
1112 3421 1451 3476 crudelitatis
1494 3435 1546 3476 et
1591 3425 1855 3492 audaciw,
1899 3444 1994 3481 ne-

419 3507 620 3562 minem
660 3510 870 3563 scilicet
914 3509 1210 3581 quidquam
1241 3511 1507 3582 accipere,
1547 3515 1822 3584 prtecipue
1865 3534 1993 3573 vero

423 3608 531 3652 tam
586 3601 860 3657 excellens
920 3602 1148 3668 donum,
1186 3605 1290 3658 nisi
1328 3605 1563 3676 desuper
1591 3608 1637 3676 ei
1670 3607 1872 3665 detur?
1926 3610 1993 3664 ad

426 3688 560 3753 haec,
590 3706 770 3746 nonne
801 3693 1178 3752 erubescimus
1209 3701 1353 3766 quod
1385 3697 1509 3756 aliis
1535 3699 1768 3770 perjuria
1800 3717 1996 3771 expro-

429 3781 672 3846 brantes,
710 3783 810 3854 ipsi
859 3785 1032 3839 simus
1064 3786 1254 3857 injusti
1299 3797 1353 3842 et
1401 3790 1598 3860 impii?
1644 3792 1992 3850 violationem

423 3881 605 3926 autem
663 3871 1134 3930 formidandorum
1184 3879 1626 3948 juramentorum
1685 3884 1815 3952 quid
1871 3900 1995 3940 esse

424 3961 718 4020 dicemus?
752 3981 932 4021 nonne
963 3967 1084 4022 fidei
1117 3971 1464 4039 negationem
1492 3973 1514 4026 ?
1567 3989 1748 4028 nonne
1779 3975 1996 4046 pietatis

425 4057 888 4122 evacuatiunem?
920 4071 1098 4116 nonne
1145 4062 1324 4132 ipsius
1354 4052 1797 4120 Christianorum
1830 4068 1998 4136 pleni-

424 4147 632 4204 tudinis
675 4150 934 4205 eversio?
987 4153 1082 4233 gui
1134 4155 1281 4209 enim
1356 4155 1695 4213 formidanda
1727 4159 2000 4214 Christia-

425 4254 616 4295 norum
675 4243 932 4313 mysteria
990 4245 1291 4314 violaverit,
1332 4251 1608 4320 quomodo
1655 4250 1998 4307 Christianus

415 4331 530 4402 jam
562 4337 808 4392 vocabitu
821 4338 883 4392 r?
1682 4403 1694 4424 κ

497 4423 818 4483 Sermonem
877 4432 1195 4499 protrahere
1247 4432 1389 4500 cogit
1435 4449 1521 4486 me
1568 4423 1771 4490 nimius
1813 4439 1997 4494 cordis

425 4518 531 4572 mei
563 4520 716 4572 dolor
743 4530 796 4573 et
819 4535 945 4590 erga
973 4530 1026 4574 te
1071 4537 1225 4574 amor
1269 4521 1516 4578 fervidus
1542 4527 1634 4594 qui
1667 4527 1735 4581 ab
1760 4529 1916 4584 initio
1946 4531 1996 4584 iu

426 4625 512 4664 me
555 4619 635 4663 est
667 4625 930 4666 accensus
974 4621 1029 4665 et
1073 4627 1217 4667 nunc
1268 4631 1486 4685 quoque
1525 4618 1718 4686 ardet;
1749 4628 1804 4674 at
1833 4621 1996 4677 simul

2097 2037 2338 2104 νομίζειν
2367 2034 2660 2096 ποιεῖσθαι,
2700 2033 2766 2104 ἣν
2799 2034 2826 2085 ό
2859 2032 3100 2103 Χριστὸς
3128 2031 3220 2082 ἐπὶ
3248 2031 3350 2100 γῆς
3374 2027 3672 2097 ἐμεγάλυνε

2098 2125 2408 2196 βασιλείαν;
2441 2125 2608 2194 Ὅρα,
2637 2123 2827 2175 τέκνον
2875 2122 3031 2192 ἐμὸν,
3078 2118 3182 2174 ποῦ
3229 2119 3538 2190 φερόμεθα;
3570 2117 3673 2169 ποῦ

2095 2216 2338 2285 ὁρμῆσαι
2376 2213 2769 2282 διενοήθημεν;
2824 2212 2990 2264 Μισεῖ
3020 2209 3121 2272 τὰς
3155 2211 3422 2280 ἐπάρσεις
3463 2211 3490 2261 ὁ
3515 2207 3668 2269 Θεος,

2097 2307 2427 2362 καταϐάλλει
2476 2307 2604 2369 τοὺς
2663 2295 3064 2378 ἐπαιρομένους
3119 2302 3190 2355 τὰ
3237 2301 3416 2371 ὑψηλὰ
3472 2299 3678 2370 φρονή-

2099 2419 2246 2470 ματα
2269 2416 2282 2430 ⁶
2313 2401 2365 2452 εἱ
2395 2400 2490 2452 καὶ
2518 2399 2654 2468 πρὸς
2680 2397 2862 2465 ὀλίγον
2888 2397 3166 2466 συγχωρεῖ
3188 2395 3370 2448 δοκεῖν
3394 2391 3672 2452 ἵστασθαι,

2097 2493 2238 2546 ἀλλὰ
2270 2492 2435 2546 πάλιν
2488 2491 2790 2562 ἀνατρέπει
2837 2489 2997 2543 αὑτά.
3049 2485 3238 2547 Οὐδεὶς
3282 2483 3504 2545 δυνατὸς
3539 2481 3671 2551 παρ’

2097 2584 2296 2640 ἐαυτοῦ
2334 2602 2388 2637 τι
2414 2582 2634 2637 λαϐεῖν’
2667 2581 2761 2633 καὶ
2793 2582 3058 2650 φρόνιμος
3085 2577 3160 2632 ὢν
3197 2575 3345 2640 θ’δας
3376 2577 3468 2628 καὶ
3499 2574 3673 2645 χωρὶς

2096 2680 2204 2732 τῶν
2229 2676 2516 2747 ἡμετέρων
2541 2673 2715 2740 λόγων
2734 2673 2806 2734 ὡς
2832 2671 3037 2738 πολλοκ,
3068 2670 3382 2732 πεισθέντες
3405 2666 3670 2731 ἀϐούλως,

2099 2768 2283 2830 κακῶς
2317 2765 2636 2837 ἀπήλλαξαν
2685 2765 2779 2816 καὶ
2825 2765 3191 2830 μετέγνωσαν,
3235 2759 3332 2813 καὶ
3371 2757 3541 2811 πολλὰ
3569 2757 3675 2826 τῆς

2098 2858 2357 2922 ἀϐουλίας
2418 2858 2649 2917 ἑαυτοὺς
2684 2854 3133 2925 κατεμέμψαντο.
3192 2854 3302 2906 Καὶ
3346 2852 3434 2904 ἵνα
3490 2849 3673 2902 πάντα

2103 2954 2251 3007 ἐάσω
2279 2952 2346 3005 τὰ
2380 2949 2747 3022 προλαϐόντα,
2777 2928 2863 3010 τίς
2891 2945 3066 3008 οὕτως
3092 2944 3418 3014 φιλόνεικος,
3453 2944 3548 2996 καὶ⁵
3569 2941 3674 2994 ὑπὸ

2099 3045 2201 3114 τῆς
2226 3043 2432 3107 οἰκείας
2455 3041 2752 3111 ἐπιθυμίας
2784 3041 3133 3108 ἐξαγόμενος,
3171 3038 3268 3092 καὶ
3299 3038 3434 3109 πρὸς
3465 3036 3674 3104 τόλμαν

2098 3138 2340 3209 ἐτοιμος,
2382 3136 2440 3189 ὃν
2479 3135 2538 3189 ού
2593 3134 2894 3188 διδάσκειὸ
2921 3132 3048 3203 χθὲς
3094 3133 3189 3186 καὶ
3226 3130 3330 3202 πρδ
3364 3132 3464 3200 τῆς
3516 3126 3673 3199 ἐχθὲς

2099 3231 2329 3293 ἐπιστὰς
2359 3231 2543 3292 αὐτοῖς
2590 3230 2702 3290 τοῖς
2749 3225 3040 3297 βασιλείοις
3085 3224 3370 3296 τύραννος,
3403 3221 3499 3276 καὶ
3545 3219 3670 3272 σύν-

2098 3343 2265 3396 τομον
2289 3321 2647 3394 εἰσπραχθεὶς
2688 3322 2846 3392 δίκην
2885 3319 2984 3389 τῆς
3016 3317 3458 3387 δυσσεϐεστάτης
3501 3311 3673 3367 αύτοῦ

2100 3417 2329 3488 καρδίας
2361 3415 2593 3481 ἐπαξίαν
2623 3414 2720 3482 καὶ
2752 3412 2847 3466 τοῦ
2879 3412 3119 3482 θράσους
3145 3411 3240 3464 καὶ
3268 3408 3363 3462 τοῦ
3387 3407 3662 3479 τολμήμα-

2095 3530 2189 3575 τος
2207 3527 2222 3577 ;
2239 3511 2363 3564 Ὅτι
2380 3509 2557 3572 οὐδεὶς
2574 3507 2868 3578 λαμϐάνει,
2887 3507 2980 3560 καὶ
2999 3505 3231 3575 μάλιστα
3244 3501 3485 3556 τοιοῦτον
3511 3503 3676 3570 ὑπερ-

2103 3601 2331 3675 μέγεθες
2369 3599 2624 3671 δώρημα,
2658 3599 2753 3650 ἐὰν
2791 3598 2865 3668 μή
2977 3594 3126 3666 αὐτῷ
3151 3593 3390 3648 ἄνωθενο
3425 3589 3546 3646 εἶτα
3571 3591 3672 3644 οὐκ

2097 3695 2470 3768 αἰσχυνόμεθα
2502 3693 2722 3753 ἑαυτοῖς
2751 3690 2946 3754 ἄλλους
2975 3689 3059 3742 ὅτι
3085 3686 3376 3759 ψεύδονται
3399 3681 3676 3754 τιμωρού-

2103 3803 2276 3859 μενοι,
2319 3782 2477 3837 αὐτοὶ
2514 3782 2571 3835 δὲ
2606 3779 2922 3840 ἀδικοῦντες
2954 3779 3051 3832 καὶ
3081 3777 3377 3847 παράνομα
3405 3775 3676 3843 πράττον-

2100 3896 2220 3946 τες;
2253 3877 2363 3948 Τὴν
2413 3875 2470 3928 δὲ
2528 3873 2840 3944 παράϐασιν
2895 3871 3006 3924 τῶν
3039 3870 3286 3942 φρικτῶν
3341 3870 3520 3941 ὅρκων
3571 3865 3672 3920 ποῦ

2101 3972 2369 4044 θήσομεν;
2410 3967 2511 4021 οὐκ
2536 3965 2652 4019 ἔστι
2683 3965 2921 4028 πίστεως
2955 3963 3218 4036 ἄρνησις;
3249 3961 3349 4016 οὐκ
3393 3962 3540 4013 ἔστιν
3584 3958 3675 4012 εύ-

2104 4063 2320 4126 σεϐείας
2359 4059 2716 4129 ἀλλοτρίωσις
2741 4075 2756 4124 ;
2785 4058 2885 4111 οὐκ
2923 4057 3068 4111 ἐστιν
3097 4054 3262 4109 αὑτοῦ
3291 4053 3384 4107 τοῦ
3415 4055 3675 4125 Χριστια-

2101 4157 2207 4224 yth
2250 4152 2622 4224 πληρώματος
2669 4151 2986 4222 ἁνατροπή;
3022 4150 3192 4202 Ὅταν
3223 4149 3332 4218 γὰρ
3377 4150 3444 4199 τὰ
3471 4143 3706 4215 φρικτὰ·

2099 4245 2211 4299 τῶν
2258 4242 2605 4314 Χριστιανῶν
2646 4258 2731 4304 τις
2777 4241 3032 4311 ἐνυϐρίσῃ
3083 4239 3384 4309 μυστήρια,
3437 4238 3553 4299 πῶς
3594 4234 3675 4288 ἔτι

2101 4335 2430 4408 Χριστιανὸς
2465 4334 2678 4394 ἐκεῖνος
2713 4331 3073 4399 κεκλήσεται;
3155 4389 3168 4398 _

2185 4426 2597 4497 Ἀναγκάζομαι
2647 4423 2753 4476 ὑπὸ
2803 4423 2905 4493 τῆς
2957 4422 3323 4494 σφοδροτάτης
3370 4421 3467 4490 τῆς
3499 4421 3676 4492 ψυχῆς

2104 4524 2298 4590 ὀδύνης
2353 4520 2446 4572 καὶ
2479 4515 2574 4570 τοῦ
2608 4517 2735 4587 περὶ
2764 4515 2824 4568 σέ
2852 4515 3116 4584 διαπύρου
3157 4514 3400 4584 φίλτρου,
3431 4515 3459 4568 ὃ
3487 4515 3544 4579 ἐξ
3576 4517 3675 4586 ἀρ-

2103 4617 2205 4686 χῆς
2232 4612 2540 4682 ἀίεφλέχθη
2574 4610 2631 4661 ἐν
2677 4612 2742 4678 τῇ
2777 4609 2884 4679 ἐμῇ
2917 4607 3060 4678 ψυχῇ
3111 4610 3206 4661 καὶ
3235 4606 3314 4659 ἐτι
3343 4607 3399 4660 δὲ
3445 4608 3680 4677 ἀναφλέ-

423 4700 737 4771 inopinatus
788 4702 880 4754 ille
933 4718 1094 4758 casus
1134 4716 1187 4760 et
1231 4706 1468 4762 crudelis
1500 4710 1762 4765 daemonis
1790 4715 1993 4770 malitia

2104 4724 2284 4778 γεται,
2344 4703 2646 4776 μακρύνειν
2700 4701 2790 4755 τὸν
2851 4700 3042 4769 λόγον’
3095 4700 3257 4753 πάλιν
3307 4695 3365 4753 δὲ
3417 4700 3520 4754 ὑπὸ
3583 4701 3680 4770 τῆς

423 4804 574 4850 tuam
609 4793 843 4848 volentis
889 4794 1221 4852 labefactare
1271 4800 1614 4868 tnajestatcm
1642 4842 1659 4867 ,,
1692 4821 1780 4859 me
1817 4807 1998 4862 dicere

424 4894 593 4952 vetat,
651 4902 775 4941 cum
817 4887 1122 4943 incredibili
1165 4892 1420 4947 consilio-
1451 4894 1815 4961 stupefactutn
1844 4914 1860 4961 ;
1890 4916 1997 4953 nun

424 4993 605 5036 tamen
640 4980 743 5034 nisi
776 4979 948 5034 veteri
979 4993 1198 5038 narrata
1251 4986 1484 5052 quadam
1519 4987 1743 5043 historia
1785 4993 1996 5047 tacebo.

425 5073 713 5130 Persarum
748 5071 1035 5142 imperium
1069 5089 1177 5126 non
1227 5075 1444 5144 ignoras
1475 5089 1678 5146 quanta
1725 5079 1798 5134 sit
1846 5090 2000 5150 pote-

427 5173 566 5222 state
589 5207 604 5233 ,
643 5177 806 5238 atque
846 5164 1052 5221 divitiis
1082 5167 1281 5222 ﬁorens
1302 5207 1319 5232 ,
1348 5184 1524 5240 neque
1555 5179 1606 5224 te
1640 5170 1778 5241 fugit
1806 5189 1902 5228 eos
1930 5176 1999 5229 ab

427 5258 581 5313 initio
611 5275 720 5315 non
750 5275 996 5316 cessasse
1026 5268 1219 5314 contra
1244 5259 1521 5318 Romanos
1550 5264 1747 5319 bellum
1773 5281 1996 5334 gerere;

425 5343 521 5398 sed
554 5345 648 5414 qui
675 5348 792 5402 sine
819 5347 1226 5404 intermissione
1254 5351 1516 5406 adversus
1552 5352 1825 5409 Romanos
1848 5371 1999 5410 arma

427 5435 741 5503 movebant,
779 5451 1066 5512 postquam
1115 5441 1403 5508 Arcadius,
1456 5443 1827 5502 Romanorum
1880 5465 1995 5512 rex,

423 5529 535 5584 vita
589 5528 832 5596 functus,
882 5550 1104 5604 regnum
1163 5533 1472 5591 Theodosio
1517 5536 1627 5592 ﬁlio
1654 5554 1775 5604 suo,
1836 5540 1996 5594 trium

426 5635 699 5675 annorum
737 5620 954 5691 infanti,
991 5627 1304 5697 reliquerat,
1349 5629 1610 5700 injustum
1663 5641 1715 5686 et
1745 5634 1998 5688 inhuma-

427 5726 557 5766 num
623 5711 728 5767 rati
776 5712 976 5768 bellum
1026 5733 1214 5785 gerere
1271 5730 1459 5776 contra
1509 5722 1794 5792 imperium
1837 5724 1997 5792 cujus

427 5804 707 5870 dominus.
750 5806 822 5862 ob
875 5809 1200 5864 teneriorem
1242 5822 1474 5882 mtatem,
1511 5829 1692 5871 rerum
1730 5815 1996 5872 humana-

2109 4798 2518 4872 ἀπροσδοκήτου
2565 4795 2770 4862 ταύτης
2812 4793 3100 4864 σνμςορᾶς
3143 4794 3238 4846 καὶ
3282 4793 3380 4862 τῆς
3415 4793 3682 4866 ἐπηρείας

2108 4892 2202 4948 τοῦ
2233 4889 2474 4962 πονηροῦ
2501 4887 2772 4956 δαίμονος,
2797 4885 2855 4948 ὃς
2879 4888 2942 4956 τῇ
2971 4887 3035 4954 σῇ
3065 4884 3319 4954 βούλεται
3339 4885 3681 4958 λυμήνασθαι

2111 4971 2516 5056 μεγαλειότητι,
2545 4980 2926 5046 ἀνακόπτομαι
2953 4976 3045 5030 τοῦ
3077 4975 3276 5045 λέγειν,
3303 4977 3683 5050 θαμϐούμενος

2108 5080 2203 5132 ἐπὶ
2231 5075 2306 5148 τῷ
2327 5073 2622 5145 παραλόγῳ
2649 5069 2740 5123 τοῦ
2771 5070 3190 5140 ἐγχειρήματος.
3210 5071 3399 5142 Ὅμως
3425 5071 3502 5124 ἐτι
3521 5087 3686 5138 προσ-

2109 5171 2222 5232 θεὶς
2264 5166 2501 5222 παλαιάν
2552 5181 2673 5218 τινα
2699 5163 2938 5233 ἱστορίαν
2963 5165 3284 5235 σιγήσομαι.
3315 5162 3559 5224 Ἀκούεις
3583 5163 3684 5230 τὴν

2110 5261 2334 5331 Περσῶν
2394 5258 2695 5330 βασιλείαν,
2730 5257 2829 5327 ὅση
2894 5256 2994 5326 μὲν
3033 5256 3130 5328 τὴν
3175 5256 3427 5322 δύναμιν.
3483 5254 3582 5322 ὅση
3627 5253 3682 5305 δέ

2109 5355 2199 5406 τὸν
2241 5351 2492 5414 πλοῦτον,
2540 5351 2635 5404 καὶ
2691 5350 2767 5413 ὡς
2794 5349 2857 5403 ού
2893 5349 3130 5403 διέλιπον
3179 5346 3238 5410 ἐξ
3271 5344 3445 5414 ἀρχῆς
3481 5343 3685 5413 Πέρσαι

2123 5442 2414 5516 Ῥωμαίοις
2451 5441 2817 5512 πολεμοῦντες
2841 5457 2854 5473 ·
2886 5441 3002 5494 ἀλλ’
3036 5435 3178 5492 οὗτοι
3222 5437 3270 5487 ot
3311 5435 3577 5504 διηνεκῶς
3615 5435 3684 5487 τὰ

2109 5537 2251 5591 ὅπλα
2282 5533 2420 5605 πρὸς
2461 5533 2768 5603 Ῥωμαίους
2799 5531 3138 5599 ἐπαίροντες,
3177 5525 3365 5593 ἐπειδὴ
3399 5524 3682 5594 Ἀρκάδιος

2107 5627 2267 5682 ότῶν
2305 5625 2592 5695 Ῥωμαίων
2651 5621 2902 5694 βασιλεὺς
2950 5619 3043 5672 τὸν
3097 5617 3212 5684 βίον
3261 5613 3575 5670 καταλιπὼν
3607 5615 3684 5685 τῷ

2112 5720 2266 5775 παιδὶ
2292 5720 2558 5786 Θεοδδσίῳ
2585 5717 2787 5789 τριετεῖ
2814 5715 2927 5766 ὄντι
2960 5710 3219 5766 κατέλιπε
3250 5710 3349 5780 τὴν
3381 5708 3680 5779 βασιλείαν,

2108 5813 2291 5870 ἄδικον
2351 5812 2445 5867 καὶ
2484 5810 2848 5881 ἀπάνθρωπον
2887 5803 3024 5860 εἶναι
3068 5803 3392 5876 νομίσαντες
3437 5801 3682 5873 βασιλέα
