  <div class='ocr_page' id='page_1' title='image "/cluster/home/n/w/nwhite01/storage/ocr_20150623/111/hvd.32044073502288/032.png"; bbox 0 0 3996 6208; ppageno 0'>
   <div class='ocr_carea' id='block_1_1' title="bbox 337 340 3593 403">
    <p class='ocr_par' dir='ltr' id='par_1_1' title="bbox 337 340 3593 403">
     <span class='ocr_line' id='line_1_1' title="bbox 337 340 3593 403; baseline 0 -2"><span class='ocrx_word' id='word_1_1' title='bbox 337 342 408 402; x_wconf 81' lang='lat'><strong>53</strong></span> <span class='ocrx_word' id='word_1_2' title='bbox 1766 341 2165 403; x_wconf 68' lang='lat' dir='ltr'><strong>EPISTOLE.</strong></span> <span class='ocrx_word' id='word_1_3' title='bbox 3526 340 3593 402; x_wconf 68' lang='grc' dir='ltr'>τι</span> 
     </span>
    </p>
   </div>
   <div class='ocr_carea' id='block_1_2' title="bbox 342 456 1925 529">
    <p class='ocr_par' dir='ltr' id='par_1_2' title="bbox 342 456 1918 529">
     <span class='ocr_line' id='line_1_2' title="bbox 342 456 1918 529; baseline 0 -18"><span class='ocrx_word' id='word_1_4' title='bbox 342 458 624 528; x_wconf 77' lang='grc' dir='ltr'>πολεμεῖν,</span> <span class='ocrx_word' id='word_1_5' title='bbox 652 458 719 527; x_wconf 73' lang='grc' dir='ltr'>ἢν</span> <span class='ocrx_word' id='word_1_6' title='bbox 767 458 794 509; x_wconf 99' lang='lat'><strong>6</strong></span> <span class='ocrx_word' id='word_1_7' title='bbox 824 458 1067 525; x_wconf 81' lang='grc' dir='ltr'>κατέχων</span> <span class='ocrx_word' id='word_1_8' title='bbox 1117 456 1223 509; x_wconf 78' lang='grc' dir='ltr'><strong>τῶν</strong></span> <span class='ocrx_word' id='word_1_9' title='bbox 1252 457 1607 528; x_wconf 76' lang='grc' dir='ltr'><strong>ἀνθρωπίνων</strong></span> <span class='ocrx_word' id='word_1_10' title='bbox 1661 458 1918 529; x_wconf 79' lang='grc' dir='ltr'>πραγμάο</span> 
     </span>
    </p>
   </div>
   <div class='ocr_carea' id='block_1_3' title="bbox 2033 456 3593 529">
    <p class='ocr_par' dir='ltr' id='par_1_3' title="bbox 2033 460 3593 528">
     <span class='ocr_line' id='line_1_3' title="bbox 2033 460 3593 528; baseline 0.003 -18"><span class='ocrx_word' id='word_1_11' title='bbox 2033 474 2143 513; x_wconf 88' lang='lat' dir='ltr'><strong>rum</strong></span> <span class='ocrx_word' id='word_1_12' title='bbox 2194 460 2648 513; x_wconf 87' lang='lat' dir='ltr'><strong>moderandarum</strong></span> <span class='ocrx_word' id='word_1_13' title='bbox 2689 460 2973 528; x_wconf 85' lang='lat' dir='ltr'><strong>imperitus</strong></span> <span class='ocrx_word' id='word_1_14' title='bbox 2997 502 3009 523; x_wconf 89' lang='lat'><strong>,</strong></span> <span class='ocrx_word' id='word_1_15' title='bbox 3047 476 3151 513; x_wconf 88' lang='lat' dir='ltr'><strong>non</strong></span> <span class='ocrx_word' id='word_1_16' title='bbox 3187 462 3357 515; x_wconf 81' lang='lat' dir='ltr'><strong>solum</strong></span> <span class='ocrx_word' id='word_1_17' title='bbox 3394 479 3422 515; x_wconf 87' lang='lat' dir='ltr'><strong>a</strong></span> <span class='ocrx_word' id='word_1_18' title='bbox 3452 461 3593 516; x_wconf 73' lang='lat' dir='ltr'><strong>bello</strong></span> 
     </span>
    </p>
   </div>
   <div class='ocr_carea' id='block_1_4' title="bbox 336 545 1924 621">
    <p class='ocr_par' dir='ltr' id='par_1_4' title="bbox 336 545 1924 621">
     <span class='ocr_line' id='line_1_4' title="bbox 336 545 1924 621; baseline -0.001 -17"><span class='ocrx_word' id='word_1_19' title='bbox 336 568 450 604; x_wconf 83' lang='grc' dir='ltr'><strong>των</strong></span> <span class='ocrx_word' id='word_1_20' title='bbox 488 549 585 603; x_wconf 76' lang='grc' dir='ltr'>καὶ</span> <span class='ocrx_word' id='word_1_21' title='bbox 632 549 955 619; x_wconf 75' lang='grc' dir='ltr'><strong>διοικήσεων</strong></span> <span class='ocrx_word' id='word_1_22' title='bbox 985 548 1071 602; x_wconf 88' lang='grc' dir='ltr'><strong>διά</strong></span> <span class='ocrx_word' id='word_1_23' title='bbox 1117 549 1218 620; x_wconf 80' lang='grc' dir='ltr'>τὴν</span> <span class='ocrx_word' id='word_1_24' title='bbox 1252 548 1551 619; x_wconf 81' lang='grc' dir='ltr'>νηπιότητα</span> <span class='ocrx_word' id='word_1_25' title='bbox 1582 545 1649 621; x_wconf 81' lang='grc' dir='ltr'>ἦν</span> <span class='ocrx_word' id='word_1_26' title='bbox 1693 551 1924 604; x_wconf 84' lang='grc' dir='ltr'>ἀνεπαί-</span> 
     </span>
    </p>
   </div>
   <div class='ocr_carea' id='block_1_5' title="bbox 337 640 1923 713">
    <p class='ocr_par' dir='ltr' id='par_1_5' title="bbox 337 640 1923 713">
     <span class='ocr_line' id='line_1_5' title="bbox 337 640 1923 713; baseline -0.001 -17"><span class='ocrx_word' id='word_1_27' title='bbox 337 644 561 713; x_wconf 82' lang='grc' dir='ltr'>σθητος,</span> <span class='ocrx_word' id='word_1_28' title='bbox 593 642 657 694; x_wconf 89' lang='grc' dir='ltr'><strong>ού</strong></span> <span class='ocrx_word' id='word_1_29' title='bbox 719 642 879 710; x_wconf 89' lang='grc' dir='ltr'>μόνον</span> <span class='ocrx_word' id='word_1_30' title='bbox 935 641 1026 694; x_wconf 81' lang='grc' dir='ltr'>τὸν</span> <span class='ocrx_word' id='word_1_31' title='bbox 1075 640 1311 711; x_wconf 81' lang='grc' dir='ltr'>πόλεμον</span> <span class='ocrx_word' id='word_1_32' title='bbox 1359 641 1627 707; x_wconf 77' lang='grc' dir='ltr'><strong>ἔπαυσαν,</strong></span> <span class='ocrx_word' id='word_1_33' title='bbox 1686 642 1746 695; x_wconf 86' lang='grc' dir='ltr'><strong>δν</strong></span> <span class='ocrx_word' id='word_1_34' title='bbox 1785 642 1923 712; x_wconf 73' lang='grc' dir='ltr'>πρὸς</span> 
     </span>
    </p>
   </div>
   <div class='ocr_carea' id='block_1_6' title="bbox 349 732 1922 804">
    <p class='ocr_par' dir='ltr' id='par_1_6' title="bbox 349 732 1922 804">
     <span class='ocr_line' id='line_1_6' title="bbox 349 732 1922 804; baseline -0.001 -17"><span class='ocrx_word' id='word_1_35' title='bbox 349 733 638 804; x_wconf 73' lang='grc' dir='ltr'>Ἀρκάδων</span> <span class='ocrx_word' id='word_1_36' title='bbox 679 733 967 802; x_wconf 82' lang='grc' dir='ltr'>ἐνήργουν,</span> <span class='ocrx_word' id='word_1_37' title='bbox 1026 732 1163 786; x_wconf 87' lang='grc' dir='ltr'><strong>ἀλλά</strong></span> <span class='ocrx_word' id='word_1_38' title='bbox 1214 732 1479 802; x_wconf 61' lang='grc' dir='ltr'>καλκπρὸς</span> <span class='ocrx_word' id='word_1_39' title='bbox 1512 732 1638 796; x_wconf 81' lang='grc' dir='ltr'>τοὺς</span> <span class='ocrx_word' id='word_1_40' title='bbox 1686 732 1922 786; x_wconf 89' lang='grc' dir='ltr'>ἐνταῦθα</span> 
     </span>
    </p>
   </div>
   <div class='ocr_carea' id='block_1_7' title="bbox 334 824 1923 895">
    <p class='ocr_par' dir='ltr' id='par_1_7' title="bbox 334 824 1923 895">
     <span class='ocr_line' id='line_1_7' title="bbox 334 824 1923 895; baseline 0 -17"><span class='ocrx_word' id='word_1_41' title='bbox 334 826 439 895; x_wconf 84' lang='grc' dir='ltr'>τῆς</span> <span class='ocrx_word' id='word_1_42' title='bbox 467 825 776 895; x_wconf 72' lang='grc' dir='ltr'><strong>συγκλήτου</strong></span> <span class='ocrx_word' id='word_1_43' title='bbox 807 826 1137 895; x_wconf 82' lang='grc' dir='ltr'>προέχοντας</span> <span class='ocrx_word' id='word_1_44' title='bbox 1161 827 1189 877; x_wconf 89' lang='lat'><strong>6</strong></span> <span class='ocrx_word' id='word_1_45' title='bbox 1219 824 1477 894; x_wconf 79' lang='grc' dir='ltr'>βασιλεὺς</span> <span class='ocrx_word' id='word_1_46' title='bbox 1501 825 1791 879; x_wconf 77' lang='grc' dir='ltr'>ἀπέστειλε</span> <span class='ocrx_word' id='word_1_47' title='bbox 1812 825 1923 878; x_wconf 84' lang='grc' dir='ltr'><strong>τῶν</strong></span> 
     </span>
    </p>
   </div>
   <div class='ocr_carea' id='block_1_8' title="bbox 336 912 1922 989">
    <p class='ocr_par' dir='ltr' id='par_1_8' title="bbox 336 912 1922 989">
     <span class='ocr_line' id='line_1_8' title="bbox 336 912 1922 989; baseline 0 -18"><span class='ocrx_word' id='word_1_48' title='bbox 336 916 595 987; x_wconf 78' lang='grc' dir='ltr'>Περσῶν.</span> <span class='ocrx_word' id='word_1_49' title='bbox 627 916 873 985; x_wconf 84' lang='grc' dir='ltr'>Χοσρόης</span> <span class='ocrx_word' id='word_1_50' title='bbox 900 916 956 969; x_wconf 80' lang='grc' dir='ltr'>δὲ</span> <span class='ocrx_word' id='word_1_51' title='bbox 985 912 1053 986; x_wconf 87' lang='grc' dir='ltr'>ἦν</span> <span class='ocrx_word' id='word_1_52' title='bbox 1083 918 1111 970; x_wconf 84' lang='grc' dir='ltr'>ὁ</span> <span class='ocrx_word' id='word_1_53' title='bbox 1140 918 1359 972; x_wconf 88' lang='grc' dir='ltr'>πάντων</span> <span class='ocrx_word' id='word_1_54' title='bbox 1392 918 1621 989; x_wconf 84' lang='grc' dir='ltr'>Περσῶν</span> <span class='ocrx_word' id='word_1_55' title='bbox 1646 918 1922 987; x_wconf 56' lang='grc' dir='ltr'>ἐπὶνμιαι-</span> 
     </span>
    </p>
   </div>
   <div class='ocr_carea' id='block_1_9' title="bbox 334 1005 1924 1081">
    <p class='ocr_par' dir='ltr' id='par_1_9' title="bbox 334 1005 1924 1081">
     <span class='ocr_line' id='line_1_9' title="bbox 334 1005 1924 1081; baseline 0.003 -22"><span class='ocrx_word' id='word_1_56' title='bbox 334 1008 503 1077; x_wconf 75' lang='grc' dir='ltr'>φονίᾳ</span> <span class='ocrx_word' id='word_1_57' title='bbox 536 1006 821 1077; x_wconf 79' lang='grc' dir='ltr'>διαϐόητος</span> <span class='ocrx_word' id='word_1_58' title='bbox 856 1007 1035 1061; x_wconf 74' lang='grc' dir='ltr'>’ἀλλά</span> <span class='ocrx_word' id='word_1_59' title='bbox 1085 1008 1193 1078; x_wconf 88' lang='lat'><strong>7&amp;9</strong></span> <span class='ocrx_word' id='word_1_60' title='bbox 1244 1005 1395 1073; x_wconf 75' lang='grc' dir='ltr'>οὗτος</span> <span class='ocrx_word' id='word_1_61' title='bbox 1448 1010 1737 1064; x_wconf 84' lang='grc' dir='ltr'>ἀπέστειλε</span> <span class='ocrx_word' id='word_1_62' title='bbox 1785 1012 1924 1081; x_wconf 84' lang='grc' dir='ltr'>πρὸς</span> 
     </span>
    </p>
   </div>
   <div class='ocr_carea' id='block_1_10' title="bbox 333 1084 1922 1171">
    <p class='ocr_par' dir='ltr' id='par_1_10' title="bbox 333 1084 1922 1171">
     <span class='ocr_line' id='line_1_10' title="bbox 333 1084 1922 1171; baseline 0.003 -21"><span class='ocrx_word' id='word_1_63' title='bbox 333 1097 467 1158; x_wconf 77' lang='grc' dir='ltr'>τοὺς</span> <span class='ocrx_word' id='word_1_64' title='bbox 508 1097 608 1167; x_wconf 82' lang='grc' dir='ltr'>τῆς</span> <span class='ocrx_word' id='word_1_65' title='bbox 662 1097 964 1167; x_wconf 82' lang='grc' dir='ltr'><strong>συγκλήτου</strong></span> <span class='ocrx_word' id='word_1_66' title='bbox 1019 1098 1281 1167; x_wconf 82' lang='grc' dir='ltr'>λογάδας,</span> <span class='ocrx_word' id='word_1_67' title='bbox 1334 1084 1513 1171; x_wconf 72' lang='grc' dir='ltr'>δηλῶν</span> <span class='ocrx_word' id='word_1_68' title='bbox 1558 1102 1633 1165; x_wconf 87' lang='grc' dir='ltr'>ὠς</span> <span class='ocrx_word' id='word_1_69' title='bbox 1682 1104 1776 1163; x_wconf 75' lang='grc' dir='ltr'>καὶ</span> <span class='ocrx_word' id='word_1_70' title='bbox 1830 1102 1922 1155; x_wconf 81' lang='grc' dir='ltr'>τὸν</span> 
     </span>
    </p>
   </div>
   <div class='ocr_carea' id='block_1_11' title="bbox 340 1187 1924 1266">
    <p class='ocr_par' dir='ltr' id='par_1_11' title="bbox 340 1187 1924 1266">
     <span class='ocr_line' id='line_1_11' title="bbox 340 1187 1924 1266; baseline 0.006 -26"><span class='ocrx_word' id='word_1_71' title='bbox 340 1187 586 1257; x_wconf 82' lang='grc' dir='ltr'>πόλεμον</span> <span class='ocrx_word' id='word_1_72' title='bbox 623 1188 911 1254; x_wconf 89' lang='grc' dir='ltr'>καταλύει,</span> <span class='ocrx_word' id='word_1_73' title='bbox 955 1191 1048 1243; x_wconf 77' lang='grc' dir='ltr'>καὶ</span> <span class='ocrx_word' id='word_1_74' title='bbox 1088 1190 1183 1244; x_wconf 90' lang='grc' dir='ltr'><strong>τοῦ</strong></span> <span class='ocrx_word' id='word_1_75' title='bbox 1247 1192 1441 1260; x_wconf 81' lang='grc' dir='ltr'>νηπίου</span> <span class='ocrx_word' id='word_1_76' title='bbox 1478 1193 1747 1263; x_wconf 74' lang='grc' dir='ltr'>βασιλέως</span> <span class='ocrx_word' id='word_1_77' title='bbox 1790 1212 1924 1266; x_wconf 87' lang='grc' dir='ltr'>προ-</span> 
     </span>
    </p>
   </div>
   <div class='ocr_carea' id='block_1_12' title="bbox 341 1279 1922 1354">
    <p class='ocr_par' dir='ltr' id='par_1_12' title="bbox 341 1279 1922 1354">
     <span class='ocr_line' id='line_1_12' title="bbox 341 1279 1922 1354; baseline 0.004 -22"><span class='ocrx_word' id='word_1_78' title='bbox 341 1279 628 1350; x_wconf 74' lang='grc' dir='ltr'><strong>στήσεται,</strong></span> <span class='ocrx_word' id='word_1_79' title='bbox 665 1280 759 1333; x_wconf 69' lang='grc' dir='ltr'>καὶ</span> <span class='ocrx_word' id='word_1_80' title='bbox 791 1281 845 1333; x_wconf 85' lang='grc' dir='ltr'><strong>εί</strong></span> <span class='ocrx_word' id='word_1_81' title='bbox 871 1296 954 1343; x_wconf 87' lang='grc' dir='ltr'><strong>τις</strong></span> <span class='ocrx_word' id='word_1_82' title='bbox 990 1281 1223 1351; x_wconf 81' lang='grc' dir='ltr'>ἀντᾶραι</span> <span class='ocrx_word' id='word_1_83' title='bbox 1253 1285 1442 1352; x_wconf 85' lang='grc' dir='ltr'>χεῖρας</span> <span class='ocrx_word' id='word_1_84' title='bbox 1476 1284 1783 1354; x_wconf 81' lang='grc' dir='ltr'>πολεμικὰς</span> <span class='ocrx_word' id='word_1_85' title='bbox 1803 1286 1922 1339; x_wconf 82' lang='grc' dir='ltr'>τολ-</span> 
     </span>
    </p>
   </div>
   <div class='ocr_carea' id='block_1_13' title="bbox 347 1374 1923 1446">
    <p class='ocr_par' dir='ltr' id='par_1_13' title="bbox 347 1374 1923 1446">
     <span class='ocr_line' id='line_1_13' title="bbox 347 1374 1923 1446; baseline 0.003 -21"><span class='ocrx_word' id='word_1_86' title='bbox 347 1374 536 1442; x_wconf 85' lang='grc' dir='ltr'>μήσει,</span> <span class='ocrx_word' id='word_1_87' title='bbox 587 1375 735 1445; x_wconf 74' lang='grc' dir='ltr'>πάσῃ</span> <span class='ocrx_word' id='word_1_88' title='bbox 787 1375 1077 1443; x_wconf 83' lang='grc' dir='ltr'>ἀμυνεῖται</span> <span class='ocrx_word' id='word_1_89' title='bbox 1127 1375 1377 1445; x_wconf 80' lang='grc' dir='ltr'><strong>δυνάμει,</strong></span> <span class='ocrx_word' id='word_1_90' title='bbox 1416 1376 1509 1428; x_wconf 78' lang='grc' dir='ltr'><strong>καὶ</strong></span> <span class='ocrx_word' id='word_1_91' title='bbox 1559 1377 1801 1446; x_wconf 87' lang='grc' dir='ltr'>χωρήσει</span> <span class='ocrx_word' id='word_1_92' title='bbox 1830 1377 1923 1430; x_wconf 80' lang='grc' dir='ltr'>καὶ</span> 
     </span>
    </p>
   </div>
   <div class='ocr_carea' id='block_1_14' title="bbox 2026 551 3591 622">
    <p class='ocr_par' dir='ltr' id='par_1_14' title="bbox 2026 551 3591 622">
     <span class='ocr_line' id='line_1_14' title="bbox 2026 551 3591 622; baseline -0.003 -15"><span class='ocrx_word' id='word_1_93' title='bbox 2026 562 2310 607; x_wconf 90' lang='lat' dir='ltr'><strong>cessarunt</strong></span> <span class='ocrx_word' id='word_1_94' title='bbox 2346 553 2489 622; x_wconf 86' lang='lat' dir='ltr'><strong>quod</strong></span> <span class='ocrx_word' id='word_1_95' title='bbox 2537 568 2662 606; x_wconf 91' lang='lat' dir='ltr'><strong>cum</strong></span> <span class='ocrx_word' id='word_1_96' title='bbox 2697 553 2929 605; x_wconf 74' lang='lat' dir='ltr'><strong>Arcadio</strong></span> <span class='ocrx_word' id='word_1_97' title='bbox 2969 551 3261 615; x_wconf 82' lang='lat' dir='ltr'><strong>habebant,</strong></span> <span class='ocrx_word' id='word_1_98' title='bbox 3294 553 3387 606; x_wconf 83' lang='lat' dir='ltr'><strong>sed</strong></span> <span class='ocrx_word' id='word_1_99' title='bbox 3428 551 3591 607; x_wconf 88' lang='lat' dir='ltr'><strong>etiam</strong></span> 
     </span>
    </p>
   </div>
   <div class='ocr_carea' id='block_1_15' title="bbox 2027 644 3594 715">
    <p class='ocr_par' dir='ltr' id='par_1_15' title="bbox 2027 644 3594 715">
     <span class='ocr_line' id='line_1_15' title="bbox 2027 644 3594 715; baseline -0.001 -16"><span class='ocrx_word' id='word_1_100' title='bbox 2027 647 2093 699; x_wconf 85' lang='lat' dir='ltr'><strong>ad</strong></span> <span class='ocrx_word' id='word_1_101' title='bbox 2136 655 2358 700; x_wconf 79' lang='lat' dir='ltr'><strong>senatus</strong></span> <span class='ocrx_word' id='word_1_102' title='bbox 2389 644 2669 715; x_wconf 78' lang='lat' dir='ltr'><strong>praefectos</strong></span> <span class='ocrx_word' id='word_1_103' title='bbox 2705 646 2851 700; x_wconf 97' lang='lat' dir='ltr'><strong>misit</strong></span> <span class='ocrx_word' id='word_1_104' title='bbox 2897 645 3186 699; x_wconf 81' lang='lat' dir='ltr'><strong>Persarum</strong></span> <span class='ocrx_word' id='word_1_105' title='bbox 3222 661 3312 697; x_wconf 85' lang='lat' dir='ltr'><strong>rex</strong></span> <span class='ocrx_word' id='word_1_106' title='bbox 3345 644 3594 714; x_wconf 78' lang='lat' dir='ltr'><strong>legatos;</strong></span> 
     </span>
    </p>
   </div>
   <div class='ocr_carea' id='block_1_16' title="bbox 2026 734 3595 801">
    <p class='ocr_par' dir='ltr' id='par_1_16' title="bbox 2026 734 3595 801">
     <span class='ocr_line' id='line_1_16' title="bbox 2026 734 3595 801; baseline -0.004 -9"><span class='ocrx_word' id='word_1_107' title='bbox 2026 738 2300 793; x_wconf 78' lang='lat' dir='ltr'><strong>Chosrees</strong></span> <span class='ocrx_word' id='word_1_108' title='bbox 2349 748 2527 791; x_wconf 90' lang='lat' dir='ltr'><strong>autem</strong></span> <span class='ocrx_word' id='word_1_109' title='bbox 2571 748 2688 791; x_wconf 86' lang='lat' dir='ltr'><strong>erat</strong></span> <span class='ocrx_word' id='word_1_110' title='bbox 2722 752 2816 792; x_wconf 82' lang='lat' dir='ltr'><strong>rex</strong></span> <span class='ocrx_word' id='word_1_111' title='bbox 2858 737 2971 801; x_wconf 89' lang='lat' dir='ltr'><strong>ille,</strong></span> <span class='ocrx_word' id='word_1_112' title='bbox 3019 736 3259 790; x_wconf 90' lang='lat' dir='ltr'><strong>omnium</strong></span> <span class='ocrx_word' id='word_1_113' title='bbox 3308 734 3595 789; x_wconf 87' lang='lat' dir='ltr'><strong>Persarum</strong></span> 
     </span>
    </p>
   </div>
   <div class='ocr_carea' id='block_1_17' title="bbox 2026 826 3601 896">
    <p class='ocr_par' dir='ltr' id='par_1_17' title="bbox 2026 826 3601 896">
     <span class='ocr_line' id='line_1_17' title="bbox 2026 826 3601 896; baseline -0.004 -10"><span class='ocrx_word' id='word_1_114' title='bbox 2026 830 2441 886; x_wconf 80' lang='lat' dir='ltr'><strong>crudelissimus</strong></span> <span class='ocrx_word' id='word_1_115' title='bbox 2477 829 2739 883; x_wconf 85' lang='lat' dir='ltr'><strong>habitus:</strong></span> <span class='ocrx_word' id='word_1_116' title='bbox 2788 829 2938 883; x_wconf 92' lang='lat' dir='ltr'><strong>misit</strong></span> <span class='ocrx_word' id='word_1_117' title='bbox 2971 839 3150 882; x_wconf 89' lang='lat' dir='ltr'><strong>tamen</strong></span> <span class='ocrx_word' id='word_1_118' title='bbox 3193 828 3309 896; x_wconf 89' lang='lat' dir='ltr'><strong>ipse</strong></span> <span class='ocrx_word' id='word_1_119' title='bbox 3340 826 3403 879; x_wconf 89' lang='lat' dir='ltr'><strong>ad</strong></span> <span class='ocrx_word' id='word_1_120' title='bbox 3443 842 3601 880; x_wconf 90' lang='lat' dir='ltr'><strong>sena-</strong></span> 
     </span>
    </p>
   </div>
   <div class='ocr_carea' id='block_1_18' title="bbox 2029 907 3603 991">
    <p class='ocr_par' dir='ltr' id='par_1_18' title="bbox 2029 907 3603 991">
     <span class='ocr_line' id='line_1_18' title="bbox 2029 907 3603 991; baseline -0.003 -16"><span class='ocrx_word' id='word_1_121' title='bbox 2029 931 2142 975; x_wconf 92' lang='lat' dir='ltr'><strong>tum</strong></span> <span class='ocrx_word' id='word_1_122' title='bbox 2197 922 2401 991; x_wconf 86' lang='lat' dir='ltr'><strong>legatos</strong></span> <span class='ocrx_word' id='word_1_123' title='bbox 2448 920 2541 990; x_wconf 87' lang='lat' dir='ltr'><strong>qui</strong></span> <span class='ocrx_word' id='word_1_124' title='bbox 2597 907 2865 974; x_wconf 39' lang='lat' dir='ltr'><strong>dicerent‘</strong></span> <span class='ocrx_word' id='word_1_125' title='bbox 2895 920 3095 974; x_wconf 87' lang='lat' dir='ltr'><strong>bellum</strong></span> <span class='ocrx_word' id='word_1_126' title='bbox 3153 918 3510 973; x_wconf 87' lang='lat' dir='ltr'><strong>intermittere</strong></span> <span class='ocrx_word' id='word_1_127' title='bbox 3548 926 3603 970; x_wconf 80' lang='lat' dir='ltr'><strong>et</strong></span> 
     </span>
    </p>
   </div>
   <div class='ocr_carea' id='block_1_19' title="bbox 2032 1010 3601 1081">
    <p class='ocr_par' dir='ltr' id='par_1_19' title="bbox 2032 1010 3601 1081">
     <span class='ocr_line' id='line_1_19' title="bbox 2032 1010 3601 1081; baseline -0.004 -16"><span class='ocrx_word' id='word_1_128' title='bbox 2032 1011 2307 1066; x_wconf 80' lang='lat' dir='ltr'><strong>infantulo</strong></span> <span class='ocrx_word' id='word_1_129' title='bbox 2327 1013 2435 1081; x_wconf 89' lang='lat' dir='ltr'><strong>regi</strong></span> <span class='ocrx_word' id='word_1_130' title='bbox 2471 1012 2934 1080; x_wconf 86' lang='lat' dir='ltr'><strong>patrocinaturum</strong></span> <span class='ocrx_word' id='word_1_131' title='bbox 2969 1026 3110 1073; x_wconf 83' lang='lat' dir='ltr'><strong>esse,</strong></span> <span class='ocrx_word' id='word_1_132' title='bbox 3146 1026 3208 1065; x_wconf 85' lang='lat' dir='ltr'><strong>ac</strong></span> <span class='ocrx_word' id='word_1_133' title='bbox 3239 1010 3283 1064; x_wconf 92' lang='lat' dir='ltr'><strong>si</strong></span> <span class='ocrx_word' id='word_1_134' title='bbox 3304 1010 3427 1079; x_wconf 85' lang='lat' dir='ltr'><strong>quis</strong></span> <span class='ocrx_word' id='word_1_135' title='bbox 3450 1023 3601 1062; x_wconf 87' lang='lat' dir='ltr'><strong>arma</strong></span> 
     </span>
    </p>
   </div>
   <div class='ocr_carea' id='block_1_20' title="bbox 2032 1100 3604 1168">
    <p class='ocr_par' dir='ltr' id='par_1_20' title="bbox 2032 1100 3604 1168">
     <span class='ocr_line' id='line_1_20' title="bbox 2032 1100 3604 1168; baseline -0.003 -12"><span class='ocrx_word' id='word_1_136' title='bbox 2032 1117 2252 1156; x_wconf 85' lang='lat' dir='ltr'><strong>movere</strong></span> <span class='ocrx_word' id='word_1_137' title='bbox 2283 1100 2523 1164; x_wconf 80' lang='lat' dir='ltr'><strong>audebit,</strong></span> <span class='ocrx_word' id='word_1_138' title='bbox 2553 1102 2679 1155; x_wconf 89' lang='lat' dir='ltr'><strong>totis</strong></span> <span class='ocrx_word' id='word_1_139' title='bbox 2706 1102 2911 1157; x_wconf 86' lang='lat' dir='ltr'><strong>viribus</strong></span> <span class='ocrx_word' id='word_1_140' title='bbox 2946 1103 3062 1157; x_wconf 90' lang='lat' dir='ltr'><strong>suis</strong></span> <span class='ocrx_word' id='word_1_141' title='bbox 3091 1103 3332 1155; x_wconf 91' lang='lat' dir='ltr'><strong>ulturum</strong></span> <span class='ocrx_word' id='word_1_142' title='bbox 3366 1114 3604 1168; x_wconf 87' lang='lat' dir='ltr'><strong>cumque</strong></span> 
     </span>
    </p>
   </div>
   <div class='ocr_carea' id='block_1_21' title="bbox 2032 1194 3603 1264">
    <p class='ocr_par' dir='ltr' id='par_1_21' title="bbox 2032 1194 3603 1264">
     <span class='ocr_line' id='line_1_21' title="bbox 2032 1194 3603 1264; baseline -0.004 -16"><span class='ocrx_word' id='word_1_143' title='bbox 2032 1194 2252 1264; x_wconf 89' lang='lat' dir='ltr'><strong>proprio</strong></span> <span class='ocrx_word' id='word_1_144' title='bbox 2298 1195 2541 1249; x_wconf 69' lang='lat' dir='ltr'><strong>exercitu</strong></span> <span class='ocrx_word' id='word_1_145' title='bbox 2586 1201 2773 1247; x_wconf 80' lang='lat' dir='ltr'><strong>contra</strong></span> <span class='ocrx_word' id='word_1_146' title='bbox 2806 1194 2949 1247; x_wconf 82' lang='lat' dir='ltr'><strong>illam</strong></span> <span class='ocrx_word' id='word_1_147' title='bbox 2980 1194 3166 1247; x_wconf 82' lang='lat' dir='ltr'><strong>urbem</strong></span> <span class='ocrx_word' id='word_1_148' title='bbox 3201 1194 3403 1245; x_wconf 89' lang='lat' dir='ltr'><strong>iturum</strong></span> <span class='ocrx_word' id='word_1_149' title='bbox 3437 1200 3603 1259; x_wconf 87' lang='lat' dir='ltr'><strong>atque</strong></span> 
     </span>
    </p>
   </div>
   <div class='ocr_carea' id='block_1_22' title="bbox 2033 1286 3603 1356">
    <p class='ocr_par' dir='ltr' id='par_1_22' title="bbox 2033 1286 3603 1356">
     <span class='ocr_line' id='line_1_22' title="bbox 2033 1286 3603 1356; baseline -0.004 -17"><span class='ocrx_word' id='word_1_150' title='bbox 2033 1300 2248 1339; x_wconf 87' lang='lat' dir='ltr'><strong>omnem</strong></span> <span class='ocrx_word' id='word_1_151' title='bbox 2311 1300 2499 1339; x_wconf 88' lang='lat' dir='ltr'><strong>curam</strong></span> <span class='ocrx_word' id='word_1_152' title='bbox 2536 1294 2903 1356; x_wconf 82' lang='lat' dir='ltr'><strong>conatumque</strong></span> <span class='ocrx_word' id='word_1_153' title='bbox 2947 1286 3001 1339; x_wconf 94' lang='lat' dir='ltr'><strong>in</strong></span> <span class='ocrx_word' id='word_1_154' title='bbox 3038 1286 3090 1339; x_wconf 89' lang='lat' dir='ltr'><strong>id</strong></span> <span class='ocrx_word' id='word_1_155' title='bbox 3135 1286 3514 1353; x_wconf 87' lang='lat' dir='ltr'><strong>impensurum</strong></span> <span class='ocrx_word' id='word_1_156' title='bbox 3546 1292 3603 1333; x_wconf 89' lang='lat' dir='ltr'><strong>ut</strong></span> 
     </span>
    </p>
   </div>
   <div class='ocr_carea' id='block_1_23' title="bbox 2033 1373 3285 1445">
    <p class='ocr_par' dir='ltr' id='par_1_23' title="bbox 2033 1373 3285 1445">
     <span class='ocr_line' id='line_1_23' title="bbox 2033 1373 3285 1445; baseline -0.002 -15"><span class='ocrx_word' id='word_1_157' title='bbox 2033 1376 2152 1445; x_wconf 88' lang='lat' dir='ltr'><strong>ejus</strong></span> <span class='ocrx_word' id='word_1_158' title='bbox 2182 1390 2367 1429; x_wconf 82' lang='lat' dir='ltr'><strong>eversa</strong></span> <span class='ocrx_word' id='word_1_159' title='bbox 2401 1373 2751 1429; x_wconf 76' lang='lat' dir='ltr'><strong>fundamenta</strong></span> <span class='ocrx_word' id='word_1_160' title='bbox 2782 1377 2833 1429; x_wconf 91' lang='lat' dir='ltr'><strong>in</strong></span> <span class='ocrx_word' id='word_1_161' title='bbox 2862 1391 3010 1430; x_wconf 89' lang='lat' dir='ltr'><strong>mare</strong></span> <span class='ocrx_word' id='word_1_162' title='bbox 3045 1374 3285 1445; x_wconf 82' lang='lat' dir='ltr'><strong>dejiciat.</strong></span> 
     </span>
    </p>
   </div>
   <div class='ocr_carea' id='block_1_24' title="bbox 342 1466 3607 1543">
    <p class='ocr_par' dir='ltr' id='par_1_24' title="bbox 342 1466 3607 1543">
     <span class='ocr_line' id='line_1_24' title="bbox 342 1466 3607 1543; baseline 0 -24"><span class='ocrx_word' id='word_1_163' title='bbox 342 1467 469 1519; x_wconf 77' lang='grc' dir='ltr'>κατ’</span> <span class='ocrx_word' id='word_1_164' title='bbox 496 1466 667 1535; x_wconf 79' lang='grc' dir='ltr'>αὐτῆς</span> <span class='ocrx_word' id='word_1_165' title='bbox 700 1467 803 1535; x_wconf 78' lang='grc' dir='ltr'>τῆς</span> <span class='ocrx_word' id='word_1_166' title='bbox 845 1468 1053 1531; x_wconf 88' lang='grc' dir='ltr'>πόλεως</span> <span class='ocrx_word' id='word_1_167' title='bbox 1086 1470 1183 1522; x_wconf 78' lang='grc' dir='ltr'>σὺν</span> <span class='ocrx_word' id='word_1_168' title='bbox 1216 1469 1294 1539; x_wconf 79' lang='grc' dir='ltr'><strong>τῷ</strong></span> <span class='ocrx_word' id='word_1_169' title='bbox 1327 1472 1513 1541; x_wconf 78' lang='grc' dir='ltr'>οἰκείῳ</span> <span class='ocrx_word' id='word_1_170' title='bbox 1556 1472 1794 1542; x_wconf 84' lang='grc' dir='ltr'>στρατῷ,</span> <span class='ocrx_word' id='word_1_171' title='bbox 1828 1472 1923 1525; x_wconf 72' lang='grc' dir='ltr'><strong>καὶ</strong></span> <span class='ocrx_word' id='word_1_172' title='bbox 1962 1472 2144 1524; x_wconf 81' lang='grc' dir='ltr'>πᾶσαν</span> <span class='ocrx_word' id='word_1_173' title='bbox 2177 1471 2412 1541; x_wconf 81' lang='grc' dir='ltr'>σπουδὴν</span> <span class='ocrx_word' id='word_1_174' title='bbox 2446 1471 2670 1543; x_wconf 87' lang='grc' dir='ltr'>θήσεται</span> <span class='ocrx_word' id='word_1_175' title='bbox 2703 1472 2795 1525; x_wconf 75' lang='grc' dir='ltr'>καὶ</span> <span class='ocrx_word' id='word_1_176' title='bbox 2858 1472 3048 1539; x_wconf 81' lang='grc' dir='ltr'>ἀγῶνα</span> <span class='ocrx_word' id='word_1_177' title='bbox 3076 1470 3167 1525; x_wconf 84' lang='grc' dir='ltr'><strong>τοῦ</strong></span> <span class='ocrx_word' id='word_1_178' title='bbox 3200 1475 3294 1525; x_wconf 67' lang='grc' dir='ltr'>καὶ</span> <span class='ocrx_word' id='word_1_179' title='bbox 3354 1470 3419 1523; x_wconf 87' lang='grc' dir='ltr'><strong>τά</strong></span> <span class='ocrx_word' id='word_1_180' title='bbox 3448 1467 3607 1539; x_wconf 82' lang='grc' dir='ltr'>θεμέ-</span> 
     </span>
    </p>
   </div>
   <div class='ocr_carea' id='block_1_25' title="bbox 338 1559 1786 1633">
    <p class='ocr_par' dir='ltr' id='par_1_25' title="bbox 338 1559 1786 1633">
     <span class='ocr_line' id='line_1_25' title="bbox 338 1559 1786 1633; baseline 0.006 -22"><span class='ocrx_word' id='word_1_181' title='bbox 338 1559 430 1614; x_wconf 80' lang='grc' dir='ltr'><strong>λια</strong></span> <span class='ocrx_word' id='word_1_182' title='bbox 457 1559 663 1629; x_wconf 83' lang='grc' dir='ltr'>ταύτης</span> <span class='ocrx_word' id='word_1_183' title='bbox 698 1560 1052 1629; x_wconf 73' lang='grc' dir='ltr'>ἀναστρέψας</span> <span class='ocrx_word' id='word_1_184' title='bbox 1077 1561 1157 1623; x_wconf 85' lang='grc' dir='ltr'><strong>είς</strong></span> <span class='ocrx_word' id='word_1_185' title='bbox 1199 1560 1474 1615; x_wconf 86' lang='grc' dir='ltr'>Θάλασσαν</span> <span class='ocrx_word' id='word_1_186' title='bbox 1508 1563 1786 1633; x_wconf 84' lang='grc' dir='ltr'>ἐμϐαλεῖν.</span> 
     </span>
    </p>
   </div>
   <div class='ocr_carea' id='block_1_26' title="bbox 428 1648 1922 1739">
    <p class='ocr_par' dir='ltr' id='par_1_26' title="bbox 428 1648 1922 1739">
     <span class='ocr_line' id='line_1_26' title="bbox 428 1648 1922 1739; baseline 0.001 -35"><span class='ocrx_word' id='word_1_187' title='bbox 428 1649 671 1714; x_wconf 82' lang='grc' dir='ltr'>’Δκούεις</span> <span class='ocrx_word' id='word_1_188' title='bbox 725 1648 991 1719; x_wconf 85' lang='grc' dir='ltr'>βασιλέως</span> <span class='ocrx_word' id='word_1_189' title='bbox 1047 1649 1327 1739; x_wconf 51' lang='grc' dir='ltr'>βαρϐάρῳ</span> <span class='ocrx_word' id='word_1_190' title='bbox 1361 1652 1455 1704; x_wconf 73' lang='grc' dir='ltr'>καὶ</span> <span class='ocrx_word' id='word_1_191' title='bbox 1502 1652 1797 1717; x_wconf 85' lang='grc' dir='ltr'>δυσσεϐοῦς</span> <span class='ocrx_word' id='word_1_192' title='bbox 1831 1670 1922 1721; x_wconf 80' lang='grc' dir='ltr'>φι·</span> 
     </span>
    </p>
   </div>
   <div class='ocr_carea' id='block_1_27' title="bbox 338 1740 1922 1811">
    <p class='ocr_par' dir='ltr' id='par_1_27' title="bbox 338 1740 1922 1811">
     <span class='ocr_line' id='line_1_27' title="bbox 338 1740 1922 1811; baseline 0.001 -16"><span class='ocrx_word' id='word_1_193' title='bbox 338 1741 694 1811; x_wconf 85' lang='grc' dir='ltr'>λανθρωπίαν</span> <span class='ocrx_word' id='word_1_194' title='bbox 717 1756 732 1806; x_wconf 87' lang='lat'><strong>;</strong></span> <span class='ocrx_word' id='word_1_195' title='bbox 774 1740 1018 1803; x_wconf 80' lang='grc' dir='ltr'>’Δκούεις</span> <span class='ocrx_word' id='word_1_196' title='bbox 1036 1742 1220 1811; x_wconf 86' lang='grc' dir='ltr'>κρίσιν</span> <span class='ocrx_word' id='word_1_197' title='bbox 1240 1741 1479 1805; x_wconf 83' lang='grc' dir='ltr'>διανοίας</span> <span class='ocrx_word' id='word_1_198' title='bbox 1504 1742 1643 1797; x_wconf 86' lang='grc' dir='ltr'><strong>κατά</strong></span> <span class='ocrx_word' id='word_1_199' title='bbox 1667 1760 1730 1810; x_wconf 90' lang='grc' dir='ltr'><strong>γε</strong></span> <span class='ocrx_word' id='word_1_200' title='bbox 1762 1744 1922 1797; x_wconf 88' lang='grc' dir='ltr'>τοῦτο</span> 
     </span>
    </p>
   </div>
   <div class='ocr_carea' id='block_1_28' title="bbox 340 1831 2000 1926">
    <p class='ocr_par' dir='ltr' id='par_1_28' title="bbox 340 1831 2000 1926">
     <span class='ocr_line' id='line_1_28' title="bbox 340 1831 2000 1926; baseline 0.002 -39"><span class='ocrx_word' id='word_1_201' title='bbox 340 1833 734 1899; x_wconf 74' lang='grc' dir='ltr'>δικαιοτάτηςς</span> <span class='ocrx_word' id='word_1_202' title='bbox 770 1831 880 1886; x_wconf 81' lang='grc' dir='ltr'><strong>Καὶ</strong></span> <span class='ocrx_word' id='word_1_203' title='bbox 912 1832 1022 1903; x_wconf 87' lang='grc' dir='ltr'><strong>γάρ</strong></span> <span class='ocrx_word' id='word_1_204' title='bbox 1052 1832 1242 1903; x_wconf 79' lang='grc' dir='ltr'>ὥσπερ</span> <span class='ocrx_word' id='word_1_205' title='bbox 1278 1835 1305 1885; x_wconf 91' lang='lat'><strong>6</strong></span> <span class='ocrx_word' id='word_1_206' title='bbox 1341 1835 1643 1919; x_wconf 71' lang='grc' dir='ltr'>ἐπιτρέχων</span> <span class='ocrx_word' id='word_1_207' title='bbox 1682 1836 1923 1905; x_wconf 79' lang='grc' dir='ltr'>ὀρφανοῦ</span> <span class='ocrx_word' id='word_1_208' title='bbox 1958 1874 2000 1926; x_wconf 69' lang='grc' dir='ltr'>Β</span> 
     </span>
    </p>
   </div>
   <div class='ocr_carea' id='block_1_29' title="bbox 346 1910 1925 2002">
    <p class='ocr_par' dir='ltr' id='par_1_29' title="bbox 346 1910 1925 2002">
     <span class='ocr_line' id='line_1_29' title="bbox 346 1910 1925 2002; baseline 0.002 -23"><span class='ocrx_word' id='word_1_209' title='bbox 346 1925 540 1987; x_wconf 73' lang='grc' dir='ltr'>παιδὸς</span> <span class='ocrx_word' id='word_1_210' title='bbox 571 1925 859 1994; x_wconf 87' lang='grc' dir='ltr'>πράγμασι</span> <span class='ocrx_word' id='word_1_211' title='bbox 921 1925 1124 1997; x_wconf 75' lang='grc' dir='ltr'>λῃστής</span> <span class='ocrx_word' id='word_1_212' title='bbox 1171 1928 1288 1980; x_wconf 89' lang='grc' dir='ltr'>ἐστι</span> <span class='ocrx_word' id='word_1_213' title='bbox 1326 1927 1420 1980; x_wconf 78' lang='grc' dir='ltr'>καὶ</span> <span class='ocrx_word' id='word_1_214' title='bbox 1448 1910 1655 1997; x_wconf 66' lang='grc' dir='ltr'>ἅρπαξ,</span> <span class='ocrx_word' id='word_1_215' title='bbox 1688 1932 1783 1985; x_wconf 70' lang='grc' dir='ltr'><strong>καὶ</strong></span> <span class='ocrx_word' id='word_1_216' title='bbox 1826 1930 1925 2002; x_wconf 85' lang='grc' dir='ltr'><strong>ούχ</strong></span> 
     </span>
    </p>
   </div>
   <div class='ocr_carea' id='block_1_30' title="bbox 341 2016 1929 2093">
    <p class='ocr_par' dir='ltr' id='par_1_30' title="bbox 341 2016 1929 2093">
     <span class='ocr_line' id='line_1_30' title="bbox 341 2016 1929 2093; baseline 0.004 -23"><span class='ocrx_word' id='word_1_217' title='bbox 341 2016 537 2079; x_wconf 80' lang='grc' dir='ltr'>ἁπλῶς</span> <span class='ocrx_word' id='word_1_218' title='bbox 570 2016 790 2083; x_wconf 62' lang='grc' dir='ltr'>ἄδικος,</span> <span class='ocrx_word' id='word_1_219' title='bbox 806 2017 950 2071; x_wconf 80' lang='grc' dir='ltr'>οὕτω</span> <span class='ocrx_word' id='word_1_220' title='bbox 972 2020 1065 2071; x_wconf 76' lang='grc' dir='ltr'>καὶ</span> <span class='ocrx_word' id='word_1_221' title='bbox 1092 2020 1121 2072; x_wconf 88' lang='lat'><strong>6</strong></span> <span class='ocrx_word' id='word_1_222' title='bbox 1141 2021 1424 2090; x_wconf 80' lang='grc' dir='ltr'>τυραννεῖν</span> <span class='ocrx_word' id='word_1_223' title='bbox 1452 2020 1732 2092; x_wconf 64' lang='grc' dir='ltr'>βουληθεὶς</span> <span class='ocrx_word' id='word_1_224' title='bbox 1753 2024 1929 2093; x_wconf 85' lang='grc' dir='ltr'>ὀρφα-</span> 
     </span>
    </p>
   </div>
   <div class='ocr_carea' id='block_1_31' title="bbox 338 2109 1927 2186">
    <p class='ocr_par' dir='ltr' id='par_1_31' title="bbox 338 2109 1927 2186">
     <span class='ocr_line' id='line_1_31' title="bbox 338 2109 1927 2186; baseline 0.004 -24"><span class='ocrx_word' id='word_1_225' title='bbox 338 2110 432 2163; x_wconf 79' lang='grc' dir='ltr'><strong>νδν</strong></span> <span class='ocrx_word' id='word_1_226' title='bbox 467 2109 698 2180; x_wconf 82' lang='grc' dir='ltr'>βασιλέα</span> <span class='ocrx_word' id='word_1_227' title='bbox 738 2110 833 2163; x_wconf 76' lang='grc' dir='ltr'>καὶ</span> <span class='ocrx_word' id='word_1_228' title='bbox 872 2111 1067 2180; x_wconf 82' lang='grc' dir='ltr'>νήπιον</span> <span class='ocrx_word' id='word_1_229' title='bbox 1116 2112 1179 2165; x_wconf 89' lang='grc' dir='ltr'><strong>ού</strong></span> <span class='ocrx_word' id='word_1_230' title='bbox 1236 2112 1396 2183; x_wconf 87' lang='grc' dir='ltr'>μόνον</span> <span class='ocrx_word' id='word_1_231' title='bbox 1454 2112 1615 2184; x_wconf 84' lang='grc' dir='ltr'>ἔργον</span> <span class='ocrx_word' id='word_1_232' title='bbox 1659 2116 1927 2186; x_wconf 86' lang='grc' dir='ltr'>τυράννου</span> 
     </span>
    </p>
   </div>
   <div class='ocr_carea' id='block_1_32' title="bbox 344 2200 1931 2277">
    <p class='ocr_par' dir='ltr' id='par_1_32' title="bbox 344 2200 1931 2277">
     <span class='ocr_line' id='line_1_32' title="bbox 344 2200 1931 2277; baseline 0.004 -24"><span class='ocrx_word' id='word_1_233' title='bbox 344 2204 510 2265; x_wconf 63' lang='grc' dir='ltr'><strong>⁴ποιεῖ,</strong></span> <span class='ocrx_word' id='word_1_234' title='bbox 542 2200 682 2253; x_wconf 80' lang='grc' dir='ltr'><strong>ἀλλά</strong></span> <span class='ocrx_word' id='word_1_235' title='bbox 703 2201 902 2271; x_wconf 72' lang='grc' dir='ltr'>λῃστοῦ</span> <span class='ocrx_word' id='word_1_236' title='bbox 934 2204 1027 2256; x_wconf 82' lang='grc' dir='ltr'>καὶ</span> <span class='ocrx_word' id='word_1_237' title='bbox 1057 2202 1328 2274; x_wconf 75' lang='grc' dir='ltr'>ἅρπαγος,</span> <span class='ocrx_word' id='word_1_238' title='bbox 1357 2205 1452 2260; x_wconf 89' lang='grc' dir='ltr'>καὶ</span> <span class='ocrx_word' id='word_1_239' title='bbox 1474 2206 1696 2260; x_wconf 85' lang='grc' dir='ltr'>πάντων</span> <span class='ocrx_word' id='word_1_240' title='bbox 1721 2206 1931 2277; x_wconf 82' lang='grc' dir='ltr'>ἀνθρὼ-</span> 
     </span>
    </p>
   </div>
   <div class='ocr_carea' id='block_1_33' title="bbox 342 2293 1931 2371">
    <p class='ocr_par' dir='ltr' id='par_1_33' title="bbox 342 2293 1931 2371">
     <span class='ocr_line' id='line_1_33' title="bbox 342 2293 1931 2371; baseline 0.006 -28"><span class='ocrx_word' id='word_1_241' title='bbox 342 2310 463 2371; x_wconf 70' lang='grc' dir='ltr'>τξων</span> <span class='ocrx_word' id='word_1_242' title='bbox 499 2293 809 2363; x_wconf 86' lang='grc' dir='ltr'>βιαιοτάτου</span> <span class='ocrx_word' id='word_1_243' title='bbox 835 2310 850 2325; x_wconf 83' lang='grc'><em>’</em></span> <span class='ocrx_word' id='word_1_244' title='bbox 899 2295 1037 2365; x_wconf 82' lang='grc' dir='ltr'>ὅπερ</span> <span class='ocrx_word' id='word_1_245' title='bbox 1068 2298 1274 2361; x_wconf 87' lang='grc' dir='ltr'>ἐκεῖνος</span> <span class='ocrx_word' id='word_1_246' title='bbox 1319 2298 1348 2351; x_wconf 85' lang='grc' dir='ltr'><strong>ὁ</strong></span> <span class='ocrx_word' id='word_1_247' title='bbox 1394 2297 1673 2371; x_wconf 87' lang='grc' dir='ltr'>βάρϐαρος</span> <span class='ocrx_word' id='word_1_248' title='bbox 1702 2299 1931 2355; x_wconf 86' lang='grc' dir='ltr'>συνιδὼν</span> 
     </span>
    </p>
   </div>
   <div class='ocr_carea' id='block_1_34' title="bbox 346 2388 1926 2465">
    <p class='ocr_par' dir='ltr' id='par_1_34' title="bbox 346 2388 1926 2465">
     <span class='ocr_line' id='line_1_34' title="bbox 346 2388 1926 2465; baseline 0.005 -25"><span class='ocrx_word' id='word_1_249' title='bbox 346 2388 623 2457; x_wconf 78' lang='grc' dir='ltr'>βασιλεὺς,</span> <span class='ocrx_word' id='word_1_250' title='bbox 647 2392 676 2442; x_wconf 91' lang='lat'><strong>6</strong></span> <span class='ocrx_word' id='word_1_251' title='bbox 706 2391 783 2460; x_wconf 84' lang='grc' dir='ltr'><strong>μή</strong></span> <span class='ocrx_word' id='word_1_252' title='bbox 809 2393 900 2443; x_wconf 76' lang='grc' dir='ltr'><strong>τὸν</strong></span> <span class='ocrx_word' id='word_1_253' title='bbox 931 2391 1173 2461; x_wconf 78' lang='grc' dir='ltr'>Χριστὸν</span> <span class='ocrx_word' id='word_1_254' title='bbox 1186 2394 1278 2446; x_wconf 76' lang='grc' dir='ltr'>καὶ</span> <span class='ocrx_word' id='word_1_255' title='bbox 1301 2393 1433 2447; x_wconf 73' lang='grc' dir='ltr'>Θεὸν</span> <span class='ocrx_word' id='word_1_256' title='bbox 1451 2395 1608 2465; x_wconf 82' lang='grc' dir='ltr'>ἡμῶν</span> <span class='ocrx_word' id='word_1_257' title='bbox 1624 2394 1926 2464; x_wconf 81' lang='grc' dir='ltr'>γινώσκων,</span> 
     </span>
    </p>
   </div>
   <div class='ocr_carea' id='block_1_35' title="bbox 342 2479 1930 2560">
    <p class='ocr_par' dir='ltr' id='par_1_35' title="bbox 342 2479 1930 2560">
     <span class='ocr_line' id='line_1_35' title="bbox 342 2479 1930 2560; baseline 0.008 -28"><span class='ocrx_word' id='word_1_258' title='bbox 342 2479 594 2551; x_wconf 79' lang='grc' dir='ltr'>ῂσχύνθη</span> <span class='ocrx_word' id='word_1_259' title='bbox 628 2482 753 2535; x_wconf 76' lang='grc' dir='ltr'>ἀντὶ</span> <span class='ocrx_word' id='word_1_260' title='bbox 783 2483 884 2553; x_wconf 83' lang='grc' dir='ltr'>τῆς</span> <span class='ocrx_word' id='word_1_261' title='bbox 915 2483 1203 2554; x_wconf 84' lang='grc' dir='ltr'>βασιλικῆς</span> <span class='ocrx_word' id='word_1_262' title='bbox 1232 2484 1399 2539; x_wconf 82' lang='grc' dir='ltr'>αὑτοῦ</span> <span class='ocrx_word' id='word_1_263' title='bbox 1438 2488 1609 2557; x_wconf 81' lang='grc' dir='ltr'>τιμῆς</span> <span class='ocrx_word' id='word_1_264' title='bbox 1651 2489 1787 2559; x_wconf 78' lang='grc' dir='ltr'>πρὸς</span> <span class='ocrx_word' id='word_1_265' title='bbox 1827 2490 1930 2560; x_wconf 79' lang='grc' dir='ltr'>ἀρ-</span> 
     </span>
    </p>
   </div>
   <div class='ocr_carea' id='block_1_36' title="bbox 344 2562 1932 2650">
    <p class='ocr_par' dir='ltr' id='par_1_36' title="bbox 344 2562 1932 2650">
     <span class='ocr_line' id='line_1_36' title="bbox 344 2562 1932 2650; baseline 0.008 -27"><span class='ocrx_word' id='word_1_266' title='bbox 344 2562 527 2639; x_wconf 76' lang='grc' dir='ltr'>παγος</span> <span class='ocrx_word' id='word_1_267' title='bbox 566 2574 665 2626; x_wconf 68' lang='grc' dir='ltr'><strong>καλ⁵</strong></span> <span class='ocrx_word' id='word_1_268' title='bbox 706 2574 907 2644; x_wconf 81' lang='grc' dir='ltr'>λῃστοῦ</span> <span class='ocrx_word' id='word_1_269' title='bbox 939 2575 1165 2644; x_wconf 81' lang='grc' dir='ltr'>ἀτιμίαν</span> <span class='ocrx_word' id='word_1_270' title='bbox 1210 2578 1404 2632; x_wconf 83' lang='grc' dir='ltr'>ἐαυτὸν</span> <span class='ocrx_word' id='word_1_271' title='bbox 1436 2580 1723 2650; x_wconf 87' lang='grc' dir='ltr'>ἐμϐαλεῖν,</span> <span class='ocrx_word' id='word_1_272' title='bbox 1756 2582 1932 2650; x_wconf 65' lang='grc' dir='ltr'>λόγων</span> 
     </span>
    </p>
   </div>
   <div class='ocr_carea' id='block_1_37' title="bbox 330 2663 1931 2742">
    <p class='ocr_par' dir='ltr' id='par_1_37' title="bbox 330 2663 1931 2742">
     <span class='ocr_line' id='line_1_37' title="bbox 330 2663 1931 2742; baseline 0.005 -25"><span class='ocrx_word' id='word_1_273' title='bbox 330 2663 467 2725; x_wconf 54' lang='grc' dir='ltr'>κοῖς</span> <span class='ocrx_word' id='word_1_274' title='bbox 507 2663 642 2731; x_wconf 82' lang='grc' dir='ltr'>πρὸς</span> <span class='ocrx_word' id='word_1_275' title='bbox 674 2665 832 2718; x_wconf 89' lang='grc' dir='ltr'>τοῦτο</span> <span class='ocrx_word' id='word_1_276' title='bbox 880 2666 1279 2736; x_wconf 77' lang='grc' dir='ltr'>διερεθίζουσιν</span> <span class='ocrx_word' id='word_1_277' title='bbox 1309 2669 1471 2724; x_wconf 80' lang='grc' dir='ltr'>αὐτὸν</span> <span class='ocrx_word' id='word_1_278' title='bbox 1502 2671 1620 2739; x_wconf 63' lang='grc' dir='ltr'><strong>(καὶ⁵</strong></span> <span class='ocrx_word' id='word_1_279' title='bbox 1651 2671 1761 2742; x_wconf 94' lang='lat'><strong>7&amp;9</strong></span> <span class='ocrx_word' id='word_1_280' title='bbox 1789 2668 1931 2742; x_wconf 79' lang='grc' dir='ltr'>ἦσαν</span> 
     </span>
    </p>
   </div>
   <div class='ocr_carea' id='block_1_38' title="bbox 343 2756 1933 2834">
    <p class='ocr_par' dir='ltr' id='par_1_38' title="bbox 343 2756 1933 2834">
     <span class='ocr_line' id='line_1_38' title="bbox 343 2756 1933 2834; baseline 0.007 -28"><span class='ocrx_word' id='word_1_281' title='bbox 343 2756 445 2807; x_wconf 69' lang='grc' dir='ltr'>καὶ</span> <span class='ocrx_word' id='word_1_282' title='bbox 473 2756 597 2809; x_wconf 86' lang='grc' dir='ltr'>τότε</span> <span class='ocrx_word' id='word_1_283' title='bbox 624 2757 810 2811; x_wconf 72' lang='grc' dir='ltr'>πολλοὶ</span> <span class='ocrx_word' id='word_1_284' title='bbox 834 2760 1023 2829; x_wconf 73' lang='grc' dir='ltr'>μιαροὶ</span> <span class='ocrx_word' id='word_1_285' title='bbox 1049 2759 1146 2813; x_wconf 83' lang='grc' dir='ltr'>καὶ</span> <span class='ocrx_word' id='word_1_286' title='bbox 1168 2763 1365 2831; x_wconf 75' lang='grc' dir='ltr'>λῃσταὶ</span> <span class='ocrx_word' id='word_1_287' title='bbox 1395 2762 1588 2828; x_wconf 77' lang='grc' dir='ltr'>ὅντως,</span> <span class='ocrx_word' id='word_1_288' title='bbox 1616 2763 1752 2834; x_wconf 76' lang='grc' dir='ltr'>πρὸς</span> <span class='ocrx_word' id='word_1_289' title='bbox 1773 2764 1933 2817; x_wconf 89' lang='grc' dir='ltr'>τοῦτο</span> 
     </span>
    </p>
   </div>
   <div class='ocr_carea' id='block_1_39' title="bbox 344 2846 1932 2925">
    <p class='ocr_par' dir='ltr' id='par_1_39' title="bbox 344 2846 1932 2925">
     <span class='ocr_line' id='line_1_39' title="bbox 344 2846 1932 2925; baseline 0.008 -28"><span class='ocrx_word' id='word_1_290' title='bbox 344 2846 764 2911; x_wconf 73' lang='grc' dir='ltr'>ύποκινοῦντες,</span> <span class='ocrx_word' id='word_1_291' title='bbox 795 2848 985 2917; x_wconf 85' lang='grc' dir='ltr'>ὥσπερ</span> <span class='ocrx_word' id='word_1_292' title='bbox 1017 2852 1111 2903; x_wconf 75' lang='grc' dir='ltr'>καὶ</span> <span class='ocrx_word' id='word_1_293' title='bbox 1147 2850 1243 2905; x_wconf 89' lang='grc' dir='ltr'><strong>νῦν</strong></span> <span class='ocrx_word' id='word_1_294' title='bbox 1272 2854 1411 2906; x_wconf 87' lang='grc' dir='ltr'>εἰσιν</span> <span class='ocrx_word' id='word_1_295' title='bbox 1439 2853 1489 2907; x_wconf 80' lang='grc' dir='ltr'>οἳ</span> <span class='ocrx_word' id='word_1_296' title='bbox 1514 2854 1613 2925; x_wconf 83' lang='grc' dir='ltr'><strong>τήν</strong></span> <span class='ocrx_word' id='word_1_297' title='bbox 1640 2854 1739 2925; x_wconf 79' lang='grc' dir='ltr'>σὴν</span> <span class='ocrx_word' id='word_1_298' title='bbox 1770 2854 1932 2909; x_wconf 87' lang='grc' dir='ltr'>σύνε-</span> 
     </span>
    </p>
   </div>
   <div class='ocr_carea' id='block_1_40' title="bbox 344 2938 1933 3014">
    <p class='ocr_par' dir='ltr' id='par_1_40' title="bbox 344 2938 1933 3014">
     <span class='ocr_line' id='line_1_40' title="bbox 344 2938 1933 3014; baseline 0.009 -27"><span class='ocrx_word' id='word_1_299' title='bbox 344 2953 433 2988; x_wconf 92' lang='grc' dir='ltr'><strong>σιν</strong></span> <span class='ocrx_word' id='word_1_300' title='bbox 465 2938 604 3007; x_wconf 68' lang='grc' dir='ltr'>πρὸς</span> <span class='ocrx_word' id='word_1_301' title='bbox 630 2941 790 2993; x_wconf 90' lang='grc' dir='ltr'>τοῦτο</span> <span class='ocrx_word' id='word_1_302' title='bbox 829 2942 1063 3010; x_wconf 83' lang='grc' dir='ltr'>ὑπάγειν</span> <span class='ocrx_word' id='word_1_303' title='bbox 1098 2944 1540 3014; x_wconf 83' lang='grc' dir='ltr'>σπουδάζονται),</span> <span class='ocrx_word' id='word_1_304' title='bbox 1578 2946 1693 3000; x_wconf 86' lang='grc' dir='ltr'>ἀλλ’</span> <span class='ocrx_word' id='word_1_305' title='bbox 1724 2949 1933 3011; x_wconf 79' lang='grc' dir='ltr'>ἐκεῖνος</span> 
     </span>
    </p>
   </div>
   <div class='ocr_carea' id='block_1_41' title="bbox 339 3024 1930 3104">
    <p class='ocr_par' dir='ltr' id='par_1_41' title="bbox 339 3024 1930 3104">
     <span class='ocr_line' id='line_1_41' title="bbox 339 3024 1930 3104; baseline 0.01 -29"><span class='ocrx_word' id='word_1_306' title='bbox 339 3024 536 3091; x_wconf 65' lang='grc' dir='ltr'>ἔλεγεν</span> <span class='ocrx_word' id='word_1_307' title='bbox 581 3026 708 3080; x_wconf 79' lang='grc' dir='ltr'>οὔτε</span> <span class='ocrx_word' id='word_1_308' title='bbox 755 3028 944 3083; x_wconf 81' lang='grc' dir='ltr'>δίκαια</span> <span class='ocrx_word' id='word_1_309' title='bbox 974 3028 1100 3083; x_wconf 72' lang='grc' dir='ltr'>οὔτε</span> <span class='ocrx_word' id='word_1_310' title='bbox 1133 3032 1484 3103; x_wconf 84' lang='grc' dir='ltr'>συμφέροντα</span> <span class='ocrx_word' id='word_1_311' title='bbox 1536 3034 1930 3104; x_wconf 85' lang='grc' dir='ltr'>συμϐουλεύειν</span> 
     </span>
    </p>
   </div>
   <div class='ocr_carea' id='block_1_42' title="bbox 340 3116 1933 3199">
    <p class='ocr_par' dir='ltr' id='par_1_42' title="bbox 340 3116 1933 3199">
     <span class='ocr_line' id='line_1_42' title="bbox 340 3116 1933 3199; baseline 0.01 -32"><span class='ocrx_word' id='word_1_312' title='bbox 340 3116 499 3186; x_wconf 82' lang='grc' dir='ltr'>αὐτῷ</span> <span class='ocrx_word' id='word_1_313' title='bbox 519 3132 531 3146; x_wconf 89' lang='grc'><strong>·</strong></span> <span class='ocrx_word' id='word_1_314' title='bbox 576 3118 638 3172; x_wconf 83' lang='grc' dir='ltr'><strong>τὺ</strong></span> <span class='ocrx_word' id='word_1_315' title='bbox 671 3119 771 3190; x_wconf 72' lang='grc' dir='ltr'>μὲν</span> <span class='ocrx_word' id='word_1_316' title='bbox 803 3121 912 3192; x_wconf 82' lang='grc' dir='ltr'><strong>γὰρ</strong></span> <span class='ocrx_word' id='word_1_317' title='bbox 947 3124 1278 3193; x_wconf 87' lang='grc' dir='ltr'>προσλαϐεῖν</span> <span class='ocrx_word' id='word_1_318' title='bbox 1311 3125 1474 3196; x_wconf 72' lang='grc' dir='ltr'>τυχὸν</span> <span class='ocrx_word' id='word_1_319' title='bbox 1521 3127 1809 3199; x_wconf 85' lang='grc' dir='ltr'>πλοῦτονῆ</span> <span class='ocrx_word' id='word_1_320' title='bbox 1842 3128 1933 3182; x_wconf 77' lang='grc' dir='ltr'>δυ-</span> 
     </span>
    </p>
   </div>
   <div class='ocr_carea' id='block_1_43' title="bbox 2102 1644 3603 1722">
    <p class='ocr_par' dir='ltr' id='par_1_43' title="bbox 2102 1644 3603 1722">
     <span class='ocr_line' id='line_1_43' title="bbox 2102 1644 3603 1722; baseline -0.003 -15"><span class='ocrx_word' id='word_1_321' title='bbox 2102 1652 2335 1707; x_wconf 77' lang='lat' dir='ltr'><strong>Videsne</strong></span> <span class='ocrx_word' id='word_1_322' title='bbox 2391 1652 2605 1707; x_wconf 78' lang='lat' dir='ltr'><strong>barl-ari</strong></span> <span class='ocrx_word' id='word_1_323' title='bbox 2669 1664 2722 1706; x_wconf 88' lang='lat' dir='ltr'><strong>et</strong></span> <span class='ocrx_word' id='word_1_324' title='bbox 2776 1651 2924 1722; x_wconf 88' lang='lat' dir='ltr'><strong>impii</strong></span> <span class='ocrx_word' id='word_1_325' title='bbox 2983 1653 3126 1721; x_wconf 82' lang='lat' dir='ltr'><strong>regis</strong></span> <span class='ocrx_word' id='word_1_326' title='bbox 3173 1644 3603 1705; x_wconf 77' lang='lat' dir='ltr'><strong>humanitatem?</strong></span> 
     </span>
    </p>
   </div>
   <div class='ocr_carea' id='block_1_44' title="bbox 2030 1745 3604 1816">
    <p class='ocr_par' dir='ltr' id='par_1_44' title="bbox 2030 1745 3604 1816">
     <span class='ocr_line' id='line_1_44' title="bbox 2030 1745 3604 1816; baseline -0.001 -17"><span class='ocrx_word' id='word_1_327' title='bbox 2030 1747 2259 1801; x_wconf 90' lang='lat' dir='ltr'><strong>audisne</strong></span> <span class='ocrx_word' id='word_1_328' title='bbox 2300 1748 2495 1801; x_wconf 88' lang='lat' dir='ltr'><strong>mentis</strong></span> <span class='ocrx_word' id='word_1_329' title='bbox 2530 1746 2583 1800; x_wconf 91' lang='lat' dir='ltr'><strong>in</strong></span> <span class='ocrx_word' id='word_1_330' title='bbox 2614 1746 2717 1801; x_wconf 92' lang='lat' dir='ltr'><strong>hoc</strong></span> <span class='ocrx_word' id='word_1_331' title='bbox 2743 1746 2932 1801; x_wconf 83' lang='lat' dir='ltr'><strong>saltem</strong></span> <span class='ocrx_word' id='word_1_332' title='bbox 2954 1745 3273 1815; x_wconf 72' lang='lat' dir='ltr'><strong>justissima:</strong></span> <span class='ocrx_word' id='word_1_333' title='bbox 3294 1746 3604 1816; x_wconf 70' lang='lat' dir='ltr'><strong>judicium?</strong></span> 
     </span>
    </p>
   </div>
   <div class='ocr_carea' id='block_1_45' title="bbox 2032 1835 3597 1906">
    <p class='ocr_par' dir='ltr' id='par_1_45' title="bbox 2032 1835 3597 1906">
     <span class='ocr_line' id='line_1_45' title="bbox 2032 1835 3597 1906; baseline -0.001 -15"><span class='ocrx_word' id='word_1_334' title='bbox 2032 1836 2185 1892; x_wconf 85' lang='lat' dir='ltr'><strong>Sicut</strong></span> <span class='ocrx_word' id='word_1_335' title='bbox 2212 1837 2355 1892; x_wconf 85' lang='lat' dir='ltr'><strong>enim</strong></span> <span class='ocrx_word' id='word_1_336' title='bbox 2392 1839 2515 1905; x_wconf 88' lang='lat' dir='ltr'><strong>quis</strong></span> <span class='ocrx_word' id='word_1_337' title='bbox 2552 1836 2783 1906; x_wconf 79' lang='lat' dir='ltr'><strong>orphani</strong></span> <span class='ocrx_word' id='word_1_338' title='bbox 2835 1852 2920 1891; x_wconf 89' lang='lat' dir='ltr'><strong>res</strong></span> <span class='ocrx_word' id='word_1_339' title='bbox 2952 1835 3180 1894; x_wconf 85' lang='lat' dir='ltr'><strong>invadit.</strong></span> <span class='ocrx_word' id='word_1_340' title='bbox 3215 1837 3354 1889; x_wconf 81' lang='lat' dir='ltr'><strong>latro</strong></span> <span class='ocrx_word' id='word_1_341' title='bbox 3384 1847 3437 1890; x_wconf 89' lang='lat' dir='ltr'><strong>et</strong></span> <span class='ocrx_word' id='word_1_342' title='bbox 3472 1850 3597 1905; x_wconf 61' lang='lat' dir='ltr'><strong>rapr</strong></span> 
     </span>
    </p>
   </div>
   <div class='ocr_carea' id='block_1_46' title="bbox 2035 1927 3609 2000">
    <p class='ocr_par' dir='ltr' id='par_1_46' title="bbox 2035 1927 3609 2000">
     <span class='ocr_line' id='line_1_46' title="bbox 2035 1927 3609 2000; baseline -0.003 -16"><span class='ocrx_word' id='word_1_343' title='bbox 2035 1939 2119 1984; x_wconf 84' lang='lat' dir='ltr'><strong>tor</strong></span> <span class='ocrx_word' id='word_1_344' title='bbox 2140 1940 2247 1994; x_wconf 84' lang='lat' dir='ltr'><strong>est,</strong></span> <span class='ocrx_word' id='word_1_345' title='bbox 2281 1945 2377 1985; x_wconf 89' lang='lat' dir='ltr'><strong>nec</strong></span> <span class='ocrx_word' id='word_1_346' title='bbox 2413 1940 2621 1985; x_wconf 78' lang='lat' dir='ltr'><strong>tantum</strong></span> <span class='ocrx_word' id='word_1_347' title='bbox 2644 1930 2882 2000; x_wconf 89' lang='lat' dir='ltr'><strong>iujustus</strong></span> <span class='ocrx_word' id='word_1_348' title='bbox 2926 1946 2940 1983; x_wconf 88' lang='lat'><strong>:</strong></span> <span class='ocrx_word' id='word_1_349' title='bbox 2972 1930 3041 1983; x_wconf 90' lang='lat' dir='ltr'><strong>ita</strong></span> <span class='ocrx_word' id='word_1_350' title='bbox 3075 1927 3167 1996; x_wconf 84' lang='lat' dir='ltr'><strong>qui</strong></span> <span class='ocrx_word' id='word_1_351' title='bbox 3198 1943 3374 1998; x_wconf 87' lang='lat' dir='ltr'><strong>regem</strong></span> <span class='ocrx_word' id='word_1_352' title='bbox 3404 1928 3609 1996; x_wconf 62' lang='lat' dir='ltr'><strong>orpha»</strong></span> 
     </span>
    </p>
   </div>
   <div class='ocr_carea' id='block_1_47' title="bbox 2035 2020 3602 2091">
    <p class='ocr_par' dir='ltr' id='par_1_47' title="bbox 2035 2020 3602 2091">
     <span class='ocr_line' id='line_1_47' title="bbox 2035 2020 3602 2091; baseline -0.003 -14"><span class='ocrx_word' id='word_1_353' title='bbox 2035 2038 2162 2077; x_wconf 88' lang='lat' dir='ltr'><strong>num</strong></span> <span class='ocrx_word' id='word_1_354' title='bbox 2184 2032 2237 2077; x_wconf 89' lang='lat' dir='ltr'><strong>et</strong></span> <span class='ocrx_word' id='word_1_355' title='bbox 2262 2023 2590 2077; x_wconf 80' lang='lat' dir='ltr'><strong>infantulum</strong></span> <span class='ocrx_word' id='word_1_356' title='bbox 2610 2022 2919 2091; x_wconf 81' lang='lat' dir='ltr'><strong>opprimere</strong></span> <span class='ocrx_word' id='word_1_357' title='bbox 2954 2020 3255 2089; x_wconf 85' lang='lat' dir='ltr'><strong>proposuit,</strong></span> <span class='ocrx_word' id='word_1_358' title='bbox 3296 2034 3402 2074; x_wconf 83' lang='lat' dir='ltr'><strong>non</strong></span> <span class='ocrx_word' id='word_1_359' title='bbox 3427 2020 3602 2073; x_wconf 83' lang='lat' dir='ltr'><strong>solum</strong></span> 
     </span>
    </p>
   </div>
   <div class='ocr_carea' id='block_1_48' title="bbox 2036 2109 3608 2185">
    <p class='ocr_par' dir='ltr' id='par_1_48' title="bbox 2036 2109 3608 2185">
     <span class='ocr_line' id='line_1_48' title="bbox 2036 2109 3608 2185; baseline -0.003 -17"><span class='ocrx_word' id='word_1_360' title='bbox 2036 2115 2252 2185; x_wconf 78' lang='lat' dir='ltr'><strong>tyranni</strong></span> <span class='ocrx_word' id='word_1_361' title='bbox 2282 2130 2435 2169; x_wconf 88' lang='lat' dir='ltr'><strong>more</strong></span> <span class='ocrx_word' id='word_1_362' title='bbox 2457 2130 2516 2170; x_wconf 89' lang='lat' dir='ltr'><strong>se</strong></span> <span class='ocrx_word' id='word_1_363' title='bbox 2546 2116 2705 2183; x_wconf 86' lang='lat' dir='ltr'><strong>gerit,</strong></span> <span class='ocrx_word' id='word_1_364' title='bbox 2739 2117 2832 2169; x_wconf 88' lang='lat' dir='ltr'><strong>sed</strong></span> <span class='ocrx_word' id='word_1_365' title='bbox 2864 2122 2923 2168; x_wconf 77' lang='lat' dir='ltr'><strong>et</strong></span> <span class='ocrx_word' id='word_1_366' title='bbox 2952 2112 3175 2166; x_wconf 85' lang='lat' dir='ltr'><strong>latronis</strong></span> <span class='ocrx_word' id='word_1_367' title='bbox 3202 2119 3256 2165; x_wconf 89' lang='lat' dir='ltr'><strong>et</strong></span> <span class='ocrx_word' id='word_1_368' title='bbox 3289 2109 3608 2180; x_wconf 71' lang='lat' dir='ltr'><strong>praadatcris</strong></span> 
     </span>
    </p>
   </div>
   <div class='ocr_carea' id='block_1_49' title="bbox 2034 2202 3608 2275">
    <p class='ocr_par' dir='ltr' id='par_1_49' title="bbox 2034 2202 3608 2275">
     <span class='ocr_line' id='line_1_49' title="bbox 2034 2202 3608 2275; baseline -0.003 -15"><span class='ocrx_word' id='word_1_369' title='bbox 2034 2214 2197 2275; x_wconf 85' lang='lat' dir='ltr'><strong>atque</strong></span> <span class='ocrx_word' id='word_1_370' title='bbox 2231 2206 2474 2261; x_wconf 85' lang='lat' dir='ltr'><strong>omnium</strong></span> <span class='ocrx_word' id='word_1_371' title='bbox 2506 2206 2919 2271; x_wconf 81' lang='lat' dir='ltr'><strong>violentissimi;</strong></span> <span class='ocrx_word' id='word_1_372' title='bbox 2954 2203 3099 2274; x_wconf 87' lang='lat' dir='ltr'><strong>quod</strong></span> <span class='ocrx_word' id='word_1_373' title='bbox 3134 2202 3378 2259; x_wconf 81' lang='lat' dir='ltr'><strong>sentiens</strong></span> <span class='ocrx_word' id='word_1_374' title='bbox 3409 2202 3608 2257; x_wconf 86' lang='lat' dir='ltr'><strong>barba-</strong></span> 
     </span>
    </p>
   </div>
   <div class='ocr_carea' id='block_1_50' title="bbox 2033 2286 3610 2364">
    <p class='ocr_par' dir='ltr' id='par_1_50' title="bbox 2033 2286 3610 2364">
     <span class='ocr_line' id='line_1_50' title="bbox 2033 2286 3610 2364; baseline -0.003 -14"><span class='ocrx_word' id='word_1_375' title='bbox 2033 2312 2126 2352; x_wconf 86' lang='lat' dir='ltr'><strong>rus</strong></span> <span class='ocrx_word' id='word_1_376' title='bbox 2181 2298 2271 2352; x_wconf 88' lang='lat' dir='ltr'><strong>ille</strong></span> <span class='ocrx_word' id='word_1_377' title='bbox 2324 2301 2458 2364; x_wconf 67' lang='lat' dir='ltr'><strong>rex),</strong></span> <span class='ocrx_word' id='word_1_378' title='bbox 2517 2297 2798 2352; x_wconf 83' lang='lat' dir='ltr'><strong>Christum</strong></span> <span class='ocrx_word' id='word_1_379' title='bbox 2858 2307 2913 2352; x_wconf 86' lang='lat' dir='ltr'><strong>et</strong></span> <span class='ocrx_word' id='word_1_380' title='bbox 2965 2295 3132 2350; x_wconf 89' lang='lat' dir='ltr'><strong>Deum</strong></span> <span class='ocrx_word' id='word_1_381' title='bbox 3180 2286 3431 2350; x_wconf 88' lang='lat' dir='ltr'><strong>nostrum</strong></span> <span class='ocrx_word' id='word_1_382' title='bbox 3484 2293 3610 2347; x_wconf 78' lang='lat' dir='ltr'><strong>licet</strong></span> 
     </span>
    </p>
   </div>
   <div class='ocr_carea' id='block_1_51' title="bbox 2035 2385 3609 2461">
    <p class='ocr_par' dir='ltr' id='par_1_51' title="bbox 2035 2385 3609 2461">
     <span class='ocr_line' id='line_1_51' title="bbox 2035 2385 3609 2461; baseline -0.002 -18"><span class='ocrx_word' id='word_1_383' title='bbox 2035 2388 2308 2453; x_wconf 86' lang='lat' dir='ltr'><strong>nesciens,</strong></span> <span class='ocrx_word' id='word_1_384' title='bbox 2360 2390 2579 2445; x_wconf 88' lang='lat' dir='ltr'><strong>erubuit</strong></span> <span class='ocrx_word' id='word_1_385' title='bbox 2627 2390 2868 2461; x_wconf 91' lang='lat' dir='ltr'><strong>seipsum</strong></span> <span class='ocrx_word' id='word_1_386' title='bbox 2926 2390 2978 2443; x_wconf 92' lang='lat' dir='ltr'><strong>in</strong></span> <span class='ocrx_word' id='word_1_387' title='bbox 3013 2388 3240 2445; x_wconf 83' lang='lat' dir='ltr'><strong>latronis</strong></span> <span class='ocrx_word' id='word_1_388' title='bbox 3298 2395 3353 2444; x_wconf 87' lang='lat' dir='ltr'><strong>et</strong></span> <span class='ocrx_word' id='word_1_389' title='bbox 3402 2385 3609 2456; x_wconf 80' lang='lat' dir='ltr'><strong>praeda-</strong></span> 
     </span>
    </p>
   </div>
   <div class='ocr_carea' id='block_1_52' title="bbox 2035 2462 3606 2550">
    <p class='ocr_par' dir='ltr' id='par_1_52' title="bbox 2035 2462 3606 2550">
     <span class='ocr_line' id='line_1_52' title="bbox 2035 2462 3606 2550; baseline -0.001 -16"><span class='ocrx_word' id='word_1_390' title='bbox 2035 2481 2169 2535; x_wconf 89' lang='lat' dir='ltr'><strong>toris</strong></span> <span class='ocrx_word' id='word_1_391' title='bbox 2231 2480 2535 2547; x_wconf 84' lang='lat' dir='ltr'><strong>inlamiam,</strong></span> <span class='ocrx_word' id='word_1_392' title='bbox 2594 2496 2693 2550; x_wconf 92' lang='lat' dir='ltr'><strong>pro</strong></span> <span class='ocrx_word' id='word_1_393' title='bbox 2733 2462 2887 2550; x_wconf 70' lang='lat' dir='ltr'><strong>regio</strong></span> <span class='ocrx_word' id='word_1_394' title='bbox 2927 2481 3137 2535; x_wconf 81' lang='lat' dir='ltr'><strong>honore</strong></span> <span class='ocrx_word' id='word_1_395' title='bbox 3170 2479 3487 2539; x_wconf 81' lang='lat' dir='ltr'><strong>immittere.</strong></span> <span class='ocrx_word' id='word_1_396' title='bbox 3542 2477 3606 2532; x_wconf 77' lang='lat' dir='ltr'><strong>iis</strong></span> 
     </span>
    </p>
   </div>
   <div class='ocr_carea' id='block_1_53' title="bbox 2033 2570 3602 2641">
    <p class='ocr_par' dir='ltr' id='par_1_53' title="bbox 2033 2570 3602 2641">
     <span class='ocr_line' id='line_1_53' title="bbox 2033 2570 3602 2641; baseline -0.003 -17"><span class='ocrx_word' id='word_1_397' title='bbox 2033 2571 2126 2640; x_wconf 90' lang='lat' dir='ltr'><strong>qui</strong></span> <span class='ocrx_word' id='word_1_398' title='bbox 2162 2571 2227 2624; x_wconf 90' lang='lat' dir='ltr'><strong>ad</strong></span> <span class='ocrx_word' id='word_1_399' title='bbox 2281 2571 2333 2625; x_wconf 88' lang='lat' dir='ltr'><strong>id</strong></span> <span class='ocrx_word' id='word_1_400' title='bbox 2374 2586 2499 2625; x_wconf 89' lang='lat' dir='ltr'><strong>eum</strong></span> <span class='ocrx_word' id='word_1_401' title='bbox 2536 2572 2849 2626; x_wconf 79' lang='lat' dir='ltr'><strong>excitabant</strong></span> <span class='ocrx_word' id='word_1_402' title='bbox 2887 2572 3041 2641; x_wconf 92' lang='lat' dir='ltr'><strong>(tunc</strong></span> <span class='ocrx_word' id='word_1_403' title='bbox 3066 2570 3211 2623; x_wconf 92' lang='lat' dir='ltr'><strong>enim</strong></span> <span class='ocrx_word' id='word_1_404' title='bbox 3243 2577 3402 2623; x_wconf 90' lang='lat' dir='ltr'><strong>erant</strong></span> <span class='ocrx_word' id='word_1_405' title='bbox 3439 2572 3602 2620; x_wconf 83' lang='lat' dir='ltr'><strong>etiam</strong></span> 
     </span>
    </p>
   </div>
   <div class='ocr_carea' id='block_1_54' title="bbox 2035 2663 3606 2733">
    <p class='ocr_par' dir='ltr' id='par_1_54' title="bbox 2035 2663 3606 2733">
     <span class='ocr_line' id='line_1_54' title="bbox 2035 2663 3606 2733; baseline 0 -18"><span class='ocrx_word' id='word_1_406' title='bbox 2035 2663 2253 2733; x_wconf 86' lang='lat' dir='ltr'><strong>plurimi</strong></span> <span class='ocrx_word' id='word_1_407' title='bbox 2280 2664 2495 2719; x_wconf 84' lang='lat' dir='ltr'><strong>scelesti</strong></span> <span class='ocrx_word' id='word_1_408' title='bbox 2536 2675 2588 2719; x_wconf 90' lang='lat' dir='ltr'><strong>et</strong></span> <span class='ocrx_word' id='word_1_409' title='bbox 2640 2680 2764 2718; x_wconf 82' lang='lat' dir='ltr'><strong>vere</strong></span> <span class='ocrx_word' id='word_1_410' title='bbox 2799 2664 3059 2723; x_wconf 88' lang='lat' dir='ltr'><strong>latrones.</strong></span> <span class='ocrx_word' id='word_1_411' title='bbox 3099 2663 3165 2716; x_wconf 87' lang='lat' dir='ltr'><strong>ad</strong></span> <span class='ocrx_word' id='word_1_412' title='bbox 3216 2664 3266 2717; x_wconf 87' lang='lat' dir='ltr'><strong>id</strong></span> <span class='ocrx_word' id='word_1_413' title='bbox 3314 2678 3436 2717; x_wconf 90' lang='lat' dir='ltr'><strong>eum</strong></span> <span class='ocrx_word' id='word_1_414' title='bbox 3480 2676 3606 2731; x_wconf 61' lang='lat' dir='ltr'><strong>proo</strong></span> 
     </span>
    </p>
   </div>
   <div class='ocr_carea' id='block_1_55' title="bbox 2035 2750 3608 2822">
    <p class='ocr_par' dir='ltr' id='par_1_55' title="bbox 2035 2750 3608 2822">
     <span class='ocr_line' id='line_1_55' title="bbox 2035 2750 3608 2822; baseline -0.001 -17"><span class='ocrx_word' id='word_1_415' title='bbox 2035 2763 2312 2817; x_wconf 82' lang='lat' dir='ltr'><strong>vorantes,</strong></span> <span class='ocrx_word' id='word_1_416' title='bbox 2348 2753 2489 2806; x_wconf 91' lang='lat' dir='ltr'><strong>sicut</strong></span> <span class='ocrx_word' id='word_1_417' title='bbox 2513 2764 2565 2808; x_wconf 88' lang='lat' dir='ltr'><strong>et</strong></span> <span class='ocrx_word' id='word_1_418' title='bbox 2596 2754 2757 2808; x_wconf 89' lang='lat' dir='ltr'><strong>modo</strong></span> <span class='ocrx_word' id='word_1_419' title='bbox 2789 2762 2919 2808; x_wconf 92' lang='lat' dir='ltr'><strong>sunt</strong></span> <span class='ocrx_word' id='word_1_420' title='bbox 2952 2753 3044 2822; x_wconf 89' lang='lat' dir='ltr'><strong>qui</strong></span> <span class='ocrx_word' id='word_1_421' title='bbox 3079 2762 3230 2809; x_wconf 90' lang='lat' dir='ltr'><strong>tuum</strong></span> <span class='ocrx_word' id='word_1_422' title='bbox 3261 2753 3501 2805; x_wconf 85' lang='lat' dir='ltr'><strong>animum</strong></span> <span class='ocrx_word' id='word_1_423' title='bbox 3539 2750 3608 2805; x_wconf 80' lang='lat' dir='ltr'><strong>ad</strong></span> 
     </span>
    </p>
   </div>
   <div class='ocr_carea' id='block_1_56' title="bbox 2036 2835 3606 2911">
    <p class='ocr_par' dir='ltr' id='par_1_56' title="bbox 2036 2835 3606 2911">
     <span class='ocr_line' id='line_1_56' title="bbox 2036 2835 3606 2911; baseline -0.002 -17"><span class='ocrx_word' id='word_1_424' title='bbox 2036 2841 2139 2894; x_wconf 91' lang='lat' dir='ltr'><strong>hoc</strong></span> <span class='ocrx_word' id='word_1_425' title='bbox 2176 2842 2502 2911; x_wconf 84' lang='lat' dir='ltr'><strong>perpellunt)</strong></span> <span class='ocrx_word' id='word_1_426' title='bbox 2535 2835 2724 2897; x_wconf 71' lang='lat' dir='ltr'><strong>dic’ens</strong></span> <span class='ocrx_word' id='word_1_427' title='bbox 2751 2857 2848 2895; x_wconf 88' lang='lat' dir='ltr'><strong>eos</strong></span> <span class='ocrx_word' id='word_1_428' title='bbox 2878 2841 2978 2895; x_wconf 86' lang='lat' dir='ltr'><strong>sibi</strong></span> <span class='ocrx_word' id='word_1_429' title='bbox 3014 2857 3111 2896; x_wconf 83' lang='lat' dir='ltr'><strong>nec</strong></span> <span class='ocrx_word' id='word_1_430' title='bbox 3136 2842 3279 2910; x_wconf 86' lang='lat' dir='ltr'><strong>justa</strong></span> <span class='ocrx_word' id='word_1_431' title='bbox 3324 2856 3424 2895; x_wconf 90' lang='lat' dir='ltr'><strong>nec</strong></span> <span class='ocrx_word' id='word_1_432' title='bbox 3456 2840 3606 2892; x_wconf 88' lang='lat' dir='ltr'><strong>utilia</strong></span> 
     </span>
    </p>
   </div>
   <div class='ocr_carea' id='block_1_57' title="bbox 2033 2932 3606 3004">
    <p class='ocr_par' dir='ltr' id='par_1_57' title="bbox 2033 2932 3606 3004">
     <span class='ocr_line' id='line_1_57' title="bbox 2033 2932 3606 3004; baseline -0.001 -18"><span class='ocrx_word' id='word_1_433' title='bbox 2033 2932 2261 2987; x_wconf 82' lang='lat' dir='ltr'><strong>suadere</strong></span> <span class='ocrx_word' id='word_1_434' title='bbox 2291 2950 2305 2986; x_wconf 91' lang='lat'><strong>:</strong></span> <span class='ocrx_word' id='word_1_435' title='bbox 2348 2949 2586 3004; x_wconf 86' lang='lat' dir='ltr'><strong>namque</strong></span> <span class='ocrx_word' id='word_1_436' title='bbox 2614 2934 2830 2990; x_wconf 82' lang='lat' dir='ltr'><strong>divitias</strong></span> <span class='ocrx_word' id='word_1_437' title='bbox 2868 2942 2961 2988; x_wconf 82' lang='lat' dir='ltr'><strong>aut</strong></span> <span class='ocrx_word' id='word_1_438' title='bbox 3001 2942 3321 3003; x_wconf 86' lang='lat' dir='ltr'><strong>potestatem</strong></span> <span class='ocrx_word' id='word_1_439' title='bbox 3358 2932 3606 2986; x_wconf 83' lang='lat' dir='ltr'><strong>obtinere</strong></span> 
     </span>
    </p>
   </div>
   <div class='ocr_carea' id='block_1_58' title="bbox 2036 3024 3619 3095">
    <p class='ocr_par' dir='ltr' id='par_1_58' title="bbox 2036 3024 3619 3095">
     <span class='ocr_line' id='line_1_58' title="bbox 2036 3024 3619 3095; baseline -0.001 -18"><span class='ocrx_word' id='word_1_440' title='bbox 2036 3032 2270 3093; x_wconf 88' lang='lat' dir='ltr'><strong>possunt</strong></span> <span class='ocrx_word' id='word_1_441' title='bbox 2318 3033 2371 3077; x_wconf 75' lang='lat' dir='ltr'><strong>et</strong></span> <span class='ocrx_word' id='word_1_442' title='bbox 2426 3025 2554 3078; x_wconf 88' lang='lat' dir='ltr'><strong>mali</strong></span> <span class='ocrx_word' id='word_1_443' title='bbox 2610 3026 2878 3092; x_wconf 88' lang='lat' dir='ltr'><strong>homines,</strong></span> <span class='ocrx_word' id='word_1_444' title='bbox 2915 3041 3111 3081; x_wconf 89' lang='lat' dir='ltr'><strong>nomen</strong></span> <span class='ocrx_word' id='word_1_445' title='bbox 3154 3040 3285 3081; x_wconf 86' lang='lat' dir='ltr'><strong>vero</strong></span> <span class='ocrx_word' id='word_1_446' title='bbox 3310 3024 3619 3095; x_wconf 84' lang='lat' dir='ltr'><strong>gloriosum.</strong></span> 
     </span>
    </p>
   </div>
   <div class='ocr_carea' id='block_1_59' title="bbox 2035 3114 3615 3185">
    <p class='ocr_par' dir='ltr' id='par_1_59' title="bbox 2035 3114 3615 3185">
     <span class='ocr_line' id='line_1_59' title="bbox 2035 3114 3615 3185; baseline 0.001 -16"><span class='ocrx_word' id='word_1_447' title='bbox 2035 3114 2137 3169; x_wconf 87' lang='lat' dir='ltr'><strong>sibi</strong></span> <span class='ocrx_word' id='word_1_448' title='bbox 2169 3126 2621 3184; x_wconf 84' lang='lat' dir='ltr'><strong>comparare,aut</strong></span> <span class='ocrx_word' id='word_1_449' title='bbox 2643 3118 2972 3185; x_wconf 86' lang='lat' dir='ltr'><strong>acquisilum</strong></span> <span class='ocrx_word' id='word_1_450' title='bbox 3005 3133 3225 3173; x_wconf 87' lang='lat' dir='ltr'><strong>servare</strong></span> <span class='ocrx_word' id='word_1_451' title='bbox 3246 3132 3344 3171; x_wconf 89' lang='lat' dir='ltr'><strong>nec</strong></span> <span class='ocrx_word' id='word_1_452' title='bbox 3373 3116 3615 3185; x_wconf 75' lang='lat' dir='ltr'><strong>abjicere</strong></span> 
     </span>
    </p>
   </div>
   <div class='ocr_carea' id='block_1_60' title="bbox 340 3207 1925 3295">
    <p class='ocr_par' dir='ltr' id='par_1_60' title="bbox 340 3214 1925 3295">
     <span class='ocr_line' id='line_1_60' title="bbox 340 3214 1925 3295; baseline 0.011 -32"><span class='ocrx_word' id='word_1_453' title='bbox 340 3214 605 3267; x_wconf 79' lang='grc' dir='ltr'>ναστείαν</span> <span class='ocrx_word' id='word_1_454' title='bbox 648 3216 767 3269; x_wconf 80' lang='grc' dir='ltr'>ἐστὶ</span> <span class='ocrx_word' id='word_1_455' title='bbox 818 3219 911 3272; x_wconf 71' lang='grc' dir='ltr'>καὶ</span> <span class='ocrx_word' id='word_1_456' title='bbox 958 3219 1069 3274; x_wconf 82' lang='grc' dir='ltr'>τῶν</span> <span class='ocrx_word' id='word_1_457' title='bbox 1112 3222 1373 3294; x_wconf 79' lang='grc' dir='ltr'><strong>πονηρῶν⁴</strong></span> <span class='ocrx_word' id='word_1_458' title='bbox 1417 3225 1745 3295; x_wconf 81' lang='grc' dir='ltr'>ἀνθρώπων,</span> <span class='ocrx_word' id='word_1_459' title='bbox 1775 3230 1838 3281; x_wconf 82' lang='grc' dir='ltr'><strong>τὺ</strong></span> <span class='ocrx_word' id='word_1_460' title='bbox 1869 3228 1925 3282; x_wconf 82' lang='grc' dir='ltr'>δὲ</span> 
     </span>
    </p>
   </div>
   <div class='ocr_carea' id='block_1_61' title="bbox 2033 3207 3611 3295">
    <p class='ocr_par' dir='ltr' id='par_1_61' title="bbox 2033 3209 3611 3280">
     <span class='ocr_line' id='line_1_61' title="bbox 2033 3209 3611 3280; baseline 0.002 -19"><span class='ocrx_word' id='word_1_461' title='bbox 2033 3209 2272 3264; x_wconf 90' lang='lat' dir='ltr'><strong>virorum</strong></span> <span class='ocrx_word' id='word_1_462' title='bbox 2310 3218 2519 3263; x_wconf 90' lang='lat' dir='ltr'><strong>tantum</strong></span> <span class='ocrx_word' id='word_1_463' title='bbox 2554 3220 2635 3264; x_wconf 85' lang='lat' dir='ltr'><strong>est</strong></span> <span class='ocrx_word' id='word_1_464' title='bbox 2665 3211 3009 3280; x_wconf 91' lang='lat' dir='ltr'><strong>prudentium</strong></span> <span class='ocrx_word' id='word_1_465' title='bbox 3047 3220 3100 3266; x_wconf 90' lang='lat' dir='ltr'><strong>et</strong></span> <span class='ocrx_word' id='word_1_466' title='bbox 3140 3212 3395 3265; x_wconf 75' lang='lat' dir='ltr'><strong>virtutem</strong></span> <span class='ocrx_word' id='word_1_467' title='bbox 3425 3210 3611 3265; x_wconf 58' lang='lat' dir='ltr'><strong>colena</strong></span> 
     </span>
    </p>
   </div>
   <div class='ocr_carea' id='block_1_62' title="bbox 338 3301 1926 3385">
    <p class='ocr_par' dir='ltr' id='par_1_62' title="bbox 338 3301 1926 3385">
     <span class='ocr_line' id='line_1_62' title="bbox 338 3301 1926 3385; baseline 0.011 -31"><span class='ocrx_word' id='word_1_468' title='bbox 338 3301 519 3371; x_wconf 69' lang='grc' dir='ltr'>ὄνομα</span> <span class='ocrx_word' id='word_1_469' title='bbox 548 3303 761 3370; x_wconf 77' lang='grc' dir='ltr'>ἔνδοξον</span> <span class='ocrx_word' id='word_1_470' title='bbox 802 3309 1197 3382; x_wconf 79' lang='grc' dir='ltr'>κτήσασθαι,.ἢ</span> <span class='ocrx_word' id='word_1_471' title='bbox 1232 3313 1432 3383; x_wconf 79' lang='grc' dir='ltr'>κτηθὲν</span> <span class='ocrx_word' id='word_1_472' title='bbox 1474 3314 1801 3385; x_wconf 77' lang='grc' dir='ltr'>διαφυλάξαι</span> <span class='ocrx_word' id='word_1_473' title='bbox 1830 3317 1926 3372; x_wconf 67' lang='grc' dir='ltr'>καὶ</span> 
     </span>
    </p>
   </div>
   <div class='ocr_carea' id='block_1_63' title="bbox 342 3394 1925 3480">
    <p class='ocr_par' dir='ltr' id='par_1_63' title="bbox 342 3394 1925 3480">
     <span class='ocr_line' id='line_1_63' title="bbox 342 3394 1925 3480; baseline 0.011 -34"><span class='ocrx_word' id='word_1_474' title='bbox 342 3394 425 3465; x_wconf 85' lang='grc' dir='ltr'>μὴ</span> <span class='ocrx_word' id='word_1_475' title='bbox 455 3395 746 3462; x_wconf 81' lang='grc' dir='ltr'>ἀπολέσαι,</span> <span class='ocrx_word' id='word_1_476' title='bbox 779 3400 961 3470; x_wconf 82' lang='grc' dir='ltr'>μόνων</span> <span class='ocrx_word' id='word_1_477' title='bbox 1008 3404 1127 3457; x_wconf 84' lang='grc' dir='ltr'>ἐστὶ</span> <span class='ocrx_word' id='word_1_478' title='bbox 1161 3404 1442 3476; x_wconf 72' lang='grc' dir='ltr'>φρονίμων</span> <span class='ocrx_word' id='word_1_479' title='bbox 1485 3406 1583 3462; x_wconf 79' lang='grc' dir='ltr'>καὶ</span> <span class='ocrx_word' id='word_1_480' title='bbox 1608 3408 1810 3480; x_wconf 79' lang='grc' dir='ltr'>ἀρετὴν</span> <span class='ocrx_word' id='word_1_481' title='bbox 1844 3426 1925 3463; x_wconf 87' lang='grc' dir='ltr'>τι-</span> 
     </span>
    </p>
   </div>
   <div class='ocr_carea' id='block_1_64' title="bbox 340 3485 1926 3574">
    <p class='ocr_par' dir='ltr' id='par_1_64' title="bbox 340 3485 1926 3574">
     <span class='ocr_line' id='line_1_64' title="bbox 340 3485 1926 3574; baseline 0.012 -36"><span class='ocrx_word' id='word_1_482' title='bbox 340 3485 611 3555; x_wconf 82' lang='grc' dir='ltr'>μώντων,</span> <span class='ocrx_word' id='word_1_483' title='bbox 638 3492 734 3543; x_wconf 76' lang='grc' dir='ltr'><strong>καὶ</strong></span> <span class='ocrx_word' id='word_1_484' title='bbox 783 3491 1005 3565; x_wconf 83' lang='grc' dir='ltr'>μνήμην</span> <span class='ocrx_word' id='word_1_485' title='bbox 1058 3496 1273 3567; x_wconf 83' lang='grc' dir='ltr'>ἀγαθήν</span> <span class='ocrx_word' id='word_1_486' title='bbox 1327 3498 1649 3554; x_wconf 82' lang='grc' dir='ltr'>καταλιπεῖν</span> <span class='ocrx_word' id='word_1_487' title='bbox 1696 3501 1776 3573; x_wconf 86' lang='grc' dir='ltr'>τῷ</span> <span class='ocrx_word' id='word_1_488' title='bbox 1823 3502 1926 3574; x_wconf 87' lang='grc' dir='ltr'>βίῳ</span> 
     </span>
    </p>
   </div>
   <div class='ocr_carea' id='block_1_65' title="bbox 339 3578 1922 3666">
    <p class='ocr_par' dir='ltr' id='par_1_65' title="bbox 339 3578 1922 3666">
     <span class='ocr_line' id='line_1_65' title="bbox 339 3578 1922 3666; baseline 0.014 -36"><span class='ocrx_word' id='word_1_489' title='bbox 339 3578 786 3645; x_wconf 76' lang='grc' dir='ltr'>σπουδαζόντων.</span> <span class='ocrx_word' id='word_1_490' title='bbox 842 3585 913 3638; x_wconf 87' lang='grc' dir='ltr'>Τί</span> <span class='ocrx_word' id='word_1_491' title='bbox 961 3587 1174 3657; x_wconf 83' lang='grc' dir='ltr'>λέγεις;</span> <span class='ocrx_word' id='word_1_492' title='bbox 1224 3585 1373 3662; x_wconf 74' lang='grc' dir='ltr'>Ἆρα</span> <span class='ocrx_word' id='word_1_493' title='bbox 1420 3592 1601 3657; x_wconf 70' lang='grc' dir='ltr'>καλῶς</span> <span class='ocrx_word' id='word_1_494' title='bbox 1647 3594 1764 3666; x_wconf 73' lang='grc' dir='ltr'>ἔχει</span> <span class='ocrx_word' id='word_1_495' title='bbox 1814 3613 1922 3657; x_wconf 84' lang='grc' dir='ltr'>σοι.</span> 
     </span>
    </p>
   </div>
   <div class='ocr_carea' id='block_1_66' title="bbox 341 3669 1923 3758">
    <p class='ocr_par' dir='ltr' id='par_1_66' title="bbox 341 3669 1923 3758">
     <span class='ocr_line' id='line_1_66' title="bbox 341 3669 1923 3758; baseline 0.012 -35"><span class='ocrx_word' id='word_1_496' title='bbox 341 3669 541 3724; x_wconf 76' lang='grc' dir='ltr'>τέκνον</span> <span class='ocrx_word' id='word_1_497' title='bbox 585 3673 740 3742; x_wconf 81' lang='grc' dir='ltr'>ἐμὸν,</span> <span class='ocrx_word' id='word_1_498' title='bbox 772 3675 842 3729; x_wconf 78' lang='grc' dir='ltr'><strong>δι’</strong></span> <span class='ocrx_word' id='word_1_499' title='bbox 868 3677 1167 3749; x_wconf 75' lang='grc' dir='ltr'>ἐπιθυμίαν</span> <span class='ocrx_word' id='word_1_500' title='bbox 1219 3682 1531 3753; x_wconf 83' lang='grc' dir='ltr'>τυραννίδος</span> <span class='ocrx_word' id='word_1_501' title='bbox 1572 3686 1740 3758; x_wconf 88' lang='grc' dir='ltr'>χείρω</span> <span class='ocrx_word' id='word_1_502' title='bbox 1771 3690 1923 3756; x_wconf 82' lang='grc' dir='ltr'>γενέ-</span> 
     </span>
    </p>
   </div>
   <div class='ocr_carea' id='block_1_67' title="bbox 342 3762 1924 3853">
    <p class='ocr_par' dir='ltr' id='par_1_67' title="bbox 342 3762 1924 3853">
     <span class='ocr_line' id='line_1_67' title="bbox 342 3762 1924 3853; baseline 0.013 -40"><span class='ocrx_word' id='word_1_503' title='bbox 342 3762 473 3815; x_wconf 84' lang='grc' dir='ltr'>σθαι</span> <span class='ocrx_word' id='word_1_504' title='bbox 506 3764 838 3835; x_wconf 73' lang='grc' dir='ltr'>Χριστιανὸν</span> <span class='ocrx_word' id='word_1_505' title='bbox 879 3768 1011 3823; x_wconf 74' lang='grc' dir='ltr'>ὄντα</span> <span class='ocrx_word' id='word_1_506' title='bbox 1043 3772 1137 3825; x_wconf 79' lang='grc' dir='ltr'>καὶ</span> <span class='ocrx_word' id='word_1_507' title='bbox 1170 3773 1267 3840; x_wconf 84' lang='grc' dir='ltr'>τῆς</span> <span class='ocrx_word' id='word_1_508' title='bbox 1304 3774 1515 3829; x_wconf 86' lang='grc' dir='ltr'>ἐκείνου</span> <span class='ocrx_word' id='word_1_509' title='bbox 1545 3776 1702 3848; x_wconf 79' lang='grc' dir='ltr'>δόξης</span> <span class='ocrx_word' id='word_1_510' title='bbox 1726 3780 1924 3853; x_wconf 82' lang='grc' dir='ltr'>κληρο-</span> 
     </span>
    </p>
   </div>
   <div class='ocr_carea' id='block_1_68' title="bbox 337 3856 1923 3938">
    <p class='ocr_par' dir='ltr' id='par_1_68' title="bbox 337 3856 1923 3938">
     <span class='ocr_line' id='line_1_68' title="bbox 337 3856 1923 3938; baseline 0.013 -31"><span class='ocrx_word' id='word_1_511' title='bbox 337 3856 538 3926; x_wconf 85' lang='grc' dir='ltr'>νομίαν</span> <span class='ocrx_word' id='word_1_512' title='bbox 580 3858 896 3924; x_wconf 68' lang='grc' dir='ltr'>ἐλπίζοντα,</span> <span class='ocrx_word' id='word_1_513' title='bbox 942 3862 1134 3933; x_wconf 76' lang='grc' dir='ltr'>ἀνδρὸς</span> <span class='ocrx_word' id='word_1_514' title='bbox 1165 3863 1442 3938; x_wconf 88' lang='grc' dir='ltr'>βαρϐάρου</span> <span class='ocrx_word' id='word_1_515' title='bbox 1475 3870 1570 3923; x_wconf 78' lang='grc' dir='ltr'>καὶ</span> <span class='ocrx_word' id='word_1_516' title='bbox 1624 3869 1787 3925; x_wconf 77' lang='grc' dir='ltr'>ἀθέου</span> <span class='ocrx_word' id='word_1_517' title='bbox 1829 3874 1923 3928; x_wconf 73' lang='grc' dir='ltr'>καὶ</span> 
     </span>
    </p>
   </div>
   <div class='ocr_carea' id='block_1_69' title="bbox 342 3949 1925 4035">
    <p class='ocr_par' dir='ltr' id='par_1_69' title="bbox 342 3949 1925 4035">
     <span class='ocr_line' id='line_1_69' title="bbox 342 3949 1925 4035; baseline 0.014 -36"><span class='ocrx_word' id='word_1_518' title='bbox 342 3949 729 4021; x_wconf 59' lang='grc' dir='ltr'>πυρσολάπρου</span> <span class='ocrx_word' id='word_1_519' title='bbox 758 3962 853 4006; x_wconf 78' lang='grc' dir='ltr'>καὶ</span> <span class='ocrx_word' id='word_1_520' title='bbox 881 3954 1037 4023; x_wconf 82' lang='grc' dir='ltr'>’ήλιον</span> <span class='ocrx_word' id='word_1_521' title='bbox 1082 3957 1173 4009; x_wconf 69' lang='grc' dir='ltr'>καὶ</span> <span class='ocrx_word' id='word_1_522' title='bbox 1211 3958 1443 4031; x_wconf 83' lang='grc' dir='ltr'>σελήνην</span> <span class='ocrx_word' id='word_1_523' title='bbox 1477 3962 1633 4026; x_wconf 82' lang='grc' dir='ltr'>θεοὺς</span> <span class='ocrx_word' id='word_1_524' title='bbox 1678 3965 1925 4035; x_wconf 76' lang='grc' dir='ltr'>νομίζον-</span> 
     </span>
    </p>
   </div>
   <div class='ocr_carea' id='block_1_70' title="bbox 339 4043 1924 4128">
    <p class='ocr_par' dir='ltr' id='par_1_70' title="bbox 339 4043 1924 4128">
     <span class='ocr_line' id='line_1_70' title="bbox 339 4043 1924 4128; baseline 0.013 -36"><span class='ocrx_word' id='word_1_525' title='bbox 339 4057 467 4107; x_wconf 85' lang='grc' dir='ltr'>τος;</span> <span class='ocrx_word' id='word_1_526' title='bbox 504 4043 617 4095; x_wconf 72' lang='grc' dir='ltr'><strong>Καὶ</strong></span> <span class='ocrx_word' id='word_1_527' title='bbox 660 4045 779 4108; x_wconf 85' lang='grc' dir='ltr'>πῶς</span> <span class='ocrx_word' id='word_1_528' title='bbox 825 4048 927 4101; x_wconf 86' lang='grc' dir='ltr'><strong>ούκ</strong></span> <span class='ocrx_word' id='word_1_529' title='bbox 959 4047 1183 4117; x_wconf 69' lang='grc' dir='ltr'>ἄμεινον</span> <span class='ocrx_word' id='word_1_530' title='bbox 1239 4053 1542 4122; x_wconf 79' lang='grc' dir='ltr'>καταδῦναι</span> <span class='ocrx_word' id='word_1_531' title='bbox 1575 4056 1658 4119; x_wconf 80' lang='grc' dir='ltr'><strong>είς</strong></span> <span class='ocrx_word' id='word_1_532' title='bbox 1698 4058 1802 4128; x_wconf 82' lang='grc' dir='ltr'>γῆν</span> <span class='ocrx_word' id='word_1_533' title='bbox 1830 4059 1924 4115; x_wconf 81' lang='grc' dir='ltr'>τὸν</span> 
     </span>
    </p>
   </div>
   <div class='ocr_carea' id='block_1_71' title="bbox 337 4131 1492 4214">
    <p class='ocr_par' dir='ltr' id='par_1_71' title="bbox 337 4131 1492 4214">
     <span class='ocr_line' id='line_1_71' title="bbox 337 4131 1492 4214; baseline 0.011 -31"><span class='ocrx_word' id='word_1_534' title='bbox 337 4131 491 4185; x_wconf 74' lang='grc' dir='ltr'>οὕτω</span> <span class='ocrx_word' id='word_1_535' title='bbox 520 4136 821 4204; x_wconf 82' lang='grc' dir='ltr'>φρονοῦντα</span> <span class='ocrx_word' id='word_1_536' title='bbox 872 4139 904 4209; x_wconf 79' lang='grc' dir='ltr'>ἢ</span> <span class='ocrx_word' id='word_1_537' title='bbox 944 4140 1164 4210; x_wconf 71' lang='grc' dir='ltr'>βλέπειν</span> <span class='ocrx_word' id='word_1_538' title='bbox 1192 4142 1281 4195; x_wconf 81' lang='grc' dir='ltr'>τὸν</span> <span class='ocrx_word' id='word_1_539' title='bbox 1307 4143 1492 4214; x_wconf 72' lang='grc' dir='ltr'>ἦλιονς</span> 
     </span>
    </p>
   </div>
   <div class='ocr_carea' id='block_1_72' title="bbox 431 4225 1923 4313">
    <p class='ocr_par' dir='ltr' id='par_1_72' title="bbox 431 4225 1923 4313">
     <span class='ocr_line' id='line_1_72' title="bbox 431 4225 1923 4313; baseline 0.013 -35"><span class='ocrx_word' id='word_1_540' title='bbox 431 4225 593 4294; x_wconf 78' lang='grc' dir='ltr'>Ἐγὼ,</span> <span class='ocrx_word' id='word_1_541' title='bbox 618 4229 807 4282; x_wconf 86' lang='grc' dir='ltr'>τέκνον</span> <span class='ocrx_word' id='word_1_542' title='bbox 832 4231 983 4300; x_wconf 74' lang='grc' dir='ltr'>ἐμὸν,</span> <span class='ocrx_word' id='word_1_543' title='bbox 1003 4233 1140 4304; x_wconf 84' lang='grc' dir='ltr'>ὅπερ</span> <span class='ocrx_word' id='word_1_544' title='bbox 1186 4236 1279 4287; x_wconf 72' lang='grc' dir='ltr'>καὶ</span> <span class='ocrx_word' id='word_1_545' title='bbox 1322 4237 1609 4306; x_wconf 86' lang='grc' dir='ltr'>προλαϐὼν</span> <span class='ocrx_word' id='word_1_546' title='bbox 1656 4239 1829 4306; x_wconf 82' lang='grc' dir='ltr'>εἷπον,</span> <span class='ocrx_word' id='word_1_547' title='bbox 1862 4246 1923 4313; x_wconf 76' lang='grc' dir='ltr'>ἐξ</span> 
     </span>
    </p>
   </div>
   <div class='ocr_carea' id='block_1_73' title="bbox 336 4318 1921 4403">
    <p class='ocr_par' dir='ltr' id='par_1_73' title="bbox 336 4318 1921 4403">
     <span class='ocr_line' id='line_1_73' title="bbox 336 4318 1921 4403; baseline 0.015 -34"><span class='ocrx_word' id='word_1_548' title='bbox 336 4318 470 4388; x_wconf 83' lang='grc' dir='ltr'>ὅλης</span> <span class='ocrx_word' id='word_1_549' title='bbox 504 4336 563 4372; x_wconf 85' lang='grc' dir='ltr'><strong>σε</strong></span> <span class='ocrx_word' id='word_1_550' title='bbox 591 4322 827 4391; x_wconf 81' lang='grc' dir='ltr'>φιλήσας</span> <span class='ocrx_word' id='word_1_551' title='bbox 847 4322 1048 4394; x_wconf 75' lang='grc' dir='ltr'>ψυχῆς,</span> <span class='ocrx_word' id='word_1_552' title='bbox 1072 4326 1256 4395; x_wconf 81' lang='grc' dir='ltr'>φιλίαν</span> <span class='ocrx_word' id='word_1_553' title='bbox 1279 4329 1372 4381; x_wconf 90' lang='grc' dir='ltr'><strong>τοῦ</strong></span> <span class='ocrx_word' id='word_1_554' title='bbox 1407 4331 1718 4403; x_wconf 88' lang='grc' dir='ltr'>πνεύματος</span> <span class='ocrx_word' id='word_1_555' title='bbox 1749 4338 1921 4392; x_wconf 85' lang='grc' dir='ltr'>καθα-</span> 
     </span>
    </p>
   </div>
   <div class='ocr_carea' id='block_1_74' title="bbox 336 4412 1923 4493">
    <p class='ocr_par' dir='ltr' id='par_1_74' title="bbox 336 4412 1923 4493">
     <span class='ocr_line' id='line_1_74' title="bbox 336 4412 1923 4493; baseline 0.014 -29"><span class='ocrx_word' id='word_1_556' title='bbox 336 4412 468 4480; x_wconf 79' lang='grc' dir='ltr'><strong>ράν,</strong></span> <span class='ocrx_word' id='word_1_557' title='bbox 500 4412 575 4476; x_wconf 82' lang='grc' dir='ltr'><strong>ὡς</strong></span> <span class='ocrx_word' id='word_1_558' title='bbox 606 4418 1149 4484; x_wconf 86' lang='grc' dir='ltr'>χριστιανικώτατον,</span> <span class='ocrx_word' id='word_1_559' title='bbox 1174 4420 1249 4485; x_wconf 87' lang='grc' dir='ltr'><strong>ὡς</strong></span> <span class='ocrx_word' id='word_1_560' title='bbox 1275 4422 1639 4493; x_wconf 82' lang='grc' dir='ltr'>δικαιότατον,</span> <span class='ocrx_word' id='word_1_561' title='bbox 1664 4430 1741 4493; x_wconf 84' lang='grc' dir='ltr'><strong>ὡς</strong></span> <span class='ocrx_word' id='word_1_562' title='bbox 1769 4448 1923 4486; x_wconf 90' lang='grc' dir='ltr'>συνε-</span> 
     </span>
    </p>
   </div>
   <div class='ocr_carea' id='block_1_75' title="bbox 2034 3300 3604 3369">
    <p class='ocr_par' dir='ltr' id='par_1_75' title="bbox 2034 3300 3604 3369">
     <span class='ocr_line' id='line_1_75' title="bbox 2034 3300 3604 3369; baseline -0.001 -15"><span class='ocrx_word' id='word_1_563' title='bbox 2034 3300 2167 3354; x_wconf 91' lang='lat' dir='ltr'><strong>tium</strong></span> <span class='ocrx_word' id='word_1_564' title='bbox 2197 3308 2360 3369; x_wconf 86' lang='lat' dir='ltr'><strong>atque</strong></span> <span class='ocrx_word' id='word_1_565' title='bbox 2403 3301 2713 3355; x_wconf 85' lang='lat' dir='ltr'><strong>curantium</strong></span> <span class='ocrx_word' id='word_1_566' title='bbox 2764 3310 2822 3354; x_wconf 92' lang='lat' dir='ltr'><strong>ut</strong></span> <span class='ocrx_word' id='word_1_567' title='bbox 2855 3317 2966 3355; x_wconf 69' lang='lat' dir='ltr'><strong>sua:</strong></span> <span class='ocrx_word' id='word_1_568' title='bbox 3006 3302 3128 3355; x_wconf 66' lang='lat' dir='ltr'><strong>vita:</strong></span> <span class='ocrx_word' id='word_1_569' title='bbox 3164 3301 3360 3354; x_wconf 85' lang='lat' dir='ltr'><strong>bonam</strong></span> <span class='ocrx_word' id='word_1_570' title='bbox 3404 3300 3604 3354; x_wconf 77' lang='lat' dir='ltr'><strong>famam</strong></span> 
     </span>
    </p>
   </div>
   <div class='ocr_carea' id='block_1_76' title="bbox 2034 3391 3603 3461">
    <p class='ocr_par' dir='ltr' id='par_1_76' title="bbox 2034 3391 3603 3461">
     <span class='ocr_line' id='line_1_76' title="bbox 2034 3391 3603 3461; baseline 0 -16"><span class='ocrx_word' id='word_1_571' title='bbox 2034 3392 2363 3461; x_wconf 87' lang='lat' dir='ltr'><strong>relinquant.</strong></span> <span class='ocrx_word' id='word_1_572' title='bbox 2424 3391 2565 3458; x_wconf 86' lang='lat' dir='ltr'><strong>Quid</strong></span> <span class='ocrx_word' id='word_1_573' title='bbox 2609 3393 2787 3447; x_wconf 86' lang='lat' dir='ltr'><strong>dicis?</strong></span> <span class='ocrx_word' id='word_1_574' title='bbox 2838 3393 3003 3447; x_wconf 88' lang='lat' dir='ltr'><strong>tibine</strong></span> <span class='ocrx_word' id='word_1_575' title='bbox 3045 3392 3355 3461; x_wconf 83' lang='lat' dir='ltr'><strong>pulchrum,</strong></span> <span class='ocrx_word' id='word_1_576' title='bbox 3394 3392 3466 3446; x_wconf 87' lang='lat' dir='ltr'><strong>lili</strong></span> <span class='ocrx_word' id='word_1_577' title='bbox 3508 3392 3603 3453; x_wconf 87' lang='lat' dir='ltr'><strong>mi.</strong></span> 
     </span>
    </p>
   </div>
   <div class='ocr_carea' id='block_1_77' title="bbox 2031 3484 3605 3557">
    <p class='ocr_par' dir='ltr' id='par_1_77' title="bbox 2031 3484 3605 3557">
     <span class='ocr_line' id='line_1_77' title="bbox 2031 3484 3605 3557; baseline 0.001 -18"><span class='ocrx_word' id='word_1_578' title='bbox 2031 3484 2102 3539; x_wconf 89' lang='lat' dir='ltr'><strong>ob</strong></span> <span class='ocrx_word' id='word_1_579' title='bbox 2134 3485 2438 3557; x_wconf 89' lang='lat' dir='ltr'><strong>tyrannidis</strong></span> <span class='ocrx_word' id='word_1_580' title='bbox 2494 3488 2802 3557; x_wconf 80' lang='lat' dir='ltr'><strong>cupidinem</strong></span> <span class='ocrx_word' id='word_1_581' title='bbox 2829 3528 2843 3549; x_wconf 84' lang='grc'><strong>,</strong></span> <span class='ocrx_word' id='word_1_582' title='bbox 2891 3487 3129 3556; x_wconf 88' lang='lat' dir='ltr'><strong>pejorem</strong></span> <span class='ocrx_word' id='word_1_583' title='bbox 3168 3486 3305 3545; x_wconf 87' lang='lat' dir='ltr'><strong>lieri.</strong></span> <span class='ocrx_word' id='word_1_584' title='bbox 3338 3486 3605 3540; x_wconf 83' lang='lat' dir='ltr'><strong>Christia-</strong></span> 
     </span>
    </p>
   </div>
   <div class='ocr_carea' id='block_1_78' title="bbox 2032 3578 3605 3649">
    <p class='ocr_par' dir='ltr' id='par_1_78' title="bbox 2032 3578 3605 3649">
     <span class='ocr_line' id='line_1_78' title="bbox 2032 3578 3605 3649; baseline -0.001 -18"><span class='ocrx_word' id='word_1_585' title='bbox 2032 3592 2133 3633; x_wconf 90' lang='lat' dir='ltr'><strong>nus</strong></span> <span class='ocrx_word' id='word_1_586' title='bbox 2168 3593 2290 3633; x_wconf 91' lang='lat' dir='ltr'><strong>cum</strong></span> <span class='ocrx_word' id='word_1_587' title='bbox 2318 3580 2396 3634; x_wconf 85' lang='lat' dir='ltr'><strong>sis</strong></span> <span class='ocrx_word' id='word_1_588' title='bbox 2424 3589 2477 3633; x_wconf 92' lang='lat' dir='ltr'><strong>et</strong></span> <span class='ocrx_word' id='word_1_589' title='bbox 2510 3579 2946 3635; x_wconf 75' lang='lat' dir='ltr'><strong>Christianorum</strong></span> <span class='ocrx_word' id='word_1_590' title='bbox 2988 3580 3174 3649; x_wconf 76' lang='lat' dir='ltr'><strong>gloria:</strong></span> <span class='ocrx_word' id='word_1_591' title='bbox 3205 3578 3605 3648; x_wconf 85' lang='lat' dir='ltr'><strong>possessionem</strong></span> 
     </span>
    </p>
   </div>
   <div class='ocr_carea' id='block_1_79' title="bbox 2033 3660 3659 3739">
    <p class='ocr_par' dir='ltr' id='par_1_79' title="bbox 2033 3660 3659 3739">
     <span class='ocr_line' id='line_1_79' title="bbox 2033 3660 3659 3739; baseline 0 -18"><span class='ocrx_word' id='word_1_592' title='bbox 2033 3680 2240 3736; x_wconf 85' lang='lat' dir='ltr'><strong>speres,</strong></span> <span class='ocrx_word' id='word_1_593' title='bbox 2290 3667 2511 3723; x_wconf 89' lang='lat' dir='ltr'><strong>homine</strong></span> <span class='ocrx_word' id='word_1_594' title='bbox 2556 3670 2809 3734; x_wconf 84' lang='lat' dir='ltr'><strong>barbaro,</strong></span> <span class='ocrx_word' id='word_1_595' title='bbox 2857 3669 2975 3725; x_wconf 87' lang='lat' dir='ltr'><strong>sine</strong></span> <span class='ocrx_word' id='word_1_596' title='bbox 3007 3668 3307 3739; x_wconf 85' lang='lat' dir='ltr'><strong>Deo.iguis</strong></span> <span class='ocrx_word' id='word_1_597' title='bbox 3337 3670 3604 3725; x_wconf 89' lang='lat' dir='ltr'><strong>cultorem</strong></span> <span class='ocrx_word' id='word_1_598' title='bbox 3656 3660 3659 3661; x_wconf 47' lang='grc'><strong><em>⁷</em></strong></span> 
     </span>
    </p>
   </div>
   <div class='ocr_carea' id='block_1_80' title="bbox 2029 3759 3607 3831">
    <p class='ocr_par' dir='ltr' id='par_1_80' title="bbox 2029 3759 3607 3831">
     <span class='ocr_line' id='line_1_80' title="bbox 2029 3759 3607 3831; baseline 0.001 -18"><span class='ocrx_word' id='word_1_599' title='bbox 2029 3767 2083 3813; x_wconf 91' lang='lat' dir='ltr'><strong>et</strong></span> <span class='ocrx_word' id='word_1_600' title='bbox 2104 3759 2270 3814; x_wconf 93' lang='lat' dir='ltr'><strong>solem</strong></span> <span class='ocrx_word' id='word_1_601' title='bbox 2295 3769 2456 3831; x_wconf 87' lang='lat' dir='ltr'><strong>atque</strong></span> <span class='ocrx_word' id='word_1_602' title='bbox 2478 3761 2657 3817; x_wconf 88' lang='lat' dir='ltr'><strong>lunam</strong></span> <span class='ocrx_word' id='word_1_603' title='bbox 2686 3762 2817 3816; x_wconf 81' lang='lat' dir='ltr'><strong>deos</strong></span> <span class='ocrx_word' id='word_1_604' title='bbox 2836 3778 2956 3817; x_wconf 83' lang='lat' dir='ltr'><strong>esse</strong></span> <span class='ocrx_word' id='word_1_605' title='bbox 2998 3762 3386 3818; x_wconf 79' lang='lat' dir='ltr'><strong>existimante?</strong></span> <span class='ocrx_word' id='word_1_606' title='bbox 3416 3760 3607 3816; x_wconf 84' lang='lat' dir='ltr'><strong>Nonne</strong></span> 
     </span>
    </p>
   </div>
   <div class='ocr_carea' id='block_1_81' title="bbox 2031 3849 3603 3909">
    <p class='ocr_par' dir='ltr' id='par_1_81' title="bbox 2031 3849 3603 3909">
     <span class='ocr_line' id='line_1_81' title="bbox 2031 3849 3603 3909; baseline 0.001 -5"><span class='ocrx_word' id='word_1_607' title='bbox 2031 3849 2227 3906; x_wconf 89' lang='lat' dir='ltr'><strong>melius</strong></span> <span class='ocrx_word' id='word_1_608' title='bbox 2270 3860 2417 3907; x_wconf 88' lang='lat' dir='ltr'><strong>esset</strong></span> <span class='ocrx_word' id='word_1_609' title='bbox 2464 3852 2516 3906; x_wconf 91' lang='lat' dir='ltr'><strong>in</strong></span> <span class='ocrx_word' id='word_1_610' title='bbox 2558 3862 2757 3908; x_wconf 88' lang='lat' dir='ltr'><strong>terram</strong></span> <span class='ocrx_word' id='word_1_611' title='bbox 2797 3853 3129 3909; x_wconf 86' lang='lat' dir='ltr'><strong>descendere</strong></span> <span class='ocrx_word' id='word_1_612' title='bbox 3171 3854 3244 3907; x_wconf 84' lang='lat' dir='ltr'><strong>ita</strong></span> <span class='ocrx_word' id='word_1_613' title='bbox 3280 3853 3603 3909; x_wconf 78' lang='lat' dir='ltr'><strong>sentientem</strong></span> 
     </span>
    </p>
   </div>
   <div class='ocr_carea' id='block_1_82' title="bbox 2032 3945 2721 4015">
    <p class='ocr_par' dir='ltr' id='par_1_82' title="bbox 2032 3945 2721 4015">
     <span class='ocr_line' id='line_1_82' title="bbox 2032 3945 2721 4015; baseline 0 -17"><span class='ocrx_word' id='word_1_614' title='bbox 2032 3958 2195 4013; x_wconf 91' lang='lat' dir='ltr'><strong>quam</strong></span> <span class='ocrx_word' id='word_1_615' title='bbox 2227 3948 2396 4001; x_wconf 89' lang='lat' dir='ltr'><strong>solem</strong></span> <span class='ocrx_word' id='word_1_616' title='bbox 2430 3945 2721 4015; x_wconf 82' lang='lat' dir='ltr'><strong>aspicere?</strong></span> 
     </span>
    </p>
   </div>
   <div class='ocr_carea' id='block_1_83' title="bbox 2103 4246 3605 4320">
    <p class='ocr_par' dir='ltr' id='par_1_83' title="bbox 2103 4246 3605 4320">
     <span class='ocr_line' id='line_1_83' title="bbox 2103 4246 3605 4320; baseline 0.001 -19"><span class='ocrx_word' id='word_1_617' title='bbox 2103 4246 2430 4318; x_wconf 83' lang='lat' dir='ltr'><strong>Ego.lilimi,</strong></span> <span class='ocrx_word' id='word_1_618' title='bbox 2469 4258 2540 4314; x_wconf 92' lang='lat' dir='ltr'><strong>te,</strong></span> <span class='ocrx_word' id='word_1_619' title='bbox 2574 4249 2758 4317; x_wconf 87' lang='lat' dir='ltr'><strong>utjam</strong></span> <span class='ocrx_word' id='word_1_620' title='bbox 2796 4250 3043 4320; x_wconf 65' lang='lat' dir='ltr'><strong>pradixi,</strong></span> <span class='ocrx_word' id='word_1_621' title='bbox 3076 4260 3187 4306; x_wconf 88' lang='lat' dir='ltr'><strong>toto</strong></span> <span class='ocrx_word' id='word_1_622' title='bbox 3233 4250 3397 4305; x_wconf 88' lang='lat' dir='ltr'><strong>corde</strong></span> <span class='ocrx_word' id='word_1_623' title='bbox 3417 4249 3605 4318; x_wconf 58' lang='lat' dir='ltr'><strong>diligeo</strong></span> 
     </span>
    </p>
   </div>
   <div class='ocr_carea' id='block_1_84' title="bbox 2032 4341 3605 4410">
    <p class='ocr_par' dir='ltr' id='par_1_84' title="bbox 2032 4341 3605 4410">
     <span class='ocr_line' id='line_1_84' title="bbox 2032 4341 3605 4410; baseline -0.004 -13"><span class='ocrx_word' id='word_1_624' title='bbox 2032 4343 2182 4410; x_wconf 87' lang='lat' dir='ltr'><strong>bam,</strong></span> <span class='ocrx_word' id='word_1_625' title='bbox 2228 4351 2415 4397; x_wconf 90' lang='lat' dir='ltr'><strong>sancta</strong></span> <span class='ocrx_word' id='word_1_626' title='bbox 2463 4341 2765 4395; x_wconf 73' lang='lat' dir='ltr'><strong>secundum</strong></span> <span class='ocrx_word' id='word_1_627' title='bbox 2812 4341 3074 4410; x_wconf 86' lang='lat' dir='ltr'><strong>Spiritum</strong></span> <span class='ocrx_word' id='word_1_628' title='bbox 3124 4341 3438 4403; x_wconf 89' lang='lat' dir='ltr'><strong>dilectione,</strong></span> <span class='ocrx_word' id='word_1_629' title='bbox 3484 4351 3605 4394; x_wconf 85' lang='lat' dir='ltr'><strong>tan-</strong></span> 
     </span>
    </p>
   </div>
   <div class='ocr_carea' id='block_1_85' title="bbox 2030 4432 3608 4502">
    <p class='ocr_par' dir='ltr' id='par_1_85' title="bbox 2030 4432 3608 4502">
     <span class='ocr_line' id='line_1_85' title="bbox 2030 4432 3608 4502; baseline -0.002 -15"><span class='ocrx_word' id='word_1_630' title='bbox 2030 4446 2192 4502; x_wconf 83' lang='lat' dir='ltr'><strong>quam</strong></span> <span class='ocrx_word' id='word_1_631' title='bbox 2246 4432 2783 4496; x_wconf 82' lang='lat' dir='ltr'><strong>christianissimum,</strong></span> <span class='ocrx_word' id='word_1_632' title='bbox 2830 4433 3224 4502; x_wconf 86' lang='lat' dir='ltr'><strong>justissimum,</strong></span> <span class='ocrx_word' id='word_1_633' title='bbox 3266 4432 3608 4501; x_wconf 84' lang='lat' dir='ltr'><strong>sapientissi-</strong></span> 
     </span>
    </p>
   </div>
   <div class='ocr_carea' id='block_1_86' title="bbox 334 4503 1925 4603">
    <p class='ocr_par' dir='ltr' id='par_1_86' title="bbox 334 4503 1925 4597">
     <span class='ocr_line' id='line_1_86' title="bbox 334 4503 1925 4597; baseline 0.014 -42"><span class='ocrx_word' id='word_1_634' title='bbox 334 4503 602 4568; x_wconf 83' lang='grc' dir='ltr'>τώτατον,</span> <span class='ocrx_word' id='word_1_635' title='bbox 639 4505 714 4570; x_wconf 82' lang='grc' dir='ltr'>ὡς</span> <span class='ocrx_word' id='word_1_636' title='bbox 747 4510 888 4561; x_wconf 79' lang='grc' dir='ltr'>κατὰ</span> <span class='ocrx_word' id='word_1_637' title='bbox 914 4510 1087 4564; x_wconf 85' lang='grc' dir='ltr'>πάντα</span> <span class='ocrx_word' id='word_1_638' title='bbox 1128 4514 1265 4566; x_wconf 74' lang='grc' dir='ltr'>Θεοῦ</span> <span class='ocrx_word' id='word_1_639' title='bbox 1297 4516 1629 4586; x_wconf 81' lang='grc' dir='ltr'>θεράποντα,</span> <span class='ocrx_word' id='word_1_640' title='bbox 1659 4524 1754 4576; x_wconf 78' lang='grc' dir='ltr'>καὶ</span> <span class='ocrx_word' id='word_1_641' title='bbox 1777 4525 1925 4597; x_wconf 87' lang='grc' dir='ltr'><strong>αύτῷ</strong></span> 
     </span>
    </p>
   </div>
   <div class='ocr_carea' id='block_1_87' title="bbox 2033 4503 3605 4603">
    <p class='ocr_par' dir='ltr' id='par_1_87' title="bbox 2033 4524 3605 4595">
     <span class='ocr_line' id='line_1_87' title="bbox 2033 4524 3605 4595; baseline -0.003 -16"><span class='ocrx_word' id='word_1_642' title='bbox 2033 4541 2205 4589; x_wconf 84' lang='lat' dir='ltr'><strong>mum.</strong></span> <span class='ocrx_word' id='word_1_643' title='bbox 2254 4526 2306 4579; x_wconf 92' lang='lat' dir='ltr'><strong>in</strong></span> <span class='ocrx_word' id='word_1_644' title='bbox 2358 4525 2616 4580; x_wconf 84' lang='lat' dir='ltr'><strong>omnibus</strong></span> <span class='ocrx_word' id='word_1_645' title='bbox 2661 4524 2769 4579; x_wconf 88' lang='lat' dir='ltr'><strong>Deo</strong></span> <span class='ocrx_word' id='word_1_646' title='bbox 2814 4528 3142 4580; x_wconf 83' lang='lat' dir='ltr'><strong>servientem</strong></span> <span class='ocrx_word' id='word_1_647' title='bbox 3177 4526 3336 4595; x_wconf 89' lang='lat' dir='ltr'><strong>eique</strong></span> <span class='ocrx_word' id='word_1_648' title='bbox 3359 4524 3605 4594; x_wconf 83' lang='lat' dir='ltr'><strong>placendi</strong></span> 
     </span>
    </p>
   </div>
   <div class='ocr_carea' id='block_1_88' title="bbox 335 4594 1929 4675">
    <p class='ocr_par' dir='ltr' id='par_1_88' title="bbox 335 4594 1929 4675">
     <span class='ocr_line' id='line_1_88' title="bbox 335 4594 1929 4675; baseline 0.015 -28"><span class='ocrx_word' id='word_1_649' title='bbox 335 4594 600 4665; x_wconf 74' lang='grc' dir='ltr'>ἀρέσκειν</span> <span class='ocrx_word' id='word_1_650' title='bbox 634 4598 944 4664; x_wconf 79' lang='grc' dir='ltr'>μελετῶντα</span> <span class='ocrx_word' id='word_1_651' title='bbox 1002 4618 1014 4630; x_wconf 86' lang='grc'><strong>·</strong></span> <span class='ocrx_word' id='word_1_652' title='bbox 1056 4604 1294 4672; x_wconf 86' lang='grc' dir='ltr'>μάλιστά</span> <span class='ocrx_word' id='word_1_653' title='bbox 1322 4624 1387 4675; x_wconf 85' lang='grc' dir='ltr'><strong>γε</strong></span> <span class='ocrx_word' id='word_1_654' title='bbox 1430 4613 1525 4664; x_wconf 81' lang='grc' dir='ltr'>καὶ</span> <span class='ocrx_word' id='word_1_655' title='bbox 1554 4613 1659 4665; x_wconf 72' lang='grc' dir='ltr'>ὑπὸ</span> <span class='ocrx_word' id='word_1_656' title='bbox 1716 4594 1929 4672; x_wconf 80' lang='grc' dir='ltr'>πολλῶν</span> 
     </span>
    </p>
   </div>
   <div class='ocr_carea' id='block_1_89' title="bbox 335 4682 1929 4775">
    <p class='ocr_par' dir='ltr' id='par_1_89' title="bbox 335 4682 1929 4775">
     <span class='ocr_line' id='line_1_89' title="bbox 335 4682 1929 4775; baseline 0.016 -41"><span class='ocrx_word' id='word_1_657' title='bbox 335 4682 529 4737; x_wconf 80' lang='grc' dir='ltr'>ἀκούω</span> <span class='ocrx_word' id='word_1_658' title='bbox 540 4685 622 4738; x_wconf 85' lang='grc' dir='ltr'>ὅτι</span> <span class='ocrx_word' id='word_1_659' title='bbox 639 4690 735 4739; x_wconf 70' lang='grc' dir='ltr'>καὶ</span> <span class='ocrx_word' id='word_1_660' title='bbox 748 4692 901 4741; x_wconf 79' lang='grc' dir='ltr'>νυκτὶ</span> <span class='ocrx_word' id='word_1_661' title='bbox 917 4693 1012 4744; x_wconf 68' lang='grc' dir='ltr'><strong>καλ⁸</strong></span> <span class='ocrx_word' id='word_1_662' title='bbox 1030 4693 1221 4764; x_wconf 54' lang='grc' dir='ltr'>ᾑμέρᾳ</span> <span class='ocrx_word' id='word_1_663' title='bbox 1235 4696 1296 4748; x_wconf 86' lang='grc' dir='ltr'><strong>ού</strong></span> <span class='ocrx_word' id='word_1_664' title='bbox 1312 4696 1503 4768; x_wconf 87' lang='grc' dir='ltr'>λήγεις</span> <span class='ocrx_word' id='word_1_665' title='bbox 1525 4701 1661 4755; x_wconf 87' lang='grc' dir='ltr'>Θεοῦ</span> <span class='ocrx_word' id='word_1_666' title='bbox 1673 4704 1929 4775; x_wconf 80' lang='grc' dir='ltr'>δεόμενος</span> 
     </span>
    </p>
   </div>
   <div class='ocr_carea' id='block_1_90' title="bbox 339 4775 1923 4866">
    <p class='ocr_par' dir='ltr' id='par_1_90' title="bbox 339 4775 1923 4866">
     <span class='ocr_line' id='line_1_90' title="bbox 339 4775 1923 4866; baseline 0.017 -41"><span class='ocrx_word' id='word_1_667' title='bbox 339 4775 486 4844; x_wconf 68' lang='grc' dir='ltr'>ὑπὲρ</span> <span class='ocrx_word' id='word_1_668' title='bbox 504 4776 601 4845; x_wconf 81' lang='grc' dir='ltr'>τῆς</span> <span class='ocrx_word' id='word_1_669' title='bbox 621 4778 892 4849; x_wconf 79' lang='grc' dir='ltr'>προτέρας</span> <span class='ocrx_word' id='word_1_670' title='bbox 911 4798 1004 4835; x_wconf 91' lang='grc' dir='ltr'><strong>σου</strong></span> <span class='ocrx_word' id='word_1_671' title='bbox 1024 4786 1523 4857; x_wconf 85' lang='grc' dir='ltr'>κατάΧριστιανῶν</span> <span class='ocrx_word' id='word_1_672' title='bbox 1544 4796 1923 4866; x_wconf 82' lang='grc' dir='ltr'>ἐκστρατείας,</span> 
     </span>
    </p>
   </div>
   <div class='ocr_carea' id='block_1_91' title="bbox 341 4868 1927 4952">
    <p class='ocr_par' dir='ltr' id='par_1_91' title="bbox 341 4868 1927 4952">
     <span class='ocr_line' id='line_1_91' title="bbox 341 4868 1927 4952; baseline 0.017 -33"><span class='ocrx_word' id='word_1_673' title='bbox 341 4868 437 4919; x_wconf 75' lang='grc' dir='ltr'><strong>καὶ</strong></span> <span class='ocrx_word' id='word_1_674' title='bbox 465 4869 598 4921; x_wconf 82' lang='grc' dir='ltr'>πᾶσι</span> <span class='ocrx_word' id='word_1_675' title='bbox 638 4872 860 4939; x_wconf 86' lang='grc' dir='ltr'>τρόποις</span> <span class='ocrx_word' id='word_1_676' title='bbox 884 4875 1100 4947; x_wconf 78' lang='grc' dir='ltr'>ἐκείνης</span> <span class='ocrx_word' id='word_1_677' title='bbox 1116 4879 1214 4948; x_wconf 84' lang='grc' dir='ltr'>τῆς</span> <span class='ocrx_word' id='word_1_678' title='bbox 1232 4882 1509 4952; x_wconf 82' lang='grc' dir='ltr'>ἁμαρτίας</span> <span class='ocrx_word' id='word_1_679' title='bbox 1534 4886 1727 4941; x_wconf 80' lang='grc' dir='ltr'>ἑαυτὸν</span> <span class='ocrx_word' id='word_1_680' title='bbox 1760 4893 1927 4947; x_wconf 84' lang='grc' dir='ltr'>ἐκκα-</span> 
     </span>
    </p>
   </div>
   <div class='ocr_carea' id='block_1_92' title="bbox 339 4960 1928 5056">
    <p class='ocr_par' dir='ltr' id='par_1_92' title="bbox 339 4960 1928 5056">
     <span class='ocr_line' id='line_1_92' title="bbox 339 4960 1928 5056; baseline 0.018 -46"><span class='ocrx_word' id='word_1_681' title='bbox 339 4960 556 5056; x_wconf 70' lang='grc' dir='ltr'>θαίρων</span> <span class='ocrx_word' id='word_1_682' title='bbox 594 4965 884 5056; x_wconf 11' lang='grc' dir='ltr'>,νηστείαις</span> <span class='ocrx_word' id='word_1_683' title='bbox 916 4971 1010 5022; x_wconf 77' lang='grc' dir='ltr'>καὶ</span> <span class='ocrx_word' id='word_1_684' title='bbox 1056 4971 1287 5041; x_wconf 87' lang='grc' dir='ltr'>δάκρυσι</span> <span class='ocrx_word' id='word_1_685' title='bbox 1324 4977 1418 5028; x_wconf 68' lang='grc' dir='ltr'>καὶ</span> <span class='ocrx_word' id='word_1_686' title='bbox 1474 4980 1758 5050; x_wconf 71' lang='grc' dir='ltr'>συντρίψει</span> <span class='ocrx_word' id='word_1_687' title='bbox 1792 5003 1928 5056; x_wconf 87' lang='grc' dir='ltr'>καρ-</span> 
     </span>
    </p>
   </div>
   <div class='ocr_carea' id='block_1_93' title="bbox 334 5053 1927 5145">
    <p class='ocr_par' dir='ltr' id='par_1_93' title="bbox 334 5053 1927 5145">
     <span class='ocr_line' id='line_1_93' title="bbox 334 5053 1927 5145; baseline 0.018 -42"><span class='ocrx_word' id='word_1_688' title='bbox 334 5053 484 5115; x_wconf 83' lang='grc' dir='ltr'>δίας.</span> <span class='ocrx_word' id='word_1_689' title='bbox 529 5054 691 5110; x_wconf 84' lang='grc' dir='ltr'>’Δλλά</span> <span class='ocrx_word' id='word_1_690' title='bbox 730 5058 841 5130; x_wconf 94' lang='lat'><strong>7&amp;9</strong></span> <span class='ocrx_word' id='word_1_691' title='bbox 882 5063 1090 5133; x_wconf 84' lang='grc' dir='ltr'>ταύτην</span> <span class='ocrx_word' id='word_1_692' title='bbox 1125 5065 1224 5136; x_wconf 84' lang='grc' dir='ltr'><strong>τήν</strong></span> <span class='ocrx_word' id='word_1_693' title='bbox 1263 5068 1437 5139; x_wconf 82' lang='grc' dir='ltr'>καλήν</span> <span class='ocrx_word' id='word_1_694' title='bbox 1470 5087 1562 5123; x_wconf 92' lang='grc' dir='ltr'><strong>σου</strong></span> <span class='ocrx_word' id='word_1_695' title='bbox 1606 5053 1927 5145; x_wconf 79' lang='grc' dir='ltr'>προαίρεσιν</span> 
     </span>
    </p>
   </div>
   <div class='ocr_carea' id='block_1_94' title="bbox 337 5144 1927 5235">
    <p class='ocr_par' dir='ltr' id='par_1_94' title="bbox 337 5144 1927 5235">
     <span class='ocr_line' id='line_1_94' title="bbox 337 5144 1927 5235; baseline 0.016 -39"><span class='ocrx_word' id='word_1_696' title='bbox 337 5144 660 5216; x_wconf 86' lang='grc' dir='ltr'>μανθάνων,</span> <span class='ocrx_word' id='word_1_697' title='bbox 695 5154 791 5204; x_wconf 78' lang='grc' dir='ltr'>καὶ</span> <span class='ocrx_word' id='word_1_698' title='bbox 818 5153 917 5223; x_wconf 82' lang='grc' dir='ltr'>τὴν</span> <span class='ocrx_word' id='word_1_699' title='bbox 949 5154 1116 5226; x_wconf 79' lang='grc' dir='ltr'>ἀλλην</span> <span class='ocrx_word' id='word_1_700' title='bbox 1156 5159 1379 5230; x_wconf 82' lang='grc' dir='ltr'>ἀρετήν,</span> <span class='ocrx_word' id='word_1_701' title='bbox 1432 5162 1563 5232; x_wconf 84' lang='grc' dir='ltr'>ὅσην</span> <span class='ocrx_word' id='word_1_702' title='bbox 1594 5144 1871 5235; x_wconf 81' lang='grc' dir='ltr'>διεξῆλθεν</span> <span class='ocrx_word' id='word_1_703' title='bbox 1897 5170 1927 5222; x_wconf 87' lang='lat'><strong>6</strong></span> 
     </span>
    </p>
   </div>
   <div class='ocr_carea' id='block_1_95' title="bbox 334 5240 1925 5330">
    <p class='ocr_par' dir='ltr' id='par_1_95' title="bbox 334 5240 1925 5330">
     <span class='ocr_line' id='line_1_95' title="bbox 334 5240 1925 5330; baseline 0.017 -42"><span class='ocrx_word' id='word_1_704' title='bbox 334 5240 523 5307; x_wconf 80' lang='grc' dir='ltr'>λόγος,</span> <span class='ocrx_word' id='word_1_705' title='bbox 550 5241 825 5313; x_wconf 70' lang='grc' dir='ltr'>ὁλοψύχως</span> <span class='ocrx_word' id='word_1_706' title='bbox 852 5246 1105 5318; x_wconf 78' lang='grc' dir='ltr'>ἐφίλησα.</span> <span class='ocrx_word' id='word_1_707' title='bbox 1133 5252 1241 5305; x_wconf 83' lang='grc' dir='ltr'><strong>Καὶ</strong></span> <span class='ocrx_word' id='word_1_708' title='bbox 1263 5253 1359 5307; x_wconf 88' lang='grc' dir='ltr'><strong>νῦν</strong></span> <span class='ocrx_word' id='word_1_709' title='bbox 1386 5253 1443 5307; x_wconf 79' lang='grc' dir='ltr'>δὲ</span> <span class='ocrx_word' id='word_1_710' title='bbox 1471 5255 1570 5326; x_wconf 85' lang='grc' dir='ltr'>τὴν</span> <span class='ocrx_word' id='word_1_711' title='bbox 1598 5257 1765 5329; x_wconf 80' lang='grc' dir='ltr'>αὐτὴν</span> <span class='ocrx_word' id='word_1_712' title='bbox 1790 5262 1925 5330; x_wconf 70' lang='grc' dir='ltr'>πρὸς</span> 
     </span>
    </p>
   </div>
   <div class='ocr_carea' id='block_1_96' title="bbox 337 5332 1924 5422">
    <p class='ocr_par' dir='ltr' id='par_1_96' title="bbox 337 5332 1924 5422">
     <span class='ocr_line' id='line_1_96' title="bbox 337 5332 1924 5422; baseline 0.014 -39"><span class='ocrx_word' id='word_1_713' title='bbox 337 5334 399 5384; x_wconf 71' lang='grc' dir='ltr'>σὲ</span> <span class='ocrx_word' id='word_1_714' title='bbox 430 5332 716 5401; x_wconf 75' lang='grc' dir='ltr'>διασώζων</span> <span class='ocrx_word' id='word_1_715' title='bbox 752 5338 960 5408; x_wconf 88' lang='grc' dir='ltr'>φιλίαν,</span> <span class='ocrx_word' id='word_1_716' title='bbox 998 5344 1091 5395; x_wconf 75' lang='grc' dir='ltr'>καὶ</span> <span class='ocrx_word' id='word_1_717' title='bbox 1124 5343 1223 5413; x_wconf 79' lang='grc' dir='ltr'><strong>τήν</strong></span> <span class='ocrx_word' id='word_1_718' title='bbox 1259 5347 1514 5399; x_wconf 87' lang='grc' dir='ltr'>ἀπαίσιον</span> <span class='ocrx_word' id='word_1_719' title='bbox 1551 5350 1647 5401; x_wconf 78' lang='grc' dir='ltr'>καὶ</span> <span class='ocrx_word' id='word_1_720' title='bbox 1682 5353 1924 5422; x_wconf 84' lang='grc' dir='ltr'>πονηρὰν</span> 
     </span>
    </p>
   </div>
   <div class='ocr_carea' id='block_1_97' title="bbox 338 5428 1921 5515">
    <p class='ocr_par' dir='ltr' id='par_1_97' title="bbox 338 5428 1921 5515">
     <span class='ocr_line' id='line_1_97' title="bbox 338 5428 1921 5515; baseline 0.013 -37"><span class='ocrx_word' id='word_1_721' title='bbox 338 5428 555 5499; x_wconf 87' lang='grc' dir='ltr'>ταύτην</span> <span class='ocrx_word' id='word_1_722' title='bbox 610 5432 854 5507; x_wconf 71' lang='grc' dir='ltr'>ἀκούσας</span> <span class='ocrx_word' id='word_1_723' title='bbox 883 5434 1167 5505; x_wconf 85' lang='grc' dir='ltr'>ἀγγελίαν,</span> <span class='ocrx_word' id='word_1_724' title='bbox 1211 5439 1311 5491; x_wconf 92' lang='grc' dir='ltr'><strong>ούκ</strong></span> <span class='ocrx_word' id='word_1_725' title='bbox 1358 5440 1568 5511; x_wconf 80' lang='grc' dir='ltr'>ήνεγκα</span> <span class='ocrx_word' id='word_1_726' title='bbox 1622 5445 1921 5515; x_wconf 84' lang='grc' dir='ltr'>σιωπῆσαι,</span> 
     </span>
    </p>
   </div>
   <div class='ocr_carea' id='block_1_98' title="bbox 338 5518 1918 5603">
    <p class='ocr_par' dir='ltr' id='par_1_98' title="bbox 338 5518 1918 5603">
     <span class='ocr_line' id='line_1_98' title="bbox 338 5518 1918 5603; baseline 0.014 -34"><span class='ocrx_word' id='word_1_727' title='bbox 338 5518 485 5571; x_wconf 81' lang='grc' dir='ltr'><strong>ἀλλά</strong></span> <span class='ocrx_word' id='word_1_728' title='bbox 510 5520 763 5593; x_wconf 85' lang='grc' dir='ltr'>δακρύων</span> <span class='ocrx_word' id='word_1_729' title='bbox 806 5528 901 5581; x_wconf 77' lang='grc' dir='ltr'>καὶ</span> <span class='ocrx_word' id='word_1_730' title='bbox 927 5530 1203 5593; x_wconf 72' lang='grc' dir='ltr'>στενάζων</span> <span class='ocrx_word' id='word_1_731' title='bbox 1232 5530 1293 5582; x_wconf 83' lang='grc' dir='ltr'>τὸ</span> <span class='ocrx_word' id='word_1_732' title='bbox 1317 5533 1553 5603; x_wconf 87' lang='grc' dir='ltr'>γράμμα</span> <span class='ocrx_word' id='word_1_733' title='bbox 1588 5536 1918 5591; x_wconf 73' lang='grc' dir='ltr'>ἀπέστειλαν</span> 
     </span>
    </p>
   </div>
   <div class='ocr_carea' id='block_1_99' title="bbox 341 5612 1921 5697">
    <p class='ocr_par' dir='ltr' id='par_1_99' title="bbox 341 5612 1921 5697">
     <span class='ocr_line' id='line_1_99' title="bbox 341 5612 1921 5697; baseline 0.013 -35"><span class='ocrx_word' id='word_1_734' title='bbox 341 5612 562 5681; x_wconf 76' lang='grc' dir='ltr'>πρῶτον</span> <span class='ocrx_word' id='word_1_735' title='bbox 616 5617 716 5685; x_wconf 75' lang='grc' dir='ltr'>μὲν</span> <span class='ocrx_word' id='word_1_736' title='bbox 767 5620 1019 5690; x_wconf 84' lang='grc' dir='ltr'>δεόμενος</span> <span class='ocrx_word' id='word_1_737' title='bbox 1077 5622 1172 5676; x_wconf 90' lang='grc' dir='ltr'><strong>τοῦ</strong></span> <span class='ocrx_word' id='word_1_738' title='bbox 1222 5623 1359 5676; x_wconf 78' lang='grc' dir='ltr'>Θεοῦ</span> <span class='ocrx_word' id='word_1_739' title='bbox 1407 5627 1505 5695; x_wconf 84' lang='grc' dir='ltr'>τῆς</span> <span class='ocrx_word' id='word_1_740' title='bbox 1551 5631 1648 5697; x_wconf 82' lang='grc' dir='ltr'>σῆς</span> <span class='ocrx_word' id='word_1_741' title='bbox 1680 5628 1921 5697; x_wconf 73' lang='grc' dir='ltr'>ἅψασθαι</span> 
     </span>
    </p>
   </div>
   <div class='ocr_carea' id='block_1_100' title="bbox 340 5703 1920 5790">
    <p class='ocr_par' dir='ltr' id='par_1_100' title="bbox 340 5703 1920 5790">
     <span class='ocr_line' id='line_1_100' title="bbox 340 5703 1920 5790; baseline 0.012 -36"><span class='ocrx_word' id='word_1_742' title='bbox 340 5703 599 5772; x_wconf 83' lang='grc' dir='ltr'>καρδίας,</span> <span class='ocrx_word' id='word_1_743' title='bbox 627 5709 723 5762; x_wconf 82' lang='grc' dir='ltr'>καὶ</span> <span class='ocrx_word' id='word_1_744' title='bbox 762 5714 1138 5783; x_wconf 75' lang='grc' dir='ltr'>μεταστρέψαι</span> <span class='ocrx_word' id='word_1_745' title='bbox 1168 5714 1339 5784; x_wconf 78' lang='grc' dir='ltr'>αὐτὴν</span> <span class='ocrx_word' id='word_1_746' title='bbox 1366 5716 1502 5786; x_wconf 85' lang='grc' dir='ltr'>πρὸς</span> <span class='ocrx_word' id='word_1_747' title='bbox 1527 5718 1587 5769; x_wconf 83' lang='grc' dir='ltr'>τὸ</span> <span class='ocrx_word' id='word_1_748' title='bbox 1626 5720 1920 5790; x_wconf 85' lang='grc' dir='ltr'>εὐάρεστον</span> 
     </span>
    </p>
   </div>
   <div class='ocr_carea' id='block_1_101' title="bbox 346 5795 1919 5877">
    <p class='ocr_par' dir='ltr' id='par_1_101' title="bbox 346 5795 1919 5877">
     <span class='ocr_line' id='line_1_101' title="bbox 346 5795 1919 5877; baseline 0.011 -31"><span class='ocrx_word' id='word_1_749' title='bbox 346 5795 519 5849; x_wconf 72' lang='grc' dir='ltr'>αὑτοῦ</span> <span class='ocrx_word' id='word_1_750' title='bbox 554 5797 647 5851; x_wconf 77' lang='grc' dir='ltr'>καὶ</span> <span class='ocrx_word' id='word_1_751' title='bbox 691 5803 975 5870; x_wconf 84' lang='grc' dir='ltr'>σωτήριον,</span> <span class='ocrx_word' id='word_1_752' title='bbox 1011 5808 1103 5859; x_wconf 80' lang='grc' dir='ltr'>καὶ</span> <span class='ocrx_word' id='word_1_753' title='bbox 1146 5806 1205 5859; x_wconf 83' lang='grc' dir='ltr'><strong>σέ</strong></span> <span class='ocrx_word' id='word_1_754' title='bbox 1257 5807 1503 5863; x_wconf 79' lang='grc' dir='ltr'>δεικνύον</span> <span class='ocrx_word' id='word_1_755' title='bbox 1554 5810 1919 5877; x_wconf 80' lang='grc' dir='ltr'>ἀκατάκριτον</span> 
     </span>
    </p>
   </div>
   <div class='ocr_carea' id='block_1_102' title="bbox 2030 4618 3609 4688">
    <p class='ocr_par' dir='ltr' id='par_1_102' title="bbox 2030 4618 3609 4688">
     <span class='ocr_line' id='line_1_102' title="bbox 2030 4618 3609 4688; baseline -0.003 -17"><span class='ocrx_word' id='word_1_756' title='bbox 2030 4618 2372 4681; x_wconf 82' lang='lat' dir='ltr'><strong>studiosum;</strong></span> <span class='ocrx_word' id='word_1_757' title='bbox 2413 4619 2719 4688; x_wconf 64' lang='lat' dir='ltr'><strong>przescrtini</strong></span> <span class='ocrx_word' id='word_1_758' title='bbox 2763 4633 2896 4673; x_wconf 81' lang='lat' dir='ltr'><strong>vero</strong></span> <span class='ocrx_word' id='word_1_759' title='bbox 2939 4635 2967 4672; x_wconf 88' lang='lat' dir='ltr'><strong>a</strong></span> <span class='ocrx_word' id='word_1_760' title='bbox 3018 4619 3268 4687; x_wconf 81' lang='lat' dir='ltr'><strong>plurimis</strong></span> <span class='ocrx_word' id='word_1_761' title='bbox 3301 4619 3531 4673; x_wconf 86' lang='lat' dir='ltr'><strong>audiens</strong></span> <span class='ocrx_word' id='word_1_762' title='bbox 3559 4629 3609 4671; x_wconf 76' lang='lat' dir='ltr'><strong>te</strong></span> 
     </span>
    </p>
   </div>
   <div class='ocr_carea' id='block_1_103' title="bbox 2032 4712 3610 4781">
    <p class='ocr_par' dir='ltr' id='par_1_103' title="bbox 2032 4712 3610 4781">
     <span class='ocr_line' id='line_1_103' title="bbox 2032 4712 3610 4781; baseline -0.001 -18"><span class='ocrx_word' id='word_1_763' title='bbox 2032 4722 2190 4765; x_wconf 87' lang='lat' dir='ltr'><strong>nocte</strong></span> <span class='ocrx_word' id='word_1_764' title='bbox 2223 4726 2287 4764; x_wconf 89' lang='lat' dir='ltr'><strong>ac</strong></span> <span class='ocrx_word' id='word_1_765' title='bbox 2337 4712 2424 4765; x_wconf 89' lang='lat' dir='ltr'><strong>die</strong></span> <span class='ocrx_word' id='word_1_766' title='bbox 2467 4728 2573 4765; x_wconf 88' lang='lat' dir='ltr'><strong>non</strong></span> <span class='ocrx_word' id='word_1_767' title='bbox 2612 4722 2916 4768; x_wconf 88' lang='lat' dir='ltr'><strong>cessantem</strong></span> <span class='ocrx_word' id='word_1_768' title='bbox 2947 4715 3011 4765; x_wconf 83' lang='lat' dir='ltr'><strong>ad</strong></span> <span class='ocrx_word' id='word_1_769' title='bbox 3056 4712 3224 4766; x_wconf 88' lang='lat' dir='ltr'><strong>Deum</strong></span> <span class='ocrx_word' id='word_1_770' title='bbox 3260 4728 3448 4781; x_wconf 81' lang='lat' dir='ltr'><strong>preces</strong></span> <span class='ocrx_word' id='word_1_771' title='bbox 3486 4713 3610 4765; x_wconf 66' lang='grc' dir='ltr'>ιιι..-</span> 
     </span>
    </p>
   </div>
   <div class='ocr_carea' id='block_1_104' title="bbox 2030 4804 3607 4873">
    <p class='ocr_par' dir='ltr' id='par_1_104' title="bbox 2030 4804 3607 4873">
     <span class='ocr_line' id='line_1_104' title="bbox 2030 4804 3607 4873; baseline -0.001 -16"><span class='ocrx_word' id='word_1_772' title='bbox 2030 4804 2158 4857; x_wconf 89' lang='lat' dir='ltr'><strong>dere</strong></span> <span class='ocrx_word' id='word_1_773' title='bbox 2205 4814 2423 4873; x_wconf 86' lang='lat' dir='ltr'><strong>propter</strong></span> <span class='ocrx_word' id='word_1_774' title='bbox 2454 4805 2691 4871; x_wconf 90' lang='lat' dir='ltr'><strong>priorem</strong></span> <span class='ocrx_word' id='word_1_775' title='bbox 2736 4806 2879 4860; x_wconf 94' lang='lat' dir='ltr'><strong>illam</strong></span> <span class='ocrx_word' id='word_1_776' title='bbox 2929 4816 3076 4859; x_wconf 90' lang='lat' dir='ltr'><strong>tuam</strong></span> <span class='ocrx_word' id='word_1_777' title='bbox 3126 4805 3392 4869; x_wconf 84' lang='lat' dir='ltr'><strong>adversus</strong></span> <span class='ocrx_word' id='word_1_778' title='bbox 3442 4804 3607 4858; x_wconf 75' lang='lat' dir='ltr'><strong>Chri-</strong></span> 
     </span>
    </p>
   </div>
   <div class='ocr_carea' id='block_1_105' title="bbox 2031 4896 3608 4969">
    <p class='ocr_par' dir='ltr' id='par_1_105' title="bbox 2031 4896 3608 4969">
     <span class='ocr_line' id='line_1_105' title="bbox 2031 4896 3608 4969; baseline -0.001 -18"><span class='ocrx_word' id='word_1_779' title='bbox 2031 4897 2241 4951; x_wconf 84' lang='lat' dir='ltr'><strong>stianos</strong></span> <span class='ocrx_word' id='word_1_780' title='bbox 2263 4896 2663 4964; x_wconf 81' lang='lat' dir='ltr'><strong>expeditionem</strong></span> <span class='ocrx_word' id='word_1_781' title='bbox 2698 4908 2752 4951; x_wconf 88' lang='lat' dir='ltr'><strong>et</strong></span> <span class='ocrx_word' id='word_1_782' title='bbox 2784 4901 2931 4953; x_wconf 87' lang='lat' dir='ltr'><strong>omni</strong></span> <span class='ocrx_word' id='word_1_783' title='bbox 2958 4900 3142 4961; x_wconf 84' lang='lat' dir='ltr'><strong>modo,</strong></span> <span class='ocrx_word' id='word_1_784' title='bbox 3170 4898 3395 4967; x_wconf 81' lang='lat' dir='ltr'><strong>vigiliis.</strong></span> <span class='ocrx_word' id='word_1_785' title='bbox 3434 4900 3608 4969; x_wconf 77' lang='lat' dir='ltr'><strong>lacry-</strong></span> 
     </span>
    </p>
   </div>
   <div class='ocr_carea' id='block_1_106' title="bbox 2029 4986 3605 5057">
    <p class='ocr_par' dir='ltr' id='par_1_106' title="bbox 2029 4986 3605 5057">
     <span class='ocr_line' id='line_1_106' title="bbox 2029 4986 3605 5057; baseline 0.002 -18"><span class='ocrx_word' id='word_1_786' title='bbox 2029 4987 2135 5041; x_wconf 87' lang='lat' dir='ltr'><strong>mis</strong></span> <span class='ocrx_word' id='word_1_787' title='bbox 2166 4995 2218 5039; x_wconf 91' lang='lat' dir='ltr'><strong>et</strong></span> <span class='ocrx_word' id='word_1_788' title='bbox 2258 4986 2443 5041; x_wconf 86' lang='lat' dir='ltr'><strong>cordis</strong></span> <span class='ocrx_word' id='word_1_789' title='bbox 2479 4988 2806 5041; x_wconf 90' lang='lat' dir='ltr'><strong>contritione</strong></span> <span class='ocrx_word' id='word_1_790' title='bbox 2860 4989 3091 5057; x_wconf 86' lang='lat' dir='ltr'><strong>teipsum</strong></span> <span class='ocrx_word' id='word_1_791' title='bbox 3122 4989 3217 5043; x_wconf 92' lang='lat' dir='ltr'><strong>illo</strong></span> <span class='ocrx_word' id='word_1_792' title='bbox 3252 4996 3476 5057; x_wconf 84' lang='lat' dir='ltr'><strong>peccato</strong></span> <span class='ocrx_word' id='word_1_793' title='bbox 3506 5003 3605 5042; x_wconf 80' lang='lat' dir='ltr'><strong>ex—</strong></span> 
     </span>
    </p>
   </div>
   <div class='ocr_carea' id='block_1_107' title="bbox 2028 5080 3601 5150">
    <p class='ocr_par' dir='ltr' id='par_1_107' title="bbox 2028 5080 3601 5150">
     <span class='ocr_line' id='line_1_107' title="bbox 2028 5080 3601 5150; baseline 0.001 -17"><span class='ocrx_word' id='word_1_794' title='bbox 2028 5094 2303 5150; x_wconf 81' lang='lat' dir='ltr'><strong>purgare;</strong></span> <span class='ocrx_word' id='word_1_795' title='bbox 2355 5094 2520 5148; x_wconf 90' lang='lat' dir='ltr'><strong>quam</strong></span> <span class='ocrx_word' id='word_1_796' title='bbox 2584 5080 2765 5135; x_wconf 78' lang='lat' dir='ltr'><strong>sciens</strong></span> <span class='ocrx_word' id='word_1_797' title='bbox 2822 5080 3021 5134; x_wconf 87' lang='lat' dir='ltr'><strong>bonam</strong></span> <span class='ocrx_word' id='word_1_798' title='bbox 3067 5081 3399 5134; x_wconf 78' lang='lat' dir='ltr'><strong>voluntatem</strong></span> <span class='ocrx_word' id='word_1_799' title='bbox 3456 5090 3601 5134; x_wconf 85' lang='lat' dir='ltr'><strong>tuam</strong></span> 
     </span>
    </p>
   </div>
   <div class='ocr_carea' id='block_1_108' title="bbox 2027 5169 3603 5240">
    <p class='ocr_par' dir='ltr' id='par_1_108' title="bbox 2027 5169 3603 5240">
     <span class='ocr_line' id='line_1_108' title="bbox 2027 5169 3603 5240; baseline -0.001 -15"><span class='ocrx_word' id='word_1_800' title='bbox 2027 5179 2190 5239; x_wconf 87' lang='lat' dir='ltr'><strong>atque</strong></span> <span class='ocrx_word' id='word_1_801' title='bbox 2245 5179 2470 5224; x_wconf 67' lang='lat' dir='ltr'><strong>caeteras</strong></span> <span class='ocrx_word' id='word_1_802' title='bbox 2525 5169 2751 5226; x_wconf 76' lang='lat' dir='ltr'><strong>virtutes</strong></span> <span class='ocrx_word' id='word_1_803' title='bbox 2807 5186 2944 5240; x_wconf 86' lang='lat' dir='ltr'><strong>quas</strong></span> <span class='ocrx_word' id='word_1_804' title='bbox 2993 5171 3352 5233; x_wconf 85' lang='lat' dir='ltr'><strong>cnarrabant,</strong></span> <span class='ocrx_word' id='word_1_805' title='bbox 3398 5180 3451 5226; x_wconf 89' lang='lat' dir='ltr'><strong>te</strong></span> <span class='ocrx_word' id='word_1_806' title='bbox 3490 5181 3603 5226; x_wconf 88' lang='lat' dir='ltr'><strong>toto</strong></span> 
     </span>
    </p>
   </div>
   <div class='ocr_carea' id='block_1_109' title="bbox 2024 5259 3598 5332">
    <p class='ocr_par' dir='ltr' id='par_1_109' title="bbox 2024 5259 3598 5332">
     <span class='ocr_line' id='line_1_109' title="bbox 2024 5259 3598 5332; baseline -0.001 -16"><span class='ocrx_word' id='word_1_807' title='bbox 2024 5262 2191 5316; x_wconf 89' lang='lat' dir='ltr'><strong>corde</strong></span> <span class='ocrx_word' id='word_1_808' title='bbox 2224 5259 2552 5329; x_wconf 80' lang='lat' dir='ltr'><strong>diligebam;</strong></span> <span class='ocrx_word' id='word_1_809' title='bbox 2586 5276 2731 5314; x_wconf 89' lang='lat' dir='ltr'><strong>nunc</strong></span> <span class='ocrx_word' id='word_1_810' title='bbox 2763 5268 2969 5324; x_wconf 88' lang='lat' dir='ltr'><strong>autem,</strong></span> <span class='ocrx_word' id='word_1_811' title='bbox 3017 5275 3141 5313; x_wconf 89' lang='lat' dir='ltr'><strong>cum</strong></span> <span class='ocrx_word' id='word_1_812' title='bbox 3189 5260 3437 5314; x_wconf 88' lang='lat' dir='ltr'><strong>eamdem</strong></span> <span class='ocrx_word' id='word_1_813' title='bbox 3473 5277 3598 5332; x_wconf 83' lang='lat' dir='ltr'><strong>erga</strong></span> 
     </span>
    </p>
   </div>
   <div class='ocr_carea' id='block_1_110' title="bbox 2026 5353 3602 5423">
    <p class='ocr_par' dir='ltr' id='par_1_110' title="bbox 2026 5353 3602 5423">
     <span class='ocr_line' id='line_1_110' title="bbox 2026 5353 3602 5423; baseline 0.001 -14"><span class='ocrx_word' id='word_1_814' title='bbox 2026 5365 2077 5409; x_wconf 90' lang='lat' dir='ltr'><strong>te</strong></span> <span class='ocrx_word' id='word_1_815' title='bbox 2110 5353 2453 5409; x_wconf 88' lang='lat' dir='ltr'><strong>dilectionem</strong></span> <span class='ocrx_word' id='word_1_816' title='bbox 2489 5370 2785 5417; x_wconf 74' lang='lat' dir='ltr'><strong>servarem,</strong></span> <span class='ocrx_word' id='word_1_817' title='bbox 2827 5365 3051 5423; x_wconf 88' lang='lat' dir='ltr'><strong>accepto</strong></span> <span class='ocrx_word' id='word_1_818' title='bbox 3095 5354 3333 5409; x_wconf 81' lang='lat' dir='ltr'><strong>infausto</strong></span> <span class='ocrx_word' id='word_1_819' title='bbox 3360 5364 3413 5409; x_wconf 91' lang='lat' dir='ltr'><strong>et</strong></span> <span class='ocrx_word' id='word_1_820' title='bbox 3456 5358 3602 5410; x_wconf 86' lang='lat' dir='ltr'><strong>man</strong></span> 
     </span>
    </p>
   </div>
   <div class='ocr_carea' id='block_1_111' title="bbox 2026 5443 3597 5514">
    <p class='ocr_par' dir='ltr' id='par_1_111' title="bbox 2026 5443 3597 5514">
     <span class='ocr_line' id='line_1_111' title="bbox 2026 5443 3597 5514; baseline -0.002 -14"><span class='ocrx_word' id='word_1_821' title='bbox 2026 5445 2117 5500; x_wconf 88' lang='lat' dir='ltr'><strong>illo</strong></span> <span class='ocrx_word' id='word_1_822' title='bbox 2151 5446 2376 5507; x_wconf 90' lang='lat' dir='ltr'><strong>nuntio,</strong></span> <span class='ocrx_word' id='word_1_823' title='bbox 2409 5454 2589 5499; x_wconf 78' lang='lat' dir='ltr'><strong>tacere</strong></span> <span class='ocrx_word' id='word_1_824' title='bbox 2630 5460 2738 5497; x_wconf 91' lang='lat' dir='ltr'><strong>non</strong></span> <span class='ocrx_word' id='word_1_825' title='bbox 2772 5444 2940 5507; x_wconf 81' lang='lat' dir='ltr'><strong>valui,</strong></span> <span class='ocrx_word' id='word_1_826' title='bbox 2984 5443 3079 5497; x_wconf 89' lang='lat' dir='ltr'><strong>sed</strong></span> <span class='ocrx_word' id='word_1_827' title='bbox 3120 5443 3253 5497; x_wconf 84' lang='lat' dir='ltr'><strong>ﬂens</strong></span> <span class='ocrx_word' id='word_1_828' title='bbox 3282 5455 3335 5498; x_wconf 87' lang='lat' dir='ltr'><strong>et</strong></span> <span class='ocrx_word' id='word_1_829' title='bbox 3376 5459 3597 5514; x_wconf 87' lang='lat' dir='ltr'><strong>gemens</strong></span> 
     </span>
    </p>
   </div>
   <div class='ocr_carea' id='block_1_112' title="bbox 2024 5532 3595 5607">
    <p class='ocr_par' dir='ltr' id='par_1_112' title="bbox 2024 5532 3595 5607">
     <span class='ocr_line' id='line_1_112' title="bbox 2024 5532 3595 5607; baseline 0 -16"><span class='ocrx_word' id='word_1_830' title='bbox 2024 5539 2141 5594; x_wconf 63' lang='lat' dir='ltr'><strong>hac</strong></span> <span class='ocrx_word' id='word_1_831' title='bbox 2169 5538 2235 5593; x_wconf 89' lang='lat' dir='ltr'><strong>ad</strong></span> <span class='ocrx_word' id='word_1_832' title='bbox 2271 5532 2321 5592; x_wconf 85' lang='lat' dir='ltr'><strong>te</strong></span> <span class='ocrx_word' id='word_1_833' title='bbox 2346 5538 2543 5607; x_wconf 88' lang='lat' dir='ltr'><strong>scripsi</strong></span> <span class='ocrx_word' id='word_1_834' title='bbox 2590 5554 2623 5593; x_wconf 89' lang='lat'><strong>:.</strong></span> <span class='ocrx_word' id='word_1_835' title='bbox 2648 5539 2823 5606; x_wconf 90' lang='lat' dir='ltr'><strong>primo</strong></span> <span class='ocrx_word' id='word_1_836' title='bbox 2845 5535 3061 5604; x_wconf 86' lang='lat' dir='ltr'><strong>quidem</strong></span> <span class='ocrx_word' id='word_1_837' title='bbox 3100 5552 3126 5587; x_wconf 88' lang='lat' dir='ltr'><strong>a</strong></span> <span class='ocrx_word' id='word_1_838' title='bbox 3163 5536 3272 5591; x_wconf 87' lang='lat' dir='ltr'><strong>Deo</strong></span> <span class='ocrx_word' id='word_1_839' title='bbox 3304 5539 3595 5607; x_wconf 72' lang='lat' dir='ltr'><strong>postulans</strong></span> 
     </span>
    </p>
   </div>
   <div class='ocr_carea' id='block_1_113' title="bbox 2023 5630 3591 5700">
    <p class='ocr_par' dir='ltr' id='par_1_113' title="bbox 2023 5630 3591 5700">
     <span class='ocr_line' id='line_1_113' title="bbox 2023 5630 3591 5700; baseline -0.001 -17"><span class='ocrx_word' id='word_1_840' title='bbox 2023 5641 2082 5685; x_wconf 91' lang='lat' dir='ltr'><strong>ut</strong></span> <span class='ocrx_word' id='word_1_841' title='bbox 2115 5646 2212 5685; x_wconf 88' lang='lat' dir='ltr'><strong>cor</strong></span> <span class='ocrx_word' id='word_1_842' title='bbox 2250 5638 2403 5684; x_wconf 89' lang='lat' dir='ltr'><strong>tuum</strong></span> <span class='ocrx_word' id='word_1_843' title='bbox 2438 5638 2622 5700; x_wconf 87' lang='lat' dir='ltr'><strong>tangat</strong></span> <span class='ocrx_word' id='word_1_844' title='bbox 2650 5640 2703 5682; x_wconf 91' lang='lat' dir='ltr'><strong>et</strong></span> <span class='ocrx_word' id='word_1_845' title='bbox 2748 5635 3036 5681; x_wconf 79' lang='lat' dir='ltr'><strong>convertat</strong></span> <span class='ocrx_word' id='word_1_846' title='bbox 3062 5630 3128 5681; x_wconf 89' lang='lat' dir='ltr'><strong>ad</strong></span> <span class='ocrx_word' id='word_1_847' title='bbox 3159 5632 3449 5684; x_wconf 87' lang='lat' dir='ltr'><strong>consilium</strong></span> <span class='ocrx_word' id='word_1_848' title='bbox 3486 5630 3591 5685; x_wconf 81' lang='lat' dir='ltr'><strong>sibi</strong></span> 
     </span>
    </p>
   </div>
   <div class='ocr_carea' id='block_1_114' title="bbox 2023 5719 3594 5792">
    <p class='ocr_par' dir='ltr' id='par_1_114' title="bbox 2023 5719 3594 5792">
     <span class='ocr_line' id='line_1_114' title="bbox 2023 5719 3594 5792; baseline -0.001 -15"><span class='ocrx_word' id='word_1_849' title='bbox 2023 5723 2243 5790; x_wconf 89' lang='lat' dir='ltr'><strong>placens</strong></span> <span class='ocrx_word' id='word_1_850' title='bbox 2280 5731 2333 5776; x_wconf 91' lang='lat' dir='ltr'><strong>ct</strong></span> <span class='ocrx_word' id='word_1_851' title='bbox 2383 5721 2638 5787; x_wconf 85' lang='lat' dir='ltr'><strong>salutare,</strong></span> <span class='ocrx_word' id='word_1_852' title='bbox 2692 5719 2838 5789; x_wconf 87' lang='lat' dir='ltr'><strong>quod</strong></span> <span class='ocrx_word' id='word_1_853' title='bbox 2893 5729 2945 5775; x_wconf 92' lang='lat' dir='ltr'><strong>te</strong></span> <span class='ocrx_word' id='word_1_854' title='bbox 2976 5721 3507 5792; x_wconf 84' lang='lat' dir='ltr'><strong>irrcprehensibilem</strong></span> <span class='ocrx_word' id='word_1_855' title='bbox 3539 5731 3594 5775; x_wconf 83' lang='lat' dir='ltr'><strong>et</strong></span> 
     </span>
    </p>
   </div>
   <div class='ocr_carea' id='block_1_115' title="bbox 2021 5811 3587 5883">
    <p class='ocr_par' dir='ltr' id='par_1_115' title="bbox 2021 5811 3587 5883">
     <span class='ocr_line' id='line_1_115' title="bbox 2021 5811 3587 5883; baseline -0.001 -15"><span class='ocrx_word' id='word_1_856' title='bbox 2021 5814 2328 5869; x_wconf 89' lang='lat' dir='ltr'><strong>indemnem</strong></span> <span class='ocrx_word' id='word_1_857' title='bbox 2356 5811 2587 5879; x_wconf 84' lang='lat' dir='ltr'><strong>cliiciat;</strong></span> <span class='ocrx_word' id='word_1_858' title='bbox 2639 5811 2835 5871; x_wconf 85' lang='lat' dir='ltr'><strong>deinde</strong></span> <span class='ocrx_word' id='word_1_859' title='bbox 2883 5823 2940 5869; x_wconf 90' lang='lat' dir='ltr'><strong>ut</strong></span> <span class='ocrx_word' id='word_1_860' title='bbox 2980 5822 3106 5869; x_wconf 84' lang='lat' dir='ltr'><strong>tuas</strong></span> <span class='ocrx_word' id='word_1_861' title='bbox 3155 5828 3317 5870; x_wconf 78' lang='lat' dir='ltr'><strong>aures</strong></span> <span class='ocrx_word' id='word_1_862' title='bbox 3360 5812 3587 5883; x_wconf 80' lang='lat' dir='ltr'><strong>aperiat,</strong></span> 
     </span>
    </p>
   </div>
  </div>
