3996 6208
388 330 458 391 55
1518 330 1820 391 NICOLAI
1859 332 1965 392 CP.
2006 332 2516 395 PATRIARCH/‘E
2690 414 2693 415 ν
3582 333 3648 395 {6

392 440 457 496 a'c
488 438 727 511 quietem
762 437 859 494 tibi
886 453 914 493 a
947 438 1276 493 tumultibus
1306 449 1358 491 et
1388 438 1563 493 turbis
1595 439 1961 502 exterioribus

2079 443 2158 496 cal
2181 443 2611 511 ἀκατάγνωστον
2636 441 2761 510 Θέλη
2773 458 2849 511 μα
2876 458 2889 472 ·
2924 443 3162 496 Ἔπειτα
3182 439 3238 497 δὲ
3262 440 3525 512 διανοῖξαι
3556 444 3654 499 καὶ

391 541 608 603 praestet
644 531 713 585 ad
755 530 1021 586 audienda
1072 529 1229 584 verba
1273 544 1388 583 mea
1442 529 1778 597 suadentque
1804 532 1963 583 talem

393 626 508 681 ﬁeri
546 625 760 696 qualem
787 638 1092 693 speramus,
1122 638 1222 677 nos
1256 623 1436 691 potius
1463 622 1773 676 audientem
1799 638 1963 691 quam

397 718 570 773 malos
630 718 767 773 istos
813 716 1064 769 homines
1109 715 1332 783 quinos
1381 713 1569 767 dolore
1603 700 1866 777 alliciunt,
1904 729 1967 769 ac

400 820 664 883 quantum
700 811 755 864 in
793 810 928 878 ipsis
959 816 1066 874 est,
1103 822 1312 876 magna).
1351 815 1455 861 tuae
1490 806 1645 859 famae
1675 807 1817 875 quod
1846 806 1965 875 pul-

391 905 587 961 chrum
627 913 681 958 et
724 903 923 957 bonum
957 912 1040 957 est
1081 902 1357 965 tollentes,
1388 900 1482 955 sed
1521 914 1621 954 nec
1673 911 1819 954 tuam
1851 903 1963 957 vir-

393 1008 562 1051 tutem
601 996 1053 1065 pudefacicntem,
1087 1009 1267 1063 neque
1297 995 1349 1048 in
1398 994 1501 1048 hoc
1552 994 1751 1049 saeculo
1792 1010 1969 1064 neque

395 1091 448 1143 in
483 1088 667 1143 futuro
710 1098 760 1141 te
808 1097 1024 1141 arternae
1053 1087 1128 1140 illi
1159 1085 1444 1157 facientem
1472 1088 1767 1141 obnoxium
1810 1088 1968 1157 igno-

401 1181 581 1235 miniae
637 1188 800 1249 atque
839 1178 1092 1233 dedecori
1147 1188 1202 1233 et
1250 1179 1586 1234 ineluetabili
1645 1194 1819 1247 poena:
1848 1194 1970 1249 quae

394 1272 574 1340 magni
606 1270 843 1325 nominis
894 1269 1094 1325 Christi
1126 1278 1179 1325 et
1223 1270 1315 1325 Dei
1361 1272 1831 1341 contemptoribus
1870 1272 1968 1326 de-

397 1364 573 1418 betur.

463 1546 686 1602 Minime
741 1556 925 1602 autem
990 1548 1213 1617 negabis
1275 1547 1458 1617 magni
1515 1547 1662 1604 illius
1729 1547 1970 1605 nominis

393 1650 763 1712 contemptum
792 1656 916 1695 esse
944 1649 1229 1709 pactorum
1276 1648 1327 1696 et
1351 1641 1791 1709 juramentorum
1837 1656 1969 1696 con-

393 1742 652 1809 temptum
679 1745 733 1788 et
756 1732 1043 1787 consilium
1069 1732 1311 1801 rapiendi
1335 1733 1486 1802 regni
1517 1734 1665 1803 quod
1709 1733 1777 1788 ad
1816 1741 1967 1789 tuum

393 1843 563 1892 genus
628 1826 776 1881 nullo
805 1826 966 1879 modo
1027 1825 1315 1895 pertinet:
1370 1841 1435 1880 ex
1476 1827 1731 1883 omnibus
1782 1828 1964 1894 dictis,

396 1930 655 1988 tanquam
689 1918 989 1988 spiritualis
1040 1928 1211 1986 pater,
1242 1918 1502 1975 minimus
1524 1920 1675 1983 licet,
1707 1930 1968 1991 tanquam

393 2011 653 2066 sacerdos
685 2021 737 2066 et
782 2010 957 2065 sancti
1008 2010 1197 2063 altaris
1246 2011 1513 2077 minister,
1548 2012 1652 2067 etsi
1694 2013 1967 2084 indignus,

397 2117 654 2173 tanquam
719 2121 749 2158 a
796 2104 1002 2174 Spiritu
1050 2114 1240 2171 sancto
1283 2115 1603 2175 potestatem
1663 2107 1874 2161 habens
1907 2108 1972 2161 li-

395 2198 555 2268 gandi
591 2207 878 2268 peccantes
909 2240 924 2259 .
985 2213 1300 2267 quanquam
1352 2208 1700 2268 peccatorum
1761 2203 1971 2271 primus

397 2304 520 2357 ego,
560 2296 613 2343 te
645 2290 697 2342 in
737 2289 894 2344 Patre
928 2300 983 2344 et
1020 2289 1153 2343 Filio
1180 2298 1235 2345 et
1266 2291 1470 2360 Spiritu
1504 2303 1693 2347 sancto
1720 2294 1970 2364 ligamus,

394 2390 475 2446 ut,
508 2381 553 2434 si
587 2381 717 2450 quid
753 2380 1063 2437 istiusmodi
1098 2384 1353 2438 statueris
1380 2394 1453 2449 et,
1480 2392 1538 2439 ut
1560 2388 1777 2441 advenit
1807 2386 1971 2453 fama,

394 2472 736 2542 tyrannidem
785 2473 841 2527 in
887 2474 1075 2529 urbem
1120 2474 1365 2541 ati'ectes,
1410 2485 1565 2531 tuum
1593 2479 1853 2548 impetum
1887 2494 1974 2535 re-

395 2565 574 2619 frenes
617 2574 669 2619 et
690 2572 780 2619 tua
811 2566 1029 2635 propria
1060 2569 1432 2635 potestatetsis
1454 2580 1762 2634 contentus,
1786 2587 1972 2641 pacem

392 2670 613 2725 quoque
636 2660 969 2725 praeteritam
1003 2672 1207 2721 serves,
1248 2673 1347 2713 nec
1376 2661 1676 2728 quidquam
1706 2662 1973 2717 innovare

391 2746 626 2811 audeas;
662 2747 843 2801 sciens
881 2746 1079 2817 quippe
1113 2757 1182 2812 te,
1227 2750 1271 2802 si
1321 2750 1449 2803 talia
1496 2765 1706 2818 ageres,
1741 2753 1973 2807 vinculis

393 2834 633 2901 Spiritus
680 2838 855 2891 sancti
910 2837 1386 2890 indissolubilibns
1417 2852 1511 2907 per
1566 2840 1821 2894 saeculum
1854 2856 1975 2896 esse

391 2926 882 2993 constringendutn
926 2937 980 2979 et
1025 2940 1338 2980 sanctorum
1392 2938 1555 2997 aliine
1596 2932 1976 2987 immaculato-

392 3035 515 3073 rum
556 3020 936 3090 mysteriorum
962 3015 1380 3090 participatione
1412 3023 1749 3089 arcendum;
1774 3031 1974 3079 aeterno

2069 539 2135 588 τά
2168 529 2305 601 ὦτα,
2336 534 2432 588 καί⁵
2466 535 2707 604 ἠρεμίαν
2728 532 2805 603 τῷ
2836 534 3085 603 λογισμῷ
3112 540 3421 605 παρασχεῖν
3452 540 3514 589 ὲκ
3540 538 3648 589 τῶν

2071 624 2271 690 ἔξωθεν
2301 625 2547 693 θορύϐων
2587 626 2681 678 καὶ
2710 625 2966 694 ταραχῶν
2996 624 3277 677 διακοῦσαι
3310 627 3416 678 τῶν
3447 628 3649 694 ἡμετέ-

2072 735 2181 787 ρων
2219 717 2413 784 λόγων,
2469 718 2564 770 καὶ
2619 720 2804 770 πεῖσαι
2860 711 2971 768 οἷον
3021 716 3319 785 ἐλπίζομεν
3369 719 3648 785 γενέσθαι,

2072 810 2164 863 καὶ
2195 809 2428 863 ἀκοῦσαι
2458 810 2607 879 ἡμᾶς
2632 810 2753 861 ἀντὶ
2780 809 2889 861 τῶν
2920 809 3014 861 νῦν
3042 809 3299 879 πονηρῶν
3322 809 3519 877 λόγων,
3553 812 3650 861 καὶ

2069 903 2261 972 ὀδύνην
2296 903 2394 971 μὲν
2426 904 2557 973 ἡμῖν
2592 903 3035 972 ὲμποιησάντων,
3070 903 3129 955 σὲ
3150 903 3207 954 δὲ
3247 904 3369 956 ὅσον
3399 905 3484 971 ἐφ’
3514 906 3639 956 ὲαυ·

2070 998 2183 1059 τοῖς
2206 996 2367 1064 δόξης
2403 994 2647 1065 μεγάλης
2676 995 3077 1063 ζημιωσάντων
3108 995 3175 1047 τὰ
3210 995 3351 1047 καλά
3383 997 3476 1048 καὶ
3510 1014 3649 1064 συμ-

2072 1089 2328 1159 φέροντα,
2366 1090 2461 1142 καὶ
2496 1088 2570 1158 μὴ
2607 1087 2931 1157 αίσχύνοντα
2970 1088 3069 1157 τὴν
3103 1087 3200 1158 σὴν
3248 1088 3473 1157 ἀρετὴν,
3509 1090 3646 1157 μήτε

2071 1184 2129 1235 ὲν
2160 1182 2237 1253 τῷ
2267 1182 2359 1234 νῦν
2385 1182 2542 1234 αἰῶνι
2574 1184 2711 1249 μήτε
2743 1183 2800 1233 ἐν
2827 1181 2905 1249 τῷ
2935 1181 3184 1250 μέλλοντι
3235 1181 3490 1235 ποιοῦντα
3512 1182 3565 1233 ὑ;
3589 1180 3647 1233 ό-

2069 1274 2217 1327 δικον
2249 1274 2471 1326 αἰωνίου
2516 1272 2731 1337 ἀδοξίας
2761 1274 2854 1325 καὶ
2883 1273 3128 1342 ἀτιμίας,
3161 1273 3255 1325 καὶ
3290 1274 3648 1345 ἀπαρηγορή-

2070 1384 2161 1417 του
2200 1366 2557 1433 κολάσεως,ἢ
2602 1367 2712 1427 τοῖς
2747 1363 3001 1418 άθετοῦσι
3035 1366 3094 1417 τὸ
3135 1365 3279 1434 μέγα
3329 1366 3499 1435 ὄνομα
3549 1366 3644 1420 τοῦ

2071 1456 2308 1526 Χριστοῦ
2334 1455 2428 1509 καὶ⁹
2458 1456 2592 1507 Θεοῦ
2628 1456 2785 1525 ἡμῶν
2824 1457 3193 1526 ἐποφείλεται.

2143 1550 2366 1611 Πάντως
2392 1547 2448 1601 δὲ
2480 1548 2579 1601 οὐκ
2602 1548 2967 1617 ἀμφιϐάλλεις
3009 1551 3085 1612 ὡς
3116 1551 3373 1620 ἀθέτησις
3404 1551 3521 1603 ἐστι
3551 1550 3644 1604 τοῦ

2077 1640 2313 1712 μεγάλου
2343 1643 2608 1711 ὀνόματος
2637 1642 2668 1710 ἡ
2701 1640 2809 1693 τῶν
2841 1640 3151 1711 συμφώνων
3188 1643 3285 1696 καὶ
3321 1642 3431 1694 τῶν
3468 1643 3647 1711 ὅρκων

2073 1734 2354 1806 ἀθέτησις,
2390 1739 2484 1788 καὶ
2510 1736 2572 1787 τὸ
2601 1732 2927 1803 βουληθῆναι
2951 1734 3197 1798 ἁρπάσαι
3236 1734 3513 1803 βασιλείαν
3548 1736 3649 1802 τὴν

2071 1828 2211 1881 κατά
2264 1827 2430 1897 μηδὲν
2473 1826 2553 1895 τῷ
2599 1825 2675 1896 σῷ
2706 1825 2857 1892 γένει
2896 1826 3308 1895 προσήκουσαν.
3340 1826 3467 1878 Ἐπὶ
3512 1826 3648 1876 πᾶσι

2070 1923 2179 1983 τοῖς
2211 1919 2524 1990 εἰρημένοις
2554 1921 2645 1971 καὶ
2680 1918 2756 1980 ὡς
2787 1916 2969 1988 πατὴρ
3015 1917 3157 1969 κατὰ
3197 1916 3439 1985 πνεῦμα,
3477 1918 3524 1969 εἰ
3556 1920 3651 1968 καὶ

2070 2014 2375 2083 ἐλάχιστος,
2407 2014 2499 2065 καὶ
2523 2012 2598 2074 ὡς
2629 2014 2808 2082 ἱερεὺς
2838 2012 2931 2064 καὶ
2953 2011 3045 2064 τοῦ
3074 2012 3229 2077 ἀγίου
3263 2008 3647 2079 Θυσιαστηρίου

2072 2106 2453 2173 παραστάτης,
2507 2106 2557 2157 εἰ
2601 2106 2699 2157 καὶ
2747 2102 2986 2169 ἀνάξιος,
3028 2103 3123 2156 καὶ
3172 2102 3351 2155 λαϐὼν
3400 2101 3649 2164 ἐξουσίαν

2074 2197 2226 2268 παρὰ
2266 2197 2359 2250 τοῦ
2412 2197 2682 2265 παναγίου
2743 2195 3061 2266 Πνεύματος
3121 2194 3300 2265 δεσμῴ
3360 2194 3651 2247 ὑποϐαλεῖν

2071 2291 2197 2353 τοὺς
2254 2289 2754 2359 ἐξαμαρτάνοντας,
2787 2290 2833 2340 εί
2884 2290 2979 2341 καὶ
3024 2288 3243 2340 πάντων
3302 2286 3649 2356 ἁμαρτωλῶν

2076 2379 2188 2449 ἐγὼ
2219 2380 2456 2450 πρῶτος,
2487 2381 2675 2451 δεσμῷ
2723 2380 3102 2450 ὐποϐάλλομέν
3156 2398 3212 2432 σε
3244 2381 3300 2433 ἐν
3334 2381 3508 2450 Πατρὶ
3552 2380 3652 2431 καὶ
3734 2372 3737 2373 ν

2076 2473 2192 2544 Υίῴ
2223 2474 2316 2525 καὶ
2347 2474 2488 2543 άγίῳ
2525 2474 2827 2545 Ιίνεύματι,
2872 2474 2982 2538 ἵνα,
3017 2475 3065 2526 εί
3094 2491 3147 2526 τι
3173 2473 3417 2525 τοιοῦτον
3461 2472 3651 2541 $5606—

2073 2566 2257 2637 λησαι,
2293 2568 2387 2617 καὶ
2431 2565 2504 2630 ὡς
2548 2568 2581 2637 ἡ
2634 2568 2789 2638 φήμη
2826 2567 3193 2637 προέδραμεν,
3236 2566 3330 2618 ἐπὶ
3378 2565 3652 2636 τυραννίδι

2075 2660 2213 2729 πρὸς
2244 2658 2342 2726 τὴν
2389 2658 2557 2711 πόλιν
2582 2659 2830 2726 διέγνως,
2882 2659 3241 2728 καταργήσῃς
3293 2659 3351 2709 τὸ
3402 2658 3654 2726 ὅρμημα,

2079 2751 2173 2803 καὶ
2201 2751 2339 2819 πρὸς
2369 2752 2468 2820 τὴν
2496 2750 2705 2803 οἰκείαν
2749 2749 2998 2812 ἐξουσίαν
3028 2750 3396 2822 ὑποστρέψῃς,
3431 2753 3524 2805 καὶ
3556 2754 3655 2821 τὴν

2076 2841 2135 2906 ἐξ
2162 2840 2336 2909 ἀρχῆς
2378 2842 2603 2909 εἰρήνην
2637 2839 2891 2911 στέρξῃς,
2926 2840 3021 2891 καὶ
3065 2839 3232 2908 μηδὲν
3262 2840 3655 2907 καινοτομῆσαι

2076 2933 2386 3003 τολμήσῃς·
2419 2931 2705 2999 γινώσκων
2739 2931 2835 2994 ὡς,
2877 2932 2924 2983 εί
2948 2931 3105 2984 τοῦτο
3138 2932 3388 3003 πράξεις,
3437 2932 3654 2994 ἀλύτοις

2079 3024 2296 3093 δεσμοῖς
2326 3025 2419 3075 τὸν
2449 3024 2627 3076 πάντα
2680 3023 2854 3077 αίῶνα
2882 3023 2975 3077 τοῦ
3020 3025 3287 3093 παναγίου
3338 3026 3657 3094 Πνεῦματος

391 3128 613 3182 quoque
667 3112 806 3167 solio
856 3122 1031 3167 tecum
1094 3116 1304 3178 astabo,
1369 3115 1668 3172 testificaris
1729 3132 1834 3183 me,
1876 3133 1970 3187 pro

2084 3117 2527 3187 ὑποϐεϐλημένος
2559 3116 2679 3185 ἔσῃ,
2738 3116 2834 3168 καὶ
2864 3115 2973 3168 τῶν
3011 3115 3175 3186 ιερῶν
3226 3118 3322 3169 καὶ
3374 3117 3656 3185 ἀχράντων

392 3205 537 3258 virili
573 3213 747 3274 parte,
770 3220 883 3259 non
918 3206 1176 3268 tacuisse,
1216 3223 1391 3274 neque
1433 3209 1485 3261 in
1522 3209 1680 3262 talem
1717 3225 1969 3278 prorum-

392 3308 608 3366 pentcm
646 3299 911 3352 insaniam
953 3310 1002 3354 te
1049 3301 1375 3369 neglexisse.
1434 3317 1611 3370 neque
1637 3312 1743 3357 tua:
1775 3303 1968 3358 salutis

394 3407 577 3446 turam
605 3392 893 3461 abjecisse,
925 3394 1019 3447 sed
1052 3409 1242 3447 omnes
1278 3402 1507 3449 conatus
1543 3396 1877 3463 impendisse
1917 3398 1967 3451 in

394 3487 702 3541 revocando
747 3498 796 3541 te
826 3496 878 3539 et
918 3502 945 3540 a
990 3487 1154 3540 noxio
1188 3489 1386 3541 mentis
1435 3496 1540 3541 true
1573 3489 1778 3563 impetu
1810 3506 1967 3544 aver-

396 3578 580 3641 tendo,
628 3594 695 3633 ne
747 3578 1022 3633 obnoxius
1078 3578 1236 3634 fieres
1282 3580 1501 3635 vinculo
1550 3590 1603 3634 et
1644 3581 1968 3635 inexorabili

396 3670 774 3734 damnationi;
829 3678 954 3725 ante
1002 3673 1183 3725 omnia
1231 3681 1408 3725 tamen
1473 3672 1722 3743 indignas
1769 3690 1966 3729 manus

400 3772 553 3813 meas
605 3760 670 3813 ad
723 3761 919 3815 malum
969 3762 1189 3817 tendere
1232 3763 1343 3833 jam
1408 3780 1512 3819 non
1575 3764 1850 3827 desinatit,
1906 3768 1969 3820 ad

399 3852 566 3908 Deum
604 3869 791 3922 preces
821 3854 1074 3921 inridens,
1109 3856 1282 3911 donec
1325 3857 1538 3925 justum
1580 3857 1788 3926 judicct
1826 3858 1972 3926 judi-

397 3948 543 4001 cium
571 3948 713 4002 inter
742 3958 887 4003 luam
916 3948 1175 4017 injuriam
1209 3962 1261 4003 et
1293 3951 1489 4019 injuste
1516 3953 1693 4006 lmsos.

2083 3211 2402 3281 μυστηρίων
2464 3208 2847 3278 ἀκοινώνητος.
2902 3210 3014 3261 Καὶ
3070 3208 3148 3278 τῷ
3197 3209 3399 3278 αἰωνίῳ
3452 3208 3656 3278 βήματι

2081 3305 2223 3375 μετά
2270 3302 2364 3355 σοῦ
2417 3302 2868 3370 παραστήσομαι,
2916 3301 3218 3371 ἐξελέγχων
3274 3320 3353 3365 σε,
3392 3305 3472 3357 ὅτι
3534 3305 3657 3356 ὅσον

2077 3398 2138 3449 τὸ
2167 3395 2253 3447 ἐπ’
2289 3394 2414 3465 ἐμοὶ
2441 3396 2542 3447 οὐκ
2571 3394 2826 3464 ἐσίγησα,
2875 3395 2998 3447 οὑδέ
3032 3397 3168 3463 πρὸς
3201 3388 3463 3465 τοιαύτην
3498 3395 3661 3465 φερό-

2081 3505 2242 3558 μενον
2264 3488 2497 3541 ἀτοπίαν
2527 3488 2808 3559 παρεῖδον,
2842 3488 2962 3541 οὐδὲ
3000 3488 3097 3557 τῆς
3128 3491 3227 3559 σῆς
3273 3489 3521 3559 ἠμέλησα
3554 3506 3658 3540 σω-

2078 3582 2295 3652 τηρίας,
2328 3581 2468 3635 ἀλλὰ
2500 3581 2736 3651 σπουδὴν
2768 3581 2973 3651 ἐθέμην
3004 3582 3099 3631 καὶ
3136 3583 3453 3649 ἀνενεγκεῖν
3480 3598 3537 3633 σε
3566 3581 3660 3632 καὶ

2078 3672 2421 3743 ἀποστρέψαι
2470 3671 2565 3725 τοῦ
2608 3674 2930 3742 ἀσυμφόρου
2981 3674 3287 3742 κινήματος
3332 3673 3433 3739 τῆς
3479 3672 3659 3741 ψυχῆς

2080 3784 2195 3830 σου,
2232 3768 2326 3819 καὶ
2379 3764 2471 3817 τοῦ
2546 3763 2802 3817 ὑπόδικον
2857 3765 3116 3833 γενέσθαι
3168 3768 3260 3817 καὶ
3312 3764 3407 3817 τοῦ
3458 3765 3659 3834 δεσμοῦ

2080 3860 2175 3913 καὶ
2220 3857 2313 3911 τοῦ
2355 3858 2553 3911 ἀλύτου
2590 3857 3030 3927 κατακρίματος.
3068 3859 3179 3927 Πρὸ
3229 3857 3282 3910 δὲ
3310 3857 3515 3909 τούτων
3566 3858 3661 3908 καὶ

2082 3952 2177 4006 νῦν
2223 3952 2320 4015 τὰς
2370 3950 2623 4016 ἀναξίους
2678 3969 2778 4021 μου
2821 3954 3013 4021 χεῖρας
3068 3952 3128 4004 οὐ
3175 3950 3517 4004 κατασπάσω
3564 3947 3659 4000 τοῦ

395 4042 654 4111 οὖρανοῦο
706 4043 962 4111 δεόμενος
995 4044 1096 4114 τῆς
1128 4044 1282 4108 θείας
1322 4047 1627 4116 δυνάμεως,
1679 4049 1875 4120 μέχρις
1912 4051 1977 4105 ἂν
2015 4049 2213 4120 δικάσῃ
2246 4050 2465 4104 δικαίαν
2511 4049 2693 4119 κρίσιν
2761 4049 2965 4117 μεταξὺ
2982 4049 3101 4119 ’τῆς
3166 4066 3224 4101 τε
3268 4047 3367 4117 σῆς
3395 4044 3657 4116 ἐπηρείας

397 4138 628 4191 καὶτῶν
669 4140 873 4203 ἀδίκως
906 4140 1391 4213 ἐπηρεαζομένων.

928 4278 1017 4336 Vl.
1060 4281 1141 4335 Ad
1178 4285 1419 4338 eumdem

467 4412 598 4479 Quae
644 4414 795 4483 prius
839 4414 1058 4483 scripsi,
1100 4416 1173 4468 ﬁli
1211 4417 1321 4492 mi,
1355 4432 1665 4474 communis
1692 4422 1967 4477 Romano-

397 4521 518 4559 rum
550 4506 1019 4574 Bulgarorumque
1068 4507 1319 4561 utilitatis
1347 4508 1522 4576 gratia
1564 4522 1690 4565 sunt
1718 4514 1920 4581 scripta
1955 4532 1968 4567 :

2080 4520 2234 4588 κοινῇ
2314 4517 2687 4585 συμφέροντος

396 4607 452 4651 et
507 4611 626 4664 qum
675 4612 820 4651 nunc
890 4596 1071 4652 scribo
1123 4599 1190 4652 ad
1239 4599 1485 4667 ejusdem
1540 4603 1768 4667 consilii.
1811 4615 1974 4674 atque

399 4688 570 4744 studii
603 4688 867 4741 rationem
902 4690 1208 4757 pertinent;
1268 4707 1353 4757 me
1384 4694 1656 4763 siquidem
1693 4711 1802 4751 non
1839 4698 1975 4767 fugit

400 4781 617 4852 utrique
648 4782 902 4850 potestati
932 4784 1255 4854 populisque
1283 4786 1515 4842 subditis
1550 4790 1775 4845 noxium
1822 4807 1972 4858 esse,

398 4873 662 4927 dissidere
728 4881 783 4926 et
852 4871 1051 4927 bellum
1110 4891 1332 4943 gerere;
1394 4877 1540 4946 quod
1593 4894 1681 4934 me
1743 4882 1973 4935 multum

400 4975 600 5030 movet,
668 4980 777 5019 non
832 4965 1009 5019 solum
1071 4968 1199 5035 quia
1256 4971 1430 5025 sancti
1464 4970 1657 5026 altaris
1695 4989 1840 5038 sum,
1871 4975 1970 5029 etsi

399 5061 676 5131 indignus,
729 5059 999 5122 minister,
1049 5060 1142 5114 sed
1192 5062 1319 5130 quia
1367 5063 1531 5133 longo
1582 5070 1797 5121 miserae
1850 5068 1974 5121 vitae

402 5169 533 5207 mea:
563 5154 741 5222 spatio
771 5168 876 5207 non
910 5166 1070 5217 parce
1114 5152 1276 5207 didici
1309 5170 1375 5208 ex
1405 5156 1757 5225 antiquorum
1795 5159 1972 5215 histo-

401 5244 493 5297 riis
526 5254 580 5298 et
611 5247 679 5301 iis
701 5262 823 5315 qua:
874 5247 1077 5300 nostris
1107 5248 1451 5316 temporibus
1496 5249 1637 5306 facta
1683 5263 1813 5307 sunt
1844 5265 1976 5324 quot

341 5388 347 5401 ,
402 5334 540 5387 mala
573 5336 814 5393 dissidiis
847 5339 1129 5405 oriantur;
1184 5340 1443 5408 quoniam
1476 5341 1642 5411 igitur
1667 5345 1781 5399 seio
1808 5361 1974 5415 quam

407 5424 631 5479 infamia
671 5439 723 5482 et
758 5431 1125 5487 lamentabilia
1153 5432 1337 5504 generi
1375 5433 1616 5489 humano
1645 5451 1711 5489 ex
1744 5448 1973 5491 conten-

402 5517 643 5573 tionibus
672 5521 1032 5579 etdiscordiis
1070 5525 1407 5590 incumbant,
1438 5524 1559 5580 ideo
1588 5542 1737 5583 nunc
1753 5530 1933 5582 scribo
1958 5547 1973 5595 ;

397 5612 601 5667 durum
634 5612 833 5667 etenim
867 5616 1031 5671 unius
1067 5617 1133 5671 ad
1175 5618 1406 5672 alterum
1431 5620 1730 5683 contentio,
1774 5632 1827 5675 et
1870 5622 1973 5676 nisi

402 5721 502 5774 pax
530 5706 637 5762 cito
668 5706 1042 5762 contentiones
1071 5711 1343 5775 conciliet,
1368 5710 1448 5764 vel
1485 5711 1571 5765 hic
1592 5714 1673 5765 vel
1704 5713 1793 5766 ille
1816 5714 1971 5767 datu-

408 5816 539 5856 num
563 5800 795 5871 patietur
828 5808 1129 5858 extremum
1159 5822 1174 5868 ;
1222 5807 1410 5861 durius
1458 5817 1636 5863 autem
1679 5808 1874 5863 donius
1907 5807 1970 5861 ad

2660 4284 2745 4352 (ζ’.
2782 4284 2864 4349 Τῷ
2902 4284 3083 4349 αὐτῷ.

2150 4422 2259 4475 Καὶ
2288 4422 2556 4491 πρότερον
2602 4420 2637 4473 ἃ
2671 4420 2913 4490 ἐγράφη,
2950 4420 3144 4471 τέκνον
3188 4418 3339 4487 ἐμὸν,
3386 4417 3525 4487 ὑπὲρ
3559 4419 3655 4471 τοῦ

2780 4514 3071 4581 Ῥωμαίων
3158 4513 3249 4565 καὶ
3330 4512 3657 4581 Βουλγάρων

2081 4612 2320 4681 ἐγράφη,
2356 4612 2448 4663 καὶ
2479 4611 2575 4662 νῦν
2608 4610 2662 4661 δὲ
2693 4609 2762 4660 τὰ
2790 4608 3117 4676 γραφόμενα
3148 4604 3245 4673 τῆς
3276 4604 3447 4673 αὐτῆς
3476 4605 3659 4674 ὑπάρ-

2080 4719 2166 4773 χει
2203 4702 2581 4773 προαιρέσεως
2616 4701 2709 4753 καὶ
2741 4698 2981 4767 σπουδῆς
3001 4715 3015 4728 ο
3052 4698 3251 4759 εἰδότες
3276 4698 3384 4767 γὰρ
3411 4696 3659 4765 ἀσύμφο-

2082 4812 2176 4865 ρον
2217 4795 2487 4866 ὑπάρχειν
2537 4792 2775 4862 ἑκατέρα
2820 4790 3040 4860 ἐξουσία
3075 4789 3168 4842 καί
3215 4792 3329 4852 τοῖς
3373 4788 3466 4841 ὑπ’
3519 4789 3656 4857 αὐτῇ

2080 4888 2232 4949 λαοῖς
2281 4889 2343 4939 τὸ
2391 4884 2802 4947 διαστασιάζειν
2858 4884 2955 4936 καὶ⁸
2985 4881 3045 4933 τὸ
3105 4884 3514 4952 ἀνειρήνευτον,
3566 4883 3660 4933 καὶ

2082 4981 2288 5050 σφόδρα
2316 4980 2416 5048 τὴν
2456 4977 2635 5047 ψυχὴν
2668 4977 2757 5028 ἐπὶ
2792 4976 2952 5028 τοῦτο
2997 4977 3369 5046 συνεχόμενοι,
3404 4975 3465 5027 οὐ
3501 4973 3659 5043 μόνον

2079 5072 2161 5124 ὅτι
2205 5071 2513 5140 λειτουργοὶ
2558 5069 2654 5123 τοῦ
2682 5068 2837 5136 ἁγίου
2879 5066 3295 5137 Θυσιαστηρίου,
3333 5068 3381 5118 εἰ
3412 5067 3505 5118 καὶ
3559 5065 3660 5133 τῆς

2079 5162 2337 5232 τοιαύτης
2363 5163 2576 5229 ἀνάξιοι
2601 5161 2971 5229 λειτουργίας,
2998 5160 3113 5212 ἀλλ’
3138 5161 3221 5213 ὅτι
3242 5161 3335 5212 καί⁸
3356 5158 3432 5227 τῷ
3464 5158 3660 5226 μακρῷ

2080 5260 2258 5331 χρόνῳ
2282 5262 2383 5328 τῆς
2411 5258 2762 5329 ταλαιπώρου
2795 5258 2942 5327 ζωῆς
2964 5257 3145 5329 ἡμῶν,
3172 5257 3273 5307 οὐκ
3303 5253 3493 5319 ὀλίγην
3537 5268 3661 5302 συν-

2079 5348 2383 5417 ελεξάμεθα
2444 5351 2508 5402 ἐκ
2560 5366 2619 5401 τε
2665 5348 2774 5400 τῶν
2817 5347 3193 5418 ἱστορημένων
3239 5346 3350 5402 τοῖς
3383 5341 3657 5399 παλαιοῖς,

2081 5442 2310 5496 καὶτῶν
2357 5441 2500 5494 κατὰ
2549 5442 2674 5504 τοὺς
2723 5442 3032 5512 ἡμετέρους
3083 5435 3310 5499 καιροὺς
3356 5430 3659 5499 γεγονότων

2083 5534 2322 5602 μάθησιν
2352 5533 2460 5585 τῶν
2510 5532 2927 5600 συμϐαινόντων
2956 5530 3014 5579 ἐν
3057 5528 3122 5593 τῇ
3155 5525 3343 5577 στάσει
3378 5519 3654 5590 χαλεπῶν.

2093 5624 2254 5677 Ἀλλὰ
2283 5623 2393 5694 γὰρ
2429 5623 2631 5683 εἰδότες
2665 5623 2733 5674 τά
2765 5615 3259 5685 καταλαμϐάνοντα
3288 5613 3350 5665 τὸ
3379 5611 3477 5666 ἀνθ
3490 5608 3563 5679 ρώ
3576 5628 3657 5661 ττι-

2083 5733 2171 5769 νον
2209 5717 2275 5769 ἐκ
2304 5714 2640 5783 φιλονεικίας
2671 5713 2763 5765 καὶ
2797 5708 2974 5778 ἔριδος
3017 5706 3240 5775 λυπηρά
3273 5704 3369 5759 καὶ
3410 5703 3657 5757 ἐπώδυνα

2083 5807 2406 5877 πράγματα,
2436 5807 2526 5860 καὶ
2553 5804 2650 5859 νῦν
2676 5802 2962 5869 γράφομεν
2982 5816 2995 5829 ·
3022 5797 3259 5869 χαλεπὸν
3285 5798 3391 5866 γάρ
3420 5797 3512 5850 καὶ
3538 5796 3653 5855 ἐνῖς
