3996 6208
327 366 396 429 57
1758 373 2173 437 EPISTOLEE.
3231 403 3238 410 -
3532 376 3599 435 53

325 483 524 556 ἀνδρὸς
567 484 709 555 πρὸς
756 485 852 540 ἕνα
884 487 1210 556 φιλονεικία.
1244 490 1356 542 Καὶ
1388 490 1508 560 ’γάρ
1538 489 1711 553 οὕτως
1759 491 1910 561 ἐχόν-

2018 492 2239 547 domum
2273 501 2325 547 et
2359 492 2594 547 civitatis
2625 492 2690 544 ad
2733 490 3046 555 civitatem;
3080 490 3226 558 quod
3263 491 3309 544 si
3340 505 3472 558 gens
3509 493 3572 545 ad

321 594 460 641 των,
491 577 542 630 εί
575 579 652 648 μὴ
685 578 946 648 φθάσασα
991 581 1183 652 εἰρήνη
1227 581 1288 634 τὸ
1322 582 1630 648 φιλόνεικον
1660 582 1910 656 διαλύσῃ,

321 669 579 734 κίνδυνος
614 673 1001 746 περιστῆναιῆ
1033 675 1224 727 τοῦτον
1255 675 1287 746 ἦ
1319 675 1528 728 ἐκεῖνον
1556 677 1637 738 εἰς
1671 676 1908 747 ἐσχάτην

319 763 536 834 βλάϐην
562 775 576 794 ο
626 763 1011 833 χαλεπώτερον
1040 767 1097 818 δὲ
1130 767 1222 820 καὶ
1251 761 1404 821 οἷκον
1447 768 1583 838 πρὸς
1613 764 1782 833 οἶκον,
1820 770 1915 822 καὶ

321 857 486 908 πόλιν
515 856 656 926 πρὸς
704 856 863 910 πόλιν
899 859 1044 911 οὓτω
1090 859 1430 912 διακεῖσθαι·
1464 860 1619 923 ἐθνος
1669 861 1725 912 δέ
1779 861 1916 930 πρὸς

318 955 482 1012 ἔθνος
517 951 844 1019 φιλονείκως
899 950 1066 1021 ἐχειν,
1100 953 1198 1006 καὶ
1242 952 1317 1024 μὴ
1368 952 1574 1006 ἐθέλειν
1611 952 1916 1008 καταλλάτ-

320 1043 542 1116 τεσθαι,
577 1044 732 1112 πόσῳ
762 1045 1146 1116 χαλεπώτερον
1173 1047 1276 1099 οὐκ
1299 1045 1446 1099 ἐστιν
1473 1047 1574 1116 ἐμὲ
1605 1047 1914 1114 διδάσκειν;

336 1132 507 1185 Ἀλλά
539 1134 649 1196 πᾶς
692 1151 776 1196 τις
829 1134 1068 1202 συνίησι,
1111 1135 1185 1207 μὴ
1230 1129 1315 1190 δτι
1348 1153 1414 1206 γε
1461 1140 1494 1208 ή
1539 1138 1603 1208 σὴ
1644 1140 1917 1207 ἔμφρονε-

317 1224 462 1292 τάτη
497 1226 592 1278 καὶ
631 1224 945 1297 τελεωτάτη
975 1226 1214 1290 σύνεσις.
1245 1228 1360 1281 Ούκ
1409 1227 1518 1299 ἔχω
1553 1246 1606 1281 τι
1643 1228 1806 1280 πλέον
1837 1227 1917 1280 εί-

2019 601 2214 642 versus
2259 596 2469 656 gentem
2516 586 2856 640 contentiosc
2905 601 2964 639 se
3024 584 3212 648 habet,
3249 600 3345 638 nec
3376 586 3485 638 vult
3515 601 3580 638 re

2021 677 2343 739 conciliari.
2408 691 2512 730 non
2566 691 2746 729 meum
2802 684 2885 729 est
2929 676 3124 728 docere
3179 685 3383 744 quanto
3443 674 3596 731 fune.

2019 768 2178 830 Slius,
2210 769 2303 821 sed
2331 767 2564 835 quisque
2596 767 2916 835 intelligitet
2940 781 2967 819 a
2995 765 3209 819 fortiori
3243 766 3598 821 subtilissima

2019 871 2186 927 atque
2231 860 2624 928 perfectissima
2678 871 2766 914 tua
2811 861 3140 930 prudentia;
3183 874 3290 913 non
3334 869 3417 914 est
3455 860 3598 928 quod

2018 951 2210 1004 dicam'
2241 951 2475 1019 amplius
2515 990 2530 1012 ,
2582 955 2707 1021 quia
2766 953 2919 1020 prius
2965 953 3076 1022 jam
3136 952 3342 1006 dictum
3382 960 3498 1012 est.
3547 959 3603 1005 et

2019 1042 2146 1110 quia
2189 1041 2461 1096 sufliciens
2512 1045 2604 1110 esf,
2634 1043 2766 1112 quin
2797 1023 3014 1108 dicam,
3059 1044 3130 1097 fili
3177 1043 3289 1104 mi,
3341 1043 3434 1113 qui
3463 1044 3601 1098 alios

2024 1133 2224 1188 doceas
2263 1142 2318 1187 et
2362 1134 2652 1189 utilitatem
2706 1145 2760 1189 et
2808 1136 3010 1190 bonum
3056 1145 3111 1190 et
3159 1150 3370 1203 pacem,
3402 1136 3599 1189 nedum

2021 1219 2254 1294 teipsum
2287 1229 2610 1286 admoneas.
3510 1273 3535 1304 ,

318 1321 471 1382 πεῖν,
496 1318 631 1372 διότι
669 1321 761 1372 καὶ
790 1321 1058 1392 πρότερον
1085 1324 1324 1395 εἴρηται,
1360 1326 1455 1377 καὶ
1479 1325 1559 1377 ὅτι
1590 1324 1685 1377 καὶ
1711 1327 1879 1395 χωρὶς
1905 1322 2002 1377 τοῦ
2027 1325 2129 1394 ἐμὲ
2166 1327 2348 1392 λέγειν
2400 1328 2586 1391 ἱκανὸς
2611 1322 2682 1393 εἴ,
2713 1328 2903 1381 τέκνον
2928 1328 3080 1398 ἐμὸν,
3114 1328 3210 1382 καὶ
3240 1327 3434 1390 ἀλλους
3463 1333 3596 1397 περὶ

317 1408 423 1461 τοῦ
472 1408 847 1479 συμφέροντος
896 1412 992 1463 καὶ
1037 1411 1133 1464 τοῦ
1167 1413 1335 1466 καλοῦ
1380 1417 1475 1468 καὶ
1526 1414 1628 1485 τῆς
1680 1416 1906 1486 εἰρήνης
1940 1414 2242 1483 διδάσκειν,
2277 1418 2352 1489 μὴ
2427 1420 2508 1472 ὅτι
2543 1435 2606 1488 γε
2657 1420 2870 1490 σεαυτῷ
2902 1421 3176 1473 ποιεῖσθαι
3253 1421 3596 1489 παραίνεσιν.

404 1502 472 1554 Ἀ
498 1501 555 1554 δὲ
584 1502 675 1564 είς.
728 1502 926 1574 βουλὴν
959 1505 1209 1576 προήχθη
1258 1508 1356 1560 καὶ
1383 1503 1464 1571 οἷς
1493 1509 1902 1580 διακονούμενοι

321 1592 426 1663 τὴν
449 1593 584 1662 πρὸς
606 1593 758 1662 ὑμᾶς
796 1595 1112 1650 ἐστείλαντο
1168 1582 1395 1669 πορείαν
1449 1601 1496 1651 οἱ
1531 1599 1594 1652 τὸ
1631 1599 1902 1670 ἡμέτερον

321 1684 562 1755 γράμμα
615 1684 959 1756 κομίζοντες,
1023 1688 1378 1759 διηγήσονται
1436 1691 1536 1758 μὲν
1595 1693 1698 1744 καὶ
1749 1693 1904 1746 αὐτοὶ

317 1776 565 1847 χείλεσιν
624 1778 801 1844 ἰδίοις,
863 1780 1251 1850 ἀπαγγελεῖδὲ
1300 1787 1382 1836 σοι
1414 1783 1510 1837 καὶ
1543 1783 1601 1837 τὸ
1635 1785 1906 1857 ἡμέτερον

321 1871 590 1941 γράμμα,
611 1869 774 1936 ὥστε,
814 1873 862 1924 εί
886 1873 1238 1942 ἀμεταθέτως
1265 1874 1409 1946 ἔχεις
1437 1875 1530 1929 τοῦ
1565 1877 1655 1930 σοῦ
1685 1879 1903 1949 φρονή-

325 1979 527 2032 ματος,
560 1965 651 2016 καὶ
692 1964 767 2034 μὴ
801 1964 1122 2019 ἐπανελθεῖν
1147 1967 1338 2038 ἐθέλῃς
1383 1969 1463 2033 είς
1491 1972 1590 2039 τὴν
1627 1971 1904 2041 προτέραν

321 2057 500 2122 τάξιν,
553 2058 777 2130 ἔνορκον
826 2061 1130 2132 ἀσφάλειαν
1195 2061 1451 2130 γενέσθαι
1515 2061 1612 2116 τοῦ
1660 2065 1734 2134 μὴ
1779 2066 1906 2129 τοὺς

322 2149 657 2221 Βουλγάρων
712 2152 1036 2224 ἀσύμφορόν
1083 2170 1138 2206 τι
1177 2154 1459 2222 πράττειν,
1511 2155 1607 2207 καὶ
1635 2155 1906 2208 τελεῖσθαι

325 2241 432 2310 μὲν
465 2241 649 2305 καθὼς
699 2242 761 2307 ἐξ
818 2244 996 2315 ἀρχῆς
1031 2247 1128 2299 καὶ
1173 2245 1233 2298 τὸ
1255 2233 1553 2313 λεγόμενον
1580 2247 1904 2315 κομὸἐντον,

322 2333 646 2387 στέλλεσθαι
685 2335 744 2387 δὲ
772 2336 868 2388 καὶ⁵
898 2335 968 2388 τά
1017 2338 1080 2389 ἐκ
1135 2338 1236 2406 τῆς
1275 2335 1598 2407 Ῥωμαῖκῆς
1632 2338 1909 2406 βασιλείας

316 2427 404 2488 ὼς
459 2425 582 2490 ἔθος
633 2427 771 2499 πρὸς
803 2428 865 2480 σὲ
914 2428 1243 2498 στελλόμενοι
1292 2431 1454 2501 μέχρι
1485 2431 1587 2501 τῆς
1622 2431 1907 2497 Δε6ελτοῦ,

319 2519 537 2572 ἐκεῖθέν
568 2537 628 2573 τε
659 2519 749 2572 διὰ
781 2519 890 2573 τῶν
923 2520 1208 2592 ὑμετέρων
1248 2522 1554 2592 ἀνθρώπων
1584 2524 1910 2594 κομίζεσθαι

318 2611 468 2680 πρδς
503 2611 607 2681 τὴν
645 2613 744 2682 σὴν
779 2611 1053 2677 ἐξουσίαν,
1084 2613 1180 2666 καὶ
1209 2613 1497 2683 ἀρκεῖσθαι
1525 2615 1733 2669 τούτων
1770 2616 1912 2669 οὕτω

315 2702 652 2771 γινομένων,
674 2705 766 2757 καὶ
792 2704 961 2773 μηδὲν
989 2704 1154 2756 πλέον
1183 2703 1486 2774 ἐπιζητεῖν,
1511 2707 1646 2776 μηδὲ
1677 2708 1775 2778 τὴν
1803 2708 1912 2760 τῶν

320 2794 628 2863 βασιλικῶν
677 2795 981 2866 ἀνθρώπων
1021 2797 1159 2868 πρὸς
1193 2796 1253 2849 σέ
1301 2798 1488 2866 ἄφιξίν
1521 2815 1580 2850 τε
1612 2802 1705 2852 καὶ
1745 2817 1914 2870 προσο

318 2885 580 2955 κύνησιν.
633 2885 853 2939 Τούτων
908 2885 1053 2939 οὕτω
1096 2886 1391 2952 δοξάντων,
1437 2889 1763 2958 ἐγράψαμεν
1821 2891 1915 2943 καὶ

315 2980 492 3047 ἡμεῖς
538 2977 993 3047 παρακαλοῦντες
1047 2980 1142 3031 καὶ
1179 2978 1564 3043 δυσωποῦντες
1615 2981 1914 3048 φείσασθαι

323 3071 432 3140 μὲν
466 3070 564 3140 τῆς
611 3069 1143 3140 καταλαμϐανούσης
1176 3071 1467 3143 ἀμφότερα
1485 3071 1553 3125 τά
1579 3072 1735 3142 γένη,
1778 3073 1913 3124 Ῥω-

2085 1512 2144 1566 In
2176 1521 2368 1567 senatu
2397 1513 2526 1583 quid
2561 1513 2654 1567 sit'
2680 1514 2877 1568 factum
2925 1523 2978 1568 et
3022 1529 3130 1583 quo
3187 1513 3416 1568 consilio
3452 1513 3517 1567 ad
3548 1522 3601 1566 te

2018 1605 2173 1659 missi
2195 1605 2406 1659 fuerint
2431 1606 2522 1675 qui
2550 1617 2768 1660 nostras
2798 1607 3004 1659 litteras
3037 1605 3304 1668 deferent,
3339 1605 3439 1674 ipsi
3469 1621 3600 1658 nar-

2009 1694 2212 1748 rabunt
2247 1695 2469 1765 proprio
2522 1711 2618 1750 ore
2653 1703 2818 1765 atque
2846 1707 3048 1751 nostra:
3082 1697 3273 1750 littera:
3310 1695 3600 1750 denuntia-

2013 1785 2149 1839 hunt
2184 1805 2199 1842 :
2241 1787 2284 1839 si
2333 1801 2465 1857 ergo
2516 1787 2878 1841 immutabilis
2913 1787 3130 1842 consilii
3178 1802 3237 1842 es
3286 1800 3384 1840 nec
3421 1788 3503 1841 vis
3529 1788 3596 1840 ad

2009 1883 2296 1952 pristinum
2322 1898 2527 1936 morem
2558 1883 3086 1951 redire,juramento
3117 1882 3327 1938 scilicet
3348 1896 3599 1936 asserere

2012 1977 2145 2030 nihil
2187 1977 2307 2030 mali
2341 1993 2370 2032 a
2403 1977 2651 2048 Bulgaris
2685 1993 2804 2032 esse
2837 1982 3129 2048 agendum,
3175 1977 3357 2030 sinere
3401 1976 3595 2032 haberi

2012 2080 2070 2123 ut
2107 2083 2134 2122 a
2174 2069 2444 2138 principio
2476 2079 2828 2134 conventum,
2874 2070 3128 2139 mittique
3182 2083 3357 2137 usque
3396 2067 3460 2122 ad
3492 2068 3590 2121 de-

2011 2161 2209 2215 veltutn
2246 2179 2366 2232 qua:
2400 2178 2467 2217 ex
2500 2178 2654 2217 more
2678 2165 2747 2218 ab
2781 2163 3009 2231 imperio
3040 2161 3291 2217 Romano
3317 2160 3383 2214 ad
3408 2171 3457 2213 te
3480 2159 3600 2214 mit-

2013 2263 2247 2320 tuntur,
2301 2264 2464 2325 atque
2512 2255 2638 2309 inde
2685 2254 2770 2308 -ad
2835 2264 2982 2308 tuam
3053 2253 3352 2323 potentiam
3406 2267 3436 2305 a
3490 2251 3601 2306 tuis

2013 2333 2214 2401 deferri
2249 2347 2413 2402 rebus
2453 2346 2526 2400 ita
2557 2346 2695 2401 aetis
2722 2353 3014 2399 contentus
3044 2359 3163 2399 csse
3199 2343 3444 2411 nihilque
3473 2356 3592 2395 am-

2013 2438 2158 2507 plius
2191 2438 2431 2509 exigere,
2489 2440 2635 2493 viros
2671 2438 2880 2492 scilicet
2913 2437 3091 2504 regios
3131 2435 3196 2488 ad
3233 2445 3285 2489 te
3321 2435 3506 2488 venire
3539 2441 3593 2488 et

2013 2530 2077 2581 ad
2103 2540 2222 2584 tuos
2253 2530 2415 2597 pedes
2437 2529 2718 2597 provolvi:
2747 2529 2792 2582 si
2829 2529 2903 2581 ita
2931 2537 3032 2586 est,
3060 2526 3353 2578 scribimus
3377 2525 3592 2577 exhor-

2012 2627 2189 2673 tantes
2241 2628 2296 2671 et
2339 2619 2632 2672 suadentes
2693 2627 2752 2670 ut
2802 2625 3016 2671 avertas
3072 2615 3413 2667 calamitates
3460 2629 3583 2682 qinc

2017 2721 2304 2778 utramque
2327 2718 2563 2777 gentem,
2592 2708 2966 2761 Romanorum
2994 2705 3118 2759 dico
3151 2713 3313 2773 atque
3335 2704 3597 2770 Bulgaru-

2016 2815 2158 2864 rum,
2193 2799 2445 2862 alliciant,
2473 2800 2543 2862 si,
2573 2799 2718 2868 quod
2763 2796 2908 2851 Deus
2944 2805 3172 2859 avertat,
3213 2811 3312 2864 pax
3340 2795 3597 2863 prohibe-

2016 2901 2156 2953 atur,
2179 2900 2237 2944 ut
2260 2891 2488 2959 propriae
2514 2890 2667 2943 fatnae
2685 2904 2878 2957 parcas
2898 2897 2948 2942 et
2967 2887 3172 2955 gloriae,
3195 2896 3253 2940 ut
3277 2887 3482 2939 nullum
3502 2887 3599 2938 des

2021 2986 2200 3038 locum
2233 2984 2523 3037 calumnia:
2559 2991 2614 3037 et
2643 2981 3035 3052 vituperationi
3099 2982 3171 3034 tui
3206 2980 3395 3050 inclyti
3432 2980 3600 3032 nomi-

2019 3078 2125 3144 nis,
2161 3094 2246 3138 ne,
2275 3078 2344 3131 ob
2378 3063 2716 3131 calamitates
2747 3091 2867 3144 qua:
2903 3086 3194 3142 utramque
3228 3083 3443 3142 gentem
3470 3082 3598 3124 sunt

323 3162 523 3231 μαίους
544 3161 604 3214 τι
635 3179 781 3231 φημι
803 3165 898 3216 καὶ
920 3163 1284 3234 Βουλγὰρους,
1310 3165 1616 3234 συμφορᾶς,
1642 3168 1690 3218 εἰ
1717 3163 1787 3218 τὰ
1815 3165 1910 3234 τῆς

2019 3171 2310 3234 invasurae,
2355 3169 2765 3224 maledictiones
2789 3169 2845 3222 in
2883 3177 2932 3221 te
2965 3179 3236 3237 congeras
3267 3165 3512 3220 omnium
3543 3164 3596 3216 in

317 3256 579 3326 εἰρήνης,
611 3255 752 3326 ὅπερ
783 3256 859 3325 μὴ
888 3256 1004 3325 δοίη
1029 3255 1184 3320 Θεὸς,
1224 3256 1470 3309 ἐκποδὼν
1491 3256 1750 3326 γένηται’
1783 3255 1902 3325 φεί-

321 3349 531 3403 σασθαι
563 3349 622 3402 δέ
669 3351 764 3403 καὶ
793 3350 894 3418 τῆς
925 3351 1136 3412 οἰκείας
1177 3353 1346 3421 τιμῆς
1383 3369 1442 3404 τε
1477 3353 1572 3404 καὶ
1600 3351 1782 3421 δόξης,
1815 3353 1912 3405 καλ⁸

323 3441 405 3512 μὴ
449 3443 528 3512 τῷ
555 3442 657 3513 βίῳ
685 3444 1013 3496 καταλιπεῖν
1064 3444 1326 3514 ἀφορμὰς
1365 3445 1504 3514 πρὸς
1550 3445 1811 3515 διαϐολήν
1848 3463 1909 3498 τε

319 3541 420 3591 καί
453 3538 666 3607 μέμψιν
686 3538 780 3592 τοῦ
820 3537 914 3590 σοῦ
943 3537 1233 3608 περιδόξου
1266 3538 1554 3609 ὀνόματος,
1608 3537 1746 3608 μηδέ
1779 3539 1900 3592 ἀνθ’

319 3625 398 3684 ὧν
445 3631 739 3698 μέλλουσιν
803 3632 1105 3700 ὑποστῆναι
1153 3631 1456 3701 συμφορῶν
1497 3632 1564 3684 τὰ
1626 3633 1915 3702 ἀμφότερα

319 3722 479 3792 ἔθνη,
517 3723 658 3795 ἀρὰς
707 3724 1044 3794 ἐπαφίεσθαι
1079 3725 1220 3778 κατὰ
1277 3725 1371 3777 σοῦ
1413 3725 1518 3777 ὑπὸ
1543 3725 1655 3777 τῶν
1691 3741 1914 3794 περιπιο

2020 3259 2318 3316 infortunia
2367 3259 2754 3329 delapsorum;
2810 3276 2931 3329 quae
2979 3260 3184 3314 suadeo
3241 3269 3293 3311 et
3336 3259 3595 3311 exhortor

2015 3363 2274 3424 tanquam
2338 3364 2488 3425 pater
2545 3353 2717 3408 lilium
2777 3365 2829 3408 et
2883 3366 3141 3422 tanquam
3181 3351 3272 3405 Dei
3323 3351 3594 3406 minister.

2021 3448 2149 3502 licet
2182 3447 2478 3516 indiguus,
2528 3447 2707 3500 virum
2753 3461 2782 3500 a
2843 3445 2953 3500 Deo
2999 3445 3350 3513 gloriﬁcatum
3411 3452 3464 3495 et
3523 3441 3596 3494 illi

2024 3541 2293 3595 rationem
2353 3539 2738 3600 redditurum,
2793 3539 2839 3592 si
2896 3537 3025 3608 quid
3084 3537 3368 3604 indignum
3431 3543 3485 3587 ct
3535 3534 3598 3587 il-

2017 3631 2122 3685 lius
2160 3640 2362 3686 sancta:
2398 3631 2667 3685 voluntati
2699 3631 3037 3686 contrarium
3069 3628 3246 3698 egisse
3297 3626 3595 3696 deprehen-

2015 3725 2184 3778 daris.

320 3821 576 3874 πτόντων
627 3825 752 3883 ταῖς
811 3822 1140 3889 συμφοραῖς.
1189 3819 1373 3875 Ταῦτα
1411 3822 1682 3887 δυσωπῶ,
1740 3820 1914 3874 ταῦτα
1954 3819 2227 3890 παραινῶ,
2266 3819 2358 3872 καὶ
2383 3819 2458 3882 ὡς
2499 3819 2681 3889 πατὴρ
2718 3818 2925 3880 τέκνον,
2982 3817 3079 3870 καὶ
3125 3816 3200 3879 ὡς
3261 3813 3597 3885 λειτουργὸς,

319 3917 371 3968 εί
400 3916 498 3970 καὶ
537 3912 756 3978 ἀνάξιος
783 3914 882 3982 τῆς
948 3913 1102 3975 θείας
1145 3913 1302 3984 δόξης
1340 3915 1490 3984 παρὰ
1532 3914 1668 3966 Θεοῦ
1744 3931 1802 3965 σε
1838 3912 2244 3978 δεδοξασμένον,
2291 3915 2390 3966 καὶ
2461 3911 2722 3982 μέλλοντα
2781 3911 2936 3979 λόγον
2987 3909 3208 3978 ὑφέξειν
3248 3907 3418 3975 αύτῷ,
3459 3907 3511 3960 εἴ
3547 3925 3600 3961 τι

321 4005 547 4070 ἀνάξιον
569 4006 662 4058 καὶ
689 4005 840 4073 παρά
867 4005 929 4057 τὸ
956 4007 1168 4061 ἐκείνου
1199 4006 1354 4074 ἅγιον
1388 4006 1596 4076 θέλημα
1623 4003 1848 4071 ὀφθείης
1887 4002 2349 4072 διαπραξάμενος.

407 4101 566 4153 Ἐπεὶ
589 4101 644 4154 δὲ
669 4102 718 4154 oi
743 4102 882 4171 πρὸς
912 4103 1152 4174 σε’μετὰ
1187 4103 1280 4156 τοῦ
1331 4104 1603 4173 ἡμετέρου
1640 4103 1906 4173 γράμμα-

323 4210 417 4255 τος
450 4191 718 4263 πρότερον
762 4194 1198 4258 καταλαϐόντες,
1226 4194 1684 4263 ὑποστρέψαντες,
1733 4196 1914 4264 ἀπήγ-

324 4284 518 4352 γειλαν
559 4285 692 4354 πρὸς
723 4286 874 4355 ἡμᾶς
909 4284 1006 4349 ὡς,
1048 4286 1310 4339 εἰπόντων
1340 4286 1498 4356 ἡμῶν
1537 4287 1594 4340 ἐν
1624 4285 1700 4356 τῷ
1733 4287 1914 4356 γράμ-

327 4390 468 4442 ματι
508 4375 884 4428 ὅτιάδύνατον
936 4375 1108 4446 χωρὶς
1153 4375 1367 4446 χύσεως
1406 4375 1654 4446 αἱμάτων
1681 4379 1778 4447 τὴν
1813 4377 1912 4449 σὴν

317 4465 508 4536 ὁρμὴν
552 4465 920 4535 γεγενῆσθαι,
967 4469 1130 4532 αὐτὸς
1182 4467 1558 4538 άνθυπέψερες
1625 4468 1700 4532 ὡς
1753 4469 1913 4522 τοῦτό

2094 4095 2385 4164 Postquam
2423 4095 2496 4149 illi
2532 4095 2624 4165 qui
2658 4095 2810 4164 prius
2843 4095 2906 4148 ad
2932 4102 2981 4148 te
3006 4093 3222 4149 ivcrunt
3254 4104 3469 4149 nostras
3502 4096 3600 4149 de-

2020 4188 2256 4243 l’crcnlcs
2286 4188 2492 4241 litteras
2525 4188 2748 4250 reversi,
2805 4186 3108 4249 retulerint,
3142 4202 3265 4241 cum
3296 4186 3598 4240 dixerimus

2019 4297 2124 4347 nos
2156 4281 2209 4334 in
2237 4279 2442 4333 nostris
2471 4279 2669 4333 litteris
2705 4279 3041 4345 impossibile
3070 4294 3192 4332 esse
3226 4279 3346 4332 sine
3381 4279 3602 4345 sangui~

2022 4376 2108 4428 nis
2137 4373 2407 4428 cll'usiunc
2451 4381 2604 4427 tuum
2644 4371 2902 4440 impetum
2959 4370 3128 4422 luisse
3179 4369 3403 4431 factum,
3438 4381 3487 4423 tc
3519 4386 3603 4423 rc-

1991 4465 2302 4519 --nuntiassc
2357 4479 2458 4519 nos
2532 4464 2736 4517 dixisse
2809 4476 2930 4515 cum
3009 4463 3294 4530 sanguinis
3334 4461 3598 4514 elfusiona

283 4596 294 4604 .
329 4575 542 4628 φαμεν,
578 4558 661 4611 ὅτι
701 4561 840 4628 μετὰ
863 4563 958 4629 τῆς
991 4561 1100 4614 τῶν
1125 4562 1370 4632 αἱμάτων
1394 4561 1603 4631 χύσεως
1634 4561 1910 4635 δυνηθήσῃ

2022 4566 2072 4612 te
2113 4572 2274 4628 posse
2323 4566 2478 4610 tuum
2537 4556 2760 4624 implere
2811 4555 3123 4618 consilium,
3182 4563 3311 4620 tunc
3363 4555 3596 4607 multum

327 4649 649 4703 ἐπιτελέσαι
687 4651 750 4702 τὸ
788 4652 1141 4722 ἐπιχείρημα,
1185 4653 1436 4722 μεγάλως
1478 4655 1574 4725 μὲν
1606 4654 1914 4723 ἐξεπλάγη-

331 4765 462 4815 μενο
489 4745 746 4815 μεγάλως
775 4744 832 4798 δὲ
870 4746 1171 4814 ἠνιάθημεν
1228 4747 1320 4796 ἐπὶ
1361 4747 1474 4807 τοῖς
1510 4745 1771 4807 τοιούτοις
1813 4747 1915 4816 Mi“

328 4855 489 4908 μασι,
510 4837 606 4891 καὶ
625 4837 912 4908 ἐθαύμασα
935 4837 988 4889 εἴ
1007 4853 1069 4905 γε
1099 4837 1271 4907 άληθῆ
1287 4837 1558 4903 λέγουσιν,
1583 4837 1721 4890 ἀλλὰ
1748 4839 1820 4909 μὴ
1855 4840 1916 4891 τὸ

320 4933 453 4986 ὅλον
487 4933 604 4983 ἐστί
634 4930 831 5000 ψεῦδος
862 4930 956 4982 καὶ
990 4930 1320 4998 ἁνάπλασμα
1365 4931 1461 4996 τῆς
1499 4929 1610 4981 τῶν
1652 4931 1914 4984 εἰπόντων

322 5022 733 5092 προαιρέσεως.
776 5021 898 5082 Πῶς
944 5020 1043 5090 μὲν
1081 5020 1424 5090 ἐνεθυμήθης
1466 5019 1742 5084 τοιοῦτονς
1792 5023 1911 5086 πῶς

317 5115 378 5165 δὲ
402 5115 470 5166 τὸ
523 5114 674 5182 ῥῆμα
729 5114 1152 5182 προσήνεγκας
1223 5113 1412 5183 Ἡμεῖς
1459 5113 1587 5183 γὰρ,
1637 5113 1772 5183 πρὸς
1815 5113 1915 5174 τὰς

325 5205 623 5275 συμφορὰς
681 5205 1206 5272 ἀποσκοπὴσαντες,
1259 5207 1380 5258 ὅσαι
1425 5205 1912 5276 καταλαμϐάνουσι

323 5301 455 5361 τοὺς
482 5299 823 5368 μαχομένους
858 5299 953 5351 καὶ
987 5299 1394 5365 στασιάζοντας,
1439 5299 1651 5369 ἔφημεν
1685 5300 1760 5363 ὡς
1785 5299 1911 5352 ἀδύ-

325 5405 491 5441 νατον
516 5387 594 5458 μὴ
629 5389 750 5458 οὐχὶ
785 5389 994 5458 αἵματα
1017 5390 1248 5460 χυθῆναι
1285 5391 1388 5457 τῆς
1433 5391 1532 5460 σῆς
1562 5390 1911 5463 ἐξορμήσεως

324 5481 653 5550 γενομένης,
676 5482 768 5534 καὶ
796 5483 896 5550 τῆς
929 5481 1267 5549 φιλονεικίας
1306 5481 1634 5552 κρατούσης.
1673 5478 1833 5537 Οὗτοι
1855 5485 1910 5536 δὲ

324 5573 430 5624 οὐκ
468 5567 613 5635 οίδα,
649 5572 880 5643 εῐεεξιίιφ1
915 5574 1144 5639 ἑαυτῶν,
1175 5572 1284 5625 είτε
1314 5573 1409 5643 τῆς
1445 5574 1542 5644 σῆς
1575 5575 1908 5640 ἀκούσαντες

327 5663 606 5734 γλώσσης,
641 5663 1057 5733 ἀπεφθέγξαντο
1095 5665 1278 5731 λόγον,
1314 5665 1372 5720 ὃν
1409 5667 1506 5735 οὐχ
1545 5668 1626 5719 ὅτι
1656 5684 1718 5735 γε
1747 5668 1907 5737 ἡμεῖς

326 5754 810 5827 πρεσϐῦταιδντες
845 5758 940 5809 καὶ
963 5760 1264 5829 ἀρχιερεῖς,
1307 5759 1355 5810 εί
1402 5758 1492 5811 καὶ
1527 5756 1756 5823 ἀνάξιοι,
1792 5759 1906 5812 ἀλλ’

324 5845 444 5900 οὐδ’
480 5844 546 5898 ἂν
599 5849 727 5910 παῖς
780 5847 1114 5916 φθέγξασθαι
1170 5849 1478 5921 βουληθείη.
1531 5851 1626 5912 Τίς
1656 5851 1762 5919 γὰρ
1807 5852 1902 5903 οὐκ

2021 4651 2302 4719 obstupui,
2336 4650 2613 4719 multaque
2645 4649 2904 4703 iniustitia
2954 4665 3075 4703 sum
3118 4647 3344 4701 allectus
3396 4649 3464 4701 ob
3508 4649 3596 4700 illa

1990 4743 2209 4806 ‘verba,
2275 4753 2443 4810 atque
2507 4741 2650 4810 apud
2703 4742 2968 4809 meipsum
3025 4741 3366 4809 inquireham
3415 4750 3594 4792 utrum

2018 4851 2148 4890 vera
2220 4835 2464 4890 dicerent
2551 4851 2618 4888 an
2686 4834 2869 4889 omnia
2930 4832 3209 4887 mendacia
3286 4844 3465 4886 essent
3537 4849 3601 4883 at:
3673 4871 3679 4877 .

1995 4912 2356 4982 'narrantium
2411 4927 2659 4981 fictiones
2722 4926 2999 4996 quomodo
3051 4925 3174 4978 talia
3234 4923 3597 4991 excogitasti?

2023 5021 2298 5091 quomodo
2358 5021 2450 5075 illa
2513 5021 2676 5074 verba
2750 5018 3083 5089 protulisti?
3153 5034 3254 5072 nos
3323 5015 3592 5082 siquidmn

2016 5114 2374 5170 consideratis
2433 5112 2838 5168 calamitatibus
2881 5126 3001 5181 qua:
3055 5118 3354 5179 pugnantes
3399 5115 3451 5160 et
3485 5107 3601 5160 dis-
3661 5140 3663 5143 -

2017 5207 2311 5262 sentientes
2376 5207 2833 5277 appreheinlunt,
2898 5218 3088 5259 sumus
3155 5201 3226 5254 ita
3277 5200 3444 5252 loculi
3507 5201 3601 5252 im-

2015 5300 2274 5368 possibile
2332 5315 2456 5354 esse
2507 5299 2824 5369 sanguinem
2870 5313 2974 5350 non
3017 5293 3191 5352 fundi,
3253 5301 3303 5347 te
3334 5293 3595 5363 impetum

2014 5389 2246 5444 faciente
2272 5390 2523 5460 belloque
2576 5391 2822 5460 vigente;
2870 5389 2942 5442 illi
2993 5385 3409 5448 autcm,nescio
3462 5402 3598 5455 quo-

2015 5482 2176 5536 modo
2209 5483 2322 5537 sive
2350 5496 2415 5536 ex
2453 5483 2696 5552 scriptis,
2750 5481 2866 5533 sive
2914 5477 3176 5548 quoniam
3229 5485 3280 5530 te
3321 5477 3590 5532 dicentem

2015 5574 2304 5638 audierint,
2334 5576 2496 5628 verba
2529 5573 2872 5642 protulerunt
2911 5583 3052 5638 quae,
3106 5570 3306 5622 nedum
3343 5585 3443 5625 nos
3494 5571 3587 5640 qui

2013 5681 2171 5720 senes
2194 5683 2384 5721 sumus
2410 5676 2463 5720 et
2491 5662 2966 5733 archipresbyteri,
2998 5663 3122 5718 licet
3146 5663 3376 5733 indigni,
3408 5678 3588 5732 neque

2013 5773 2145 5826 puer
2173 5758 2327 5813 vellet
2378 5759 2628 5813 emisisse
2655 5774 2666 5810 :
2706 5756 2830 5825 quis
2856 5755 3002 5810 enim
3033 5757 3266 5828 ignorat,
3299 5756 3413 5808 rixa
3445 5757 3587 5809 inter

2011 5852 2273 5919 quosdam
2321 5861 2531 5915 exorta,
2566 5850 2791 5905 vulnera
2826 5847 2979 5920 sequi
3017 5860 3177 5919 atque
3212 5848 3428 5906 caedes?
3459 5847 3582 5933 .Noa
