3996 6208
378 4620 411 4627 φ..

380 5574 407 5607 1

433 346 496 405 59

1556 348 1865 407 NICOLM
1904 350 2014 408 (ΣΡ.
2059 348 2571 408 PATRIARCILE

3613 346 3687 409 θθ

430 471 609 513 autem
668 461 892 515 omnino
957 476 1177 516 necesse
1248 473 1375 525 cst,
1438 477 1662 529 scapum
1738 463 2003 531 attingere

2108 457 2246 514 οἶδεν
2304 462 2407 529 δτι,
2449 462 2690 526 στάσεως
2759 462 3071 531 ἀναμεταξύ
3137 479 3297 514 τινων
3351 462 3686 531 γενομένης,

431 559 648 620 propter
702 567 863 619 quem
911 554 1193 621 sanguinis
1240 552 1525 607 effusionis
1571 568 1736 607 causa
1784 552 1885 605 fuit
1919 554 2016 605 ali-

428 642 586 711 quis;
619 657 798 696 nonne
820 642 969 697 vides
1005 643 1141 697 bella
1174 643 1413 712 quotidie
1448 652 1600 713 gesta
1625 644 1648 697 ?
1673 644 1758 698 isti
1788 644 2009 712 quidem

432 733 635 788 infesto
669 735 913 788 exercitu
949 745 1143 789 exeant
1174 747 1231 789 ut
1270 737 1507 791 hostium
1546 752 1630 791 res
1679 736 1962 790 obtineant
1993 752 2007 789 :

431 824 506 881 illi
560 841 688 878 vero
736 828 1001 881 adversus
1048 828 1270 882 veniunt
1310 844 1434 883 cum
1483 829 1679 899 aequali
1715 828 2012 897 cupiditate

431 932 609 969 rerum
641 917 875 971 hostium
901 918 1141 987 potiendi
1169 938 1182 976 :
1214 924 1353 975 mala
1386 929 1566 975 autem
1603 936 1723 989 qua:
1749 921 2007 974 accidunt.

431 1010 677 1078 utrisque
716 1011 1004 1078 accidunt;
1049 1004 1298 1079 utrisque
1336 1020 1517 1068 autem
1548 1016 1673 1076 ,‘non
1709 1012 2035 1067 succedunt‘

428 1102 651 1154 omnino
697 1117 783 1155 res
829 1103 1133 1157 secundum
1171 1120 1346 1173 spem,
1403 1106 1497 1160 sed
1533 1106 1610 1159 illi
1642 1106 1860 1175 quidem
1913 1103 2008 1156 lal-

432 1194 616 1245 luntur
645 1202 698 1247 et
723 1210 816 1261 spe
844 1194 1064 1261 cadunt,
1104 1197 1191 1250 isti
1243 1212 1373 1251 vero
1420 1198 1635 1266 plenam
1670 1196 1853 1251 forsan
1889 1194 2007 1248 rui-

430 1296 553 1334 nam
580 1294 632 1335 et
657 1283 881 1337 exitium
913 1285 1221 1343 incurrunt.

2111 554 2328 623 ἀνάγκη
2379 555 2474 608 καὶ⁹
2531 553 2743 625 πληγὰς
2803 555 3170 625 ἀκολουθῆσαι
3213 555 3308 606 καὶ
3354 555 3581 621 φόνουςς
3611 556 3687 607 Οὐ

2113 646 2330 708 πάντως
2362 645 2417 698 δὲ
2452 646 2666 716 ἀνάγκη
2701 648 2793 698 καὶ
2824 646 2918 699 τοῦ
2964 646 3167 699 σκοποῦ
3222 647 3406 716 τυχεῖν
3460 646 3687 710 ἐκείνον,

2107 734 2175 787 δι’
2201 736 2259 787 ὃν
2292 736 2644 806 κεκινημένος
2679 752 2761 797 τις
2798 736 2969 795 αἴτιος
2999 735 3212 805 ὑπῆρξε
3238 735 3339 805 τῆς
3368 735 3475 787 τῶν
3513 735 3687 803 αίμά-

2112 841 2221 876 των
2274 825 2571 893 ἐκχύσεως.
2625 826 2693 878 Ἦ
2747 827 2847 896 οὐχ
2905 828 3040 896 δρᾷς
3089 828 3217 890 τοὺς
3270 827 3392 879 καθ’
3446 826 3687 896 ἑκάστην

2110 917 2433 984 γινομένους
2493 916 2800 985 πολέμους;
2872 917 3359 988 Ἐκστρατεύονται
3430 917 3529 987 μὲν
3580 916 3689 988 γὰρ

2105 1000 2249 1059 οὗτοι
2271 1006 2669 1077 ἐπιθυμοῦντες
2689 1009 2756 1061 τὰ
2777 1008 2885 1065 τῶν
2916 1009 3192 1078 πολεμίων
3215 1010 3685 1080 προσκτήσασθαι⁹

2107 1099 2602 1170 ἀντεπεξέρχονται
2632 1102 2677 1154 δ’
2721 1104 2920 1155 ἐκείνοι
2947 1103 3051 1155 ὑπὸ
3094 1102 3193 1171 τῆς
3222 1105 3345 1171 ίσης
3390 1102 3686 1172 ἐπιθυμίας

2106 1192 2200 1243 τοῦ
2254 1192 2320 1243 τὰ
2346 1192 2455 1245 τῶν
2509 1194 2786 1263 πολεμίων
2818 1194 3026 1255 λαϐεῖν,
3058 1196 3154 1248 καὶ
3182 1194 3541 1264 συμϐαίνουσι
3582 1194 3681 1263 μὲν

2108 1282 2257 1349 πάθη
2284 1282 2414 1351 παρ’
2440 1284 2745 1352 ἑκατέροις,
2786 1281 2875 1337 οἷα
2916 1285 3337 1352 συμϐαίνουσιν,
3375 1285 3434 1337 οὐ
3468 1284 3683 1346 πάντως

428 1373 486 1426 δὲ
526 1374 646 1427 κατ’
684 1376 905 1439 ἐλπίδας
928 1378 1258 1450 ἀμφοτέροις
1293 1380 1535 1434 ἐκϐαίνει
1564 1380 1632 1433 τὰ
1670 1381 1997 1449 πράγματα,
2042 1372 2159 1427 ἀλλ’
2193 1374 2249 1425 οἱ
2272 1374 2370 1442 μὲν
2431 1375 2774 1446 ἐψεύσθησαν
2804 1379 2896 1431 καὶ
2934 1377 3188 1431 διέπεσον
3248 1376 3354 1428 τῶν
3418 1374 3673 1437 ἐλπίδων,

427 1470 539 1530 τοῖς
563 1467 618 1519 δὲ
654 1470 812 1537 τυχὸν
840 1469 1102 1524 συνέπεσε
1140 1472 1409 1543 παντελὴς
1455 1471 1675 1543 ὄλεθρος
1718 1472 1812 1525 καὶ
1844 1470 2113 1523 ἀπώλεια.

500 1558 675 1614 Verba
731 1561 893 1628 igitur
947 1574 1130 1618 nostra
1186 1582 1254 1619 ne
1301 1578 1379 1631 tu,
1411 1566 1507 1629 ﬁli,
1562 1566 1871 1627 adulteres;
1906 1578 2005 1616 nec

428 1652 717 1721 quisquam
766 1654 832 1708 ad
867 1670 998 1709 suos
1028 1672 1223 1710 sensus
1259 1673 1320 1711 ea
1362 1657 1700 1726 detorquens
1733 1655 2007 1709 existimet

430 1759 528 1799 nos
550 1745 731 1799 dicere
775 1762 897 1817 qua:
924 1763 1101 1817 neque
1146 1751 1372 1812 scimus,
1411 1766 1588 1818 neque
1631 1749 2006 1819 cogitavimus,
2041 1780 2084 1836 Β

430 1851 608 1908 neque
629 1838 891 1906 diximus,
917 1856 1039 1909 qua:
1076 1843 1376 1911 praesertim
1413 1859 1573 1897 nemo
1598 1844 1803 1897 diceret
1831 1856 2007 1910 neque

434 1931 479 1983 si
523 1932 833 1987 miserrimo
868 1948 1031 1987 sensu
1093 1936 1399 2001 laboraret;
1459 1945 1519 1989 ut
1576 1936 1689 2005 jam
1743 1933 2005 1997 diximus,

432 2023 603 2077 multo
637 2023 820 2078 dolore
863 2026 1148 2092 perculsus
1197 2042 1321 2080 sum
1353 2028 1422 2080 ob
1471 2027 1810 2095 loquentium
1854 2025 2007 2079 vani-

430 2114 797 2184 loquentiam;
830 2124 884 2170 οι
921 2118 1127 2171 utinam
1174 2119 1578 2187 vaniloquentia
1606 2128 1815 2172 tantum
1864 2126 2007 2173 esset

429 2203 634 2258 dictum
661 2206 819 2269 illud,
852 2221 959 2261 non
990 2220 1172 2262 autem
1209 2220 1413 2263 aeterno
1437 2210 1647 2275 Iudicio
1683 2210 2001 2276 obnoxium;

430 2295 477 2350 si
510 2296 653 2350 enim
686 2297 917 2352 otiosum
953 2300 1178 2354 verbum
1207 2312 1332 2356 ante
1362 2302 1569 2357 Christi
1607 2303 1845 2357 tribunal
1871 2303 2006 2357 irre-

430 2386 794 2453 prehensibile
841 2405 947 2444 non
998 2391 1142 2457 erit,
1202 2403 1407 2461 quanto
1469 2394 1641 2463 magis
1696 2393 2002 2447 istiusmodi

427 2476 737 2531 calumnia!
793 2481 848 2533 Si
884 2496 1010 2535 vero
1033 2483 1127 2551 qui
1166 2485 1426 2539 dixerunt
1473 2501 1503 2538 υ
1546 2499 1648 2539 suo
1679 2484 1849 2539 corde
1878 2487 2002 2538 talia

431 2571 790 2636 protulerunt,
837 2587 959 2633 non,
986 2574 1057 2628 ita
1103 2592 1189 2631 me
1220 2577 1462 2644 aﬂligunt
1490 2615 1504 2640 ,
1554 2578 1680 2631 licet
1722 2578 1875 2632 triste
1924 2576 2006 2630 di-

428 2668 574 2712 ctum
605 2678 620 2726 ;
664 2676 826 2717 sensu
861 2664 1128 2733 siquidem
1164 2667 1484 2736 imperfecto
1519 2677 1573 2722 et
1605 2668 1869 2730 obscuro,
1913 2684 2005 2721 ve-

430 2748 653 2803 risimile
695 2760 778 2805 est
820 2767 1007 2808 errore
1053 2755 1209 2823 plena
1258 2764 1311 2810 et
1366 2757 1676 2824 imperfecta
1721 2756 2005 2823 cogitanda

427 2855 549 2894 esse
578 2851 631 2894 et
662 2842 921 2908 dicenda;
958 2845 1001 2897 si
1031 2859 1158 2899 vero
1192 2854 1294 2899 tuae
1316 2846 1732 2915 sapientissimae
1757 2862 1819 2901 ac
1851 2847 2007 2901 valde

432 2932 765 2987 honorabilis
797 2935 1099 3003 tnajestatis
1139 2946 1221 2991 est
1246 2937 1428 3002 fretus,
1462 2941 1619 2994 nobis
1650 2950 1833 3008 parcat
1866 2939 2006 2995 Deus

430 3032 614 3076 noster
643 3032 695 3076 et
714 3038 743 3076 a
774 3025 1044 3079 calumnia
1076 3026 1284 3089 liberet,
1321 3028 1412 3082 tibi
1441 3036 1620 3082 autem
1646 3030 1715 3084 sit
1738 3030 2002 3102 benignus

2184 1558 2273 1628 Μὴ
2293 1558 2385 1612 οὖν
2418 1560 2507 1612 τὸν
2539 1560 2806 1630 ἡμέτερον
2827 1560 2982 1630 λόγον
3013 1562 3151 1632 μήτε
3180 1562 3267 1623 σὺ,
3289 1560 3475 1612 τέκνον
3507 1557 3683 1628 ἠμῶνν

2114 1653 2448 1722 ὲπηρεάζῃς,
2482 1655 2617 1722 μήτε
2674 1671 2757 1717 τις
2786 1632 2967 1719 ἀλλος,
3024 1654 3157 1724 πρὸς
3199 1653 3260 1706 τὸ
3290 1654 3488 1706 οίκεῖον
3524 1651 3687 1705 αὐτὸν

2113 1744 2456 1813 διαστρέφων
2479 1744 2751 1815 βούλημα,
2806 1745 3240 1816 ὑπολαμϐανέτω
3276 1744 3455 1812 λέγειν
3489 1745 3634 1814 ἡμᾶς
3657 1743 3687 1796 δ

2113 1837 2250 1905 μήτε
2297 1838 2476 1904 ίσμεν,
2515 1837 2651 1905 μήτε
2715 1836 3093 1907 διενοήθημεν,
3152 1837 3286 1907 μήτε
3343 1835 3682 1906 εἰρήκαμεν

2112 1928 2386 1996 μᾶλλονδὲ
2417 1928 2445 1981 ὅ
2476 1927 2598 2000 μηδ’
2633 1928 2699 1982 ἂν
2742 1928 2931 1997 ἕτερός
2962 1945 3046 1992 τις
3091 1930 3257 1990 εἴποι,
3295 1926 3371 1997 μὴ
3409 1926 3686 1994 δυστυχῶν

2110 2019 2344 2088 ἐσχάτην
2373 2021 2665 2089 δυστυχίαν
2693 2021 2772 2083 είς
2827 2022 3050 2089 φρένας.
3094 2021 3181 2083 Ὠς
3218 2015 3310 2073 οὖν
3344 2018 3683 2089 προέφημεν,

2110 2113 2317 2181 σφόδρα
2360 2114 2461 2183 τὴν
2501 2112 2680 2183 ψυχὴν
2714 2114 3034 2183 ἐπλήγημεν
3083 2114 3185 2166 ἐπί
3210 2117 3275 2182 τῇ
3303 2110 3529 2180 τοιαύτῃ
3575 2109 3685 2163 τῶν

2109 2206 2371 2259 εἰπόντων
2432 2207 2823 2276 ματαιολογίᾳ’
2886 2206 2983 2259 καὶ
3026 2206 3136 2259 είθε
3194 2206 3354 2274 μόνον
3410 2201 3565 2274 ἦντὸ
3605 2205 3686 2255 είο

2111 2298 2348 2369 ρημένον
2406 2299 2785 2368 ματαιολογία.
2822 2298 2959 2352 ἀλλὰ
3006 2300 3080 2367 μὴ
3131 2300 3223 2351 καὶ
3268 2296 3519 2349 ὑπόδικον
3559 2295 3682 2364 κρί-

2110 2406 2281 2459 ματος
2300 2391 2523 2443 αἰωνίου
2553 2392 2567 2445 l
2597 2391 2658 2444 Εί
2692 2391 2800 2461 γάρ
2851 2390 3004 2458 λόγος
3033 2389 3196 2458 ἀργὸς
3252 2388 3350 2439 οὐκ
3392 2385 3682 2447 ἀνεύθυνος

2107 2484 2260 2551 παρὰ
2289 2482 2367 2553 τῷ
2386 2483 2589 2553 βήματι
2632 2483 2724 2537 τοῦ
2754 2483 3012 2553 Χριστοῦ,
3045 2484 3200 2553 πόσῳ
3228 2482 3425 2549 μᾶλλον
3452 2478 3677 2549 τοιαύτη

2110 2577 2447 2644 συκοφαντία
2476 2594 2490 2641 ;
2540 2575 2681 2629 Ἀλλ’
2712 2578 2760 2629 εί
2791 2577 2888 2646 μὲν
2916 2579 2963 2630 oi
2994 2577 3127 2644 πρὸς
3168 2577 3312 2645 ἡμᾶς
3344 2575 3590 2634 εἰπόντες
3618 2574 3680 2624 ἐκ

2106 2668 2204 2737 τῆς
2236 2666 2444 2720 ἑαυτῶν
2474 2667 2702 2738 καρδίας
2752 2668 2909 2721 τοῦτο
2951 2666 3275 2737 ἠρεύξαντο,
3318 2666 3379 2717 ού
3425 2662 3679 2717 τοσοῦτον

2106 2763 2386 2827 λυποῦσιν,
2411 2764 2463 2815 ει
2492 2764 2586 2815 καὶ
2614 2762 2857 2832 λυπηρὸν
2881 2763 3158 2832 τδρ-ηθέν,
3194 2760 3377 2825 Διότι,-
3397 2760 3681 2829 φρονήμα-

2110 2872 2204 2919 τος
2239 2853 2465 2918 ἀτελοῦς
2492 2855 2586 2909 καὶ
2616 2854 2965 2925 ἐσφαλμένου»
3004 2854 3383 2925 τυγχάνοντος,
3418 2851 3563 2913 εἰκὸς
3587 2850 3681 2904 καί

2105 2948 2277 3018 ἀτελῆ
2344 2948 2440 3001 καὶ
2478 2947 2795 3016 ἐσφαλμένα
2842 2948 2937 3000 καὶ
2974 2945 3302 2999 διανοεῖσθαι
3329 2946 3422 2999 καὶ
3451 2944 3683 3014 φθέγγε-

2108 3041 2270 3095 σθαι’
2325 3044 2374 3095 εί
2430 3041 2487 3095 δὲ
2532 3041 2631 3112 τῆς
2686 3042 2786 3111 σῆς
2844 3042 2961 3093 ἐστι
3009 3040 3226 3093 σύνεσιν
3271 3040 3531 3109 φιλούσης
3587 3042 3681 3094 καὶ

430 3123 670 3180 nunc,et
714 3115 949 3180 exinde,
1016 3117 1109 3171 tibi
1161 3119 1294 3174 dans
1323 3135 1384 3173 ea
1435 3121 1709 3187 cOgitare,
1767 3130 2004 3177 statuere

2116 3135 2486 3206 μεγαλοτίμου
2538 3135 2788 3201 ἐξουσίας
2853 3132 2913 3187 τὸ
2968 3133 3234 3202 γέννημα,
3297 3133 3453 3201 ἡμῶν
3507 3133 3605 3201 μὲν
3650 3132 3679 3183 δ

427 3215 482 3258 et
544 3222 701 3275 agere
756 3224 878 3278 qugc
924 3220 973 3265 te
1023 3212 1091 3264 ab
1146 3213 1428 3267 hominum
1482 3214 2004 3283 reprehensionibus

428 3295 668 3355 eximant
714 3311 770 3356 et
824 3301 879 3357 in
942 3313 1148 3359 aeterno
1201 3304 1407 3374 judicio
1460 3307 1830 3363 indemnatum
1887 3325 2004 3365 ser-

428 3397 575 3445 vent.

957 3669 1065 3727 VII.
1109 3676 1189 3729 Ad
1227 3676 1486 3730 eumdem.
1606 3734 1609 3737 λ

498 3756 662 3827 Plaga
711 3759 1090 3817 crudelissima
1147 3764 1202 3819 in
1280 3768 1443 3821 corde
1497 3770 1727 3826 sauciati
1785 3788 1999 3841 sumus,

428 3849 500 3901 tili
534 3850 602 3902 mi
639 3849 1005 3923 dilectissime,
1042 3855 1257 3912 funesto
1278 3858 1381 3913 ‘lllo
1410 3860 1619 3926 nuntio,
1651 3871 1704 3916 et
1736 3865 1895 3918 simul
1922 3868 2001 3920 tui

423 3944 593 4011 gratia
651 3954 810 4014 atque
865 3956 970 4001 tua:
1037 3949 1259 4018 gloriae,
1320 3953 1485 4007 simul
1544 3970 1762 4025 quoque
1825 3958 1999 4013 nostri

424 4051 588 4091 causa
631 4038 720 4092 illa
754 4039 847 4093 tibi
881 4040 1201 4109 scripsimus
1222 4061 1342 4115 quae
1364 4047 1563 4115 scripta
1591 4057 1737 4109 sunt,
1777 4060 1999 4119 paterna

425 4128 714 4186 dilectione
749 4133 903 4198 moti,
935 4143 986 4189 te
1012 4137 1173 4190 modo
1193 4139 1566 4207 exhortantes,
1609 4142 1769 4196 modo
1799 4159 1998 4212 expro-

425 4222 644 4278 brantes
673 4239 739 4278 eo
773 4226 892 4295 ipso
923 4229 1081 4283 modo
1120 4246 1229 4300 quo
1266 4234 1447 4287 sciunt
1471 4249 1600 4301 erga
1635 4234 1775 4290 ﬁlios
1808 4234 1990 4290 facere

422 4326 707 4381 parentum
765 4318 991 4374 audacia
1034 4332 1196 4391 atque
1230 4333 1499 4377 commota
1532 4326 1739 4379 viscera
1770 4344 1783 4378 :
1822 4326 2000 4396 itaque

423 4406 469 4460 si
508 4410 713 4475 priores
757 4420 973 4466 nostras
1022 4411 1207 4466 vidisti
1254 4413 1483 4476 litteras,
1535 4424 1780 4470 nostrum
1828 4418 1881 4470 in
1944 4431 1995 4471 te

2112 3227 2246 3291 Θεὸς
2286 3228 2443 3299 ἡμῶν
2479 3228 2728 3297 φείσαιτο
2772 3226 2865 3280 καὶ
2893 3225 3120 3296 ῥύσαιτο
3156 3225 3265 3279 ἀπὸ
3290 3225 3675 3292 συκοφαντίας,

2114 3321 2197 3375 σοὶ
2224 3320 2282 3373 δὲ
2307 3320 2519 3389 γένοιτο
2570 3320 2808 3391 εὐμενὴς
2846 3319 2942 3374 νῦν
2971 3337 3031 3373 τε
3076 3320 3170 3373 καὶ
3215 3320 3532 3388 μετέπειτα,
3584 3323 3679 3373 καὶ

2117 3411 2297 3474 διδοὺς
2332 3414 2518 3465 ἐκεῖνα
2546 3412 2640 3466 καὶ
2663 3414 2880 3481 φρονεῖν
2928 3410 3023 3464 καὶ
3052 3408 3358 3480 λογίζεσθαι
3385 3412 3478 3464 καὶ
3508 3412 3681 3480 πράτ-

2110 3520 2244 3568 τειν,
2277 3503 2314 3559 ἀ
2345 3504 2438 3559 καὶ
2469 3503 2821 3575 ἀνθρωπίνης
2862 3503 3120 3574 μέμψεως
3173 3503 3329 3567 ἐκτὸς
3359 3504 3543 3571 δείξει,
3586 3505 3680 3559 καὶ

2108 3598 2189 3668 τῷ
2215 3597 2418 3669 αἰωνίῳ
2447 3600 2606 3670 κριτῇ
2632 3597 3002 3669 ἀκατάκριτον
3030 3596 3395 3667 παραστήσει.

2694 3690 2769 3742 Ζ’.
2817 3687 2901 3753 Τῷ
2927 3686 3105 3753 αὐτῷ.

2196 3779 2544 3850 Ἐπλήγημεν
2574 3782 2676 3849 τὴν
2691 3778 2917 3850 καρδίαν
2939 3778 3155 3850 πληγὴν
3172 3779 3473 3848 ὀξυτάτην,
3489 3781 3681 3833 τέκνον

2113 3888 2219 3942 μου
2253 3870 2640 3941 πολυέραστον,
2702 3870 2808 3924 ὑπὸ
2863 3870 3041 3939 δεινῆς
3090 3870 3372 3938 ἀγγελίας,
3408 3873 3502 3924 καὶ
3524 3870 3681 3925 τοῦτο

2113 3962 2214 4033 μὲν
2241 3960 2382 4033 ὑπὲρ
2420 3960 2514 4014 σοῦ
2551 3961 2646 4013 καὶ
2674 3961 2773 4031 τῆς
2808 3961 2907 4031 σῆς
2929 3961 3106 4030 δόξης,
3131 3962 3287 4016 τοῦτο
3308 3964 3363 4015 δὲ
3402 3965 3499 4016 καὶ
3539 3965 3677 4035 ὑπὲρ

2107 4051 2267 4121 ἡμῶν
2299 4049 2624 4121 ἐγράψαμεν
2666 4050 2702 4105 ἀ
2748 4053 3181 4122 προεγράψαμεν
3234 4055 3541 4124 κινούμενοι
3576 4073 3679 4107 πα-

2106 4141 2335 4211 τρικῶς,
2367 4142 2462 4194 καὶ
2489 4140 2586 4195 νῦν
2634 4143 2732 4211 μὲν
2765 4142 3230 4213 παρακαλοῦντες,
3263 4144 3362 4196 νῦν
3407 4144 3462 4197 δὲ
3501 4144 3677 4198 ἐπιτι-

2108 4231 2323 4299 μῶντες
2370 4224 2459 4283 οἷα
2498 4231 2566 4284 τά
2617 4232 2862 4302 πατρικά
2922 4232 3206 4300 σπλάγχνα
3257 4232 3558 4302 θαρροῦντα
3585 4234 3679 4286 καὶ

2108 4322 2509 4392 συγκινούμενα
2562 4320 2666 4375 οἶδε
2710 4324 2845 4391 πρὸς
2876 4322 2942 4375 τά
2986 4322 3151 4375 τέκνα
3180 4324 3371 4374 ποιεῖν.
3402 4323 3586 4389 Ὥστε,
3626 4327 3674 4375 εί

2107 4415 2360 4485 ἐνέτυχες
2392 4418 2505 4479 τοῖς
2538 4414 2871 4485 προλαϐοῦσι
2910 4414 3223 4484 γράμμασι,
3262 4416 3451 4467 τέκνον
3493 4416 3673 4484 ἡμῶν,

424 4497 683 4551 nimirum
735 4515 974 4554 amorem
1029 4504 1170 4555 nosti
1200 4512 1254 4555 et
1283 4514 1489 4571 quanto
1518 4506 1569 4558 in
1608 4513 1662 4561 te
1685 4517 1739 4560 et
1768 4524 1867 4575 pro
1901 4519 1994 4563 tuo

2108 4508 2419 4578 ἐγνώρισάς
2470 4508 2686 4570 πάντως
2714 4508 2807 4560 νῦν
2857 4507 2950 4559 ἐπὶ
2980 4506 3140 4559 πλέον
3169 4505 3229 4557 τὸ
3250 4505 3515 4575 διάπυρον
3542 4508 3701 4576 πρὸς⁸

423 4589 476 4641 in
518 4592 675 4643 terris
699 4590 906 4645 honore
949 4602 1003 4645 et
1042 4593 1212 4661 gloria
1258 4604 1311 4648 et
1354 4610 1452 4663 pro
1484 4597 1693 4651 cmlesti
1726 4598 1909 4655 salute
1942 4611 1997 4655 et

422 4682 681 4739 felicitate
738 4686 920 4739 studio
978 4683 1322 4753 ﬂagramus;
1380 4702 1502 4757 quae
1550 4689 1675 4743 dico
1730 4692 1809 4745 de'
1846 4693 1996 4761 prius

422 4776 665 4845 scrlptis,
720 4792 867 4831 nunc
918 4785 1105 4831 autem
1154 4779 1351 4834 litteris
1398 4796 1535 4849 quas
1595 4783 1659 4835 ad
1725 4799 1902 4851 regem
1970 4800 1998 4836 a

422 4867 643 4951 Christo
675 4867 934 4921 dilectum
964 4870 1154 4925 misisti
1191 4872 1258 4925 de
1292 4881 1381 4927 tua
1418 4874 1609 4942 agendi
1639 4874 1850 4929 ratione
1878 4890 1997 4929 cer-

350 5036 353 5037 ν
424 4960 594 5015 tiores
616 4958 744 5014 facti
772 4960 1156 5028 gravissimum
1182 4964 1492 5020 dimisimus
1519 4982 1827 5030 mcerorem,
1855 4977 1907 5020 et
1931 4967 1998 5019 ad

424 5065 475 5108 te
528 5070 602 5120 eo,
631 5052 737 5108 [ine
770 5053 1087 5119 scribimus,
1120 5054 1192 5109 liii
1236 5058 1329 5121 mi,
1371 5067 1429 5111 ut
1467 5059 1510 5111 si
1548 5069 1771 5128 paterna
1813 5071 1998 5114 nostra

423 5149 846 5215 reprehensione
881 5148 1126 5217 priusfcs
1159 5148 1412 5214 amictus,
1446 5149 1686 5204 dolorem
1729 5150 1998 5213 excutias,

425 5242 591 5306 probe
641 5242 891 5296 videlicet
941 5242 1122 5295 sciens
1176 5242 1324 5297 illam
1376 5242 1857 5313 reprehensionem
1890 5259 1996 5297 non

424 5347 489 5383 ex
539 5335 663 5387 odio
699 5349 879 5391 natam
910 5336 1003 5391 sed
1034 5337 1217 5405 potius
1249 5352 1311 5390 ex
1340 5336 1504 5390 nimia
1532 5337 1859 5401 dilectione;
1889 5351 1997 5390 non

427 5432 608 5476 autem
642 5426 806 5480 nimia
833 5437 1064 5494 tantum,
1103 5428 1196 5482 sed
1228 5444 1352 5482 vere
1382 5438 1645 5497 paterna;
1692 5438 1745 5482 et
1772 5427 1817 5481 si
1864 5443 2001 5495 pra:-

427 5528 555 5570 sens
582 5514 695 5583 ipse
742 5516 987 5582 fuissem,
1025 5522 1132 5575 alio
1170 5520 1330 5574 modo
1363 5506 1593 5574 conatus
1621 5535 1799 5573 essem
1836 5528 1993 5573 tuum

428 5605 711 5660 continere
742 5604 1000 5675 impetum
1033 5629 1044 5662 :
1100 5608 1419 5681 quomodo?
1451 5610 1684 5679 arreptis
1718 5609 1993 5672 manibus,

429 5698 604 5767 capite
638 5696 1027 5765 circumplexo,
1057 5702 1231 5758 oculis
1261 5718 1479 5772 quoque
1518 5710 1573 5755 ct
1608 5700 1875 5756 universis
1905 5701 1995 5753 lilii

432 5788 537 5843 ιιιεί
570 5787 832 5845 membris
860 5803 875 5855 ;
917 5790 1057 5858 quod
1086 5792 1129 5845 si
1162 5795 1472 5858 restitisscs,
1500 5792 1662 5861 pedes
1702 5800 1835 5863 .tuos
1864 5792 1993 5844 fuis-

2104 4598 2164 4650 σὲ
2197 4600 2418 4667 φίλτρον
2443 4600 2623 4667 ἡμῶν,
2657 4602 2748 4652 καὶ
2770 4600 2915 4660 ὅπως
2935 4597 3334 4667 περικαιόμεθα
3368 4596 3462 4650 σοῦ
3486 4597 3674 4650 ἕνεκεν

2100 4691 2196 4743 καὶ
2232 4694 2329 4760 τῆς
2366 4692 2424 4744 ἐν
2448 4694 2515 4761 γῇ
2558 4693 2725 4760 τιμῆς
2750 4708 2808 4742 τε
2849 4691 2943 4741 καὶ
2976 4689 3155 4757 δόξης,
3192 4690 3285 4740 καὶ
3304 4689 3402 4756 τῆς
3430 4690 3487 4740 ἐν
3509 4688 3677 4760 οὐρα-

2100 4784 2211 4844 νοῖς
2254 4784 2528 4854 σωτηρίας
2580 4783 2675 4835 καὶ
2722 4781 3097 4844 ἀπολαύσεως.
3146 4780 3309 4832 Ἀλλά
3357 4780 3526 4833 ταῦτα
3574 4780 3675 4851 μὲν

2100 4874 2240 4942 ὑπὲρ
2278 4875 2385 4927 τῶν
2438 4878 2973 4944 προγεγραμμένων,
3031 4872 3126 4926 νῦν
3162 4872 3218 4925 δὲ
3272 4872 3361 4925 διὰ
3405 4872 3500 4925 τοῦ
3542 4872 3675 4942 πεμ-

2102 4965 2327 5033 φθέντος
2364 4967 2687 5036 γράμματος
2718 4964 2853 5036 πρὸς
2882 4964 2942 5016 τὸ
2965 4965 3156 5017 τέκνον
3191 4964 3347 5035 ἡμῶν
3393 4966 3482 5017 τὸν
3523 4964 3672 5033 φιλόο

2102 5074 2322 5127 χριστον
2374 5058 2601 5126 βασιλέα
2653 5060 2722 5111 τὰ
2760 5057 3107 5125 διοικηθέντα
3147 5059 3553 5131 μεμαθηκότες,
3578 5059 3676 5125 τῆς

2102 5151 2589 5220 προκατασχούσης
2653 5151 2800 5220 ἡμᾶς
2852 5148 3169 5222 βαρυτάτης
3217 5151 3513 5220 ἁνείθημεν
3564 5150 3671 5203 θλίο

2100 5244 2270 5313 ψεως,
2298 5247 2390 5298 καὶ
2421 5246 2707 5315 γράφομεν
2731 5244 2817 5296 ἵνα
2844 5246 2939 5298 καὶ
2974 5246 3061 5310 σὺ,
3108 5247 3299 5297 τέκνον
3332 5242 3509 5311 ἡμῶν,
3543 5242 3598 5292 εί
3622 5258 3675 5294 τι

2099 5339 2193 5390 ἐπὶ
2215 5338 2281 5407 τῇ
2314 5340 2551 5408 πατρικῇ
2594 5335 2885 5408 ἐπιπλήξει
2918 5336 3220 5405 λελύπησαι
3262 5334 3549 5405 πρότερον,
3574 5334 3674 5405 τὴν

2102 5426 2278 5495 λύπην
2310 5427 2653 5501 ἁπορρίψῃς·
2688 5429 2848 5483 τοῦτο
2885 5428 3043 5490 είδὼς
3084 5429 3165 5479 ὅτι
3200 5426 3294 5478 καὶ
3330 5427 3361 5491 ή
3384 5424 3673 5494 ὲπίπληξις

2100 5520 2200 5571 οὐκ
2230 5514 2297 5588 ἦν
2346 5520 2535 5587 μίσους
2583 5522 2722 5576 ἀλλά
2752 5520 2951 5588 πολλῆς
2994 5518 3236 5585 ἀγάπης,
3290 5517 3384 5568 καὶ
3420 5514 3479 5566 ού
3512 5514 3673 5582 μόνον

2103 5610 2332 5677 πολλῆς,
2406 5611 2539 5665 ἀλλὰ
2584 5614 2680 5666 καὶ
2742 5612 3013 5681 πατρικῆς
3062 5608 3312 5678 ἀληθῶς·
3352 5606 3447 5660 καὶ
3490 5606 3539 5658 εί
3574 5606 3673 5675 μὲν

2105 5701 2369 5771 παρήμην
2415 5704 2577 5766 αὐτὸς
2608 5701 2740 5770 ἐγὼ,
2813 5701 2985 5763 ἄλλως
3014 5701 3080 5755 ἂν
3128 5702 3227 5771 τὴν
3278 5700 3376 5770 σὴν
3429 5699 3673 5767 ἐπισχεῖν

2106 5794 2339 5864 σπουδὴν
2371 5796 2712 5865 ἐποιησάμην
2762 5792 2958 5861 ὁρμήν.
2996 5792 3119 5857 Πῶς
3168 5792 3262 5847 καὶ
3289 5792 3407 5846 τίνα
3431 5790 3661 5850 τρόπονς
