3996 6208
363 395 429 463 δι
1807 398 2216 461 ΕΡΙΞΤΟΙΑΕ.
3548 397 3619 459 62

363 511 798 584 Δαμσανόμενος
827 512 935 566 τῶν
958 513 1178 585 χειρῶν,
1217 515 1724 586 περιπτυσσόμενος
1776 533 1925 585 κεφα

2052 532 2163 572 sem
2193 518 2562 587 amplexatus;
2611 516 2703 571 sed
2741 515 3002 585 quoniam
3040 486 3163 569 non.
3181 515 3448 583 potuerim
3484 529 3622 584 pras-

361 605 463 675 λὴν
497 603 595 657 καὶ
648 602 717 656 τὰ
756 602 985 673 ὄμματα
1026 606 1123 659 καὶ
1154 605 1221 659 τὰ
1257 605 1395 676 μέλη
1431 605 1611 660 πάντα
1656 606 1752 660 τοῦ
1803 608 1941 678 ἐμοῦ

358 694 479 749 υιδῦ
501 712 517 726 ·
543 693 978 764 φιλονεικοῦντος
1009 696 1067 750 δέ
1100 714 1216 761 σου,
1252 697 1471 762 πάντως
1500 698 1567 752 ἂν
1597 699 1823 770 ἡψάμην
1847 699 1942 753 καὶ

358 787 472 840 τῶν
512 787 712 841 ποδῶν.
755 787 912 841 Ἐπεὶ
940 788 996 842 δέ
1022 789 1214 860 παρὼν
1236 789 1400 853 αὐτὸς
1430 789 1540 859 ἐγὼ
1574 790 1811 844 κωλύειν
1840 792 1941 844 οὑκ

361 880 664 948 ἐδυνάμην,
694 881 907 950 ἀνάγκη
936 881 992 934 δὲ
1024 882 1219 936 ἀπόντι
1269 901 1361 954 μοι
1401 885 1641 953 σπουδὴν
1670 886 1942 940 ποιεῖσθαι

360 971 505 1040 ὑπὲρ
550 971 643 1023 τοῦ
694 971 1057 1041 ἐπισχεθῆναί
1088 992 1147 1026 σε
1182 975 1280 1045 τῆς
1316 978 1517 1047 ὁρμῆς,
1551 979 1772 1047 ἐδέησεν
1806 982 1941 1048 ἡμῖν

364 1063 464 1117 καὶ
502 1062 642 1133 πρὸς
686 1063 979 1133 ἐπίπληξιν
1009 1068 1352 1135 καταστῆναι
1402 1065 1490 1121 οἷα
1523 1069 1585 1139 δὴ
1622 1070 1812 1141 πατρὶ,
1844 1072 1939 1124 καὶ

364 1154 448 1225 τῷ
501 1154 725 1224 Θαρῤεῖν
775 1154 953 1225 ἔχοντι
988 1157 1343 1228 ἐπιπλήττειν
1379 1177 1483 1225 σοι,
1518 1161 1709 1215 τέκνον
1754 1164 1937 1232 ἡμῶν,

360 1247 423 1299 οὑ
452 1246 618 1315 μόνον
646 1247 779 1300 διότι
804 1250 996 1301 τέκνον
1028 1251 1314 1322 ὑπάρχεις,
1347 1253 1483 1307 ἀλλὰ
1507 1255 1642 1308 διότι
1676 1256 1774 1309 καὶ
1816 1257 1942 1312 λίαν

364 1339 576 1408 φιλεῖς*
614 1341 894 1408 πεφύκασι
925 1342 1033 1412 γὰρ
1071 1344 1120 1395 οἱ
1172 1343 1290 1396 λίαν
1334 1345 1611 1413 φιλοῦντες
1638 1348 1811 1417 ἡδέως
1840 1348 1940 1413 τὰς

360 1431 685 1502 ἐπιπλήξεις
707 1434 815 1486 τῶν
850 1434 1020 1503 φίλων
1045 1436 1261 1505 φέρειν’
1286 1438 1438 1507 πόσῳ
1463 1437 1520 1490 δὲ
1543 1439 1745 1507 μᾶλλον
1772 1441 1939 1496 τέκνα

362 1522 634 1593 πατέρων,
657 1526 749 1577 καὶ
776 1525 897 1577 τότε
916 1526 1018 1594 τῆς
1040 1526 1288 1597 πλήξεως
1315 1528 1455 1598 ὑπὲρ
1472 1531 1639 1600 τιμῆς
1655 1535 1744 1584 καὶ
1770 1550 1941 1604 σωτη-

357 1616 483 1685 ρίας
516 1616 809 1685 γινομένης
838 1617 951 1670 τῶν
985 1619 1509 1690 ἐπιπληττομένων;
1544 1623 1697 1691 Ἔχει
1748 1623 1805 1676 δέ
1842 1625 1936 1677 καὶ

352 1708 532 1771 ἄλλως
560 1708 669 1761 τῶν
688 1709 969 1778 φρονίμων
985 1710 1292 1781 ἀνθρώπων
1315 1712 1490 1776 οὕτως
1512 1715 1543 1783 ή
1571 1715 1735 1783 φύσις
1760 1716 1821 1769 τὸ
1840 1717 1938 1785 φέ-

355 1815 476 1869 ρειν
494 1800 668 1870 ἡδέως
696 1802 797 1864 τὰς
830 1802 1185 1873 ἐπιτιμήσεις
1203 1806 1311 1859 τῶν
1331 1807 1501 1874 φίλων
1523 1824 1536 1837 ’
1554 1808 1642 1862 διὰ
1675 1810 1729 1863 τί
1753 1826 1766 1874 ;
1809 1812 1930 1865 Ὀτι

2047 625 2173 666 sens
2208 618 2258 664 te
2282 610 2580 674 continere,
2615 623 2837 664 necesse
2870 622 2999 661 vero
3035 606 3169 660 mihi
3206 604 3371 660 fuerit
3404 607 3616 661 absenti

2048 704 2236 757 conari
2288 702 2352 755 ad
2406 701 2794 756 continendum
2850 710 3002 754 tuum
3045 698 3332 767 impetum,
3391 701 3626 765 oportuit

2046 793 2467 863 reprehensione
2513 794 2588 847 uti
2633 793 2811 863 qualis
2841 792 2994 847 decet
3027 800 3233 860 patrem
3287 796 3341 843 et
3372 803 3494 843 eum
3530 792 3621 844 cui

2045 886 2247 939 audere
2289 884 2414 938 licet
2453 884 2872 952 reprehendere,
2907 898 3015 936 non
3066 881 3244 935 solum
3287 880 3416 949 quia
3478 879 3622 935 ﬁlius

2044 991 2198 1031 meus
2215 990 2294 1041 es,
2314 975 2406 1031 sed
2430 976 2594 1030 etiam
2610 976 2736 1045 quia
2758 975 2987 1029 multum
3006 988 3091 1027 me
3105 987 3258 1027 amas
3275 987 3291 1027 :
3308 971 3622 1040 quicunque

2043 1067 2242 1122 etenim
2284 1067 2514 1121 multum
2570 1077 2777 1130 amant,
2826 1066 3129 1120 amicorum
3165 1062 3620 1133 reprehensiones

2043 1158 2274 1213 libenter
2307 1158 2512 1224 ferunt,
2566 1168 2780 1229 quanto
2812 1158 2987 1228 magis
3019 1164 3307 1227 parentum
3345 1155 3461 1219 lilii,
3495 1170 3617 1209 cum

2042 1252 2343 1315 praesertim
2404 1252 2759 1321 reprehensio
2796 1251 2853 1305 iit
2904 1252 2958 1304 in
3008 1250 3241 1321 gratiam
3303 1248 3528 1303 honoris
3556 1255 3613 1301 et

2041 1344 2235 1397 salutis
2283 1358 2470 1398 eorum
2507 1343 2598 1411 qui
2666 1341 3187 1411 reprehenduntur?
3246 1349 3439 1393 natura
3485 1354 3618 1408 pru-

2042 1434 2233 1489 dentes
2288 1435 2388 1489 viri
2418 1436 2720 1488 amicorum
2769 1432 3221 1501 reprehensiones
3269 1432 3497 1486 libenter
3535 1431 3619 1483 fc-

2044 1538 2174 1581 runt
2202 1527 2237 1592 (ε
2295 1528 2506 1596 quare?
2552 1527 2656 1581 nisi
2693 1525 2821 1595 quia
2854 1526 3053 1591 nullus
3087 1540 3324 1593 unquam
3365 1524 3615 1579 inimicus

2040 1618 2403 1687 reprehendet
2443 1618 2583 1673 male
2613 1628 2886 1689 agentem,
2922 1618 3013 1673 sed
3046 1617 3251 1688 potius,
3284 1617 3329 1672 si
3363 1618 3530 1686 possit
3561 1628 3615 1671 et

2040 1709 2199 1764 fidem
2250 1710 2517 1773 obtineat,
2557 1711 2679 1779 ipse
2712 1710 2776 1763 ad
2808 1709 2992 1778 pejora
3027 1709 3285 1773 inducet;
3324 1717 3490 1761 restat
3517 1708 3618 1775 igi—

2039 1811 2127 1854 tur
2154 1810 2213 1855 ut
2242 1802 2403 1855 amici
2444 1810 2657 1855 tantum
2695 1801 3131 1870 reprehendant;
3172 1808 3224 1854 et
3254 1807 3618 1868 propterea,ut

349 1894 466 1948 τῶν
507 1894 607 1965 μὲν
635 1893 847 1966 ἐχθρῶν
863 1870 1383 1970 οὐδείς-ἐπιτιμήσει
1415 1902 1603 1966 κακῶς
1626 1920 1734 1955 τινι
1753 1870 1925 1974 πράτ-

2033 1893 2293 1959 diximus,
2330 1894 2587 1963 gaudent,
2620 1908 2727 1948 non
2758 1901 2938 1947 autem
2967 1892 3384 1955 contristantur,
3418 1890 3514 1961 qui
3545 1889 3615 1945 ad

348 1996 522 2044 τοντι,
553 1982 687 2035 ἀλλὰ
723 1983 950 2052 μᾶλλον,
975 1986 1024 2038 εί
1055 1985 1292 2050 δύναιτο,
1321 1989 1416 2042 καὶ
1437 1989 1672 2055 πίστεως
1704 1992 1928 2057 ἀξιοῖτο,

348 2069 511 2132 αὑτὸς
550 2072 817 2144 ὑποθήσει
837 2076 906 2129 τὰ
939 2076 1107 2147 χείρω
1134 2094 1147 2108 ⁸
1176 2077 1423 2133 λείπεται
1461 2080 1554 2134 οὖν
1584 2083 1709 2145 τοὺς
1742 2083 1931 2152 φίλους

345 2164 643 2234 ἐπιτιμᾷνο
674 2168 769 2221 καὶ
795 2168 882 2221 διὰ
920 2169 1099 2233 τοῦτο,
1130 2172 1310 2235 καθὼς
1333 2173 1570 2242 ἔφημεν,
1606 2174 1915 2245 χαίρουσιν,

345 2252 411 2304 οὑ
439 2252 760 2318 λυποῦνται,
799 2257 930 2309 ὃταν
962 2258 1057 2310 ἐπὶ
1100 2258 1171 2311 τὰ
1201 2264 1369 2330 χείρω
1404 2263 1677 2332 φέρωνται
1702 2263 1751 2314 oi
1779 2262 1929 2331 παρὰ

344 2344 456 2398 τῶν
520 2346 692 2413 φίλων
742 2350 1163 2420 ἐπιτιμώμενοι.
1210 2350 1333 2404 Εἴτε
1383 2352 1475 2405 οῦν
1524 2354 1599 2416 ὡς
1649 2353 1929 2423 φιλοῦντος

345 2437 731 2508 ἐπιτιμήσεις,
782 2442 894 2493 εἴτε
957 2442 1033 2504 ὡς
1081 2442 1289 2513 πατρὸς
1350 2443 1664 2512 δεξάμενος,
1709 2444 1930 2508 πάντως

344 2536 568 2605 χαίρειν
620 2536 856 2602 ὀφείλεις
882 2554 895 2568 ·
928 2539 1273 2608 πεποίθαμεν
1319 2540 1428 2609 γὰρ
1458 2543 1516 2595 ἐν
1540 2541 1659 2611 Θεῷ
1681 2542 1758 2611 τῷ
1794 2543 1930 2596 πάν-

341 2643 458 2678 των
493 2628 704 2697 Σωτῆρι
735 2629 829 2681 καὶ
867 2630 1090 2701 ἄρχοντι
1117 2633 1210 2684 καὶ
1238 2633 1483 2703 Δεσπότῃ
1510 2634 1583 2695 ὡς
1616 2634 1927 2703 ὀνήσουσιν,

338 2722 411 2773 οὑ
450 2719 714 2790 βλάψουσι
746 2723 811 2775 τὰ
840 2725 1146 2791 γραφέντα,
1180 2722 1274 2775 καὶ
1297 2722 1395 2793 τὴν
1428 2725 1487 2776 ἐν
1515 2726 1583 2793 γῇ
1626 2724 1929 2794 εὐημερίαν

339 2813 685 2883 δωρούμενα,
715 2816 763 2866 εἰ
800 2815 1089 2885 προσέξειν
1138 2816 1324 2879 αὑτοῖς
1363 2815 1665 2889 ἐθελήσεις,
1699 2816 1792 2869 καὶ
1828 2818 1926 2887 τὴν

340 2901 601 2973 οὑράνιον
639 2905 819 2971 δόξαν,
865 2902 1085 2980 ἧστινος
1123 2907 1298 2981 χωρὶς
1339 2908 1408 2961 τὰ
1448 2910 1505 2960 ἐν
1546 2911 1613 2978 γῇ
1668 2908 1928 2961 δοκοῦντα

340 2994 492 3047 καλὰ
517 2997 609 3048 καὶ
638 2996 766 3061 δόξα
795 3000 887 3050 καὶ
917 2998 1058 3069 ἀρχὴ
1101 3000 1196 3051 καὶ
1230 2999 1381 3051 πᾶσα
1431 2997 1673 3061 ἐξουσία,
1714 2996 1928 3066 χαλεπὰ

342 3090 447 3141 καὶ
476 3089 725 3144 ἐπώδυνα
777 3090 853 3161 τῷ
888 3090 1219 3159 κτησαμένῳ
1267 3090 1498 3158 γίνεται,
1544 3088 1666 3141 καθ’
1702 3088 1784 3140 ὅτι
1838 3087 1927 3141 διὰ

338 3179 553 3233 τούτων
581 3183 614 3251 ή
638 3181 848 3235 ἐκεῖθεν
869 3182 1232 3250 άπομειοῦται
1258 3179 1561 3241 ἀπόλαυσις
1582 3195 1602 3209 ο
1628 3172 1696 3247 ἧς
1713 3176 1927 3245 γένοιτό

2034 1986 2217 2056 pejora
2248 1987 2573 2052 decurrunt,
2620 2000 2742 2041 cum
2769 1986 2845 2039 ab
2869 1984 3065 2040 amicis
3090 1983 3565 2052 reprehenduntur
3595 2001 3609 2045 ;

2033 2080 2147 2133 sive
2204 2079 2369 2149 igitur
2421 2086 2689 2149 tanquam
2751 2078 2819 2131 ab
2868 2078 3066 2135 amico.
3128 2078 3245 2132 sive
3294 2087 3552 2145 tanquam
3585 2091 3615 2128 a

2033 2182 2189 2243 patre
2260 2188 2476 2229 nostras
2523 2173 2982 2241 reprehensiones
3046 2172 3328 2242 accipias,
3388 2185 3616 2225 omnmo

2031 2266 2265 2333 gaudere
2291 2266 2491 2333 debes;
2527 2281 2847 2331 persuasum
2887 2265 3085 2320 etenim
3122 2265 3387 2319 habemus
3418 2264 3473 2318 iu
3502 2263 3614 2317 Deo

2030 2358 2273 2410 omnium
2309 2355 2599 2420 Salvatori,
2651 2357 2784 2426 Regi
2834 2363 2887 2409 ct
2944 2356 3193 2420 Domino,
3230 2369 3336 2407 non
3365 2353 3457 2406 tibi
3491 2366 3613 2406 esse

2031 2449 2305 2511 nocitura,
2348 2450 2443 2503 sed
2497 2449 2717 2502 utilitati
2762 2447 2878 2501 lore
2918 2462 3039 2516 quae
3065 2446 3404 2514 scripsimus,
3435 2444 3612 2512 siqui-

2030 2541 2150 2595 dem
2190 2540 2501 2595 felicitatem
2539 2538 2625 2595 his
2661 2540 2720 2593 in
2764 2538 2946 2603 terris,
2981 2538 3430 2606 sLobtemperarc
3457 2535 3607 2600 velis,

2034 2630 2133 2684 tibi
2193 2631 2516 2699 prmbebunt
2570 2642 2626 2684 et
2680 2631 2955 2684 caelestem
3014 2630 3266 2698 gloriam,
3323 2628 3442 2681 sine
3498 2643 3605 2697 qua

2030 2734 2366 2789 quaecunque
2423 2721 2513 2774 hic
2562 2721 2705 2773 bona
2763 2720 3041 2785 videntur,
3090 2718 3263 2789 gloria
3320 2719 3531 2773 scilicet
3552 2729 3607 2773 et

2030 2820 2271 2881 potestas
2319 2822 2373 2866 et
2427 2812 2715 2882 imperium
2764 2812 2952 2880 gravia
2998 2821 3052 2866 et
3086 2811 3335 2866 luctuosa
3364 2812 3523 2878 liunt,
3553 2810 3608 2865 in

2029 2916 2294 2974 quantum
2330 2906 2609 2959 ccelestem
2662 2903 2978 2959 felicitatem
3009 2903 3268 2957 minuunt
3310 2921 3324 2958 :
3364 2919 3470 2972 qua
3506 2905 3610 2957 uti-

2030 3012 2154 3051 nam
2205 3012 2312 3050 non
2350 2996 2598 3061 decidas,
2644 3012 2809 3066 quam
2866 2997 2960 3051 tibi
3018 2996 3112 3050 Dei
3159 2995 3411 3051 Christus
3466 2995 3609 3049 Deus

2032 3098 2219 3141 noster
2259 3087 2535 3157 suiTragiis
2583 3088 2948 3143 sanctissima:
2999 3096 3054 3141 et
3099 3087 3316 3142 intactae
3367 3086 3609 3140 Dominae

2030 3186 2233 3233 nostra
2257 3194 2379 3248 qua:
2410 3178 2855 3234 Christianorum
2907 3186 2962 3234 et
3003 3178 3251 3234 omnium
3292 3188 3605 3235 sanctorum

340 3289 404 3327 σε
431 3273 506 3345 μὴ
532 3276 807 3338 ἐκπεσεῖν,
834 3275 927 3328 καὶ
967 3274 1036 3346 ἥν
1064 3273 1336 3343 παράσχοι
1366 3288 1448 3324 σοι
1471 3271 1707 3341 Χριστὸς
1735 3272 1763 3324 ὁ
1791 3270 1924 3333 Θεὸς

2031 3286 2153 3339 spes
2180 3278 2265 3325 est
2293 3280 2347 3325 et
2376 3271 2545 3328 salus.

338 3365 504 3435 ⁴ἡμῶν
531 3366 850 3436 πρεσϐείαις
884 3370 982 3438 τῆς
1013 3366 1286 3436 παναγίας
1319 3365 1595 3436 άχράνπου
1624 3364 1924 3432 Δεσποίνης
1964 3363 2121 3434 ἡμῶν
2156 3365 2255 3435 τῆς
2309 3365 2524 3430 ἐλπίδος
2581 3365 2692 3419 τῶν
2751 3364 3098 3437 Χριστιανῶν
3135 3364 3233 3418 καὶ
3305 3364 3605 3436 σωτηρίας.

338 3463 439 3516 καὶ
471 3464 688 3518 πάντων
715 3463 824 3517 τῶν
859 3463 1054 3533 ἁγίων.

925 3600 1009 3657 Η’.
1033 3601 1118 3668 Τῷ
1144 3599 1328 3668 αὐτῷ.

419 3718 488 3770 ..Α
513 3716 797 3784 πολλάκις,
824 3718 1014 3772 τέκνον
1037 3718 1215 3789 ἡμῶν,
1245 3718 1384 3788 μετὰ
1404 3721 1636 3790 συνοχῆς
1665 3721 1916 3793 καρδίας,

339 3810 489 3882 μετὰ
514 3810 767 3880 δακρύων
815 3810 1157 3881 ἐγράψαμεν,
1191 3812 1365 3864 ταῦτα
1396 3812 1492 3864 καὶ
1538 3812 1634 3865 νῦν
1667 3830 1751 3866 σοι
1786 3830 1917 3866 πεν-

336 3903 568 3966 θοῦντες
606 3906 704 3956 καὶ
756 3903 1088 3971 δακρύοντες
1149 3906 1455 3975 γράφομεν.
1506 3905 1633 3969 Πῶς
1662 3905 1772 3976 γάρ
1797 3906 1920 3977 οὑχὶ

335 3994 639 4066 πενθήσω;
700 3995 823 4058 Πῶς
868 3996 925 4049 δέ
962 3996 1023 4049 οὑ
1056 3996 1314 4066 δακρύσω
1354 3998 1448 4050 καὶ
1486 3997 1728 4067 κόψομαι
1768 3998 1796 4049 ὁ
1820 4014 1920 4050 τα-

336 4088 527 4149 πεινὸς
558 4087 692 4155 ἐγὼ,
746 4088 840 4140 καὶ
887 4087 1302 4158 άρχιερατεύειν
1332 4088 1450 4157 Θεῴ
1482 4088 1548 4141 δι’
1580 4088 1677 4151 οὒς
1710 4092 1917 4159 οἰκτιρ-

337 4180 481 4249 pob;
529 4181 735 4243 ἐκεῖνος
793 4177 903 4234 οἶδε
957 4181 1340 4247 καταξιωθεὶς,
1403 4182 1567 4235 ὁπότε
1619 4183 1713 4235 καὶ
1757 4181 1917 4244 ἄλλος

332 4270 595 4327 ὁστισοῦν
653 4274 729 4344 μὴ
783 4275 946 4344 μόνον
1000 4279 1059 4329 ἐν
1105 4276 1257 4329 πόλει
1297 4275 1613 4343 διατρίϐων,
1647 4275 1789 4329 ἀλλὰ
1820 4275 1916 4327 καὶ⁸

332 4363 450 4415 τῶν
503 4361 810 4433 ἀνθρώπων
845 4366 1274 4436 κεχωρισμένος,
1328 4365 1425 4419 καὶ
1472 4366 1530 4417 ἐν
1561 4364 1676 4435 ὄρει
1706 4365 1915 4417 δίαιταν

334 4454 480 4522 ἔχων
512 4455 607 4506 καὶ
630 4455 855 4525 ἐρημίᾳ,
892 4455 1117 4508 τοιαῦτα
1168 4458 1470 4526 πράγματα
1505 4455 1795 4521 διακούων,
1826 4453 1914 4509 οἷα

2535 3599 2673 3657 Vlll.
2716 3601 2799 3657 Ad
2831 3605 3090 3661 eumdem.

2095 3738 2226 3807 Quae
2256 3741 2476 3810 smpius,
2508 3740 2582 3797 ﬂli
2616 3742 2713 3806 mi,
2754 3758 2879 3798 cum
2915 3743 3100 3798 cordis
3128 3742 3439 3808 afﬂictione,
3477 3758 3601 3797 cum

2022 3830 2279 3903 lacrymis
2315 3835 2658 3904 scripsimus,
2692 3835 2783 3890 illa
2821 3836 2982 3892 hodie
3022 3847 3300 3907 gementes
3330 3846 3385 3890 et
3414 3836 3605 3889 ﬂentes

2024 3925 2204 3979 denuo
2236 3926 2552 3983 scribimus.
2603 3929 2890 3994 Quomodo
2939 3944 3176 4000 namque
3216 3944 3324 3985 non
3375 3929 3606 4000 lugebo?

2025 4016 2309 4082 Quomodo
2340 4034 2446 4074 non
2472 4020 2812 4091 lacrymabor
2844 4037 2946 4077 nec
2972 4023 3204 4092 afﬂigar,
3242 4022 3464 4079 humilis
3514 4022 3606 4078 ille

2024 4122 2125 4173 ego
2153 4107 2246 4176 qui
2282 4106 2391 4161 Deo
2423 4109 2760 4173 ministrare,
2792 4126 2890 4180 per
2930 4122 3063 4182 quot
3092 4113 3326 4181 gemitus
3356 4114 3460 4166 scit
3491 4112 3602 4176 ille,

2024 4197 2217 4267 dignus
2246 4212 2367 4252 sum
2400 4200 2638 4265 habitus,
2673 4216 2797 4256 cum
2830 4203 3013 4257 nullus
3052 4205 3211 4270 alius,
3260 4222 3368 4259 non
3422 4206 3601 4261 solum

2026 4289 2080 4342 in
2109 4289 2241 4343 urbe
2266 4299 2659 4356 commoratus,
2693 4291 2788 4347 sed
2811 4292 2974 4345 etiam
2998 4294 3067 4347 ab
3110 4294 3395 4349 hominum
3422 4298 3602 4351 socie-

2026 4390 2133 4436 tate
2156 4381 2494 4436 discretuset
2543 4383 2595 4436 in
2642 4370 3059 4439 monte‘aut’in
3110 4385 3326 4440 deserto
3375 4387 3597 4454 degens,

2025 4474 2239 4528 auditis
2258 4489 2378 4543 qua:
2398 4474 2548 4529 hisce
2567 4477 2906 4545 temporibus
2932 4476 3266 4543 acciderunt,
3299 4493 3404 4531 non
3437 4477 3600 4547 pollet

333 4549 395 4598 ἐν
454 4548 568 4606 τοῖς
615 4546 851 4614 παροῦσι
904 4547 1276 4617 συμπέπτωκε
1328 4551 1561 4619 καιροῖς,
1607 4551 1666 4603 οὑ
1692 4549 1915 4602 δύναται

2031 4566 2140 4620 sine
2168 4566 2426 4637 lacrymis
2454 4567 2766 4622 istiusmodi
2789 4568 2988 4623 famam
3017 4570 3303 4638 accipere?
3323 4571 3599 4639 quomodo

333 4637 510 4708 χωρὶς
573 4637 828 4707 δακρύων
876 4639 978 4707 τήν
1035 4640 1205 4712 ἀκοὴν
1247 4640 1654 4706 ὑποδέξασθαι;
1696 4641 1812 4703 πῶς
1852 4640 1913 4693 οὑ

334 4728 617 4799 δακρύσω,
663 4732 792 4783 ὅταν
853 4731 996 4804 λυπῇ
1044 4733 1142 4803 μὲν
1195 4736 1264 4787 τά
1305 4733 1612 4805 πράγματα
1661 4733 1792 4786 Θεὸν
1824 4733 1917 4787 τὸν

335 4821 447 4874 τῶν
468 4822 652 4876 καλῶν
676 4826 873 4889 αἴτιον,
904 4826 1174 4899 εὐφραίνῃ
1204 4827 1261 4879 δὲ
1291 4826 1382 4879 τὸν
1414 4826 1633 4895 πατέρα
1664 4827 1765 4896 τῆς
1820 4842 1919 4878 κα-

336 4916 484 4977 κῐας,
528 4916 736 4969 καὶτὸν
764 4918 1101 4988 δημιουργὸν
1131 4919 1239 4974 τῶν
1274 4919 1591 4973 σκανδάλων
1619 4918 1869 4972 διάϐολον
1899 4935 1913 4983 ;

336 5009 409 5061 Ἥ
442 5009 546 5061 οὑκ
580 5010 719 5074 ἔστι,
765 5012 953 5065 τέκνον
996 5013 1150 5083 ἐμὸν,
1189 5014 1492 5069 σκάνδαλον
1530 5014 1917 5085 χαλεπώτατον

332 5102 365 5170 ἠ
392 5100 492 5155 νῦν
521 5104 868 5175 γεγενημένη
908 5106 1112 5176 μεταξὺ
1149 5106 1437 5178 Ῥωμαίων
1466 5109 1562 5161 καὶ
1585 5108 1914 5179 Βουλγάρων

330 5196 458 5249 ἀντὶ
487 5199 585 5264 τῆς
617 5195 828 5265 φιλίας,
862 5197 983 5250 ἀντὶ
1006 5200 1105 5267 τῆς
1133 5201 1376 5270 εἰρήνης,
1402 5202 1522 5254 ἀντὶ
1545 5201 1641 5271 τῆς
1667 5200 1914 5262 ἐνώσεως

332 5286 507 5356 ἔχθρα
537 5287 637 5339 καὶ
663 5288 947 5347 διάστασις
983 5292 1077 5342 καὶ
1108 5290 1403 5362 δυσμένεια
1429 5311 1443 5359 ;
1485 5291 1594 5346 Ἦν
1626 5311 1757 5347 ποτε
1790 5311 1913 5348 και-

331 5378 427 5446 ρὸς
459 5379 548 5431 ὅτε
581 5379 852 5433 διίσταντο
903 5381 1167 5449 Ῥωμαῖοι
1186 5386 1279 5436 καὶ
1306 5384 1625 5455 Βοὺλγαροι.
1654 5387 1743 5441 ὅτε
1776 5389 1913 5457 πρὸς

328 5468 597 5539 ἀλλήλους
615 5472 738 5541 μεθ’
764 5473 945 5528 ὅπλων
970 5475 1236 5546 ἐπῄεσαν,
1262 5476 1683 5548 διατειχίζοντος
1716 5482 1912 5542 αὐτοὺς

329 5559 423 5613 τοῦ
481 5568 801 5635 μεσοτοῑχου
847 5567 949 5635 τῆς
993 5567 1217 5640 ἔχθρας,
1270 5568 1297 5621 ὃ
1339 5570 1370 5638 ή
1411 5572 1717 5643 κατέχουσα
1768 5574 1911 5642 ὑμᾶς

332 5651 557 5706 ἀσέϐεια
593 5656 867 5709 ὑπέϐαλεν
891 5674 905 5689 ’
943 5658 1078 5713 Θεοῦ
1122 5659 1178 5713 δέ
1204 5660 1295 5713 τοῦ
1326 5660 1418 5713 τὸν
1460 5662 1666 5731 κόσμον
1695 5666 1911 5733 ἀγαπή-

338 5759 552 5811 σαντος,
584 5746 677 5799 τοῦ
707 5749 768 5800 τὸ
798 5752 999 5804 οἰκεῖον
1031 5754 1258 5824 πλάσμα
1301 5752 1390 5806 διὰ
1425 5753 1517 5806 τοῦ
1550 5757 1782 5825 σταυροῦ
1817 5755 1910 5808 καὶ

335 5834 430 5889 τοῦ
475 5836 708 5893 Θανάτου
739 5843 830 5896 τοῦ
867 5842 995 5897 Υίοῦ
1032 5846 1194 5900 αὑτοῦ
1248 5848 1382 5915 πρὸς
1431 5848 1623 5901 ἑαυτὸν
1656 5852 1911 5919 ἐπιστρέ-

2023 4672 2127 4711 non
2181 4656 2363 4723 ﬂebo,
2433 4673 2557 4712 cum
2637 4674 2758 4727 qua-
2806 4670 3039 4729 aguntur
3090 4659 3262 4715 Deum
3333 4662 3596 4716 bonorum

2022 4748 2265 4802 inutilium
2298 4764 2522 4805 causam
2563 4752 2911 4818 contristant,
2948 4763 3157 4817 patrem
3214 4761 3394 4808 autem
3438 4754 3598 4806 mali-

2022 4841 2128 4897 tiae.
2152 4842 2647 4912 scandalorumque
2676 4843 2939 4898 artificem
2971 4844 3248 4899 diabolum
3283 4844 3597 4899 delectant?

2021 4928 2236 4997 Nonne,
2293 4947 2503 5021 quaeso,
2562 4934 2679 5001 tili,
2729 4934 3465 5005 scandalorurmpessimum
3512 4944 3597 4988 est

2018 5033 2208 5078 exorta
2250 5024 2391 5079 inter
2432 5023 2710 5080 Romanos
2740 5034 2793 5081 et
2826 5026 3112 5097 Bulgaros,
3167 5027 3286 5079 loco
3315 5025 3593 5087 amicitiae,

2018 5114 2141 5167 loco
2162 5115 2337 5184 pacis,
2372 5115 2492 5170 loco
2522 5116 2767 5183 unionis,
2794 5117 3103 5180 inimicitia,
3130 5117 3404 5173 discordia
3428 5124 3593 5186 atque

2016 5208 2247 5262 odium?
2308 5206 2545 5277 Tempus
2616 5204 2744 5263 olim
2807 5211 2908 5265 fuit
2962 5226 3087 5266 cum
3154 5209 3595 5279 disjungerentur

2016 5300 2250 5355 Romani
2279 5314 2343 5354 ac
2365 5299 2603 5371 Bulgari,
2657 5318 2891 5371 cumque
2913 5305 3082 5358 armis
3105 5303 3592 5371 congrederentur,
3632 5376 3636 5382 _

2018 5391 2141 5447 illos
2180 5403 2466 5460 separante
2489 5395 2694 5464 pariete
2736 5395 3035 5450 inimicitiae
3091 5409 3254 5463 quem
3300 5394 3592 5465 interiece-

2018 5488 2104 5533 rat
2150 5479 2396 5549 impietas
2452 5497 2558 5551 qua
2609 5482 3029 5547 detinebamini;
3075 5490 3363 5554 postquam
3406 5497 3588 5541 autem

2016 5571 2162 5626 Deus
2187 5572 2450 5627 mundum
2486 5573 2758 5637 dilexerit,
2786 5582 3206 5645 creaturamque
3240 5592 3394 5632 suam
3425 5592 3589 5632 cruce

2015 5675 2067 5720 et
2109 5676 2282 5720 morte
2339 5664 2457 5718 Filii
2506 5667 2590 5721 sui
2649 5666 2751 5721 sibi
2798 5666 3256 5737 reconciliaverit,
3293 5682 3466 5740 atque.
3496 5684 3591 5724 vos

2017 5759 2327 5814 illuminare
2361 5758 2563 5813 lumine
2591 5759 2920 5830 cognitionis
2948 5777 3061 5817 sua:
3112 5763 3273 5819 fuerit
3308 5763 3585 5833 dignatus,

2018 5855 2304 5921 soluteque
2358 5850 2655 5907 inimicitia:
2689 5854 2932 5923 pariete,
2978 5870 3074 5912 vos
3128 5856 3193 5911 ad
3250 5856 3430 5925 gloria:
3473 5871 3585 5911 sua:
