3996 6208
418 325 487 384 63
1549 329 1858 390 NICOLAI
1904 332 2015 395 cr.
2051 333 2554 396 ramuncna
3397 324 3401 328 ’
3618 349 3684 410 si

421 451 602 504 luincn
634 444 908 501 vocaverit
928 461 991 500 ac.
1011 460 1135 500 cum
1167 445 1450 508 Romanis,
1498 448 1642 501 sicut
1675 447 1799 509 fide,
1836 448 1911 501 ita
1946 456 2000 502 et

2114 450 2322 520 ζκαντος,
2347 453 2443 506 καὶ
2473 454 2619 521 ὑμᾶς
2650 453 3023 526 ἐλλαμφθῆναι
3048 461 3140 542 τῷν
3159 460 3300 527 φωτὶ
3323 461 3426 533 -τῆς
3452 461 3680 531 ἐπιγνιῢ.

419 542 688 597 charitate
713 539 1084 608 conjuuxerit,
1105 548 1286 593 amota
1312 549 1394 592 est
1430 539 1738 599 inimicitia,
1765 541 2004 594 cessavit

420 647 704 686 armorum
733 631 1054 699 congressio
1082 641 1134 684 et
1155 630 1442 684 discordia:
1472 630 1740 684 successit
1771 630 2009 694 dilectio,

421 724 662 793 unioque
691 738 757 778 ac
781 731 968 776 mutua
1003 721 1369 776 necessitudo.

2111 559 2250 604 σεως
2281 541 2447 596 αὐτοῦ
2481 543 2902 612 εὐδοκήσαντος,
2940 551 3033 599 καὶ
3058 548 3465 613 καταλύσαντος
3504 552 3604 617 μὲν
3627 559 3686 604 τὸ

2111 633 2432 702 μεσότοιχον
2479 634 2579 702 τῆς
2632 633 2852 704 ἔχθρας,
2907 639 3389 709 προσκεκληκότος
3435 642 3495 694 δέ
3544 642 3686 712 ὑμᾶς

2107 719 2188 780 είς
2217 717 2308 770 τὸν
2338 721 2620 789 φωτισμὸν
2652 721 2751 790 τῆς
2779 721 2938 793 δόξης
2984 725 3174 792 αὐτοῦ,
3218 727 3314 780 καὶ
3349 729 3687 798 συνάψαντος

426 819 723 888 Ῥωμαίοις
773 815 964 885 ὥσπερ
1003 817 1069 885 τῇ
1112 815 1319 874 πίστει.
1359 813 1534 876 οὕτως
1569 815 1663 868 καὶ
1689 816 1756 882 τῇ
1819 813 2033 884 ἀγάπῃ,
2075 812 2394 880 κατήργητο
2454 811 2614 882 μὲνὴ
2662 813 2856 883 ἔχθρα,
2924 814 3179 869 πέπαυτο
3212 818 3270 871 δὲ
3295 819 3406 874 τῶν
3439 822 3684 895 ὄπλωνή

419 915 650 983 κίνησις,
686 913 779 965 καὶ
814 911 911 980 τὴν
939 911 1226 965 διάστασιν
1262 911 1294 981 η
1326 911 1536 979 ἀγάπη,
1572 908 1668 961 καὶ
1699 911 1730 979 ἡ
1773 908 1989 972 ἓνωσις,
2033 909 2185 977 καὶὴ
2223 906 2359 976 πρὸς
2392 906 2661 978 ἀλλήλους
2721 908 3004 973 οἰκείωσις
3034 910 3327 982 διεδέχετο.

488 1036 644 1089 Nunc
697 1043 878 1087 autem
920 1033 1094 1103 quid?
1143 1032 1292 1087 Eheu
1338 1033 1553 1087 scelesti
1589 1030 1854 1086 daemonis
1882 1045 2000 1084 ma-

419 1127 678 1195 lignitasl
713 1135 835 1196 post
857 1136 966 1180 tam
998 1126 1220 1193 longum
1253 1126 1514 1194 temporis
1556 1125 1767 1194 lapsum
1790 1139 1854 1178 ex
1892 1139 2003 1193 quo

423 1229 627 1273 tantam
683 1219 976 1288 accepistis
1014 1219 1266 1286 gratiam,
1328 1226 1450 1286 post
1515 1226 1624 1272 tam
1687 1217 1999 1272 diuturnam

423 1311 769 1373 charitatem,
828 1318 951 1380 post
991 1319 1099 1364 tam
1138 1311 1421 1379 antiquam
1469 1309 1793 1370 amicitiam,
1849 1323 2008 1362 occa-

421 1404 632 1458 sionem
673 1413 870 1458 nactus
903 1402 1148 1458 nefarius
1181 1404 1420 1466 daemon,
1476 1402 1780 1458 discordias
1825 1401 2008 1456 denuo

419 1506 476 1551 et
539 1496 881 1551 inimicitiam
934 1513 1034 1568 pro
1086 1497 1328 1551 amicitia
1403 1505 1458 1550 et
1519 1497 1721 1550 unione
1777 1495 2008 1550 immisit

424 1605 525 1645 nec
559 1590 767 1645 veritus
803 1599 908 1654 est,
943 1590 996 1642 in
1023 1599 1288 1658 quantum
1329 1591 1379 1642 in
1409 1603 1475 1643 eo
1507 1587 1626 1650 fuit,
1658 1587 2010 1642 sceleratissi-

427 1697 548 1738 mus
609 1681 700 1736 ille
753 1689 962 1736 tantum
1029 1680 1124 1735 Dei
1180 1697 1320 1751 opus
1368 1680 1743 1735 Romanorum
1799 1680 2006 1734 scilicet

422 1775 896 1844 liulgarorumque
924 1774 1181 1829 unionem
1203 1783 1484 1837 evertere;
1531 1789 1707 1841 neque
1741 1772 2002 1840 temporis
2029 1744 2078 1804 Β

422 1869 836 1924 diuturnitatem
871 1883 1046 1938 neque
1079 1867 1365 1936 utriusque
1393 1867 1586 1936 gentis.
1614 1875 1672 1920 ut
1697 1867 1776 1920 ita
1801 1866 1999 1927 dicam,

423 1961 862 2018 commistionrm
897 1969 1007 2015 tam
1065 1969 1303 2015 veterem
1347 1961 1590 2021 erubuit.
1651 1959 1744 2014 sed
1793 1959 2004 2028 cupivit

423 2055 684 2124 cupitque
714 2053 780 2108 ad
813 2052 1050 2108 nihilum
1085 2053 1376 2119 deducere,
1401 2063 1455 2107 et
1501 2051 1727 2120 insuper
1751 2051 1816 2103 ad
1856 2051 2000 2103 illam

422 2145 828 2211 crudelitatem,
881 2161 986 2214 qua
1045 2145 1367 2207 delectatur,
1415 2154 1469 2199 et
1515 2144 1675 2212 cuius
1723 2146 1877 2212 pater
1923 2152 2007 2196 est

423 2237 703 2294 Romanos
726 2243 791 2293 ac
821 2238 1086 2308 Bulgaros
1123 2238 1298 2301 ciens,
1342 2237 1552 2291 felicem
1592 2235 1738 2290 illam
1775 2250 1837 2288 ac
1866 2233 2035 2302 divi:

424 2346 551 2388 nam
605 2331 912 2387 dissolvere
955 2332 1302 2386 amicitiam:
1352 2339 1471 2399 quae
1511 2329 1716 2393 omnia,
1779 2329 1851 2382 fili
1908 2327 2004 2389 mi,

422 2421 629 2478 doloris
683 2423 926 2494 quotidie
981 2439 1146 2478 causa
1181 2424 1312 2478 mihi
1348 2431 1466 2487 est;
1535 2423 1801 2493 Iacrymas
1871 2419 2004 2473 inihi

424 2530 616 2585 partem
645 2515 885 2570 efficiunt
912 2535 926 2580 ;
951 2525 1286 2586 quapropter
1326 2513 1436 2584 jam
1467 2516 1615 2580 prius
1647 2524 1698 2566 te
1724 2513 2004 2572 hortabar.

423 2615 478 2658 te
542 2605 1042 2682 reprehendebam,
1101 2605 1506 2674 suadebamque
1557 2604 1651 2656 tibi
1709 2611 1770 2656 ut
1829 2603 1895 2655 ad
1960 2611 2009 2654 te

421 2695 599 2765 ipsum
635 2696 986 2750 revertereris
1009 2705 1060 2749 ct
1092 2710 1413 2750 communes
1433 2708 1650 2747 arceres
1673 2692 2011 2746 calamitates

421 2801 558 2856 quas
591 2801 813 2841 necesse
863 2794 948 2839 est
983 2786 1261 2838 Romanos
1297 2793 1458 2852 atque
1492 2783 1752 2851 Bulgaros
1781 2797 1845 2835 ex
1891 2781 2010 2834 istis

423 2878 732 2932 inimicitiis
795 2885 961 2944 atque
1017 2875 1307 2929 discordiis
1381 2875 1668 2938 invadere;
1737 2882 1790 2927 et
1866 2887 2010 2926 nunc

421 2969 608 3022 eadem
641 2969 844 3023 suadeo
879 2977 1042 3036 atque
1090 2969 1371 3032 exhortor,
1403 2967 1478 3020 fili
1511 2966 1616 3033 mi;
1660 2965 2010 3021 reminiscere

423 3059 721 3114 Dominicaz
790 3060 1243 3114 exhortationis:
1311 3077 1330 3110 ι
1386 3059 1488 3125 Qui
1561 3057 2009 3112 scandalizaverit

425 3169 591 3208 unum
624 3169 688 3206 ex
741 3154 825 3209 his
879 3154 1111 3223 pusillis,
1149 3153 1366 3223 expedit
1392 3153 1439 3206 ei
1477 3161 1534 3205 ut
1579 3151 1722 3205 mola
1768 3150 2006 3204 asinaria

422 3246 566 3299 collo
610 3245 732 3314 ejus
761 3247 1130 3314 suspendatur
1173 3253 1228 3300 et
1275 3245 1331 3298 in
1384 3259 1535 3298 mare
1584 3243 1875 3312 deiiciatur
1898 3243 1939 3297 ³.
1985 3261 2006 3293 ι

421 3337 692 3393 Accurate
747 3323 1030 3393 causidera
1085 3355 1098 3391 :
1154 3338 1198 3391 si
1255 3336 1645 3392 scandalizanti
1721 3351 1887 3388 unum
1943 3349 2010 3388 ex

422 3428 640 3498 pusillis
705 3429 779 3481 ita
824 3427 1066 3495 expedit,
1096 3427 1220 3494 quid
1248 3427 1314 3480 de
1349 3427 1439 3479 tali
1475 3442 1537 3478 ac
1569 3434 1718 3478 tanto
1753 3425 2012 3478 scandala

422 3519 688 3582 dicemus,
719 3518 862 3587 quod
892 3525 1103 3570 nonest
1136 3516 1201 3570 ad
1236 3532 1426 3582 unum,
1453 3532 1628 3584 neque
1656 3515 1722 3568 ad
1745 3516 2010 3584 quinque,

425 3618 522 3664 aut
573 3608 781 3670 decem,
838 3616 934 3661 aut
1008 3617 1253 3670 centum,
1309 3608 1402 3660 sed
1440 3606 1506 3660 ad
1562 3606 2010 3660 innumerabilem

425 3701 874 3756 multitudinem?
923 3716 1101 3769 neque
1141 3700 1206 3753 ad
1238 3699 1478 3768 aliquem
1535 3699 1789 3768 ptisilluiu
1821 3700 1914 3752 sed
1947 3698 2014 3752 ad

426 3794 719 3864 imperium
773 3794 922 3848 omni
981 3793 1227 3847 terrestri
1291 3802 1564 3862 potestate
1613 3792 2016 3872 sublimiorem,

426 3903 588 3958 quam
619 3887 836 3942 unicam
870 3887 1276 3943 universorum.
1315 3886 1426 3942 Rex
1449 3886 1513 3938 .in
1544 3894 1684 3940 terra
1715 3886 2014 3946 stabilivit;

425 3979 738 4045 considera,
788 3980 862 4034 ﬁli
917 3981 1011 4044 mi,
1057 3980 1345 4048 cuiusnam
1398 3981 1470 4034 sit
1516 3995 1697 4034 sermo
1735 3979 1846 4034 ille.
1897 3977 2016 4032 Non

424 4074 652 4143 angelus
700 4073 858 4137 dixit,
911 4089 1017 4127 non
1071 4073 1266 4140 aliquis
1312 4073 1594 4126 hominum
1649 4074 1866 4127 illorum
1919 4071 2014 4141 qui

423 4165 521 4219 Dei
571 4167 743 4236 gratia
792 4166 1090 4235 locupletes
1143 4174 1292 4230 sunt,
1361 4182 1467 4219 non
1547 4167 1854 4235 apostolus.
1908 4180 2013 4232 non

423 4258 711 4328 propheta,
744 4256 841 4312 sed
882 4257 971 4312 ille
1022 4258 1138 4326 ipse
1164 4258 1255 4326 qui
1316 4273 1536 4311 omnem
1590 4268 1894 4311 creaturam
1950 4255 2016 4308 ad

425 4339 828 4424 formidandum
865 4367 1025 4405 suum
1091 4352 1329 4404 tribunal
1370 4360 1454 4403 est
1494 4360 1826 4412 coacturus;
1867 4348 2014 4400 illam

2177 1026 2293 1082 Νὖν
2319 1028 2376 1081 δὲ
2413 1027 2469 1080 τί
2494 1045 2508 1092 ;
2538 1026 2646 1081 Φεῦ
2691 1029 2797 1099 τῆς
2845 1030 2940 1083 τοῦ
2980 1034 3221 1103 πονηροῦ
3254 1036 3511 1106 δαίμονος
3553 1044 3688 1111 ἐπη-

2111 1121 2260 1190 ρείας
2287 1123 2310 1173 ί
2368 1121 2507 1190 μετὰ
2542 1123 2818 1176 τοσούτων
2847 1124 3057 1194 χρόνων
3105 1128 3462 1196 παρέλευσιν,
3499 1133 3592 1200 ἀφ’
3627 1131 3688 1188 οὗ

2107 1213 2204 1276 τῆς
2237 1211 2494 1280 τοιαύτης
2523 1211 2795 1283 ἠξιώθητε
2825 1217 3070 1286 χάριτος,
3096 1217 3235 1284 μετὰ
3265 1223 3482 1290 μακρὰν
3513 1223 3687 1288 οὕτως

2107 1301 2356 1370 ἀγάπην,
2389 1303 2528 1372 μετὰ
2554 1303 2747 1356 πολιὰν
2773 1303 2947 1367 οὕτως
2974 1307 3179 1375 φιλίαν,
3206 1309 3393 1382 χώραν
3434 1315 3684 1387 εὑρηκὼς

2106 1393 2135 1444 ὁ
2161 1394 2397 1465 πονηρὸς
2424 1395 2656 1464 δαίμων,
2712 1396 2878 1450 πάλιν
2913 1397 3223 1464 διάστασιν,
3265 1401 3433 1456 πάλιν
3481 1405 3686 1479 ἔχθραν

2111 1486 2234 1540 ἀντὶ
2261 1487 2361 1556 τῆς
2390 1487 2577 1555 φιλίας
2635 1490 2731 1541 καὶ
2760 1492 2863 1559 τῆς
2918 1491 3171 1558 ἐνότητος
3201 1494 3560 1565 ἐπεισήγαγε,
3593 1501 3689 1551 καί

2105 1578 2208 1631 οὐκ
2270 1578 2494 1648 ἔφριξεν
2541 1578 2572 1630 ὁ
2606 1581 2930 1650 παμμίαρος
2963 1582 3087 1635 ὅσον
3137 1584 3222 1635 ἐπ’
3262 1585 3408 1656 αὑτῷ
3437 1587 3689 1642 τοσοῦτον

2105 1669 2270 1740 ἔργον
2301 1669 2439 1723 Θεοῦ
2488 1670 2588 1740 τῆς
2619 1671 2915 1738 Ῥωμαίων
2948 1672 3045 1725 καὶ
3093 1673 3414 1746 Βουλγάρων
3441 1676 3687 1743 ἐνὼσεως

2106 1761 2403 1815 καταλύειν
2433 1763 2754 1832 ἐπιχειρεῖν.
2796 1763 2932 1817 Οὐδὲ
2970 1765 3062 1817 τὸν
3102 1766 3292 1835 χρόνον
3333 1767 3688 1842 ἐδυσωπήθη,

2104 1846 2227 1909 ούδέ
2249 1856 2350 1924 τὴν
2376 1856 2568 1926 ῶσπερ
2602 1857 2907 1928 ἀνάκρασιν
2955 1860 3020 1912 ἐκ
3056 1861 3314 1915 τοσούτου
3343 1864 3540 1933 χρόνου
3577 1869 3688 1937 ἀμ-

2106 1949 2354 2018 φοτέρων
2391 1949 2500 2002 τῶν
2529 1949 2726 2012 ἐθνῶν,
2751 1950 2867 2003 ἀλλ’
2895 1952 3278 2023 ἐφιλονείκησε
3330 1957 3423 2008 καὶ
3456 1957 3689 2025 φιλονει-

2106 2043 2196 2094 κεῐ
2224 2040 2401 2095 ταῦτα
2437 2041 2537 2111 μὲν
2556 2041 2689 2112 παρ’
2716 2043 2870 2096 οὐδὲν
2904 2043 3116 2109 θέσθαι,
3147 2048 3284 2112 πρὸς
3308 2048 3369 2102 δέ
3400 2049 3499 2119 τὴν
3529 2050 3690 2120 φίλην

2107 2131 2256 2201 αὐτῷ
2295 2131 2647 2200 δυσμένειαν,
2684 2132 2780 2186 καὶ
2817 2128 2884 2204 ἧς
2916 2133 3082 2196 αὐτὸς
3105 2135 3447 2205 ἐχρημάτισε
3483 2138 3690 2209 πατὴρ,

2122 2223 2428 2294 Ῥωμαίους
2461 2225 2559 2278 καὶ
2616 2225 2966 2295 Βουλγάρους
3013 2228 3354 2300 συγκρούων,
3389 2232 3488 2298 τὴν
3515 2249 3694 2300 μακα-

2111 2316 2234 2386 ρίαν
2300 2316 2395 2369 καὶ
2448 2315 2698 2370 θεοποιὸν
2750 2318 2990 2370 διαλύειν
3044 2321 3292 2391 ἀγάπην.
3341 2321 3526 2375 Ταῦτά
3579 2340 3690 2388 μοι,

2108 2410 2300 2462 τέκνον
2328 2410 2487 2479 ἐμὸν,
2520 2410 2754 2474 πένθους
2801 2411 2928 2464 καθ’
2983 2413 3224 2483 ἑκάστην
3256 2413 3517 2476 ὑπόθεσις
3546 2415 3693 2482 γίνε-

2109 2518 2238 2553 ται·
2264 2501 2441 2555 ταῦτά
2493 2520 2585 2574 μοι
2641 2502 2809 2571 ἄρτον
2836 2503 2902 2555 τὰ
2932 2504 3145 2572 δάκρυα
3195 2507 3360 2558 ποιεῖ.
3396 2505 3493 2557 Διὰ
3537 2505 3692 2557 τοῦτο

2110 2595 2208 2646 καὶ
2262 2595 2530 2666 πρότερον
2572 2595 2876 2667 παρῄνουν,
2927 2597 3285 2662 ἐδυσώπουν,
3345 2597 3691 2668 παρεκάλουν

2115 2687 2347 2740 σεαυτοῦ
2374 2687 2654 2754 γενέσθαι,
2689 2692 2784 2742 καὶ
2811 2689 3103 2755 φείσασθαι
3132 2691 3189 2742 δὲ
3220 2691 3311 2743 καὶ
3349 2690 3457 2742 τῶν
3499 2692 3692 2743 κοινῶν

2115 2777 2432 2850 συμφορῶν,
2463 2780 2596 2842 ὅσας
2617 2779 2834 2850 ἀνάγκη
2874 2782 3184 2851 Ῥωμαίους
3221 2783 3314 2834 καὶ
3348 2782 3691 2853 Βουλγάρους

2113 2871 2179 2923 ἐκ
2208 2871 2306 2940 τῆς
2345 2872 2606 2941 τοιαύτης
2647 2873 2848 2944 ἔχθρας
2885 2877 2982 2928 καὶ
3035 2877 3375 2938 διαστάσεως
3427 2878 3695 2941 συναντήο

2116 2977 2230 3016 σειν
2250 2977 2265 2993 ο
2290 2964 2384 3015 καὶ
2413 2963 2508 3015 νῦν
2527 2964 2582 3016 δὲ
2611 2967 2677 3017 τὰ
2708 2966 2871 3034 ὃμοια
2890 2967 2986 3019 καὶ
3013 2969 3268 3036 παραινῶ
3305 2969 3399 3020 καὶ
3431 2968 3688 3031 δυσωπῶ,

2113 3054 2302 3108 τέκνον
2340 3057 2472 3124 ἐμόν
2499 3074 2513 3089 θ
2549 3058 2933 3128 ἀναμνήσθητι
2968 3061 3070 3128 τῆς
3099 3061 3195 3112 τοῦ
3232 3061 3439 3128 Κυρίου
3481 3077 3692 3129 παραι-

2114 3146 2338 3209 νέσεως,
2383 3147 2449 3217 ἢν
2476 3149 2684 3212 ἐκεῖνος
2751 3167 2907 3218 φησι,
2969 3168 2986 3201 ι
3027 3151 3308 3219 Συμφέρει
3343 3150 3419 3221 τῷ
3466 3152 3696 3203 σκανδα-

2113 3236 2323 3299 λίζοντι
2372 3238 2471 3292 ἕνα
2524 3241 2635 3292 τῶν
2684 3240 2918 3311 μικρῶν,
2985 3241 3151 3310 μύλον
3210 3241 3394 3293 ὀνικδν
3447 3240 3695 3294 δεδέσθαι

2093 3332 2246 3401 “napi.
2281 3331 2374 3383 τὸν
2403 3331 2698 3402 τράχηλον,
2722 3333 2818 3386 καὶ
2848 3334 2926 3396 είς
2949 3333 3048 3405 τὴν
3070 3334 3352 3388 θάλασσαν
3380 3334 3692 3405 ἐρῤίφθαι.»

2119 3422 2363 3492 Πρόσχες
2399 3426 2705 3493 νουνεχῶς·
2751 3427 2798 3478 εί
2856 3426 2934 3496 τῷ
2982 3427 3393 3490 σκανδαλίζοντι
3437 3427 3533 3478 ἕνα
3587 3426 3697 3478 τῶν

2120 3515 2334 3584 μικρῶν
2361 3514 2518 3568 τοῦτο
2551 3517 2844 3590 συμφέρει,
2879 3518 2932 3569 τί
2971 3517 3208 3588 ἐροῦμεν
3257 3521 3386 3589 περὶ
3435 3519 3696 3571 τοσούτου

2119 3608 2415 3660 σκανδάλου
2439 3608 2466 3661 ὃ
2497 3609 2556 3661 οὐ
2585 3609 2720 3680 πρὸς
2750 3610 2846 3662 ἕνα
2889 3610 3176 3676 διαϐαίνει,
3204 3612 3324 3665 οὐδὲ
3361 3613 3497 3683 πρὸς
3534 3617 3697 3665 πέντε

2119 3697 2211 3749 καὶ
2232 3696 2364 3748 δέκα
2392 3698 2488 3750 καὶ
2520 3699 2738 3765 ἑκατὸν,
2769 3701 2906 3754 ἀλλὰ
2933 3702 3016 3764 τίς
3057 3702 3122 3755 ἂν
3149 3703 3446 3775 ἀριθμησοι
3477 3704 3534 3756 τὸ
3562 3703 3702 3770 πλῆ-

2119 3785 2246 3849 θος;
2283 3787 2402 3839 οὐδὲ
2435 3788 2570 3856 πρός
2608 3807 2728 3842 τινα
2785 3792 2894 3844 τῶν
2937 3794 3175 3862 μικρῶν,
3212 3795 3346 3848 ἀλλὰ
3375 3796 3509 3866 πρὸς
3542 3795 3700 3864 βασι-

2118 3877 2270 3932 λείαν
2291 3879 2390 3949 τὴν
2435 3880 2623 3933 ἐπάνω
2658 3883 2838 3954 πάσης
2881 3886 3129 3952 ἐπιγείου
3170 3887 3380 3956 ἀρχῆς,
3427 3891 3493 3955 ἣν
3529 3888 3700 3958 μόνην

2120 3972 2178 4024 ἐν
2197 3973 2264 4042 γῇ
2294 3971 2323 4022 ὁ
2351 3973 2444 4026 τοῦ
2481 3976 2682 4040 παντὸς
2716 3977 2884 4048 ἔπηξε
2921 3979 3198 4048 βασιλεύς.
3254 3981 3480 4045 Ἐννόει,
3508 3982 3698 4035 τέκνον

2121 4067 2300 4136 ἡμῶν,
2337 4068 2486 4131 τίνος
2520 4073 2548 4123 ὁ
2576 4070 2731 4138 λόγος
2753 4089 2768 4104 ·
2802 4075 2903 4127 οὐκ
2934 4075 3165 4141 ἄγγελος
3189 4075 3359 4128 ταῦτα
3387 4075 3564 4143 λέγει,
3594 4077 3698 4130 οὐκ

2120 4158 2407 4228 ἄνθρωπός
2463 4177 2550 4224 τις
2593 4162 2704 4214 τῶν
2749 4163 2912 4234 χάριν
2962 4164 3112 4216 θείαν
3160 4164 3557 4228 πλουτούντων,
3595 4167 3698 4216 οὐκ

2121 4253 2440 4317 ἀπόστολος,
2471 4255 2530 4306 οὺ
2565 4257 2878 4325 προφήτης,
2915 4257 3029 4308 ἀλλ’
3065 4258 3229 4320 αὐτὸς
3275 4259 3302 4309 ὁ
3357 4257 3567 4324 μέλλων
3592 4257 3700 4309 πᾶν

2120 4345 2182 4397 τὸ
2235 4345 2467 4416 πλάσμα
2523 4351 2901 4416 συναγαγεῖν,
2958 4350 3049 4402 καὶ
3104 4349 3181 4419 τῷ
3239 4349 3434 4402 ἑαυτοῦ
3487 4348 3700 4420 φρικτῷ

424 4443 558 4496 mihi
603 4451 798 4511 reputa
862 4443 1075 4502 horam,
1133 4457 1257 4494 cum
1319 4441 1619 4508 prmmissis
1689 4440 1775 4492 his
1827 4439 2010 4492 dictis.

2124 4436 2328 4506 βήματι
2393 4440 2774 4508 παραστῆσαι.
2825 4440 3074 4509 Ἐκείνην
3109 4441 3434 4508 ἀναλογίζου
3473 4459 3560 4511 μοι
3599 4439 3700 4510 τὴν

429 4535 618 4602 ingens
649 4533 782 4587 illud
811 4533 1130 4587 scandalum
1161 4532 1214 4584 in
1251 4547 1350 4584 sua
1388 4530 1608 4598 justitia
1641 4529 2011 4594 examinabit;

427 4625 558 4694 quid
614 4634 746 4678 tunc
803 4624 1088 4678 dicemus?
1148 4639 1271 4692 qua:
1332 4623 1436 4676 erit
1486 4621 1733 4678 defensio
1792 4622 2020 4676 nostra?

427 4732 590 4788 quam
623 4716 1035 4770 excusationem
1086 4717 1478 4786 protendemus
1523 4717 1588 4770 ad
1643 4715 2014 4785 repellendam

434 4809 724 4864 terrificam
757 4808 1128 4862 sententiam?
1177 4817 1462 4877 praeterea,
1496 4808 1541 4862 si
1588 4807 1912 4876 praemiserit
1957 4816 2011 4861 et

431 4895 605 4958 illud:
651 4921 669 4952 ι
715 4900 856 4967 Quid
892 4901 1111 4968 prodest
1161 4899 1368 4954 homini
1401 4899 1445 4953 si
1499 4899 1812 4952 universum
1852 4914 2012 4951 muu-

429 4997 558 5050 dum
589 4994 854 5055 lucretur,
881 4993 1078 5046 animae
1105 5008 1234 5045 vero
1262 5009 1374 5046 sua:
1417 4992 1803 5045 detrimentum
1833 4990 2007 5060 patia-

431 5085 598 5139 tur'?
640 5103 658 5136 ο
703 5081 843 5150 Quid
897 5082 1198 5137 faciemus?
1232 5098 1353 5151 qua:
1395 5098 1517 5137 sors
1569 5083 1788 5136 nostra?
1841 5098 2002 5149 quam

429 5175 868 5244 deprecationem
906 5174 1284 5229 inveniemus?
1313 5175 1441 5245 Ego,
1489 5175 1562 5228 fili
1589 5175 1684 5238 mi,
1707 5185 1832 5228 ante
1855 5177 2000 5229 illam

429 5269 646 5328 horam.
686 5271 802 5324 hac
845 5267 1054 5331 dicens,
1119 5277 1264 5320 totus
1341 5277 1550 5322 terrore
1610 5269 1804 5336 plenus
1860 5285 2007 5332 sum,

430 5369 579 5414 totus
603 5369 838 5417 tremore
882 5361 1186 5418 concutior.
1241 5358 1319 5414 Tu
1355 5376 1481 5414 vero
1530 5363 1714 5416 nescio
1753 5379 1852 5417 cur
1901 5377 2008 5416 non

431 5465 598 5522 paves
641 5461 736 5505 aut
793 5469 899 5509 non
950 5454 1212 5524 trepidas,
1265 5468 1390 5506 cum
1447 5455 1687 5524 prudens
1733 5455 1804 5509 sit
1845 5466 2010 5523 atque

431 5543 688 5612 sapiens;
739 5545 833 5612 qui
867 5555 1175 5603 terrestrem
1223 5545 1451 5617 gloriam
1512 5547 1669 5602 hodie
1701 5545 2004 5611 ﬂorentem,

511 5769 528 5800 ²
561 5768 746 5823 Matth.
782 5783 932 5832 .\'\'lll,
967 5769 1019 5823 ὓ.
1099 5773 1116 5802 ³
1148 5771 1335 5829 Matth.
1375 5791 1482 5839 δτι,
1516 5774 1594 5828 ‘26

2121 4525 2292 4597 ὥραν,
2333 4528 2422 4580 ὅτε
2455 4529 2581 4593 τοὺς
2613 4529 2808 4598 λόγους
2859 4530 3086 4595 τούτους
3127 4535 3206 4596 είς
3248 4531 3308 4586 τὸ
3366 4534 3532 4601 μέσον
3563 4549 3697 4602 προ-

2120 4621 2381 4689 ενεγκὼν,
2421 4623 2479 4675 τὸ
2513 4623 2655 4693 μέγα
2685 4624 2845 4678 τοῦτο
2881 4627 3177 4680 σκάνδαλον
3203 4629 3265 4696 τῇ
3314 4625 3511 4680 ἐαυτοῦ
3551 4625 3698 4679 δοκι-

2125 4716 2287 4785 μάσει
2309 4716 2651 4790 δικαιοσύνῃ.
2685 4718 2751 4770 Τί
2787 4718 3024 4788 ἐροῦμεν
3057 4719 3208 4786 τότε;
3242 4721 3308 4772 Τί
3366 4721 3704 4789 ἀπολογησό-

2122 4811 2298 4880 μεθα;
2335 4810 2499 4864 Ποίαν
2530 4811 2787 4881 ἀφορμὴν
2817 4813 3241 4882 προσαλούμεθα
3281 4815 3359 4878 είς
3407 4815 3701 4883 ἀπολογίαν

2116 4901 2216 4970 τῆς
2274 4903 2510 4971 φρικτῆς
2571 4903 2996 4972 κατακρίσεωςς
3056 4903 3187 4958 Εἶτα
3242 4906 3337 4958 ἐὰν
3400 4909 3497 4959 καὶ
3544 4905 3701 4960 τοῦτο

2118 4992 2426 5063 προενέγκη
2459 4993 2519 5044 τὸ
2554 5011 2573 5043 ι
2607 4992 2671 5045 Τί
2711 4994 2988 5064 ὠφελήσει
3034 4997 3326 5070 ἄνθρωπον
3360 4999 3453 5050 ἐὰν
3483 5000 3572 5050 τὸν
3613 5001 3700 5052 x6-

2118 5101 2255 5155 σμον
2285 5086 2405 5138 ὅλον
2425 5087 2685 5158 κερδήσῃ.
2712 5089 2811 5157 τὴν
2829 5088 2882 5141 δὲ
2919 5089 3095 5161 ψυχὴν
3136 5091 3304 5144 αὑτοῦ
3337 5093 3590 5160 ζημιωθῇ
3621 5109 3636 5154 ;
3678 5112 3698 5142 ι

2111 5178 2167 5230 τί
2223 5178 2565 5248 ποιήσομεν;
2631 5179 2696 5230 Τί
2755 5181 3086 5250 γενοίμεθα;
3142 5185 3274 5236 Τίνα
3349 5182 3702 5252 παράκλησιν

2118 5269 2463 5339 εὐρήσομενς
2505 5269 2666 5338 Ἐγὼ,
2699 5271 2891 5325 τέκνον
2933 5275 3087 5344 ἐμὸν,
3127 5275 3221 5327 καὶ
3261 5274 3366 5342 πρδ
3408 5275 3505 5340 τῆς
3548 5271 3697 5342 ὥρας

2117 5362 2334 5430 ἐκείνης
2378 5363 2550 5416 ταῦτα
2601 5364 2697 5417 νῦν
2721 5366 2920 5434 λέγων,
2951 5368 3072 5429 ὅλος
3116 5364 3436 5434 πληροῢμαι
3464 5363 3696 5434 φρίκης,

2117 5453 2239 5514 ὅλος
2259 5453 2521 5522 ἔντρομος
2552 5455 2690 5524 εἰμι.
2715 5456 2788 5508 Σὺ
2813 5457 2866 5508 δέ
2887 5457 2988 5508 οὐκ
3005 5450 3121 5507 οἶδα
3148 5453 3292 5522 εἰμὴ
3321 5453 3567 5525 φρίττεις
3603 5456 3696 5507 καὶ

2119 5544 2346 5616 τρέμεις
2367 5545 2584 5609 συνετὸς
2615 5545 2691 5599 ὣν
2726 5547 2820 5600 καὶ
2843 5546 3104 5615 φρόνιμος
3129 5561 3140 5575 ο
3170 5546 3266 5598 καὶ
3292 5546 3417 5600 ὅσον
3443 5547 3544 5619 τῆς
3575 5535 3698 5601 ἐπι-
