3996 6208
298 273 372 339 65
1534 285 1541 291 '
1754 271 1902 332 EPl:

2008 271 2162 331 )Lx’E.
3164 321 3176 338 .
3495 272 3565 338 66

247 457 254 462 _
299 388 455 457 γείου
482 386 644 458 δόξης
669 386 842 460 όρέγῃ
868 386 969 456 τῆς
994 384 1087 440 νῦν
1129 387 1228 457 μέν
1265 385 1559 457 ἀνθούσης,
1615 385 1806 456 αὔριον
1830 387 1888 440 δὲ

2008 402 2118 440 :ras
2174 392 2355 439 autem
2413 395 2844 441 marcescentem
2900 388 3092 458 cupis,
3151 388 3326 444 multo
3392 391 3568 462 magis

305 481 743 552 μαραινομένης,
811 477 994 550 πολλῷ
1038 477 1202 534 πλέον
1244 479 1344 550 τῆς
1399 477 1724 551 ἐπουρανίου
1794 479 1890 532 καὶ

300 571 651 642 ἀμαράντου.

383 662 821 732 ’Δναγκάζομα-ι,
873 661 1066 716 τέκνον
1119 662 1274 732 ὲμδν,
1327 661 1423 716 καὶ
1459 659 1566 714 ὑπὸ
1613 661 1713 731 τῆς
1767 676 1892 712 συν-

252 745 261 827 έ
300 755 540 824 εχοὺσης
588 773 658 826 με
718 754 959 824 ἀθυμίας
987 756 1084 808 καὶ
1143 754 1247 809 ὑπὸ
1288 755 1389 823 τῆς
1432 755 1560 825 περὶ
1603 753 1663 806 σὲ
1709 754 1892 824 φιλίας

257 885 262 892 .
302 848 566 900 ὲπιπλέον
596 848 690 899 τὸν
724 846 884 914 λόγον
909 833 1175 900 ἐκτείνειν
1199 863 1212 875 ·
1239 845 1335 899 καὶ
1356 845 1681 916 ἀνεπαχθῶς
1696 846 1887 899 ἄκουε.

308 939 506 994 Ἐθετο
536 939 756 1005 ἑκάστῳ
783 937 927 991 ἔθνει
959 941 988 991 ό
1026 939 1158 1000 Θεὸς
1187 937 1373 1008 ῶσπερ
1409 938 1556 1007 ὃριον
1590 936 1762 999 οὕτως
1795 937 1890 989 καὶ

302 1032 472 1100 τιμὰς
525 1031 624 1084 καὶ
670 1031 929 1100 κλήσεις·
978 1031 1075 1083 καὶ
1137 1031 1252 1083 ὅσοι
1301 1031 1398 1100 μὲν
1454 1031 1740 1098 ἐνέμειναν
1770 1029 1892 1092 ταῖς

302 1124 442 1190 παρ’
475 1121 642 1174 αὑτοῦ
667 1122 985 1190 δεδομέναις
1009 1124 1215 1188 τιμαῖς,
1245 1116 1392 1174 οἶτοι
1421 1122 1513 1173 καὶ
1543 1106 1848 1190 ’διήρκεσαν
1871 1134 1888 1149 ·

302 1212 428 1265 ὅσοι
495 1213 551 1264 δὲ
593 1211 702 1264 τῶν
764 1215 864 1281 μὲν
906 1213 1068 1266 Θείων
1121 1213 1339 1284 δωρεῶν
1370 1213 1465 1265 καὶ
1495 1213 1672 1282 τιμῶν
1700 1211 1892 1282 ῶσπερ

305 1303 613 1372 ὴλόγησαν,
668 1305 1084 1374 ἐφιλονείκησαν
1134 1305 1192 1356 δὲ
1244 1304 1406 1356 πλέον
1446 1321 1499 1356 τι
1527 1305 1655 1377 παρ’
1683 1302 1893 1356 ἑαυτῶν

309 1394 662 1466 προσλαϐεῖν,
694 1391 863 1463 οὑτοι,
889 1398 991 1450 κᾶν
1008 1397 1100 1449 ἐπὶ
1121 1396 1315 1466 μικρὸν
1339 1395 1524 1462 ἔδοξαν
1558 1398 1636 1458 εἰς
1663 1394 1894 1463 αῦξησιν

312 1487 629 1558 προελθεῖν,
675 1488 788 1540 ἀλλ’
842 1489 902 1540 οὑ
955 1489 1091 1540 πολὺ
1147 1487 1207 1539 τὸ
1254 1487 1312 1540 ἐν
1351 1487 1502 1558 μέσῳ
1535 1489 1629 1540 καὶ
1672 1487 1894 1538 πάντων

312 1578 594 1642 ἐξέπεσον.
633 1581 765 1644 Καὶ,
801 1581 852 1632 εί
884 1579 1086 1649 βούλει,
1115 1579 1323 1643 ἔξεστιν
1352 1580 1484 1650 ἡμῖν
1511 1578 1668 1632 τοῦτο
1700 1578 1765 1630 ἐκ
1786 1577 1894 1631 τῶν

311 1675 533 1727 οἰκείων
568 1675 800 1744 συνορᾷν
841 1673 1220 1743 πραγμάτων·
1268 1673 1364 1726 καὶ
1404 1672 1598 1740 σκόπει
1654 1671 1682 1722 ὃ
1726 1669 1891 1738 λέγω.

1993 475 2268 532 ccelestem
2295 484 2350 530 et
2381 475 2868 545 incorruptibilem.

2061 659 2277 732 Cogunt
2320 676 2423 722 me,
2457 659 2532 714 fili
2578 661 2674 725 mi,
2705 659 2798 730 qui
2855 670 3014 732 urget
3062 675 3150 715 me
3215 661 3372 726 dolor
3413 673 3576 731 atque

1995 765 2126 818 erga
2184 761 2234 805 te
2275 751 2492 806 dilectio
2547 767 2852 807 sermonem
2933 754 3148 825 longius
3214 757 3576 826 protrahere;

1993 843 2203 912 placide
2234 845 2426 899 audias
2483 859 2714 914 qttazso:
2770 846 3076 916 unicuique
3117 850 3262 918 genti
3323 849 3578 903 attribuit

1994 932 2136 988 Deus
2162 936 2301 989 sicut
2331 936 2617 999 terminos,
2645 935 2719 990 ita
2753 937 2987 994 honores
3012 949 3064 993 et
3087 940 3303 1008 ol‘licia;
3334 940 3427 1010 qui
3451 955 3578 1008 ergo

1993 1027 2296 1081 honoribus
2316 1043 2345 1080 a
2376 1027 2488 1082 Deo
2524 1029 2802 1083 concessis
2827 1039 2954 1084 sunt
2981 1032 3222 1085 contenti
3245 1034 3598 1102 perdurant;

1995 1119 2087 1187 qui
2152 1129 2331 1173 autem
2400 1120 2643 1174 coalestia
2692 1121 2834 1175 dona
2888 1121 3237 1193 honoresque
3301 1124 3575 1193 aspernati

1994 1208 2289 1278 Cupiditate
2365 1211 2573 1279 majora
2661 1211 2763 1266 sibi
2849 1215 3201 1281 comparandi
3288 1210 3575 1278 tenentu'r,

1994 1301 2208 1366 etiamsi
2244 1301 2642 1372 aliquantisper
2686 1304 2974 1358 videantur
3009 1308 3218 1375 augeri,
3255 1323 3363 1361 non
3408 1308 3580 1362 multo

1991 1393 2182 1464 elapso
2209 1404 2452 1465 tempore
2484 1398 2667 1450 omnia
2702 1398 2988 1464 amittunt;
3017 1401 3160 1470 quod
3187 1401 3368 1465 nobis,
3401 1403 3444 1455 si
3477 1401 3578 1465 vis,

1996 1488 2126 1544 licet
2210 1489 2450 1558 propriis
2536 1489 2701 1544 rebus
2766 1493 3109 1560 perspicere;
3171 1495 3389 1548 attende
3435 1485 3577 1562 'quid

1996 1581 2173 1635 dicam
2207 1598 2221 1635 :
2260 1580 2317 1634 Si
2343 1581 2469 1651 quis
2502 1589 2818 1636 nostrorum
2855 1586 3277 1654 mancipiorum,
3320 1599 3582 1640 concesso

1997 1687 2028 1724 a
2059 1672 2218 1726 nobis
2257 1672 2464 1726 honore
2496 1687 2602 1726 non
2656 1681 2796 1726 esset
2855 1683 3179 1742 contentus,
3227 1679 3321 1732 sed
3365 1677 3580 1749 quidvis

314 1766 388 1820 Εῖ
406 1783 487 1828 τις
514 1767 622 1820 τῶν
660 1767 946 1837 ἡμετέρων
987 1766 1337 1838 ὑποχειρίων,
1369 1765 1536 1835 τιμῆς
1565 1781 1709 1828 τινος
1733 1764 1898 1830 ἀξιω-

2008 1765 2233 1835 amplius
2291 1765 2520 1835 adipisci
2566 1768 2748 1838 vellet,
2793 1771 2974 1824 no'nne
3026 1770 3244 1838 indigne
3291 1771 3580 1830 ferremus.

310 1860 430 1922 θεὶς
465 1858 808 1930 παρ’ὴμῶν,
854 1860 928 1930 μὴ
958 1859 1166 1929 ταύτην
1216 1859 1407 1930 ἀγαπᾷ
1465 1843 1601 1930 μηδὲ
1651 1857 1892 1928 στέργει,

309 1949 450 2003 ἀλλά
491 1951 586 2002 καὶ
614 1949 916 2018 φιλονεικεῖ
944 1949 1189 2026 πλέονιτι
1217 1949 1394 2019 ἐαυτῷ
1417 1948 1756 2018 περιθέσθαι,
1797 1947 1897 2000 οὑκ

310 2042 800 2111 ἀγανακτήσομεν,
835 2042 896 2095 οὑ
933 2043 1271 2113 μισήσομεν,
1298 2043 1398 2095 οὑκ
1418 2042 1756 2113 ὀργιούμεθα
1778 2041 1897 2094 κατ’

310 2132 520 2195 αὐτοῦς
550 2128 682 2186 Εἶτα
711 2133 874 2201 ἡμεῖς
907 2134 1028 2202 μὲν,
1073 2133 1352 2205 ἄνθρωποι
1385 2119 1536 2198 ὄντες
1570 2134 1756 2202 θνητοὶ
1803 2135 1899 2187 καὶ

313 2223 599 2293 ἐπίκηροι,
631 2223 700 2293 ῆν
757 2223 824 2277 ἂν
875 2224 1042 2296 τιμὴν
1094 2225 1317 2297 δοίημεν
1350 2226 1626 2297 ἀνθρώπῳ
1666 2225 1767 2293 ἴσῳ
1800 2226 1900 2296 τὴν

312 2316 504 2385 φύσιν,
539 2317 635 2370 ἐάν
677 2316 752 2387 μὴ
808 2318 1012 2387 ταύτην
1065 2319 1355 2391 ἀγαπήσῃ,
1393 2320 1534 2390 μηδὲ
1561 2319 1902 2389 εὐχαρίστως

311 2408 556 2478 ἐμμείνῃ
590 2411 654 2479 τῇ
693 2409 894 2480 δωρεᾷ,
937 2409 1072 2462 ἀλλά
1122 2413 1252 2480 παρ’
1293 2409 1489 2464 ἐαυτοῦ
1527 2410 1905 2481 προσφιλονει-

312 2501 482 2570 κήσῃ,
519 2499 617 2552 καὶ
655 2503 1093 2572 περιεργάσηται
1149 2502 1463 2573 καινότερός
1504 2520 1588 2566 τις
1638 2503 1902 2556 εἶναικαὶ

313 2591 544 2656 δοκεῖν,
609 2593 1064 2670 ἀγαεδακτιήσομεν
1121 2595 1406 2660 παντελῶς
1449 2595 1547 2665 τὴν
1609 2596 1902 2665 δεδομένην

311 2683 475 2752 αὐτῷ
516 2683 645 2754 παρ’
668 2686 818 2754 ήμῶν
840 2685 1033 2756 τιμὴν,
1079 2686 1178 2738 καὶ
1218 2686 1412 2756 ἄτιμον
1441 2685 1641 2756 μᾶλλον
1677 2686 1902 2755 ποιήσο-

315 2793 456 2847 μεν·
489 2778 610 2832 ἀνθ’
643 2773 721 2834 ὧν
773 2779 1025 2850 ἐνόμισεν
1057 2779 1238 2850 οἰκείᾳ
1291 2779 1544 2851 περινοίᾳ
1589 2778 1752 2832 πλέον
1805 2777 1900 2830 τοῦ

311 2871 528 2933 δέοντος
559 2870 754 2923 ἐαυτὸν
795 2872 966 2941 τιμᾷν
985 2889 1000 2902 ·
1035 2872 1128 2925 τὸν
1155 2871 1211 2923 δὲ
1266 2871 1399 2923 Θεὸν
1427 2871 1528 2940 οὑχ
1553 2869 1726 2930 οὓτως
1766 2869 1902 2923 ὑπο-

312 2961 609 3031 ληψόμεθα
665 2966 780 3025 τοῖς
837 2961 915 3032 μὴ
962 2961 1313 3032 βουλομένοις
1347 2961 1608 3032 ἐμμένειν
1659 2963 1726 3031 τῇ
1769 2958 1903 3038 παρ’

1995 1868 2180 1908 nonne
2209 1856 2334 1908 odio
2353 1857 2506 1912 nobis
2535 1868 2698 1924 esset,
2721 1876 2902 1914 nonne
2940 1861 2992 1913 itt
3020 1875 3142 1914 eum
3177 1859 3580 1914 irascerentur?

1995 1960 2097 2002 nos
2123 1946 2365 2016 quidem,
2393 1948 2641 2006 homines
2669 1952 2949 2014 mortales,
2975 1963 3138 2022 atque
3164 1937 3540 2026 cctruptibdes
3561 1993 3578 2018 ,

2002 2040 2048 2095 si
2084 2043 2206 2110 quis
2232 2059 2260 2094 a
2292 2044 2449 2097 nouis
2477 2044 2607 2100 dato
2642 2047 2868 2110 honore,
2912 2047 3074 2102 homo
3103 2047 3328 2117 aequalis
3361 2057 3577 2112 natura,

1999 2149 2110 2188 non
2167 2137 2237 2190 sit
2295 2147 2584 2193 contentus
2649 2154 2824 2209 neque
2871 2156 2994 2195 cum
3039 2143 3335 2212 gratiarum
3368 2140 3582 2194 actione

2001 2235 2190 2280 nostro
2215 2229 2355 2282 dono
2388 2229 2613 2294 insistit,
2645 2231 2738 2285 sed
2770 2231 3062 2284 ambitione
3094 2240 3372 2297 correptus
3418 2233 3582 2285 homo

2002 2333 2177 2372 novus
2210 2329 2262 2373 et
2297 2319 2412 2374 ﬁeri
2446 2331 2501 2376 et
2528 2323 2696 2377 videri
2749 2324 2946 2394 satagit
2974 2324 3126 2377 illutn
3151 2325 3413 2378 honorem
3446 2308 3589 2378 con?

2001 2411 2239 2465 cessisse
2267 2411 2515 2468 dolemus
2557 2415 2755 2485 illoque
2808 2417 3083 2470 hominem
3112 2417 3400 2482 nudamus,
3453 2431 3580 2485 pro-

2003 2510 2187 2569 pterca
2219 2503 2365 2570 quod
2417 2504 2642 2572 proprio
2683 2519 2850 2559 sensu
2903 2507 3140 2575 seipsum
3183 2504 3412 2558 voluerit
3458 2503 3584 2572 plus

2002 2605 2158 2660 a-quo
2187 2594 2496 2659 honorare;
2535 2595 2705 2648 Deum
2738 2611 2866 2649 vero
2899 2609 3079 2648 nonne
3105 2609 3474 2664 supponemus
3511 2594 3583 2648 ita

2003 2679 2119 2734 fore
2155 2681 2406 2735 all‘ectum
2445 2684 2497 2735 in
2547 2698 2641 2738 eos
2679 2685 2770 2751 qui
2808 2687 3013 2739 honore
3050 2688 3117 2738 ab
3158 2686 3276 2753 ipso
3322 2700 3584 2741 concesso

2003 2771 2246 2824 contenti
2276 2787 2396 2825 esse
2428 2773 2668 2826 nolunt?
2698 2789 2879 2828 nonne
2910 2775 3164 2829 irascitur
3198 2777 3244 2827 si
3279 2777 3403 2844 quis
3458 2777 3585 2832 V‘clll

2004 2863 2141 2919 ﬁnes
2170 2865 2405 2918 transire
2437 2863 2619 2933 gloria:
2648 2874 2701 2918 et
2731 2866 2957 2921 honoris
2981 2881 3117 2935 quos
3146 2867 3258 2935 ipse
3293 2869 3586 2922 statuerit?

2003 2953 2082 3012 Ne
2113 2970 2338 3020 censeas
2370 2969 2472 3010 nos
2524 2955 2822 3025 scphistice
2872 2957 2946 3010 ita
2983 2959 3255 3025 scribere;
3294 2971 3403 3012 non
3443 2959 3585 3012 enim

314 3052 490 3104 αὑτοῦ
521 3053 780 3124 δεδομένῃ
811 3054 1022 3118 τούτοις
1050 3057 1185 3124 τιμῇ
1213 3051 1392 3118 ἓξεινς
1437 3052 1545 3104 οὐδ’
1592 3052 1898 3122 ὀργιεῖσθαι

2008 3061 2105 3116 ego
2120 3046 2410 3115 sophistes,
2435 3060 2544 3099 non
2562 3046 2852 3100 verborum
2880 3045 3074 3101 artifex
3100 3045 3544 3116 persuasibilium
3569 3085 3584 3109 ,

314 3143 385 3198 ἂν
410 3145 538 3208 τοὺς
565 3147 725 3216 ὄρους
760 3145 1114 3216 ὑπερϐαίνειν
1154 3143 1468 3214 βουληθεῖεν
1495 3142 1594 3211 τῆς
1625 3142 1781 3212 δόξης
1809 3145 1902 3196 καλ⁸

315 3237 420 3306 τῆς
477 3240 665 3308 τιμῆς,
723 3238 819 3302 οὓς
881 3239 1043 3301 αὑτὸς
1070 3239 1430 3309 mmmam;
1483 3237 1576 3306 Μὴ
1624 3236 1903 3306 ὑπολάϐῃς

317 3328 497 3384 ταῦτα
527 3329 860 3399 σοφιστικῶς
879 3330 1116 3401 γράφειν
1137 3331 1286 3400 ἡμᾶς
1307 3345 1321 3358 ·
1346 3328 1471 3382 οὔτε
1497 3327 1606 3398 γὰρ
1642 3330 1904 3397 σοφιστὴς

316 3416 433 3489 ἐγὼ
483 3420 610 3475 οὔτε
659 3422 1038 3490 πιθανολόγος,
1108 3419 1225 3474 ἀλλ’
1275 3422 1324 3474 εί
1383 3420 1480 3475 καὶ
1540 3420 1759 3484 ἀνάξιος
1807 3419 1904 3471 τοῦ

2011 3137 2129 3200 sed,
2176 3139 2301 3192 licet
2344 3137 2623 3205 indignus,
2685 3140 2861 3194 sancti
2914 3140 3102 3195 altaris
3161 3141 3434 3204 minister,
3490 3156 3588 3210 pro

2012 3229 2394 3284 universorum
2454 3230 2637 3284 salute
2695 3231 3061 3298 intercessor;
3122 3234 3362 3288 arbitror
3409 3245 3586 3288 autem

2013 3337 2101 3377 me
2145 3323 2313 3393 probe
2348 3337 2572 3378 censere
2616 3322 2728 3378 Deo
2773 3339 2886 3379 non
2938 3338 3058 3380 esse
3108 3325 3381 3395 placentia
3429 3328 3589 3380 istius

2021 3419 2169 3473 modi
2205 3417 2456 3474 consilia.

316 3516 481 3584 ἁγίου
513 3515 905 3587 θυσιαστηρίου
943 3515 1282 3585 λειτουργὸς,
1307 3514 1526 3584 καὶτῆς
1583 3516 1800 3570 πάντων
1833 3514 2110 3583 σωτηρίας
2177 3513 2615 3593 ὑπερευχόμενος
2649 3531 2665 3546 ·
2733 3515 2830 3569 καὶ
2876 3513 3246 3587 ὑπολαμϐάνω
3277 3515 3375 3586 ὡς,
3422 3517 3591 3586 ἐμαυ-

319 3608 414 3662 τὸν
442 3609 618 3679 πείθω
650 3608 886 3679 ἀληθῶς,
923 3611 1004 3662 ὃτι
1041 3609 1116 3679 μὴ
1173 3611 1285 3673 τοῖς
1314 3609 1581 3674 τοιούτοις
1615 3607 2046 3688 ἐπιχειρήμασιν
2085 3608 2383 3677 ἀρέσκεται
2419 3613 2446 3662 ὁ
2485 3610 2638 3673 Θεός.

388 3699 581 3771 Χωρὶς
610 3700 669 3754 δὲ
696 3700 912 3767 τούτων,
931 3702 1159 3754 κάκεῖνό
1191 3718 1251 3754 σε
1305 3701 1404 3768 δεῖ,
1457 3701 1651 3754 τέκνον
1716 3701 1902 3771 ἡμῶν,

2080 3698 2350 3754 Praeterea
2386 3701 2516 3754 illud
2545 3712 2617 3765 te,
2659 3701 2733 3756 [ili
2771 3701 2866 3768 mi,
2898 3709 3116 3772 oportet
3155 3699 3509 3756 considerare
3540 3711 3589 3755 te

316 3791 750 3863 διενθυμεῖσθαι,
777 3794 860 3846 ὅτι
894 3793 1149 3861 πέρυσιν,
1179 3794 1260 3856 είς
1291 3793 1414 3862 δψιν
1447 3792 1694 3864 ἀλλήλων
1732 3809 1902 3846 κατα-

2008 3791 2278 3860 superiori
2308 3805 2472 3857 anno,
2506 3807 2630 3846 cum
2664 3794 2826 3845 ambo
2871 3794 3344 3859 convenissemus,
3374 3792 3589 3846 nonnisi

324 3887 575 3938 στάντων
617 3887 650 3954 ἡ
661 3884 804 3954 μῶν,
836 3886 1151 3955 ἐπηγγείλω
1203 3885 1383 3940 πάντα
1417 3886 1692 3956 είρηνικά,
1727 3888 1902 3941 πάντα

2012 3884 2239 3954 pacifica
2258 3892 2312 3939 et
2340 3884 2677 3938 amicissima
2703 3899 2825 3939 esse
2849 3885 3093 3939 locutum
3122 3925 3136 3951 ,
3164 3884 3591 3954 promisisseun

322 3977 511 4048 φιλίας
533 3977 802 4048 καθαρᾶς·
833 3977 926 4029 καὶ
943 3978 1019 4040 ὡς
1040 3977 1148 4030 ἀπό
1168 3994 1234 4046 γε
1260 3977 1356 4030 τοῦ
1382 3978 1476 4031 νῦν
1492 3977 1784 4049 λυθήσεται
1809 3979 1902 4049 μὲν

2013 3973 2272 4043 deinceps
2317 3975 2587 4030 sedandas
2635 3991 2757 4030 esse
2805 3993 2996 4032 omnes
3042 3977 3369 4042 discordias,
3411 3992 3592 4032 remo-

325 4074 481 4126 πᾶσα
510 4070 648 4141 ἔρις,
691 4072 842 4124 πᾶσα
870 4071 1145 4140 πρόφασις
1175 4071 1510 4134 σκανδάλων,
1559 4070 1829 4125 παύσεται
1853 4071 1912 4122 δὲ

320 4167 482 4219 πᾶσα
529 4163 739 4228 στάσις,
773 4163 872 4217 καὶ
901 4163 1345 4236 βραϐευθήσεται
1404 4165 1501 4217 σὺν
1555 4162 1676 4232 Θεῴ
1707 4162 1911 4232 μεταξὺ

332 4252 629 4326 Ῥωμαίων
655 4257 748 4309 καὶ
765 4256 1094 4328 Βουλγάρων
1113 4257 1305 4327 εἰρήνη
1334 4256 1502 4319 ὅντως
1524 4255 1793 4326 σταθηρά,
1819 4255 1913 4308 καὶ

320 4349 417 4402 οἶα
468 4348 624 4401 οὔπω
653 4350 923 4419 πρότερον
960 4350 1213 4416 γέγονεν,
1263 4348 1374 4401 οὐδ’
1432 4347 1811 4417 ἐπειράθησαν
1860 4347 1910 4399 οἱ

2014 4065 2222 4118 vendas
2274 4065 2653 4119 scaudalorum
2683 4068 3026 4132 occasiones,
3065 4077 3344 4124 cessatura
3394 4077 3590 4121 cuncta

2021 4146 2270 4212 dissidia,
2297 4147 2587 4214 jurandam
2615 4165 2799 4204 coram
2845 4149 2959 4206 Deo
2991 4167 3117 4206 vero
3147 4155 3356 4206 tirmam
3387 4151 3592 4207 Itoma-

2021 4253 2122 4292 nos
2154 4239 2294 4292 inter
2312 4237 2643 4308 etBulgaros
2675 4256 2888 4311 pacem,
2924 4240 3223 4310 futuraque
3250 4243 3431 4310 qualia
3455 4257 3594 4297 non-

2019 4329 2147 4382 dum
2185 4327 2419 4384 fuissent
2451 4345 2696 4400 unquam
2719 4371 2735 4397 ,
2775 4348 2875 4386 nec
2917 4333 3153 4401 majores
3188 4333 3362 4386 nostri
3393 4347 3594 4401 cogno-

320 4441 434 4511 πρὸ
466 4439 625 4508 ἡμῶν
656 4441 717 4492 ὲν
755 4440 857 4510 βίῳ
887 4441 1196 4510 γεγονότες.
1233 4439 1344 4494 Ποῦ
1378 4427 1493 4510 μοι,
1516 4440 1711 4493 τέκνον
1743 4439 1898 4509 ἐμὸν,

2017 4421 2224 4476 vissent
2247 4439 2263 4477 :
2295 4423 2387 4477 ubi
2419 4439 2590 4488 nunc,
2615 4424 2688 4478 lili
2724 4424 2819 4492 mi,
2845 4425 3022 4480 dulcis
3048 4424 3138 4480 ille
3165 4425 3432 4482 allectus?
3454 4425 3594 4494 Quid

322 4531 359 4598 ἡ
391 4532 514 4583 τότε
559 4531 786 4598 γλυκεῖα
825 4532 1115 4601 δςάθεσιςς
1153 4531 1220 4585 Τί
1269 4533 1494 4601 γέγονεν
1529 4535 1561 4602 ἠ
1605 4533 1708 4604 τῆς
1751 4536 1909 4604 εἰρή-

323 4641 421 4694 νης
452 4623 788 4694 ὑπόσχεσιςς
826 4624 938 4678 Ποῦ
987 4626 1174 4678 ἐκεῖνα
1221 4627 1291 4679 τὰ
1350 4627 1574 4698 ῥήματα
1609 4623 1690 4689 οἷς
1724 4625 1911 4696 ἔχαιρε

331 4719 429 4786 μὲν
457 4715 614 4782 Θεὸς,
655 4717 875 4788 ἔχαιρον
922 4717 979 4770 δὲ
1025 4720 1075 4777 οι
1111 4717 1406 4784 ἀκούοντες
1451 4707 1765 4789 ἄνθρωπῶις
1799 4719 1910 4772 Ποῦ

328 4810 623 4880 ἐχώρησαν
674 4812 732 4863 αἱ
785 4814 1024 4882 χρησταὶ
1063 4811 1278 4876 ἐλπίδες
1313 4812 1380 4877 ἀς
1436 4813 1658 4884 εἴχομεν
1691 4811 1914 4866 datm»

325 4916 498 4962 κτως,
532 4898 610 4962 ὡς
639 4901 825 4954 οὐκέτι
859 4902 1068 4972 μεταξὺ
1126 4901 1420 4971 Ῥωμαίων
1449 4903 1546 4955 καὶ
1579 4901 1911 4972 Βουλγάρων

329 4993 549 5060 ἰσχύσει
597 4994 624 5044 ό
676 4994 915 5063 πονηρὸς
967 4995 1178 5063 δαίμων
1229 4993 1527 5046 ὑποϐαλεῖν
1588 4992 1910 5057 σκάνδαλον,

327 5085 451 5134 οὐδὲ
484 5084 812 5155 συνταράξει
847 5087 944 5154 τὴν
977 5084 1230 5154 καθαρὰν
1269 5085 1453 5138 αὐτῶν
1473 5084 1695 5154 ἀγάπην
1722 5101 1736 5150 ;
1779 5084 1914 5137 Σκό-

331 5191 422 5224 πει
456 5176 726 5244 φρόνιμος
753 5174 829 5227 ὢν
861 5177 1049 5246 χάριτι
1084 5178 1245 5242 Θεοῦ,
1277 5180 1370 5230 καὶ
1393 5177 1519 5240 ὀξὺς
1568 5176 1805 5229 συνιδεῖν
1851 5177 1913 5230 τὸ

332 5266 519 5331 καλὸν,
551 5269 649 5331 τὰς
679 5268 962 5338 μεθοδείας
994 5268 1088 5322 τοῦ
1121 5269 1383 5339 πονηροῦ·
1418 5267 1760 5340 πολύτροπός
1792 5269 1913 5321 ἐστι

335 5362 429 5410 καὶ
479 5362 632 5431 πάσῃ
670 5361 896 5430 μηχανῆ
942 5361 1085 5414 κατὰ
1128 5362 1229 5430 τῆς
1289 5360 1563 5431 σωτηρίας
1610 5359 1703 5413 τοῦ
1766 5359 1912 5412 θείου

334 5449 656 5520 πλάσματος
692 5450 1045 5520 ἀγωνίζεται·
1079 5453 1268 5522 φθονεῖ
1296 5453 1394 5523 μὲν
1416 5456 1579 5507 παντὶ
1616 5451 1912 5524 ἀνθρώπῳ,

333 5541 499 5596 πλέον
530 5543 586 5596 δὲ
619 5546 732 5606 τοῖς
770 5545 1039 5615 μειζόνως
1078 5545 1239 5615 χάριν
1284 5544 1510 5596 λαϐοῦσι
1565 5546 1718 5615 παρά
1752 5541 1909 5599 Θεοῦ.

333 5630 492 5685 Ε’δεν
521 5629 616 5687 οὖν
645 5635 741 5687 καὶ
796 5634 878 5700 σὲ,
912 5635 1103 5688 τέκνον
1137 5635 1289 5704 ἐμὸν.
1343 5635 1628 5704 φρονήσει,
1673 5634 1908 5696 συνέσει.

340 5726 693 5796 χρηστότητι,
734 5729 1030 5798 ἐπιεικείᾳ,
1069 5728 1164 5781 καὶ
1199 5728 1380 5790 ἄλλοις
1413 5726 1686 5791 πλείστοις
1726 5728 1911 5792 καλοῖς

2016 4513 2107 4567 illa
2142 4515 2293 4584 pacis
2353 4515 2691 4584 promissio?
2741 4517 2834 4572 ubi
2867 4518 3031 4573 verba
3084 4519 3176 4574 illa
3223 4521 3423 4590 quibus
3455 4520 3598 4577 Deus

2015 4609 2304 4678 gaudebat,
2361 4610 2560 4680 quibus
2604 4611 2889 4668 audientes
2941 4612 3194 4670 homines
3253 4614 3594 4684 gaudebant?

2015 4700 2136 4765 Quo
2170 4700 2310 4771 fugit
2337 4717 2462 4773 spes
2490 4703 2579 4757 illa
2615 4702 2932 4760 lelicissima
2961 4717 3124 4776 atque
3149 4706 3455 4761 indubitata
3487 4723 3593 4776 qua

2015 4795 2375 4864 sperabamus
2416 4812 2526 4852 non
2553 4797 2668 4866 jam
2719 4787 2952 4867 amplius
2986 4789 3256 4854 nefarium
3295 4801 3596 4855 daemonem

2014 4887 2156 4943 inter
2185 4887 2463 4946 Romanos
2480 4907 2544 4946 ac
2559 4887 2820 4961 Bulgaros
2849 4892 3107 4947 scandala
3129 4907 3254 4948 esse
3276 4901 3600 4961 provocatu-

2014 4997 2133 5036 rum
2157 4996 2332 5051 neqtte
2349 4984 2697 5052 purissimam
2719 5000 2906 5038 eorum
2929 4987 3275 5040 dilectionem
3309 4985 3598 5054 perturba-

2017 5074 2238 5128 turum?
2294 5072 2614 5142 Considera,
2670 5080 2913 5145 prudens
2977 5094 3099 5132 cum
3163 5076 3257 5132 Dei
3304 5078 3478 5147 gratia
3521 5079 3599 5135 sis

2016 5175 2211 5234 satque
2228 5167 2295 5221 ad
2315 5168 2514 5222 bonum
2538 5154 2977 5238 perspiciendum
2997 5173 3243 5236 idoneus,
3275 5171 3497 5240 maligni
3511 5171 3600 5224 in-

2017 5258 2217 5325 sidias;
2253 5270 2504 5316 versutus
2528 5279 2762 5334 namque
2780 5276 2945 5321 estet
2982 5265 3286 5320 innumeris
3317 5266 3599 5319 machina-

2017 5354 2261 5409 tionibus
2283 5355 2548 5410 adversus
2581 5357 2672 5411 Dei
2698 5357 3074 5413 creaturarum
3107 5358 3339 5412 salutem
3369 5367 3596 5429 pugnat;

2016 5447 2190 5502 cuivis
2215 5447 2420 5502 homini
2454 5448 2680 5513 inridet,
2719 5452 2889 5520 magis
2919 5461 3096 5504 autem
3125 5451 3192 5505 iis
3216 5452 3309 5520 qui
3336 5456 3596 5522 majorem

2016 5558 2045 5596 a
2081 5541 2186 5596 Deo
2226 5545 2457 5611 gratiam
2510 5545 2841 5614 acceperint;
2901 5545 3001 5598 scit
3056 5545 3222 5614 igitur
3260 5557 3333 5609 te,
3385 5548 3461 5601 liii
3503 5549 3596 5609 mi,

1973 5633 1978 5637 ’
2018 5633 2329 5703 prudentia,
2369 5635 2628 5697 bonitate,
2665 5637 2928 5692 modestia
2955 5637 3312 5707 plurimisque
3346 5640 3467 5692 aliis
3500 5639 3598 5693 do-

2018 5727 2162 5781 tibus
2199 5727 2474 5798 prmclaris
2517 5743 2545 5780 a
2581 5725 2692 5782 Deo
2727 5743 2844 5783 esse
2883 5730 3166 5789 donatum.
3208 5729 3435 5785 ideouue
3484 5745 3596 5781 ma-
