3996 6208
306 247 381 315 63
1757 246 1867 308 ἘΡΪ

1970 248 2168 309 'OL/E.
2620 302 2623 305 γ
3485 256 3555 316 7d

302 363 495 431 χεῖρας
514 358 652 411 κατὰ
671 357 777 411 τῶν
794 359 858 413 ὲκ
873 359 965 413 τοῦ
982 338 1149 412 αὑτοῦ
1170 357 1484 430 σπέρματος
1495 356 1585 411 καὶ
1599 356 1698 426 τῆς
1717 357 1867 425 αὑτῆι

1995 372 2197 426 ponere
2244 361 2659 429 exoptaverant',
2690 370 2742 415 et
2796 363 2953 416 amici
2996 365 3200 420 amicos
3249 367 3558 434 repudiant.

304 448 679 522 προελθόντων
708 450 968 521 γαστρός·
1001 450 1094 503 καὶ
1118 449 1361 520 πατέρες
1391 449 1721 503 ἀπέκτειναν
1749 450 1877 501 παῖ-

298 541 417 605 δας,
457 542 598 613 ὑπὲρ
642 535 720 595 ὧν
746 540 982 614 ηὔξαντο
1023 541 1285 605 πολλάκις
1333 540 1433 603 τὰς
1474 540 1653 610 ψυχὰς
1704 557 1877 610 προα-

298 636 505 701 φεῖναι,
541 636 634 688 καὶ
659 634 805 703 φίλοι
834 635 1021 704 φίλους
1050 635 1343 705 ἠγνόησαν*
1378 634 1590 687 ἐκείνου
1617 634 1712 686 τοῦ
1743 632 1873 686 ἀλά-

296 739 491 795 στορος
518 724 665 795 οἴμοι
694 724 947 795 δαίμονος
984 723 1079 777 καὶ
1112 724 1179 777 τὰ
1212 724 1308 777 νῦν
1357 724 1458 794 ἐμὲ
1500 722 1874 778 καταλαϐόντα

295 814 444 884 πάθη
498 817 593 867 καὶ
638 815 705 868 ὀἱ
745 816 953 884 θρῆνοι,
983 814 1079 866 καὶ
1112 815 1181 868 τὰ
1227 814 1459 884 δάκρυα·
1510 813 1719 868 ἐκείνου
1772 814 1873 883 τῆς

1976 446 2128 501 Eheu
2159 447 2325 502 mihi!
2365 464 2428 503 ex
2455 450 2548 504 illo
2587 455 2921 509 exsecranda
2968 457 3215 510 daemone
3243 459 3345 511 mei
3393 461 3557 512 etiam

1976 542 2231 596 oriuntur
2273 543 2516 610 dolores,
2576 545 2921 616 gemitusque
2969 557 3024 601 et
3073 549 3362 618 lacrymze;
3412 550 3559 605 illius

1978 632 2201 702 perﬁdis
2254 634 2499 690 artiﬁciis
2555 636 2736 691 soluta
2802 647 2931 693 sunt
2984 639 3200 694 vincula
3255 640 3560 695 dilectionis
3604 652 3605 655 ‘

1980 724 2123 778 inter
2159 724 2301 780 ﬁlios
2354 725 2557 781 Christi
2603 737 2658 782 et
2699 726 2794 783 Dei
2843 730 2972 796 mei,
3040 731 3300 787 Romana:
3351 734 3561 790 scilicet

1977 824 2139 885 atque
2170 816 2415 887 Bulgarae
2436 820 2744 887 potestatis.

288 906 767 977 κακομηχανίαςὴ
801 905 1086 975 διάρῤηξις
1112 906 1208 959 τοῦ
1261 907 1558 977 συνδέσμου
1603 911 1700 978 τῆς
1730 907 1951 980 ἀγάπης
1982 909 2094 962 τῶν
2134 909 2231 963 τοῦ
2299 911 2538 982 Χριστοῦ
2605 915 2699 967 καὶ
2726 914 2866 969 Θεοῦ
2936 934 3038 987 μου
3105 913 3336 987 τέκνων,
3371 921 3469 992 τῆς
3499 937 3581 979 τε

303 990 628 1065 Ῥωμαῖκῆς
662 998 757 1051 καὶ
785 997 884 1066 τῆς
911 997 1289 1069 Βουλγαρικῆς
1318 998 1590 1062 ἐξουσίας.

379 1091 502 1157 ’Δφ’
544 1085 606 1144 οὗ
638 1089 746 1158 γάρ
780 1090 806 1141 ὁ
856 1086 1157 1157 βραϐεῦσαι
1213 1089 1493 1162 βουληθεὶς
1536 1091 1765 1162 εἰρήνην
1796 1091 1875 1162 τῷ

286 1184 492 1252 κόσμῳ
516 1182 603 1235 διὰ
636 1182 734 1250 τῆς
783 1182 847 1236 ὲκ
869 1186 978 1237 τῶν
1013 1182 1301 1253 πατρικῶν
1327 1183 1545 1237 κόλπων
1565 1186 1872 1253 κενώσεως,

288 1275 354 1328 τὸ
382 1274 491 1327 τῶν
522 1273 853 1345 Βουλγάρων
901 1276 1057 1344 γένος
1111 1272 1250 1344 πρὸς
1303 1274 1497 1328 ἑαυτὸν
1530 1275 1869 1345 ᾠκειώσατο,

288 1368 387 1421 καὶ
426 1369 505 1429 είς
562 1367 905 1440 ἀδελφότητα
951 1368 1029 1439 τῷ
1094 1366 1388 1438 Ῥωμαϊκῷ
1440 1369 1587 1436 γένει
1638 1373 1864 1443 συνῆψε,

288 1460 391 1511 καὶ
420 1458 516 1525 τὴν
549 1459 720 1529 αὐτὴν
748 1460 990 1529 παρέσχε
1016 1458 1181 1527 τιμὴν
1209 1457 1287 1529 τῷ
1321 1461 1605 1516 καλεῖσθαι
1633 1464 1862 1526 τούτους

288 1550 678 1618 Χριστιανοὺς,
720 1549 912 1622 ὥσπερ
938 1551 1035 1604 καὶ
1064 1551 1218 1619 ἡμῖν,
1272 1553 1333 1604 οὐ
1380 1555 1561 1625 φέρων
1614 1554 1715 1624 τὴν
1773 1572 1864 1608 τοο

285 1641 497 1710 σαύτην
526 1642 903 1711 γεγενημένην
936 1645 1014 1705 εἰς
1045 1643 1187 1711 ὑμᾶς
1218 1646 1544 1714 εὐεργεσίαν
1564 1647 1591 1699 ὁ
1621 1646 1708 1698 ἀεὶ
1740 1645 1868 1715 φθο-

2062 1093 2137 1149 Ex
2180 1111 2290 1165 quo
2318 1097 2517 1153 etenim
2544 1099 2636 1169 qui
2665 1100 2889 1169 volebat
2916 1119 3106 1173 pacem
3138 1106 3191 1161 in
3228 1108 3431 1164 mundo
3463 1111 3557 1163 ﬁx‘

1987 1200 2135 1240 mare
2180 1202 2275 1255 per
2321 1201 2480 1243 suum
2513 1200 2793 1259 epaterno
2834 1194 2956 1249 sinu
2997 1197 3199 1251 exitum
3228 1238 3243 1265 ,
3288 1199 3553 1269 Bulgaria-

1978 1293 2099 1331 rum
2135 1294 2306 1347 genus
2337 1282 2439 1336 sibi
2471 1282 2822 1340 vindicaverit.
2852 1285 3338 1361 Romanorumque
3366 1294 3549 1361 generi

1976 1371 2211 1425 amicitia
2264 1374 2601 1440 copulaverit
2651 1384 2704 1429 et
2749 1378 2995 1433 eamdem
3044 1381 3271 1450 gloriam
3320 1383 3430 1437 illis
3480 1399 3543 1436 at:

1974 1462 2132 1517 nobis
2156 1461 2465 1519 Christiana
2491 1467 2847 1534 appellatione
2871 1469 3097 1534 dederit,
3132 1472 3349 1540 indigne
3372 1472 3551 1527 ferens

1974 1555 2080 1608 tale
2128 1555 2283 1609 vobis
2332 1572 2652 1611 concessum
2687 1560 3033 1626 beneﬁcium,
3068 1565 3160 1632 qui
3209 1565 3366 1620 bonis
3401 1583 3549 1620 sem-

1973 1659 2069 1711 per
2106 1646 2331 1711 invidet,
2364 1648 2747 1727 indefessoque
2777 1663 2974 1706 conatu
3014 1664 3247 1722 tentans,
3280 1668 3544 1725 quantum

286 1732 397 1786 νῶν
439 1735 554 1797 τοῖς
585 1733 794 1799 καλοῖς,
833 1737 1257 1793 ἀκατάπαυστον
1300 1740 1355 1792 δὲ
1382 1739 1568 1807 ἀγῶνα
1601 1738 1862 1809 ποιούμε·

1970 1737 2022 1792 in
2059 1752 2118 1792 se
2170 1749 2284 1793 erat
2336 1742 2659 1797 contristare
2691 1734 2970 1799 Christum
3000 1756 3053 1798 et
3086 1747 3253 1801 Deum
3288 1749 3544 1802 benefac-

286 1843 379 1888 ν)ς
403 1824 498 1878 τοῦ
530 1826 654 1878 ὅσον
683 1826 774 1879 ἐπ’
798 1827 945 1897 αὐτῷ
971 1828 1215 1899 λυπῆσαι
1251 1830 1347 1900 μὲν
1386 1830 1476 1882 τὸν
1505 1830 1743 1900 Χριστὸν
1771 1829 1867 1883 καὶ

285 1918 424 1970 Θεὸν
470 1919 631 1988 ἡμῶν
662 1920 755 1971 τὸν
791 1922 973 1973 κοινὸν
1020 1922 1334 1991 εὐεργέτην,
1385 1922 1661 1993 ζημιῶσαι
1702 1923 1757 1976 δὲ
1807 1924 1869 1977 τὸ

284 2010 613 2081 Βουλγάρων
668 2012 827 2081 γένος
882 2013 981 2081 τῆς
1027 2014 1160 2082 παρ’
1220 2012 1385 2066 αὑτοῦ
1434 2012 1731 2084 δεδομένης
1782 2031 1867 2065 τι-

286 2110 419 2179 μῆς,
459 2106 636 2182 εὗρεν,
675 2112 751 2173 ὡς
797 2111 994 2180 ἔοικεν,
1045 2111 1141 2181 ὀψέ
1172 2130 1299 2165 ποτε
1338 2113 1437 2182 τὴν
1486 2112 1709 2166 ἔκϐασιν
1768 2112 1868 2184 τῆς

284 2200 605 2272 ἐπιϐουλῆς,
668 2203 759 2255 καὶ
796 2201 973 2272 εὑρὼν
1014 2202 1210 2274 σκεύη,
1262 2204 1405 2256 κατά
1459 2202 1552 2256 τὸν
1591 2204 1867 2274 μακάριον

297 2293 650 2359 Ἀπόστολον,
680 2296 1095 2371 κατηρτισμένα
1128 2296 1209 2358 είς
1261 2294 1559 2360 ἀπώλειαν,
1590 2294 1626 2349 ἆ
1660 2295 1757 2366 μὲν
1804 2295 1869 2348 ὲκ

281 2386 377 2439 τοῦ
401 2386 671 2458 ὑμετέρου
712 2388 924 2457 γένους,
971 2389 1006 2443 ἃ
1035 2388 1091 2442 δὲ
1150 2387 1209 2453 ἐξ
1263 2388 1442 2459 ἡμῶν,
1497 2389 1769 2462 ἐνήργησε
1806 2389 1867 2442 τὸ

282 2479 520 2533 ἐλεεινὸν
550 2481 710 2534 τοῦτο
736 2484 830 2536 καὶ
879 2482 1285 2553 πολυδάκρυτον
1314 2484 1447 2553 ἡμῖν
1482 2500 1542 2535 τε
1592 2484 1687 2538 καὶ
1737 2484 1866 2555 ὑμῖν

281 2570 471 2639 ἔργον,
511 2574 606 2626 καὶ
632 2575 884 2628 τοσοῦτον
915 2577 1073 2645 φόνον
1103 2580 1196 2632 καὶ
1223 2579 1445 2648 ὄλεθρον
1468 2579 1570 2648 τῆς
1600 2578 1697 2632 τοῦ
1727 2581 1866 2649 Χρι-

283 2659 419 2711 στοῦ
451 2660 726 2726 ἐξετέλεσε
772 2664 1168 2736 κληρονομίας,
1217 2668 1420 2738 χειρῶν
1465 2670 1866 2737 ἐργασαμένων

282 2752 376 2803 τὶν
406 2752 586 2819 φόνον,
633 2753 755 2824 οὐχ).
797 2756 1147 2826 ἀκαθάρτων,
1196 2758 1316 2811 οὐδὲ
1364 2760 1429 2828 τῇ
1475 2758 1703 2828 ἀσεϐείᾳ
1745 2758 1867 2810 δου·

282 2839 465 2893 λεύειν
516 2843 927 2914 ἐπισταμένων,
974 2847 1109 2900 ἀλλά
1153 2848 1259 2900 τῶν
1308 2838 1742 2920 κεκαθαρμένων
1788 2845 1865 2919 τῷ

282 2932 428 3001 ἁγίῳ
480 2933 839 3006 βαπτίσματι,
882 2938 976 2991 καὶ
1034 2938 1171 3009 πρὸς
1212 2939 1301 2993 τὸν
1357 2940 1612 3010 οὐράνιον
1647 2940 1865 3012 Πατέρα

278 3024 691 3093 ἐπαιρομένων,
721 3030 815 3081 καὶ
847 3029 923 3097 τῷ
946 3029 1039 3081 τοῦ
1081 3029 1316 3100 σταυροῦ
1368 3031 1581 3101 σημείῳ
1635 3032 1861 3094 ἑαυτοὺς

1969 1838 2141 1885 torem
2187 1842 2460 1900 nostrum,
2498 1834 2813 1905 honoreque
2856 1836 2925 1891 ab
2972 1837 3062 1890 illo
3116 1852 3378 1894 concesso
3416 1839 3546 1892 But.

1972 1936 2131 1990 gat-os
2189 1939 2428 1989 exuere,
2487 1941 2708 1980 suarum
2777 1928 3098 1981 insidiarum
3155 1933 3356 1984 exitum
3422 1947 3545 1985 sero

1972 2015 2211 2078 tandem,
2232 2024 2290 2068 ut
2324 2016 2551 2080 Videtur,
2588 2018 2814 2083 invenit,
2839 2029 3006 2089 atque
3029 2022 3258 2091 repertis
3285 2024 3547 2091 perditio-

1970 2105 2078 2171 nis,
2107 2116 2163 2158 ut
2195 2106 2271 2160 ait
2303 2107 2656 2176 Apostolus‘,
2691 2111 2858 2175 vasis,
2899 2122 3010 2165 tum
3056 2129 3085 2167 e
3126 2123 3304 2168 vestro
3330 2130 3545 2183 genere,

1972 2204 2084 2250 tum
2110 2212 2141 2251 e
2166 2206 2372 2265 nostro,
2401 2199 2531 2253 illud
2559 2201 2929 2257 miserandum
2948 2213 3110 2275 atque
3136 2214 3188 2260 et
3206 2206 3361 2261 nobis
3385 2219 3439 2260 et
3457 2222 3547 2261 vo-

1968 2288 2053 2344 bis
2074 2298 2187 2344 tum
2246 2291 2539 2362 lugendum
2576 2295 2863 2349 suscitavit
2917 2297 3218 2366 negotium,
3243 2314 3306 2353 ac
3338 2308 3540 2354 tantam

1966 2390 2204 2453 stragem
2236 2384 2561 2455 ruinamqne
2595 2386 2646 2439 in
2698 2386 2905 2442 Christi
2938 2388 3249 2445 haereditate
3287 2407 3545 2445 consum-

1968 2477 2159 2539 mavit,
2196 2477 2448 2533 manibus
2480 2494 2585 2531 non
2622 2480 2931 2534 inﬁdelibus
2978 2493 3072 2536 aut
3117 2484 3377 2551 impietati
3426 2499 3544 2537 ser-

1967 2570 2085 2623 vire
2130 2571 2428 2631 consuetis,
2462 2570 2554 2624 sed
2590 2580 2780 2625 sancto
2832 2571 3159 2641 baptismate
3188 2572 3548 2628 sanctiﬁealis

1967 2666 2024 2713 et
2052 2658 2120 2712 ad
2159 2662 2435 2713 caelestem
2476 2659 2691 2715 Patrem
2728 2662 2901 2715 attolli
2939 2677 3045 2714 non
3084 2663 3289 2731 ignaris
3316 2704 3331 2729 ,
3379 2675 3543 2734 atque

1965 2748 2149 2804 crucis
2198 2750 2482 2820 signaculo
2547 2762 2738 2807 contra
2800 2754 3019 2823 maligni
3077 2752 3309 2823 injurias
3365 2757 3545 2825 capita

1980 2838 2374 2893 munientibus.
2436 2837 2576 2905 Quid
2629 2841 2822 2910 agam?
2870 2843 2999 2911 quid
3056 2843 3357 2897 obtinebo?
3407 2860 3547 2914 quos

1967 2930 2199 3001 lugebo?
2244 2931 2334 3000 qui
2403 2930 2457 2984 in
2512 2931 2743 2986 invicem
2793 2934 3051 2988 concitati
3114 2936 3545 3005 propinquorum

1968 3021 2203 3077 caedibus
2238 3036 2302 3075 ac
2330 3032 2507 3091 strage
2546 3032 2745 3077 terram
2783 3025 3161 3078 contaminant
3190 3037 3351 3094 atque
3379 3043 3537 3093 aera,

282 3089 843 3187 κατα-σφαλιζομένων
896 3089 959 3170 ix
1005 3121 1103 3189 τῆς
1156 3089 1249 3173 τοί]
1283 3089 1520 3193 πονηροῦ
1555 3089 1855 3192 έπηρείας.

1970 3123 2017 3167 et
2047 3128 2152 3167 non
2190 3114 2365 3167 solum
2401 3114 2737 3168 Christianos
2787 3116 2838 3167 in
2862 3114 2992 3168 orbe
3034 3118 3285 3170 universo
3316 3118 3548 3172 audien-

281 3202 384 3267 Τίς
415 3206 661 3276 γένωμαι
691 3209 829 3280 πρὸς
890 3210 1096 3278 ταῦτα;
1140 3213 1192 3264 τί
1240 3213 1665 3284 διαπράξωμαι;
1710 3214 1864 3275 τίνας

1970 3213 2045 3258 tes
2097 3205 2448 3270 contristari,
2506 3206 2599 3260 sed
2643 3205 2804 3259 etiam
2839 3206 2892 3257 in
2946 3207 3102 3259 cmlis
3144 3209 3400 3277 angelos;
3440 3210 3542 3278 ipsi

281 3296 750 3368 ἀποκλαυσωμαι,
804 3301 932 3366 τοὺς
961 3303 1081 3355 κατ’
1113 3305 1363 3373 ἀλλήλων
1409 3304 1860 3374 συγκινηθέντας,

1970 3297 2105 3350 enim
2135 3297 2548 3363 contristantur,
2587 3307 2642 3352 et
2670 3299 2715 3353 si
2740 3298 3009 3367 lacrymas
3042 3308 3327 3367 praestaret
3356 3316 3542 3355 eorum

279 3385 525 3459 κα¹ι⁹τῷ
612 3391 800 3462 οίκείῳ
880 3393 1027 3462 φόνῳ
1092 3394 1185 3448 καὶ
1269 3396 1392 3458 ταῖς
1466 3398 1701 3464 σφαγαῖς
1767 3413 1864 3465 μο-

1970 3397 2174 3455 natura,
2205 3388 2415 3453 ﬂerent,
2440 3391 2815 3444 universorum
2838 3390 3003 3444 etiam
3043 3391 3270 3445 Domino
3302 3393 3542 3460 dolente;

281 3482 553 3546 λὺναντας
597 3486 697 3554 μὲν
745 3485 843 3556 τὴν
895 3486 1019 3555 γῆν,
1082 3486 1417 3557 μολύναντας
1459 3487 1515 3540 δὲ
1565 3487 1655 3538 τὸν
1697 3484 1858 3556 ἀέρα·

1970 3481 2271 3551 conjectare
2304 3480 2574 3550 siquidem
2604 3480 2768 3536 facile
2801 3494 2978 3551 potes,
3014 3482 3087 3537 ﬁli
3132 3484 3227 3547 mi,
3261 3485 3439 3554 qualis
3470 3487 3542 3540 sit

289 3574 693 3643 σκυθρωπάσαι
735 3575 790 3627 δὲ
839 3576 902 3628 οὐ
955 3577 1116 3646 μόνον
1168 3579 1295 3640 τοὺς
1353 3576 1654 3639 ἀκούοντας
1692 3575 1864 3630 ταῦτα

1970 3574 2118 3628 dolor
2152 3573 2270 3642 ejus
2299 3573 2388 3643 qui
2416 3588 2524 3627 non
2556 3573 2669 3628 vult
2698 3584 2930 3627 mortem
2980 3578 3304 3644 peccatoris,
3338 3579 3431 3632 sed
3485 3590 3542 3633 ut

282 3666 651 3737 Χριστιανοὺς
690 3670 748 3720 ἑν
783 3666 880 3741 ὅλῃ
905 3673 971 3739 τῇ
999 3671 1294 3742 οἰκουμένῃ
1342 3670 1696 3740 ποιήσαντας,
1730 3668 1867 3727 ἀλλὰ

1970 3674 2312 3721 convertatur
2342 3676 2397 3720 et
2421 3666 2566 3720 vivat
2590 3667 2612 3700 ⁸
2646 3706 2662 3731 ,
2693 3666 2764 3721 ob
2797 3677 2873 3721 tot
2904 3668 3193 3725 homicidia
3223 3686 3345 3740 quae
3377 3689 3540 3728 nemo

285 3758 385 3809 καὶ
414 3760 540 3822 τοὺς
574 3761 633 3811 ὲν
670 3761 885 3831 οὐρανῷ
924 3762 1215 3829 ἀγγέλους·
1274 3760 1733 3830 σκυθρωπάζουσι
1772 3763 1865 3812 καὶ

1970 3760 2103 3811 alius
2139 3756 2370 3826 patravit
2398 3771 2563 3825 quam
2602 3757 2852 3812 diabolus
2884 3763 3087 3829 peccati
3121 3756 3419 3832 parens,"et
3448 3768 3541 3837 qui

281 3850 448 3902 αὐτοὶ
494 3852 738 3917 πάντως,
796 3856 913 3919 καὶ,
948 3857 997 3906 εί
1055 3854 1286 3923 παρεῖχε
1337 3852 1548 3921 δάκρυα
1596 3853 1630 3922 ἡ
1680 3853 1864 3920 φύσις,

1970 3856 2243 3917 peccatum
2276 3845 2528 3913 diligunt.

283 3943 599 4012 ὲθρήνησαν
622 3946 708 4009 ἂν,
748 3946 841 3997 τοῦ
908 3945 1017 3999 τῶν
1081 3944 1220 3997 ὅλων
1276 3944 1552 3995 Δεσπότου
1624 3944 1717 3995 ἐπὶ
1781 3942 1858 4010 τῷ
1901 3939 2152 4008 γεγονότι
2208 3936 2832 4003 ἀλγοῦντοςιΕίκάξεις
2886 3942 2997 4012 γὰρ
3049 3944 3295 4010 πάντως,
3353 3946 3546 3999 τέκνον

284 4036 443 4103 ἐμὶν,
490 4031 601 4088 οἷον
630 4037 691 4089 τὺ
722 4037 944 4107 ἄλγημα
995 4037 1090 4090 τοῦ
1134 4037 1208 4107 μὴ
1262 4036 1588 4107 βουλομένου
1639 4036 1731 4088 τὸν
1801 4036 2029 4088 θάνατον
2092 4030 2187 4081 τοῦ
2249 4028 2601 4097 ἁμαρτωλοῦ,
2632 4030 2768 4085 ἀλλά
2827 4031 2891 4084 τὸ
2943 4036 3269 4107 ἐπιστρέψαι
3319 4042 3414 4093 καὶ
3446 4040 3550 4112 ζῇν

285 4132 475 4195 αὐτὸν,
522 4133 612 4184 ἐπὶ
654 4132 930 4197 τοσούτοις
967 4132 1237 4197 θανάτοις,
1273 4132 1364 4195 οὒς
1416 4132 1593 4196 οὐδεὶς
1626 4130 1785 4193 ἄλλος
1824 4129 1856 4200 ἢ
1890 4126 2134 4189 διάϐολος
2169 4126 2197 4177 ὁ
2258 4123 2360 4191 τῆς
2421 4124 2699 4193 ἁμαρτίας
2747 4129 3048 4199 γεννήτωρ,
3083 4132 3180 4184 καὶ⁸
3224 4133 3276 4185 oi
3340 4136 3548 4205 ταύτην

284 4228 614 4294 ἀγαπῶντες
646 4228 995 4297 εἰργάσαντο.

370 4321 535 4373 Ἀλλὰ
562 4320 720 4391 μέχρι
748 4320 849 4371 ποῦ
877 4322 1051 4374 ταῦτα
1086 4322 1270 4392 θρηνῶ
1298 4321 1393 4375 καὶ
1422 4319 1815 4388 ἀποκλαίωμαι
1841 4335 1855 4384 ;

2043 4307 2337 4379 Usquequo
2401 4322 2537 4392 vero,
2580 4308 2670 4362 illa
2716 4308 2858 4364 ﬁebo
2891 4328 2955 4366 ac
2995 4314 3228 4383 lugebo?
3255 4333 3374 4386 quae
3416 4325 3545 4373 sunt

285 4414 421 4464 Δέον
453 4411 521 4464 τὰ
558 4414 655 4480 μὲν
677 4413 940 4479 γεγονότα
968 4413 1183 4483 χαλεπὰ
1211 4414 1416 4480 λιπεῖν,
1467 4412 1703 4481 ἐπείπερ
1730 4413 1862 4463 ἀνα-

288 4504 481 4565 ϐίωσις
503 4503 603 4555 οὐκ
637 4502 753 4554 ἐστι
799 4502 909 4557 τῶν
953 4504 1324 4573 τεθνηκότων,
1356 4504 1494 4575 πρὸς
1539 4503 1596 4556 δὲ
1644 4503 1713 4556 τὰ
1758 4500 1871 4572 ἤδη

288 4593 402 4645 ἀπό
423 4608 488 4661 γε
517 4590 612 4645 τοῦ
665 4591 761 4644 νῦν
810 4593 1115 4662 πράγματα
1151 4594 1484 4663 μεταφέρειν
1543 4594 1635 4645 τὸν
1683 4591 1863 4659 λόγον,

290 4686 484 4738 τέκνον
512 4684 667 4755 ὲμὺν,
704 4683 1022 4754 σπλάγχνον
1052 4685 1208 4756 ὲμόν.
1242 4684 1303 4738 Εἰ
1346 4687 1453 4755 γὰρ
1487 4685 1581 4737 καὶ
1606 4684 1704 4753 τὴν
1729 4701 1866 4753 καρ-

290 4778 409 4829 δίαν
460 4776 733 4847 ἔπληξας,
794 4778 844 4830 εί
894 4777 989 4829 καὶ
1033 4776 1229 4846 ὀδύνης
1296 4777 1622 4848 ἐνέπλησας,
1675 4776 1743 4830 δι’
1789 4770 1865 4831 ὧν

290 4867 555 4939 ἔπραξας,
598 4871 669 4921 τὰ
708 4868 956 4939 πατρικά
1010 4867 1297 4937 σπλάγχνα
1358 4867 1723 4938 συστρέφεται
1771 4867 1867 4920 ἐπὶ

292 4965 396 5016 σοί.
464 4960 795 5031 ’Δρκέσθητι
848 4962 960 5023 τοῖς
1005 4961 1417 5031 εἰργασμένοις,
1474 4961 1640 5030 μέχρι
1673 4958 1867 5013 τούτου

290 5056 533 5124 στήτωή
592 5053 687 5105 τοῦ
742 5052 982 5123 πονηροῦ
1038 5053 1291 5123 δαίμονο;
1343 5053 1483 5106 κατά
1525 5053 1627 5123 τῆς
1683 5052 1870 5123 κοινῆς

288 5147 398 5198 τῶν
432 5145 784 5218 Χριστιανῶν
822 5148 1136 5215 μιαιφονίας
1168 5147 1443 5215 ἐνέργεια,
1478 5146 1616 5216 μηδέ
1649 5163 1701 5198 τι
1735 5144 1867 5197 πλέ-

288 5256 345 5289 ον
380 5238 577 5307 ἰσχύσῃ
623 5237 788 5299 αὐτὸς
830 5237 927 5303 μὲν
960 5237 1305 5306 ἐξορχεῖσθαι
1359 5240 1455 5291 καὶ
1505 5240 1721 5309 χαίρειν
1770 5240 1867 5292 ἐπὶ

285 5332 353 5397 τῇ
389 5331 543 5397 κοινῇ
579 5328 856 5395 συμφορᾷ,
884 5324 963 5394 τῷ
991 5328 1212 5396 Χριστῴ
1234 5328 1292 5379 δὲ
1321 5330 1414 5380 καὶ
1437 5327 1555 5396 Θεῴ
1584 5328 1743 5399 ἡμῶν
1771 5346 1867 5381 πε-

286 5421 525 5487 ριποιεῖν
557 5419 619 5471 τὸ
649 5418 1093 5485 σκυθρωπάζειν,
1154 5422 1250 5471 καὶ
1284 5423 1395 5483 τοῖς
1460 5419 1865 5491 φιλανθρώποις

286 5513 568 5579 ἀγγέλοις,
604 5515 698 5567 καὶ
730 5517 897 5566 πᾶσιν
926 5517 1040 5567 ὅσοι
1083 5511 1145 5564 τὸ
1172 5512 1419 5564 εὐσεϐεῖν
1451 5513 1859 5583 ἐκληρώσαντοο

354 5668 388 5697 ίδ
422 5667 581 5725 liciti.
615 5685 693 5726 ix.
732 5670 817 5723 2‘2.
899 5672 917 5701 ⁸
949 5669 1140 5724 Ειιιριι.
1172 5685 1319 5736 xvm,
1355 5669 1441 5722 5:2.

1969 4410 2185 4470 peracta
2238 4401 2484 4470 linquere
2524 4409 2769 4471 oportet,
2825 4417 2949 4457 cum
3005 4420 3110 4458 non
3147 4408 3218 4460 sit
3280 4410 3541 4477 possibile

1970 4505 2216 4548 mortuos
2252 4494 2540 4559 suscitare,
2595 4493 2662 4547 ad
2718 4493 2960 4549 facienda
3007 4497 3266 4568 deinceps
3316 4516 3549 4579 conver-

1969 4588 2165 4642 tendus
2197 4601 2379 4641 sermo
2403 4595 2503 4649 est,
2537 4586 2608 4640 ﬁli
2643 4587 2735 4652 mi,
2762 4590 2967 4643 viscera
3006 4606 3158 4658 mea;
3194 4592 3240 4646 si
3278 4594 3423 4648 enim
3456 4611 3550 4650 cor

1971 4697 2148 4736 meum
2202 4679 2455 4734 amixeris
2511 4681 2838 4750 tristitiaque
2891 4688 2997 4737 tuis
3028 4682 3184 4740 factis
3218 4685 3548 4756 impleveris.

1969 4772 2178 4826 viscera
2206 4779 2386 4823 tamen
2402 4779 2639 4846 paterna
2673 4772 2725 4825 in
2760 4781 2810 4826 te
2853 4787 3171 4830 moventur:
3210 4781 3446 4847 peractis
3473 4781 3546 4833 sis

1963 4872 2272 4927 contentus,
2309 4864 2397 4917 hic
2430 4874 2539 4917 stat
2568 4865 2786 4919 scelesti
2820 4869 3084 4922 darmonis
3108 4873 3174 4951 qd
3198 4885 3544 4926 communem

1964 4954 2402 5010 Christianorum
2432 4956 2857 5011 internecionem
2888 4958 3145 5026 impetus,
3176 4976 3275 5015 nec
3305 4965 3540 5031 amplius

1968 5048 2177 5102 laetetur
2231 5059 2324 5101 aut
2402 5049 2636 5118 gaudeat
2697 5052 2973 5103 communi
3036 5052 3377 5116 calamitate,
3439 5071 3539 5107 nec

1964 5140 2242 5196 Christum
2291 5156 2356 5195 ac
2414 5143 2579 5195 Deum
2636 5149 2884 5195 nostrum
2945 5145 3273 5198 contristare
3327 5146 3544 5209 valeat,

1964 5250 2141 5304 neque
2201 5235 2482 5288 hominum
2536 5245 2810 5291 amatores
2867 5238 3129 5307 angelos,
3187 5253 3359 5306 neque
3421 5255 3541 5293 om-

1964 5342 2062 5382 nes
2088 5326 2402 5396 quicunque
2450 5326 2644 5395 pietate
2694 5337 2824 5381 suut
2854 5328 3077 5393 donati;
3115 5328 3318 5382 bonum
3372 5330 3545 5399 siqui-

1964 5421 2086 5474 dem
2121 5437 2225 5474 non
2254 5422 2470 5474 initium
2501 5434 2695 5489 capere
2724 5421 2925 5475 malum
2968 5435 3104 5489 opus
3140 5435 3316 5491 neque
3369 5422 3547 5477 homi-

1964 5530 2087 5569 nem
2121 5526 2319 5571 arecta
2358 5515 2442 5569 via
2493 5515 2789 5579 declinare,
2846 5529 2969 5568 cum
3022 5523 3205 5570 autem
3256 5517 3386 5586 quid
3441 5516 3545 5572 tale
