  <div class='ocr_page' id='page_1' title='image "/cluster/home/n/w/nwhite01/storage/ocr_20150623/111/hvd.32044073502288/041.png"; bbox 0 0 3996 6208; ppageno 0'>
   <div class='ocr_carea' id='block_1_1' title="bbox 454 212 3720 288">
    <p class='ocr_par' dir='ltr' id='par_1_1' title="bbox 454 212 3720 288">
     <span class='ocr_line' id='line_1_1' title="bbox 454 212 3720 288; baseline -0.002 -8"><span class='ocrx_word' id='word_1_1' title='bbox 454 219 518 280; x_wconf 79' lang='lat' dir='ltr'><strong>7i</strong></span> <span class='ocrx_word' id='word_1_2' title='bbox 1584 215 1896 277; x_wconf 72' lang='lat' dir='ltr'><strong>NICOLAI</strong></span> <span class='ocrx_word' id='word_1_3' title='bbox 1941 215 2049 277; x_wconf 86' lang='lat' dir='ltr'><strong>CP.</strong></span> <span class='ocrx_word' id='word_1_4' title='bbox 2092 212 2608 288; x_wconf 70' lang='lat' dir='ltr'><strong>PATRIABCH/E</strong></span> <span class='ocrx_word' id='word_1_5' title='bbox 3645 213 3720 274; x_wconf 72' lang='lat'><strong>7?.</strong></span> 
     </span>
    </p>
   </div>
   <div class='ocr_carea' id='block_1_2' title="bbox 454 321 2040 400">
    <p class='ocr_par' dir='ltr' id='par_1_2' title="bbox 454 327 2040 400">
     <span class='ocr_line' id='line_1_2' title="bbox 454 327 2040 400; baseline 0 -19"><span class='ocrx_word' id='word_1_6' title='bbox 454 329 727 395; x_wconf 70' lang='lat' dir='ltr'><strong>m&#39;enerit,</strong></span> <span class='ocrx_word' id='word_1_7' title='bbox 760 337 822 386; x_wconf 88' lang='lat' dir='ltr'><strong>ut</strong></span> <span class='ocrx_word' id='word_1_8' title='bbox 856 327 1105 384; x_wconf 85' lang='lat' dir='ltr'><strong>accidere</strong></span> <span class='ocrx_word' id='word_1_9' title='bbox 1141 343 1364 384; x_wconf 85' lang='lat' dir='ltr'><strong>necesse</strong></span> <span class='ocrx_word' id='word_1_10' title='bbox 1413 339 1497 384; x_wconf 87' lang='lat' dir='ltr'><strong>est</strong></span> <span class='ocrx_word' id='word_1_11' title='bbox 1553 332 1608 384; x_wconf 93' lang='lat' dir='ltr'><strong>in</strong></span> <span class='ocrx_word' id='word_1_12' title='bbox 1655 331 1760 386; x_wconf 89' lang='lat' dir='ltr'><strong>hac</strong></span> <span class='ocrx_word' id='word_1_13' title='bbox 1798 339 2040 400; x_wconf 88' lang='lat' dir='ltr'><strong>peccato-</strong></span> 
     </span>
    </p>
   </div>
   <div class='ocr_carea' id='block_1_3' title="bbox 2147 321 3718 400">
    <p class='ocr_par' dir='ltr' id='par_1_3' title="bbox 2147 321 3718 398">
     <span class='ocr_line' id='line_1_3' title="bbox 2147 321 3718 398; baseline -0.001 -17"><span class='ocrx_word' id='word_1_14' title='bbox 2147 328 2349 398; x_wconf 84' lang='grc' dir='ltr'>ἁγαθδν</span> <span class='ocrx_word' id='word_1_15' title='bbox 2384 327 2483 398; x_wconf 80' lang='grc' dir='ltr'><strong>μὲν</strong></span> <span class='ocrx_word' id='word_1_16' title='bbox 2511 325 2620 396; x_wconf 82' lang='grc' dir='ltr'>γὰρ</span> <span class='ocrx_word' id='word_1_17' title='bbox 2658 323 2902 395; x_wconf 83' lang='grc' dir='ltr'>μηδόλως</span> <span class='ocrx_word' id='word_1_18' title='bbox 2930 323 3115 380; x_wconf 78' lang='grc' dir='ltr'>λαϐεῖν</span> <span class='ocrx_word' id='word_1_19' title='bbox 3151 323 3325 395; x_wconf 73' lang='grc' dir='ltr'>ἀρχὴν</span> <span class='ocrx_word' id='word_1_20' title='bbox 3361 321 3523 395; x_wconf 81' lang='grc' dir='ltr'>ἔργον</span> <span class='ocrx_word' id='word_1_21' title='bbox 3553 341 3718 397; x_wconf 78' lang='grc' dir='ltr'>πονη-</span> 
     </span>
    </p>
   </div>
   <div class='ocr_carea' id='block_1_4' title="bbox 453 422 2050 494">
    <p class='ocr_par' dir='ltr' id='par_1_4' title="bbox 453 422 2050 494">
     <span class='ocr_line' id='line_1_4' title="bbox 453 422 2050 494; baseline 0.002 -20"><span class='ocrx_word' id='word_1_22' title='bbox 453 439 576 476; x_wconf 73' lang='lat' dir='ltr'><strong>rum</strong></span> <span class='ocrx_word' id='word_1_23' title='bbox 612 438 981 492; x_wconf 89' lang='lat' dir='ltr'><strong>errorumque</strong></span> <span class='ocrx_word' id='word_1_24' title='bbox 1042 423 1243 476; x_wconf 88' lang='lat' dir='ltr'><strong>referta</strong></span> <span class='ocrx_word' id='word_1_25' title='bbox 1305 422 1452 489; x_wconf 76' lang='lat' dir='ltr'><strong>vita,</strong></span> <span class='ocrx_word' id='word_1_26' title='bbox 1487 433 1720 493; x_wconf 76' lang='lat' dir='ltr'><strong>Oportet,</strong></span> <span class='ocrx_word' id='word_1_27' title='bbox 1777 423 1906 494; x_wconf 83' lang='lat' dir='ltr'><strong>quia</strong></span> <span class='ocrx_word' id='word_1_28' title='bbox 1958 423 2050 477; x_wconf 87' lang='lat' dir='ltr'><strong>Dei</strong></span> 
     </span>
    </p>
   </div>
   <div class='ocr_carea' id='block_1_5' title="bbox 454 513 2051 576">
    <p class='ocr_par' dir='ltr' id='par_1_5' title="bbox 454 513 2051 576">
     <span class='ocr_line' id='line_1_5' title="bbox 454 513 2051 576; baseline 0.003 -11"><span class='ocrx_word' id='word_1_29' title='bbox 454 523 741 568; x_wconf 77' lang='lat' dir='ltr'><strong>consortes</strong></span> <span class='ocrx_word' id='word_1_30' title='bbox 773 513 1065 576; x_wconf 82' lang='lat' dir='ltr'><strong>efﬁcimur,</strong></span> <span class='ocrx_word' id='word_1_31' title='bbox 1093 515 1348 568; x_wconf 89' lang='lat' dir='ltr'><strong>delictum</strong></span> <span class='ocrx_word' id='word_1_32' title='bbox 1373 516 1707 569; x_wconf 89' lang='lat' dir='ltr'><strong>correctione</strong></span> <span class='ocrx_word' id='word_1_33' title='bbox 1730 515 2051 570; x_wconf 84' lang='lat' dir='ltr'><strong>emendare:</strong></span> 
     </span>
    </p>
   </div>
   <div class='ocr_carea' id='block_1_6' title="bbox 454 605 2049 674">
    <p class='ocr_par' dir='ltr' id='par_1_6' title="bbox 454 605 2049 674">
     <span class='ocr_line' id='line_1_6' title="bbox 454 605 2049 674; baseline 0.002 -17"><span class='ocrx_word' id='word_1_34' title='bbox 454 606 829 658; x_wconf 85' lang='lat' dir='ltr'><strong>miserandum</strong></span> <span class='ocrx_word' id='word_1_35' title='bbox 858 605 972 674; x_wconf 86' lang='lat' dir='ltr'><strong>jam</strong></span> <span class='ocrx_word' id='word_1_36' title='bbox 1007 613 1061 658; x_wconf 87' lang='lat' dir='ltr'><strong>et</strong></span> <span class='ocrx_word' id='word_1_37' title='bbox 1088 605 1481 674; x_wconf 87' lang='lat' dir='ltr'><strong>deplorandum</strong></span> <span class='ocrx_word' id='word_1_38' title='bbox 1515 605 1656 660; x_wconf 84' lang='lat' dir='ltr'><strong>inter</strong></span> <span class='ocrx_word' id='word_1_39' title='bbox 1684 606 1962 662; x_wconf 79' lang='lat' dir='ltr'><strong>Romanos</strong></span> <span class='ocrx_word' id='word_1_40' title='bbox 1992 616 2049 660; x_wconf 90' lang='lat' dir='ltr'><strong>et</strong></span> 
     </span>
    </p>
   </div>
   <div class='ocr_carea' id='block_1_7' title="bbox 457 696 2045 767">
    <p class='ocr_par' dir='ltr' id='par_1_7' title="bbox 457 696 2045 767">
     <span class='ocr_line' id='line_1_7' title="bbox 457 696 2045 767; baseline 0.002 -19"><span class='ocrx_word' id='word_1_41' title='bbox 457 696 725 764; x_wconf 70' lang='lat' dir='ltr'><strong>linigaros</strong></span> <span class='ocrx_word' id='word_1_42' title='bbox 781 696 984 750; x_wconf 83' lang='lat' dir='ltr'><strong>accidit</strong></span> <span class='ocrx_word' id='word_1_43' title='bbox 1047 697 1372 751; x_wconf 89' lang='lat' dir='ltr'><strong>dissidium:</strong></span> <span class='ocrx_word' id='word_1_44' title='bbox 1413 699 1555 767; x_wconf 86' lang='lat' dir='ltr'><strong>quod</strong></span> <span class='ocrx_word' id='word_1_45' title='bbox 1614 713 1735 767; x_wconf 59' lang='lat' dir='ltr'><strong>quae</strong></span> <span class='ocrx_word' id='word_1_46' title='bbox 1781 698 2045 764; x_wconf 88' lang='lat' dir='ltr'><strong>temporis</strong></span> 
     </span>
    </p>
   </div>
   <div class='ocr_carea' id='block_1_8' title="bbox 453 787 2044 852">
    <p class='ocr_par' dir='ltr' id='par_1_8' title="bbox 453 787 2044 852">
     <span class='ocr_line' id='line_1_8' title="bbox 453 787 2044 852; baseline 0.001 -14"><span class='ocrx_word' id='word_1_47' title='bbox 453 788 784 840; x_wconf 80' lang='lat' dir='ltr'><strong>diuturnitas</strong></span> <span class='ocrx_word' id='word_1_48' title='bbox 835 787 1108 841; x_wconf 81' lang='lat' dir='ltr'><strong>oblivione</strong></span> <span class='ocrx_word' id='word_1_49' title='bbox 1161 787 1377 852; x_wconf 90' lang='lat' dir='ltr'><strong>obruet,</strong></span> <span class='ocrx_word' id='word_1_50' title='bbox 1432 804 1495 842; x_wconf 90' lang='lat' dir='ltr'><strong>ac</strong></span> <span class='ocrx_word' id='word_1_51' title='bbox 1535 788 1589 841; x_wconf 90' lang='lat' dir='ltr'><strong>in</strong></span> <span class='ocrx_word' id='word_1_52' title='bbox 1643 788 1838 842; x_wconf 77' lang='lat' dir='ltr'><strong>saecula</strong></span> <span class='ocrx_word' id='word_1_53' title='bbox 1893 803 2044 842; x_wconf 87' lang='lat' dir='ltr'><strong>com-</strong></span> 
     </span>
    </p>
   </div>
   <div class='ocr_carea' id='block_1_9' title="bbox 456 876 2045 948">
    <p class='ocr_par' dir='ltr' id='par_1_9' title="bbox 456 876 2045 948">
     <span class='ocr_line' id='line_1_9' title="bbox 456 876 2045 948; baseline 0.001 -20"><span class='ocrx_word' id='word_1_54' title='bbox 456 885 829 929; x_wconf 73' lang='lat' dir='ltr'><strong>memoratum</strong></span> <span class='ocrx_word' id='word_1_55' title='bbox 860 877 1018 930; x_wconf 90' lang='lat' dir='ltr'><strong>nobis</strong></span> <span class='ocrx_word' id='word_1_56' title='bbox 1049 888 1309 945; x_wconf 87' lang='lat' dir='ltr'><strong>perpetuo</strong></span> <span class='ocrx_word' id='word_1_57' title='bbox 1344 876 1401 929; x_wconf 89' lang='lat' dir='ltr'><strong>fit</strong></span> <span class='ocrx_word' id='word_1_58' title='bbox 1439 876 1715 948; x_wconf 74' lang='lat' dir='ltr'><strong>dedecori,</strong></span> <span class='ocrx_word' id='word_1_59' title='bbox 1749 889 1873 929; x_wconf 86' lang='lat' dir='ltr'><strong>cum</strong></span> <span class='ocrx_word' id='word_1_60' title='bbox 1899 877 2045 944; x_wconf 85' lang='lat' dir='ltr'><strong>pari-</strong></span> 
     </span>
    </p>
   </div>
   <div class='ocr_carea' id='block_1_10' title="bbox 456 967 2042 1038">
    <p class='ocr_par' dir='ltr' id='par_1_10' title="bbox 456 967 2042 1038">
     <span class='ocr_line' id='line_1_10' title="bbox 456 967 2042 1038; baseline 0 -18"><span class='ocrx_word' id='word_1_61' title='bbox 456 982 537 1020; x_wconf 78' lang='lat' dir='ltr'><strong>ter</strong></span> <span class='ocrx_word' id='word_1_62' title='bbox 584 985 685 1023; x_wconf 93' lang='lat' dir='ltr'><strong>nos</strong></span> <span class='ocrx_word' id='word_1_63' title='bbox 731 984 936 1038; x_wconf 77' lang='lat' dir='ltr'><strong>vosque</strong></span> <span class='ocrx_word' id='word_1_64' title='bbox 992 968 1432 1036; x_wconf 89' lang='lat' dir='ltr'><strong>deliquerimus?</strong></span> <span class='ocrx_word' id='word_1_65' title='bbox 1467 969 1560 1021; x_wconf 85' lang='lat' dir='ltr'><strong>sed</strong></span> <span class='ocrx_word' id='word_1_66' title='bbox 1615 975 1856 1021; x_wconf 81' lang='lat' dir='ltr'><strong>vestrum</strong></span> <span class='ocrx_word' id='word_1_67' title='bbox 1909 967 2042 1020; x_wconf 85' lang='lat' dir='ltr'><strong>deli—</strong></span> 
     </span>
    </p>
   </div>
   <div class='ocr_carea' id='block_1_11' title="bbox 456 1061 2042 1130">
    <p class='ocr_par' dir='ltr' id='par_1_11' title="bbox 456 1061 2042 1130">
     <span class='ocr_line' id='line_1_11' title="bbox 456 1061 2042 1130; baseline 0.001 -18"><span class='ocrx_word' id='word_1_68' title='bbox 456 1062 645 1128; x_wconf 84' lang='lat' dir='ltr'><strong>quium</strong></span> <span class='ocrx_word' id='word_1_69' title='bbox 681 1063 887 1130; x_wconf 79' lang='lat' dir='ltr'><strong>absque</strong></span> <span class='ocrx_word' id='word_1_70' title='bbox 923 1063 1058 1114; x_wconf 85' lang='lat' dir='ltr'><strong>meis</strong></span> <span class='ocrx_word' id='word_1_71' title='bbox 1089 1062 1435 1115; x_wconf 86' lang='lat' dir='ltr'><strong>sermonibus</strong></span> <span class='ocrx_word' id='word_1_72' title='bbox 1454 1062 1776 1130; x_wconf 69' lang='lat' dir='ltr'><strong>agnoscitis:</strong></span> <span class='ocrx_word' id='word_1_73' title='bbox 1805 1061 2042 1130; x_wconf 85' lang='lat' dir='ltr'><strong>prudens</strong></span> 
     </span>
    </p>
   </div>
   <div class='ocr_carea' id='block_1_12' title="bbox 461 1151 2042 1221">
    <p class='ocr_par' dir='ltr' id='par_1_12' title="bbox 461 1151 2042 1221">
     <span class='ocr_line' id='line_1_12' title="bbox 461 1151 2042 1221; baseline 0 -17"><span class='ocrx_word' id='word_1_74' title='bbox 461 1153 604 1207; x_wconf 78' lang='lat' dir='ltr'><strong>enim</strong></span> <span class='ocrx_word' id='word_1_75' title='bbox 635 1170 795 1221; x_wconf 88' lang='lat' dir='ltr'><strong>quam</strong></span> <span class='ocrx_word' id='word_1_76' title='bbox 834 1153 1071 1206; x_wconf 71' lang='lat' dir='ltr'><strong>maxime</strong></span> <span class='ocrx_word' id='word_1_77' title='bbox 1101 1167 1224 1205; x_wconf 91' lang='lat' dir='ltr'><strong>cum</strong></span> <span class='ocrx_word' id='word_1_78' title='bbox 1261 1151 1336 1206; x_wconf 89' lang='lat' dir='ltr'><strong>sis</strong></span> <span class='ocrx_word' id='word_1_79' title='bbox 1361 1160 1412 1205; x_wconf 91' lang='lat' dir='ltr'><strong>et</strong></span> <span class='ocrx_word' id='word_1_80' title='bbox 1449 1151 1723 1220; x_wconf 86' lang='lat' dir='ltr'><strong>propriam</strong></span> <span class='ocrx_word' id='word_1_81' title='bbox 1752 1151 2042 1205; x_wconf 87' lang='lat' dir='ltr'><strong>conscien-</strong></span> 
     </span>
    </p>
   </div>
   <div class='ocr_carea' id='block_1_13' title="bbox 459 1243 2039 1311">
    <p class='ocr_par' dir='ltr' id='par_1_13' title="bbox 459 1243 2039 1311">
     <span class='ocr_line' id='line_1_13' title="bbox 459 1243 2039 1311; baseline 0.001 -16"><span class='ocrx_word' id='word_1_82' title='bbox 459 1245 587 1296; x_wconf 91' lang='lat' dir='ltr'><strong>tiam</strong></span> <span class='ocrx_word' id='word_1_83' title='bbox 621 1243 859 1311; x_wconf 86' lang='lat' dir='ltr'><strong>jmlicem</strong></span> <span class='ocrx_word' id='word_1_84' title='bbox 893 1244 943 1296; x_wconf 92' lang='lat' dir='ltr'><strong>in</strong></span> <span class='ocrx_word' id='word_1_85' title='bbox 987 1251 1037 1297; x_wconf 89' lang='lat' dir='ltr'><strong>te</strong></span> <span class='ocrx_word' id='word_1_86' title='bbox 1071 1245 1412 1297; x_wconf 90' lang='lat' dir='ltr'><strong>constituens</strong></span> <span class='ocrx_word' id='word_1_87' title='bbox 1439 1243 1654 1310; x_wconf 84' lang='lat' dir='ltr'><strong>culpam</strong></span> <span class='ocrx_word' id='word_1_88' title='bbox 1715 1251 1860 1296; x_wconf 85' lang='lat' dir='ltr'><strong>tuam</strong></span> <span class='ocrx_word' id='word_1_89' title='bbox 1912 1250 2039 1296; x_wconf 91' lang='lat' dir='ltr'><strong>ante</strong></span> 
     </span>
    </p>
   </div>
   <div class='ocr_carea' id='block_1_14' title="bbox 460 1337 1078 1405">
    <p class='ocr_par' dir='ltr' id='par_1_14' title="bbox 460 1337 1078 1405">
     <span class='ocr_line' id='line_1_14' title="bbox 460 1337 1078 1405; baseline 0.005 -19"><span class='ocrx_word' id='word_1_90' title='bbox 460 1352 574 1390; x_wconf 87' lang='lat' dir='ltr'><strong>mea</strong></span> <span class='ocrx_word' id='word_1_91' title='bbox 602 1337 762 1390; x_wconf 75' lang='lat' dir='ltr'><strong>verba</strong></span> <span class='ocrx_word' id='word_1_92' title='bbox 791 1352 1078 1405; x_wconf 80' lang='lat' dir='ltr'><strong>agnosces.</strong></span> 
     </span>
    </p>
   </div>
   <div class='ocr_carea' id='block_1_15' title="bbox 2156 402 3721 485">
    <p class='ocr_par' dir='ltr' id='par_1_15' title="bbox 2156 402 3721 485">
     <span class='ocr_line' id='line_1_15' title="bbox 2156 402 3721 485; baseline -0.001 -17"><span class='ocrx_word' id='word_1_93' title='bbox 2156 417 2265 485; x_wconf 73' lang='grc' dir='ltr'>ρον,</span> <span class='ocrx_word' id='word_1_94' title='bbox 2302 402 2439 484; x_wconf 80' lang='grc' dir='ltr'>μηδὲ</span> <span class='ocrx_word' id='word_1_95' title='bbox 2470 415 2564 467; x_wconf 89' lang='grc' dir='ltr'><strong>τοῦ</strong></span> <span class='ocrx_word' id='word_1_96' title='bbox 2599 414 2906 483; x_wconf 80' lang='grc' dir='ltr'><strong>πρέποντος</strong></span> <span class='ocrx_word' id='word_1_97' title='bbox 2950 414 3338 483; x_wconf 76' lang='grc' dir='ltr'><strong>ἀποσφαλῆναι</strong></span> <span class='ocrx_word' id='word_1_98' title='bbox 3386 414 3478 466; x_wconf 83' lang='grc' dir='ltr'><strong>τὸν</strong></span> <span class='ocrx_word' id='word_1_99' title='bbox 3515 415 3721 484; x_wconf 68' lang='grc' dir='ltr'>ἀνθρώ-</span> 
     </span>
    </p>
   </div>
   <div class='ocr_carea' id='block_1_16' title="bbox 2153 502 3725 578">
    <p class='ocr_par' dir='ltr' id='par_1_16' title="bbox 2153 502 3725 578">
     <span class='ocr_line' id='line_1_16' title="bbox 2153 502 3725 578; baseline 0.003 -21"><span class='ocrx_word' id='word_1_100' title='bbox 2153 523 2252 558; x_wconf 86' lang='grc' dir='ltr'><strong>πον</strong></span> <span class='ocrx_word' id='word_1_101' title='bbox 2282 522 2296 536; x_wconf 78' lang='grc' dir='ltr'><strong>ο</strong></span> <span class='ocrx_word' id='word_1_102' title='bbox 2331 507 2424 558; x_wconf 72' lang='grc' dir='ltr'><strong>ἐὰν</strong></span> <span class='ocrx_word' id='word_1_103' title='bbox 2450 505 2505 558; x_wconf 81' lang='grc' dir='ltr'>δὲ</span> <span class='ocrx_word' id='word_1_104' title='bbox 2535 505 2644 576; x_wconf 79' lang='grc' dir='ltr'>ἄρα</span> <span class='ocrx_word' id='word_1_105' title='bbox 2679 505 2775 558; x_wconf 68' lang='grc' dir='ltr'><strong>καὶ</strong></span> <span class='ocrx_word' id='word_1_106' title='bbox 2802 505 3025 574; x_wconf 86' lang='grc' dir='ltr'>γένηταί</span> <span class='ocrx_word' id='word_1_107' title='bbox 3061 524 3113 558; x_wconf 87' lang='grc' dir='ltr'><strong>τι</strong></span> <span class='ocrx_word' id='word_1_108' title='bbox 3169 507 3433 572; x_wconf 88' lang='grc' dir='ltr'>τοιοῦτον,</span> <span class='ocrx_word' id='word_1_109' title='bbox 3461 502 3550 562; x_wconf 78' lang='grc' dir='ltr'>οἶα</span> <span class='ocrx_word' id='word_1_110' title='bbox 3587 527 3725 578; x_wconf 82' lang='grc' dir='ltr'>συμ-</span> 
     </span>
    </p>
   </div>
   <div class='ocr_carea' id='block_1_17' title="bbox 2147 597 3724 670">
    <p class='ocr_par' dir='ltr' id='par_1_17' title="bbox 2147 597 3724 670">
     <span class='ocr_line' id='line_1_17' title="bbox 2147 597 3724 670; baseline 0.005 -20"><span class='ocrx_word' id='word_1_111' title='bbox 2147 597 2357 650; x_wconf 78' lang='grc' dir='ltr'>ϐαίνειν</span> <span class='ocrx_word' id='word_1_112' title='bbox 2390 598 2607 667; x_wconf 79' lang='grc' dir='ltr'><strong>ἀνάγκη</strong></span> <span class='ocrx_word' id='word_1_113' title='bbox 2631 597 2710 664; x_wconf 81' lang='grc' dir='ltr'>τῷ</span> <span class='ocrx_word' id='word_1_114' title='bbox 2741 598 3185 670; x_wconf 84' lang='grc' dir='ltr'>πολυαμαρτήτῳ</span> <span class='ocrx_word' id='word_1_115' title='bbox 3232 599 3328 654; x_wconf 72' lang='grc' dir='ltr'><strong>καὶ</strong></span> <span class='ocrx_word' id='word_1_116' title='bbox 3388 602 3724 658; x_wconf 82' lang='grc' dir='ltr'>πολυπλανεῖ</span> 
     </span>
    </p>
   </div>
   <div class='ocr_carea' id='block_1_18' title="bbox 2147 689 3725 762">
    <p class='ocr_par' dir='ltr' id='par_1_18' title="bbox 2147 689 3725 762">
     <span class='ocr_line' id='line_1_18' title="bbox 2147 689 3725 762; baseline 0.004 -21"><span class='ocrx_word' id='word_1_117' title='bbox 2147 689 2270 761; x_wconf 81' lang='grc' dir='ltr'>βίῳ,</span> <span class='ocrx_word' id='word_1_118' title='bbox 2301 689 2438 742; x_wconf 84' lang='grc' dir='ltr'>ἀλλὰ</span> <span class='ocrx_word' id='word_1_119' title='bbox 2461 690 2624 742; x_wconf 72' lang='grc' dir='ltr'>πάλιν</span> <span class='ocrx_word' id='word_1_120' title='bbox 2647 689 2723 753; x_wconf 85' lang='grc' dir='ltr'><strong>ώς</strong></span> <span class='ocrx_word' id='word_1_121' title='bbox 2751 691 2945 760; x_wconf 83' lang='grc' dir='ltr'>μοίρας</span> <span class='ocrx_word' id='word_1_122' title='bbox 2967 689 3102 743; x_wconf 86' lang='grc' dir='ltr'>Θεοῦ</span> <span class='ocrx_word' id='word_1_123' title='bbox 3133 690 3280 760; x_wconf 82' lang='grc' dir='ltr'>μίξιν</span> <span class='ocrx_word' id='word_1_124' title='bbox 3309 693 3553 762; x_wconf 76' lang='grc' dir='ltr'>ἔχουσιν,</span> <span class='ocrx_word' id='word_1_125' title='bbox 3582 696 3725 762; x_wconf 61' lang='lat'><strong>6&#39;92:-</strong></span> 
     </span>
    </p>
   </div>
   <div class='ocr_carea' id='block_1_19' title="bbox 2150 781 3729 856">
    <p class='ocr_par' dir='ltr' id='par_1_19' title="bbox 2150 781 3729 856">
     <span class='ocr_line' id='line_1_19' title="bbox 2150 781 3729 856; baseline 0.004 -24"><span class='ocrx_word' id='word_1_126' title='bbox 2150 781 2378 851; x_wconf 84' lang='grc' dir='ltr'>λόμενόν</span> <span class='ocrx_word' id='word_1_127' title='bbox 2409 783 2525 834; x_wconf 78' lang='grc' dir='ltr'>ἐστι</span> <span class='ocrx_word' id='word_1_128' title='bbox 2555 783 2632 851; x_wconf 87' lang='grc' dir='ltr'>τῷ</span> <span class='ocrx_word' id='word_1_129' title='bbox 2663 783 2968 852; x_wconf 77' lang='grc' dir='ltr'>πταίσματι</span> <span class='ocrx_word' id='word_1_130' title='bbox 3012 785 3313 854; x_wconf 72' lang='grc' dir='ltr'><strong>προσάγειν</strong></span> <span class='ocrx_word' id='word_1_131' title='bbox 3346 787 3448 856; x_wconf 83' lang='grc' dir='ltr'>τὴν</span> <span class='ocrx_word' id='word_1_132' title='bbox 3487 789 3729 852; x_wconf 81' lang='grc' dir='ltr'>ἐπανόρ-</span> 
     </span>
    </p>
   </div>
   <div class='ocr_carea' id='block_1_20' title="bbox 2153 875 3730 945">
    <p class='ocr_par' dir='ltr' id='par_1_20' title="bbox 2153 875 3730 945">
     <span class='ocr_line' id='line_1_20' title="bbox 2153 875 3730 945; baseline 0.001 -16"><span class='ocrx_word' id='word_1_133' title='bbox 2153 875 2340 929; x_wconf 88' lang='grc' dir='ltr'>θωσιν.</span> <span class='ocrx_word' id='word_1_134' title='bbox 2371 876 2567 942; x_wconf 82' lang='grc' dir='ltr'>Γέγονε</span> <span class='ocrx_word' id='word_1_135' title='bbox 2613 875 2673 927; x_wconf 75' lang='grc' dir='ltr'><strong>τὸ</strong></span> <span class='ocrx_word' id='word_1_136' title='bbox 2703 875 2802 945; x_wconf 70' lang='grc' dir='ltr'>ἤδη</span> <span class='ocrx_word' id='word_1_137' title='bbox 2860 875 3084 942; x_wconf 78' lang='grc' dir='ltr'>γεγονὸς</span> <span class='ocrx_word' id='word_1_138' title='bbox 3133 876 3366 928; x_wconf 63' lang='grc' dir='ltr'>ἐλεεινὸν</span> <span class='ocrx_word' id='word_1_139' title='bbox 3421 880 3513 930; x_wconf 75' lang='grc' dir='ltr'>καὶ</span> <span class='ocrx_word' id='word_1_140' title='bbox 3563 881 3730 932; x_wconf 73' lang='grc' dir='ltr'>πολυο</span> 
     </span>
    </p>
   </div>
   <div class='ocr_carea' id='block_1_21' title="bbox 2153 969 3723 1043">
    <p class='ocr_par' dir='ltr' id='par_1_21' title="bbox 2153 969 3723 1043">
     <span class='ocr_line' id='line_1_21' title="bbox 2153 969 3723 1043; baseline 0.004 -22"><span class='ocrx_word' id='word_1_141' title='bbox 2153 969 2348 1032; x_wconf 83' lang='grc' dir='ltr'>πενθὲς</span> <span class='ocrx_word' id='word_1_142' title='bbox 2379 970 2580 1039; x_wconf 79' lang='grc' dir='ltr'>μεταξὺ</span> <span class='ocrx_word' id='word_1_143' title='bbox 2613 969 2941 1038; x_wconf 83' lang='grc' dir='ltr'>Βουλγάρων</span> <span class='ocrx_word' id='word_1_144' title='bbox 2972 971 3066 1023; x_wconf 71' lang='grc' dir='ltr'>καὶ</span> <span class='ocrx_word' id='word_1_145' title='bbox 3118 971 3405 1040; x_wconf 76' lang='grc' dir='ltr'>Ῥωμαίων</span> <span class='ocrx_word' id='word_1_146' title='bbox 3453 977 3723 1043; x_wconf 60' lang='grc' dir='ltr'>πτιῖσμα,</span> 
     </span>
    </p>
   </div>
   <div class='ocr_carea' id='block_1_22' title="bbox 2160 1060 3725 1135">
    <p class='ocr_par' dir='ltr' id='par_1_22' title="bbox 2160 1060 3725 1135">
     <span class='ocr_line' id='line_1_22' title="bbox 2160 1060 3725 1135; baseline -0.003 -20"><span class='ocrx_word' id='word_1_147' title='bbox 2160 1062 2190 1116; x_wconf 82' lang='grc' dir='ltr'><strong>ὃ</strong></span> <span class='ocrx_word' id='word_1_148' title='bbox 2229 1061 2312 1125; x_wconf 80' lang='grc' dir='ltr'><strong>τίς</strong></span> <span class='ocrx_word' id='word_1_149' title='bbox 2346 1061 2412 1115; x_wconf 85' lang='grc' dir='ltr'>ἂν</span> <span class='ocrx_word' id='word_1_150' title='bbox 2440 1061 2630 1132; x_wconf 82' lang='grc' dir='ltr'>χρόνος</span> <span class='ocrx_word' id='word_1_151' title='bbox 2661 1060 2809 1135; x_wconf 80' lang='grc' dir='ltr'>δώσῃ</span> <span class='ocrx_word' id='word_1_152' title='bbox 2837 1062 3008 1132; x_wconf 78' lang='grc' dir='ltr'>λήθην</span> <span class='ocrx_word' id='word_1_153' title='bbox 3042 1064 3136 1116; x_wconf 71' lang='grc' dir='ltr'><strong>καὶ</strong></span> <span class='ocrx_word' id='word_1_154' title='bbox 3173 1064 3248 1132; x_wconf 82' lang='grc' dir='ltr'>μὴ</span> <span class='ocrx_word' id='word_1_155' title='bbox 3283 1067 3458 1117; x_wconf 85' lang='grc' dir='ltr'>πάντα</span> <span class='ocrx_word' id='word_1_156' title='bbox 3504 1067 3597 1119; x_wconf 84' lang='grc' dir='ltr'><strong>τὸν</strong></span> <span class='ocrx_word' id='word_1_157' title='bbox 3631 1069 3725 1120; x_wconf 86' lang='grc' dir='ltr'>αἰ-</span> 
     </span>
    </p>
   </div>
   <div class='ocr_carea' id='block_1_23' title="bbox 2149 1153 3724 1229">
    <p class='ocr_par' dir='ltr' id='par_1_23' title="bbox 2149 1153 3724 1229">
     <span class='ocr_line' id='line_1_23' title="bbox 2149 1153 3724 1229; baseline 0.003 -22"><span class='ocrx_word' id='word_1_158' title='bbox 2149 1154 2261 1207; x_wconf 90' lang='grc' dir='ltr'><strong>ῶνα</strong></span> <span class='ocrx_word' id='word_1_159' title='bbox 2289 1155 2369 1218; x_wconf 84' lang='grc' dir='ltr'><strong>εἰς</strong></span> <span class='ocrx_word' id='word_1_160' title='bbox 2397 1154 2585 1224; x_wconf 79' lang='grc' dir='ltr'>κοινὴν</span> <span class='ocrx_word' id='word_1_161' title='bbox 2621 1153 2821 1224; x_wconf 84' lang='grc' dir='ltr'><strong>στήλην</strong></span> <span class='ocrx_word' id='word_1_162' title='bbox 2867 1155 2962 1207; x_wconf 70' lang='grc' dir='ltr'><strong>καὶ</strong></span> <span class='ocrx_word' id='word_1_163' title='bbox 3007 1154 3216 1218; x_wconf 73' lang='grc' dir='ltr'>ὄνειδος</span> <span class='ocrx_word' id='word_1_164' title='bbox 3273 1158 3358 1228; x_wconf 75' lang='grc' dir='ltr'>εἴη</span> <span class='ocrx_word' id='word_1_165' title='bbox 3413 1157 3724 1229; x_wconf 85' lang='grc' dir='ltr'>διαμνημο-</span> 
     </span>
    </p>
   </div>
   <div class='ocr_carea' id='block_1_24' title="bbox 2147 1243 3724 1314">
    <p class='ocr_par' dir='ltr' id='par_1_24' title="bbox 2147 1243 3724 1314">
     <span class='ocr_line' id='line_1_24' title="bbox 2147 1243 3724 1314; baseline 0.003 -17"><span class='ocrx_word' id='word_1_166' title='bbox 2147 1245 2464 1313; x_wconf 76' lang='grc' dir='ltr'>νευόμενον,</span> <span class='ocrx_word' id='word_1_167' title='bbox 2492 1244 2553 1296; x_wconf 81' lang='grc' dir='ltr'><strong>τὸ</strong></span> <span class='ocrx_word' id='word_1_168' title='bbox 2603 1243 2704 1312; x_wconf 88' lang='grc' dir='ltr'><strong>μέν</strong></span> <span class='ocrx_word' id='word_1_169' title='bbox 2744 1261 2793 1296; x_wconf 89' lang='grc' dir='ltr'><strong>τι</strong></span> <span class='ocrx_word' id='word_1_170' title='bbox 2823 1243 2916 1296; x_wconf 70' lang='grc' dir='ltr'><strong>καὶ</strong></span> <span class='ocrx_word' id='word_1_171' title='bbox 2951 1245 3108 1314; x_wconf 76' lang='grc' dir='ltr'>ἡμῶν</span> <span class='ocrx_word' id='word_1_172' title='bbox 3157 1248 3526 1310; x_wconf 81' lang='grc' dir='ltr'>πταισάντων,</span> <span class='ocrx_word' id='word_1_173' title='bbox 3571 1249 3634 1300; x_wconf 84' lang='grc' dir='ltr'><strong>τὸ</strong></span> <span class='ocrx_word' id='word_1_174' title='bbox 3667 1249 3724 1302; x_wconf 76' lang='grc' dir='ltr'>δὲ</span> 
     </span>
    </p>
   </div>
   <div class='ocr_carea' id='block_1_25' title="bbox 2147 1331 3725 1409">
    <p class='ocr_par' dir='ltr' id='par_1_25' title="bbox 2147 1331 3725 1409">
     <span class='ocr_line' id='line_1_25' title="bbox 2147 1331 3725 1409; baseline 0.005 -25"><span class='ocrx_word' id='word_1_175' title='bbox 2147 1333 2245 1385; x_wconf 75' lang='grc' dir='ltr'><strong>καὶ</strong></span> <span class='ocrx_word' id='word_1_176' title='bbox 2270 1331 2466 1401; x_wconf 83' lang='grc' dir='ltr'>ύμῶν;</span> <span class='ocrx_word' id='word_1_177' title='bbox 2515 1333 2679 1386; x_wconf 76' lang='grc' dir='ltr'>Ἀλλὰ</span> <span class='ocrx_word' id='word_1_178' title='bbox 2713 1332 2772 1386; x_wconf 77' lang='grc' dir='ltr'><strong>τὸ</strong></span> <span class='ocrx_word' id='word_1_179' title='bbox 2824 1333 2924 1400; x_wconf 80' lang='grc' dir='ltr'><strong>μὲν</strong></span> <span class='ocrx_word' id='word_1_180' title='bbox 2974 1334 3240 1406; x_wconf 83' lang='grc' dir='ltr'>ὑμέτερον</span> <span class='ocrx_word' id='word_1_181' title='bbox 3277 1341 3372 1390; x_wconf 69' lang='grc' dir='ltr'><strong>καί⁵</strong></span> <span class='ocrx_word' id='word_1_182' title='bbox 3418 1338 3589 1409; x_wconf 69' lang='grc' dir='ltr'>χωρὶς</span> <span class='ocrx_word' id='word_1_183' title='bbox 3615 1339 3725 1392; x_wconf 83' lang='grc' dir='ltr'><strong>τῶν</strong></span> 
     </span>
    </p>
   </div>
   <div class='ocr_carea' id='block_1_26' title="bbox 458 1425 3730 1503">
    <p class='ocr_par' dir='ltr' id='par_1_26' title="bbox 458 1425 3730 1503">
     <span class='ocr_line' id='line_1_26' title="bbox 458 1425 3730 1503; baseline 0.002 -26"><span class='ocrx_word' id='word_1_184' title='bbox 458 1428 610 1497; x_wconf 82' lang='grc' dir='ltr'>ἐμῶν</span> <span class='ocrx_word' id='word_1_185' title='bbox 671 1429 847 1496; x_wconf 86' lang='grc' dir='ltr'>λόγων</span> <span class='ocrx_word' id='word_1_186' title='bbox 875 1431 1030 1482; x_wconf 68' lang='grc' dir='ltr'>αὐτοὶ</span> <span class='ocrx_word' id='word_1_187' title='bbox 1080 1429 1498 1498; x_wconf 75' lang='grc' dir='ltr'>ἐπιγινώσκετε·</span> <span class='ocrx_word' id='word_1_188' title='bbox 1544 1427 1768 1490; x_wconf 84' lang='grc' dir='ltr'>πάντως</span> <span class='ocrx_word' id='word_1_189' title='bbox 1833 1427 1942 1498; x_wconf 83' lang='grc' dir='ltr'><strong>γὰρ</strong></span> <span class='ocrx_word' id='word_1_190' title='bbox 1980 1427 2242 1498; x_wconf 83' lang='grc' dir='ltr'>φρόνιμος</span> <span class='ocrx_word' id='word_1_191' title='bbox 2273 1425 2373 1492; x_wconf 83' lang='grc' dir='ltr'><strong>ῶν,</strong></span> <span class='ocrx_word' id='word_1_192' title='bbox 2416 1425 2511 1479; x_wconf 77' lang='grc' dir='ltr'>καὶ</span> <span class='ocrx_word' id='word_1_193' title='bbox 2579 1428 2678 1497; x_wconf 76' lang='grc' dir='ltr'><strong>τὴν</strong></span> <span class='ocrx_word' id='word_1_194' title='bbox 2728 1427 2942 1480; x_wconf 80' lang='grc' dir='ltr'>οἰκείαν</span> <span class='ocrx_word' id='word_1_195' title='bbox 3001 1429 3308 1499; x_wconf 72' lang='grc' dir='ltr'>συνείδησιν</span> <span class='ocrx_word' id='word_1_196' title='bbox 3349 1432 3544 1503; x_wconf 83' lang='grc' dir='ltr'>κριτὴν</span> <span class='ocrx_word' id='word_1_197' title='bbox 3627 1452 3730 1489; x_wconf 84' lang='grc' dir='ltr'>κα-</span> 
     </span>
    </p>
   </div>
   <div class='ocr_carea' id='block_1_27' title="bbox 448 1517 2412 1592">
    <p class='ocr_par' dir='ltr' id='par_1_27' title="bbox 448 1517 2412 1592">
     <span class='ocr_line' id='line_1_27' title="bbox 448 1517 2412 1592; baseline 0.002 -24"><span class='ocrx_word' id='word_1_198' title='bbox 448 1517 750 1582; x_wconf 77' lang='grc' dir='ltr'>’οιστάνων,</span> <span class='ocrx_word' id='word_1_199' title='bbox 785 1520 1068 1592; x_wconf 79' lang='grc' dir='ltr'>ἐπιγνώσῃ</span> <span class='ocrx_word' id='word_1_200' title='bbox 1107 1521 1203 1590; x_wconf 78' lang='grc' dir='ltr'>τὴν</span> <span class='ocrx_word' id='word_1_201' title='bbox 1258 1520 1440 1573; x_wconf 87' lang='grc' dir='ltr'>αἰτίαν</span> <span class='ocrx_word' id='word_1_202' title='bbox 1470 1521 1565 1573; x_wconf 77' lang='grc' dir='ltr'><strong>καὶ</strong></span> <span class='ocrx_word' id='word_1_203' title='bbox 1622 1520 1727 1590; x_wconf 76' lang='grc' dir='ltr'><strong>πρὸ</strong></span> <span class='ocrx_word' id='word_1_204' title='bbox 1757 1518 1866 1572; x_wconf 89' lang='grc' dir='ltr'><strong>τῶν</strong></span> <span class='ocrx_word' id='word_1_205' title='bbox 1897 1519 2183 1590; x_wconf 80' lang='grc' dir='ltr'><strong>ἡμετέρων</strong></span> <span class='ocrx_word' id='word_1_206' title='bbox 2214 1518 2412 1584; x_wconf 82' lang='grc' dir='ltr'>λόγων.</span> 
     </span>
    </p>
   </div>
   <div class='ocr_carea' id='block_1_28' title="bbox 528 1612 2035 1686">
    <p class='ocr_par' dir='ltr' id='par_1_28' title="bbox 528 1612 2035 1686">
     <span class='ocr_line' id='line_1_28' title="bbox 528 1612 2035 1686; baseline 0.001 -22"><span class='ocrx_word' id='word_1_207' title='bbox 528 1612 710 1665; x_wconf 85' lang='lat' dir='ltr'><strong>Nostri</strong></span> <span class='ocrx_word' id='word_1_208' title='bbox 747 1622 924 1666; x_wconf 88' lang='lat' dir='ltr'><strong>autem</strong></span> <span class='ocrx_word' id='word_1_209' title='bbox 967 1615 1148 1682; x_wconf 87' lang='lat' dir='ltr'><strong>populi</strong></span> <span class='ocrx_word' id='word_1_210' title='bbox 1181 1613 1482 1683; x_wconf 82' lang='lat' dir='ltr'><strong>deliquium</strong></span> <span class='ocrx_word' id='word_1_211' title='bbox 1533 1613 1587 1686; x_wconf 89' lang='grc' dir='ltr'>(ο</span> <span class='ocrx_word' id='word_1_212' title='bbox 1619 1615 1875 1669; x_wconf 84' lang='lat' dir='ltr'><strong>miseram</strong></span> <span class='ocrx_word' id='word_1_213' title='bbox 1913 1630 2035 1667; x_wconf 82' lang='lat' dir='ltr'><strong>ma-</strong></span> 
     </span>
    </p>
   </div>
   <div class='ocr_carea' id='block_1_29' title="bbox 2226 1610 3730 1688">
    <p class='ocr_par' dir='ltr' id='par_1_29' title="bbox 2226 1610 3730 1688">
     <span class='ocr_line' id='line_1_29' title="bbox 2226 1610 3730 1688; baseline 0.008 -25"><span class='ocrx_word' id='word_1_214' title='bbox 2226 1612 2298 1664; x_wconf 83' lang='grc' dir='ltr'>Τὸ</span> <span class='ocrx_word' id='word_1_215' title='bbox 2328 1612 2384 1666; x_wconf 82' lang='grc' dir='ltr'>δὲ</span> <span class='ocrx_word' id='word_1_216' title='bbox 2417 1612 2513 1666; x_wconf 89' lang='grc' dir='ltr'><strong>τοῦ</strong></span> <span class='ocrx_word' id='word_1_217' title='bbox 2543 1612 2816 1683; x_wconf 82' lang='grc' dir='ltr'>ἡμετέρου</span> <span class='ocrx_word' id='word_1_218' title='bbox 2845 1610 2975 1664; x_wconf 88' lang='grc' dir='ltr'>λαοῦ</span> <span class='ocrx_word' id='word_1_219' title='bbox 3020 1614 3289 1684; x_wconf 84' lang='grc' dir='ltr'>πταῖσμα,</span> <span class='ocrx_word' id='word_1_220' title='bbox 3325 1615 3428 1683; x_wconf 78' lang='grc' dir='ltr'><strong>φεῦ</strong></span> <span class='ocrx_word' id='word_1_221' title='bbox 3469 1617 3568 1688; x_wconf 86' lang='grc' dir='ltr'>τῆς</span> <span class='ocrx_word' id='word_1_222' title='bbox 3614 1620 3730 1674; x_wconf 84' lang='grc' dir='ltr'><strong>τῶν</strong></span> 
     </span>
    </p>
   </div>
   <div class='ocr_carea' id='block_1_30' title="bbox 459 1691 2040 1781">
    <p class='ocr_par' dir='ltr' id='par_1_30' title="bbox 459 1705 2040 1778">
     <span class='ocr_line' id='line_1_30' title="bbox 459 1705 2040 1778; baseline 0.004 -22"><span class='ocrx_word' id='word_1_223' title='bbox 459 1705 633 1758; x_wconf 88' lang='lat' dir='ltr'><strong>lorum</strong></span> <span class='ocrx_word' id='word_1_224' title='bbox 670 1706 950 1758; x_wconf 85' lang='lat' dir='ltr'><strong>hominum</strong></span> <span class='ocrx_word' id='word_1_225' title='bbox 982 1708 1282 1776; x_wconf 87' lang='lat' dir='ltr'><strong>potentiam</strong></span> <span class='ocrx_word' id='word_1_226' title='bbox 1308 1707 1346 1778; x_wconf 84' lang='lat' dir='ltr'><strong>l)</strong></span> <span class='ocrx_word' id='word_1_227' title='bbox 1380 1724 1485 1761; x_wconf 92' lang='lat' dir='ltr'><strong>non</strong></span> <span class='ocrx_word' id='word_1_228' title='bbox 1519 1723 1742 1778; x_wconf 91' lang='lat' dir='ltr'><strong>possum</strong></span> <span class='ocrx_word' id='word_1_229' title='bbox 1778 1707 2040 1776; x_wconf 75' lang='lat' dir='ltr'><strong>exquisite</strong></span> 
     </span>
    </p>
   </div>
   <div class='ocr_carea' id='block_1_31' title="bbox 2147 1691 3728 1781">
    <p class='ocr_par' dir='ltr' id='par_1_31' title="bbox 2155 1702 3728 1781">
     <span class='ocr_line' id='line_1_31' title="bbox 2155 1702 3728 1781; baseline 0.005 -25"><span class='ocrx_word' id='word_1_230' title='bbox 2155 1705 2409 1775; x_wconf 83' lang='grc' dir='ltr'>πονηρῶν</span> <span class='ocrx_word' id='word_1_231' title='bbox 2458 1703 2766 1773; x_wconf 85' lang='grc' dir='ltr'>ἀνθρώπων</span> <span class='ocrx_word' id='word_1_232' title='bbox 2799 1704 3018 1773; x_wconf 74' lang='grc' dir='ltr'>ξσχύοςί</span> <span class='ocrx_word' id='word_1_233' title='bbox 3058 1705 3157 1758; x_wconf 82' lang='grc' dir='ltr'><strong>οὐκ</strong></span> <span class='ocrx_word' id='word_1_234' title='bbox 3194 1702 3312 1758; x_wconf 79' lang='grc' dir='ltr'>οἶδα</span> <span class='ocrx_word' id='word_1_235' title='bbox 3354 1709 3528 1762; x_wconf 77' lang='grc' dir='ltr'>εἰπεῖν</span> <span class='ocrx_word' id='word_1_236' title='bbox 3561 1713 3728 1781; x_wconf 72' lang='grc' dir='ltr'>ἀκρι-</span> 
     </span>
    </p>
   </div>
   <div class='ocr_carea' id='block_1_32' title="bbox 458 1795 2042 1866">
    <p class='ocr_par' dir='ltr' id='par_1_32' title="bbox 458 1795 2042 1866">
     <span class='ocr_line' id='line_1_32' title="bbox 458 1795 2042 1866; baseline 0.003 -20"><span class='ocrx_word' id='word_1_237' title='bbox 458 1795 640 1849; x_wconf 86' lang='lat' dir='ltr'><strong>dicere</strong></span> <span class='ocrx_word' id='word_1_238' title='bbox 672 1796 951 1866; x_wconf 91' lang='lat' dir='ltr'><strong>quomodo</strong></span> <span class='ocrx_word' id='word_1_239' title='bbox 986 1799 1254 1863; x_wconf 77' lang='lat' dir='ltr'><strong>evenerit,</strong></span> <span class='ocrx_word' id='word_1_240' title='bbox 1293 1799 1554 1866; x_wconf 88' lang='lat' dir='ltr'><strong>quoniam</strong></span> <span class='ocrx_word' id='word_1_241' title='bbox 1588 1810 1902 1853; x_wconf 80' lang='lat' dir='ltr'><strong>accuratam</strong></span> <span class='ocrx_word' id='word_1_242' title='bbox 1935 1813 2042 1852; x_wconf 91' lang='lat' dir='ltr'><strong>non</strong></span> 
     </span>
    </p>
   </div>
   <div class='ocr_carea' id='block_1_33' title="bbox 461 1888 2043 1960">
    <p class='ocr_par' dir='ltr' id='par_1_33' title="bbox 461 1888 2043 1960">
     <span class='ocr_line' id='line_1_33' title="bbox 461 1888 2043 1960; baseline 0.004 -22"><span class='ocrx_word' id='word_1_243' title='bbox 461 1888 641 1941; x_wconf 84' lang='lat' dir='ltr'><strong>habeo</strong></span> <span class='ocrx_word' id='word_1_244' title='bbox 670 1889 1127 1942; x_wconf 76' lang='lat' dir='ltr'><strong>deliberationum</strong></span> <span class='ocrx_word' id='word_1_245' title='bbox 1179 1892 1426 1944; x_wconf 91' lang='lat' dir='ltr'><strong>notitiam</strong></span> <span class='ocrx_word' id='word_1_246' title='bbox 1465 1908 1477 1943; x_wconf 93' lang='lat'>:</span> <span class='ocrx_word' id='word_1_247' title='bbox 1511 1907 1634 1960; x_wconf 68' lang='lat' dir='ltr'><strong>quae</strong></span> <span class='ocrx_word' id='word_1_248' title='bbox 1679 1892 1877 1944; x_wconf 90' lang='lat' dir='ltr'><strong>etenim</strong></span> <span class='ocrx_word' id='word_1_249' title='bbox 1908 1905 2043 1944; x_wconf 81' lang='lat' dir='ltr'><strong>con-</strong></span> 
     </span>
    </p>
   </div>
   <div class='ocr_carea' id='block_1_34' title="bbox 458 1978 2042 2051">
    <p class='ocr_par' dir='ltr' id='par_1_34' title="bbox 458 1978 2042 2051">
     <span class='ocr_line' id='line_1_34' title="bbox 458 1978 2042 2051; baseline 0.002 -21"><span class='ocrx_word' id='word_1_250' title='bbox 458 1979 645 2031; x_wconf 87' lang='lat' dir='ltr'><strong>stitula</strong></span> <span class='ocrx_word' id='word_1_251' title='bbox 703 1985 1006 2048; x_wconf 82' lang='lat' dir='ltr'><strong>parataque</strong></span> <span class='ocrx_word' id='word_1_252' title='bbox 1056 1978 1263 2032; x_wconf 81' lang='lat' dir='ltr'><strong>fuerint</strong></span> <span class='ocrx_word' id='word_1_253' title='bbox 1301 1979 1534 2051; x_wconf 86' lang='lat' dir='ltr'><strong>(oportet</strong></span> <span class='ocrx_word' id='word_1_254' title='bbox 1562 1981 1709 2035; x_wconf 84' lang='lat' dir='ltr'><strong>enim</strong></span> <span class='ocrx_word' id='word_1_255' title='bbox 1753 1982 2042 2050; x_wconf 86' lang='lat' dir='ltr'><strong>reprehen-</strong></span> 
     </span>
    </p>
   </div>
   <div class='ocr_carea' id='block_1_35' title="bbox 457 2068 2043 2139">
    <p class='ocr_par' dir='ltr' id='par_1_35' title="bbox 457 2068 2043 2139">
     <span class='ocr_line' id='line_1_35' title="bbox 457 2068 2043 2139; baseline 0.001 -17"><span class='ocrx_word' id='word_1_256' title='bbox 457 2068 648 2122; x_wconf 85' lang='lat' dir='ltr'><strong>dentes</strong></span> <span class='ocrx_word' id='word_1_257' title='bbox 683 2079 839 2137; x_wconf 68' lang='lat' dir='ltr'><strong>juxta</strong></span> <span class='ocrx_word' id='word_1_258' title='bbox 875 2069 1158 2124; x_wconf 84' lang='lat' dir='ltr'><strong>veritatem</strong></span> <span class='ocrx_word' id='word_1_259' title='bbox 1194 2085 1294 2123; x_wconf 90' lang='lat' dir='ltr'><strong>nos</strong></span> <span class='ocrx_word' id='word_1_260' title='bbox 1331 2071 1727 2139; x_wconf 83' lang='lat' dir='ltr'><strong>reprehendere</strong></span> <span class='ocrx_word' id='word_1_261' title='bbox 1765 2080 1812 2123; x_wconf 90' lang='lat' dir='ltr'><strong>cl</strong></span> <span class='ocrx_word' id='word_1_262' title='bbox 1858 2077 1926 2123; x_wconf 88' lang='lat' dir='ltr'><strong>ab</strong></span> <span class='ocrx_word' id='word_1_263' title='bbox 1957 2070 2043 2124; x_wconf 88' lang='lat' dir='ltr'><strong>hic</strong></span> 
     </span>
    </p>
   </div>
   <div class='ocr_carea' id='block_1_36' title="bbox 459 2157 2046 2231">
    <p class='ocr_par' dir='ltr' id='par_1_36' title="bbox 459 2157 2046 2231">
     <span class='ocr_line' id='line_1_36' title="bbox 459 2157 2046 2231; baseline 0.001 -20"><span class='ocrx_word' id='word_1_264' title='bbox 459 2159 865 2228; x_wconf 81' lang='lat' dir='ltr'><strong>imperantibus</strong></span> <span class='ocrx_word' id='word_1_265' title='bbox 900 2157 1166 2230; x_wconf 82' lang='lat' dir='ltr'><strong>incipere)</strong></span> <span class='ocrx_word' id='word_1_266' title='bbox 1201 2175 1310 2212; x_wconf 91' lang='lat' dir='ltr'><strong>non</strong></span> <span class='ocrx_word' id='word_1_267' title='bbox 1337 2176 1437 2231; x_wconf 81' lang='lat' dir='ltr'><strong>ego</strong></span> <span class='ocrx_word' id='word_1_268' title='bbox 1468 2161 1624 2222; x_wconf 81' lang='lat' dir='ltr'><strong>scivi,</strong></span> <span class='ocrx_word' id='word_1_269' title='bbox 1658 2176 1833 2228; x_wconf 89' lang='lat' dir='ltr'><strong>neque</strong></span> <span class='ocrx_word' id='word_1_270' title='bbox 1857 2172 2046 2214; x_wconf 89' lang='lat' dir='ltr'><strong>notum</strong></span> 
     </span>
    </p>
   </div>
   <div class='ocr_carea' id='block_1_37' title="bbox 462 2251 2047 2322">
    <p class='ocr_par' dir='ltr' id='par_1_37' title="bbox 462 2251 2047 2322">
     <span class='ocr_line' id='line_1_37' title="bbox 462 2251 2047 2322; baseline 0.002 -17"><span class='ocrx_word' id='word_1_271' title='bbox 462 2262 548 2306; x_wconf 88' lang='lat' dir='ltr'><strong>est</strong></span> <span class='ocrx_word' id='word_1_272' title='bbox 601 2253 876 2320; x_wconf 86' lang='lat' dir='ltr'><strong>quomodo</strong></span> <span class='ocrx_word' id='word_1_273' title='bbox 914 2251 1006 2304; x_wconf 89' lang='lat' dir='ltr'><strong>illa</strong></span> <span class='ocrx_word' id='word_1_274' title='bbox 1042 2261 1190 2304; x_wconf 78' lang='lat' dir='ltr'><strong>tanta</strong></span> <span class='ocrx_word' id='word_1_275' title='bbox 1232 2253 1505 2322; x_wconf 72' lang='lat' dir='ltr'><strong>expeditio</strong></span> <span class='ocrx_word' id='word_1_276' title='bbox 1555 2252 1719 2307; x_wconf 88' lang='lat' dir='ltr'><strong>fuerit</strong></span> <span class='ocrx_word' id='word_1_277' title='bbox 1761 2253 2047 2320; x_wconf 88' lang='lat' dir='ltr'><strong>instituta;</strong></span> 
     </span>
    </p>
   </div>
   <div class='ocr_carea' id='block_1_38' title="bbox 457 2344 2046 2414">
    <p class='ocr_par' dir='ltr' id='par_1_38' title="bbox 457 2344 2046 2414">
     <span class='ocr_line' id='line_1_38' title="bbox 457 2344 2046 2414; baseline -0.001 -19"><span class='ocrx_word' id='word_1_278' title='bbox 457 2352 748 2413; x_wconf 79' lang='lat' dir='ltr'><strong>postquam</strong></span> <span class='ocrx_word' id='word_1_279' title='bbox 769 2357 951 2398; x_wconf 85' lang='lat' dir='ltr'><strong>autem</strong></span> <span class='ocrx_word' id='word_1_280' title='bbox 977 2359 1097 2413; x_wconf 71' lang='lat' dir='ltr'><strong>quae</strong></span> <span class='ocrx_word' id='word_1_281' title='bbox 1125 2344 1214 2397; x_wconf 88' lang='lat' dir='ltr'><strong>hic</strong></span> <span class='ocrx_word' id='word_1_282' title='bbox 1238 2359 1530 2414; x_wconf 80' lang='lat' dir='ltr'><strong>agerentur</strong></span> <span class='ocrx_word' id='word_1_283' title='bbox 1569 2345 2046 2414; x_wconf 80' lang='lat' dir='ltr'><strong>deprehenderim,</strong></span> 
     </span>
    </p>
   </div>
   <div class='ocr_carea' id='block_1_39' title="bbox 453 2437 2051 2508">
    <p class='ocr_par' dir='ltr' id='par_1_39' title="bbox 453 2437 2051 2508">
     <span class='ocr_line' id='line_1_39' title="bbox 453 2437 2051 2508; baseline -0.001 -18"><span class='ocrx_word' id='word_1_284' title='bbox 453 2451 547 2491; x_wconf 77' lang='lat' dir='ltr'><strong>res</strong></span> <span class='ocrx_word' id='word_1_285' title='bbox 588 2454 671 2492; x_wconf 90' lang='lat' dir='ltr'><strong>me</strong></span> <span class='ocrx_word' id='word_1_286' title='bbox 711 2454 822 2492; x_wconf 91' lang='lat' dir='ltr'><strong>non</strong></span> <span class='ocrx_word' id='word_1_287' title='bbox 874 2437 1047 2506; x_wconf 74' lang='lat' dir='ltr'><strong>fugit;</strong></span> <span class='ocrx_word' id='word_1_288' title='bbox 1081 2447 1229 2490; x_wconf 87' lang='lat' dir='ltr'><strong>tanta</strong></span> <span class='ocrx_word' id='word_1_289' title='bbox 1280 2438 1552 2508; x_wconf 85' lang='lat' dir='ltr'><strong>siquidem</strong></span> <span class='ocrx_word' id='word_1_290' title='bbox 1596 2439 1823 2492; x_wconf 81' lang='lat' dir='ltr'><strong>collecta</strong></span> <span class='ocrx_word' id='word_1_291' title='bbox 1864 2437 2051 2490; x_wconf 89' lang='lat' dir='ltr'><strong>multi-</strong></span> 
     </span>
    </p>
   </div>
   <div class='ocr_carea' id='block_1_40' title="bbox 460 2527 2050 2593">
    <p class='ocr_par' dir='ltr' id='par_1_40' title="bbox 460 2527 2050 2593">
     <span class='ocr_line' id='line_1_40' title="bbox 460 2527 2050 2593; baseline 0 -11"><span class='ocrx_word' id='word_1_292' title='bbox 460 2529 669 2592; x_wconf 89' lang='lat' dir='ltr'><strong>tudine,</strong></span> <span class='ocrx_word' id='word_1_293' title='bbox 721 2530 768 2584; x_wconf 93' lang='lat' dir='ltr'><strong>si</strong></span> <span class='ocrx_word' id='word_1_294' title='bbox 819 2544 929 2582; x_wconf 88' lang='lat' dir='ltr'><strong>non</strong></span> <span class='ocrx_word' id='word_1_295' title='bbox 981 2546 1013 2584; x_wconf 91' lang='lat' dir='ltr'><strong>a</strong></span> <span class='ocrx_word' id='word_1_296' title='bbox 1065 2546 1249 2584; x_wconf 88' lang='lat' dir='ltr'><strong>rerum</strong></span> <span class='ocrx_word' id='word_1_297' title='bbox 1293 2530 1746 2593; x_wconf 79' lang='lat' dir='ltr'><strong>ordinatoribus,</strong></span> <span class='ocrx_word' id='word_1_298' title='bbox 1803 2527 1872 2582; x_wconf 86' lang='lat' dir='ltr'><strong>ab</strong></span> <span class='ocrx_word' id='word_1_299' title='bbox 1927 2528 2050 2582; x_wconf 88' lang='lat' dir='ltr'><strong>aliis</strong></span> 
     </span>
    </p>
   </div>
   <div class='ocr_carea' id='block_1_41' title="bbox 457 2620 2048 2692">
    <p class='ocr_par' dir='ltr' id='par_1_41' title="bbox 457 2620 2048 2692">
     <span class='ocr_line' id='line_1_41' title="bbox 457 2620 2048 2692; baseline -0.003 -16"><span class='ocrx_word' id='word_1_300' title='bbox 457 2630 640 2676; x_wconf 86' lang='lat' dir='ltr'><strong>tamen</strong></span> <span class='ocrx_word' id='word_1_301' title='bbox 697 2623 927 2692; x_wconf 76' lang='lat' dir='ltr'><strong>cognovi</strong></span> <span class='ocrx_word' id='word_1_302' title='bbox 953 2637 1202 2677; x_wconf 78' lang='lat' dir='ltr'><strong>causam</strong></span> <span class='ocrx_word' id='word_1_303' title='bbox 1237 2638 1336 2676; x_wconf 89' lang='lat' dir='ltr'><strong>cur</strong></span> <span class='ocrx_word' id='word_1_304' title='bbox 1371 2630 1796 2691; x_wconf 78' lang='lat' dir='ltr'><strong>congregaretur</strong></span> <span class='ocrx_word' id='word_1_305' title='bbox 1829 2620 2048 2674; x_wconf 81' lang='lat' dir='ltr'><strong>excrci-</strong></span> 
     </span>
    </p>
   </div>
   <div class='ocr_carea' id='block_1_42' title="bbox 459 2712 2048 2784">
    <p class='ocr_par' dir='ltr' id='par_1_42' title="bbox 459 2712 2048 2784">
     <span class='ocr_line' id='line_1_42' title="bbox 459 2712 2048 2784; baseline -0.003 -17"><span class='ocrx_word' id='word_1_306' title='bbox 459 2722 568 2780; x_wconf 83' lang='lat' dir='ltr'><strong>tus,</strong></span> <span class='ocrx_word' id='word_1_307' title='bbox 597 2715 1077 2770; x_wconf 77' lang='lat' dir='ltr'><strong>scilicetadrersus</strong></span> <span class='ocrx_word' id='word_1_308' title='bbox 1104 2715 1366 2784; x_wconf 83' lang='lat' dir='ltr'><strong>Bulgaros</strong></span> <span class='ocrx_word' id='word_1_309' title='bbox 1388 2715 1598 2768; x_wconf 85' lang='lat' dir='ltr'><strong>institui</strong></span> <span class='ocrx_word' id='word_1_310' title='bbox 1625 2712 2048 2782; x_wconf 83' lang='lat' dir='ltr'><strong>expeditionem,</strong></span> 
     </span>
    </p>
   </div>
   <div class='ocr_carea' id='block_1_43' title="bbox 457 2800 2047 2875">
    <p class='ocr_par' dir='ltr' id='par_1_43' title="bbox 457 2800 2047 2875">
     <span class='ocr_line' id='line_1_43' title="bbox 457 2800 2047 2875; baseline -0.004 -15"><span class='ocrx_word' id='word_1_311' title='bbox 457 2814 586 2860; x_wconf 87' lang='lat' dir='ltr'><strong>tunc</strong></span> <span class='ocrx_word' id='word_1_312' title='bbox 611 2806 859 2860; x_wconf 85' lang='lat' dir='ltr'><strong>inaulam</strong></span> <span class='ocrx_word' id='word_1_313' title='bbox 882 2809 1082 2874; x_wconf 82' lang='lat' dir='ltr'><strong>regiam</strong></span> <span class='ocrx_word' id='word_1_314' title='bbox 1105 2808 1333 2875; x_wconf 71' lang='grc' dir='ltr'>(μιωεὶιο</span> <span class='ocrx_word' id='word_1_315' title='bbox 1366 2807 1637 2875; x_wconf 85' lang='lat' dir='ltr'><strong>ingressu,</strong></span> <span class='ocrx_word' id='word_1_316' title='bbox 1668 2803 1890 2858; x_wconf 84' lang='lat' dir='ltr'><strong>obviam</strong></span> <span class='ocrx_word' id='word_1_317' title='bbox 1917 2800 2047 2855; x_wconf 87' lang='lat' dir='ltr'><strong>facti</strong></span> 
     </span>
    </p>
   </div>
   <div class='ocr_carea' id='block_1_44' title="bbox 457 2897 2050 2962">
    <p class='ocr_par' dir='ltr' id='par_1_44' title="bbox 457 2897 2050 2962">
     <span class='ocr_line' id='line_1_44' title="bbox 457 2897 2050 2962; baseline 0 -12"><span class='ocrx_word' id='word_1_318' title='bbox 457 2898 716 2962; x_wconf 89' lang='lat' dir='ltr'><strong>ducibus,</strong></span> <span class='ocrx_word' id='word_1_319' title='bbox 750 2914 814 2951; x_wconf 80' lang='lat' dir='ltr'><strong>ex</strong></span> <span class='ocrx_word' id='word_1_320' title='bbox 855 2914 1050 2952; x_wconf 88' lang='lat' dir='ltr'><strong>eorum</strong></span> <span class='ocrx_word' id='word_1_321' title='bbox 1094 2914 1188 2951; x_wconf 90' lang='lat' dir='ltr'><strong>ore</strong></span> <span class='ocrx_word' id='word_1_322' title='bbox 1233 2898 1426 2952; x_wconf 88' lang='lat' dir='ltr'><strong>audire</strong></span> <span class='ocrx_word' id='word_1_323' title='bbox 1454 2899 1728 2951; x_wconf 84' lang='lat' dir='ltr'><strong>voluimus</strong></span> <span class='ocrx_word' id='word_1_324' title='bbox 1775 2897 2050 2950; x_wconf 80' lang='lat' dir='ltr'><strong>exercitus</strong></span> 
     </span>
    </p>
   </div>
   <div class='ocr_carea' id='block_1_45' title="bbox 455 2975 2050 3058">
    <p class='ocr_par' dir='ltr' id='par_1_45' title="bbox 455 2975 2050 3058">
     <span class='ocr_line' id='line_1_45' title="bbox 455 2975 2050 3058; baseline -0.001 -18"><span class='ocrx_word' id='word_1_325' title='bbox 455 2975 576 3055; x_wconf 84' lang='lat' dir='ltr'><strong>iter,</strong></span> <span class='ocrx_word' id='word_1_326' title='bbox 599 3000 784 3058; x_wconf 83' lang='lat' dir='ltr'><strong>atque,</strong></span> <span class='ocrx_word' id='word_1_327' title='bbox 812 2998 869 3043; x_wconf 94' lang='lat' dir='ltr'><strong>ut</strong></span> <span class='ocrx_word' id='word_1_328' title='bbox 888 2999 1196 3058; x_wconf 75' lang='lat' dir='ltr'><strong>paraverat,</strong></span> <span class='ocrx_word' id='word_1_329' title='bbox 1215 2989 1661 3058; x_wconf 82' lang='lat' dir='ltr'><strong>exprobravimus</strong></span> <span class='ocrx_word' id='word_1_330' title='bbox 1687 2998 1738 3040; x_wconf 92' lang='lat' dir='ltr'><strong>et</strong></span> <span class='ocrx_word' id='word_1_331' title='bbox 1756 2987 2050 3056; x_wconf 81' lang='lat' dir='ltr'><strong>reprehen-</strong></span> 
     </span>
    </p>
   </div>
   <div class='ocr_carea' id='block_1_46' title="bbox 2151 1797 3727 1874">
    <p class='ocr_par' dir='ltr' id='par_1_46' title="bbox 2151 1797 3727 1874">
     <span class='ocr_line' id='line_1_46' title="bbox 2151 1797 3727 1874; baseline 0.005 -26"><span class='ocrx_word' id='word_1_332' title='bbox 2151 1797 2286 1863; x_wconf 77' lang='grc' dir='ltr'>ϐῶς,</span> <span class='ocrx_word' id='word_1_333' title='bbox 2319 1799 2472 1860; x_wconf 75' lang='grc' dir='ltr'>ὅπως</span> <span class='ocrx_word' id='word_1_334' title='bbox 2496 1798 2834 1866; x_wconf 82' lang='grc' dir='ltr'>ἀπήντησεν,</span> <span class='ocrx_word' id='word_1_335' title='bbox 2877 1798 3000 1848; x_wconf 75' lang='grc' dir='ltr'>ἐπεὶ</span> <span class='ocrx_word' id='word_1_336' title='bbox 3035 1798 3144 1849; x_wconf 80' lang='grc' dir='ltr'>οὐδ’</span> <span class='ocrx_word' id='word_1_337' title='bbox 3192 1799 3302 1867; x_wconf 79' lang='grc' dir='ltr'><strong>ἔχω</strong></span> <span class='ocrx_word' id='word_1_338' title='bbox 3331 1798 3456 1851; x_wconf 73' lang='grc' dir='ltr'>οὔτε</span> <span class='ocrx_word' id='word_1_339' title='bbox 3491 1801 3600 1856; x_wconf 87' lang='grc' dir='ltr'><strong>τῶν</strong></span> <span class='ocrx_word' id='word_1_340' title='bbox 3630 1804 3727 1874; x_wconf 78' lang='grc' dir='ltr'><strong>βε-</strong></span> 
     </span>
    </p>
   </div>
   <div class='ocr_carea' id='block_1_47' title="bbox 2149 1886 3730 1962">
    <p class='ocr_par' dir='ltr' id='par_1_47' title="bbox 2149 1886 3730 1962">
     <span class='ocr_line' id='line_1_47' title="bbox 2149 1886 3730 1962; baseline 0.003 -22"><span class='ocrx_word' id='word_1_341' title='bbox 2149 1888 2528 1958; x_wconf 77' lang='grc' dir='ltr'>ϐουλευμένων</span> <span class='ocrx_word' id='word_1_342' title='bbox 2557 1887 2764 1957; x_wconf 78' lang='grc' dir='ltr'>ἀκριϐῆ</span> <span class='ocrx_word' id='word_1_343' title='bbox 2810 1886 2907 1958; x_wconf 80' lang='grc' dir='ltr'>τὴν</span> <span class='ocrx_word' id='word_1_344' title='bbox 2934 1887 3160 1957; x_wconf 78' lang='grc' dir='ltr'>εἴδησιν.</span> <span class='ocrx_word' id='word_1_345' title='bbox 3199 1888 3266 1941; x_wconf 77' lang='lat' dir='ltr'><strong>&quot;A</strong></span> <span class='ocrx_word' id='word_1_346' title='bbox 3297 1889 3394 1958; x_wconf 79' lang='grc' dir='ltr'>μὲν</span> <span class='ocrx_word' id='word_1_347' title='bbox 3417 1889 3526 1962; x_wconf 81' lang='grc' dir='ltr'>γὰρ</span> <span class='ocrx_word' id='word_1_348' title='bbox 3557 1907 3730 1962; x_wconf 78' lang='grc' dir='ltr'>προεο</span> 
     </span>
    </p>
   </div>
   <div class='ocr_carea' id='block_1_48' title="bbox 2153 1978 3728 2052">
    <p class='ocr_par' dir='ltr' id='par_1_48' title="bbox 2153 1978 3728 2052">
     <span class='ocr_line' id='line_1_48' title="bbox 2153 1978 3728 2052; baseline 0.003 -22"><span class='ocrx_word' id='word_1_349' title='bbox 2153 1979 2426 2050; x_wconf 84' lang='grc' dir='ltr'>μελετήθη</span> <span class='ocrx_word' id='word_1_350' title='bbox 2470 1981 2565 2032; x_wconf 75' lang='grc' dir='ltr'><strong>καί</strong></span> <span class='ocrx_word' id='word_1_351' title='bbox 2593 1978 3143 2050; x_wconf 79' lang='grc' dir='ltr'>προκατεσκευάσθη,</span> <span class='ocrx_word' id='word_1_352' title='bbox 3178 1978 3260 2031; x_wconf 84' lang='grc' dir='ltr'><strong>δεῖ</strong></span> <span class='ocrx_word' id='word_1_353' title='bbox 3291 1979 3400 2049; x_wconf 84' lang='grc' dir='ltr'><strong>γὰρ</strong></span> <span class='ocrx_word' id='word_1_354' title='bbox 3448 1998 3728 2052; x_wconf 72' lang='grc' dir='ltr'>κατηγορο</span> 
     </span>
    </p>
   </div>
   <div class='ocr_carea' id='block_1_49' title="bbox 2149 2070 3729 2141">
    <p class='ocr_par' dir='ltr' id='par_1_49' title="bbox 2149 2070 3729 2141">
     <span class='ocr_line' id='line_1_49' title="bbox 2149 2070 3729 2141; baseline 0.004 -19"><span class='ocrx_word' id='word_1_355' title='bbox 2149 2071 2308 2140; x_wconf 75' lang='grc' dir='ltr'>ἧσαι,</span> <span class='ocrx_word' id='word_1_356' title='bbox 2335 2070 2434 2140; x_wconf 72' lang='grc' dir='ltr'>τὴν</span> <span class='ocrx_word' id='word_1_357' title='bbox 2458 2070 2716 2140; x_wconf 78' lang='grc' dir='ltr'>ἀλήθειαν</span> <span class='ocrx_word' id='word_1_358' title='bbox 2743 2071 3016 2141; x_wconf 82' lang='grc' dir='ltr'>τιμῶντας</span> <span class='ocrx_word' id='word_1_359' title='bbox 3036 2073 3203 2141; x_wconf 80' lang='grc' dir='ltr'>ἡμᾶς,</span> <span class='ocrx_word' id='word_1_360' title='bbox 3237 2074 3330 2125; x_wconf 81' lang='grc' dir='ltr'>καὶ</span> <span class='ocrx_word' id='word_1_361' title='bbox 3352 2073 3459 2126; x_wconf 89' lang='grc' dir='ltr'><strong>τῶν</strong></span> <span class='ocrx_word' id='word_1_362' title='bbox 3486 2073 3729 2129; x_wconf 68' lang='grc' dir='ltr'>ἐνταῦθα</span> 
     </span>
    </p>
   </div>
   <div class='ocr_carea' id='block_1_50' title="bbox 2148 2161 3730 2237">
    <p class='ocr_par' dir='ltr' id='par_1_50' title="bbox 2148 2161 3730 2237">
     <span class='ocr_line' id='line_1_50' title="bbox 2148 2161 3730 2237; baseline 0.003 -23"><span class='ocrx_word' id='word_1_363' title='bbox 2148 2162 2421 2231; x_wconf 73' lang='grc' dir='ltr'>λαχόντων</span> <span class='ocrx_word' id='word_1_364' title='bbox 2451 2163 2664 2232; x_wconf 77' lang='grc' dir='ltr'>ἄρχειν,</span> <span class='ocrx_word' id='word_1_365' title='bbox 2693 2161 2818 2214; x_wconf 70' lang='grc' dir='ltr'>οὔτε</span> <span class='ocrx_word' id='word_1_366' title='bbox 2856 2162 3229 2232; x_wconf 84' lang='grc' dir='ltr'>συνέγνωμεν,</span> <span class='ocrx_word' id='word_1_367' title='bbox 3263 2163 3388 2217; x_wconf 76' lang='grc' dir='ltr'>οὕτε</span> <span class='ocrx_word' id='word_1_368' title='bbox 3427 2169 3507 2228; x_wconf 83' lang='grc' dir='ltr'><strong>εἰς</strong></span> <span class='ocrx_word' id='word_1_369' title='bbox 3539 2165 3730 2237; x_wconf 82' lang='grc' dir='ltr'>μάθη-</span> 
     </span>
    </p>
   </div>
   <div class='ocr_carea' id='block_1_51' title="bbox 2152 2254 3730 2325">
    <p class='ocr_par' dir='ltr' id='par_1_51' title="bbox 2152 2254 3730 2325">
     <span class='ocr_line' id='line_1_51' title="bbox 2152 2254 3730 2325; baseline 0.003 -18"><span class='ocrx_word' id='word_1_370' title='bbox 2152 2272 2236 2307; x_wconf 86' lang='grc' dir='ltr'><strong>σιν</strong></span> <span class='ocrx_word' id='word_1_371' title='bbox 2269 2256 2500 2325; x_wconf 75' lang='grc' dir='ltr'>ἔσχομεν</span> <span class='ocrx_word' id='word_1_372' title='bbox 2525 2254 2635 2308; x_wconf 75' lang='grc' dir='ltr'>οὐδ’</span> <span class='ocrx_word' id='word_1_373' title='bbox 2664 2255 2814 2317; x_wconf 86' lang='grc' dir='ltr'>ὅπως</span> <span class='ocrx_word' id='word_1_374' title='bbox 2840 2257 2872 2322; x_wconf 87' lang='grc' dir='ltr'><strong>ἡ</strong></span> <span class='ocrx_word' id='word_1_375' title='bbox 2908 2254 3121 2325; x_wconf 86' lang='grc' dir='ltr'>κίνησις</span> <span class='ocrx_word' id='word_1_376' title='bbox 3163 2257 3262 2325; x_wconf 84' lang='grc' dir='ltr'><strong>τῆς</strong></span> <span class='ocrx_word' id='word_1_377' title='bbox 3295 2257 3566 2325; x_wconf 81' lang='grc' dir='ltr'>τοσαύτης</span> <span class='ocrx_word' id='word_1_378' title='bbox 3616 2259 3730 2311; x_wconf 82' lang='grc' dir='ltr'>ὑπ-</span> 
     </span>
    </p>
   </div>
   <div class='ocr_carea' id='block_1_52' title="bbox 2151 2344 3730 2416">
    <p class='ocr_par' dir='ltr' id='par_1_52' title="bbox 2151 2344 3730 2416">
     <span class='ocr_line' id='line_1_52' title="bbox 2151 2344 3730 2416; baseline 0.002 -19"><span class='ocrx_word' id='word_1_379' title='bbox 2151 2346 2284 2414; x_wconf 79' lang='grc' dir='ltr'>ῆρξε</span> <span class='ocrx_word' id='word_1_380' title='bbox 2343 2347 2626 2416; x_wconf 85' lang='grc' dir='ltr'>στρατιᾶς,</span> <span class='ocrx_word' id='word_1_381' title='bbox 2685 2346 2808 2398; x_wconf 73' lang='grc' dir='ltr'>ἐπεὶ</span> <span class='ocrx_word' id='word_1_382' title='bbox 2841 2345 2897 2398; x_wconf 73' lang='grc' dir='ltr'>δὲ</span> <span class='ocrx_word' id='word_1_383' title='bbox 2925 2344 2990 2398; x_wconf 77' lang='grc' dir='ltr'><strong>τὰ</strong></span> <span class='ocrx_word' id='word_1_384' title='bbox 3031 2345 3266 2399; x_wconf 78' lang='grc' dir='ltr'>ἐνταῦθα</span> <span class='ocrx_word' id='word_1_385' title='bbox 3315 2346 3611 2400; x_wconf 74' lang='grc' dir='ltr'>κατέλαῦον</span> <span class='ocrx_word' id='word_1_386' title='bbox 3646 2349 3730 2413; x_wconf 83' lang='grc' dir='ltr'>ὠς</span> 
     </span>
    </p>
   </div>
   <div class='ocr_carea' id='block_1_53' title="bbox 2151 2433 3731 2513">
    <p class='ocr_par' dir='ltr' id='par_1_53' title="bbox 2151 2433 3731 2513">
     <span class='ocr_line' id='line_1_53' title="bbox 2151 2433 3731 2513; baseline 0.003 -24"><span class='ocrx_word' id='word_1_387' title='bbox 2151 2439 2297 2500; x_wconf 71' lang='grc' dir='ltr'>εἰκὸς</span> <span class='ocrx_word' id='word_1_388' title='bbox 2328 2433 2416 2509; x_wconf 76' lang='grc' dir='ltr'>ἦν,</span> <span class='ocrx_word' id='word_1_389' title='bbox 2445 2438 2555 2489; x_wconf 80' lang='grc' dir='ltr'>οὐδ’</span> <span class='ocrx_word' id='word_1_390' title='bbox 2587 2438 2738 2507; x_wconf 83' lang='grc' dir='ltr'>ἡμᾶς</span> <span class='ocrx_word' id='word_1_391' title='bbox 2793 2439 2853 2490; x_wconf 81' lang='grc' dir='ltr'><strong>τὸ</strong></span> <span class='ocrx_word' id='word_1_392' title='bbox 2901 2438 3137 2509; x_wconf 76' lang='grc' dir='ltr'>πρᾶγμα</span> <span class='ocrx_word' id='word_1_393' title='bbox 3188 2437 3422 2501; x_wconf 70' lang='grc' dir='ltr'>διέλαθε,</span> <span class='ocrx_word' id='word_1_394' title='bbox 3464 2440 3581 2502; x_wconf 81' lang='grc' dir='ltr'><strong>πῶς</strong></span> <span class='ocrx_word' id='word_1_395' title='bbox 3611 2441 3731 2513; x_wconf 85' lang='grc' dir='ltr'><strong>γὰρ</strong></span> 
     </span>
    </p>
   </div>
   <div class='ocr_carea' id='block_1_54' title="bbox 2149 2528 3734 2599">
    <p class='ocr_par' dir='ltr' id='par_1_54' title="bbox 2149 2528 3734 2599">
     <span class='ocr_line' id='line_1_54' title="bbox 2149 2528 3734 2599; baseline 0.003 -19"><span class='ocrx_word' id='word_1_396' title='bbox 2149 2532 2408 2582; x_wconf 82' lang='grc' dir='ltr'>τοσούτου</span> <span class='ocrx_word' id='word_1_397' title='bbox 2447 2529 2687 2599; x_wconf 75' lang='grc' dir='ltr'>πλήθους</span> <span class='ocrx_word' id='word_1_398' title='bbox 2718 2528 2953 2581; x_wconf 76' lang='grc' dir='ltr'>ἐνταῦθα</span> <span class='ocrx_word' id='word_1_399' title='bbox 3008 2529 3423 2599; x_wconf 81' lang='grc' dir='ltr'>συνειλεγμένου</span> <span class='ocrx_word' id='word_1_400' title='bbox 3445 2572 3460 2596; x_wconf 81' lang='grc'><strong>,</strong></span> <span class='ocrx_word' id='word_1_401' title='bbox 3487 2530 3621 2583; x_wconf 77' lang='grc' dir='ltr'>ἀλλὰ</span> <span class='ocrx_word' id='word_1_402' title='bbox 3665 2534 3734 2585; x_wconf 83' lang='grc' dir='ltr'><strong>τὸ</strong></span> 
     </span>
    </p>
   </div>
   <div class='ocr_carea' id='block_1_55' title="bbox 2151 2608 3734 2692">
    <p class='ocr_par' dir='ltr' id='par_1_55' title="bbox 2151 2608 3734 2692">
     <span class='ocr_line' id='line_1_55' title="bbox 2151 2608 3734 2692; baseline 0.001 -19"><span class='ocrx_word' id='word_1_403' title='bbox 2151 2621 2478 2691; x_wconf 80' lang='grc' dir='ltr'>τηνικαῦτα,</span> <span class='ocrx_word' id='word_1_404' title='bbox 2510 2621 2558 2672; x_wconf 86' lang='grc' dir='ltr'><strong>εἰ</strong></span> <span class='ocrx_word' id='word_1_405' title='bbox 2594 2621 2689 2673; x_wconf 71' lang='grc' dir='ltr'><strong>καὶ</strong></span> <span class='ocrx_word' id='word_1_406' title='bbox 2723 2620 2797 2690; x_wconf 84' lang='grc' dir='ltr'>μὴ</span> <span class='ocrx_word' id='word_1_407' title='bbox 2833 2621 2983 2685; x_wconf 72' lang='grc' dir='ltr'>παρὰ</span> <span class='ocrx_word' id='word_1_408' title='bbox 3012 2620 3120 2672; x_wconf 89' lang='grc' dir='ltr'><strong>τῶν</strong></span> <span class='ocrx_word' id='word_1_409' title='bbox 3155 2622 3222 2674; x_wconf 73' lang='grc' dir='ltr'>τᾶι</span> <span class='ocrx_word' id='word_1_410' title='bbox 3263 2622 3563 2692; x_wconf 81' lang='grc' dir='ltr'>πράγματα</span> <span class='ocrx_word' id='word_1_411' title='bbox 3595 2608 3734 2675; x_wconf 80' lang='grc' dir='ltr'>διοι-</span> 
     </span>
    </p>
   </div>
   <div class='ocr_carea' id='block_1_56' title="bbox 2153 2712 3732 2784">
    <p class='ocr_par' dir='ltr' id='par_1_56' title="bbox 2153 2712 3732 2784">
     <span class='ocr_line' id='line_1_56' title="bbox 2153 2712 3732 2784; baseline 0.001 -17"><span class='ocrx_word' id='word_1_412' title='bbox 2153 2716 2420 2776; x_wconf 76' lang='grc' dir='ltr'>κούντων,</span> <span class='ocrx_word' id='word_1_413' title='bbox 2465 2713 2601 2766; x_wconf 82' lang='grc' dir='ltr'>ἀλλὰ</span> <span class='ocrx_word' id='word_1_414' title='bbox 2637 2714 2790 2782; x_wconf 88' lang='grc' dir='ltr'>παρά</span> <span class='ocrx_word' id='word_1_415' title='bbox 2829 2729 2890 2779; x_wconf 85' lang='grc' dir='ltr'><strong>γε</strong></span> <span class='ocrx_word' id='word_1_416' title='bbox 2931 2712 3036 2764; x_wconf 87' lang='grc' dir='ltr'><strong>τῶν</strong></span> <span class='ocrx_word' id='word_1_417' title='bbox 3067 2713 3245 2766; x_wconf 84' lang='grc' dir='ltr'>ἄλλων</span> <span class='ocrx_word' id='word_1_418' title='bbox 3276 2714 3377 2784; x_wconf 74' lang='grc' dir='ltr'>τὴν</span> <span class='ocrx_word' id='word_1_419' title='bbox 3405 2714 3587 2767; x_wconf 79' lang='grc' dir='ltr'>αίτέαν</span> <span class='ocrx_word' id='word_1_420' title='bbox 3624 2714 3732 2784; x_wconf 76' lang='grc' dir='ltr'>τῆς</span> 
     </span>
    </p>
   </div>
   <div class='ocr_carea' id='block_1_57' title="bbox 2153 2803 3734 2876">
    <p class='ocr_par' dir='ltr' id='par_1_57' title="bbox 2153 2803 3734 2876">
     <span class='ocr_line' id='line_1_57' title="bbox 2153 2803 3734 2876; baseline -0.001 -18"><span class='ocrx_word' id='word_1_421' title='bbox 2153 2806 2417 2876; x_wconf 78' lang='grc' dir='ltr'>συλλογῆς</span> <span class='ocrx_word' id='word_1_422' title='bbox 2470 2805 2565 2858; x_wconf 82' lang='grc' dir='ltr'><strong>τοῦ</strong></span> <span class='ocrx_word' id='word_1_423' title='bbox 2627 2804 2858 2875; x_wconf 90' lang='grc' dir='ltr'>στρατοῦ</span> <span class='ocrx_word' id='word_1_424' title='bbox 2897 2803 3374 2874; x_wconf 80' lang='grc' dir='ltr'>ὲξεδιδασκόμεθα,</span> <span class='ocrx_word' id='word_1_425' title='bbox 3427 2805 3502 2868; x_wconf 89' lang='grc' dir='ltr'><strong>ώς</strong></span> <span class='ocrx_word' id='word_1_426' title='bbox 3560 2805 3734 2859; x_wconf 69' lang='grc' dir='ltr'>ἕνεκα</span> 
     </span>
    </p>
   </div>
   <div class='ocr_carea' id='block_1_58' title="bbox 2151 2893 3738 2966">
    <p class='ocr_par' dir='ltr' id='par_1_58' title="bbox 2151 2893 3738 2966">
     <span class='ocr_line' id='line_1_58' title="bbox 2151 2893 3738 2966; baseline -0.006 -18"><span class='ocrx_word' id='word_1_427' title='bbox 2151 2897 2250 2966; x_wconf 76' lang='grc' dir='ltr'>τῆς</span> <span class='ocrx_word' id='word_1_428' title='bbox 2295 2895 2428 2966; x_wconf 77' lang='grc' dir='ltr'>πρὸς</span> <span class='ocrx_word' id='word_1_429' title='bbox 2489 2893 2836 2964; x_wconf 71' lang='grc' dir='ltr'>Βουλγὰρους</span> <span class='ocrx_word' id='word_1_430' title='bbox 2892 2895 3252 2963; x_wconf 78' lang='grc' dir='ltr'>ἐκστρατείας</span> <span class='ocrx_word' id='word_1_431' title='bbox 3301 2894 3598 2964; x_wconf 79' lang='grc' dir='ltr'>ἡτοσαύτη</span> <span class='ocrx_word' id='word_1_432' title='bbox 3633 2896 3738 2963; x_wconf 80' lang='grc' dir='ltr'><strong>γέ-</strong></span> 
     </span>
    </p>
   </div>
   <div class='ocr_carea' id='block_1_59' title="bbox 2155 2982 3733 3056">
    <p class='ocr_par' dir='ltr' id='par_1_59' title="bbox 2155 2982 3733 3056">
     <span class='ocr_line' id='line_1_59' title="bbox 2155 2982 3733 3056; baseline -0.002 -17"><span class='ocrx_word' id='word_1_433' title='bbox 2155 3003 2280 3054; x_wconf 81' lang='grc' dir='ltr'>γονε</span> <span class='ocrx_word' id='word_1_434' title='bbox 2320 2985 2554 3056; x_wconf 75' lang='grc' dir='ltr'>κίνησις,</span> <span class='ocrx_word' id='word_1_435' title='bbox 2583 2986 2702 3036; x_wconf 88' lang='grc' dir='ltr'>τότε</span> <span class='ocrx_word' id='word_1_436' title='bbox 2759 2983 2999 3054; x_wconf 78' lang='grc' dir='ltr'>δὴ,τότε,</span> <span class='ocrx_word' id='word_1_437' title='bbox 3027 2983 3124 3052; x_wconf 76' lang='grc' dir='ltr'>τὴν</span> <span class='ocrx_word' id='word_1_438' title='bbox 3143 2983 3222 3046; x_wconf 85' lang='grc' dir='ltr'><strong>εἰς</strong></span> <span class='ocrx_word' id='word_1_439' title='bbox 3251 2984 3319 3037; x_wconf 77' lang='grc' dir='ltr'>τὰ</span> <span class='ocrx_word' id='word_1_440' title='bbox 3351 2982 3597 3054; x_wconf 79' lang='grc' dir='ltr'>βασίλεια</span> <span class='ocrx_word' id='word_1_441' title='bbox 3624 2983 3694 3054; x_wconf 84' lang='grc' dir='ltr'>ζη</span> <span class='ocrx_word' id='word_1_442' title='bbox 3721 3017 3733 3025; x_wconf 92' lang='grc'><strong>-</strong></span> 
     </span>
    </p>
   </div>
   <div class='ocr_carea' id='block_1_60' title="bbox 456 3077 2040 3157">
    <p class='ocr_par' dir='ltr' id='par_1_60' title="bbox 456 3079 2038 3150">
     <span class='ocr_line' id='line_1_60' title="bbox 456 3079 2038 3150; baseline -0.003 -15"><span class='ocrx_word' id='word_1_443' title='bbox 456 3081 640 3135; x_wconf 89' lang='lat' dir='ltr'><strong>dimus</strong></span> <span class='ocrx_word' id='word_1_444' title='bbox 675 3082 844 3150; x_wconf 89' lang='lat' dir='ltr'><strong>quod,</strong></span> <span class='ocrx_word' id='word_1_445' title='bbox 896 3097 1019 3135; x_wconf 91' lang='lat' dir='ltr'><strong>cum</strong></span> <span class='ocrx_word' id='word_1_446' title='bbox 1063 3097 1312 3136; x_wconf 88' lang='lat' dir='ltr'><strong>essemus</strong></span> <span class='ocrx_word' id='word_1_447' title='bbox 1347 3079 1499 3136; x_wconf 86' lang='lat' dir='ltr'><strong>urbis</strong></span> <span class='ocrx_word' id='word_1_448' title='bbox 1533 3079 1846 3149; x_wconf 89' lang='lat' dir='ltr'><strong>episcopus,</strong></span> <span class='ocrx_word' id='word_1_449' title='bbox 1901 3079 2038 3132; x_wconf 90' lang='lat' dir='ltr'><strong>tanti</strong></span> 
     </span>
    </p>
   </div>
   <div class='ocr_carea' id='block_1_61' title="bbox 2147 3077 3733 3157">
    <p class='ocr_par' dir='ltr' id='par_1_61' title="bbox 2149 3077 3733 3152">
     <span class='ocr_line' id='line_1_61' title="bbox 2149 3077 3733 3152; baseline -0.001 -20"><span class='ocrx_word' id='word_1_450' title='bbox 2149 3080 2421 3152; x_wconf 81' lang='grc' dir='ltr'>τήσαντες</span> <span class='ocrx_word' id='word_1_451' title='bbox 2463 3078 2691 3141; x_wconf 77' lang='grc' dir='ltr'>εἴσοδον,</span> <span class='ocrx_word' id='word_1_452' title='bbox 2736 3077 2966 3147; x_wconf 76' lang='grc' dir='ltr'>ἐπείπερ</span> <span class='ocrx_word' id='word_1_453' title='bbox 3005 3079 3115 3139; x_wconf 81' lang='grc' dir='ltr'>τοῖς</span> <span class='ocrx_word' id='word_1_454' title='bbox 3159 3079 3423 3147; x_wconf 82' lang='grc' dir='ltr'>ἄρχουσιν</span> <span class='ocrx_word' id='word_1_455' title='bbox 3473 3077 3733 3147; x_wconf 83' lang='grc' dir='ltr'>ἐνετύχο-</span> 
     </span>
    </p>
   </div>
   <div class='ocr_carea' id='block_1_62' title="bbox 458 3170 2044 3244">
    <p class='ocr_par' dir='ltr' id='par_1_62' title="bbox 458 3170 2044 3244">
     <span class='ocr_line' id='line_1_62' title="bbox 458 3170 2044 3244; baseline 0 -19"><span class='ocrx_word' id='word_1_456' title='bbox 458 3174 657 3244; x_wconf 72' lang='lat' dir='ltr'><strong>negotii</strong></span> <span class='ocrx_word' id='word_1_457' title='bbox 691 3189 800 3228; x_wconf 88' lang='lat' dir='ltr'><strong>non</strong></span> <span class='ocrx_word' id='word_1_458' title='bbox 833 3173 1105 3228; x_wconf 80' lang='lat' dir='ltr'><strong>fuerimus</strong></span> <span class='ocrx_word' id='word_1_459' title='bbox 1133 3175 1430 3243; x_wconf 87' lang='lat' dir='ltr'><strong>participes</strong></span> <span class='ocrx_word' id='word_1_460' title='bbox 1460 3192 1473 3229; x_wconf 90' lang='lat'><strong>:</strong></span> <span class='ocrx_word' id='word_1_461' title='bbox 1503 3187 1740 3242; x_wconf 92' lang='lat' dir='ltr'><strong>quorum</strong></span> <span class='ocrx_word' id='word_1_462' title='bbox 1766 3172 1917 3226; x_wconf 83' lang='lat' dir='ltr'><strong>varia</strong></span> <span class='ocrx_word' id='word_1_463' title='bbox 1943 3170 2044 3225; x_wconf 91' lang='lat' dir='ltr'><strong>fuit</strong></span> 
     </span>
    </p>
   </div>
   <div class='ocr_carea' id='block_1_63' title="bbox 457 3265 2048 3337">
    <p class='ocr_par' dir='ltr' id='par_1_63' title="bbox 457 3265 2048 3337">
     <span class='ocr_line' id='line_1_63' title="bbox 457 3265 2048 3337; baseline -0.001 -19"><span class='ocrx_word' id='word_1_464' title='bbox 457 3266 732 3337; x_wconf 77' lang='lat' dir='ltr'><strong>apologia,</strong></span> <span class='ocrx_word' id='word_1_465' title='bbox 764 3269 856 3323; x_wconf 89' lang='lat' dir='ltr'><strong>sed</strong></span> <span class='ocrx_word' id='word_1_466' title='bbox 887 3283 957 3322; x_wconf 84' lang='lat' dir='ltr'><strong>eo</strong></span> <span class='ocrx_word' id='word_1_467' title='bbox 988 3268 1254 3322; x_wconf 86' lang='lat' dir='ltr'><strong>tendebat</strong></span> <span class='ocrx_word' id='word_1_468' title='bbox 1285 3276 1343 3321; x_wconf 89' lang='lat' dir='ltr'><strong>ut</strong></span> <span class='ocrx_word' id='word_1_469' title='bbox 1375 3273 1638 3334; x_wconf 88' lang='lat' dir='ltr'><strong>quantum</strong></span> <span class='ocrx_word' id='word_1_470' title='bbox 1690 3275 1836 3319; x_wconf 85' lang='lat' dir='ltr'><strong>esset</strong></span> <span class='ocrx_word' id='word_1_471' title='bbox 1867 3265 2048 3332; x_wconf 88' lang='lat' dir='ltr'><strong>possi-</strong></span> 
     </span>
    </p>
   </div>
   <div class='ocr_carea' id='block_1_64' title="bbox 454 3356 2046 3426">
    <p class='ocr_par' dir='ltr' id='par_1_64' title="bbox 454 3356 2046 3426">
     <span class='ocr_line' id='line_1_64' title="bbox 454 3356 2046 3426; baseline -0.003 -14"><span class='ocrx_word' id='word_1_472' title='bbox 454 3357 564 3412; x_wconf 83' lang='lat' dir='ltr'><strong>bile</strong></span> <span class='ocrx_word' id='word_1_473' title='bbox 594 3374 652 3413; x_wconf 89' lang='lat' dir='ltr'><strong>se</strong></span> <span class='ocrx_word' id='word_1_474' title='bbox 681 3358 1035 3414; x_wconf 79' lang='lat' dir='ltr'><strong>defenderent</strong></span> <span class='ocrx_word' id='word_1_475' title='bbox 1061 3368 1116 3413; x_wconf 79' lang='lat' dir='ltr'><strong>et</strong></span> <span class='ocrx_word' id='word_1_476' title='bbox 1142 3356 1582 3426; x_wconf 85' lang='lat' dir='ltr'><strong>reprehensionis</strong></span> <span class='ocrx_word' id='word_1_477' title='bbox 1611 3371 1833 3410; x_wconf 88' lang='lat' dir='ltr'><strong>causam</strong></span> <span class='ocrx_word' id='word_1_478' title='bbox 1867 3370 2046 3409; x_wconf 82' lang='lat' dir='ltr'><strong>remo-</strong></span> 
     </span>
    </p>
   </div>
   <div class='ocr_carea' id='block_1_65' title="bbox 460 3444 2042 3510">
    <p class='ocr_par' dir='ltr' id='par_1_65' title="bbox 460 3444 2042 3510">
     <span class='ocr_line' id='line_1_65' title="bbox 460 3444 2042 3510; baseline -0.001 -11"><span class='ocrx_word' id='word_1_479' title='bbox 460 3458 691 3502; x_wconf 85' lang='lat' dir='ltr'><strong>verent:</strong></span> <span class='ocrx_word' id='word_1_480' title='bbox 739 3447 1000 3501; x_wconf 81' lang='lat' dir='ltr'><strong>dixerunt</strong></span> <span class='ocrx_word' id='word_1_481' title='bbox 1057 3457 1239 3502; x_wconf 76' lang='lat' dir='ltr'><strong>autem</strong></span> <span class='ocrx_word' id='word_1_482' title='bbox 1291 3446 1359 3500; x_wconf 91' lang='lat' dir='ltr'><strong>ad</strong></span> <span class='ocrx_word' id='word_1_483' title='bbox 1389 3461 1485 3500; x_wconf 85' lang='lat' dir='ltr'><strong>vos</strong></span> <span class='ocrx_word' id='word_1_484' title='bbox 1519 3445 1662 3500; x_wconf 88' lang='lat' dir='ltr'><strong>mitti</strong></span> <span class='ocrx_word' id='word_1_485' title='bbox 1716 3444 2042 3510; x_wconf 77' lang='lat' dir='ltr'><strong>exercitum,</strong></span> 
     </span>
    </p>
   </div>
   <div class='ocr_carea' id='block_1_66' title="bbox 455 3535 2038 3606">
    <p class='ocr_par' dir='ltr' id='par_1_66' title="bbox 455 3535 2038 3606">
     <span class='ocr_line' id='line_1_66' title="bbox 455 3535 2038 3606; baseline 0.001 -19"><span class='ocrx_word' id='word_1_486' title='bbox 455 3549 567 3590; x_wconf 88' lang='lat' dir='ltr'><strong>non</strong></span> <span class='ocrx_word' id='word_1_487' title='bbox 591 3535 715 3589; x_wconf 87' lang='lat' dir='ltr'><strong>belli</strong></span> <span class='ocrx_word' id='word_1_488' title='bbox 744 3551 935 3601; x_wconf 87' lang='lat' dir='ltr'><strong>causa,</strong></span> <span class='ocrx_word' id='word_1_489' title='bbox 974 3552 1153 3605; x_wconf 86' lang='lat' dir='ltr'><strong>neque</strong></span> <span class='ocrx_word' id='word_1_490' title='bbox 1185 3537 1629 3600; x_wconf 87' lang='lat' dir='ltr'><strong>homicidiorum,</strong></span> <span class='ocrx_word' id='word_1_491' title='bbox 1693 3552 1869 3606; x_wconf 86' lang='lat' dir='ltr'><strong>neque</strong></span> <span class='ocrx_word' id='word_1_492' title='bbox 1911 3551 2038 3590; x_wconf 85' lang='lat' dir='ltr'><strong>san-</strong></span> 
     </span>
    </p>
   </div>
   <div class='ocr_carea' id='block_1_67' title="bbox 455 3625 2036 3706">
    <p class='ocr_par' dir='ltr' id='par_1_67' title="bbox 455 3625 2036 3706">
     <span class='ocr_line' id='line_1_67' title="bbox 455 3625 2036 3706; baseline 0.004 -28"><span class='ocrx_word' id='word_1_493' title='bbox 455 3625 635 3691; x_wconf 79' lang='lat' dir='ltr'><strong>guinis</strong></span> <span class='ocrx_word' id='word_1_494' title='bbox 655 3627 982 3706; x_wconf 48' lang='lat' dir='ltr'><strong>,eﬂ‘usionis;</strong></span> <span class='ocrx_word' id='word_1_495' title='bbox 1015 3631 1108 3685; x_wconf 87' lang='lat' dir='ltr'><strong>sed</strong></span> <span class='ocrx_word' id='word_1_496' title='bbox 1143 3645 1266 3700; x_wconf 84' lang='lat' dir='ltr'><strong>quae</strong></span> <span class='ocrx_word' id='word_1_497' title='bbox 1298 3639 1425 3685; x_wconf 90' lang='lat' dir='ltr'><strong>nota</strong></span> <span class='ocrx_word' id='word_1_498' title='bbox 1459 3630 1593 3684; x_wconf 91' lang='lat' dir='ltr'><strong>mihi</strong></span> <span class='ocrx_word' id='word_1_499' title='bbox 1625 3628 1898 3697; x_wconf 85' lang='lat' dir='ltr'><strong>fecerunt,</strong></span> <span class='ocrx_word' id='word_1_500' title='bbox 1942 3629 2036 3684; x_wconf 84' lang='lat' dir='ltr'><strong>tibi</strong></span> 
     </span>
    </p>
   </div>
   <div class='ocr_carea' id='block_1_68' title="bbox 448 3716 1248 3787">
    <p class='ocr_par' dir='ltr' id='par_1_68' title="bbox 448 3716 1248 3787">
     <span class='ocr_line' id='line_1_68' title="bbox 448 3716 1248 3787; baseline 0.011 -18"><span class='ocrx_word' id='word_1_501' title='bbox 448 3716 590 3786; x_wconf 84' lang='lat' dir='ltr'><strong>jam,</strong></span> <span class='ocrx_word' id='word_1_502' title='bbox 629 3718 706 3786; x_wconf 81' lang='lat' dir='ltr'><strong>fili</strong></span> <span class='ocrx_word' id='word_1_503' title='bbox 740 3721 1045 3787; x_wconf 89' lang='lat' dir='ltr'><strong>mi,notum</strong></span> <span class='ocrx_word' id='word_1_504' title='bbox 1081 3723 1248 3778; x_wconf 81' lang='lat' dir='ltr'><strong>facio.</strong></span> 
     </span>
    </p>
   </div>
   <div class='ocr_carea' id='block_1_69' title="bbox 2150 3167 3730 3242">
    <p class='ocr_par' dir='ltr' id='par_1_69' title="bbox 2150 3167 3730 3242">
     <span class='ocr_line' id='line_1_69' title="bbox 2150 3167 3730 3242; baseline 0 -20"><span class='ocrx_word' id='word_1_505' title='bbox 2150 3189 2268 3242; x_wconf 89' lang='grc' dir='ltr'>μεν,</span> <span class='ocrx_word' id='word_1_506' title='bbox 2309 3171 2491 3241; x_wconf 75' lang='grc' dir='ltr'>οἰκείᾳ</span> <span class='ocrx_word' id='word_1_507' title='bbox 2518 3170 2739 3240; x_wconf 79' lang='grc' dir='ltr'>γλώσσῃ</span> <span class='ocrx_word' id='word_1_508' title='bbox 2771 3169 2963 3239; x_wconf 87' lang='grc' dir='ltr'>μαθεῖν</span> <span class='ocrx_word' id='word_1_509' title='bbox 2993 3167 3303 3238; x_wconf 77' lang='grc' dir='ltr'>ἐζητοῦμεν</span> <span class='ocrx_word' id='word_1_510' title='bbox 3351 3168 3444 3222; x_wconf 87' lang='grc' dir='ltr'><strong>τοῦ</strong></span> <span class='ocrx_word' id='word_1_511' title='bbox 3489 3168 3730 3240; x_wconf 78' lang='grc' dir='ltr'>στρατοῦ</span> 
     </span>
    </p>
   </div>
   <div class='ocr_carea' id='block_1_70' title="bbox 2144 3261 3731 3335">
    <p class='ocr_par' dir='ltr' id='par_1_70' title="bbox 2144 3261 3731 3335">
     <span class='ocr_line' id='line_1_70' title="bbox 2144 3261 3731 3335; baseline -0.001 -18"><span class='ocrx_word' id='word_1_512' title='bbox 2144 3263 2242 3335; x_wconf 75' lang='grc' dir='ltr'>τὴν</span> <span class='ocrx_word' id='word_1_513' title='bbox 2277 3263 2622 3334; x_wconf 85' lang='grc' dir='ltr'>συγκίνησιν,</span> <span class='ocrx_word' id='word_1_514' title='bbox 2655 3263 2750 3317; x_wconf 71' lang='grc' dir='ltr'>καὶ</span> <span class='ocrx_word' id='word_1_515' title='bbox 2787 3261 2978 3332; x_wconf 83' lang='grc' dir='ltr'>ὥσπερ</span> <span class='ocrx_word' id='word_1_516' title='bbox 3006 3263 3175 3333; x_wconf 71' lang='grc' dir='ltr'>ἐχρῆν</span> <span class='ocrx_word' id='word_1_517' title='bbox 3213 3263 3310 3316; x_wconf 71' lang='grc' dir='ltr'><strong>καὶ</strong></span> <span class='ocrx_word' id='word_1_518' title='bbox 3350 3262 3731 3334; x_wconf 71' lang='grc' dir='ltr'>ἐμεμψάμεθα</span> 
     </span>
    </p>
   </div>
   <div class='ocr_carea' id='block_1_71' title="bbox 2145 3355 3732 3427">
    <p class='ocr_par' dir='ltr' id='par_1_71' title="bbox 2145 3355 3732 3427">
     <span class='ocr_line' id='line_1_71' title="bbox 2145 3355 3732 3427; baseline -0.002 -17"><span class='ocrx_word' id='word_1_519' title='bbox 2145 3359 2240 3411; x_wconf 71' lang='grc' dir='ltr'>καὶ</span> <span class='ocrx_word' id='word_1_520' title='bbox 2284 3357 2649 3427; x_wconf 86' lang='grc' dir='ltr'>ώνειδίσαμεν</span> <span class='ocrx_word' id='word_1_521' title='bbox 2699 3355 2956 3409; x_wconf 76' lang='grc' dir='ltr'>τοσούτου</span> <span class='ocrx_word' id='word_1_522' title='bbox 3007 3359 3336 3426; x_wconf 79' lang='grc' dir='ltr'>πράγματος</span> <span class='ocrx_word' id='word_1_523' title='bbox 3387 3356 3732 3419; x_wconf 72' lang='grc' dir='ltr'>ἐπισκόπους</span> 
     </span>
    </p>
   </div>
   <div class='ocr_carea' id='block_1_72' title="bbox 2144 3446 3731 3519">
    <p class='ocr_par' dir='ltr' id='par_1_72' title="bbox 2144 3446 3731 3519">
     <span class='ocr_line' id='line_1_72' title="bbox 2144 3446 3731 3519; baseline -0.002 -18"><span class='ocrx_word' id='word_1_524' title='bbox 2144 3450 2294 3519; x_wconf 80' lang='grc' dir='ltr'>ἡμᾶς</span> <span class='ocrx_word' id='word_1_525' title='bbox 2325 3448 2486 3511; x_wconf 74' lang='grc' dir='ltr'>ὄντας</span> <span class='ocrx_word' id='word_1_526' title='bbox 2513 3449 2611 3518; x_wconf 85' lang='grc' dir='ltr'>τῆς</span> <span class='ocrx_word' id='word_1_527' title='bbox 2642 3448 2850 3509; x_wconf 85' lang='grc' dir='ltr'>πόλεως</span> <span class='ocrx_word' id='word_1_528' title='bbox 2885 3449 2962 3519; x_wconf 85' lang='grc' dir='ltr'>μὴ</span> <span class='ocrx_word' id='word_1_529' title='bbox 3015 3446 3276 3511; x_wconf 78' lang='grc' dir='ltr'>λαϐόντας</span> <span class='ocrx_word' id='word_1_530' title='bbox 3312 3448 3567 3502; x_wconf 80' lang='grc' dir='ltr'>κοινωνὸν</span> <span class='ocrx_word' id='word_1_531' title='bbox 3621 3448 3731 3516; x_wconf 71' lang='grc' dir='ltr'>τῆς</span> 
     </span>
    </p>
   </div>
   <div class='ocr_carea' id='block_1_73' title="bbox 2148 3536 3732 3610">
    <p class='ocr_par' dir='ltr' id='par_1_73' title="bbox 2148 3536 3732 3610">
     <span class='ocr_line' id='line_1_73' title="bbox 2148 3536 3732 3610; baseline 0.001 -22"><span class='ocrx_word' id='word_1_532' title='bbox 2148 3537 2366 3608; x_wconf 82' lang='grc' dir='ltr'>βουλῆς·</span> <span class='ocrx_word' id='word_1_533' title='bbox 2409 3537 2518 3588; x_wconf 89' lang='grc' dir='ltr'><strong>τῶν</strong></span> <span class='ocrx_word' id='word_1_534' title='bbox 2572 3537 2629 3590; x_wconf 82' lang='grc' dir='ltr'>δὲ</span> <span class='ocrx_word' id='word_1_535' title='bbox 2668 3536 2830 3608; x_wconf 73' lang='grc' dir='ltr'>ἡμὲν</span> <span class='ocrx_word' id='word_1_536' title='bbox 2879 3536 3015 3607; x_wconf 81' lang='grc' dir='ltr'>ἄλλη</span> <span class='ocrx_word' id='word_1_537' title='bbox 3071 3538 3342 3607; x_wconf 63' lang='grc' dir='ltr'>ἀπολωγία</span> <span class='ocrx_word' id='word_1_538' title='bbox 3410 3539 3732 3610; x_wconf 77' lang='grc' dir='ltr'>προήρχετο</span> 
     </span>
    </p>
   </div>
   <div class='ocr_carea' id='block_1_74' title="bbox 2150 3625 3730 3702">
    <p class='ocr_par' dir='ltr' id='par_1_74' title="bbox 2150 3625 3730 3702">
     <span class='ocr_line' id='line_1_74' title="bbox 2150 3625 3730 3702; baseline 0.002 -22"><span class='ocrx_word' id='word_1_539' title='bbox 2150 3629 2249 3700; x_wconf 82' lang='grc' dir='ltr'><strong>μὲν</strong></span> <span class='ocrx_word' id='word_1_540' title='bbox 2301 3628 2376 3691; x_wconf 83' lang='grc' dir='ltr'>ὼς</span> <span class='ocrx_word' id='word_1_541' title='bbox 2420 3625 2489 3699; x_wconf 81' lang='grc' dir='ltr'>ἦν</span> <span class='ocrx_word' id='word_1_542' title='bbox 2529 3629 2753 3683; x_wconf 81' lang='grc' dir='ltr'>δυνατὸν</span> <span class='ocrx_word' id='word_1_543' title='bbox 2805 3629 3193 3698; x_wconf 85' lang='grc' dir='ltr'>ἀπολογεῖσθαι</span> <span class='ocrx_word' id='word_1_544' title='bbox 3231 3631 3440 3696; x_wconf 79' lang='grc' dir='ltr'>αὐτοῖς,</span> <span class='ocrx_word' id='word_1_545' title='bbox 3485 3631 3580 3684; x_wconf 72' lang='grc' dir='ltr'>καὶ</span> <span class='ocrx_word' id='word_1_546' title='bbox 3624 3631 3730 3702; x_wconf 73' lang='grc' dir='ltr'><strong>τὴν</strong></span> 
     </span>
    </p>
   </div>
   <div class='ocr_carea' id='block_1_75' title="bbox 2148 3721 3729 3796">
    <p class='ocr_par' dir='ltr' id='par_1_75' title="bbox 2148 3721 3729 3796">
     <span class='ocr_line' id='line_1_75' title="bbox 2148 3721 3729 3796; baseline 0.002 -22"><span class='ocrx_word' id='word_1_547' title='bbox 2148 3721 2334 3775; x_wconf 78' lang='grc' dir='ltr'>αἰτίαν</span> <span class='ocrx_word' id='word_1_548' title='bbox 2398 3721 2639 3776; x_wconf 84' lang='grc' dir='ltr'>διαλύειν</span> <span class='ocrx_word' id='word_1_549' title='bbox 2717 3724 2816 3792; x_wconf 83' lang='grc' dir='ltr'>τῆς</span> <span class='ocrx_word' id='word_1_550' title='bbox 2887 3723 3149 3794; x_wconf 70' lang='grc' dir='ltr'>μέμψεως</span> <span class='ocrx_word' id='word_1_551' title='bbox 3183 3740 3196 3756; x_wconf 89' lang='grc'><strong>·</strong></span> <span class='ocrx_word' id='word_1_552' title='bbox 3241 3724 3429 3793; x_wconf 80' lang='grc' dir='ltr'>ἔλεγον</span> <span class='ocrx_word' id='word_1_553' title='bbox 3478 3725 3536 3778; x_wconf 83' lang='grc' dir='ltr'>δὲ</span> <span class='ocrx_word' id='word_1_554' title='bbox 3585 3725 3729 3796; x_wconf 72' lang='grc' dir='ltr'>πρὸς</span> 
     </span>
    </p>
   </div>
   <div class='ocr_carea' id='block_1_76' title="bbox 457 3814 3729 3891">
    <p class='ocr_par' dir='ltr' id='par_1_76' title="bbox 457 3814 3729 3891">
     <span class='ocr_line' id='line_1_76' title="bbox 457 3814 3729 3891; baseline 0.001 -25"><span class='ocrx_word' id='word_1_555' title='bbox 457 3814 605 3883; x_wconf 82' lang='grc' dir='ltr'>ὑμᾶς</span> <span class='ocrx_word' id='word_1_556' title='bbox 655 3817 1043 3889; x_wconf 69' lang='grc' dir='ltr'>ἐκστρατεύειν</span> <span class='ocrx_word' id='word_1_557' title='bbox 1089 3819 1149 3871; x_wconf 80' lang='grc' dir='ltr'>οὐ</span> <span class='ocrx_word' id='word_1_558' title='bbox 1181 3818 1420 3889; x_wconf 82' lang='grc' dir='ltr'>πολέμου</span> <span class='ocrx_word' id='word_1_559' title='bbox 1467 3819 1654 3891; x_wconf 85' lang='grc' dir='ltr'>χάριν,</span> <span class='ocrx_word' id='word_1_560' title='bbox 1684 3819 1806 3873; x_wconf 79' lang='grc' dir='ltr'>οὐδὲ</span> <span class='ocrx_word' id='word_1_561' title='bbox 1857 3820 2034 3890; x_wconf 82' lang='grc' dir='ltr'>φόνων</span> <span class='ocrx_word' id='word_1_562' title='bbox 2071 3821 2260 3874; x_wconf 69' lang='grc' dir='ltr'>ἕνεκεν</span> <span class='ocrx_word' id='word_1_563' title='bbox 2321 3818 2418 3872; x_wconf 76' lang='grc' dir='ltr'>καὶ</span> <span class='ocrx_word' id='word_1_564' title='bbox 2449 3819 2700 3890; x_wconf 81' lang='grc' dir='ltr'>αἱμάτων</span> <span class='ocrx_word' id='word_1_565' title='bbox 2766 3819 3071 3890; x_wconf 71' lang='grc' dir='ltr'>ἐκχύσεως,</span> <span class='ocrx_word' id='word_1_566' title='bbox 3113 3818 3230 3872; x_wconf 81' lang='grc' dir='ltr'>ἀλλ’</span> <span class='ocrx_word' id='word_1_567' title='bbox 3260 3819 3406 3890; x_wconf 75' lang='grc' dir='ltr'>ἅπερ</span> <span class='ocrx_word' id='word_1_568' title='bbox 3435 3819 3729 3888; x_wconf 68' lang='grc' dir='ltr'>ἀπήγγελο-</span> 
     </span>
    </p>
   </div>
   <div class='ocr_carea' id='block_1_77' title="bbox 457 3908 1855 3984">
    <p class='ocr_par' dir='ltr' id='par_1_77' title="bbox 457 3908 1855 3984">
     <span class='ocr_line' id='line_1_77' title="bbox 457 3908 1855 3984; baseline 0.005 -25"><span class='ocrx_word' id='word_1_569' title='bbox 457 3908 571 3975; x_wconf 86' lang='grc' dir='ltr'>λον,</span> <span class='ocrx_word' id='word_1_570' title='bbox 594 3909 768 3961; x_wconf 86' lang='grc' dir='ltr'>ταῦτὰ</span> <span class='ocrx_word' id='word_1_571' title='bbox 795 3927 900 3975; x_wconf 88' lang='grc' dir='ltr'>σοι,</span> <span class='ocrx_word' id='word_1_572' title='bbox 926 3911 1115 3965; x_wconf 63' lang='grc' dir='ltr'>τέκνον</span> <span class='ocrx_word' id='word_1_573' title='bbox 1135 3913 1321 3982; x_wconf 84' lang='grc' dir='ltr'>ἡμῶν,</span> <span class='ocrx_word' id='word_1_574' title='bbox 1359 3911 1460 3984; x_wconf 67' lang='grc' dir='ltr'>ἤδη</span> <span class='ocrx_word' id='word_1_575' title='bbox 1493 3913 1855 3984; x_wconf 79' lang='grc' dir='ltr'>γνωρίζομεν.</span> 
     </span>
    </p>
   </div>
   <div class='ocr_carea' id='block_1_78' title="bbox 526 4001 2042 4071">
    <p class='ocr_par' dir='ltr' id='par_1_78' title="bbox 526 4001 2042 4071">
     <span class='ocr_line' id='line_1_78' title="bbox 526 4001 2042 4071; baseline 0.002 -16"><span class='ocrx_word' id='word_1_576' title='bbox 526 4001 708 4067; x_wconf 84' lang='lat' dir='ltr'><strong>Nosti,</strong></span> <span class='ocrx_word' id='word_1_577' title='bbox 741 4008 897 4071; x_wconf 86' lang='lat' dir='ltr'><strong>pater</strong></span> <span class='ocrx_word' id='word_1_578' title='bbox 935 4018 1000 4058; x_wconf 87' lang='lat' dir='ltr'><strong>ac</strong></span> <span class='ocrx_word' id='word_1_579' title='bbox 1053 4004 1296 4070; x_wconf 91' lang='lat' dir='ltr'><strong>domine,</strong></span> <span class='ocrx_word' id='word_1_580' title='bbox 1334 4002 1663 4058; x_wconf 72' lang='lat' dir='ltr'><strong>Macedonia:</strong></span> <span class='ocrx_word' id='word_1_581' title='bbox 1699 4015 1752 4059; x_wconf 91' lang='lat' dir='ltr'><strong>et</strong></span> <span class='ocrx_word' id='word_1_582' title='bbox 1794 4002 2042 4058; x_wconf 64' lang='lat' dir='ltr'><strong>Thracia</strong></span> 
     </span>
    </p>
   </div>
   <div class='ocr_carea' id='block_1_79' title="bbox 456 4091 2039 4165">
    <p class='ocr_par' dir='ltr' id='par_1_79' title="bbox 456 4091 2039 4165">
     <span class='ocr_line' id='line_1_79' title="bbox 456 4091 2039 4165; baseline 0.001 -19"><span class='ocrx_word' id='word_1_583' title='bbox 456 4091 627 4146; x_wconf 85' lang='lat' dir='ltr'><strong>duces</strong></span> <span class='ocrx_word' id='word_1_584' title='bbox 659 4109 672 4145; x_wconf 89' lang='lat'><strong>:</strong></span> <span class='ocrx_word' id='word_1_585' title='bbox 705 4092 784 4146; x_wconf 89' lang='lat' dir='ltr'><strong>illi</strong></span> <span class='ocrx_word' id='word_1_586' title='bbox 823 4093 1280 4164; x_wconf 80' lang='lat' dir='ltr'><strong>igiturdixeruut,</strong></span> <span class='ocrx_word' id='word_1_587' title='bbox 1312 4109 1409 4148; x_wconf 87' lang='lat' dir='ltr'><strong>nec</strong></span> <span class='ocrx_word' id='word_1_588' title='bbox 1435 4093 1669 4165; x_wconf 75' lang='lat' dir='ltr'><strong>singulis</strong></span> <span class='ocrx_word' id='word_1_589' title='bbox 1695 4094 1888 4149; x_wconf 88' lang='lat' dir='ltr'><strong>diebus</strong></span> <span class='ocrx_word' id='word_1_590' title='bbox 1919 4109 2039 4148; x_wconf 88' lang='lat' dir='ltr'><strong>ces-</strong></span> 
     </span>
    </p>
   </div>
   <div class='ocr_carea' id='block_1_80' title="bbox 457 4187 2034 4258">
    <p class='ocr_par' dir='ltr' id='par_1_80' title="bbox 457 4187 2034 4258">
     <span class='ocr_line' id='line_1_80' title="bbox 457 4187 2034 4258; baseline 0.001 -20"><span class='ocrx_word' id='word_1_591' title='bbox 457 4195 582 4239; x_wconf 86' lang='lat' dir='ltr'><strong>sant</strong></span> <span class='ocrx_word' id='word_1_592' title='bbox 641 4187 974 4256; x_wconf 85' lang='lat' dir='ltr'><strong>scriptisque</strong></span> <span class='ocrx_word' id='word_1_593' title='bbox 1037 4195 1089 4240; x_wconf 91' lang='lat' dir='ltr'><strong>et</strong></span> <span class='ocrx_word' id='word_1_594' title='bbox 1123 4201 1347 4241; x_wconf 88' lang='lat' dir='ltr'><strong>suorum</strong></span> <span class='ocrx_word' id='word_1_595' title='bbox 1390 4202 1485 4241; x_wconf 92' lang='lat' dir='ltr'><strong>ore</strong></span> <span class='ocrx_word' id='word_1_596' title='bbox 1542 4187 2034 4258; x_wconf 88' lang='lat' dir='ltr'><strong>apocrisiariorum</strong></span> 
     </span>
    </p>
   </div>
   <div class='ocr_carea' id='block_1_81' title="bbox 457 4279 2032 4344">
    <p class='ocr_par' dir='ltr' id='par_1_81' title="bbox 457 4279 2032 4344">
     <span class='ocr_line' id='line_1_81' title="bbox 457 4279 2032 4344; baseline -0.001 -11"><span class='ocrx_word' id='word_1_597' title='bbox 457 4293 560 4334; x_wconf 86' lang='lat' dir='ltr'><strong>nos</strong></span> <span class='ocrx_word' id='word_1_598' title='bbox 605 4291 786 4334; x_wconf 87' lang='lat' dir='ltr'><strong>certos</strong></span> <span class='ocrx_word' id='word_1_599' title='bbox 853 4279 1038 4335; x_wconf 89' lang='lat' dir='ltr'><strong>facere</strong></span> <span class='ocrx_word' id='word_1_600' title='bbox 1069 4318 1084 4344; x_wconf 89' lang='lat'><strong>,</strong></span> <span class='ocrx_word' id='word_1_601' title='bbox 1150 4280 1488 4334; x_wconf 75' lang='lat' dir='ltr'><strong>afﬁrmantes</strong></span> <span class='ocrx_word' id='word_1_602' title='bbox 1526 4295 1588 4334; x_wconf 90' lang='lat' dir='ltr'><strong>se</strong></span> <span class='ocrx_word' id='word_1_603' title='bbox 1648 4295 1774 4334; x_wconf 73' lang='lat' dir='ltr'><strong>vera</strong></span> <span class='ocrx_word' id='word_1_604' title='bbox 1825 4280 2032 4343; x_wconf 83' lang='lat' dir='ltr'><strong>dicere,</strong></span> 
     </span>
    </p>
   </div>
   <div class='ocr_carea' id='block_1_82' title="bbox 2235 4001 3725 4074">
    <p class='ocr_par' dir='ltr' id='par_1_82' title="bbox 2235 4001 3725 4074">
     <span class='ocr_line' id='line_1_82' title="bbox 2235 4001 3725 4074; baseline 0 -15"><span class='ocrx_word' id='word_1_605' title='bbox 2235 4004 2577 4070; x_wconf 85' lang='grc' dir='ltr'>Ἐπίστασαι,</span> <span class='ocrx_word' id='word_1_606' title='bbox 2610 4005 2786 4074; x_wconf 85' lang='grc' dir='ltr'>πάτερ</span> <span class='ocrx_word' id='word_1_607' title='bbox 2817 4005 2909 4058; x_wconf 78' lang='grc' dir='ltr'><strong>καὶ</strong></span> <span class='ocrx_word' id='word_1_608' title='bbox 2942 4004 3198 4068; x_wconf 77' lang='grc' dir='ltr'>δέσποτα,</span> <span class='ocrx_word' id='word_1_609' title='bbox 3229 4003 3355 4067; x_wconf 80' lang='grc' dir='ltr'>τοὺς</span> <span class='ocrx_word' id='word_1_610' title='bbox 3388 4001 3490 4073; x_wconf 84' lang='grc' dir='ltr'><strong>τῆς</strong></span> <span class='ocrx_word' id='word_1_611' title='bbox 3529 4005 3725 4059; x_wconf 72' lang='grc' dir='ltr'>Μακεο</span> 
     </span>
    </p>
   </div>
   <div class='ocr_carea' id='block_1_83' title="bbox 2146 4088 3724 4168">
    <p class='ocr_par' dir='ltr' id='par_1_83' title="bbox 2146 4088 3724 4168">
     <span class='ocr_line' id='line_1_83' title="bbox 2146 4088 3724 4168; baseline -0.001 -16"><span class='ocrx_word' id='word_1_612' title='bbox 2146 4097 2326 4161; x_wconf 86' lang='grc' dir='ltr'>δονίας</span> <span class='ocrx_word' id='word_1_613' title='bbox 2375 4097 2472 4151; x_wconf 78' lang='grc' dir='ltr'>καὶ</span> <span class='ocrx_word' id='word_1_614' title='bbox 2525 4097 2623 4167; x_wconf 82' lang='grc' dir='ltr'>τῆς</span> <span class='ocrx_word' id='word_1_615' title='bbox 2655 4096 2877 4168; x_wconf 79' lang='grc' dir='ltr'><strong>Θρᾴκης</strong></span> <span class='ocrx_word' id='word_1_616' title='bbox 2921 4095 3283 4166; x_wconf 84' lang='grc' dir='ltr'>στρατηγούς.</span> <span class='ocrx_word' id='word_1_617' title='bbox 3341 4088 3503 4150; x_wconf 84' lang='grc' dir='ltr'>Οῦτοι</span> <span class='ocrx_word' id='word_1_618' title='bbox 3532 4097 3597 4168; x_wconf 82' lang='grc' dir='ltr'>δὴ</span> <span class='ocrx_word' id='word_1_619' title='bbox 3627 4094 3724 4150; x_wconf 81' lang='grc' dir='ltr'><strong>οὖν</strong></span> 
     </span>
    </p>
   </div>
   <div class='ocr_carea' id='block_1_84' title="bbox 2144 4188 3720 4259">
    <p class='ocr_par' dir='ltr' id='par_1_84' title="bbox 2144 4188 3720 4259">
     <span class='ocr_line' id='line_1_84' title="bbox 2144 4188 3720 4259; baseline 0.001 -17"><span class='ocrx_word' id='word_1_620' title='bbox 2144 4190 2352 4258; x_wconf 77' lang='grc' dir='ltr'>ἔλεγον,</span> <span class='ocrx_word' id='word_1_621' title='bbox 2382 4194 2442 4242; x_wconf 78' lang='grc' dir='ltr'><strong>οὐ</strong></span> <span class='ocrx_word' id='word_1_622' title='bbox 2475 4189 2813 4241; x_wconf 82' lang='grc' dir='ltr'>διαλείπουσι</span> <span class='ocrx_word' id='word_1_623' title='bbox 2841 4188 2964 4241; x_wconf 84' lang='grc' dir='ltr'>καθ’</span> <span class='ocrx_word' id='word_1_624' title='bbox 3014 4189 3254 4258; x_wconf 83' lang='grc' dir='ltr'>ἑκάστην</span> <span class='ocrx_word' id='word_1_625' title='bbox 3284 4189 3354 4241; x_wconf 85' lang='grc' dir='ltr'>τὰ</span> <span class='ocrx_word' id='word_1_626' title='bbox 3403 4189 3503 4258; x_wconf 85' lang='grc' dir='ltr'><strong>μὲν</strong></span> <span class='ocrx_word' id='word_1_627' title='bbox 3532 4191 3720 4259; x_wconf 76' lang='grc' dir='ltr'>γρὰμο</span> 
     </span>
    </p>
   </div>
   <div class='ocr_carea' id='block_1_85' title="bbox 2147 4278 3719 4352">
    <p class='ocr_par' dir='ltr' id='par_1_85' title="bbox 2147 4278 3719 4352">
     <span class='ocr_line' id='line_1_85' title="bbox 2147 4278 3719 4352; baseline 0 -18"><span class='ocrx_word' id='word_1_628' title='bbox 2147 4297 2280 4352; x_wconf 87' lang='grc' dir='ltr'>μασι</span> <span class='ocrx_word' id='word_1_629' title='bbox 2335 4279 2643 4349; x_wconf 79' lang='grc' dir='ltr'>δηλοῦντες,</span> <span class='ocrx_word' id='word_1_630' title='bbox 2700 4278 2768 4331; x_wconf 79' lang='grc' dir='ltr'>τὰ</span> <span class='ocrx_word' id='word_1_631' title='bbox 2819 4279 2877 4331; x_wconf 85' lang='grc' dir='ltr'>δὲ</span> <span class='ocrx_word' id='word_1_632' title='bbox 2928 4279 3022 4332; x_wconf 74' lang='grc' dir='ltr'><strong>καὶ</strong></span> <span class='ocrx_word' id='word_1_633' title='bbox 3070 4278 3294 4351; x_wconf 79' lang='grc' dir='ltr'>γλώσσῃ</span> <span class='ocrx_word' id='word_1_634' title='bbox 3341 4279 3448 4332; x_wconf 83' lang='grc' dir='ltr'><strong>τῶν</strong></span> <span class='ocrx_word' id='word_1_635' title='bbox 3500 4280 3719 4334; x_wconf 83' lang='grc' dir='ltr'>οἰκείων</span> 
     </span>
    </p>
   </div>
   <div class='ocr_carea' id='block_1_86' title="bbox 457 4369 2040 4443">
    <p class='ocr_par' dir='ltr' id='par_1_86' title="bbox 457 4371 2039 4442">
     <span class='ocr_line' id='line_1_86' title="bbox 457 4371 2039 4442; baseline 0 -18"><span class='ocrx_word' id='word_1_636' title='bbox 457 4381 633 4442; x_wconf 87' lang='lat' dir='ltr'><strong>neque</strong></span> <span class='ocrx_word' id='word_1_637' title='bbox 668 4372 772 4426; x_wconf 89' lang='lat' dir='ltr'><strong>ulla</strong></span> <span class='ocrx_word' id='word_1_638' title='bbox 805 4386 998 4427; x_wconf 85' lang='lat' dir='ltr'><strong>earum</strong></span> <span class='ocrx_word' id='word_1_639' title='bbox 1041 4387 1325 4427; x_wconf 87' lang='lat' dir='ltr'><strong>sermones</strong></span> <span class='ocrx_word' id='word_1_640' title='bbox 1365 4373 1660 4425; x_wconf 88' lang='lat' dir='ltr'><strong>comitatur</strong></span> <span class='ocrx_word' id='word_1_641' title='bbox 1685 4371 2039 4441; x_wconf 79' lang='lat' dir='ltr'><strong>ambiguitas,</strong></span> 
     </span>
    </p>
   </div>
   <div class='ocr_carea' id='block_1_87' title="bbox 2147 4369 3718 4443">
    <p class='ocr_par' dir='ltr' id='par_1_87' title="bbox 2147 4369 3718 4443">
     <span class='ocr_line' id='line_1_87' title="bbox 2147 4369 3718 4443; baseline -0.003 -18"><span class='ocrx_word' id='word_1_642' title='bbox 2147 4371 2610 4443; x_wconf 76' lang='grc' dir='ltr'>ἀποκρισιαρίων,</span> <span class='ocrx_word' id='word_1_643' title='bbox 2651 4372 2744 4424; x_wconf 77' lang='grc' dir='ltr'><strong>καὶ</strong></span> <span class='ocrx_word' id='word_1_644' title='bbox 2783 4369 3257 4438; x_wconf 75' lang='grc' dir='ltr'>διαϐεϐαιούμενοι</span> <span class='ocrx_word' id='word_1_645' title='bbox 3311 4370 3386 4435; x_wconf 87' lang='grc' dir='ltr'>ὡς</span> <span class='ocrx_word' id='word_1_646' title='bbox 3416 4370 3588 4440; x_wconf 81' lang='grc' dir='ltr'>ἀληθῆ</span> <span class='ocrx_word' id='word_1_647' title='bbox 3623 4371 3718 4422; x_wconf 59' lang='grc' dir='ltr'>λέ.</span> 
     </span>
    </p>
   </div>
   <div class='ocr_carea' id='block_1_88' title="bbox 459 4460 2038 4530">
    <p class='ocr_par' dir='ltr' id='par_1_88' title="bbox 459 4460 2038 4530">
     <span class='ocr_line' id='line_1_88' title="bbox 459 4460 2038 4530; baseline -0.001 -13"><span class='ocrx_word' id='word_1_648' title='bbox 459 4461 822 4529; x_wconf 78' lang='lat' dir='ltr'><strong>Bulgarorum</strong></span> <span class='ocrx_word' id='word_1_649' title='bbox 879 4477 1108 4530; x_wconf 76' lang='lat' dir='ltr'><strong>secpum</strong></span> <span class='ocrx_word' id='word_1_650' title='bbox 1155 4477 1278 4516; x_wconf 82' lang='lat' dir='ltr'><strong>esse</strong></span> <span class='ocrx_word' id='word_1_651' title='bbox 1314 4470 1556 4515; x_wconf 88' lang='lat' dir='ltr'><strong>nostram</strong></span> <span class='ocrx_word' id='word_1_652' title='bbox 1593 4460 1870 4530; x_wconf 77' lang='lat' dir='ltr'><strong>regionem</strong></span> <span class='ocrx_word' id='word_1_653' title='bbox 1911 4477 2038 4530; x_wconf 86' lang='lat' dir='ltr'><strong>spo-</strong></span> 
     </span>
    </p>
   </div>
   <div class='ocr_carea' id='block_1_89' title="bbox 455 4553 2034 4623">
    <p class='ocr_par' dir='ltr' id='par_1_89' title="bbox 455 4553 2034 4623">
     <span class='ocr_line' id='line_1_89' title="bbox 455 4553 2034 4623; baseline 0.001 -17"><span class='ocrx_word' id='word_1_654' title='bbox 455 4553 622 4607; x_wconf 89' lang='lat' dir='ltr'><strong>liandi</strong></span> <span class='ocrx_word' id='word_1_655' title='bbox 666 4565 829 4620; x_wconf 86' lang='lat' dir='ltr'><strong>atque</strong></span> <span class='ocrx_word' id='word_1_656' title='bbox 858 4553 1210 4623; x_wconf 70' lang='lat' dir='ltr'><strong>depraedandi</strong></span> <span class='ocrx_word' id='word_1_657' title='bbox 1240 4555 1501 4620; x_wconf 86' lang='lat' dir='ltr'><strong>omnino;</strong></span> <span class='ocrx_word' id='word_1_658' title='bbox 1533 4555 1651 4608; x_wconf 90' lang='lat' dir='ltr'><strong>suis</strong></span> <span class='ocrx_word' id='word_1_659' title='bbox 1681 4555 1844 4608; x_wconf 90' lang='lat' dir='ltr'><strong>dictis</strong></span> <span class='ocrx_word' id='word_1_660' title='bbox 1875 4553 2034 4608; x_wconf 80' lang='lat' dir='ltr'><strong>fidem</strong></span> 
     </span>
    </p>
   </div>
   <div class='ocr_carea' id='block_1_90' title="bbox 455 4643 2035 4716">
    <p class='ocr_par' dir='ltr' id='par_1_90' title="bbox 455 4643 2035 4716">
     <span class='ocr_line' id='line_1_90' title="bbox 455 4643 2035 4716; baseline 0.002 -21"><span class='ocrx_word' id='word_1_661' title='bbox 455 4643 752 4704; x_wconf 83' lang='lat' dir='ltr'><strong>addebant,</strong></span> <span class='ocrx_word' id='word_1_662' title='bbox 808 4657 868 4697; x_wconf 89' lang='lat' dir='ltr'><strong>se</strong></span> <span class='ocrx_word' id='word_1_663' title='bbox 917 4660 1026 4697; x_wconf 87' lang='lat' dir='ltr'><strong>non</strong></span> <span class='ocrx_word' id='word_1_664' title='bbox 1063 4645 1318 4710; x_wconf 90' lang='lat' dir='ltr'><strong>mentiri,</strong></span> <span class='ocrx_word' id='word_1_665' title='bbox 1369 4647 1466 4700; x_wconf 90' lang='lat' dir='ltr'><strong>sed</strong></span> <span class='ocrx_word' id='word_1_666' title='bbox 1500 4660 1625 4700; x_wconf 82' lang='lat' dir='ltr'><strong>vere</strong></span> <span class='ocrx_word' id='word_1_667' title='bbox 1659 4645 1927 4716; x_wconf 79' lang='lat' dir='ltr'><strong>Bulgaros</strong></span> <span class='ocrx_word' id='word_1_668' title='bbox 1963 4645 2035 4699; x_wconf 91' lang='lat' dir='ltr'><strong>ita</strong></span> 
     </span>
    </p>
   </div>
   <div class='ocr_carea' id='block_1_91' title="bbox 452 4735 2034 4807">
    <p class='ocr_par' dir='ltr' id='par_1_91' title="bbox 452 4735 2034 4807">
     <span class='ocr_line' id='line_1_91' title="bbox 452 4735 2034 4807; baseline 0 -17"><span class='ocrx_word' id='word_1_669' title='bbox 452 4750 574 4792; x_wconf 85' lang='lat' dir='ltr'><strong>esse</strong></span> <span class='ocrx_word' id='word_1_670' title='bbox 611 4746 836 4805; x_wconf 87' lang='lat' dir='ltr'><strong>paratos</strong></span> <span class='ocrx_word' id='word_1_671' title='bbox 878 4744 939 4788; x_wconf 93' lang='lat' dir='ltr'><strong>ut</strong></span> <span class='ocrx_word' id='word_1_672' title='bbox 967 4735 1173 4790; x_wconf 75' lang='lat' dir='ltr'><strong>fmdera</strong></span> <span class='ocrx_word' id='word_1_673' title='bbox 1214 4745 1551 4805; x_wconf 85' lang='lat' dir='ltr'><strong>rumperent,</strong></span> <span class='ocrx_word' id='word_1_674' title='bbox 1611 4738 1738 4807; x_wconf 90' lang='lat' dir='ltr'><strong>quia</strong></span> <span class='ocrx_word' id='word_1_675' title='bbox 1784 4753 1893 4792; x_wconf 92' lang='lat' dir='ltr'><strong>non</strong></span> <span class='ocrx_word' id='word_1_676' title='bbox 1921 4739 2034 4806; x_wconf 88' lang='lat' dir='ltr'><strong>jam</strong></span> 
     </span>
    </p>
   </div>
   <div class='ocr_carea' id='block_1_92' title="bbox 451 4823 2035 4899">
    <p class='ocr_par' dir='ltr' id='par_1_92' title="bbox 451 4823 2035 4899">
     <span class='ocr_line' id='line_1_92' title="bbox 451 4823 2035 4899; baseline 0.003 -17"><span class='ocrx_word' id='word_1_677' title='bbox 451 4826 652 4883; x_wconf 81' lang='lat' dir='ltr'><strong>vellent</strong></span> <span class='ocrx_word' id='word_1_678' title='bbox 699 4829 1160 4882; x_wconf 73' lang='lat' dir='ltr'><strong>conrentionibus</strong></span> <span class='ocrx_word' id='word_1_679' title='bbox 1232 4838 1414 4894; x_wconf 87' lang='lat' dir='ltr'><strong>stare;</strong></span> <span class='ocrx_word' id='word_1_680' title='bbox 1447 4823 1685 4899; x_wconf 41' lang='lat' dir='ltr'><strong>&quot;insuper</strong></span> <span class='ocrx_word' id='word_1_681' title='bbox 1715 4829 1988 4885; x_wconf 87' lang='lat' dir='ltr'><strong>addebant</strong></span> <span class='ocrx_word' id='word_1_682' title='bbox 2019 4849 2035 4887; x_wconf 84' lang='lat'><strong>:</strong></span> 
     </span>
    </p>
   </div>
   <div class='ocr_carea' id='block_1_93' title="bbox 453 4920 2032 4994">
    <p class='ocr_par' dir='ltr' id='par_1_93' title="bbox 453 4920 2032 4994">
     <span class='ocr_line' id='line_1_93' title="bbox 453 4920 2032 4994; baseline 0.001 -16"><span class='ocrx_word' id='word_1_683' title='bbox 453 4933 641 4978; x_wconf 90' lang='lat' dir='ltr'><strong>uotum</strong></span> <span class='ocrx_word' id='word_1_684' title='bbox 681 4923 776 4976; x_wconf 86' lang='lat' dir='ltr'><strong>tibi</strong></span> <span class='ocrx_word' id='word_1_685' title='bbox 801 4930 884 4976; x_wconf 87' lang='lat' dir='ltr'><strong>est</strong></span> <span class='ocrx_word' id='word_1_686' title='bbox 917 4920 1116 4991; x_wconf 77' lang='lat' dir='ltr'><strong>Bogam</strong></span> <span class='ocrx_word' id='word_1_687' title='bbox 1140 4923 1423 4978; x_wconf 81' lang='lat' dir='ltr'><strong>Chersone</strong></span> <span class='ocrx_word' id='word_1_688' title='bbox 1457 4925 1750 4993; x_wconf 86' lang='lat' dir='ltr'><strong>imperare,</strong></span> <span class='ocrx_word' id='word_1_689' title='bbox 1786 4927 1882 4994; x_wconf 88' lang='lat' dir='ltr'><strong>qui</strong></span> <span class='ocrx_word' id='word_1_690' title='bbox 1926 4941 2032 4980; x_wconf 89' lang='lat' dir='ltr'><strong>non</strong></span> 
     </span>
    </p>
   </div>
   <div class='ocr_carea' id='block_1_94' title="bbox 451 5015 2034 5088">
    <p class='ocr_par' dir='ltr' id='par_1_94' title="bbox 451 5015 2034 5088">
     <span class='ocr_line' id='line_1_94' title="bbox 451 5015 2034 5088; baseline 0.003 -18"><span class='ocrx_word' id='word_1_691' title='bbox 451 5028 630 5070; x_wconf 87' lang='lat' dir='ltr'><strong>cessat</strong></span> <span class='ocrx_word' id='word_1_692' title='bbox 674 5015 1012 5069; x_wconf 88' lang='lat' dir='ltr'><strong>dementiare</strong></span> <span class='ocrx_word' id='word_1_693' title='bbox 1070 5031 1289 5070; x_wconf 89' lang='lat' dir='ltr'><strong>omnem</strong></span> <span class='ocrx_word' id='word_1_694' title='bbox 1354 5019 1408 5070; x_wconf 91' lang='lat' dir='ltr'><strong>in</strong></span> <span class='ocrx_word' id='word_1_695' title='bbox 1462 5031 1529 5072; x_wconf 90' lang='lat' dir='ltr'><strong>eo</strong></span> <span class='ocrx_word' id='word_1_696' title='bbox 1584 5033 1773 5072; x_wconf 85' lang='lat' dir='ltr'><strong>curam</strong></span> <span class='ocrx_word' id='word_1_697' title='bbox 1832 5034 2034 5088; x_wconf 90' lang='lat' dir='ltr'><strong>ponere</strong></span> 
     </span>
    </p>
   </div>
   <div class='ocr_carea' id='block_1_95' title="bbox 451 5105 2034 5178">
    <p class='ocr_par' dir='ltr' id='par_1_95' title="bbox 451 5105 2034 5178">
     <span class='ocr_line' id='line_1_95' title="bbox 451 5105 2034 5178; baseline 0.003 -19"><span class='ocrx_word' id='word_1_698' title='bbox 451 5105 716 5178; x_wconf 73' lang='lat' dir='ltr'><strong>Bulgaros</strong></span> <span class='ocrx_word' id='word_1_699' title='bbox 765 5116 825 5161; x_wconf 90' lang='lat' dir='ltr'><strong>ut</strong></span> <span class='ocrx_word' id='word_1_700' title='bbox 857 5106 1242 5163; x_wconf 83' lang='lat' dir='ltr'><strong>Patzeuacitas</strong></span> <span class='ocrx_word' id='word_1_701' title='bbox 1283 5119 1339 5164; x_wconf 87' lang='lat' dir='ltr'><strong>et</strong></span> <span class='ocrx_word' id='word_1_702' title='bbox 1376 5110 1423 5162; x_wconf 87' lang='lat' dir='ltr'><strong>si</strong></span> <span class='ocrx_word' id='word_1_703' title='bbox 1447 5124 1554 5178; x_wconf 88' lang='lat' dir='ltr'><strong>qua</strong></span> <span class='ocrx_word' id='word_1_704' title='bbox 1592 5110 1645 5163; x_wconf 93' lang='lat' dir='ltr'><strong>in</strong></span> <span class='ocrx_word' id='word_1_705' title='bbox 1681 5110 1788 5165; x_wconf 91' lang='lat' dir='ltr'><strong>illis</strong></span> <span class='ocrx_word' id='word_1_706' title='bbox 1817 5111 1869 5164; x_wconf 93' lang='lat' dir='ltr'><strong>in</strong></span> <span class='ocrx_word' id='word_1_707' title='bbox 1901 5111 2034 5164; x_wconf 89' lang='lat' dir='ltr'><strong>locis</strong></span> 
     </span>
    </p>
   </div>
   <div class='ocr_carea' id='block_1_96' title="bbox 450 5198 2032 5269">
    <p class='ocr_par' dir='ltr' id='par_1_96' title="bbox 450 5198 2032 5269">
     <span class='ocr_line' id='line_1_96' title="bbox 450 5198 2032 5269; baseline 0.003 -19"><span class='ocrx_word' id='word_1_708' title='bbox 450 5209 532 5252; x_wconf 89' lang='lat' dir='ltr'><strong>est</strong></span> <span class='ocrx_word' id='word_1_709' title='bbox 568 5215 726 5269; x_wconf 78' lang='lat' dir='ltr'><strong>gens,</strong></span> <span class='ocrx_word' id='word_1_710' title='bbox 768 5200 1048 5262; x_wconf 88' lang='lat' dir='ltr'><strong>concitent</strong></span> <span class='ocrx_word' id='word_1_711' title='bbox 1085 5198 1150 5252; x_wconf 89' lang='lat' dir='ltr'><strong>ad</strong></span> <span class='ocrx_word' id='word_1_712' title='bbox 1195 5200 1597 5267; x_wconf 83' lang='lat' dir='ltr'><strong>expeditionem</strong></span> <span class='ocrx_word' id='word_1_713' title='bbox 1623 5211 1679 5257; x_wconf 86' lang='lat' dir='ltr'><strong>et</strong></span> <span class='ocrx_word' id='word_1_714' title='bbox 1700 5202 1903 5256; x_wconf 87' lang='lat' dir='ltr'><strong>bellum</strong></span> <span class='ocrx_word' id='word_1_715' title='bbox 1930 5201 2032 5255; x_wconf 88' lang='lat' dir='ltr'><strong>ad-</strong></span> 
     </span>
    </p>
   </div>
   <div class='ocr_carea' id='block_1_97' title="bbox 453 5277 2028 5360">
    <p class='ocr_par' dir='ltr' id='par_1_97' title="bbox 453 5277 2028 5360">
     <span class='ocr_line' id='line_1_97' title="bbox 453 5277 2028 5360; baseline 0.003 -18"><span class='ocrx_word' id='word_1_716' title='bbox 453 5308 640 5348; x_wconf 87' lang='lat' dir='ltr'><strong>versus</strong></span> <span class='ocrx_word' id='word_1_717' title='bbox 674 5295 980 5359; x_wconf 83' lang='lat' dir='ltr'><strong>Romanos;</strong></span> <span class='ocrx_word' id='word_1_718' title='bbox 1044 5308 1144 5347; x_wconf 88' lang='lat' dir='ltr'><strong>nec</strong></span> <span class='ocrx_word' id='word_1_719' title='bbox 1174 5277 1334 5347; x_wconf 85' lang='lat' dir='ltr'><strong>modo</strong></span> <span class='ocrx_word' id='word_1_720' title='bbox 1378 5293 1510 5348; x_wconf 91' lang='lat' dir='ltr'><strong>dicit</strong></span> <span class='ocrx_word' id='word_1_721' title='bbox 1540 5295 1703 5350; x_wconf 89' lang='lat' dir='ltr'><strong>modo</strong></span> <span class='ocrx_word' id='word_1_722' title='bbox 1741 5304 1903 5360; x_wconf 86' lang='lat' dir='ltr'><strong>tacet,</strong></span> <span class='ocrx_word' id='word_1_723' title='bbox 1935 5293 2028 5348; x_wconf 88' lang='lat' dir='ltr'><strong>sed</strong></span> 
     </span>
    </p>
   </div>
   <div class='ocr_carea' id='block_1_98' title="bbox 452 5385 2031 5458">
    <p class='ocr_par' dir='ltr' id='par_1_98' title="bbox 452 5385 2031 5458">
     <span class='ocr_line' id='line_1_98' title="bbox 452 5385 2031 5458; baseline 0.003 -22"><span class='ocrx_word' id='word_1_724' title='bbox 452 5385 821 5442; x_wconf 86' lang='lat' dir='ltr'><strong>indesinenter</strong></span> <span class='ocrx_word' id='word_1_725' title='bbox 844 5387 1182 5458; x_wconf 77' lang='lat' dir='ltr'><strong>singulisque</strong></span> <span class='ocrx_word' id='word_1_726' title='bbox 1207 5386 1398 5440; x_wconf 89' lang='lat' dir='ltr'><strong>diebus</strong></span> <span class='ocrx_word' id='word_1_727' title='bbox 1425 5387 1613 5442; x_wconf 89' lang='lat' dir='ltr'><strong>iisdem</strong></span> <span class='ocrx_word' id='word_1_728' title='bbox 1644 5387 1840 5442; x_wconf 89' lang='lat' dir='ltr'><strong>litteris</strong></span> <span class='ocrx_word' id='word_1_729' title='bbox 1865 5396 2031 5455; x_wconf 88' lang='lat' dir='ltr'><strong>atque</strong></span> 
     </span>
    </p>
   </div>
   <div class='ocr_carea' id='block_1_99' title="bbox 454 5476 2026 5548">
    <p class='ocr_par' dir='ltr' id='par_1_99' title="bbox 454 5476 2026 5548">
     <span class='ocr_line' id='line_1_99' title="bbox 454 5476 2026 5548; baseline -0.002 -13"><span class='ocrx_word' id='word_1_730' title='bbox 454 5476 631 5530; x_wconf 71' lang='lat' dir='ltr'><strong>verbis</strong></span> <span class='ocrx_word' id='word_1_731' title='bbox 658 5492 818 5535; x_wconf 82' lang='lat' dir='ltr'><strong>aures</strong></span> <span class='ocrx_word' id='word_1_732' title='bbox 869 5491 1086 5536; x_wconf 82' lang='lat' dir='ltr'><strong>nostras</strong></span> <span class='ocrx_word' id='word_1_733' title='bbox 1135 5486 1462 5548; x_wconf 85' lang='lat' dir='ltr'><strong>mentesque</strong></span> <span class='ocrx_word' id='word_1_734' title='bbox 1504 5478 1796 5544; x_wconf 90' lang='lat' dir='ltr'><strong>obturbat;</strong></span> <span class='ocrx_word' id='word_1_735' title='bbox 1836 5490 2026 5547; x_wconf 57' lang='lat' dir='ltr'><strong>praete-</strong></span> 
     </span>
    </p>
   </div>
   <div class='ocr_carea' id='block_1_100' title="bbox 453 5569 2028 5641">
    <p class='ocr_par' dir='ltr' id='par_1_100' title="bbox 453 5569 2028 5641">
     <span class='ocr_line' id='line_1_100' title="bbox 453 5569 2028 5641; baseline 0.002 -19"><span class='ocrx_word' id='word_1_736' title='bbox 453 5584 542 5622; x_wconf 83' lang='lat' dir='ltr'><strong>rea</strong></span> <span class='ocrx_word' id='word_1_737' title='bbox 587 5570 841 5624; x_wconf 78' lang='lat' dir='ltr'><strong>dixerunt</strong></span> <span class='ocrx_word' id='word_1_738' title='bbox 888 5575 1278 5641; x_wconf 87' lang='lat' dir='ltr'><strong>apocrisiarios</strong></span> <span class='ocrx_word' id='word_1_739' title='bbox 1323 5571 1594 5627; x_wconf 81' lang='lat' dir='ltr'><strong>sexdecim</strong></span> <span class='ocrx_word' id='word_1_740' title='bbox 1627 5587 1655 5625; x_wconf 87' lang='lat' dir='ltr'><strong>a</strong></span> <span class='ocrx_word' id='word_1_741' title='bbox 1705 5569 2028 5625; x_wconf 81' lang='lat' dir='ltr'><strong>Patzenaci-</strong></span> 
     </span>
    </p>
   </div>
   <div class='ocr_carea' id='block_1_101' title="bbox 459 5665 2026 5732">
    <p class='ocr_par' dir='ltr' id='par_1_101' title="bbox 459 5665 2026 5732">
     <span class='ocr_line' id='line_1_101' title="bbox 459 5665 2026 5732; baseline 0 -15"><span class='ocrx_word' id='word_1_742' title='bbox 459 5673 631 5717; x_wconf 79' lang='lat' dir='ltr'><strong>tarum</strong></span> <span class='ocrx_word' id='word_1_743' title='bbox 663 5673 817 5732; x_wconf 80' lang='lat' dir='ltr'><strong>gente</strong></span> <span class='ocrx_word' id='word_1_744' title='bbox 849 5667 1036 5719; x_wconf 82' lang='lat' dir='ltr'><strong>eadem</strong></span> <span class='ocrx_word' id='word_1_745' title='bbox 1087 5669 1393 5724; x_wconf 77' lang='lat' dir='ltr'><strong>nuntiatum</strong></span> <span class='ocrx_word' id='word_1_746' title='bbox 1438 5665 1676 5728; x_wconf 75' lang='lat' dir='ltr'><strong>venisse,</strong></span> <span class='ocrx_word' id='word_1_747' title='bbox 1727 5665 2026 5729; x_wconf 74' lang='lat' dir='ltr'><strong>apocrisia-</strong></span> 
     </span>
    </p>
   </div>
   <div class='ocr_carea' id='block_1_102' title="bbox 2143 4461 3718 4536">
    <p class='ocr_par' dir='ltr' id='par_1_102' title="bbox 2143 4461 3718 4536">
     <span class='ocr_line' id='line_1_102' title="bbox 2143 4461 3718 4536; baseline 0.002 -21"><span class='ocrx_word' id='word_1_748' title='bbox 2143 4479 2316 4533; x_wconf 80' lang='grc' dir='ltr'>γοιεν,</span> <span class='ocrx_word' id='word_1_749' title='bbox 2350 4463 2444 4515; x_wconf 77' lang='grc' dir='ltr'><strong>καὶ</strong></span> <span class='ocrx_word' id='word_1_750' title='bbox 2481 4463 2708 4534; x_wconf 80' lang='grc' dir='ltr'>οὐδεμία</span> <span class='ocrx_word' id='word_1_751' title='bbox 2770 4463 2880 4524; x_wconf 85' lang='grc' dir='ltr'>τοῖς</span> <span class='ocrx_word' id='word_1_752' title='bbox 2932 4461 3113 4529; x_wconf 83' lang='grc' dir='ltr'>λόγοις</span> <span class='ocrx_word' id='word_1_753' title='bbox 3153 4465 3446 4530; x_wconf 85' lang='grc' dir='ltr'>πρόσεστιν</span> <span class='ocrx_word' id='word_1_754' title='bbox 3477 4465 3718 4536; x_wconf 79' lang='grc' dir='ltr'>ἀμφιϐο-</span> 
     </span>
    </p>
   </div>
   <div class='ocr_carea' id='block_1_103' title="bbox 2141 4552 3712 4624">
    <p class='ocr_par' dir='ltr' id='par_1_103' title="bbox 2141 4552 3712 4624">
     <span class='ocr_line' id='line_1_103' title="bbox 2141 4552 3712 4624; baseline 0 -18"><span class='ocrx_word' id='word_1_755' title='bbox 2141 4553 2252 4618; x_wconf 78' lang='grc' dir='ltr'>λία,</span> <span class='ocrx_word' id='word_1_756' title='bbox 2278 4554 2359 4607; x_wconf 80' lang='grc' dir='ltr'>ὅτι</span> <span class='ocrx_word' id='word_1_757' title='bbox 2397 4570 2500 4624; x_wconf 85' lang='grc' dir='ltr'><strong>περ</strong></span> <span class='ocrx_word' id='word_1_758' title='bbox 2533 4555 2562 4606; x_wconf 85' lang='grc' dir='ltr'>ὁ</span> <span class='ocrx_word' id='word_1_759' title='bbox 2592 4553 2700 4605; x_wconf 90' lang='grc' dir='ltr'><strong>τῶν</strong></span> <span class='ocrx_word' id='word_1_760' title='bbox 2729 4552 3054 4624; x_wconf 83' lang='grc' dir='ltr'>Βουλγὰρων</span> <span class='ocrx_word' id='word_1_761' title='bbox 3091 4553 3333 4618; x_wconf 86' lang='grc' dir='ltr'>τοιοῦτος</span> <span class='ocrx_word' id='word_1_762' title='bbox 3369 4556 3452 4624; x_wconf 73' lang='grc' dir='ltr'>ειη</span> <span class='ocrx_word' id='word_1_763' title='bbox 3491 4557 3712 4620; x_wconf 76' lang='grc' dir='ltr'>σκοπὸς,</span> 
     </span>
    </p>
   </div>
   <div class='ocr_carea' id='block_1_104' title="bbox 2140 4645 3717 4719">
    <p class='ocr_par' dir='ltr' id='par_1_104' title="bbox 2140 4645 3717 4719">
     <span class='ocr_line' id='line_1_104' title="bbox 2140 4645 3717 4719; baseline 0 -19"><span class='ocrx_word' id='word_1_764' title='bbox 2140 4645 2280 4701; x_wconf 79' lang='grc' dir='ltr'>ὥστε</span> <span class='ocrx_word' id='word_1_765' title='bbox 2305 4647 2408 4718; x_wconf 83' lang='grc' dir='ltr'><strong>τὴν</strong></span> <span class='ocrx_word' id='word_1_766' title='bbox 2436 4649 2710 4719; x_wconf 81' lang='grc' dir='ltr'>ἡμετέραν</span> <span class='ocrx_word' id='word_1_767' title='bbox 2739 4648 2924 4717; x_wconf 86' lang='grc' dir='ltr'>χώραν</span> <span class='ocrx_word' id='word_1_768' title='bbox 2955 4645 3253 4699; x_wconf 86' lang='grc' dir='ltr'>σκυλεῦσαι</span> <span class='ocrx_word' id='word_1_769' title='bbox 3290 4646 3570 4710; x_wconf 80' lang='grc' dir='ltr'>παντελῶς</span> <span class='ocrx_word' id='word_1_770' title='bbox 3620 4649 3717 4700; x_wconf 78' lang='grc' dir='ltr'>καὶ</span> 
     </span>
    </p>
   </div>
   <div class='ocr_carea' id='block_1_105' title="bbox 2138 4740 3720 4813">
    <p class='ocr_par' dir='ltr' id='par_1_105' title="bbox 2138 4740 3720 4813">
     <span class='ocr_line' id='line_1_105' title="bbox 2138 4740 3720 4813; baseline -0.001 -19"><span class='ocrx_word' id='word_1_771' title='bbox 2138 4740 2638 4813; x_wconf 79' lang='grc' dir='ltr'>λαφυραγωγῆσαι.</span> <span class='ocrx_word' id='word_1_772' title='bbox 2676 4742 2783 4792; x_wconf 71' lang='grc' dir='ltr'>Καὶ</span> <span class='ocrx_word' id='word_1_773' title='bbox 2820 4741 3232 4809; x_wconf 66' lang='grc' dir='ltr'>προσεπέφερον</span> <span class='ocrx_word' id='word_1_774' title='bbox 3265 4741 3451 4793; x_wconf 72' lang='grc' dir='ltr'>πίστιν</span> <span class='ocrx_word' id='word_1_775' title='bbox 3487 4744 3598 4802; x_wconf 76' lang='grc' dir='ltr'><strong>τοίς</strong></span> <span class='ocrx_word' id='word_1_776' title='bbox 3627 4742 3720 4792; x_wconf 83' lang='grc' dir='ltr'><strong>λό-</strong></span> 
     </span>
    </p>
   </div>
   <div class='ocr_carea' id='block_1_106' title="bbox 2138 4831 3717 4904">
    <p class='ocr_par' dir='ltr' id='par_1_106' title="bbox 2138 4831 3717 4904">
     <span class='ocr_line' id='line_1_106' title="bbox 2138 4831 3717 4904; baseline -0.002 -18"><span class='ocrx_word' id='word_1_777' title='bbox 2138 4852 2255 4904; x_wconf 85' lang='grc' dir='ltr'>γοις</span> <span class='ocrx_word' id='word_1_778' title='bbox 2287 4835 2489 4898; x_wconf 83' lang='grc' dir='ltr'>αὐτῶν,</span> <span class='ocrx_word' id='word_1_779' title='bbox 2527 4836 2609 4887; x_wconf 85' lang='grc' dir='ltr'><strong>ὅτι</strong></span> <span class='ocrx_word' id='word_1_780' title='bbox 2641 4832 2717 4904; x_wconf 82' lang='grc' dir='ltr'>μὴ</span> <span class='ocrx_word' id='word_1_781' title='bbox 2753 4832 3076 4902; x_wconf 70' lang='grc' dir='ltr'>ψεύδονται,</span> <span class='ocrx_word' id='word_1_782' title='bbox 3101 4831 3216 4884; x_wconf 84' lang='grc' dir='ltr'>ἀλλ’</span> <span class='ocrx_word' id='word_1_783' title='bbox 3243 4831 3317 4895; x_wconf 85' lang='grc' dir='ltr'><strong>ώς</strong></span> <span class='ocrx_word' id='word_1_784' title='bbox 3349 4832 3567 4902; x_wconf 80' lang='grc' dir='ltr'>ἀληθῶς</span> <span class='ocrx_word' id='word_1_785' title='bbox 3602 4849 3717 4884; x_wconf 83' lang='grc' dir='ltr'>τοι·</span> 
     </span>
    </p>
   </div>
   <div class='ocr_carea' id='block_1_107' title="bbox 2137 4924 3713 4996">
    <p class='ocr_par' dir='ltr' id='par_1_107' title="bbox 2137 4924 3713 4996">
     <span class='ocr_line' id='line_1_107' title="bbox 2137 4924 3713 4996; baseline -0.003 -16"><span class='ocrx_word' id='word_1_786' title='bbox 2137 4928 2276 4980; x_wconf 88' lang='grc' dir='ltr'>αῦτα</span> <span class='ocrx_word' id='word_1_787' title='bbox 2303 4927 2631 4980; x_wconf 82' lang='grc' dir='ltr'>σκέπτονται</span> <span class='ocrx_word' id='word_1_788' title='bbox 2695 4925 2998 4995; x_wconf 82' lang='grc' dir='ltr'>Βούλγαροι</span> <span class='ocrx_word' id='word_1_789' title='bbox 3035 4926 3209 4977; x_wconf 86' lang='grc' dir='ltr'>ποιεῖν</span> <span class='ocrx_word' id='word_1_790' title='bbox 3253 4924 3353 4996; x_wconf 83' lang='grc' dir='ltr'><strong>τὴν</strong></span> <span class='ocrx_word' id='word_1_791' title='bbox 3393 4925 3504 4977; x_wconf 88' lang='grc' dir='ltr'><strong>τῶν</strong></span> <span class='ocrx_word' id='word_1_792' title='bbox 3549 4941 3713 4990; x_wconf 85' lang='grc' dir='ltr'>γεγε-</span> 
     </span>
    </p>
   </div>
   <div class='ocr_carea' id='block_1_108' title="bbox 2138 5014 3711 5090">
    <p class='ocr_par' dir='ltr' id='par_1_108' title="bbox 2138 5014 3711 5090">
     <span class='ocr_line' id='line_1_108' title="bbox 2138 5014 3711 5090; baseline -0.003 -17"><span class='ocrx_word' id='word_1_793' title='bbox 2138 5020 2389 5089; x_wconf 83' lang='grc' dir='ltr'>νημένων</span> <span class='ocrx_word' id='word_1_794' title='bbox 2446 5017 2753 5090; x_wconf 79' lang='grc' dir='ltr'>συμφώνων</span> <span class='ocrx_word' id='word_1_795' title='bbox 2788 5019 2958 5090; x_wconf 59' lang='grc' dir='ltr'>ῥίψιν,</span> <span class='ocrx_word' id='word_1_796' title='bbox 3012 5022 3076 5090; x_wconf 80' lang='grc' dir='ltr'>ἢν</span> <span class='ocrx_word' id='word_1_797' title='bbox 3139 5018 3327 5086; x_wconf 74' lang='grc' dir='ltr'>ελεγον</span> <span class='ocrx_word' id='word_1_798' title='bbox 3384 5014 3711 5084; x_wconf 78' lang='grc' dir='ltr'>ποιήσασθαι</span> 
     </span>
    </p>
   </div>
   <div class='ocr_carea' id='block_1_109' title="bbox 2136 5110 3778 5181">
    <p class='ocr_par' dir='ltr' id='par_1_109' title="bbox 2136 5110 3778 5181">
     <span class='ocr_line' id='line_1_109' title="bbox 2136 5110 3778 5181; baseline -0.004 -15"><span class='ocrx_word' id='word_1_799' title='bbox 2136 5113 2507 5181; x_wconf 85' lang='grc' dir='ltr'>Βουλγὰρους,</span> <span class='ocrx_word' id='word_1_800' title='bbox 2565 5113 2640 5174; x_wconf 84' lang='grc' dir='ltr'>ὡς</span> <span class='ocrx_word' id='word_1_801' title='bbox 2685 5113 2872 5164; x_wconf 74' lang='grc' dir='ltr'>οὐκέτι</span> <span class='ocrx_word' id='word_1_802' title='bbox 2908 5110 3248 5181; x_wconf 83' lang='grc' dir='ltr'>βουλομένων</span> <span class='ocrx_word' id='word_1_803' title='bbox 3304 5111 3560 5179; x_wconf 77' lang='grc' dir='ltr'>ἐμμένειν</span> <span class='ocrx_word' id='word_1_804' title='bbox 3595 5112 3709 5171; x_wconf 84' lang='grc' dir='ltr'>τοῖς</span> <span class='ocrx_word' id='word_1_805' title='bbox 3765 5125 3778 5149; x_wconf 77' lang='grc' dir='ltr'><strong>ι</strong></span> 
     </span>
    </p>
   </div>
   <div class='ocr_carea' id='block_1_110' title="bbox 2135 5199 3713 5276">
    <p class='ocr_par' dir='ltr' id='par_1_110' title="bbox 2135 5199 3713 5276">
     <span class='ocr_line' id='line_1_110' title="bbox 2135 5199 3713 5276; baseline -0.003 -19"><span class='ocrx_word' id='word_1_806' title='bbox 2135 5205 2234 5276; x_wconf 78' lang='grc' dir='ltr'>ἤδη</span> <span class='ocrx_word' id='word_1_807' title='bbox 2267 5203 2820 5274; x_wconf 76' lang='grc' dir='ltr'>συμπεφωνημένοις.</span> <span class='ocrx_word' id='word_1_808' title='bbox 2857 5199 2990 5256; x_wconf 78' lang='grc' dir='ltr'>Εἶτα</span> <span class='ocrx_word' id='word_1_809' title='bbox 3035 5208 3130 5256; x_wconf 82' lang='grc' dir='ltr'>καὶ</span> <span class='ocrx_word' id='word_1_810' title='bbox 3186 5201 3397 5258; x_wconf 83' lang='grc' dir='ltr'>τούτοις</span> <span class='ocrx_word' id='word_1_811' title='bbox 3451 5203 3713 5269; x_wconf 87' lang='grc' dir='ltr'>προσετί-</span> 
     </span>
    </p>
   </div>
   <div class='ocr_carea' id='block_1_111' title="bbox 2134 5292 3710 5368">
    <p class='ocr_par' dir='ltr' id='par_1_111' title="bbox 2134 5292 3710 5368">
     <span class='ocr_line' id='line_1_111' title="bbox 2134 5292 3710 5368; baseline 0.002 -26"><span class='ocrx_word' id='word_1_812' title='bbox 2134 5298 2298 5350; x_wconf 79' lang='grc' dir='ltr'>θεσαν</span> <span class='ocrx_word' id='word_1_813' title='bbox 2328 5298 2577 5365; x_wconf 79' lang='grc' dir='ltr'>λέγοντες</span> <span class='ocrx_word' id='word_1_814' title='bbox 2607 5300 2761 5368; x_wconf 74' lang='grc' dir='ltr'>ἡμῖν,</span> <span class='ocrx_word' id='word_1_815' title='bbox 2809 5295 2884 5360; x_wconf 85' lang='grc' dir='ltr'>ὡς</span> <span class='ocrx_word' id='word_1_816' title='bbox 2935 5296 3056 5348; x_wconf 76' lang='grc' dir='ltr'>οὐδὲ</span> <span class='ocrx_word' id='word_1_817' title='bbox 3095 5295 3186 5346; x_wconf 83' lang='grc' dir='ltr'><strong>τὸν</strong></span> <span class='ocrx_word' id='word_1_818' title='bbox 3236 5293 3429 5360; x_wconf 84' lang='grc' dir='ltr'>Βωγᾶν</span> <span class='ocrx_word' id='word_1_819' title='bbox 3470 5292 3710 5360; x_wconf 80' lang='grc' dir='ltr'>ἀγνοεῖς,</span> 
     </span>
    </p>
   </div>
   <div class='ocr_carea' id='block_1_112' title="bbox 2133 5378 3713 5458">
    <p class='ocr_par' dir='ltr' id='par_1_112' title="bbox 2133 5378 3713 5458">
     <span class='ocr_line' id='line_1_112' title="bbox 2133 5378 3713 5458; baseline -0.003 -18"><span class='ocrx_word' id='word_1_820' title='bbox 2133 5390 2214 5441; x_wconf 81' lang='grc' dir='ltr'><strong>ὅτι</strong></span> <span class='ocrx_word' id='word_1_821' title='bbox 2247 5389 2345 5455; x_wconf 80' lang='grc' dir='ltr'>τῆς</span> <span class='ocrx_word' id='word_1_822' title='bbox 2370 5388 2660 5458; x_wconf 83' lang='grc' dir='ltr'>Χερσῶνος</span> <span class='ocrx_word' id='word_1_823' title='bbox 2703 5387 2966 5440; x_wconf 86' lang='grc' dir='ltr'>τέτακται</span> <span class='ocrx_word' id='word_1_824' title='bbox 2999 5387 3346 5456; x_wconf 84' lang='grc' dir='ltr'>στρατηγεῖν.</span> <span class='ocrx_word' id='word_1_825' title='bbox 3385 5378 3556 5446; x_wconf 78' lang='grc' dir='ltr'>Οὗτος</span> <span class='ocrx_word' id='word_1_826' title='bbox 3582 5383 3648 5452; x_wconf 84' lang='grc' dir='ltr'>δὴ</span> <span class='ocrx_word' id='word_1_827' title='bbox 3684 5387 3713 5435; x_wconf 88' lang='grc' dir='ltr'>ὁ</span> 
     </span>
    </p>
   </div>
   <div class='ocr_carea' id='block_1_113' title="bbox 2135 5474 3711 5551">
    <p class='ocr_par' dir='ltr' id='par_1_113' title="bbox 2135 5474 3711 5551">
     <span class='ocr_line' id='line_1_113' title="bbox 2135 5474 3711 5551; baseline -0.003 -19"><span class='ocrx_word' id='word_1_828' title='bbox 2135 5483 2237 5551; x_wconf 79' lang='grc' dir='ltr'>τῆς</span> <span class='ocrx_word' id='word_1_829' title='bbox 2272 5480 2561 5550; x_wconf 63' lang='grc' dir='ltr'>Χερσῶνοέ</span> <span class='ocrx_word' id='word_1_830' title='bbox 2596 5480 2902 5550; x_wconf 75' lang='grc' dir='ltr'>στρατηγὸς</span> <span class='ocrx_word' id='word_1_831' title='bbox 2940 5479 3002 5530; x_wconf 80' lang='grc' dir='ltr'><strong>οὐ</strong></span> <span class='ocrx_word' id='word_1_832' title='bbox 3031 5476 3386 5547; x_wconf 80' lang='grc' dir='ltr'>διαλιμπάνει</span> <span class='ocrx_word' id='word_1_833' title='bbox 3441 5474 3711 5544; x_wconf 80' lang='grc' dir='ltr'>διηνεκῶς</span> 
     </span>
    </p>
   </div>
   <div class='ocr_carea' id='block_1_114' title="bbox 2132 5564 3706 5640">
    <p class='ocr_par' dir='ltr' id='par_1_114' title="bbox 2132 5564 3706 5640">
     <span class='ocr_line' id='line_1_114' title="bbox 2132 5564 3706 5640; baseline -0.006 -16"><span class='ocrx_word' id='word_1_834' title='bbox 2132 5573 2420 5640; x_wconf 74' lang='grc' dir='ltr'>αναιρέρων</span> <span class='ocrx_word' id='word_1_835' title='bbox 2484 5572 2557 5634; x_wconf 86' lang='grc' dir='ltr'><strong>ώς</strong></span> <span class='ocrx_word' id='word_1_836' title='bbox 2590 5575 2771 5625; x_wconf 83' lang='grc' dir='ltr'>πᾶσαν</span> <span class='ocrx_word' id='word_1_837' title='bbox 2804 5571 3041 5638; x_wconf 78' lang='grc' dir='ltr'>σπουδὴν</span> <span class='ocrx_word' id='word_1_838' title='bbox 3073 5567 3319 5621; x_wconf 84' lang='grc' dir='ltr'>τίθενται</span> <span class='ocrx_word' id='word_1_839' title='bbox 3378 5564 3586 5632; x_wconf 77' lang='grc' dir='ltr'>Βούλγα</span> <span class='ocrx_word' id='word_1_840' title='bbox 3601 5581 3706 5633; x_wconf 81' lang='grc' dir='ltr'>ροι,</span> 
     </span>
    </p>
   </div>
   <div class='ocr_carea' id='block_1_115' title="bbox 2133 5656 3708 5726">
    <p class='ocr_par' dir='ltr' id='par_1_115' title="bbox 2133 5656 3708 5726">
     <span class='ocr_line' id='line_1_115' title="bbox 2133 5656 3708 5726; baseline -0.006 -12"><span class='ocrx_word' id='word_1_841' title='bbox 2133 5663 2223 5714; x_wconf 72' lang='grc' dir='ltr'><strong>καὶ</strong></span> <span class='ocrx_word' id='word_1_842' title='bbox 2262 5660 2698 5726; x_wconf 66' lang='grc' dir='ltr'>Πατζηνιικίτας,</span> <span class='ocrx_word' id='word_1_843' title='bbox 2755 5661 2847 5714; x_wconf 69' lang='grc' dir='ltr'><strong>καὶ</strong></span> <span class='ocrx_word' id='word_1_844' title='bbox 2887 5660 2939 5710; x_wconf 81' lang='grc' dir='ltr'><strong>εἴ</strong></span> <span class='ocrx_word' id='word_1_845' title='bbox 2965 5676 3084 5710; x_wconf 87' lang='grc' dir='ltr'>τινα</span> <span class='ocrx_word' id='word_1_846' title='bbox 3144 5660 3308 5710; x_wconf 77' lang='grc' dir='ltr'>ἓτεοα</span> <span class='ocrx_word' id='word_1_847' title='bbox 3364 5658 3422 5709; x_wconf 80' lang='grc' dir='ltr'>ἐν</span> <span class='ocrx_word' id='word_1_848' title='bbox 3477 5656 3708 5716; x_wconf 79' lang='grc' dir='ltr'>ἐκείνοις</span> 
     </span>
    </p>
   </div>
  </div>
