3996 6208
314 316 386 379 73
1783 311 1901 370 EN

2011 311 2201 373 OLxE.
2711 358 2714 362 λ
3516 312 3585 376 7-1

320 430 436 481 ἔστι
459 428 573 490 τοῖς
606 427 795 489 τόποις
830 427 982 497 ἔθνη,
1015 425 1431 499 προσλήψεσθαι
1464 428 1545 490 εἰς
1597 425 1695 496 τὴν
1753 427 1897 479 κατὰ

2011 425 2116 478 rius
2144 424 2349 478 scilicet
2372 421 2437 475 ad
2474 437 2533 475 se
2565 436 2592 475 st
2618 418 2867 491 Bulgaris
2885 433 3007 475 esse
3035 420 3258 485 missos,
3287 437 3392 479 non
3418 419 3588 479 semel

328 520 621 591 Ῥωμαίων
680 520 869 589 ἐφοδόν
916 537 975 573 τε
1032 521 1127 573 καὶ
1173 520 1266 573 τὸν
1310 519 1568 589 πόλεμον.
1625 519 1739 571 Καὶ
1776 520 1898 588 οὐχὶ

316 614 493 667 ταῦτα
524 613 620 665 νῦν
654 614 753 684 μὲν
788 613 964 683 λέγει,
1007 613 1103 666 νῦν
1138 613 1195 666 δὲ
1244 614 1394 684 σιγᾷ,
1443 612 1582 666 ἀλλά
1630 610 1898 681 διηνεκῶς

315 706 408 758 καὶ
440 705 568 758 καθ’
620 706 866 775 ἑκάστην
890 706 1160 769 τοιούτοις
1184 705 1480 777 γράμμασι
1529 708 1626 759 καὶ
1682 706 1899 777 ῥήμασι

313 797 417 860 τάς
460 795 634 860 ἀκοὰς
668 796 829 866 ἡμῶν
871 797 965 850 καὶ
1015 798 1113 860 τὰς
1148 797 1377 867 καρδίας
1420 796 1772 867 παρενοχλεῖ⁶
1804 793 1899 846 ἐπὶ

312 889 531 953 τούτοις
560 887 660 942 καὶ
688 890 1146 959 ἀποκρισιαρίους
1179 890 1367 957 ἔλεγον
1394 888 1688 959 μέχριτῶν
1716 887 1901 954 ἑξκαίο

310 984 447 1036 δεκα
472 982 715 1053 ἥκοντας
757 981 850 1034 τοῦ
882 980 993 1036 τῶν
1026 981 1458 1053 [Ιατζηνακιτῶν
1483 981 1678 1051 γένους
1713 979 1900 1035 τοιαῦο
1921 1002 1932 1013 ·

307 1091 378 1126 τα
445 1072 911 1143 προσαγγέλλειν,
967 1073 1044 1137 ὡς
1086 1072 1544 1145 ἐξαπεστάλησαν
1609 1076 1745 1145 πρὸς
1803 1075 1901 1129 αὐ-

307 1166 444 1228 τοὺς
497 1167 564 1218 ἐκ
610 1164 953 1235 Βουλγαρίας
1001 1167 1416 1238 ἀποκρισιόῳιοι
1454 1161 1552 1237 οὐχ
1595 1165 1748 1231 ἅπαξ
1779 1166 1901 1220 οὐδὲ

306 1257 417 1321 δίς,
475 1258 610 1311 ἀλλά
654 1258 750 1312 καὶ
800 1260 1125 1323 πλειστάκις
1160 1260 1640 1332 προσκαλούμενοι
1674 1261 1902 1324 τούτους

313 1349 401 1409 είς
446 1350 546 1419 τὴν
600 1350 740 1421 πρὸς
804 1352 1035 1415 ἑαυτοὺς
1088 1352 1308 1406 ἐνωσιψ
1367 1353 1467 1406 καὶ
1522 1349 1778 1407 τοσοῦτον
1840 1355 1902 1409 τὸ

318 1442 561 1511 πρᾶγμα
595 1441 966 1505 σπουδάζεται
994 1444 1353 1514 Βουλγάροις,
1384 1443 1525 1497 ὥστε
1567 1446 1665 1498 καὶ
1713 1446 1898 1515 γάμου

315 1533 577 1604 κοινωνίᾳ
618 1533 731 1585 τῶν
774 1534 996 1587 οἰκείων
1050 1536 1262 1588 παίδων
1317 1536 1646 1601 σπουδάζειν
1696 1536 1899 1589 ἐνὼσαι

313 1629 413 1679 καὶ
447 1628 709 1695 συνδῆσαι
754 1628 856 1699 τὴν
889 1628 1026 1700 πρὸς
1083 1630 1296 1683 ἑαυτῶν
1327 1631 1647 1709 συμμαχίαν
1678 1630 1901 1701 Πατζη-

309 1720 576 1774 νακιτὼν.
620 1722 707 1785 Ὠς
735 1717 830 1776 οῦν
852 1722 1117 1788 τοιούτοις
1162 1723 1343 1793 λόγοις
1368 1724 1893 1796 διαταρασσόμενοι,

2003 524 2097 569 aut
2129 516 2349 578 iterum,
2376 514 2471 570 sed
2520 513 2725 582 pluries
2771 513 2838 566 ad
2878 511 3055 567 foedus
3090 514 3448 583 concitantes,
3490 533 3590 573 ne-

2003 608 2322 677 gotiumque
2374 615 2585 661 tantum
2641 601 2892 674 Bulgaris
2941 619 3091 660 curae
3128 619 3254 660 esse
3294 614 3358 661 ut
3396 609 3591 664 matri-

2007 701 2191 754 monio
2223 712 2451 753 suorum
2503 698 2806 753 liberorum
2868 696 3207 751 ﬁrmaverint
3253 711 3409 754 suam
3462 714 3589 755 cum

2004 790 2367 847 Patzenacitis
2433 791 2779 846 societatem.
2861 788 2987 845 Istis
3042 791 3209 860 igitur
3238 790 3592 847 sermonibus

2004 885 2331 956 perturbati,
2360 884 2537 951 primo
2568 884 2789 954 quidem
2825 883 3051 953 scriptis
3082 883 3587 952 signiﬁcationibus

2003 988 2169 1049 atque
2206 978 2425 1033 indiciis
2472 977 2803 1031 tentavimus
2848 991 3040 1046 pacem
3108 975 3256 1032 inter
3307 975 3588 1033 Romanos

2004 1079 2059 1125 et
2111 1070 2376 1142 Bnlgaros
2444 1070 2734 1136 stabilire;
2795 1084 2919 1124 cum
2975 1067 3173 1124 deinde
3228 1084 3337 1124 non
3388 1069 3443 1124 id
3490 1083 3594 1138 po-

2011 1163 2327 1228 tuissemus,
2365 1162 2621 1218 venimus
2657 1161 2785 1216 licet
2833 1160 2987 1214 inviti
3024 1162 3091 1214 ad
3154 1160 3209 1213 id
3263 1160 3480 1216 consilii
3532 1168 3592 1217 ut

2005 1256 2410 1328 expeditionem
2451 1255 2718 1310 adversus
2745 1268 2841 1308 eos
2865 1267 3324 1323 prmpararemus,
3358 1253 3426 1307 ad
3452 1268 3587 1307 con-

2005 1349 2287 1404 tinendum
2330 1347 2693 1419 Bulgarorum
2746 1347 3009 1417 impetum
3037 1386 3052 1413 ,
3098 1345 3145 1400 si
3185 1360 3252 1401 eo
3285 1347 3447 1400 modo
3475 1345 3593 1400 ﬁeri

2005 1451 2212 1514 posset,
2244 1458 2353 1497 non
2382 1450 2562 1496 autem
2594 1450 2654 1495 ut
2694 1441 2955 1511 populum
2985 1440 3052 1494 ad
3089 1440 3263 1494 cmch
3291 1449 3457 1510 atque
3490 1438 3593 1493 ho-

2007 1533 2228 1590 micidia
2262 1533 2630 1596 mitteremus,
2672 1531 2717 1587 si
2760 1530 2904 1586 forte
2940 1531 3109 1586 donet
3135 1529 3282 1585 Deus
3313 1544 3379 1585 eo
3405 1528 3596 1584 conci-

2006 1629 2081 1684 lio
2112 1642 2207 1683 eos
2235 1627 2302 1681 ad
2353 1625 2655 1681 amicitiam
2706 1640 2967 1680 revocare
3000 1634 3055 1679 et
3085 1610 3365 1679 societatis
3397 1623 3593 1678 vincu-

2009 1722 2121 1776 lum
2164 1720 2427 1777 solidare.

308 1813 626 1884 ἐπειδήπερ
660 1814 1030 1884 προλαϐόντες
1061 1817 1154 1869 καὶ
1178 1816 1478 1886 δηλώσεσιν
1519 1818 1840 1888 ἐγγράφοις,
1877 1816 1970 1870 καὶ
2004 1816 2322 1887 μηνύμασιν
2350 1815 2624 1885 ἀγράφοις
2661 1810 2902 1883 σπουδὴν
2926 1813 3306 1884 ἐποιησάμεθα
3344 1812 3407 1867 τὺ
3430 1815 3590 1885 εἰρη-

307 1908 461 1961 νικὸν
488 1910 746 1980 φρόνημα
787 1910 991 1979 μεταξὺ
1023 1913 1210 1983 τρόπῳ
1269 1913 1598 1984 Βουλγάρων
1624 1914 1720 1966 καὶ
1750 1913 1912 1984 ἡμῶν
1938 1912 2197 1985 ῥιζῶσαι,
2244 1911 2345 1965 οὐκ
2371 1909 2723 1981 ἠδυνήθημεν
2752 1909 2830 1975 δὲ,
2859 1908 3100 1979 ἤλθομεν
3129 1911 3225 1963 καὶ
3253 1911 3484 1974 ἄκοντες
3513 1912 3595 1975 είς

305 2000 570 2069 τοιαύτην
602 1999 910 2070 περίνοιαν,
945 1999 1089 2055 ὥστε
1121 1995 1418 2074 στρατείαν
1445 2004 1568 2058 κατ’
1594 2004 1776 2057 αὐτῶν
1820 2005 2185 2077 σχηματίσαι,
2234 2004 2331 2058 καὶ
2366 2004 2700 2076 πειραθῆναι
2738 2000 2816 2072 τῷ
2860 2002 3091 2073 τοιούτῳ
3116 2003 3447 2076 Βουλγάρων
3493 2007 3593 2077 τὴν

316 2096 503 2168 ὁρμὴν
549 2100 823 2169 ἐπισχεῖν,
867 2098 981 2153 ἀλλ’
1016 2098 1140 2171 οὐχὶ¹
1175 2098 1311 2170 πρὸς
1352 2099 1560 2170 αἵματα
1623 2099 1719 2153 καὶ
1767 2101 1986 2170 σφαγὰς
2027 2100 2120 2154 τὸν
2168 2099 2299 2154 λαὸν
2356 2103 2627 2173 χωρῆσαι,
2669 2105 2724 2158 εἴ
2759 2119 2877 2169 πως
2913 2105 3030 2175 δοίη
3087 2103 3220 2167 Θεὸς
3250 2102 3337 2155 διὰ
3365 2105 3463 2173 τῆς
3487 2120 3596 2159 τοι-

307 2192 486 2257 αύτης
529 2192 813 2263 περινοίας
861 2193 1094 2246 ἑλκύσαι
1127 2195 1275 2263 ἡμᾶς
1301 2194 1439 2265 πρὸς
1500 2194 1724 2264 ἀγάπην
1774 2196 1996 2260 αὐτοὺς,
2056 2196 2152 2249 καὶ
2206 2196 2426 2265 ἀσφαλῆ
2480 2197 2571 2251 τὸν
2609 2199 2810 2267 δεσμὸν
2835 2200 3239 2271 ἐξεργάσασθαι
3264 2200 3365 2271 τῆς
3387 2200 3591 2270 φιλίας·

387 2282 577 2351 Ἔχεις
616 2282 715 2351 τὴν
750 2282 1081 2351 ἀπολογίαν,
1112 2277 1157 2335 ὦ
1196 2282 1377 2354 Πάτερ
1399 2285 1490 2336 καὶ
1525 2284 1786 2349 δέσποτα,
1808 2285 1903 2337 καὶ

2075 2284 2328 2340 Nostram
2382 2287 2551 2343 habes
2586 2286 2987 2354 defensionem,
3032 2288 3192 2343 Pater
3236 2306 3300 2345 ac
3333 2291 3589 2358 domine;

312 2373 393 2445 μὴ
420 2373 646 2445 ὀργίζον
705 2374 841 2443 μηδὲ
874 2375 1195 2443 ἀγανάκτει.
1229 2375 1375 2444 Ἐγὼ
1405 2375 1463 2429 δὲ
1515 2377 1768 2431 ἀπιστεῖν
1802 2378 1904 2431 οὐκ

311 2462 486 2534 εἰχον,
524 2465 667 2533 πλὴν
699 2467 792 2519 καὶ
824 2464 1001 2529 οὕτως
1022 2466 1329 2535 ἐπετίμων,
1360 2467 1729 2537 ἐπέπληττον,
1763 2470 1902 2535 ἐξω-

312 2557 570 2623 νείδιςον,
604 2559 699 2610 καὶ
750 2558 825 2621 ὡς
857 2558 968 2611 ἔδει
999 2559 1208 2624 ἔλεγον,
1235 2561 1330 2614 καὶ
1353 2559 1433 2614 ἔτι
1467 2561 1706 2632 μηνῦσαι
1728 2564 1904 2615 ταῦτα

308 2651 401 2702 διὰ
429 2652 673 2720 γραφῆς.
706 2652 816 2705 Καὶ
839 2653 888 2703 oi
916 2652 1018 2722 μὲν
1056 2652 1244 2721 ἠξίουν
1281 2654 1381 2723 ἐμὲ
1419 2657 1674 2724 γράφειν,
1713 2653 1823 2720 ἐγὼ
1856 2653 1903 2709 δ’

310 2742 337 2793 ὁ
371 2742 627 2809 μάταιος,
664 2743 991 2813 ὁμολογήσω
1034 2745 1142 2815 γὰρ
1180 2743 1280 2814 τὴν
1312 2745 1553 2812 ἐμαυτοῦ
1588 2747 1895 2816 ἁμαρτίαν,

315 2834 410 2886 καὶ
442 2837 816 2906 κατηγορήσω
844 2837 944 2904 τῆς
975 2835 1220 2905 ἐμαυτοῦ
1250 2836 1593 2907 ἀθλιότητος,
1637 2838 1740 2891 οὐκ
1781 2833 1901 2891 οἶδα

316 2923 433 2987 πῶς
460 2924 692 2994 ὀκνηρὸς
724 2925 996 2997 ἐγενόμην
1028 2927 1167 2999 πρὸς
1194 2927 1399 2997 ταύτην
1437 2928 1539 2999 τὴν
1590 2928 1897 2992 διακονίαν,

310 3017 373 3069 τὸ
411 3018 512 3086 μέν
546 3035 618 3084 τι,
658 3018 734 3082 ὡς
764 3019 933 3085 ἔοικε,
964 3019 1075 3072 τῶν
1117 3019 1268 3090 ἐμῶν
1300 3020 1585 3090 ἁμαρτιῶν
1614 3020 1708 3073 τόν
1737 3020 1900 3075 ὗκνον

312 3113 799 3181 ἐμποιησαμένων,
855 3114 920 3166 τὸ
948 3115 1002 3167 δὲ
1038 3116 1129 3167 καὶ
1178 3114 1566 3167 ὑπολαϐόντων
1604 3113 1782 3185 ἡμῶν,
1827 3114 1904 3178 ὡς

313 3206 549 3273 ἐπείπερ
584 3208 727 3259 κατά
752 3207 878 3269 τοὺς
909 3205 1136 3259 ἐκείνων
1166 3205 1361 3275 λόγους
1395 3207 1474 3269 είς
1505 3206 1696 3276 σχῆμα
1740 3205 1902 3276 μόνον

313 3299 409 3349 καὶ
449 3299 755 3367 φαντασίαν
786 3300 969 3369 μάχης
1001 3302 1033 3371 ἡ
1066 3299 1162 3353 τοῦ
1204 3300 1337 3354 λαοῦ
1372 3300 1693 3369 συγκίνησις
1722 3302 1903 3353 ἐπινε-

312 3390 522 3457 νόηται,
554 3391 616 3443 οὐ
644 3394 913 3461 προκόψει
938 3394 1072 3463 πρὸς
1100 3393 1276 3465 ἀληθῆ
1306 3393 1563 3463 πόλεμον,
1595 3393 1722 3446 οὐδὲ
1765 3376 1903 3462 πρὸς

312 3486 531 3552 σεαγὰς
580 3485 674 3536 καὶ
714 3486 900 3555 χύσεις
952 3486 1202 3556 αἱμάτων
1239 3488 1272 3558 ή
1326 3488 1554 3556 τοιαύτη
1598 3485 1766 3556 ὁρμὴ,
1809 3486 1903 3538 καὶ

308 3575 398 3628 διὰ
446 3576 608 3629 τοῦτο
644 3576 753 3629 οὐδ’
802 3582 834 3647 ὴ
867 3578 960 3631 τοῦ
1014 3580 1286 3649 ἡμετέρου
1349 3582 1680 3650 γράμματος
1762 3580 1900 3631 ἁπο-

2008 2391 2079 2431 ιιο
2112 2376 2371 2431 irascaris
2404 2391 2534 2448 ergo
2556 2418 2571 2445 ,
2618 2392 2796 2447 neque
2849 2379 3069 2451 indigne
3108 2379 3272 2434 feras.
3318 2381 3433 2450 Ego
3466 2395 3595 2437 vero

2009 2469 2322 2526 incredulus
2359 2485 2484 2526 esse
2540 2486 2649 2526 non
2707 2482 2987 2541 poteram,
3045 2473 3353 2542 vituperari
3385 2483 3591 2532 tamen.

2006 2563 2353 2633 exprobravi,
2384 2562 2712 2632 reprehendi
2743 2573 2908 2632 atque
2944 2564 3057 2617 dixi
3089 2576 3346 2632 oportere
3374 2565 3461 2618 illa
3496 2567 3593 2620 de-

2009 2671 2118 2708 nuo
2156 2656 2360 2725 scripto
2395 2656 2667 2721 indicare,
2719 2667 2883 2725 atque
2930 2656 3006 2709 illi
3067 2672 3153 2712 tne
3204 2666 3263 2712 ut
3294 2659 3590 2713 scriberem

1990 2756 2362 2814 rogaverunt.
2430 2744 2543 2815 Ego
2584 2757 2790 2810 autem,
2844 2760 3020 2801 vanus
3075 2747 3272 2811 homo,
3307 2759 3589 2818 peccatum

2007 2852 2251 2907 namque
2314 2852 2494 2891 meum
2551 2838 2893 2903 contitebor,
2956 2839 3351 2909 miseriamque
3415 2856 3590 2896 meam

2007 2928 2364 2990 criminabor,
2400 2930 2586 2985 nescio
2617 2944 2728 3007 quo
2768 2930 2930 2983 modo
2973 2929 3184 2984 tardior
3211 2946 3333 2985 sum
3367 2932 3592 2987 eﬂ‘ectns

2006 3021 2073 3074 ad
2141 3020 2193 3074 id
2247 3020 2471 3086 munus,
2516 3022 2760 3092 peccatis
2821 3023 2994 3086 meis,
3075 3029 3136 3076 ut
3184 3023 3445 3089 videtur,
3505 3040 3594 3081 me

2007 3113 2387 3183 gravantibus,
2412 3122 2465 3168 et
2491 3114 2619 3184 quia
2652 3113 3025 3184 supponebam
3064 3115 3214 3169 illum
3246 3116 3433 3186 populi
3473 3133 3593 3172 mo-

2007 3212 2123 3258 tum
2152 3205 2205 3257 in
2230 3204 2468 3271 speciem
2505 3214 2715 3259 tantum
2751 3220 2814 3260 ac
2849 3206 3148 3276 imaginem
3179 3221 3396 3277 pugna),
3430 3209 3592 3276 juxta

2005 3308 2193 3348 eorum
2228 3309 2533 3359 sermones,
2566 3295 2787 3360 factum,
2817 3312 2924 3350 non
2955 3296 3007 3349 in
3034 3311 3217 3350 verum
3245 3299 3446 3359 bellum
3472 3315 3595 3357 esse.

2007 3370 2317 3453 cessurum,
2361 3402 2538 3458 neque
2576 3388 2643 3442 ad
2668 3389 2844 3444 ca'des
2897 3398 2992 3443 aut
3037 3392 3323 3460 sanguinis
3367 3393 3595 3449 etl‘usio-

2009 3495 2134 3533 nem
2180 3491 2470 3534 venturam
2520 3495 2643 3535 esse
2688 3483 3129 3551 expeditionem,
3181 3485 3323 3537 unde
3382 3484 3593 3540 littera—

2008 3574 2152 3625 rum'
2180 3587 2423 3626 mearum
2476 3573 2760 3628 utilitatem
2806 3589 2912 3628 non
2969 3577 3243 3631 videbam.
3277 3574 3403 3631 "me
3441 3585 3592 3646 sunt,

312 3667 477 3739 στολὴ
509 3669 653 3734 εδοξε
682 3670 1167 3739 περισπούδαστος.
1209 3670 1397 3724 Ταῦτα
1426 3672 1522 3740 τὴν
1575 3672 1716 3739 ἐμὴν
1742 3670 1905 3724 ἀνέσ-

2013 3665 2085 3717 liti
2165 3665 2263 3729 mi,
2302 3680 2423 3734 qua:
2468 3681 2651 3720 meum
2705 3668 2769 3721 ad
2810 3676 2861 3721 te
2910 3669 3211 3738 scribendi,
3243 3682 3369 3725 ante
3428 3672 3606 3755 linjus‘

309 3761 453 3813 τειλε
490 3762 714 3834 γνώμην
756 3763 849 3816 τοῦ
880 3764 1018 3836 πρὸς
1053 3766 1133 3828 σὲ,
1177 3764 1366 3818 τέκνον
1424 3764 1603 3833 ἡμῶν,
1668 3764 1902 3834 γράφειν

312 3856 419 3923 πρὸ
454 3855 551 3922 τῆς
585 3855 928 3909 πολυωδύνου
962 3854 1056 3908 τοῦ
1092 3855 1331 3925 πολέμου
1366 3856 1715 3925 συμϐάσεως.
1760 3856 1902 3908 Ἀλλ’

311 3946 437 3997 εἰπέ
470 3962 560 4015 μοι
595 3949 684 3997 καί
738 3948 824 4011 σὺ,
860 3948 1050 4000 τέκνον
1091 3947 1248 4017 ἡμῶν
1285 3947 1542 4013 δυσωπῶ,
1587 3948 1904 4020 ἀπορρίψας

312 4038 402 4089 τὸν
436 4039 606 4108 θυμὸν
640 4039 735 4091 καὶ
761 4040 860 4108 τῆς
889 4041 1067 4110 ψυχῆς
1092 4041 1190 4110 τὴν
1219 4040 1463 4111 πικρίαν,
1493 4043 1584 4093 καί⁵
1630 4041 1706 4103 ὡς
1745 4058 1903 4093 συνε-

311 4132 401 4195 τὸς
435 4133 582 4203 όρθῴ
618 4133 866 4204 λογισμῴ
891 4138 1070 4204 κρῖνον
1098 4135 1286 4188 ταῦτα·
1317 4134 1481 4186 ὁπότε
1518 4135 1580 4204 δὴ
1632 4134 1734 4201 τῆς
1786 4136 1907 4189 Μα-

314 4223 560 4288 κεδονίας
614 4228 706 4278 καὶ
748 4227 846 4295 τῆς
898 4226 1119 4297 Θρᾴκης
1175 4228 1225 4279 οί
1271 4224 1737 4296 στρατηγοῦντες,
1806 4226 1904 4278 καὶ

313 4316 504 4383 Band,
536 4318 799 4388 ἑτέρωθεν
838 4318 931 4371 καὶ
960 4321 1008 4373 οί
1039 4320 1103 4370 ἐκ
1138 4318 1525 4387 Ιιατζηνακίας
1566 4318 1909 4388 ἀποκρισιάο

316 4428 424 4477 pro:
471 4412 633 4464 πάλιν
661 4412 1090 4476 διεϐεϐαιοῦντο,
1118 4414 1213 4466 καὶ
1242 4411 1508 4474 τοιούτοις
1552 4412 1765 4483 ῥήμασι
1811 4410 1908 4474 τὰς

314 4507 549 4575 καρδίας
580 4506 759 4559 αὐτῶν
790 4507 1070 4571 ἐσάλευον,
1102 4506 1155 4559 τί
1201 4511 1420 4578 φρονεῖν
1447 4508 1645 4570 αὐτοὺς
1678 4507 1788 4558 ἔδει
1816 4507 1910 4559 καὶ

296 4584 513 4660 ’ποιεῖν,
553 4598 829 4660 τοιαῦται,
873 4602 1137 4670 π.νηραίς
1164 4599 1450 4668 ἀγγελίαις
1496 4601 1912 4672 ἐκταρασσομέο

312 4707 443 4752 νους
478 4707 493 4756 ;
528 4685 657 4743 Οἶδα
685 4689 742 4745 δὲ
789 4691 872 4743 ὅτι
910 4692 1118 4762 κρίνειν
1173 4693 1476 4761 πράγματα
1526 4693 1753 4754 συνετὸς
1809 4688 1907 4753 ὢν,

311 4782 536 4846 πάντως
582 4782 958 4855 ὁμολογήσεις,
1011 4783 1088 4847 ὡς
1131 4784 1314 4836 ἐκεῖνα
1377 4785 1595 4854 φρονεῖν
1643 4784 1756 4836 ἔδει
1811 4789 1911 4836 παὶ

312 4877 515 4939 ποιεῖν,
550 4873 587 4927 ἆ
633 4876 773 4945 ὑπὲρ
800 4875 1073 4947 σωτηρίας
1105 4878 1251 4939 si.ng
1275 4871 1343 4948 ἧν
1375 4877 1725 4931 διανοεῖσθαι.

372 4965 597 5017 Τούτου
628 4965 834 5032 ἕνεκεν,
868 4968 992 5018 ὅσον
1025 4968 1125 5032 ἐμὲ
1159 4967 1450 5037 πεισθῆναι
1478 4968 1620 5030 εἰκὸς
1658 4963 1725 5039 ἦν
1751 4967 1816 5033 ἐξ
1836 4962 1910 5023 ὧν

2007 3757 2224 3824 lugendi
2265 3758 2390 3811 belli
2422 3758 2658 3824 initium,
2694 3759 2936 3814 studium
2966 3775 3444 3831 compescncrunt.
3487 3764 3593 3820 Sed

2006 3849 2095 3904 dic
2143 3849 2277 3903 mihi
2311 3859 2366 3903 ιιι
2415 3865 2655 3921 quoque,
2699 3867 2924 3921 quaeso,
2986 3853 3058 3907 illi
3102 3855 3210 3920 mi,
3239 3856 3318 3910 ira
3362 3872 3595 3913 excussa
3644 3860 3647 3861 ⁷

2010 3941 2302 4011 cordisque
2342 3943 2733 4009 amaritudine,
2794 3944 2980 3999 omnia
3041 3957 3191 4001 recta
3243 3948 3594 4020 cogitatione,

2009 4036 2099 4102 qni
2138 4035 2373 4102 prudens
2406 4050 2486 4102 es,
2519 4036 2704 4105 judica
2756 4054 2770 4092 :
2809 4053 2932 4094 cum
2985 4039 3315 4097 Macedonia:
3342 4051 3395 4098 et
3427 4041 3599 4097 Thra-

2011 4129 2132 4180 ctiae
2168 4129 2336 4182 duces
2376 4140 2431 4183 ct
2459 4145 2524 4183 ex
2573 4130 2744 4184 altera
2782 4142 2935 4201 parte
2980 4133 3154 4204 Bogas
3181 4143 3235 4190 et
3265 4137 3597 4192 Patzenacim

2014 4220 2333 4289 apocrisarii
2364 4221 2532 4276 semel
2571 4231 2624 4275 et
2670 4237 2863 4278 rursus
2891 4233 3269 4280 asseverarcnt
3295 4233 3352 4280 et
3396 4228 3597 4283 talibus

2014 4312 2195 4367 verbis
2273 4313 2437 4367 corda
2507 4314 2739 4367 istorum
2811 4326 3246 4381 commoverent,
3279 4317 3408 4387 quid
3476 4320 3596 4374 illos

2013 4405 2217 4461 sentire
2260 4406 2594 4475 oportebat,
2663 4404 2865 4476 quidve
2924 4403 3128 4472 facere,
3198 4408 3435 4463 funestis
3490 4412 3595 4464 illss

2015 4504 2219 4559 nuntiis
2265 4501 2649 4573 perturbatos?
2699 4500 2840 4567 Seio,
2872 4499 3044 4569 probe
3101 4511 3152 4555 te
3189 4501 3243 4555 in
3281 4501 3618 4599 judicandtsi

2015 4602 2182 4656 rebus
2212 4601 2539 4670 sapientem,
2574 4598 2811 4667 ideoque
2842 4595 3192 4651 conﬁteberis
3216 4612 3349 4653 sane
3382 4597 3504 4653 illos
3532 4614 3595 4653 ea

2015 4693 2324 4763 Oportuissc
2368 4692 2569 4761 sentire
2598 4699 2653 4747 et
2694 4702 2857 4761 agere
2891 4700 3014 4760 quae
3048 4702 3148 4758 pro
3204 4690 3381 4747 salute
3416 4703 3601 4749 essent

2016 4787 2396 4855 exeoguanda.

2090 4969 2297 5041 Itaque,
2319 4979 2378 5023 ut
2399 4969 2530 5023 mihi
2546 4970 2670 5040 jure
2682 4970 2956 5045 persuasi,
2982 4985 3049 5027 ex
3070 4969 3157 5025 his
3175 4983 3298 5041 quae
3315 4982 3599 5024 assevera-

306 5054 787 5125 ὃιαῧεὸαιούμενοι
828 5058 1308 5128 ἐπληροφὸρησαν,
1349 5059 1383 5128 ὴ
1415 5056 1509 5109 τοῦ
1543 5059 1779 5128 στρατοῦ
1806 5059 1904 5128 γέ-

2014 5065 2213 5121 bantur
2230 5061 2775 5123 sineintermissioce
2790 5074 2907 5120 orta
2932 5074 3014 5121 est
3033 5064 3125 5119 illa
3146 5062 3415 5119 exercitus
3438 5064 3602 5117 colle-

308 5164 478 5216 γονεν
523 5149 757 5221 συλλογὴ
790 5153 887 5203 καὶ
918 5151 1267 5222 συγκίνησις,
1304 5151 1402 5204 καὶ
1437 5152 1470 5221 ἡ
1501 5151 1637 5221 πρὸς
1688 5150 1913 5224 Πλιτζη-

309 5244 546 5306 νακίτας
596 5243 921 5314 διάπεμψις,
971 5246 1070 5316 οὐχ
1097 5244 1183 5298 ἵνα
1230 5245 1468 5315 πόλεμον
1519 5248 1910 5315 συγκροτήσω-

311 5352 428 5400 σιν,
469 5335 579 5387 οὐδ’
627 5337 715 5388 ἵνα
764 5338 858 5389 τοῦ
913 5335 1011 5388 σοῦ
1068 5337 1198 5389 λαοῦ
1256 5336 1474 5407 σφαγὰς
1509 5336 1911 5408 ἐνεργήσωσιν,

316 5427 441 5481 ἀλλ’
468 5429 610 5483 ὥστε
640 5430 797 5482 τοῦτο
842 5432 939 5499 μὲν
972 5431 1186 5494 ἑαυτοῖς
1217 5432 1679 5503 περιποιήσασθαι
1720 5432 1782 5485 τὺ
1809 5433 1917 5507 ,ἀσ-

314 5521 514 5592 φαλές,
542 5522 700 5577 τοῦτο
725 5524 781 5577 δὲ
814 5524 954 5578 ὥστε
991 5524 1148 5595 ὑμῶν
1180 5526 1450 5594 ἀνακόψαι
1475 5523 1575 5596 τὴν
1606 5523 1782 5595 ὁρμὴν
1809 5520 1917 5591 μὸ-

314 5632 436 5680 νον,
466 5615 541 5679 ὣς
574 5634 726 5686 φασι,
769 5621 866 5693 καὶ
903 5618 1178 5672 συστεῖλαι
1207 5620 1341 5689 πρὸς
1370 5620 1430 5672 τὸ
1479 5618 1552 5689 μὴ
1581 5617 1916 5688 ἐπιδραμεῖν

312 5710 422 5781 τὴν
451 5711 777 5784 Ῥωμαϊκὴν
831 5713 1035 5784 χώραν,
1094 5710 1279 5775 καθὼς
1308 5715 1341 5783 ἡ
1380 5712 1489 5765 τῶν
1523 5713 1725 5765 ἀθλίων
1765 5708 1919 5763 ἐκεῖ·

316 5821 434 5855 νων
458 5803 765 5876 ἀνθρώπων
792 5807 882 5858 τοῦ
914 5822 972 5857 τε
1000 5806 1164 5874 Βωγᾶ
1190 5807 1283 5858 καί
1311 5805 1417 5856 τῶν
1450 5809 1512 5857 ἐκ
1538 5806 1920 5873 "mgni/5twa

698 5902 972 5962 PATBOL.
1014 5904 1128 5962 iiii.
1180 5903 1277 5962 CX
1296 5904 1342 5963 Ι.

1991 5154 1996 5159 ’
2024 5158 2131 5212 ctio
2164 5169 2328 5229 atque
2360 5167 2567 5222 motus,
2606 5173 2821 5213 necnon
2852 5166 2905 5213 et
2934 5159 3003 5213 ad
3036 5154 3419 5214 Patzcnacitas
3437 5170 3595 5226 expe-

2025 5250 2182 5315 ditio,
2203 5265 2311 5303 non
2346 5248 2413 5304 ad
2432 5249 2731 5320 gerendum
2760 5250 2986 5317 bellum,
3015 5266 3193 5323 neque
3221 5248 3288 5303 ad
3315 5248 3600 5304 cmdendos

2026 5351 2149 5395 tuos
2168 5343 2421 5411 populos,
2448 5341 2540 5399 sed
2566 5351 2681 5397 tum
2705 5352 2761 5398 ut
2780 5359 2894 5399 suae
2924 5341 3205 5399 securitati
3230 5341 3600 5412 providerent,

2025 5442 2140 5487 tum
2173 5442 2230 5487 ut
2259 5444 2501 5488 vestrum
2553 5435 2900 5490 solummodo
2954 5436 3215 5502 impetum
3251 5434 3597 5495 cohiberent,

2018 5536 2079 5580 ut
2118 5525 2291 5583 aiunt.
2328 5536 2497 5597 atque
2532 5528 2886 5597 prohiberent
2916 5540 2982 5577 ne
3028 5524 3080 5576 in
3116 5526 3394 5583 Romanas
3428 5534 3599 5581 terras

2025 5620 2331 5682 irrueretis,
2384 5606 2848 5691 quemadmodum
2913 5619 3361 5675 renuntiaverant
3412 5618 3599 5674 miseri

2026 5714 2101 5767 illi
2153 5713 2407 5768 homines
2462 5712 2745 5781 Bogasqtte
2781 5720 2837 5764 et
2887 5707 3360 5767 Patzenaeitarutn
3412 5706 3597 5781 legati.

2025 5808 2224 5876 ιιιιῐιιιιε
2283 5807 2442 5859 ﬁdem
2514 5803 2889 5859 conciliabant
2940 5812 2993 5860 et
3055 5818 3341 5860 sermones
3398 5803 3598 5856 ducum

3205 5894 3241 5953 3
