  <div class='ocr_page' id='page_1' title='image "/cluster/home/n/w/nwhite01/storage/ocr_20150623/111/hvd.32044073502288/043.png"; bbox 0 0 3996 6208; ppageno 0'>
   <div class='ocr_carea' id='block_1_1' title="bbox 361 282 3610 378">
    <p class='ocr_par' dir='ltr' id='par_1_1' title="bbox 361 282 3610 378">
     <span class='ocr_line' id='line_1_1' title="bbox 361 282 3610 378; baseline -0.006 -15"><span class='ocrx_word' id='word_1_1' title='bbox 361 311 430 374; x_wconf 82' lang='lat'><strong>75</strong></span> <span class='ocrx_word' id='word_1_2' title='bbox 1481 291 1791 353; x_wconf 77' lang='lat' dir='ltr'><strong>NICOLAI</strong></span> <span class='ocrx_word' id='word_1_3' title='bbox 1830 291 1938 352; x_wconf 83' lang='lat' dir='ltr'><strong>CP.</strong></span> <span class='ocrx_word' id='word_1_4' title='bbox 1981 290 2175 350; x_wconf 81' lang='lat' dir='ltr'><strong>PATR</strong></span> <span class='ocrx_word' id='word_1_5' title='bbox 2189 289 2509 378; x_wconf 28' lang='lat' dir='ltr'><strong>lARClI/EI</strong></span> <span class='ocrx_word' id='word_1_6' title='bbox 3541 282 3610 345; x_wconf 72' lang='lat'><strong>76</strong></span> 
     </span>
    </p>
   </div>
   <div class='ocr_carea' id='block_1_2' title="bbox 356 388 1951 479">
    <p class='ocr_par' dir='ltr' id='par_1_2' title="bbox 356 404 1927 479">
     <span class='ocr_line' id='line_1_2' title="bbox 356 404 1927 479; baseline -0.017 1"><span class='ocrx_word' id='word_1_7' title='bbox 356 433 699 479; x_wconf 71' lang='lat' dir='ltr'><strong>carterorum.</strong></span> <span class='ocrx_word' id='word_1_8' title='bbox 755 413 912 471; x_wconf 78' lang='lat' dir='ltr'><strong>Hunc</strong></span> <span class='ocrx_word' id='word_1_9' title='bbox 965 411 1123 465; x_wconf 90' lang='lat' dir='ltr'><strong>nobis</strong></span> <span class='ocrx_word' id='word_1_10' title='bbox 1167 410 1422 462; x_wconf 82' lang='lat' dir='ltr'><strong>dixerunt</strong></span> <span class='ocrx_word' id='word_1_11' title='bbox 1467 404 1636 459; x_wconf 86' lang='lat' dir='ltr'><strong>fuisse</strong></span> <span class='ocrx_word' id='word_1_12' title='bbox 1701 417 1927 471; x_wconf 90' lang='lat' dir='ltr'><strong>scopum</strong></span> 
     </span>
    </p>
   </div>
   <div class='ocr_carea' id='block_1_3' title="bbox 2059 388 3610 479">
    <p class='ocr_par' dir='ltr' id='par_1_3' title="bbox 2059 388 3610 470">
     <span class='ocr_line' id='line_1_3' title="bbox 2059 388 3610 470; baseline -0.005 -16"><span class='ocrx_word' id='word_1_13' title='bbox 2059 388 2470 463; x_wconf 85' lang='grc' dir='ltr'>ιποσταλέντων,</span> <span class='ocrx_word' id='word_1_14' title='bbox 2529 398 2751 470; x_wconf 76' lang='grc' dir='ltr'><strong>προσέτι</strong></span> <span class='ocrx_word' id='word_1_15' title='bbox 2796 397 2886 450; x_wconf 68' lang='grc' dir='ltr'>καὶ</span> <span class='ocrx_word' id='word_1_16' title='bbox 2912 397 3020 450; x_wconf 88' lang='grc' dir='ltr'><strong>τῶν</strong></span> <span class='ocrx_word' id='word_1_17' title='bbox 3060 397 3236 451; x_wconf 80' lang='grc' dir='ltr'>ἄλλων</span> <span class='ocrx_word' id='word_1_18' title='bbox 3290 397 3610 466; x_wconf 73' lang='grc' dir='ltr'><strong>στρατηγῶν</strong></span> 
     </span>
    </p>
   </div>
   <div class='ocr_carea' id='block_1_4' title="bbox 353 501 1929 574">
    <p class='ocr_par' dir='ltr' id='par_1_4' title="bbox 353 501 1929 574">
     <span class='ocr_line' id='line_1_4' title="bbox 353 501 1929 574; baseline -0.016 -5"><span class='ocrx_word' id='word_1_19' title='bbox 353 511 628 568; x_wconf 70' lang='lat' dir='ltr'><strong>exercitus</strong></span> <span class='ocrx_word' id='word_1_20' title='bbox 684 501 1146 574; x_wconf 78' lang='lat' dir='ltr'><strong>congregationis,</strong></span> <span class='ocrx_word' id='word_1_21' title='bbox 1201 502 1342 550; x_wconf 91' lang='lat' dir='ltr'><strong>hanc</strong></span> <span class='ocrx_word' id='word_1_22' title='bbox 1375 509 1594 566; x_wconf 89' lang='lat' dir='ltr'><strong>quoque</strong></span> <span class='ocrx_word' id='word_1_23' title='bbox 1645 507 1770 547; x_wconf 89' lang='lat' dir='ltr'><strong>esse</strong></span> <span class='ocrx_word' id='word_1_24' title='bbox 1799 507 1929 546; x_wconf 84' lang='lat' dir='ltr'><strong>can-</strong></span> 
     </span>
    </p>
   </div>
   <div class='ocr_carea' id='block_1_5' title="bbox 355 581 1928 667">
    <p class='ocr_par' dir='ltr' id='par_1_5' title="bbox 355 581 1928 667">
     <span class='ocr_line' id='line_1_5' title="bbox 355 581 1928 667; baseline -0.016 -8"><span class='ocrx_word' id='word_1_25' title='bbox 355 618 471 659; x_wconf 85' lang='lat' dir='ltr'><strong>sam</strong></span> <span class='ocrx_word' id='word_1_26' title='bbox 517 595 878 667; x_wconf 71' lang='lat' dir='ltr'><strong>expeditionis</strong></span> <span class='ocrx_word' id='word_1_27' title='bbox 929 592 996 644; x_wconf 91' lang='lat' dir='ltr'><strong>ad</strong></span> <span class='ocrx_word' id='word_1_28' title='bbox 1037 589 1418 644; x_wconf 87' lang='lat' dir='ltr'><strong>Palzcnacitas</strong></span> <span class='ocrx_word' id='word_1_29' title='bbox 1469 585 1689 648; x_wconf 68' lang='lat' dir='ltr'><strong>missaa;</strong></span> <span class='ocrx_word' id='word_1_30' title='bbox 1724 581 1928 651; x_wconf 85' lang='lat' dir='ltr'><strong>quibus</strong></span> 
     </span>
    </p>
   </div>
   <div class='ocr_carea' id='block_1_6' title="bbox 355 673 1926 764">
    <p class='ocr_par' dir='ltr' id='par_1_6' title="bbox 355 673 1926 764">
     <span class='ocr_line' id='line_1_6' title="bbox 355 673 1926 764; baseline -0.017 -13"><span class='ocrx_word' id='word_1_31' title='bbox 355 699 472 764; x_wconf 86' lang='lat' dir='ltr'><strong>ipse</strong></span> <span class='ocrx_word' id='word_1_32' title='bbox 502 689 734 754; x_wconf 81' lang='lat' dir='ltr'><strong>credidi,</strong></span> <span class='ocrx_word' id='word_1_33' title='bbox 788 687 840 740; x_wconf 87' lang='lat' dir='ltr'><strong>id</strong></span> <span class='ocrx_word' id='word_1_34' title='bbox 871 684 1012 754; x_wconf 81' lang='lat' dir='ltr'><strong>apud</strong></span> <span class='ocrx_word' id='word_1_35' title='bbox 1055 697 1140 735; x_wconf 83' lang='lat' dir='ltr'><strong>Ine</strong></span> <span class='ocrx_word' id='word_1_36' title='bbox 1195 689 1452 749; x_wconf 82' lang='lat' dir='ltr'><strong>reputans</strong></span> <span class='ocrx_word' id='word_1_37' title='bbox 1481 719 1495 743; x_wconf 94' lang='lat'><strong>,</strong></span> <span class='ocrx_word' id='word_1_38' title='bbox 1550 689 1745 744; x_wconf 93' lang='lat' dir='ltr'><strong>nempe</strong></span> <span class='ocrx_word' id='word_1_39' title='bbox 1798 673 1926 726; x_wconf 89' lang='lat' dir='ltr'><strong>talia</strong></span> 
     </span>
    </p>
   </div>
   <div class='ocr_carea' id='block_1_7' title="bbox 353 768 1929 842">
    <p class='ocr_par' dir='ltr' id='par_1_7' title="bbox 353 768 1929 842">
     <span class='ocr_line' id='line_1_7' title="bbox 353 768 1929 842; baseline -0.015 0"><span class='ocrx_word' id='word_1_40' title='bbox 353 802 475 842; x_wconf 86' lang='lat' dir='ltr'><strong>esse</strong></span> <span class='ocrx_word' id='word_1_41' title='bbox 532 781 849 838; x_wconf 82' lang='lat' dir='ltr'><strong>hominibus</strong></span> <span class='ocrx_word' id='word_1_42' title='bbox 897 775 1104 832; x_wconf 85' lang='lat' dir='ltr'><strong>sentire</strong></span> <span class='ocrx_word' id='word_1_43' title='bbox 1153 780 1509 832; x_wconf 89' lang='lat' dir='ltr'><strong>consuetum,</strong></span> <span class='ocrx_word' id='word_1_44' title='bbox 1546 768 1692 837; x_wconf 89' lang='lat' dir='ltr'><strong>quod</strong></span> <span class='ocrx_word' id='word_1_45' title='bbox 1732 779 1832 819; x_wconf 87' lang='lat' dir='ltr'><strong>nec</strong></span> <span class='ocrx_word' id='word_1_46' title='bbox 1873 773 1929 818; x_wconf 86' lang='lat' dir='ltr'><strong>tu</strong></span> 
     </span>
    </p>
   </div>
   <div class='ocr_carea' id='block_1_8' title="bbox 352 859 1934 950">
    <p class='ocr_par' dir='ltr' id='par_1_8' title="bbox 352 859 1934 950">
     <span class='ocr_line' id='line_1_8' title="bbox 352 859 1934 950; baseline -0.015 -17"><span class='ocrx_word' id='word_1_47' title='bbox 352 880 472 950; x_wconf 77' lang='lat' dir='ltr'><strong>ipse</strong></span> <span class='ocrx_word' id='word_1_48' title='bbox 513 876 754 947; x_wconf 84' lang='lat' dir='ltr'><strong>ignoras,</strong></span> <span class='ocrx_word' id='word_1_49' title='bbox 814 869 906 922; x_wconf 90' lang='lat' dir='ltr'><strong>lili.</strong></span> <span class='ocrx_word' id='word_1_50' title='bbox 962 866 1096 922; x_wconf 85' lang='lat' dir='ltr'><strong>Cum</strong></span> <span class='ocrx_word' id='word_1_51' title='bbox 1156 864 1300 918; x_wconf 82' lang='lat' dir='ltr'><strong>enim</strong></span> <span class='ocrx_word' id='word_1_52' title='bbox 1338 861 1492 916; x_wconf 82' lang='lat' dir='ltr'><strong>liberi</strong></span> <span class='ocrx_word' id='word_1_53' title='bbox 1534 859 1798 914; x_wconf 84' lang='lat' dir='ltr'><strong>adversus</strong></span> <span class='ocrx_word' id='word_1_54' title='bbox 1837 871 1934 927; x_wconf 87' lang='lat' dir='ltr'><strong>pa-</strong></span> 
     </span>
    </p>
   </div>
   <div class='ocr_carea' id='block_1_9' title="bbox 355 964 1933 1033">
    <p class='ocr_par' dir='ltr' id='par_1_9' title="bbox 355 964 1933 1033">
     <span class='ocr_line' id='line_1_9' title="bbox 355 964 1933 1033; baseline -0.014 -10"><span class='ocrx_word' id='word_1_55' title='bbox 355 977 540 1023; x_wconf 87' lang='lat' dir='ltr'><strong>rentes</strong></span> <span class='ocrx_word' id='word_1_56' title='bbox 577 967 894 1033; x_wconf 87' lang='lat' dir='ltr'><strong>insurgunt,</strong></span> <span class='ocrx_word' id='word_1_57' title='bbox 924 965 1291 1030; x_wconf 88' lang='lat' dir='ltr'><strong>parentesque</strong></span> <span class='ocrx_word' id='word_1_58' title='bbox 1318 969 1410 1024; x_wconf 89' lang='lat' dir='ltr'><strong>per</strong></span> <span class='ocrx_word' id='word_1_59' title='bbox 1441 966 1654 1022; x_wconf 78' lang='lat' dir='ltr'><strong>seipsos</strong></span> <span class='ocrx_word' id='word_1_60' title='bbox 1693 964 1800 1004; x_wconf 94' lang='lat' dir='ltr'><strong>non</strong></span> <span class='ocrx_word' id='word_1_61' title='bbox 1835 964 1933 1002; x_wconf 81' lang='lat' dir='ltr'><strong>va-</strong></span> 
     </span>
    </p>
   </div>
   <div class='ocr_carea' id='block_1_10' title="bbox 357 1044 1934 1123">
    <p class='ocr_par' dir='ltr' id='par_1_10' title="bbox 357 1044 1934 1123">
     <span class='ocr_line' id='line_1_10' title="bbox 357 1044 1934 1123; baseline -0.012 -11"><span class='ocrx_word' id='word_1_62' title='bbox 357 1063 467 1116; x_wconf 88' lang='lat' dir='ltr'><strong>lent</strong></span> <span class='ocrx_word' id='word_1_63' title='bbox 484 1059 778 1113; x_wconf 89' lang='lat' dir='ltr'><strong>liberorum</strong></span> <span class='ocrx_word' id='word_1_64' title='bbox 813 1051 1049 1123; x_wconf 85' lang='lat' dir='ltr'><strong>propriis</strong></span> <span class='ocrx_word' id='word_1_65' title='bbox 1075 1048 1367 1104; x_wconf 81' lang='lat' dir='ltr'><strong>conatibus</strong></span> <span class='ocrx_word' id='word_1_66' title='bbox 1410 1044 1759 1100; x_wconf 89' lang='lat' dir='ltr'><strong>rebellionem</strong></span> <span class='ocrx_word' id='word_1_67' title='bbox 1783 1058 1934 1098; x_wconf 86' lang='lat' dir='ltr'><strong>com-</strong></span> 
     </span>
    </p>
   </div>
   <div class='ocr_carea' id='block_1_11' title="bbox 369 1135 1936 1222">
    <p class='ocr_par' dir='ltr' id='par_1_11' title="bbox 369 1135 1936 1222">
     <span class='ocr_line' id='line_1_11' title="bbox 369 1135 1936 1222; baseline -0.011 -18"><span class='ocrx_word' id='word_1_68' title='bbox 369 1153 628 1222; x_wconf 82' lang='lat' dir='ltr'><strong>primore,</strong></span> <span class='ocrx_word' id='word_1_69' title='bbox 693 1158 822 1202; x_wconf 90' lang='lat' dir='ltr'><strong>tunc</strong></span> <span class='ocrx_word' id='word_1_70' title='bbox 881 1152 1153 1214; x_wconf 87' lang='lat' dir='ltr'><strong>coguntur</strong></span> <span class='ocrx_word' id='word_1_71' title='bbox 1219 1154 1320 1194; x_wconf 90' lang='lat' dir='ltr'><strong>suo</strong></span> <span class='ocrx_word' id='word_1_72' title='bbox 1372 1151 1508 1207; x_wconf 80' lang='lat' dir='ltr'><strong>erga</strong></span> <span class='ocrx_word' id='word_1_73' title='bbox 1574 1135 1696 1190; x_wconf 90' lang='lat' dir='ltr'><strong>illos</strong></span> <span class='ocrx_word' id='word_1_74' title='bbox 1748 1148 1936 1188; x_wconf 90' lang='lat' dir='ltr'><strong>amore</strong></span> 
     </span>
    </p>
   </div>
   <div class='ocr_carea' id='block_1_12' title="bbox 361 1235 1936 1314">
    <p class='ocr_par' dir='ltr' id='par_1_12' title="bbox 361 1235 1936 1314">
     <span class='ocr_line' id='line_1_12' title="bbox 361 1235 1936 1314; baseline -0.01 -16"><span class='ocrx_word' id='word_1_75' title='bbox 361 1243 626 1314; x_wconf 88' lang='lat' dir='ltr'><strong>quosdam</strong></span> <span class='ocrx_word' id='word_1_76' title='bbox 667 1242 874 1295; x_wconf 90' lang='lat' dir='ltr'><strong>alienos</strong></span> <span class='ocrx_word' id='word_1_77' title='bbox 935 1239 990 1291; x_wconf 92' lang='lat' dir='ltr'><strong>in</strong></span> <span class='ocrx_word' id='word_1_78' title='bbox 1043 1235 1305 1290; x_wconf 83' lang='lat' dir='ltr'><strong>auxilium</strong></span> <span class='ocrx_word' id='word_1_79' title='bbox 1343 1244 1644 1298; x_wconf 80' lang='lat' dir='ltr'><strong>arcessere,</strong></span> <span class='ocrx_word' id='word_1_80' title='bbox 1672 1244 1769 1299; x_wconf 89' lang='lat' dir='ltr'><strong>per</strong></span> <span class='ocrx_word' id='word_1_81' title='bbox 1796 1243 1936 1299; x_wconf 89' lang='lat' dir='ltr'><strong>quos</strong></span> 
     </span>
    </p>
   </div>
   <div class='ocr_carea' id='block_1_13' title="bbox 365 1323 1937 1390">
    <p class='ocr_par' dir='ltr' id='par_1_13' title="bbox 365 1323 1937 1390">
     <span class='ocr_line' id='line_1_13' title="bbox 365 1323 1937 1390; baseline -0.01 0"><span class='ocrx_word' id='word_1_82' title='bbox 365 1348 575 1390; x_wconf 85' lang='lat' dir='ltr'><strong>terrore</strong></span> <span class='ocrx_word' id='word_1_83' title='bbox 624 1335 849 1388; x_wconf 88' lang='lat' dir='ltr'><strong>incusso</strong></span> <span class='ocrx_word' id='word_1_84' title='bbox 881 1331 947 1383; x_wconf 89' lang='lat' dir='ltr'><strong>ad</strong></span> <span class='ocrx_word' id='word_1_85' title='bbox 979 1343 1038 1382; x_wconf 90' lang='lat' dir='ltr'><strong>se</strong></span> <span class='ocrx_word' id='word_1_86' title='bbox 1086 1327 1249 1381; x_wconf 83' lang='lat' dir='ltr'><strong>etiam</strong></span> <span class='ocrx_word' id='word_1_87' title='bbox 1285 1324 1488 1378; x_wconf 83' lang='lat' dir='ltr'><strong>invitos</strong></span> <span class='ocrx_word' id='word_1_88' title='bbox 1540 1323 1740 1377; x_wconf 88' lang='lat' dir='ltr'><strong>liberos</strong></span> <span class='ocrx_word' id='word_1_89' title='bbox 1780 1335 1937 1375; x_wconf 87' lang='lat' dir='ltr'><strong>revo-</strong></span> 
     </span>
    </p>
   </div>
   <div class='ocr_carea' id='block_1_14' title="bbox 367 1411 1935 1494">
    <p class='ocr_par' dir='ltr' id='par_1_14' title="bbox 367 1411 1935 1494">
     <span class='ocr_line' id='line_1_14' title="bbox 367 1411 1935 1494; baseline -0.011 -14"><span class='ocrx_word' id='word_1_90' title='bbox 367 1436 522 1491; x_wconf 88' lang='lat' dir='ltr'><strong>cent;</strong></span> <span class='ocrx_word' id='word_1_91' title='bbox 556 1439 678 1494; x_wconf 73' lang='lat' dir='ltr'><strong>quae</strong></span> <span class='ocrx_word' id='word_1_92' title='bbox 707 1437 808 1491; x_wconf 84' lang='lat' dir='ltr'><strong>ego</strong></span> <span class='ocrx_word' id='word_1_93' title='bbox 842 1437 964 1489; x_wconf 80' lang='lat' dir='ltr'><strong>erga</strong></span> <span class='ocrx_word' id='word_1_94' title='bbox 1018 1432 1116 1470; x_wconf 78' lang='lat' dir='ltr'><strong>vos</strong></span> <span class='ocrx_word' id='word_1_95' title='bbox 1151 1417 1446 1469; x_wconf 83' lang='lat' dir='ltr'><strong>arbitratus</strong></span> <span class='ocrx_word' id='word_1_96' title='bbox 1507 1427 1630 1468; x_wconf 89' lang='lat' dir='ltr'><strong>sum</strong></span> <span class='ocrx_word' id='word_1_97' title='bbox 1690 1411 1814 1465; x_wconf 85' lang='lat' dir='ltr'><strong>illos</strong></span> <span class='ocrx_word' id='word_1_98' title='bbox 1842 1425 1935 1464; x_wconf 79' lang='lat' dir='ltr'><strong>cx-</strong></span> 
     </span>
    </p>
   </div>
   <div class='ocr_carea' id='block_1_15' title="bbox 364 1501 1935 1588">
    <p class='ocr_par' dir='ltr' id='par_1_15' title="bbox 364 1501 1935 1588">
     <span class='ocr_line' id='line_1_15' title="bbox 364 1501 1935 1588; baseline -0.014 -14"><span class='ocrx_word' id='word_1_99' title='bbox 364 1519 656 1588; x_wconf 82' lang='lat' dir='ltr'><strong>cogitasse.</strong></span> <span class='ocrx_word' id='word_1_100' title='bbox 696 1516 830 1568; x_wconf 87' lang='lat' dir='ltr'><strong>Orto</strong></span> <span class='ocrx_word' id='word_1_101' title='bbox 870 1508 1136 1580; x_wconf 88' lang='lat' dir='ltr'><strong>siquidem</strong></span> <span class='ocrx_word' id='word_1_102' title='bbox 1177 1521 1274 1576; x_wconf 86' lang='lat' dir='ltr'><strong>per</strong></span> <span class='ocrx_word' id='word_1_103' title='bbox 1308 1503 1578 1558; x_wconf 86' lang='lat' dir='ltr'><strong>nefarium</strong></span> <span class='ocrx_word' id='word_1_104' title='bbox 1629 1501 1935 1555; x_wconf 74' lang='lat' dir='ltr'><strong>dannonem</strong></span> 
     </span>
    </p>
   </div>
   <div class='ocr_carea' id='block_1_16' title="bbox 360 1595 1935 1670">
    <p class='ocr_par' dir='ltr' id='par_1_16' title="bbox 360 1595 1935 1670">
     <span class='ocr_line' id='line_1_16' title="bbox 360 1595 1935 1670; baseline -0.011 -9"><span class='ocrx_word' id='word_1_105' title='bbox 360 1611 500 1662; x_wconf 90' lang='lat' dir='ltr'><strong>inter</strong></span> <span class='ocrx_word' id='word_1_106' title='bbox 548 1607 824 1659; x_wconf 76' lang='lat' dir='ltr'><strong>Romanos</strong></span> <span class='ocrx_word' id='word_1_107' title='bbox 860 1612 914 1657; x_wconf 90' lang='lat' dir='ltr'><strong>et</strong></span> <span class='ocrx_word' id='word_1_108' title='bbox 961 1601 1223 1670; x_wconf 68' lang='lat' dir='ltr'><strong>liulgaros</strong></span> <span class='ocrx_word' id='word_1_109' title='bbox 1287 1595 1541 1659; x_wconf 86' lang='lat' dir='ltr'><strong>dissidio,</strong></span> <span class='ocrx_word' id='word_1_110' title='bbox 1597 1608 1768 1663; x_wconf 89' lang='lat' dir='ltr'><strong>quum</strong></span> <span class='ocrx_word' id='word_1_111' title='bbox 1827 1605 1935 1644; x_wconf 93' lang='lat' dir='ltr'><strong>non</strong></span> 
     </span>
    </p>
   </div>
   <div class='ocr_carea' id='block_1_17' title="bbox 362 1685 1936 1771">
    <p class='ocr_par' dir='ltr' id='par_1_17' title="bbox 362 1685 1936 1771">
     <span class='ocr_line' id='line_1_17' title="bbox 362 1685 1936 1771; baseline -0.013 -16"><span class='ocrx_word' id='word_1_112' title='bbox 362 1701 642 1771; x_wconf 82' lang='lat' dir='ltr'><strong>potuerint</strong></span> <span class='ocrx_word' id='word_1_113' title='bbox 697 1712 792 1766; x_wconf 85' lang='lat' dir='ltr'><strong>per</strong></span> <span class='ocrx_word' id='word_1_114' title='bbox 831 1695 1040 1764; x_wconf 83' lang='lat' dir='ltr'><strong>seipsos</strong></span> <span class='ocrx_word' id='word_1_115' title='bbox 1074 1692 1137 1745; x_wconf 92' lang='lat' dir='ltr'><strong>ad</strong></span> <span class='ocrx_word' id='word_1_116' title='bbox 1185 1706 1243 1746; x_wconf 90' lang='lat' dir='ltr'><strong>se</strong></span> <span class='ocrx_word' id='word_1_117' title='bbox 1293 1703 1389 1743; x_wconf 89' lang='lat' dir='ltr'><strong>vos</strong></span> <span class='ocrx_word' id='word_1_118' title='bbox 1421 1701 1681 1741; x_wconf 82' lang='lat' dir='ltr'><strong>revocare</strong></span> <span class='ocrx_word' id='word_1_119' title='bbox 1715 1685 1810 1754; x_wconf 89' lang='lat' dir='ltr'><strong>qui</strong></span> <span class='ocrx_word' id='word_1_120' title='bbox 1839 1697 1936 1754; x_wconf 91' lang='lat' dir='ltr'><strong>pa-</strong></span> 
     </span>
    </p>
   </div>
   <div class='ocr_carea' id='block_1_18' title="bbox 2034 484 3611 560">
    <p class='ocr_par' dir='ltr' id='par_1_18' title="bbox 2034 484 3611 560">
     <span class='ocr_line' id='line_1_18' title="bbox 2034 484 3611 560; baseline -0.003 -14"><span class='ocrx_word' id='word_1_121' title='bbox 2034 495 2084 546; x_wconf 86' lang='grc' dir='ltr'>οἱ</span> <span class='ocrx_word' id='word_1_122' title='bbox 2151 495 2301 560; x_wconf 86' lang='grc' dir='ltr'>λόγοι</span> <span class='ocrx_word' id='word_1_123' title='bbox 2346 493 2534 554; x_wconf 82' lang='grc' dir='ltr'>αὐτοῖς</span> <span class='ocrx_word' id='word_1_124' title='bbox 2592 492 2777 544; x_wconf 80' lang='grc' dir='ltr'>πίστιν</span> <span class='ocrx_word' id='word_1_125' title='bbox 2818 485 3157 560; x_wconf 69' lang='grc' dir='ltr'>παρείχοντο.</span> <span class='ocrx_word' id='word_1_126' title='bbox 3212 489 3415 543; x_wconf 75' lang='grc' dir='ltr'>Τοῦτον</span> <span class='ocrx_word' id='word_1_127' title='bbox 3455 484 3611 542; x_wconf 82' lang='grc' dir='ltr'>εἷπον</span> 
     </span>
    </p>
   </div>
   <div class='ocr_carea' id='block_1_19' title="bbox 2035 582 3608 656">
    <p class='ocr_par' dir='ltr' id='par_1_19' title="bbox 2035 582 3608 656">
     <span class='ocr_line' id='line_1_19' title="bbox 2035 582 3608 656; baseline -0.003 -19"><span class='ocrx_word' id='word_1_128' title='bbox 2035 587 2168 656; x_wconf 87' lang='grc' dir='ltr'>ἡμῖν</span> <span class='ocrx_word' id='word_1_129' title='bbox 2202 584 2454 653; x_wconf 82' lang='grc' dir='ltr'>γενέσθαι</span> <span class='ocrx_word' id='word_1_130' title='bbox 2478 584 2683 637; x_wconf 60' lang='grc' dir='ltr'>σκοπὸν</span> <span class='ocrx_word' id='word_1_131' title='bbox 2721 584 2904 646; x_wconf 82' lang='grc' dir='ltr'>αὐτοῖς</span> <span class='ocrx_word' id='word_1_132' title='bbox 2938 585 3036 653; x_wconf 80' lang='grc' dir='ltr'>τῆς</span> <span class='ocrx_word' id='word_1_133' title='bbox 3065 583 3158 636; x_wconf 78' lang='grc' dir='ltr'>τοῦ</span> <span class='ocrx_word' id='word_1_134' title='bbox 3207 582 3440 654; x_wconf 80' lang='grc' dir='ltr'>στρατοῦ</span> <span class='ocrx_word' id='word_1_135' title='bbox 3485 598 3608 635; x_wconf 80' lang='grc' dir='ltr'>συνο</span> 
     </span>
    </p>
   </div>
   <div class='ocr_carea' id='block_1_20' title="bbox 2034 671 3615 748">
    <p class='ocr_par' dir='ltr' id='par_1_20' title="bbox 2034 671 3615 748">
     <span class='ocr_line' id='line_1_20' title="bbox 2034 671 3615 748; baseline 0 -19"><span class='ocrx_word' id='word_1_136' title='bbox 2034 677 2332 748; x_wconf 82' lang='grc' dir='ltr'>αθροῖσεως</span> <span class='ocrx_word' id='word_1_137' title='bbox 2372 693 2388 706; x_wconf 88' lang='grc'><strong>·</strong></span> <span class='ocrx_word' id='word_1_138' title='bbox 2443 676 2649 748; x_wconf 83' lang='grc' dir='ltr'>ταύτην</span> <span class='ocrx_word' id='word_1_139' title='bbox 2697 677 2877 729; x_wconf 79' lang='grc' dir='ltr'><strong>αἰτίαν</strong></span> <span class='ocrx_word' id='word_1_140' title='bbox 2949 671 3090 729; x_wconf 78' lang='grc' dir='ltr'>εῖναι</span> <span class='ocrx_word' id='word_1_141' title='bbox 3145 677 3244 746; x_wconf 77' lang='grc' dir='ltr'>τῆς</span> <span class='ocrx_word' id='word_1_142' title='bbox 3293 674 3430 745; x_wconf 83' lang='grc' dir='ltr'>πρὸς</span> <span class='ocrx_word' id='word_1_143' title='bbox 3490 677 3615 736; x_wconf 72' lang='grc' dir='ltr'>τοὺς</span> 
     </span>
    </p>
   </div>
   <div class='ocr_carea' id='block_1_21' title="bbox 2037 768 3616 842">
    <p class='ocr_par' dir='ltr' id='par_1_21' title="bbox 2037 768 3616 842">
     <span class='ocr_line' id='line_1_21' title="bbox 2037 768 3616 842; baseline 0 -19"><span class='ocrx_word' id='word_1_144' title='bbox 2037 770 2456 842; x_wconf 77' lang='grc' dir='ltr'>Πατζηνακίτας</span> <span class='ocrx_word' id='word_1_145' title='bbox 2498 770 2876 840; x_wconf 71' lang='grc' dir='ltr'>διαπέμψεωςσ</span> <span class='ocrx_word' id='word_1_146' title='bbox 2919 772 3012 823; x_wconf 71' lang='grc' dir='ltr'>καὶ</span> <span class='ocrx_word' id='word_1_147' title='bbox 3055 770 3169 838; x_wconf 74' lang='grc' dir='ltr'><strong>ἐγὼ</strong></span> <span class='ocrx_word' id='word_1_148' title='bbox 3206 768 3419 832; x_wconf 78' lang='grc' dir='ltr'><strong>τούτοις</strong></span> <span class='ocrx_word' id='word_1_149' title='bbox 3463 770 3616 823; x_wconf 81' lang='grc' dir='ltr'>ἐπει-</span> 
     </span>
    </p>
   </div>
   <div class='ocr_carea' id='block_1_22' title="bbox 2037 861 3616 934">
    <p class='ocr_par' dir='ltr' id='par_1_22' title="bbox 2037 861 3616 934">
     <span class='ocr_line' id='line_1_22' title="bbox 2037 861 3616 934; baseline -0.002 -18"><span class='ocrx_word' id='word_1_150' title='bbox 2037 863 2235 934; x_wconf 79' lang='grc' dir='ltr'>θόμην,</span> <span class='ocrx_word' id='word_1_151' title='bbox 2259 865 2435 916; x_wconf 80' lang='grc' dir='ltr'>ἐκεῖνο</span> <span class='ocrx_word' id='word_1_152' title='bbox 2463 862 2808 932; x_wconf 71' lang='grc' dir='ltr'>ἐνθυμηθεὶς,</span> <span class='ocrx_word' id='word_1_153' title='bbox 2841 865 2923 916; x_wconf 79' lang='grc' dir='ltr'>ὅτι</span> <span class='ocrx_word' id='word_1_154' title='bbox 2977 863 3094 915; x_wconf 76' lang='grc' dir='ltr'>ἔστι</span> <span class='ocrx_word' id='word_1_155' title='bbox 3129 880 3212 923; x_wconf 81' lang='grc' dir='ltr'><strong>τις</strong></span> <span class='ocrx_word' id='word_1_156' title='bbox 3247 861 3343 915; x_wconf 73' lang='grc' dir='ltr'>καὶ</span> <span class='ocrx_word' id='word_1_157' title='bbox 3390 861 3616 932; x_wconf 79' lang='grc' dir='ltr'><strong>τοιαύτη</strong></span> 
     </span>
    </p>
   </div>
   <div class='ocr_carea' id='block_1_23' title="bbox 2037 954 3614 1025">
    <p class='ocr_par' dir='ltr' id='par_1_23' title="bbox 2037 954 3614 1025">
     <span class='ocr_line' id='line_1_23' title="bbox 2037 954 3614 1025; baseline -0.001 -18"><span class='ocrx_word' id='word_1_158' title='bbox 2037 954 2345 1025; x_wconf 83' lang='grc' dir='ltr'>ἀνθρώποις</span> <span class='ocrx_word' id='word_1_159' title='bbox 2386 954 2619 1007; x_wconf 74' lang='grc' dir='ltr'>ἐπίνοια.-</span> <span class='ocrx_word' id='word_1_160' title='bbox 2672 954 2740 1024; x_wconf 81' lang='grc' dir='ltr'>ἢν</span> <span class='ocrx_word' id='word_1_161' title='bbox 2789 954 2908 1007; x_wconf 72' lang='grc' dir='ltr'>οὐδὲ</span> <span class='ocrx_word' id='word_1_162' title='bbox 2947 956 3130 1018; x_wconf 74' lang='grc' dir='ltr'>αὐτὸς,</span> <span class='ocrx_word' id='word_1_163' title='bbox 3179 955 3374 1008; x_wconf 78' lang='grc' dir='ltr'>τέκνον</span> <span class='ocrx_word' id='word_1_164' title='bbox 3428 955 3614 1024; x_wconf 77' lang='grc' dir='ltr'>ἡμῶν,</span> 
     </span>
    </p>
   </div>
   <div class='ocr_carea' id='block_1_24' title="bbox 2039 1046 3617 1118">
    <p class='ocr_par' dir='ltr' id='par_1_24' title="bbox 2039 1046 3617 1118">
     <span class='ocr_line' id='line_1_24' title="bbox 2039 1046 3617 1118; baseline -0.001 -18"><span class='ocrx_word' id='word_1_165' title='bbox 2039 1047 2279 1114; x_wconf 83' lang='grc' dir='ltr'><strong>ἀγνοεῖς,</strong></span> <span class='ocrx_word' id='word_1_166' title='bbox 2306 1046 2382 1108; x_wconf 88' lang='grc' dir='ltr'>ὼς</span> <span class='ocrx_word' id='word_1_167' title='bbox 2407 1046 2628 1099; x_wconf 78' lang='grc' dir='ltr'>ἐπειδάν</span> <span class='ocrx_word' id='word_1_168' title='bbox 2655 1047 2819 1100; x_wconf 79' lang='grc' dir='ltr'>τέκνα</span> <span class='ocrx_word' id='word_1_169' title='bbox 2845 1047 2982 1118; x_wconf 70' lang='grc' dir='ltr'>προς</span> <span class='ocrx_word' id='word_1_170' title='bbox 3004 1047 3129 1108; x_wconf 76' lang='grc' dir='ltr'>τοὺς</span> <span class='ocrx_word' id='word_1_171' title='bbox 3179 1049 3357 1114; x_wconf 82' lang='grc' dir='ltr'>γονεῖς</span> <span class='ocrx_word' id='word_1_172' title='bbox 3395 1047 3617 1099; x_wconf 82' lang='grc' dir='ltr'>διαστα-</span> 
     </span>
    </p>
   </div>
   <div class='ocr_carea' id='block_1_25' title="bbox 2041 1140 3618 1215">
    <p class='ocr_par' dir='ltr' id='par_1_25' title="bbox 2041 1140 3618 1215">
     <span class='ocr_line' id='line_1_25' title="bbox 2041 1140 3618 1215; baseline 0.001 -19"><span class='ocrx_word' id='word_1_173' title='bbox 2041 1145 2324 1210; x_wconf 77' lang='grc' dir='ltr'>σιάζωσιν,</span> <span class='ocrx_word' id='word_1_174' title='bbox 2363 1140 2483 1196; x_wconf 79' lang='grc' dir='ltr'>εἶτα</span> <span class='ocrx_word' id='word_1_175' title='bbox 2511 1146 2560 1197; x_wconf 80' lang='grc' dir='ltr'><strong>οἰ</strong></span> <span class='ocrx_word' id='word_1_176' title='bbox 2583 1145 2820 1215; x_wconf 79' lang='grc' dir='ltr'>πατέρες</span> <span class='ocrx_word' id='word_1_177' title='bbox 2860 1145 3038 1198; x_wconf 87' lang='grc' dir='ltr'>πάντα</span> <span class='ocrx_word' id='word_1_178' title='bbox 3079 1144 3149 1198; x_wconf 79' lang='grc' dir='ltr'>δι’</span> <span class='ocrx_word' id='word_1_179' title='bbox 3204 1145 3413 1198; x_wconf 78' lang='grc' dir='ltr'><strong>ἑαυτῶν</strong></span> <span class='ocrx_word' id='word_1_180' title='bbox 3446 1146 3618 1214; x_wconf 69' lang='grc' dir='ltr'>πράτ-</span> 
     </span>
    </p>
   </div>
   <div class='ocr_carea' id='block_1_26' title="bbox 2038 1237 3621 1308">
    <p class='ocr_par' dir='ltr' id='par_1_26' title="bbox 2038 1237 3621 1308">
     <span class='ocr_line' id='line_1_26' title="bbox 2038 1237 3621 1308; baseline 0 -19"><span class='ocrx_word' id='word_1_181' title='bbox 2038 1254 2244 1302; x_wconf 69' lang='grc' dir='ltr'>σοντες,</span> <span class='ocrx_word' id='word_1_182' title='bbox 2285 1238 2361 1308; x_wconf 80' lang='grc' dir='ltr'>μὴ</span> <span class='ocrx_word' id='word_1_183' title='bbox 2386 1238 2642 1292; x_wconf 87' lang='grc' dir='ltr'>δύνανται</span> <span class='ocrx_word' id='word_1_184' title='bbox 2673 1241 2792 1299; x_wconf 85' lang='grc' dir='ltr'>ταῖς</span> <span class='ocrx_word' id='word_1_185' title='bbox 2826 1239 3058 1302; x_wconf 76' lang='grc' dir='ltr'><strong>οἰκείαις</strong></span> <span class='ocrx_word' id='word_1_186' title='bbox 3091 1238 3346 1302; x_wconf 80' lang='grc' dir='ltr'><strong>σπουδαῖς</strong></span> <span class='ocrx_word' id='word_1_187' title='bbox 3379 1237 3586 1292; x_wconf 84' lang='grc' dir='ltr'>καταλῦ</span> <span class='ocrx_word' id='word_1_188' title='bbox 3606 1269 3621 1280; x_wconf 86' lang='lat'><strong>-</strong></span> 
     </span>
    </p>
   </div>
   <div class='ocr_carea' id='block_1_27' title="bbox 2045 1329 3620 1400">
    <p class='ocr_par' dir='ltr' id='par_1_27' title="bbox 2045 1329 3620 1400">
     <span class='ocr_line' id='line_1_27' title="bbox 2045 1329 3620 1400; baseline -0.001 -19"><span class='ocrx_word' id='word_1_189' title='bbox 2045 1345 2134 1383; x_wconf 84' lang='grc' dir='ltr'><strong>σαι</strong></span> <span class='ocrx_word' id='word_1_190' title='bbox 2165 1330 2264 1400; x_wconf 79' lang='grc' dir='ltr'>τὴν</span> <span class='ocrx_word' id='word_1_191' title='bbox 2297 1329 2488 1382; x_wconf 84' lang='grc' dir='ltr'><strong>στάσιν</strong></span> <span class='ocrx_word' id='word_1_192' title='bbox 2523 1329 2632 1384; x_wconf 88' lang='grc' dir='ltr'><strong>τῶν</strong></span> <span class='ocrx_word' id='word_1_193' title='bbox 2663 1330 2889 1394; x_wconf 77' lang='grc' dir='ltr'>τέκνων,</span> <span class='ocrx_word' id='word_1_194' title='bbox 2932 1329 3340 1397; x_wconf 70' lang='grc' dir='ltr'><strong>ἀναγκάζονται</strong></span> <span class='ocrx_word' id='word_1_195' title='bbox 3373 1329 3452 1399; x_wconf 88' lang='grc' dir='ltr'>τῷ</span> <span class='ocrx_word' id='word_1_196' title='bbox 3481 1329 3620 1398; x_wconf 75' lang='grc' dir='ltr'>πρδς</span> 
     </span>
    </p>
   </div>
   <div class='ocr_carea' id='block_1_28' title="bbox 2040 1422 3626 1493">
    <p class='ocr_par' dir='ltr' id='par_1_28' title="bbox 2040 1422 3626 1493">
     <span class='ocr_line' id='line_1_28' title="bbox 2040 1422 3626 1493; baseline -0.003 -16"><span class='ocrx_word' id='word_1_197' title='bbox 2040 1422 2238 1486; x_wconf 73' lang='grc' dir='ltr'>αὐτοὺς</span> <span class='ocrx_word' id='word_1_198' title='bbox 2277 1423 2444 1475; x_wconf 77' lang='grc' dir='ltr'>ἐνίοτε</span> <span class='ocrx_word' id='word_1_199' title='bbox 2486 1422 2659 1493; x_wconf 86' lang='grc' dir='ltr'>πόθῳ,</span> <span class='ocrx_word' id='word_1_200' title='bbox 2694 1426 2787 1476; x_wconf 81' lang='grc' dir='ltr'>καὶ</span> <span class='ocrx_word' id='word_1_201' title='bbox 2820 1423 3016 1488; x_wconf 81' lang='grc' dir='ltr'>ἔξωθεν</span> <span class='ocrx_word' id='word_1_202' title='bbox 3047 1423 3239 1481; x_wconf 83' lang='grc' dir='ltr'>ἄλλους</span> <span class='ocrx_word' id='word_1_203' title='bbox 3271 1422 3424 1485; x_wconf 78' lang='grc' dir='ltr'>τινάς</span> <span class='ocrx_word' id='word_1_204' title='bbox 3457 1439 3626 1492; x_wconf 82' lang='grc' dir='ltr'>προσ-</span> 
     </span>
    </p>
   </div>
   <div class='ocr_carea' id='block_1_29' title="bbox 2055 1515 3626 1586">
    <p class='ocr_par' dir='ltr' id='par_1_29' title="bbox 2055 1515 3626 1586">
     <span class='ocr_line' id='line_1_29' title="bbox 2055 1515 3626 1586; baseline -0.001 -18"><span class='ocrx_word' id='word_1_205' title='bbox 2055 1515 2431 1586; x_wconf 76' lang='grc' dir='ltr'>λαμϐάνεσθαι</span> <span class='ocrx_word' id='word_1_206' title='bbox 2485 1518 2564 1579; x_wconf 85' lang='grc' dir='ltr'><strong>εἰς</strong></span> <span class='ocrx_word' id='word_1_207' title='bbox 2599 1515 2873 1586; x_wconf 82' lang='grc' dir='ltr'>βοήθειαν,</span> <span class='ocrx_word' id='word_1_208' title='bbox 2908 1516 3051 1568; x_wconf 81' lang='grc' dir='ltr'>ὥστε</span> <span class='ocrx_word' id='word_1_209' title='bbox 3086 1515 3155 1568; x_wconf 82' lang='grc' dir='ltr'><strong>δι’</strong></span> <span class='ocrx_word' id='word_1_210' title='bbox 3199 1515 3422 1569; x_wconf 77' lang='grc' dir='ltr'><strong>ἐκείνων</strong></span> <span class='ocrx_word' id='word_1_211' title='bbox 3455 1515 3626 1583; x_wconf 77' lang='grc' dir='ltr'>φοϐῆ-</span> 
     </span>
    </p>
   </div>
   <div class='ocr_carea' id='block_1_30' title="bbox 2043 1607 3625 1678">
    <p class='ocr_par' dir='ltr' id='par_1_30' title="bbox 2043 1607 3625 1678">
     <span class='ocr_line' id='line_1_30' title="bbox 2043 1607 3625 1678; baseline -0.001 -18"><span class='ocrx_word' id='word_1_212' title='bbox 2043 1623 2153 1671; x_wconf 90' lang='grc' dir='ltr'>σαι,</span> <span class='ocrx_word' id='word_1_213' title='bbox 2198 1607 2294 1661; x_wconf 75' lang='grc' dir='ltr'>καὶ</span> <span class='ocrx_word' id='word_1_214' title='bbox 2322 1607 2457 1678; x_wconf 86' lang='grc' dir='ltr'>πρὸς</span> <span class='ocrx_word' id='word_1_215' title='bbox 2489 1609 2719 1670; x_wconf 74' lang='grc' dir='ltr'>ἑαυτοὺς</span> <span class='ocrx_word' id='word_1_216' title='bbox 2754 1607 3166 1661; x_wconf 76' lang='grc' dir='ltr'><strong>ἐπισπάσασθαι</strong></span> <span class='ocrx_word' id='word_1_217' title='bbox 3195 1608 3295 1660; x_wconf 74' lang='grc' dir='ltr'>καὶ</span> <span class='ocrx_word' id='word_1_218' title='bbox 3321 1607 3525 1662; x_wconf 81' lang='grc' dir='ltr'>ἄκοντα</span> <span class='ocrx_word' id='word_1_219' title='bbox 3554 1607 3625 1658; x_wconf 74' lang='grc' dir='ltr'><strong>τά</strong></span> 
     </span>
    </p>
   </div>
   <div class='ocr_carea' id='block_1_31' title="bbox 2039 1696 3625 1768">
    <p class='ocr_par' dir='ltr' id='par_1_31' title="bbox 2039 1696 3625 1768">
     <span class='ocr_line' id='line_1_31' title="bbox 2039 1696 3625 1768; baseline 0 -19"><span class='ocrx_word' id='word_1_220' title='bbox 2039 1697 2228 1760; x_wconf 79' lang='grc' dir='ltr'>τέκνα,</span> <span class='ocrx_word' id='word_1_221' title='bbox 2258 1698 2397 1768; x_wconf 80' lang='grc' dir='ltr'>ὅπερ</span> <span class='ocrx_word' id='word_1_222' title='bbox 2445 1696 2603 1766; x_wconf 78' lang='grc' dir='ltr'><strong>κάγὼ</strong></span> <span class='ocrx_word' id='word_1_223' title='bbox 2631 1698 2901 1751; x_wconf 78' lang='grc' dir='ltr'>ὑπέλαϐον</span> <span class='ocrx_word' id='word_1_224' title='bbox 2925 1699 3018 1750; x_wconf 71' lang='grc' dir='ltr'>καὶ</span> <span class='ocrx_word' id='word_1_225' title='bbox 3048 1697 3269 1761; x_wconf 77' lang='grc' dir='ltr'><strong>τούτους</strong></span> <span class='ocrx_word' id='word_1_226' title='bbox 3305 1697 3444 1766; x_wconf 78' lang='grc' dir='ltr'>πρὸς</span> <span class='ocrx_word' id='word_1_227' title='bbox 3480 1697 3625 1766; x_wconf 84' lang='grc' dir='ltr'>ὑμᾶς</span> 
     </span>
    </p>
   </div>
   <div class='ocr_carea' id='block_1_32' title="bbox 361 1778 1951 1862">
    <p class='ocr_par' dir='ltr' id='par_1_32' title="bbox 361 1778 1939 1849">
     <span class='ocr_line' id='line_1_32' title="bbox 361 1778 1939 1849; baseline -0.011 -3"><span class='ocrx_word' id='word_1_228' title='bbox 361 1801 543 1848; x_wconf 87' lang='lat' dir='ltr'><strong>rentes</strong></span> <span class='ocrx_word' id='word_1_229' title='bbox 606 1789 769 1844; x_wconf 79' lang='lat' dir='ltr'><strong>vestri</strong></span> <span class='ocrx_word' id='word_1_230' title='bbox 820 1786 949 1842; x_wconf 81' lang='lat' dir='ltr'><strong>facti</strong></span> <span class='ocrx_word' id='word_1_231' title='bbox 1009 1787 1248 1849; x_wconf 89' lang='lat' dir='ltr'><strong>fuerant,</strong></span> <span class='ocrx_word' id='word_1_232' title='bbox 1312 1781 1435 1835; x_wconf 91' lang='lat' dir='ltr'><strong>ideo</strong></span> <span class='ocrx_word' id='word_1_233' title='bbox 1488 1778 1939 1847; x_wconf 76' lang='lat' dir='ltr'><strong>excogitaverunt</strong></span> 
     </span>
    </p>
   </div>
   <div class='ocr_carea' id='block_1_33' title="bbox 2059 1778 3630 1862">
    <p class='ocr_par' dir='ltr' id='par_1_33' title="bbox 2059 1789 3630 1862">
     <span class='ocr_line' id='line_1_33' title="bbox 2059 1789 3630 1862; baseline 0.001 -21"><span class='ocrx_word' id='word_1_234' title='bbox 2059 1791 2354 1861; x_wconf 74' lang='grc' dir='ltr'>ιπινοῆσαι.</span> <span class='ocrx_word' id='word_1_235' title='bbox 2386 1790 2608 1860; x_wconf 83' lang='grc' dir='ltr'>Ἐπειδὴ</span> <span class='ocrx_word' id='word_1_236' title='bbox 2642 1793 2704 1845; x_wconf 83' lang='grc' dir='ltr'>ὲκ</span> <span class='ocrx_word' id='word_1_237' title='bbox 2734 1791 2828 1844; x_wconf 76' lang='grc' dir='ltr'><strong>τοῦ</strong></span> <span class='ocrx_word' id='word_1_238' title='bbox 2857 1792 3093 1862; x_wconf 76' lang='grc' dir='ltr'>πονηροῦ</span> <span class='ocrx_word' id='word_1_239' title='bbox 3124 1791 3378 1861; x_wconf 82' lang='grc' dir='ltr'>δαίμονος</span> <span class='ocrx_word' id='word_1_240' title='bbox 3404 1789 3630 1843; x_wconf 76' lang='grc' dir='ltr'>διαστά-</span> 
     </span>
    </p>
   </div>
   <div class='ocr_carea' id='block_1_34' title="bbox 363 1869 1936 1955">
    <p class='ocr_par' dir='ltr' id='par_1_34' title="bbox 363 1869 1936 1955">
     <span class='ocr_line' id='line_1_34' title="bbox 363 1869 1936 1955; baseline -0.011 -17"><span class='ocrx_word' id='word_1_241' title='bbox 363 1885 598 1955; x_wconf 84' lang='lat' dir='ltr'><strong>speciem</strong></span> <span class='ocrx_word' id='word_1_242' title='bbox 638 1889 850 1935; x_wconf 86' lang='lat' dir='ltr'><strong>tantnm</strong></span> <span class='ocrx_word' id='word_1_243' title='bbox 889 1877 1184 1948; x_wconf 84' lang='lat' dir='ltr'><strong>quamdam</strong></span> <span class='ocrx_word' id='word_1_244' title='bbox 1218 1873 1342 1928; x_wconf 80' lang='lat' dir='ltr'><strong>belli</strong></span> <span class='ocrx_word' id='word_1_245' title='bbox 1371 1869 1936 1931; x_wconf 74' lang='lat' dir='ltr'><strong>excitare,,volentes</strong></span> 
     </span>
    </p>
   </div>
   <div class='ocr_carea' id='block_1_35' title="bbox 362 1959 1941 2044">
    <p class='ocr_par' dir='ltr' id='par_1_35' title="bbox 362 1959 1941 2044">
     <span class='ocr_line' id='line_1_35' title="bbox 362 1959 1941 2044; baseline -0.014 -12"><span class='ocrx_word' id='word_1_246' title='bbox 362 1993 479 2044; x_wconf 89' lang='lat' dir='ltr'><strong>vos,</strong></span> <span class='ocrx_word' id='word_1_247' title='bbox 515 1987 573 2030; x_wconf 89' lang='lat' dir='ltr'><strong>ut</strong></span> <span class='ocrx_word' id='word_1_248' title='bbox 603 1975 777 2039; x_wconf 87' lang='lat' dir='ltr'><strong>aiunt,</strong></span> <span class='ocrx_word' id='word_1_249' title='bbox 811 1971 1105 2027; x_wconf 89' lang='lat' dir='ltr'><strong>conciliare</strong></span> <span class='ocrx_word' id='word_1_250' title='bbox 1127 1977 1179 2021; x_wconf 91' lang='lat' dir='ltr'><strong>et</strong></span> <span class='ocrx_word' id='word_1_251' title='bbox 1207 1968 1259 2020; x_wconf 91' lang='lat' dir='ltr'><strong>in</strong></span> <span class='ocrx_word' id='word_1_252' title='bbox 1300 1965 1460 2019; x_wconf 85' lang='lat' dir='ltr'><strong>ulnas</strong></span> <span class='ocrx_word' id='word_1_253' title='bbox 1512 1962 1789 2032; x_wconf 80' lang='lat' dir='ltr'><strong>excipere,</strong></span> <span class='ocrx_word' id='word_1_254' title='bbox 1840 1959 1941 2012; x_wconf 89' lang='lat' dir='ltr'><strong>tui-</strong></span> 
     </span>
    </p>
   </div>
   <div class='ocr_carea' id='block_1_36' title="bbox 369 2052 1944 2132">
    <p class='ocr_par' dir='ltr' id='par_1_36' title="bbox 369 2052 1944 2132">
     <span class='ocr_line' id='line_1_36' title="bbox 369 2052 1944 2132; baseline -0.011 -9"><span class='ocrx_word' id='word_1_255' title='bbox 369 2069 516 2123; x_wconf 90' lang='lat' dir='ltr'><strong>nime</strong></span> <span class='ocrx_word' id='word_1_256' title='bbox 545 2082 675 2122; x_wconf 88' lang='lat' dir='ltr'><strong>vero</strong></span> <span class='ocrx_word' id='word_1_257' title='bbox 721 2065 920 2118; x_wconf 88' lang='lat' dir='ltr'><strong>bellum</strong></span> <span class='ocrx_word' id='word_1_258' title='bbox 977 2077 1163 2132; x_wconf 85' lang='lat' dir='ltr'><strong>gerere</strong></span> <span class='ocrx_word' id='word_1_259' title='bbox 1195 2075 1408 2122; x_wconf 88' lang='lat' dir='ltr'><strong>verum,</strong></span> <span class='ocrx_word' id='word_1_260' title='bbox 1453 2071 1629 2126; x_wconf 89' lang='lat' dir='ltr'><strong>neque</strong></span> <span class='ocrx_word' id='word_1_261' title='bbox 1669 2053 1734 2108; x_wconf 87' lang='lat' dir='ltr'><strong>ad</strong></span> <span class='ocrx_word' id='word_1_262' title='bbox 1769 2052 1944 2108; x_wconf 70' lang='lat' dir='ltr'><strong>caedes</strong></span> 
     </span>
    </p>
   </div>
   <div class='ocr_carea' id='block_1_37' title="bbox 365 2145 1942 2229">
    <p class='ocr_par' dir='ltr' id='par_1_37' title="bbox 365 2145 1942 2229">
     <span class='ocr_line' id='line_1_37' title="bbox 365 2145 1942 2229; baseline -0.012 -14"><span class='ocrx_word' id='word_1_263' title='bbox 365 2170 420 2215; x_wconf 88' lang='lat' dir='ltr'><strong>et</strong></span> <span class='ocrx_word' id='word_1_264' title='bbox 477 2159 798 2229; x_wconf 83' lang='lat' dir='ltr'><strong>sanguinem</strong></span> <span class='ocrx_word' id='word_1_265' title='bbox 856 2154 1149 2219; x_wconf 75' lang='lat' dir='ltr'><strong>devenire,</strong></span> <span class='ocrx_word' id='word_1_266' title='bbox 1209 2151 1284 2206; x_wconf 90' lang='lat' dir='ltr'><strong>uti</strong></span> <span class='ocrx_word' id='word_1_267' title='bbox 1345 2147 1662 2203; x_wconf 76' lang='lat' dir='ltr'><strong>aliirmant:</strong></span> <span class='ocrx_word' id='word_1_268' title='bbox 1705 2145 1799 2200; x_wconf 84' lang='lat' dir='ltr'><strong>sed</strong></span> <span class='ocrx_word' id='word_1_269' title='bbox 1835 2161 1942 2198; x_wconf 89' lang='lat' dir='ltr'><strong>non</strong></span> 
     </span>
    </p>
   </div>
   <div class='ocr_carea' id='block_1_38' title="bbox 365 2239 1946 2308">
    <p class='ocr_par' dir='ltr' id='par_1_38' title="bbox 365 2239 1946 2308">
     <span class='ocr_line' id='line_1_38' title="bbox 365 2239 1946 2308; baseline -0.01 -2"><span class='ocrx_word' id='word_1_270' title='bbox 365 2259 655 2306; x_wconf 87' lang='lat' dir='ltr'><strong>senserunt</strong></span> <span class='ocrx_word' id='word_1_271' title='bbox 689 2264 747 2303; x_wconf 88' lang='lat' dir='ltr'><strong>se</strong></span> <span class='ocrx_word' id='word_1_272' title='bbox 794 2247 1141 2302; x_wconf 85' lang='lat' dir='ltr'><strong>occasionem</strong></span> <span class='ocrx_word' id='word_1_273' title='bbox 1176 2241 1388 2297; x_wconf 86' lang='lat' dir='ltr'><strong>nefario</strong></span> <span class='ocrx_word' id='word_1_274' title='bbox 1435 2239 1670 2295; x_wconf 70' lang='lat' dir='ltr'><strong>daemoni</strong></span> <span class='ocrx_word' id='word_1_275' title='bbox 1703 2239 1946 2308; x_wconf 70' lang='lat' dir='ltr'><strong>pnebere</strong></span> 
     </span>
    </p>
   </div>
   <div class='ocr_carea' id='block_1_39' title="bbox 368 2329 1947 2405">
    <p class='ocr_par' dir='ltr' id='par_1_39' title="bbox 368 2329 1947 2405">
     <span class='ocr_line' id='line_1_39' title="bbox 368 2329 1947 2405; baseline -0.011 -6"><span class='ocrx_word' id='word_1_276' title='bbox 368 2353 447 2399; x_wconf 87' lang='lat' dir='ltr'><strong>tot</strong></span> <span class='ocrx_word' id='word_1_277' title='bbox 478 2343 642 2405; x_wconf 85' lang='lat' dir='ltr'><strong>mala,</strong></span> <span class='ocrx_word' id='word_1_278' title='bbox 667 2349 745 2395; x_wconf 89' lang='lat' dir='ltr'><strong>tot</strong></span> <span class='ocrx_word' id='word_1_279' title='bbox 792 2340 1020 2393; x_wconf 87' lang='lat' dir='ltr'><strong>acerbos</strong></span> <span class='ocrx_word' id='word_1_280' title='bbox 1055 2337 1276 2390; x_wconf 84' lang='lat' dir='ltr'><strong>dolores</strong></span> <span class='ocrx_word' id='word_1_281' title='bbox 1322 2333 1580 2387; x_wconf 88' lang='lat' dir='ltr'><strong>omnibus</strong></span> <span class='ocrx_word' id='word_1_282' title='bbox 1610 2329 1947 2386; x_wconf 86' lang='lat' dir='ltr'><strong>Christianis</strong></span> 
     </span>
    </p>
   </div>
   <div class='ocr_carea' id='block_1_40' title="bbox 369 2421 1948 2498">
    <p class='ocr_par' dir='ltr' id='par_1_40' title="bbox 369 2421 1948 2498">
     <span class='ocr_line' id='line_1_40' title="bbox 369 2421 1948 2498; baseline -0.011 -8"><span class='ocrx_word' id='word_1_283' title='bbox 369 2435 673 2498; x_wconf 83' lang='lat' dir='ltr'><strong>inferendi;</strong></span> <span class='ocrx_word' id='word_1_284' title='bbox 713 2448 838 2486; x_wconf 87' lang='lat' dir='ltr'><strong>cum</strong></span> <span class='ocrx_word' id='word_1_285' title='bbox 878 2430 968 2483; x_wconf 91' lang='lat' dir='ltr'><strong>ille</strong></span> <span class='ocrx_word' id='word_1_286' title='bbox 1023 2429 1264 2496; x_wconf 70' lang='lat' dir='ltr'><strong>smpius,</strong></span> <span class='ocrx_word' id='word_1_287' title='bbox 1311 2426 1461 2480; x_wconf 84' lang='lat' dir='ltr'><strong>nulla</strong></span> <span class='ocrx_word' id='word_1_288' title='bbox 1519 2424 1588 2477; x_wconf 93' lang='lat' dir='ltr'><strong>ab</strong></span> <span class='ocrx_word' id='word_1_289' title='bbox 1628 2421 1948 2475; x_wconf 85' lang='lat' dir='ltr'><strong>hominibus</strong></span> 
     </span>
    </p>
   </div>
   <div class='ocr_carea' id='block_1_41' title="bbox 368 2513 1949 2588">
    <p class='ocr_par' dir='ltr' id='par_1_41' title="bbox 368 2513 1949 2588">
     <span class='ocr_line' id='line_1_41' title="bbox 368 2513 1949 2588; baseline -0.011 -5"><span class='ocrx_word' id='word_1_290' title='bbox 368 2530 495 2583; x_wconf 90' lang='lat' dir='ltr'><strong>data</strong></span> <span class='ocrx_word' id='word_1_291' title='bbox 545 2526 858 2584; x_wconf 83' lang='lat' dir='ltr'><strong>occasione,</strong></span> <span class='ocrx_word' id='word_1_292' title='bbox 895 2537 960 2575; x_wconf 80' lang='lat' dir='ltr'><strong>ex</strong></span> <span class='ocrx_word' id='word_1_293' title='bbox 1009 2520 1191 2588; x_wconf 85' lang='lat' dir='ltr'><strong>seipso</strong></span> <span class='ocrx_word' id='word_1_294' title='bbox 1233 2518 1418 2570; x_wconf 85' lang='lat' dir='ltr'><strong>omnia</strong></span> <span class='ocrx_word' id='word_1_295' title='bbox 1457 2517 1602 2569; x_wconf 89' lang='lat' dir='ltr'><strong>tnala</strong></span> <span class='ocrx_word' id='word_1_296' title='bbox 1636 2513 1808 2575; x_wconf 89' lang='lat' dir='ltr'><strong>elicit,</strong></span> <span class='ocrx_word' id='word_1_297' title='bbox 1845 2527 1949 2566; x_wconf 66' lang='lat' dir='ltr'><strong>sre-</strong></span> 
     </span>
    </p>
   </div>
   <div class='ocr_carea' id='block_1_42' title="bbox 376 2605 1952 2689">
    <p class='ocr_par' dir='ltr' id='par_1_42' title="bbox 376 2605 1952 2689">
     <span class='ocr_line' id='line_1_42' title="bbox 376 2605 1952 2689; baseline -0.01 -17"><span class='ocrx_word' id='word_1_298' title='bbox 376 2621 498 2689; x_wconf 85' lang='lat' dir='ltr'><strong>pius</strong></span> <span class='ocrx_word' id='word_1_299' title='bbox 530 2629 770 2687; x_wconf 85' lang='lat' dir='ltr'><strong>quoque,</strong></span> <span class='ocrx_word' id='word_1_300' title='bbox 818 2613 900 2666; x_wconf 84' lang='lat' dir='ltr'><strong>vel</strong></span> <span class='ocrx_word' id='word_1_301' title='bbox 950 2612 1172 2664; x_wconf 90' lang='lat' dir='ltr'><strong>minima</strong></span> <span class='ocrx_word' id='word_1_302' title='bbox 1208 2617 1429 2676; x_wconf 85' lang='lat' dir='ltr'><strong>accepta</strong></span> <span class='ocrx_word' id='word_1_303' title='bbox 1475 2605 1788 2671; x_wconf 88' lang='lat' dir='ltr'><strong>occasione,</strong></span> <span class='ocrx_word' id='word_1_304' title='bbox 1835 2619 1952 2657; x_wconf 79' lang='lat' dir='ltr'><strong>ma-</strong></span> 
     </span>
    </p>
   </div>
   <div class='ocr_carea' id='block_1_43' title="bbox 373 2700 1951 2777">
    <p class='ocr_par' dir='ltr' id='par_1_43' title="bbox 373 2700 1951 2777">
     <span class='ocr_line' id='line_1_43' title="bbox 373 2700 1951 2777; baseline -0.009 -11"><span class='ocrx_word' id='word_1_305' title='bbox 373 2712 517 2766; x_wconf 77' lang='lat' dir='ltr'><strong>xima</strong></span> <span class='ocrx_word' id='word_1_306' title='bbox 550 2708 771 2777; x_wconf 88' lang='lat' dir='ltr'><strong>propria</strong></span> <span class='ocrx_word' id='word_1_307' title='bbox 811 2704 1019 2760; x_wconf 89' lang='lat' dir='ltr'><strong>malitia</strong></span> <span class='ocrx_word' id='word_1_308' title='bbox 1069 2705 1209 2756; x_wconf 86' lang='lat' dir='ltr'><strong>mala</strong></span> <span class='ocrx_word' id='word_1_309' title='bbox 1263 2700 1416 2764; x_wconf 83' lang='lat' dir='ltr'><strong>facit,</strong></span> <span class='ocrx_word' id='word_1_310' title='bbox 1446 2715 1507 2753; x_wconf 75' lang='lat' dir='ltr'><strong>ex</strong></span> <span class='ocrx_word' id='word_1_311' title='bbox 1545 2713 1652 2768; x_wconf 93' lang='lat' dir='ltr'><strong>quo</strong></span> <span class='ocrx_word' id='word_1_312' title='bbox 1695 2711 1951 2767; x_wconf 87' lang='lat' dir='ltr'><strong>magnum</strong></span> 
     </span>
    </p>
   </div>
   <div class='ocr_carea' id='block_1_44' title="bbox 373 2790 1952 2867">
    <p class='ocr_par' dir='ltr' id='par_1_44' title="bbox 373 2790 1952 2867">
     <span class='ocr_line' id='line_1_44' title="bbox 373 2790 1952 2867; baseline -0.009 -10"><span class='ocrx_word' id='word_1_313' title='bbox 373 2805 518 2859; x_wconf 85' lang='lat' dir='ltr'><strong>istud</strong></span> <span class='ocrx_word' id='word_1_314' title='bbox 550 2802 756 2855; x_wconf 89' lang='lat' dir='ltr'><strong>malum</strong></span> <span class='ocrx_word' id='word_1_315' title='bbox 792 2814 903 2867; x_wconf 93' lang='lat' dir='ltr'><strong>quo</strong></span> <span class='ocrx_word' id='word_1_316' title='bbox 933 2797 1113 2866; x_wconf 75' lang='lat' dir='ltr'><strong>majus</strong></span> <span class='ocrx_word' id='word_1_317' title='bbox 1139 2811 1246 2848; x_wconf 90' lang='lat' dir='ltr'><strong>non</strong></span> <span class='ocrx_word' id='word_1_318' title='bbox 1276 2803 1383 2856; x_wconf 88' lang='lat' dir='ltr'><strong>est,</strong></span> <span class='ocrx_word' id='word_1_319' title='bbox 1427 2794 1568 2846; x_wconf 87' lang='lat' dir='ltr'><strong>inter</strong></span> <span class='ocrx_word' id='word_1_320' title='bbox 1602 2790 1864 2860; x_wconf 83' lang='lat' dir='ltr'><strong>Bulgaros</strong></span> <span class='ocrx_word' id='word_1_321' title='bbox 1896 2798 1952 2844; x_wconf 90' lang='lat' dir='ltr'><strong>et</strong></span> 
     </span>
    </p>
   </div>
   <div class='ocr_carea' id='block_1_45' title="bbox 375 2882 1954 2960">
    <p class='ocr_par' dir='ltr' id='par_1_45' title="bbox 375 2882 1954 2960">
     <span class='ocr_line' id='line_1_45' title="bbox 375 2882 1954 2960; baseline -0.007 -12"><span class='ocrx_word' id='word_1_322' title='bbox 375 2896 670 2956; x_wconf 80' lang='lat' dir='ltr'><strong>ltomanos,</strong></span> <span class='ocrx_word' id='word_1_323' title='bbox 729 2890 866 2960; x_wconf 77' lang='lat' dir='ltr'><strong>proh</strong></span> <span class='ocrx_word' id='word_1_324' title='bbox 903 2904 1020 2960; x_wconf 72' lang='lat' dir='ltr'><strong>mea</strong></span> <span class='ocrx_word' id='word_1_325' title='bbox 1065 2885 1320 2954; x_wconf 76' lang='lat' dir='ltr'><strong>peccata!</strong></span> <span class='ocrx_word' id='word_1_326' title='bbox 1382 2891 1569 2936; x_wconf 89' lang='lat' dir='ltr'><strong>natum</strong></span> <span class='ocrx_word' id='word_1_327' title='bbox 1633 2891 1740 2949; x_wconf 86' lang='lat' dir='ltr'><strong>est,</strong></span> <span class='ocrx_word' id='word_1_328' title='bbox 1791 2882 1954 2952; x_wconf 83' lang='lat' dir='ltr'><strong>cujus</strong></span> 
     </span>
    </p>
   </div>
   <div class='ocr_carea' id='block_1_46' title="bbox 374 2977 1159 3056">
    <p class='ocr_par' dir='ltr' id='par_1_46' title="bbox 374 2977 1159 3056">
     <span class='ocr_line' id='line_1_46' title="bbox 374 2977 1159 3056; baseline -0.011 -19"><span class='ocrx_word' id='word_1_329' title='bbox 374 2983 692 3056; x_wconf 81' lang='lat' dir='ltr'><strong>perliciendi</strong></span> <span class='ocrx_word' id='word_1_330' title='bbox 726 2983 906 3034; x_wconf 88' lang='lat' dir='ltr'><strong>locum</strong></span> <span class='ocrx_word' id='word_1_331' title='bbox 932 2977 1159 3031; x_wconf 83' lang='lat' dir='ltr'><strong>invenit.</strong></span> 
     </span>
    </p>
   </div>
   <div class='ocr_carea' id='block_1_47' title="bbox 2048 1882 3632 1953">
    <p class='ocr_par' dir='ltr' id='par_1_47' title="bbox 2048 1882 3632 1953">
     <span class='ocr_line' id='line_1_47' title="bbox 2048 1882 3632 1953; baseline 0 -19"><span class='ocrx_word' id='word_1_332' title='bbox 2048 1898 2184 1946; x_wconf 88' lang='grc' dir='ltr'>σεως</span> <span class='ocrx_word' id='word_1_333' title='bbox 2241 1882 2621 1952; x_wconf 81' lang='grc' dir='ltr'>γεγενημένης</span> <span class='ocrx_word' id='word_1_334' title='bbox 2672 1882 2999 1952; x_wconf 88' lang='grc' dir='ltr'>Βουλγάρων</span> <span class='ocrx_word' id='word_1_335' title='bbox 3051 1884 3146 1937; x_wconf 73' lang='grc' dir='ltr'>καὶ</span> <span class='ocrx_word' id='word_1_336' title='bbox 3193 1883 3480 1953; x_wconf 81' lang='grc' dir='ltr'>Ῥωμαίων</span> <span class='ocrx_word' id='word_1_337' title='bbox 3530 1882 3632 1934; x_wconf 75' lang='grc' dir='ltr'>οὐκ</span> 
     </span>
    </p>
   </div>
   <div class='ocr_carea' id='block_1_48' title="bbox 2045 1971 3629 2043">
    <p class='ocr_par' dir='ltr' id='par_1_48' title="bbox 2045 1971 3629 2043">
     <span class='ocr_line' id='line_1_48' title="bbox 2045 1971 3629 2043; baseline 0.001 -20"><span class='ocrx_word' id='word_1_338' title='bbox 2045 1972 2305 2040; x_wconf 77' lang='grc' dir='ltr'>ήδύναντο</span> <span class='ocrx_word' id='word_1_339' title='bbox 2345 1971 2508 2024; x_wconf 85' lang='grc' dir='ltr'>πάλιν</span> <span class='ocrx_word' id='word_1_340' title='bbox 2531 1971 2580 2023; x_wconf 83' lang='grc' dir='ltr'><strong>δι</strong></span> <span class='ocrx_word' id='word_1_341' title='bbox 2625 1973 2834 2026; x_wconf 82' lang='grc' dir='ltr'>ἑαυτῶν</span> <span class='ocrx_word' id='word_1_342' title='bbox 2881 1971 3110 2026; x_wconf 78' lang='grc' dir='ltr'>ἑλκύσαι</span> <span class='ocrx_word' id='word_1_343' title='bbox 3158 1974 3292 2043; x_wconf 75' lang='grc' dir='ltr'>πρὸς</span> <span class='ocrx_word' id='word_1_344' title='bbox 3322 1972 3547 2036; x_wconf 79' lang='grc' dir='ltr'>ἑαυτοὺς</span> <span class='ocrx_word' id='word_1_345' title='bbox 3581 1975 3629 2024; x_wconf 79' lang='grc' dir='ltr'><strong>οἰ</strong></span> 
     </span>
    </p>
   </div>
   <div class='ocr_carea' id='block_1_49' title="bbox 2049 2063 3634 2135">
    <p class='ocr_par' dir='ltr' id='par_1_49' title="bbox 2049 2063 3634 2135">
     <span class='ocr_line' id='line_1_49' title="bbox 2049 2063 3634 2135; baseline 0.001 -21"><span class='ocrx_word' id='word_1_346' title='bbox 2049 2063 2339 2130; x_wconf 74' lang='grc' dir='ltr'>γεγονότες</span> <span class='ocrx_word' id='word_1_347' title='bbox 2365 2064 2624 2133; x_wconf 76' lang='grc' dir='ltr'>πατέρες,</span> <span class='ocrx_word' id='word_1_348' title='bbox 2659 2065 2778 2118; x_wconf 85' lang='grc' dir='ltr'>ἀλλ’</span> <span class='ocrx_word' id='word_1_349' title='bbox 2809 2065 2859 2118; x_wconf 88' lang='grc' dir='ltr'><strong>οἰ</strong></span> <span class='ocrx_word' id='word_1_350' title='bbox 2908 2065 3016 2135; x_wconf 78' lang='grc' dir='ltr'>μὲν</span> <span class='ocrx_word' id='word_1_351' title='bbox 3045 2065 3218 2126; x_wconf 74' lang='grc' dir='ltr'>οὔτως</span> <span class='ocrx_word' id='word_1_352' title='bbox 3279 2065 3634 2135; x_wconf 74' lang='grc' dir='ltr'>διενοήθησαν</span> 
     </span>
    </p>
   </div>
   <div class='ocr_carea' id='block_1_50' title="bbox 2051 2154 3630 2227">
    <p class='ocr_par' dir='ltr' id='par_1_50' title="bbox 2051 2154 3630 2227">
     <span class='ocr_line' id='line_1_50' title="bbox 2051 2154 3630 2227; baseline 0 -21"><span class='ocrx_word' id='word_1_353' title='bbox 2051 2155 2238 2225; x_wconf 79' lang='grc' dir='ltr'>σχῆμα</span> <span class='ocrx_word' id='word_1_354' title='bbox 2307 2154 2546 2225; x_wconf 78' lang='grc' dir='ltr'>πολέμου</span> <span class='ocrx_word' id='word_1_355' title='bbox 2604 2157 2733 2224; x_wconf 85' lang='grc' dir='ltr'>ὑμῖν</span> <span class='ocrx_word' id='word_1_356' title='bbox 2767 2156 2926 2227; x_wconf 87' lang='grc' dir='ltr'>μόνον</span> <span class='ocrx_word' id='word_1_357' title='bbox 2954 2158 3246 2220; x_wconf 76' lang='grc' dir='ltr'>ἐπισεῖσαι,</span> <span class='ocrx_word' id='word_1_358' title='bbox 3289 2154 3630 2226; x_wconf 82' lang='grc' dir='ltr'>βουλόμενοι,</span> 
     </span>
    </p>
   </div>
   <div class='ocr_carea' id='block_1_51' title="bbox 2051 2246 3634 2319">
    <p class='ocr_par' dir='ltr' id='par_1_51' title="bbox 2051 2246 3634 2319">
     <span class='ocr_line' id='line_1_51' title="bbox 2051 2246 3634 2319; baseline 0 -21"><span class='ocrx_word' id='word_1_359' title='bbox 2051 2246 2125 2310; x_wconf 82' lang='grc' dir='ltr'><strong>ὡς</strong></span> <span class='ocrx_word' id='word_1_360' title='bbox 2160 2249 2346 2315; x_wconf 67' lang='grc' dir='ltr'>φασιν,</span> <span class='ocrx_word' id='word_1_361' title='bbox 2381 2246 2569 2300; x_wconf 74' lang='grc' dir='ltr'>ἕνεκεν</span> <span class='ocrx_word' id='word_1_362' title='bbox 2603 2247 2697 2300; x_wconf 83' lang='grc' dir='ltr'><strong>τοῦ</strong></span> <span class='ocrx_word' id='word_1_363' title='bbox 2732 2247 3134 2319; x_wconf 71' lang='grc' dir='ltr'>προσλαϐέσθαι</span> <span class='ocrx_word' id='word_1_364' title='bbox 3176 2248 3271 2300; x_wconf 80' lang='grc' dir='ltr'>καὶ</span> <span class='ocrx_word' id='word_1_365' title='bbox 3339 2248 3634 2315; x_wconf 71' lang='grc' dir='ltr'>ἐναγκαλί-</span> 
     </span>
    </p>
   </div>
   <div class='ocr_carea' id='block_1_52' title="bbox 1983 2340 3638 2412">
    <p class='ocr_par' dir='ltr' id='par_1_52' title="bbox 1983 2340 3638 2412">
     <span class='ocr_line' id='line_1_52' title="bbox 1983 2340 3638 2412; baseline 0 -20"><span class='ocrx_word' id='word_1_366' title='bbox 1983 2396 1985 2398; x_wconf 96' lang='lat'><em>_</em></span> <span class='ocrx_word' id='word_1_367' title='bbox 2059 2340 2278 2405; x_wconf 79' lang='grc' dir='ltr'>σασθαι,</span> <span class='ocrx_word' id='word_1_368' title='bbox 2328 2340 2443 2393; x_wconf 80' lang='grc' dir='ltr'>ἀλλ’</span> <span class='ocrx_word' id='word_1_369' title='bbox 2483 2341 2604 2410; x_wconf 72' lang='grc' dir='ltr'>οὐχὶ</span> <span class='ocrx_word' id='word_1_370' title='bbox 2636 2341 2873 2411; x_wconf 87' lang='grc' dir='ltr'>πόλεμον</span> <span class='ocrx_word' id='word_1_371' title='bbox 2921 2344 3246 2412; x_wconf 75' lang='grc' dir='ltr'>περιστῆσαι</span> <span class='ocrx_word' id='word_1_372' title='bbox 3275 2341 3471 2411; x_wconf 81' lang='grc' dir='ltr'><strong>ἀληθῆ,</strong></span> <span class='ocrx_word' id='word_1_373' title='bbox 3515 2340 3638 2392; x_wconf 81' lang='grc' dir='ltr'>οὐδὲ</span> 
     </span>
    </p>
   </div>
   <div class='ocr_carea' id='block_1_53' title="bbox 2063 2430 3638 2504">
    <p class='ocr_par' dir='ltr' id='par_1_53' title="bbox 2063 2430 3638 2504">
     <span class='ocr_line' id='line_1_53' title="bbox 2063 2430 3638 2504; baseline 0 -22"><span class='ocrx_word' id='word_1_374' title='bbox 2063 2430 2224 2501; x_wconf 72' lang='grc' dir='ltr'>μέχρι</span> <span class='ocrx_word' id='word_1_375' title='bbox 2270 2431 2494 2500; x_wconf 81' lang='grc' dir='ltr'>σφαγῶν</span> <span class='ocrx_word' id='word_1_376' title='bbox 2537 2432 2630 2485; x_wconf 77' lang='grc' dir='ltr'>καὶ</span> <span class='ocrx_word' id='word_1_377' title='bbox 2658 2433 2908 2502; x_wconf 82' lang='grc' dir='ltr'>αἱμάτων</span> <span class='ocrx_word' id='word_1_378' title='bbox 2938 2433 3208 2504; x_wconf 78' lang='grc' dir='ltr'>χωρῆσαι,</span> <span class='ocrx_word' id='word_1_379' title='bbox 3243 2431 3316 2495; x_wconf 82' lang='grc' dir='ltr'>ὡς</span> <span class='ocrx_word' id='word_1_380' title='bbox 3342 2431 3638 2486; x_wconf 82' lang='grc' dir='ltr'>διατείνον-</span> 
     </span>
    </p>
   </div>
   <div class='ocr_carea' id='block_1_54' title="bbox 2055 2522 3640 2596">
    <p class='ocr_par' dir='ltr' id='par_1_54' title="bbox 2055 2522 3640 2596">
     <span class='ocr_line' id='line_1_54' title="bbox 2055 2522 3640 2596; baseline 0.001 -22"><span class='ocrx_word' id='word_1_381' title='bbox 2055 2535 2165 2575; x_wconf 84' lang='grc' dir='ltr'>ται⁶</span> <span class='ocrx_word' id='word_1_382' title='bbox 2196 2522 2386 2576; x_wconf 76' lang='grc' dir='ltr'>ἔλαθον</span> <span class='ocrx_word' id='word_1_383' title='bbox 2416 2524 2470 2576; x_wconf 84' lang='grc' dir='ltr'>δὲ</span> <span class='ocrx_word' id='word_1_384' title='bbox 2500 2525 2607 2595; x_wconf 82' lang='grc' dir='ltr'>ἄρα</span> <span class='ocrx_word' id='word_1_385' title='bbox 2637 2524 2714 2596; x_wconf 79' lang='grc' dir='ltr'>τῷ</span> <span class='ocrx_word' id='word_1_386' title='bbox 2747 2525 2967 2596; x_wconf 84' lang='grc' dir='ltr'>πονηρῷ</span> <span class='ocrx_word' id='word_1_387' title='bbox 2989 2525 3202 2594; x_wconf 78' lang='grc' dir='ltr'>δαίμονι</span> <span class='ocrx_word' id='word_1_388' title='bbox 3233 2525 3500 2596; x_wconf 86' lang='grc' dir='ltr'>πρόφασιν</span> <span class='ocrx_word' id='word_1_389' title='bbox 3538 2541 3640 2576; x_wconf 87' lang='grc' dir='ltr'>πα-</span> 
     </span>
    </p>
   </div>
   <div class='ocr_carea' id='block_1_55' title="bbox 2060 2617 3637 2689">
    <p class='ocr_par' dir='ltr' id='par_1_55' title="bbox 2060 2617 3637 2689">
     <span class='ocr_line' id='line_1_55' title="bbox 2060 2617 3637 2689; baseline 0.001 -20"><span class='ocrx_word' id='word_1_390' title='bbox 2060 2617 2350 2688; x_wconf 69' lang='grc' dir='ltr'>ρασχόντες</span> <span class='ocrx_word' id='word_1_391' title='bbox 2382 2619 2611 2672; x_wconf 81' lang='grc' dir='ltr'>τοιαῦτα</span> <span class='ocrx_word' id='word_1_392' title='bbox 2659 2619 2809 2689; x_wconf 85' lang='grc' dir='ltr'>πάθη</span> <span class='ocrx_word' id='word_1_393' title='bbox 2851 2621 2944 2672; x_wconf 72' lang='grc' dir='ltr'><strong>καὶ</strong></span> <span class='ocrx_word' id='word_1_394' title='bbox 2983 2617 3242 2682; x_wconf 83' lang='grc' dir='ltr'>τοιαύτας</span> <span class='ocrx_word' id='word_1_395' title='bbox 3277 2618 3480 2689; x_wconf 84' lang='grc' dir='ltr'>πικρὰς</span> <span class='ocrx_word' id='word_1_396' title='bbox 3517 2617 3637 2670; x_wconf 77' lang='grc' dir='ltr'>ὀδύο</span> 
     </span>
    </p>
   </div>
   <div class='ocr_carea' id='block_1_56' title="bbox 2060 2709 3641 2783">
    <p class='ocr_par' dir='ltr' id='par_1_56' title="bbox 2060 2709 3641 2783">
     <span class='ocr_line' id='line_1_56' title="bbox 2060 2709 3641 2783; baseline 0 -21"><span class='ocrx_word' id='word_1_397' title='bbox 2060 2725 2156 2773; x_wconf 88' lang='grc' dir='ltr'><strong>νας</strong></span> <span class='ocrx_word' id='word_1_398' title='bbox 2203 2711 2337 2763; x_wconf 76' lang='grc' dir='ltr'>πᾶσι</span> <span class='ocrx_word' id='word_1_399' title='bbox 2388 2713 2723 2782; x_wconf 84' lang='grc' dir='ltr'>χριστιανοῖς</span> <span class='ocrx_word' id='word_1_400' title='bbox 2774 2711 3215 2783; x_wconf 76' lang='grc' dir='ltr'>ἀπεργάσασθαι·</span> <span class='ocrx_word' id='word_1_401' title='bbox 3269 2709 3328 2773; x_wconf 80' lang='grc' dir='ltr'>ὃς</span> <span class='ocrx_word' id='word_1_402' title='bbox 3381 2709 3641 2772; x_wconf 80' lang='grc' dir='ltr'>πολλάκις</span> 
     </span>
    </p>
   </div>
   <div class='ocr_carea' id='block_1_57' title="bbox 2069 2801 3642 2875">
    <p class='ocr_par' dir='ltr' id='par_1_57' title="bbox 2069 2801 3642 2875">
     <span class='ocr_line' id='line_1_57' title="bbox 2069 2801 3642 2875; baseline 0.001 -23"><span class='ocrx_word' id='word_1_403' title='bbox 2069 2801 2193 2871; x_wconf 75' lang='grc' dir='ltr'>μὲν,</span> <span class='ocrx_word' id='word_1_404' title='bbox 2226 2803 2320 2854; x_wconf 73' lang='grc' dir='ltr'>καὶ</span> <span class='ocrx_word' id='word_1_405' title='bbox 2354 2803 2626 2872; x_wconf 79' lang='grc' dir='ltr'>μηδεμιᾶς</span> <span class='ocrx_word' id='word_1_406' title='bbox 2659 2804 2984 2875; x_wconf 75' lang='grc' dir='ltr'>προφάσεως</span> <span class='ocrx_word' id='word_1_407' title='bbox 3029 2803 3088 2868; x_wconf 76' lang='grc' dir='ltr'><strong>ἐξ</strong></span> <span class='ocrx_word' id='word_1_408' title='bbox 3118 2802 3420 2873; x_wconf 79' lang='grc' dir='ltr'>ἀνθρώπων</span> <span class='ocrx_word' id='word_1_409' title='bbox 3453 2801 3642 2872; x_wconf 77' lang='grc' dir='ltr'>οὔσης,</span> 
     </span>
    </p>
   </div>
   <div class='ocr_carea' id='block_1_58' title="bbox 2059 2893 3647 2965">
    <p class='ocr_par' dir='ltr' id='par_1_58' title="bbox 2059 2893 3647 2965">
     <span class='ocr_line' id='line_1_58' title="bbox 2059 2893 3647 2965; baseline 0.001 -20"><span class='ocrx_word' id='word_1_410' title='bbox 2059 2893 2221 2956; x_wconf 76' lang='grc' dir='ltr'>αὐτὸς</span> <span class='ocrx_word' id='word_1_411' title='bbox 2264 2897 2592 2964; x_wconf 83' lang='grc' dir='ltr'>παγχάλεπα</span> <span class='ocrx_word' id='word_1_412' title='bbox 2637 2896 3055 2965; x_wconf 82' lang='grc' dir='ltr'>κατεργάζεται·</span> <span class='ocrx_word' id='word_1_413' title='bbox 3086 2895 3350 2959; x_wconf 83' lang='grc' dir='ltr'>πολλάκις</span> <span class='ocrx_word' id='word_1_414' title='bbox 3409 2895 3490 2962; x_wconf 72' lang='grc' dir='ltr'>δὲ,</span> <span class='ocrx_word' id='word_1_415' title='bbox 3549 2894 3647 2946; x_wconf 78' lang='grc' dir='ltr'>καὶ</span> 
     </span>
    </p>
   </div>
   <div class='ocr_carea' id='block_1_59' title="bbox 2063 2983 3644 3060">
    <p class='ocr_par' dir='ltr' id='par_1_59' title="bbox 2063 2983 3644 3060">
     <span class='ocr_line' id='line_1_59' title="bbox 2063 2983 3644 3060; baseline 0.001 -24"><span class='ocrx_word' id='word_1_416' title='bbox 2063 2987 2269 3055; x_wconf 83' lang='grc' dir='ltr'>μικρᾶς</span> <span class='ocrx_word' id='word_1_417' title='bbox 2329 3004 2474 3052; x_wconf 82' lang='grc' dir='ltr'>τινος</span> <span class='ocrx_word' id='word_1_418' title='bbox 2522 2987 2858 3058; x_wconf 83' lang='grc' dir='ltr'>δραξάμενος</span> <span class='ocrx_word' id='word_1_419' title='bbox 2892 2989 3150 3058; x_wconf 81' lang='grc' dir='ltr'>ἀφορμῆς</span> <span class='ocrx_word' id='word_1_420' title='bbox 3187 2991 3253 3060; x_wconf 77' lang='grc' dir='ltr'>τῇ</span> <span class='ocrx_word' id='word_1_421' title='bbox 3288 2989 3415 3058; x_wconf 83' lang='grc' dir='ltr'>παρ’</span> <span class='ocrx_word' id='word_1_422' title='bbox 3447 2983 3644 3040; x_wconf 80' lang='grc' dir='ltr'>ἑαυτοῦ</span> 
     </span>
    </p>
   </div>
   <div class='ocr_carea' id='block_1_60' title="bbox 376 3061 3649 3154">
    <p class='ocr_par' dir='ltr' id='par_1_60' title="bbox 376 3061 3649 3154">
     <span class='ocr_line' id='line_1_60' title="bbox 376 3061 3649 3154; baseline 0.002 -25"><span class='ocrx_word' id='word_1_423' title='bbox 376 3078 611 3146; x_wconf 72' lang='grc' dir='ltr'>ἐπινοίᾳ,</span> <span class='ocrx_word' id='word_1_424' title='bbox 649 3075 880 3144; x_wconf 78' lang='grc' dir='ltr'>μέγιστα</span> <span class='ocrx_word' id='word_1_425' title='bbox 913 3068 1055 3123; x_wconf 81' lang='grc' dir='ltr'>κακά</span> <span class='ocrx_word' id='word_1_426' title='bbox 1111 3067 1340 3132; x_wconf 78' lang='grc' dir='ltr'>ὲκτελεῖ,</span> <span class='ocrx_word' id='word_1_427' title='bbox 1385 3061 1445 3121; x_wconf 72' lang='grc' dir='ltr'><strong>οὗ</strong></span> <span class='ocrx_word' id='word_1_428' title='bbox 1497 3069 1593 3121; x_wconf 71' lang='grc' dir='ltr'>καὶ</span> <span class='ocrx_word' id='word_1_429' title='bbox 1621 3067 1713 3123; x_wconf 81' lang='grc' dir='ltr'>νῦν</span> <span class='ocrx_word' id='word_1_430' title='bbox 1741 3070 1800 3124; x_wconf 76' lang='grc' dir='ltr'>τὸ</span> <span class='ocrx_word' id='word_1_431' title='bbox 1834 3071 1977 3142; x_wconf 82' lang='grc' dir='ltr'>μέγα</span> <span class='ocrx_word' id='word_1_432' title='bbox 2015 3076 2173 3130; x_wconf 83' lang='grc' dir='ltr'>τοῦτο</span> <span class='ocrx_word' id='word_1_433' title='bbox 2205 3081 2373 3134; x_wconf 76' lang='grc' dir='ltr'>κακὸν</span> <span class='ocrx_word' id='word_1_434' title='bbox 2413 3081 2506 3135; x_wconf 70' lang='grc' dir='ltr'><strong>καὶ</strong></span> <span class='ocrx_word' id='word_1_435' title='bbox 2534 3084 2634 3135; x_wconf 82' lang='grc' dir='ltr'>οὐκ</span> <span class='ocrx_word' id='word_1_436' title='bbox 2665 3082 2784 3150; x_wconf 81' lang='grc' dir='ltr'>ἔχον</span> <span class='ocrx_word' id='word_1_437' title='bbox 2814 3082 3119 3154; x_wconf 74' lang='grc' dir='ltr'>ὑπερόολήν</span> <span class='ocrx_word' id='word_1_438' title='bbox 3182 3083 3386 3151; x_wconf 78' lang='grc' dir='ltr'>μεταξὺ</span> <span class='ocrx_word' id='word_1_439' title='bbox 3414 3081 3649 3150; x_wconf 80' lang='grc' dir='ltr'>Βουλγάο</span> 
     </span>
    </p>
   </div>
   <div class='ocr_carea' id='block_1_61' title="bbox 379 3160 2853 3246">
    <p class='ocr_par' dir='ltr' id='par_1_61' title="bbox 379 3160 2853 3246">
     <span class='ocr_line' id='line_1_61' title="bbox 379 3160 2853 3246; baseline 0.002 -20"><span class='ocrx_word' id='word_1_440' title='bbox 379 3190 488 3246; x_wconf 84' lang='grc' dir='ltr'><strong>ρων</strong></span> <span class='ocrx_word' id='word_1_441' title='bbox 547 3171 639 3222; x_wconf 75' lang='grc' dir='ltr'>καὶ</span> <span class='ocrx_word' id='word_1_442' title='bbox 689 3165 999 3235; x_wconf 71' lang='grc' dir='ltr'>ἰ’ωμαίων,</span> <span class='ocrx_word' id='word_1_443' title='bbox 1044 3161 1089 3215; x_wconf 80' lang='grc' dir='ltr'><strong>ὣ</strong></span> <span class='ocrx_word' id='word_1_444' title='bbox 1131 3163 1239 3214; x_wconf 82' lang='grc' dir='ltr'><strong>τῶν</strong></span> <span class='ocrx_word' id='word_1_445' title='bbox 1293 3160 1442 3232; x_wconf 15' lang='grc' dir='ltr'>ὲιμῶν</span> <span class='ocrx_word' id='word_1_446' title='bbox 1497 3163 1946 3234; x_wconf 71' lang='grc' dir='ltr'>ἁμαρτημάτωνὲ</span> <span class='ocrx_word' id='word_1_447' title='bbox 1991 3169 2176 3240; x_wconf 80' lang='grc' dir='ltr'>χώραν</span> <span class='ocrx_word' id='word_1_448' title='bbox 2206 3165 2366 3243; x_wconf 77' lang='grc' dir='ltr'>εὗρεν</span> <span class='ocrx_word' id='word_1_449' title='bbox 2393 3176 2472 3238; x_wconf 87' lang='grc' dir='ltr'><strong>εἰς</strong></span> <span class='ocrx_word' id='word_1_450' title='bbox 2508 3174 2853 3246; x_wconf 72' lang='grc' dir='ltr'>ἐξεργασίαν.</span> 
     </span>
    </p>
   </div>
   <div class='ocr_carea' id='block_1_62' title="bbox 451 3255 1951 3341">
    <p class='ocr_par' dir='ltr' id='par_1_62' title="bbox 451 3255 1951 3328">
     <span class='ocr_line' id='line_1_62' title="bbox 451 3255 1951 3328; baseline -0.003 -13"><span class='ocrx_word' id='word_1_451' title='bbox 451 3263 577 3316; x_wconf 82' lang='lat' dir='ltr'><strong>Scio</strong></span> <span class='ocrx_word' id='word_1_452' title='bbox 610 3258 742 3328; x_wconf 86' lang='lat' dir='ltr'><strong>quid</strong></span> <span class='ocrx_word' id='word_1_453' title='bbox 793 3258 870 3311; x_wconf 86' lang='lat' dir='ltr'><strong>sis</strong></span> <span class='ocrx_word' id='word_1_454' title='bbox 907 3256 1176 3319; x_wconf 83' lang='lat' dir='ltr'><strong>dicturus,</strong></span> <span class='ocrx_word' id='word_1_455' title='bbox 1227 3265 1278 3308; x_wconf 84' lang='lat' dir='ltr'><strong>et</strong></span> <span class='ocrx_word' id='word_1_456' title='bbox 1325 3255 1449 3322; x_wconf 86' lang='lat' dir='ltr'><strong>jure</strong></span> <span class='ocrx_word' id='word_1_457' title='bbox 1494 3256 1662 3321; x_wconf 83' lang='lat' dir='ltr'><strong>dices,</strong></span> <span class='ocrx_word' id='word_1_458' title='bbox 1696 3257 1803 3310; x_wconf 88' lang='lat' dir='ltr'><strong>nisi</strong></span> <span class='ocrx_word' id='word_1_459' title='bbox 1854 3257 1951 3310; x_wconf 76' lang='lat' dir='ltr'><strong>alia</strong></span> 
     </span>
    </p>
   </div>
   <div class='ocr_carea' id='block_1_63' title="bbox 2059 3255 3647 3341">
    <p class='ocr_par' dir='ltr' id='par_1_63' title="bbox 2137 3263 3647 3339">
     <span class='ocr_line' id='line_1_63' title="bbox 2137 3263 3647 3339; baseline 0.003 -21"><span class='ocrx_word' id='word_1_460' title='bbox 2137 3263 2271 3319; x_wconf 77' lang='grc' dir='ltr'>Οἶδα</span> <span class='ocrx_word' id='word_1_461' title='bbox 2302 3268 2386 3320; x_wconf 85' lang='grc' dir='ltr'>ὅτι</span> <span class='ocrx_word' id='word_1_462' title='bbox 2431 3271 2600 3338; x_wconf 78' lang='grc' dir='ltr'>ἐρεῖς,</span> <span class='ocrx_word' id='word_1_463' title='bbox 2634 3271 2729 3322; x_wconf 76' lang='grc' dir='ltr'>καὶ</span> <span class='ocrx_word' id='word_1_464' title='bbox 2766 3269 2956 3322; x_wconf 83' lang='grc' dir='ltr'>δίκαια</span> <span class='ocrx_word' id='word_1_465' title='bbox 2995 3270 3212 3333; x_wconf 84' lang='grc' dir='ltr'>πάντως</span> <span class='ocrx_word' id='word_1_466' title='bbox 3253 3273 3421 3339; x_wconf 77' lang='grc' dir='ltr'>ἐρεῖς,</span> <span class='ocrx_word' id='word_1_467' title='bbox 3463 3274 3512 3322; x_wconf 85' lang='grc' dir='ltr'><strong>εἰ</strong></span> <span class='ocrx_word' id='word_1_468' title='bbox 3569 3269 3647 3339; x_wconf 77' lang='grc' dir='ltr'>μὴ</span> 
     </span>
    </p>
   </div>
   <div class='ocr_carea' id='block_1_64' title="bbox 379 3348 1958 3426">
    <p class='ocr_par' dir='ltr' id='par_1_64' title="bbox 379 3348 1958 3426">
     <span class='ocr_line' id='line_1_64' title="bbox 379 3348 1958 3426; baseline -0.006 -13"><span class='ocrx_word' id='word_1_469' title='bbox 379 3356 561 3426; x_wconf 90' lang='lat' dir='ltr'><strong>aliqua</strong></span> <span class='ocrx_word' id='word_1_470' title='bbox 589 3354 676 3408; x_wconf 83' lang='lat' dir='ltr'><strong>via</strong></span> <span class='ocrx_word' id='word_1_471' title='bbox 707 3365 1068 3409; x_wconf 89' lang='lat' dir='ltr'><strong>occurramus</strong></span> <span class='ocrx_word' id='word_1_472' title='bbox 1107 3365 1120 3401; x_wconf 92' lang='lat'><strong>:</strong></span> <span class='ocrx_word' id='word_1_473' title='bbox 1153 3349 1196 3403; x_wconf 88' lang='lat' dir='ltr'><strong>si</strong></span> <span class='ocrx_word' id='word_1_474' title='bbox 1231 3357 1439 3402; x_wconf 87' lang='lat' dir='ltr'><strong>tantum</strong></span> <span class='ocrx_word' id='word_1_475' title='bbox 1482 3348 1805 3404; x_wconf 90' lang='lat' dir='ltr'><strong>simularent</strong></span> <span class='ocrx_word' id='word_1_476' title='bbox 1839 3349 1958 3404; x_wconf 85' lang='lat' dir='ltr'><strong>bel-</strong></span> 
     </span>
    </p>
   </div>
   <div class='ocr_carea' id='block_1_65' title="bbox 379 3443 1955 3518">
    <p class='ocr_par' dir='ltr' id='par_1_65' title="bbox 379 3443 1955 3518">
     <span class='ocr_line' id='line_1_65' title="bbox 379 3443 1955 3518; baseline -0.006 -12"><span class='ocrx_word' id='word_1_477' title='bbox 379 3452 512 3516; x_wconf 89' lang='lat' dir='ltr'><strong>lum,</strong></span> <span class='ocrx_word' id='word_1_478' title='bbox 555 3447 792 3518; x_wconf 87' lang='lat' dir='ltr'><strong>inquies,</strong></span> <span class='ocrx_word' id='word_1_479' title='bbox 849 3459 1026 3511; x_wconf 84' lang='lat' dir='ltr'><strong>neque</strong></span> <span class='ocrx_word' id='word_1_480' title='bbox 1073 3443 1216 3496; x_wconf 88' lang='lat' dir='ltr'><strong>alius</strong></span> <span class='ocrx_word' id='word_1_481' title='bbox 1263 3455 1452 3496; x_wconf 89' lang='lat' dir='ltr'><strong>eorum</strong></span> <span class='ocrx_word' id='word_1_482' title='bbox 1525 3451 1671 3497; x_wconf 82' lang='lat' dir='ltr'><strong>esset</strong></span> <span class='ocrx_word' id='word_1_483' title='bbox 1733 3457 1955 3512; x_wconf 87' lang='lat' dir='ltr'><strong>scopus,</strong></span> 
     </span>
    </p>
   </div>
   <div class='ocr_carea' id='block_1_66' title="bbox 379 3534 1959 3615">
    <p class='ocr_par' dir='ltr' id='par_1_66' title="bbox 379 3534 1959 3615">
     <span class='ocr_line' id='line_1_66' title="bbox 379 3534 1959 3615; baseline -0.006 -17"><span class='ocrx_word' id='word_1_484' title='bbox 379 3559 551 3615; x_wconf 84' lang='lat' dir='ltr'><strong>quare</strong></span> <span class='ocrx_word' id='word_1_485' title='bbox 603 3539 820 3594; x_wconf 86' lang='lat' dir='ltr'><strong>tandem</strong></span> <span class='ocrx_word' id='word_1_486' title='bbox 868 3538 922 3591; x_wconf 92' lang='lat' dir='ltr'><strong>in</strong></span> <span class='ocrx_word' id='word_1_487' title='bbox 963 3547 1161 3590; x_wconf 88' lang='lat' dir='ltr'><strong>terram</strong></span> <span class='ocrx_word' id='word_1_488' title='bbox 1202 3534 1559 3604; x_wconf 88' lang='lat' dir='ltr'><strong>Bulgarorum</strong></span> <span class='ocrx_word' id='word_1_489' title='bbox 1603 3535 1880 3589; x_wconf 89' lang='lat' dir='ltr'><strong>irruerunt</strong></span> <span class='ocrx_word' id='word_1_490' title='bbox 1907 3543 1959 3589; x_wconf 91' lang='lat' dir='ltr'><strong>et</strong></span> 
     </span>
    </p>
   </div>
   <div class='ocr_carea' id='block_1_67' title="bbox 378 3626 1955 3698">
    <p class='ocr_par' dir='ltr' id='par_1_67' title="bbox 378 3626 1955 3698">
     <span class='ocr_line' id='line_1_67' title="bbox 378 3626 1955 3698; baseline -0.007 -6"><span class='ocrx_word' id='word_1_491' title='bbox 378 3645 508 3692; x_wconf 88' lang='lat' dir='ltr'><strong>ante</strong></span> <span class='ocrx_word' id='word_1_492' title='bbox 540 3634 738 3690; x_wconf 89' lang='lat' dir='ltr'><strong>bellum</strong></span> <span class='ocrx_word' id='word_1_493' title='bbox 789 3630 1029 3686; x_wconf 83' lang='lat' dir='ltr'><strong>hostium</strong></span> <span class='ocrx_word' id='word_1_494' title='bbox 1058 3644 1228 3682; x_wconf 82' lang='lat' dir='ltr'><strong>more</strong></span> <span class='ocrx_word' id='word_1_495' title='bbox 1256 3642 1315 3682; x_wconf 90' lang='lat' dir='ltr'><strong>se</strong></span> <span class='ocrx_word' id='word_1_496' title='bbox 1357 3628 1678 3696; x_wconf 85' lang='lat' dir='ltr'><strong>gesserunt?</strong></span> <span class='ocrx_word' id='word_1_497' title='bbox 1709 3626 1782 3681; x_wconf 83' lang='lat' dir='ltr'><strong>Ea</strong></span> <span class='ocrx_word' id='word_1_498' title='bbox 1820 3629 1955 3698; x_wconf 86' lang='lat' dir='ltr'><strong>ipsa,</strong></span> 
     </span>
    </p>
   </div>
   <div class='ocr_carea' id='block_1_68' title="bbox 381 3719 1959 3793">
    <p class='ocr_par' dir='ltr' id='par_1_68' title="bbox 381 3719 1959 3793">
     <span class='ocr_line' id='line_1_68' title="bbox 381 3719 1959 3793; baseline -0.006 -9"><span class='ocrx_word' id='word_1_499' title='bbox 381 3729 456 3784; x_wconf 92' lang='lat' dir='ltr'><strong>lili</strong></span> <span class='ocrx_word' id='word_1_500' title='bbox 509 3727 620 3793; x_wconf 78' lang='lat' dir='ltr'><strong>ini,</strong></span> <span class='ocrx_word' id='word_1_501' title='bbox 673 3724 739 3779; x_wconf 85' lang='lat' dir='ltr'><strong>ad</strong></span> <span class='ocrx_word' id='word_1_502' title='bbox 775 3737 869 3778; x_wconf 90' lang='lat' dir='ltr'><strong>eos</strong></span> <span class='ocrx_word' id='word_1_503' title='bbox 924 3721 1057 3786; x_wconf 86' lang='lat' dir='ltr'><strong>dixi,</strong></span> <span class='ocrx_word' id='word_1_504' title='bbox 1113 3729 1239 3774; x_wconf 89' lang='lat' dir='ltr'><strong>ante</strong></span> <span class='ocrx_word' id='word_1_505' title='bbox 1290 3727 1439 3772; x_wconf 87' lang='lat' dir='ltr'><strong>tuam</strong></span> <span class='ocrx_word' id='word_1_506' title='bbox 1476 3719 1857 3788; x_wconf 85' lang='lat' dir='ltr'><strong>objectionem,</strong></span> <span class='ocrx_word' id='word_1_507' title='bbox 1907 3733 1959 3775; x_wconf 88' lang='lat' dir='ltr'><strong>et</strong></span> 
     </span>
    </p>
   </div>
   <div class='ocr_carea' id='block_1_69' title="bbox 381 3810 1959 3892">
    <p class='ocr_par' dir='ltr' id='par_1_69' title="bbox 381 3810 1959 3892">
     <span class='ocr_line' id='line_1_69' title="bbox 381 3810 1959 3892; baseline -0.008 -15"><span class='ocrx_word' id='word_1_508' title='bbox 381 3818 705 3892; x_wconf 76' lang='lat' dir='ltr'><strong>exprobrari</strong></span> <span class='ocrx_word' id='word_1_509' title='bbox 729 3859 744 3883; x_wconf 96' lang='lat'><strong>,</strong></span> <span class='ocrx_word' id='word_1_510' title='bbox 788 3824 843 3870; x_wconf 87' lang='lat' dir='ltr'><strong>et</strong></span> <span class='ocrx_word' id='word_1_511' title='bbox 880 3813 1200 3884; x_wconf 87' lang='lat' dir='ltr'><strong>objurgavi;</strong></span> <span class='ocrx_word' id='word_1_512' title='bbox 1255 3811 1347 3865; x_wconf 90' lang='lat' dir='ltr'><strong>sed</strong></span> <span class='ocrx_word' id='word_1_513' title='bbox 1403 3810 1469 3864; x_wconf 89' lang='lat' dir='ltr'><strong>ad</strong></span> <span class='ocrx_word' id='word_1_514' title='bbox 1502 3811 1616 3865; x_wconf 66' lang='lat' dir='ltr'><strong>hinc</strong></span> <span class='ocrx_word' id='word_1_515' title='bbox 1653 3812 1816 3864; x_wconf 89' lang='lat' dir='ltr'><strong>etiam</strong></span> <span class='ocrx_word' id='word_1_516' title='bbox 1853 3827 1959 3865; x_wconf 89' lang='lat' dir='ltr'><strong>non</strong></span> 
     </span>
    </p>
   </div>
   <div class='ocr_carea' id='block_1_70' title="bbox 383 3903 1961 3974">
    <p class='ocr_par' dir='ltr' id='par_1_70' title="bbox 383 3903 1961 3974">
     <span class='ocr_line' id='line_1_70' title="bbox 383 3903 1961 3974; baseline -0.01 -4"><span class='ocrx_word' id='word_1_517' title='bbox 383 3915 555 3970; x_wconf 86' lang='lat' dir='ltr'><strong>defuit</strong></span> <span class='ocrx_word' id='word_1_518' title='bbox 585 3912 694 3966; x_wconf 89' lang='lat' dir='ltr'><strong>illis</strong></span> <span class='ocrx_word' id='word_1_519' title='bbox 719 3908 1011 3964; x_wconf 87' lang='lat' dir='ltr'><strong>defensio:</strong></span> <span class='ocrx_word' id='word_1_520' title='bbox 1051 3921 1172 3974; x_wconf 82' lang='lat' dir='ltr'><strong>qua:</strong></span> <span class='ocrx_word' id='word_1_521' title='bbox 1223 3912 1406 3956; x_wconf 87' lang='lat' dir='ltr'><strong>utrum</strong></span> <span class='ocrx_word' id='word_1_522' title='bbox 1437 3917 1563 3957; x_wconf 85' lang='lat' dir='ltr'><strong>vera</strong></span> <span class='ocrx_word' id='word_1_523' title='bbox 1618 3903 1712 3969; x_wconf 87' lang='lat' dir='ltr'><strong>sit,</strong></span> <span class='ocrx_word' id='word_1_524' title='bbox 1770 3911 1826 3956; x_wconf 90' lang='lat' dir='ltr'><strong>tu</strong></span> <span class='ocrx_word' id='word_1_525' title='bbox 1882 3905 1961 3956; x_wconf 86' lang='lat' dir='ltr'><strong>vi-</strong></span> 
     </span>
    </p>
   </div>
   <div class='ocr_carea' id='block_1_71' title="bbox 384 3994 1962 4071">
    <p class='ocr_par' dir='ltr' id='par_1_71' title="bbox 384 3994 1962 4071">
     <span class='ocr_line' id='line_1_71' title="bbox 384 3994 1962 4071; baseline -0.006 -11"><span class='ocrx_word' id='word_1_526' title='bbox 384 4009 536 4063; x_wconf 88' lang='lat' dir='ltr'><strong>deas.</strong></span> <span class='ocrx_word' id='word_1_527' title='bbox 575 4005 836 4058; x_wconf 73' lang='lat' dir='ltr'><strong>Dixerunt</strong></span> <span class='ocrx_word' id='word_1_528' title='bbox 873 4001 1058 4071; x_wconf 81' lang='lat' dir='ltr'><strong>igitur,</strong></span> <span class='ocrx_word' id='word_1_529' title='bbox 1087 3997 1338 4068; x_wconf 79' lang='lat' dir='ltr'><strong>Bulgaris</strong></span> <span class='ocrx_word' id='word_1_530' title='bbox 1368 4005 1561 4051; x_wconf 84' lang='lat' dir='ltr'><strong>contra</strong></span> <span class='ocrx_word' id='word_1_531' title='bbox 1593 3994 1962 4055; x_wconf 82' lang='lat' dir='ltr'><strong>Romanorum</strong></span> 
     </span>
    </p>
   </div>
   <div class='ocr_carea' id='block_1_72' title="bbox 385 4087 1962 4164">
    <p class='ocr_par' dir='ltr' id='par_1_72' title="bbox 385 4087 1962 4164">
     <span class='ocr_line' id='line_1_72' title="bbox 385 4087 1962 4164; baseline -0.006 -12"><span class='ocrx_word' id='word_1_532' title='bbox 385 4099 440 4153; x_wconf 88' lang='lat' dir='ltr'><strong>in</strong></span> <span class='ocrx_word' id='word_1_533' title='bbox 493 4094 858 4164; x_wconf 82' lang='lat' dir='ltr'><strong>Dyrrachium</strong></span> <span class='ocrx_word' id='word_1_534' title='bbox 926 4098 981 4144; x_wconf 83' lang='lat' dir='ltr'><strong>et</strong></span> <span class='ocrx_word' id='word_1_535' title='bbox 1052 4090 1105 4144; x_wconf 91' lang='lat' dir='ltr'><strong>in</strong></span> <span class='ocrx_word' id='word_1_536' title='bbox 1159 4087 1603 4151; x_wconf 77' lang='lat' dir='ltr'><strong>&#39;l‘hessalonicsm</strong></span> <span class='ocrx_word' id='word_1_537' title='bbox 1682 4091 1962 4159; x_wconf 77' lang='lat' dir='ltr'><strong>regionem</strong></span> 
     </span>
    </p>
   </div>
   <div class='ocr_carea' id='block_1_73' title="bbox 385 4178 1953 4251">
    <p class='ocr_par' dir='ltr' id='par_1_73' title="bbox 385 4178 1953 4251">
     <span class='ocr_line' id='line_1_73' title="bbox 385 4178 1953 4251; baseline -0.006 -9"><span class='ocrx_word' id='word_1_538' title='bbox 385 4201 538 4242; x_wconf 86' lang='lat' dir='ltr'><strong>more</strong></span> <span class='ocrx_word' id='word_1_539' title='bbox 567 4183 751 4240; x_wconf 81' lang='lat' dir='ltr'><strong>hostili</strong></span> <span class='ocrx_word' id='word_1_540' title='bbox 794 4179 1074 4251; x_wconf 77' lang='lat' dir='ltr'><strong>ingressis,</strong></span> <span class='ocrx_word' id='word_1_541' title='bbox 1115 4189 1172 4232; x_wconf 86' lang='lat' dir='ltr'><strong>et</strong></span> <span class='ocrx_word' id='word_1_542' title='bbox 1203 4178 1310 4233; x_wconf 89' lang='lat' dir='ltr'><strong>sibi</strong></span> <span class='ocrx_word' id='word_1_543' title='bbox 1338 4178 1521 4232; x_wconf 86' lang='lat' dir='ltr'><strong>datam</strong></span> <span class='ocrx_word' id='word_1_544' title='bbox 1546 4192 1669 4234; x_wconf 88' lang='lat' dir='ltr'><strong>esse</strong></span> <span class='ocrx_word' id='word_1_545' title='bbox 1703 4180 1953 4234; x_wconf 85' lang='lat' dir='ltr'><strong>occasio-</strong></span> 
     </span>
    </p>
   </div>
   <div class='ocr_carea' id='block_1_74' title="bbox 386 4270 1963 4342">
    <p class='ocr_par' dir='ltr' id='par_1_74' title="bbox 386 4270 1963 4342">
     <span class='ocr_line' id='line_1_74' title="bbox 386 4270 1963 4342; baseline -0.006 -7"><span class='ocrx_word' id='word_1_546' title='bbox 386 4295 511 4336; x_wconf 90' lang='lat' dir='ltr'><strong>nem</strong></span> <span class='ocrx_word' id='word_1_547' title='bbox 568 4278 845 4331; x_wconf 78' lang='lat' dir='ltr'><strong>ltomauos</strong></span> <span class='ocrx_word' id='word_1_548' title='bbox 909 4274 1185 4328; x_wconf 77' lang='lat' dir='ltr'><strong>exercitus</strong></span> <span class='ocrx_word' id='word_1_549' title='bbox 1243 4271 1297 4324; x_wconf 90' lang='lat' dir='ltr'><strong>in</strong></span> <span class='ocrx_word' id='word_1_550' title='bbox 1355 4270 1715 4342; x_wconf 83' lang='lat' dir='ltr'><strong>Bulgarorum</strong></span> <span class='ocrx_word' id='word_1_551' title='bbox 1762 4281 1963 4326; x_wconf 85' lang='lat' dir='ltr'><strong>terram</strong></span> 
     </span>
    </p>
   </div>
   <div class='ocr_carea' id='block_1_75' title="bbox 386 4364 1965 4434">
    <p class='ocr_par' dir='ltr' id='par_1_75' title="bbox 386 4364 1965 4434">
     <span class='ocr_line' id='line_1_75' title="bbox 386 4364 1965 4434; baseline -0.006 -6"><span class='ocrx_word' id='word_1_552' title='bbox 386 4369 737 4434; x_wconf 86' lang='lat' dir='ltr'><strong>immittendi,</strong></span> <span class='ocrx_word' id='word_1_553' title='bbox 770 4382 830 4421; x_wconf 90' lang='lat' dir='ltr'><strong>se</strong></span> <span class='ocrx_word' id='word_1_554' title='bbox 857 4373 1041 4420; x_wconf 87' lang='lat' dir='ltr'><strong>autem</strong></span> <span class='ocrx_word' id='word_1_555' title='bbox 1075 4365 1196 4418; x_wconf 90' lang='lat' dir='ltr'><strong>illas</strong></span> <span class='ocrx_word' id='word_1_556' title='bbox 1233 4377 1340 4417; x_wconf 89' lang='lat' dir='ltr'><strong>non</strong></span> <span class='ocrx_word' id='word_1_557' title='bbox 1368 4364 1566 4418; x_wconf 88' lang='lat' dir='ltr'><strong>fecisse</strong></span> <span class='ocrx_word' id='word_1_558' title='bbox 1617 4364 1965 4420; x_wconf 85' lang='lat' dir='ltr'><strong>incursiones</strong></span> 
     </span>
    </p>
   </div>
   <div class='ocr_carea' id='block_1_76' title="bbox 387 4454 1966 4526">
    <p class='ocr_par' dir='ltr' id='par_1_76' title="bbox 387 4454 1966 4526">
     <span class='ocr_line' id='line_1_76' title="bbox 387 4454 1966 4526; baseline -0.008 -5"><span class='ocrx_word' id='word_1_559' title='bbox 387 4467 443 4521; x_wconf 91' lang='lat' dir='ltr'><strong>in</strong></span> <span class='ocrx_word' id='word_1_560' title='bbox 478 4464 617 4519; x_wconf 88' lang='lat' dir='ltr'><strong>bello</strong></span> <span class='ocrx_word' id='word_1_561' title='bbox 646 4463 761 4517; x_wconf 78' lang='lat' dir='ltr'><strong>fieri</strong></span> <span class='ocrx_word' id='word_1_562' title='bbox 809 4461 1038 4524; x_wconf 88' lang='lat' dir='ltr'><strong>solitas;</strong></span> <span class='ocrx_word' id='word_1_563' title='bbox 1074 4471 1198 4526; x_wconf 68' lang='lat' dir='ltr'><strong>qua:</strong></span> <span class='ocrx_word' id='word_1_564' title='bbox 1239 4457 1286 4508; x_wconf 85' lang='lat' dir='ltr'><strong>si</strong></span> <span class='ocrx_word' id='word_1_565' title='bbox 1321 4455 1393 4508; x_wconf 88' lang='lat' dir='ltr'><strong>ita</strong></span> <span class='ocrx_word' id='word_1_566' title='bbox 1424 4466 1578 4524; x_wconf 72' lang='lat' dir='ltr'><strong>gcsm</strong></span> <span class='ocrx_word' id='word_1_567' title='bbox 1608 4454 1832 4520; x_wconf 88' lang='lat' dir='ltr'><strong>fuerint,</strong></span> <span class='ocrx_word' id='word_1_568' title='bbox 1867 4473 1966 4526; x_wconf 82' lang='lat' dir='ltr'><strong>ego</strong></span> 
     </span>
    </p>
   </div>
   <div class='ocr_carea' id='block_1_77' title="bbox 389 4548 1968 4620">
    <p class='ocr_par' dir='ltr' id='par_1_77' title="bbox 389 4548 1968 4620">
     <span class='ocr_line' id='line_1_77' title="bbox 389 4548 1968 4620; baseline -0.006 -8"><span class='ocrx_word' id='word_1_569' title='bbox 389 4560 606 4620; x_wconf 76' lang='lat' dir='ltr'><strong>nescio;</strong></span> <span class='ocrx_word' id='word_1_570' title='bbox 649 4553 721 4606; x_wconf 88' lang='lat' dir='ltr'><strong>illi</strong></span> <span class='ocrx_word' id='word_1_571' title='bbox 759 4555 1097 4611; x_wconf 86' lang='lat' dir='ltr'><strong>asseverant,</strong></span> <span class='ocrx_word' id='word_1_572' title='bbox 1147 4555 1311 4614; x_wconf 85' lang='lat' dir='ltr'><strong>atque</strong></span> <span class='ocrx_word' id='word_1_573' title='bbox 1376 4555 1530 4600; x_wconf 90' lang='lat' dir='ltr'><strong>tuum</strong></span> <span class='ocrx_word' id='word_1_574' title='bbox 1573 4557 1658 4601; x_wconf 89' lang='lat' dir='ltr'><strong>est</strong></span> <span class='ocrx_word' id='word_1_575' title='bbox 1723 4548 1866 4601; x_wconf 88' lang='lat' dir='ltr'><strong>scire</strong></span> <span class='ocrx_word' id='word_1_576' title='bbox 1915 4559 1968 4602; x_wconf 83' lang='lat' dir='ltr'><strong>et</strong></span> 
     </span>
    </p>
   </div>
   <div class='ocr_carea' id='block_1_78' title="bbox 392 4639 1963 4716">
    <p class='ocr_par' dir='ltr' id='par_1_78' title="bbox 392 4639 1963 4716">
     <span class='ocr_line' id='line_1_78' title="bbox 392 4639 1963 4716; baseline -0.005 -13"><span class='ocrx_word' id='word_1_577' title='bbox 392 4661 495 4704; x_wconf 74' lang='lat' dir='ltr'><strong>tua:</strong></span> <span class='ocrx_word' id='word_1_578' title='bbox 547 4644 830 4716; x_wconf 87' lang='lat' dir='ltr'><strong>prudentis</strong></span> <span class='ocrx_word' id='word_1_579' title='bbox 879 4641 1230 4695; x_wconf 74' lang='lat' dir='ltr'><strong>conscientia:</strong></span> <span class='ocrx_word' id='word_1_580' title='bbox 1291 4653 1399 4695; x_wconf 90' lang='lat' dir='ltr'><strong>non</strong></span> <span class='ocrx_word' id='word_1_581' title='bbox 1448 4655 1644 4712; x_wconf 85' lang='lat' dir='ltr'><strong>negare</strong></span> <span class='ocrx_word' id='word_1_582' title='bbox 1702 4639 1908 4694; x_wconf 83' lang='lat' dir='ltr'><strong>factum</strong></span> <span class='ocrx_word' id='word_1_583' title='bbox 1950 4657 1963 4695; x_wconf 90' lang='lat'><strong>:</strong></span> 
     </span>
    </p>
   </div>
   <div class='ocr_carea' id='block_1_79' title="bbox 391 4731 1965 4812">
    <p class='ocr_par' dir='ltr' id='par_1_79' title="bbox 391 4731 1965 4812">
     <span class='ocr_line' id='line_1_79' title="bbox 391 4731 1965 4812; baseline -0.004 -17"><span class='ocrx_word' id='word_1_584' title='bbox 391 4741 803 4812; x_wconf 82' lang='lat' dir='ltr'><strong>qualescunque</strong></span> <span class='ocrx_word' id='word_1_585' title='bbox 867 4733 1108 4799; x_wconf 89' lang='lat' dir='ltr'><strong>fuerint,</strong></span> <span class='ocrx_word' id='word_1_586' title='bbox 1159 4732 1232 4785; x_wconf 83' lang='lat' dir='ltr'><strong>lili</strong></span> <span class='ocrx_word' id='word_1_587' title='bbox 1289 4731 1384 4799; x_wconf 91' lang='lat' dir='ltr'><strong>mi,</strong></span> <span class='ocrx_word' id='word_1_588' title='bbox 1439 4747 1630 4787; x_wconf 87' lang='lat' dir='ltr'><strong>eorum</strong></span> <span class='ocrx_word' id='word_1_589' title='bbox 1681 4734 1965 4804; x_wconf 75' lang='lat' dir='ltr'><strong>apologiae,</strong></span> 
     </span>
    </p>
   </div>
   <div class='ocr_carea' id='block_1_80' title="bbox 393 4823 1964 4894">
    <p class='ocr_par' dir='ltr' id='par_1_80' title="bbox 393 4823 1964 4894">
     <span class='ocr_line' id='line_1_80' title="bbox 393 4823 1964 4894; baseline -0.004 -8"><span class='ocrx_word' id='word_1_590' title='bbox 393 4847 487 4886; x_wconf 87' lang='lat' dir='ltr'><strong>eas</strong></span> <span class='ocrx_word' id='word_1_591' title='bbox 517 4831 690 4884; x_wconf 84' lang='lat' dir='ltr'><strong>bonas</strong></span> <span class='ocrx_word' id='word_1_592' title='bbox 722 4842 832 4880; x_wconf 93' lang='lat' dir='ltr'><strong>non</strong></span> <span class='ocrx_word' id='word_1_593' title='bbox 864 4824 1076 4890; x_wconf 85' lang='lat' dir='ltr'><strong>censui,</strong></span> <span class='ocrx_word' id='word_1_594' title='bbox 1138 4823 1370 4893; x_wconf 86' lang='lat' dir='ltr'><strong>ideoque</strong></span> <span class='ocrx_word' id='word_1_595' title='bbox 1401 4838 1496 4879; x_wconf 89' lang='lat' dir='ltr'><strong>eos</strong></span> <span class='ocrx_word' id='word_1_596' title='bbox 1541 4826 1964 4894; x_wconf 86' lang='lat' dir='ltr'><strong>vituperationi-</strong></span> 
     </span>
    </p>
   </div>
   <div class='ocr_carea' id='block_1_81' title="bbox 391 4915 1970 4988">
    <p class='ocr_par' dir='ltr' id='par_1_81' title="bbox 391 4915 1970 4988">
     <span class='ocr_line' id='line_1_81' title="bbox 391 4915 1970 4988; baseline 0.006 -24"><span class='ocrx_word' id='word_1_597' title='bbox 391 4925 542 4985; x_wconf 64' lang='lat' dir='ltr'><strong>bus,</strong></span> <span class='ocrx_word' id='word_1_598' title='bbox 599 4917 1070 4988; x_wconf 83' lang='lat' dir='ltr'><strong>objurgationibus</strong></span> <span class='ocrx_word' id='word_1_599' title='bbox 1138 4915 1772 4986; x_wconf 89' lang='lat' dir='ltr'><strong>reprehensionibusque</strong></span> <span class='ocrx_word' id='word_1_600' title='bbox 1834 4934 1970 4973; x_wconf 86' lang='lat' dir='ltr'><strong>one-</strong></span> 
     </span>
    </p>
   </div>
   <div class='ocr_carea' id='block_1_82' title="bbox 395 5008 1972 5080">
    <p class='ocr_par' dir='ltr' id='par_1_82' title="bbox 395 5008 1972 5080">
     <span class='ocr_line' id='line_1_82' title="bbox 395 5008 1972 5080; baseline -0.001 -13"><span class='ocrx_word' id='word_1_601' title='bbox 395 5016 534 5078; x_wconf 82' lang='lat' dir='ltr'><strong>ravi,</strong></span> <span class='ocrx_word' id='word_1_602' title='bbox 567 5027 668 5066; x_wconf 85' lang='lat' dir='ltr'><strong>nec</strong></span> <span class='ocrx_word' id='word_1_603' title='bbox 720 5009 901 5063; x_wconf 80' lang='lat' dir='ltr'><strong>facere</strong></span> <span class='ocrx_word' id='word_1_604' title='bbox 931 5008 1232 5073; x_wconf 85' lang='lat' dir='ltr'><strong>desistam;</strong></span> <span class='ocrx_word' id='word_1_605' title='bbox 1275 5017 1324 5062; x_wconf 91' lang='lat' dir='ltr'><strong>te</strong></span> <span class='ocrx_word' id='word_1_606' title='bbox 1355 5017 1535 5062; x_wconf 90' lang='lat' dir='ltr'><strong>autem</strong></span> <span class='ocrx_word' id='word_1_607' title='bbox 1582 5025 1646 5063; x_wconf 84' lang='lat' dir='ltr'><strong>ea</strong></span> <span class='ocrx_word' id='word_1_608' title='bbox 1687 5026 1808 5080; x_wconf 76' lang='lat' dir='ltr'><strong>qua:</strong></span> <span class='ocrx_word' id='word_1_609' title='bbox 1835 5026 1972 5080; x_wconf 77' lang='lat' dir='ltr'><strong>pra:-</strong></span> 
     </span>
    </p>
   </div>
   <div class='ocr_carea' id='block_1_83' title="bbox 393 5099 1974 5170">
    <p class='ocr_par' dir='ltr' id='par_1_83' title="bbox 393 5099 1974 5170">
     <span class='ocr_line' id='line_1_83' title="bbox 393 5099 1974 5170; baseline -0.001 -12"><span class='ocrx_word' id='word_1_610' title='bbox 393 5120 522 5159; x_wconf 84' lang='lat' dir='ltr'><strong>sens</strong></span> <span class='ocrx_word' id='word_1_611' title='bbox 549 5113 602 5158; x_wconf 92' lang='lat' dir='ltr'><strong>et</strong></span> <span class='ocrx_word' id='word_1_612' title='bbox 650 5099 903 5170; x_wconf 79' lang='lat' dir='ltr'><strong>amplexu</strong></span> <span class='ocrx_word' id='word_1_613' title='bbox 934 5100 1131 5168; x_wconf 85' lang='lat' dir='ltr'><strong>capite,</strong></span> <span class='ocrx_word' id='word_1_614' title='bbox 1165 5114 1309 5153; x_wconf 91' lang='lat' dir='ltr'><strong>nunc</strong></span> <span class='ocrx_word' id='word_1_615' title='bbox 1359 5100 1651 5169; x_wconf 86' lang='lat' dir='ltr'><strong>deprecor;</strong></span> <span class='ocrx_word' id='word_1_616' title='bbox 1687 5103 1778 5158; x_wconf 89' lang='lat' dir='ltr'><strong>hic</strong></span> <span class='ocrx_word' id='word_1_617' title='bbox 1827 5111 1974 5157; x_wconf 88' lang='lat' dir='ltr'><strong>stent</strong></span> 
     </span>
    </p>
   </div>
   <div class='ocr_carea' id='block_1_84' title="bbox 396 5189 1966 5259">
    <p class='ocr_par' dir='ltr' id='par_1_84' title="bbox 396 5189 1966 5259">
     <span class='ocr_line' id='line_1_84' title="bbox 396 5189 1966 5259; baseline 0.003 -14"><span class='ocrx_word' id='word_1_618' title='bbox 396 5196 570 5258; x_wconf 89' lang='lat' dir='ltr'><strong>mala;</strong></span> <span class='ocrx_word' id='word_1_619' title='bbox 607 5191 982 5259; x_wconf 86' lang='lat' dir='ltr'><strong>nosmetipsos</strong></span> <span class='ocrx_word' id='word_1_620' title='bbox 1041 5202 1359 5254; x_wconf 86' lang='lat' dir='ltr'><strong>noscamus,</strong></span> <span class='ocrx_word' id='word_1_621' title='bbox 1401 5205 1503 5244; x_wconf 87' lang='lat' dir='ltr'><strong>nos</strong></span> <span class='ocrx_word' id='word_1_622' title='bbox 1533 5189 1738 5246; x_wconf 85' lang='lat' dir='ltr'><strong>Christi</strong></span> <span class='ocrx_word' id='word_1_623' title='bbox 1791 5193 1966 5250; x_wconf 83' lang='lat' dir='ltr'><strong>haere-</strong></span> 
     </span>
    </p>
   </div>
   <div class='ocr_carea' id='block_1_85' title="bbox 393 5281 1964 5354">
    <p class='ocr_par' dir='ltr' id='par_1_85' title="bbox 393 5281 1964 5354">
     <span class='ocr_line' id='line_1_85' title="bbox 393 5281 1964 5354; baseline 0.004 -18"><span class='ocrx_word' id='word_1_624' title='bbox 393 5283 492 5337; x_wconf 88' lang='lat' dir='ltr'><strong>des</strong></span> <span class='ocrx_word' id='word_1_625' title='bbox 516 5300 636 5338; x_wconf 87' lang='lat' dir='ltr'><strong>esse</strong></span> <span class='ocrx_word' id='word_1_626' title='bbox 659 5293 974 5354; x_wconf 90' lang='lat' dir='ltr'><strong>reputemus</strong></span> <span class='ocrx_word' id='word_1_627' title='bbox 1014 5297 1028 5334; x_wconf 90' lang='lat'><strong>:</strong></span> <span class='ocrx_word' id='word_1_628' title='bbox 1063 5281 1108 5335; x_wconf 88' lang='lat' dir='ltr'><strong>si</strong></span> <span class='ocrx_word' id='word_1_629' title='bbox 1146 5295 1344 5352; x_wconf 87' lang='lat' dir='ltr'><strong>genere</strong></span> <span class='ocrx_word' id='word_1_630' title='bbox 1398 5283 1623 5352; x_wconf 81' lang='lat' dir='ltr'><strong>diversi,</strong></span> <span class='ocrx_word' id='word_1_631' title='bbox 1657 5300 1754 5354; x_wconf 88' lang='lat' dir='ltr'><strong>per</strong></span> <span class='ocrx_word' id='word_1_632' title='bbox 1805 5286 1964 5342; x_wconf 86' lang='lat' dir='ltr'><strong>fidem</strong></span> 
     </span>
    </p>
   </div>
   <div class='ocr_carea' id='block_1_86' title="bbox 396 5380 1965 5448">
    <p class='ocr_par' dir='ltr' id='par_1_86' title="bbox 396 5380 1965 5448">
     <span class='ocr_line' id='line_1_86' title="bbox 396 5380 1965 5448; baseline 0.005 -22"><span class='ocrx_word' id='word_1_633' title='bbox 396 5382 577 5426; x_wconf 83' lang='lat' dir='ltr'><strong>tamen</strong></span> <span class='ocrx_word' id='word_1_634' title='bbox 609 5391 774 5429; x_wconf 88' lang='lat' dir='ltr'><strong>unum</strong></span> <span class='ocrx_word' id='word_1_635' title='bbox 801 5391 1004 5445; x_wconf 84' lang='lat' dir='ltr'><strong>corpus</strong></span> <span class='ocrx_word' id='word_1_636' title='bbox 1045 5389 1260 5438; x_wconf 85' lang='lat' dir='ltr'><strong>sumus,</strong></span> <span class='ocrx_word' id='word_1_637' title='bbox 1292 5391 1569 5447; x_wconf 88' lang='lat' dir='ltr'><strong>unumque</strong></span> <span class='ocrx_word' id='word_1_638' title='bbox 1603 5389 1767 5448; x_wconf 89' lang='lat' dir='ltr'><strong>caput</strong></span> <span class='ocrx_word' id='word_1_639' title='bbox 1795 5380 1965 5434; x_wconf 86' lang='lat' dir='ltr'><strong>habe-</strong></span> 
     </span>
    </p>
   </div>
   <div class='ocr_carea' id='block_1_87' title="bbox 395 5464 1966 5537">
    <p class='ocr_par' dir='ltr' id='par_1_87' title="bbox 395 5464 1966 5537">
     <span class='ocr_line' id='line_1_87' title="bbox 395 5464 1966 5537; baseline 0.004 -16"><span class='ocrx_word' id='word_1_640' title='bbox 395 5478 542 5530; x_wconf 82' lang='lat' dir='ltr'><strong>mus,</strong></span> <span class='ocrx_word' id='word_1_641' title='bbox 571 5464 873 5534; x_wconf 74' lang='lat' dir='ltr'><strong>Christum,</strong></span> <span class='ocrx_word' id='word_1_642' title='bbox 920 5469 1056 5523; x_wconf 89' lang='lat' dir='ltr'><strong>alter</strong></span> <span class='ocrx_word' id='word_1_643' title='bbox 1095 5468 1322 5522; x_wconf 86' lang='lat' dir='ltr'><strong>alterius</strong></span> <span class='ocrx_word' id='word_1_644' title='bbox 1350 5483 1544 5523; x_wconf 87' lang='lat' dir='ltr'><strong>sumus</strong></span> <span class='ocrx_word' id='word_1_645' title='bbox 1578 5473 1843 5537; x_wconf 88' lang='lat' dir='ltr'><strong>membra,</strong></span> <span class='ocrx_word' id='word_1_646' title='bbox 1872 5473 1966 5528; x_wconf 87' lang='lat' dir='ltr'><strong>sed</strong></span> 
     </span>
    </p>
   </div>
   <div class='ocr_carea' id='block_1_88' title="bbox 398 5557 1967 5632">
    <p class='ocr_par' dir='ltr' id='par_1_88' title="bbox 398 5557 1967 5632">
     <span class='ocr_line' id='line_1_88' title="bbox 398 5557 1967 5632; baseline 0.008 -24"><span class='ocrx_word' id='word_1_647' title='bbox 398 5557 641 5613; x_wconf 88' lang='lat' dir='ltr'><strong>membra</strong></span> <span class='ocrx_word' id='word_1_648' title='bbox 684 5559 738 5611; x_wconf 92' lang='lat' dir='ltr'><strong>in</strong></span> <span class='ocrx_word' id='word_1_649' title='bbox 785 5576 845 5614; x_wconf 88' lang='lat' dir='ltr'><strong>se</strong></span> <span class='ocrx_word' id='word_1_650' title='bbox 899 5563 1134 5619; x_wconf 80' lang='lat' dir='ltr'><strong>invicem</strong></span> <span class='ocrx_word' id='word_1_651' title='bbox 1185 5577 1474 5632; x_wconf 83' lang='lat' dir='ltr'><strong>assurgere</strong></span> <span class='ocrx_word' id='word_1_652' title='bbox 1528 5580 1635 5618; x_wconf 86' lang='lat' dir='ltr'><strong>non</strong></span> <span class='ocrx_word' id='word_1_653' title='bbox 1687 5567 1967 5632; x_wconf 80' lang='lat' dir='ltr'><strong>assolent;</strong></span> 
     </span>
    </p>
   </div>
   <div class='ocr_carea' id='block_1_89' title="bbox 394 5649 1973 5726">
    <p class='ocr_par' dir='ltr' id='par_1_89' title="bbox 394 5649 1973 5726">
     <span class='ocr_line' id='line_1_89' title="bbox 394 5649 1973 5726; baseline 0.003 -19"><span class='ocrx_word' id='word_1_654' title='bbox 394 5651 511 5716; x_wconf 70' lang='lat' dir='ltr'><strong>sed,</strong></span> <span class='ocrx_word' id='word_1_655' title='bbox 549 5649 848 5705; x_wconf 88' lang='lat' dir='ltr'><strong>secundum</strong></span> <span class='ocrx_word' id='word_1_656' title='bbox 873 5652 1087 5708; x_wconf 87' lang='lat' dir='ltr'><strong>beatum</strong></span> <span class='ocrx_word' id='word_1_657' title='bbox 1122 5656 1452 5724; x_wconf 83' lang='lat' dir='ltr'><strong>apostolum,</strong></span> <span class='ocrx_word' id='word_1_658' title='bbox 1478 5673 1494 5706; x_wconf 77' lang='grc' dir='ltr'><strong>ι</strong></span> <span class='ocrx_word' id='word_1_659' title='bbox 1531 5655 1586 5710; x_wconf 88' lang='lat' dir='ltr'><strong>Si</strong></span> <span class='ocrx_word' id='word_1_660' title='bbox 1617 5657 1764 5726; x_wconf 89' lang='lat' dir='ltr'><strong>quod</strong></span> <span class='ocrx_word' id='word_1_661' title='bbox 1796 5672 1973 5711; x_wconf 85' lang='lat' dir='ltr'><strong>mem-</strong></span> 
     </span>
    </p>
   </div>
   <div class='ocr_carea' id='block_1_90' title="bbox 392 5752 1970 5826">
    <p class='ocr_par' dir='ltr' id='par_1_90' title="bbox 392 5752 1970 5826">
     <span class='ocr_line' id='line_1_90' title="bbox 392 5752 1970 5826; baseline 0.004 -18"><span class='ocrx_word' id='word_1_662' title='bbox 392 5761 556 5809; x_wconf 79' lang='lat' dir='ltr'><strong>brum</strong></span> <span class='ocrx_word' id='word_1_663' title='bbox 591 5752 816 5821; x_wconf 87' lang='lat' dir='ltr'><strong>patitur,</strong></span> <span class='ocrx_word' id='word_1_664' title='bbox 869 5763 1067 5807; x_wconf 84' lang='lat' dir='ltr'><strong>cuncta</strong></span> <span class='ocrx_word' id='word_1_665' title='bbox 1101 5756 1548 5826; x_wconf 81' lang='lat' dir='ltr'><strong>compatiuntur;</strong></span> <span class='ocrx_word' id='word_1_666' title='bbox 1604 5777 1621 5807; x_wconf 74' lang='grc' dir='ltr'><strong>ι</strong></span> <span class='ocrx_word' id='word_1_667' title='bbox 1668 5757 1970 5815; x_wconf 89' lang='lat' dir='ltr'><strong>Christiani</strong></span> 
     </span>
    </p>
   </div>
   <div class='ocr_carea' id='block_1_91' title="bbox 2067 3355 3648 3431">
    <p class='ocr_par' dir='ltr' id='par_1_91' title="bbox 2067 3355 3648 3431">
     <span class='ocr_line' id='line_1_91' title="bbox 2067 3355 3648 3431; baseline 0.001 -21"><span class='ocrx_word' id='word_1_668' title='bbox 2067 3355 2204 3428; x_wconf 78' lang='grc' dir='ltr'>άλλη</span> <span class='ocrx_word' id='word_1_669' title='bbox 2240 3374 2326 3421; x_wconf 90' lang='grc' dir='ltr'><strong>τις</strong></span> <span class='ocrx_word' id='word_1_670' title='bbox 2353 3363 2448 3411; x_wconf 82' lang='grc' dir='ltr'>καὶ</span> <span class='ocrx_word' id='word_1_671' title='bbox 2505 3360 2635 3430; x_wconf 80' lang='grc' dir='ltr'>παρ’</span> <span class='ocrx_word' id='word_1_672' title='bbox 2667 3359 2826 3429; x_wconf 80' lang='grc' dir='ltr'>ήμῶν</span> <span class='ocrx_word' id='word_1_673' title='bbox 2856 3361 3082 3430; x_wconf 85' lang='grc' dir='ltr'>ἀφορμὴ</span> <span class='ocrx_word' id='word_1_674' title='bbox 3138 3360 3213 3425; x_wconf 83' lang='grc' dir='ltr'>τῷ</span> <span class='ocrx_word' id='word_1_675' title='bbox 3248 3361 3441 3431; x_wconf 83' lang='grc' dir='ltr'>δικαίῳ</span> <span class='ocrx_word' id='word_1_676' title='bbox 3472 3360 3648 3430; x_wconf 82' lang='grc' dir='ltr'>τούτῳ</span> 
     </span>
    </p>
   </div>
   <div class='ocr_carea' id='block_1_92' title="bbox 2065 3453 3650 3525">
    <p class='ocr_par' dir='ltr' id='par_1_92' title="bbox 2065 3453 3650 3525">
     <span class='ocr_line' id='line_1_92' title="bbox 2065 3453 3650 3525; baseline 0.004 -22"><span class='ocrx_word' id='word_1_677' title='bbox 2065 3453 2388 3522; x_wconf 73' lang='grc' dir='ltr'>ἐνστήσεται</span> <span class='ocrx_word' id='word_1_678' title='bbox 2414 3471 2427 3484; x_wconf 88' lang='grc'><strong>·</strong></span> <span class='ocrx_word' id='word_1_679' title='bbox 2451 3455 2644 3523; x_wconf 82' lang='grc' dir='ltr'>φήσεις</span> <span class='ocrx_word' id='word_1_680' title='bbox 2667 3454 2774 3524; x_wconf 81' lang='grc' dir='ltr'><strong>γάρ</strong></span> <span class='ocrx_word' id='word_1_681' title='bbox 2804 3454 3047 3518; x_wconf 77' lang='grc' dir='ltr'>πάντως,</span> <span class='ocrx_word' id='word_1_682' title='bbox 3069 3456 3153 3510; x_wconf 81' lang='grc' dir='ltr'>ὅτι</span> <span class='ocrx_word' id='word_1_683' title='bbox 3185 3472 3318 3525; x_wconf 88' lang='grc' dir='ltr'>περ,</span> <span class='ocrx_word' id='word_1_684' title='bbox 3347 3459 3396 3509; x_wconf 91' lang='grc' dir='ltr'><strong>εἰ</strong></span> <span class='ocrx_word' id='word_1_685' title='bbox 3427 3457 3520 3509; x_wconf 64' lang='grc' dir='ltr'>τὸν</span> <span class='ocrx_word' id='word_1_686' title='bbox 3551 3456 3650 3509; x_wconf 84' lang='grc' dir='ltr'><strong>πό-</strong></span> 
     </span>
    </p>
   </div>
   <div class='ocr_carea' id='block_1_93' title="bbox 2065 3544 3649 3618">
    <p class='ocr_par' dir='ltr' id='par_1_93' title="bbox 2065 3544 3649 3618">
     <span class='ocr_line' id='line_1_93' title="bbox 2065 3544 3649 3618; baseline 0.003 -22"><span class='ocrx_word' id='word_1_687' title='bbox 2065 3544 2232 3615; x_wconf 89' lang='grc' dir='ltr'>λεμον</span> <span class='ocrx_word' id='word_1_688' title='bbox 2262 3546 2652 3616; x_wconf 79' lang='grc' dir='ltr'>ὲσχημάτιζον,</span> <span class='ocrx_word' id='word_1_689' title='bbox 2691 3549 2787 3600; x_wconf 72' lang='grc' dir='ltr'><strong>καὶ</strong></span> <span class='ocrx_word' id='word_1_690' title='bbox 2814 3549 2952 3618; x_wconf 69' lang='grc' dir='ltr'>πρὸς</span> <span class='ocrx_word' id='word_1_691' title='bbox 3007 3547 3164 3600; x_wconf 79' lang='grc' dir='ltr'>τοῦτο</span> <span class='ocrx_word' id='word_1_692' title='bbox 3196 3549 3428 3601; x_wconf 79' lang='grc' dir='ltr'>ἔϐλεπεν</span> <span class='ocrx_word' id='word_1_693' title='bbox 3458 3549 3649 3611; x_wconf 74' lang='grc' dir='ltr'>αὐτοῖς</span> 
     </span>
    </p>
   </div>
   <div class='ocr_carea' id='block_1_94' title="bbox 2066 3637 3650 3712">
    <p class='ocr_par' dir='ltr' id='par_1_94' title="bbox 2066 3637 3650 3712">
     <span class='ocr_line' id='line_1_94' title="bbox 2066 3637 3650 3712; baseline 0.003 -23"><span class='ocrx_word' id='word_1_694' title='bbox 2066 3637 2094 3689; x_wconf 80' lang='grc' dir='ltr'><strong>ὁ</strong></span> <span class='ocrx_word' id='word_1_695' title='bbox 2125 3638 2351 3701; x_wconf 84' lang='grc' dir='ltr'>σκοπὸς,</span> <span class='ocrx_word' id='word_1_696' title='bbox 2376 3639 2428 3690; x_wconf 89' lang='grc' dir='ltr'><strong>τί</strong></span> <span class='ocrx_word' id='word_1_697' title='bbox 2457 3638 2655 3706; x_wconf 87' lang='grc' dir='ltr'>δήποτε</span> <span class='ocrx_word' id='word_1_698' title='bbox 2686 3640 2766 3703; x_wconf 85' lang='grc' dir='ltr'><strong>είς</strong></span> <span class='ocrx_word' id='word_1_699' title='bbox 2822 3641 2922 3710; x_wconf 84' lang='grc' dir='ltr'>τὴν</span> <span class='ocrx_word' id='word_1_700' title='bbox 2962 3641 3296 3712; x_wconf 84' lang='grc' dir='ltr'>Βουλγάρων</span> <span class='ocrx_word' id='word_1_701' title='bbox 3354 3642 3650 3711; x_wconf 79' lang='grc' dir='ltr'>εἰσήλασαν</span> 
     </span>
    </p>
   </div>
   <div class='ocr_carea' id='block_1_95' title="bbox 2068 3731 3652 3804">
    <p class='ocr_par' dir='ltr' id='par_1_95' title="bbox 2068 3731 3652 3804">
     <span class='ocr_line' id='line_1_95' title="bbox 2068 3731 3652 3804; baseline 0.002 -22"><span class='ocrx_word' id='word_1_702' title='bbox 2068 3731 2194 3798; x_wconf 79' lang='grc' dir='ltr'>γῆν,</span> <span class='ocrx_word' id='word_1_703' title='bbox 2232 3731 2326 3784; x_wconf 79' lang='grc' dir='ltr'>καὶ</span> <span class='ocrx_word' id='word_1_704' title='bbox 2354 3732 2460 3802; x_wconf 84' lang='grc' dir='ltr'>πρὸ</span> <span class='ocrx_word' id='word_1_705' title='bbox 2483 3731 2576 3784; x_wconf 79' lang='grc' dir='ltr'>τοῦ</span> <span class='ocrx_word' id='word_1_706' title='bbox 2596 3731 2838 3802; x_wconf 85' lang='grc' dir='ltr'>πολέμου</span> <span class='ocrx_word' id='word_1_707' title='bbox 2866 3734 2934 3786; x_wconf 82' lang='grc' dir='ltr'>τὰ</span> <span class='ocrx_word' id='word_1_708' title='bbox 2961 3733 3069 3787; x_wconf 85' lang='grc' dir='ltr'><strong>τῶν</strong></span> <span class='ocrx_word' id='word_1_709' title='bbox 3095 3733 3371 3804; x_wconf 81' lang='grc' dir='ltr'>πολεμίων</span> <span class='ocrx_word' id='word_1_710' title='bbox 3398 3733 3652 3802; x_wconf 82' lang='grc' dir='ltr'>διεπράτ·</span> 
     </span>
    </p>
   </div>
   <div class='ocr_carea' id='block_1_96' title="bbox 2067 3821 3651 3897">
    <p class='ocr_par' dir='ltr' id='par_1_96' title="bbox 2067 3821 3651 3897">
     <span class='ocr_line' id='line_1_96' title="bbox 2067 3821 3651 3897; baseline 0.002 -21"><span class='ocrx_word' id='word_1_711' title='bbox 2067 3841 2251 3891; x_wconf 81' lang='grc' dir='ltr'>τοντο;</span> <span class='ocrx_word' id='word_1_712' title='bbox 2286 3821 2454 3877; x_wconf 84' lang='grc' dir='ltr'>Εἶπον</span> <span class='ocrx_word' id='word_1_713' title='bbox 2485 3827 2670 3889; x_wconf 81' lang='grc' dir='ltr'>αὐτοῖς</span> <span class='ocrx_word' id='word_1_714' title='bbox 2699 3827 2793 3879; x_wconf 71' lang='grc' dir='ltr'>καὶ</span> <span class='ocrx_word' id='word_1_715' title='bbox 2833 3827 2966 3895; x_wconf 78' lang='grc' dir='ltr'>ἐγὼ,</span> <span class='ocrx_word' id='word_1_716' title='bbox 3023 3827 3218 3880; x_wconf 78' lang='grc' dir='ltr'>τέκνον</span> <span class='ocrx_word' id='word_1_717' title='bbox 3252 3828 3433 3897; x_wconf 83' lang='grc' dir='ltr'>ήμῶν,</span> <span class='ocrx_word' id='word_1_718' title='bbox 3477 3827 3651 3879; x_wconf 81' lang='grc' dir='ltr'>ταῦτα</span> 
     </span>
    </p>
   </div>
   <div class='ocr_carea' id='block_1_97' title="bbox 2070 3916 3650 3988">
    <p class='ocr_par' dir='ltr' id='par_1_97' title="bbox 2070 3916 3650 3988">
     <span class='ocr_line' id='line_1_97' title="bbox 2070 3916 3650 3988; baseline 0.001 -19"><span class='ocrx_word' id='word_1_719' title='bbox 2070 3918 2164 3969; x_wconf 80' lang='grc' dir='ltr'>καὶ</span> <span class='ocrx_word' id='word_1_720' title='bbox 2195 3917 2302 3988; x_wconf 82' lang='grc' dir='ltr'>πρὸ</span> <span class='ocrx_word' id='word_1_721' title='bbox 2325 3920 2425 3988; x_wconf 79' lang='grc' dir='ltr'>τῆς</span> <span class='ocrx_word' id='word_1_722' title='bbox 2455 3916 2565 3970; x_wconf 87' lang='grc' dir='ltr'><strong>τῶν</strong></span> <span class='ocrx_word' id='word_1_723' title='bbox 2589 3916 2699 3970; x_wconf 86' lang='grc' dir='ltr'>σῶν</span> <span class='ocrx_word' id='word_1_724' title='bbox 2735 3918 2910 3980; x_wconf 79' lang='grc' dir='ltr'>λόγων</span> <span class='ocrx_word' id='word_1_725' title='bbox 2936 3917 3324 3988; x_wconf 80' lang='grc' dir='ltr'>ἀπαντήσεως,</span> <span class='ocrx_word' id='word_1_726' title='bbox 3348 3919 3443 3970; x_wconf 79' lang='grc' dir='ltr'>καὶ</span> <span class='ocrx_word' id='word_1_727' title='bbox 3472 3919 3650 3988; x_wconf 79' lang='grc' dir='ltr'>ἐμεμ-</span> 
     </span>
    </p>
   </div>
   <div class='ocr_carea' id='block_1_98' title="bbox 2070 4008 3650 4081">
    <p class='ocr_par' dir='ltr' id='par_1_98' title="bbox 2070 4008 3650 4081">
     <span class='ocr_line' id='line_1_98' title="bbox 2070 4008 3650 4081; baseline -0.001 -17"><span class='ocrx_word' id='word_1_728' title='bbox 2070 4009 2263 4080; x_wconf 76' lang='grc' dir='ltr'>ψάμην</span> <span class='ocrx_word' id='word_1_729' title='bbox 2295 4009 2389 4064; x_wconf 73' lang='grc' dir='ltr'><strong>καὶ</strong></span> <span class='ocrx_word' id='word_1_730' title='bbox 2433 4008 2740 4080; x_wconf 81' lang='grc' dir='ltr'>ἐπέπληξα.</span> <span class='ocrx_word' id='word_1_731' title='bbox 2790 4010 2950 4063; x_wconf 83' lang='grc' dir='ltr'>Ἀλλά</span> <span class='ocrx_word' id='word_1_732' title='bbox 3010 4015 3106 4064; x_wconf 76' lang='grc' dir='ltr'>καὶ</span> <span class='ocrx_word' id='word_1_733' title='bbox 3152 4012 3288 4081; x_wconf 73' lang='grc' dir='ltr'>πρὸς</span> <span class='ocrx_word' id='word_1_734' title='bbox 3335 4009 3509 4064; x_wconf 79' lang='grc' dir='ltr'>ταῦτα</span> <span class='ocrx_word' id='word_1_735' title='bbox 3548 4011 3650 4062; x_wconf 74' lang='grc' dir='ltr'>οὐκ</span> 
     </span>
    </p>
   </div>
   <div class='ocr_carea' id='block_1_99' title="bbox 2072 4101 3646 4174">
    <p class='ocr_par' dir='ltr' id='par_1_99' title="bbox 2072 4101 3646 4174">
     <span class='ocr_line' id='line_1_99' title="bbox 2072 4101 3646 4174; baseline 0.001 -20"><span class='ocrx_word' id='word_1_736' title='bbox 2072 4104 2359 4173; x_wconf 76' lang='grc' dir='ltr'>ἠπόρησαν</span> <span class='ocrx_word' id='word_1_737' title='bbox 2393 4101 2725 4170; x_wconf 77' lang='grc' dir='ltr'>ἀπολογίαςο</span> <span class='ocrx_word' id='word_1_738' title='bbox 2795 4103 2843 4154; x_wconf 88' lang='grc' dir='ltr'><strong>εἰ</strong></span> <span class='ocrx_word' id='word_1_739' title='bbox 2876 4102 2932 4155; x_wconf 83' lang='grc' dir='ltr'>δὲ</span> <span class='ocrx_word' id='word_1_740' title='bbox 2984 4101 3192 4173; x_wconf 82' lang='grc' dir='ltr'>ἀληθὴς</span> <span class='ocrx_word' id='word_1_741' title='bbox 3222 4105 3254 4174; x_wconf 86' lang='grc' dir='ltr'><strong>ή</strong></span> <span class='ocrx_word' id='word_1_742' title='bbox 3284 4104 3549 4171; x_wconf 84' lang='grc' dir='ltr'>ἀπολογία</span> <span class='ocrx_word' id='word_1_743' title='bbox 3582 4105 3646 4156; x_wconf 74' lang='grc' dir='ltr'>σὺ</span> 
     </span>
    </p>
   </div>
   <div class='ocr_carea' id='block_1_100' title="bbox 2073 4193 3629 4265">
    <p class='ocr_par' dir='ltr' id='par_1_100' title="bbox 2073 4193 3629 4265">
     <span class='ocr_line' id='line_1_100' title="bbox 2073 4193 3629 4265; baseline -0.001 -16"><span class='ocrx_word' id='word_1_744' title='bbox 2073 4193 2141 4249; x_wconf 82' lang='grc' dir='ltr'>ἂν</span> <span class='ocrx_word' id='word_1_745' title='bbox 2166 4194 2387 4264; x_wconf 79' lang='grc' dir='ltr'>εἰδείης.</span> <span class='ocrx_word' id='word_1_746' title='bbox 2418 4195 2668 4265; x_wconf 82' lang='grc' dir='ltr'>Ἔφησαν</span> <span class='ocrx_word' id='word_1_747' title='bbox 2690 4195 2798 4265; x_wconf 80' lang='grc' dir='ltr'>γὰρ</span> <span class='ocrx_word' id='word_1_748' title='bbox 2827 4194 2909 4246; x_wconf 84' lang='grc' dir='ltr'>ὅτι</span> <span class='ocrx_word' id='word_1_749' title='bbox 2947 4195 3055 4248; x_wconf 91' lang='grc' dir='ltr'><strong>τῶν</strong></span> <span class='ocrx_word' id='word_1_750' title='bbox 3106 4195 3434 4263; x_wconf 84' lang='grc' dir='ltr'>Βουλγάρων</span> <span class='ocrx_word' id='word_1_751' title='bbox 3484 4195 3629 4248; x_wconf 81' lang='grc' dir='ltr'>πολὲ·</span> 
     </span>
    </p>
   </div>
   <div class='ocr_carea' id='block_1_101' title="bbox 2077 4285 3651 4358">
    <p class='ocr_par' dir='ltr' id='par_1_101' title="bbox 2077 4285 3651 4358">
     <span class='ocr_line' id='line_1_101' title="bbox 2077 4285 3651 4358; baseline 0 -19"><span class='ocrx_word' id='word_1_752' title='bbox 2077 4304 2177 4355; x_wconf 89' lang='grc' dir='ltr'><strong>μου</strong></span> <span class='ocrx_word' id='word_1_753' title='bbox 2210 4287 2375 4356; x_wconf 82' lang='grc' dir='ltr'>νόμου</span> <span class='ocrx_word' id='word_1_754' title='bbox 2409 4285 2782 4351; x_wconf 76' lang='grc' dir='ltr'>ἐξελασάντων</span> <span class='ocrx_word' id='word_1_755' title='bbox 2803 4285 2945 4339; x_wconf 86' lang='grc' dir='ltr'>κατά</span> <span class='ocrx_word' id='word_1_756' title='bbox 2961 4285 3069 4338; x_wconf 82' lang='grc' dir='ltr'><strong>τῶν</strong></span> <span class='ocrx_word' id='word_1_757' title='bbox 3098 4289 3156 4339; x_wconf 82' lang='grc' dir='ltr'>ἐν</span> <span class='ocrx_word' id='word_1_758' title='bbox 3193 4288 3480 4358; x_wconf 68' lang='grc' dir='ltr'>Δυρραχίῳ</span> <span class='ocrx_word' id='word_1_759' title='bbox 3519 4287 3651 4339; x_wconf 82' lang='grc' dir='ltr'><strong>Ῥω-</strong></span> 
     </span>
    </p>
   </div>
   <div class='ocr_carea' id='block_1_102' title="bbox 2075 4379 3649 4451">
    <p class='ocr_par' dir='ltr' id='par_1_102' title="bbox 2075 4379 3649 4451">
     <span class='ocr_line' id='line_1_102' title="bbox 2075 4379 3649 4451; baseline 0.001 -21"><span class='ocrx_word' id='word_1_760' title='bbox 2075 4379 2293 4448; x_wconf 84' lang='grc' dir='ltr'>μαϊκῶν</span> <span class='ocrx_word' id='word_1_761' title='bbox 2333 4379 2539 4443; x_wconf 82' lang='grc' dir='ltr'>τόπων,</span> <span class='ocrx_word' id='word_1_762' title='bbox 2572 4380 2666 4432; x_wconf 79' lang='grc' dir='ltr'>καὶ</span> <span class='ocrx_word' id='word_1_763' title='bbox 2723 4379 2866 4432; x_wconf 81' lang='grc' dir='ltr'>κατὰ</span> <span class='ocrx_word' id='word_1_764' title='bbox 2895 4379 3004 4432; x_wconf 88' lang='grc' dir='ltr'><strong>τῶν</strong></span> <span class='ocrx_word' id='word_1_765' title='bbox 3032 4381 3088 4430; x_wconf 80' lang='grc' dir='ltr'>ἐν</span> <span class='ocrx_word' id='word_1_766' title='bbox 3135 4379 3528 4451; x_wconf 79' lang='grc' dir='ltr'>Θεσσαλονίκῃ,</span> <span class='ocrx_word' id='word_1_767' title='bbox 3561 4382 3649 4447; x_wconf 70' lang='grc' dir='ltr'><strong>γὲι</strong></span> 
     </span>
    </p>
   </div>
   <div class='ocr_carea' id='block_1_103' title="bbox 2076 4469 3650 4542">
    <p class='ocr_par' dir='ltr' id='par_1_103' title="bbox 2076 4469 3650 4542">
     <span class='ocr_line' id='line_1_103' title="bbox 2076 4469 3650 4542; baseline 0.002 -20"><span class='ocrx_word' id='word_1_768' title='bbox 2076 4486 2235 4538; x_wconf 89' lang='grc' dir='ltr'>γονεν</span> <span class='ocrx_word' id='word_1_769' title='bbox 2271 4469 2498 4539; x_wconf 78' lang='grc' dir='ltr'>ἀφορμὴ</span> <span class='ocrx_word' id='word_1_770' title='bbox 2521 4469 2616 4521; x_wconf 83' lang='grc' dir='ltr'><strong>τοῦ</strong></span> <span class='ocrx_word' id='word_1_771' title='bbox 2643 4470 2781 4540; x_wconf 70' lang='grc' dir='ltr'>πρὸς</span> <span class='ocrx_word' id='word_1_772' title='bbox 2819 4471 2919 4542; x_wconf 78' lang='grc' dir='ltr'>τὴν</span> <span class='ocrx_word' id='word_1_773' title='bbox 2950 4472 3054 4540; x_wconf 78' lang='grc' dir='ltr'>γῆν</span> <span class='ocrx_word' id='word_1_774' title='bbox 3086 4469 3196 4524; x_wconf 89' lang='grc' dir='ltr'><strong>τῶν</strong></span> <span class='ocrx_word' id='word_1_775' title='bbox 3228 4471 3558 4542; x_wconf 84' lang='grc' dir='ltr'>Βουλγάρων</span> <span class='ocrx_word' id='word_1_776' title='bbox 3583 4474 3650 4526; x_wconf 81' lang='grc' dir='ltr'><strong>τά</strong></span> 
     </span>
    </p>
   </div>
   <div class='ocr_carea' id='block_1_104' title="bbox 2088 4560 3672 4630">
    <p class='ocr_par' dir='ltr' id='par_1_104' title="bbox 2088 4560 3672 4630">
     <span class='ocr_line' id='line_1_104' title="bbox 2088 4560 3672 4630; baseline 0.001 -16"><span class='ocrx_word' id='word_1_777' title='bbox 2088 4562 2376 4628; x_wconf 74' lang='grc' dir='ltr'>Ῥωμαῖκὰ</span> <span class='ocrx_word' id='word_1_778' title='bbox 2425 4560 2809 4630; x_wconf 83' lang='grc' dir='ltr'>στρατεύματα</span> <span class='ocrx_word' id='word_1_779' title='bbox 2859 4563 3156 4615; x_wconf 83' lang='grc' dir='ltr'>εἰσελθεῖν·</span> <span class='ocrx_word' id='word_1_780' title='bbox 3195 4565 3294 4618; x_wconf 77' lang='grc' dir='ltr'>καὶ</span> <span class='ocrx_word' id='word_1_781' title='bbox 3320 4565 3432 4617; x_wconf 78' lang='grc' dir='ltr'>οὐδ’</span> <span class='ocrx_word' id='word_1_782' title='bbox 3469 4564 3672 4627; x_wconf 67' lang='grc' dir='ltr'>οὕτως*</span> 
     </span>
    </p>
   </div>
   <div class='ocr_carea' id='block_1_105' title="bbox 1950 4650 3650 4727">
    <p class='ocr_par' dir='ltr' id='par_1_105' title="bbox 1950 4650 3650 4727">
     <span class='ocr_line' id='line_1_105' title="bbox 1950 4650 3650 4727; baseline 0 -17"><span class='ocrx_word' id='word_1_783' title='bbox 1950 4657 1963 4695; x_wconf 71' lang='grc'>³</span> <span class='ocrx_word' id='word_1_784' title='bbox 2002 4655 2044 4710; x_wconf 82' lang='grc' dir='ltr'><strong>Ι)</strong></span> <span class='ocrx_word' id='word_1_785' title='bbox 2075 4654 2398 4724; x_wconf 73' lang='grc' dir='ltr'>ἐπιδρομὰς,</span> <span class='ocrx_word' id='word_1_786' title='bbox 2429 4655 2547 4718; x_wconf 76' lang='grc' dir='ltr'>οἵας</span> <span class='ocrx_word' id='word_1_787' title='bbox 2587 4650 2727 4709; x_wconf 75' lang='grc' dir='ltr'>οἶδεν</span> <span class='ocrx_word' id='word_1_788' title='bbox 2759 4657 2786 4708; x_wconf 88' lang='grc' dir='ltr'>ὀ</span> <span class='ocrx_word' id='word_1_789' title='bbox 2818 4656 3078 4725; x_wconf 84' lang='grc' dir='ltr'>πόλεμος,</span> <span class='ocrx_word' id='word_1_790' title='bbox 3113 4655 3362 4724; x_wconf 76' lang='grc' dir='ltr'>ἔγνωσαν</span> <span class='ocrx_word' id='word_1_791' title='bbox 3413 4658 3650 4727; x_wconf 80' lang='grc' dir='ltr'>διαπρά-</span> 
     </span>
    </p>
   </div>
   <div class='ocr_carea' id='block_1_106' title="bbox 2073 4746 3650 4817">
    <p class='ocr_par' dir='ltr' id='par_1_106' title="bbox 2073 4746 3650 4817">
     <span class='ocr_line' id='line_1_106' title="bbox 2073 4746 3650 4817; baseline -0.001 -18"><span class='ocrx_word' id='word_1_792' title='bbox 2073 4746 2297 4813; x_wconf 81' lang='grc' dir='ltr'>ξασθαι·</span> <span class='ocrx_word' id='word_1_793' title='bbox 2337 4746 2512 4800; x_wconf 81' lang='grc' dir='ltr'>ταῦτα</span> <span class='ocrx_word' id='word_1_794' title='bbox 2558 4747 2605 4798; x_wconf 83' lang='grc' dir='ltr'><strong>εἰ</strong></span> <span class='ocrx_word' id='word_1_795' title='bbox 2634 4746 2778 4799; x_wconf 80' lang='grc' dir='ltr'>οὓτω</span> <span class='ocrx_word' id='word_1_796' title='bbox 2832 4749 3078 4815; x_wconf 80' lang='grc' dir='ltr'>γέγονεν,</span> <span class='ocrx_word' id='word_1_797' title='bbox 3124 4746 3234 4815; x_wconf 80' lang='grc' dir='ltr'><strong>ἐγὼ</strong></span> <span class='ocrx_word' id='word_1_798' title='bbox 3268 4748 3367 4817; x_wconf 78' lang='grc' dir='ltr'>μὲν</span> <span class='ocrx_word' id='word_1_799' title='bbox 3400 4747 3500 4799; x_wconf 81' lang='grc' dir='ltr'>οὐκ</span> <span class='ocrx_word' id='word_1_800' title='bbox 3529 4749 3650 4800; x_wconf 66' lang='grc' dir='ltr'>ἐπί-</span> 
     </span>
    </p>
   </div>
   <div class='ocr_carea' id='block_1_107' title="bbox 2077 4834 3654 4910">
    <p class='ocr_par' dir='ltr' id='par_1_107' title="bbox 2077 4834 3654 4910">
     <span class='ocr_line' id='line_1_107' title="bbox 2077 4834 3654 4910; baseline 0.002 -19"><span class='ocrx_word' id='word_1_801' title='bbox 2077 4856 2285 4907; x_wconf 85' lang='grc' dir='ltr'>σταμαι</span> <span class='ocrx_word' id='word_1_802' title='bbox 2309 4855 2322 4869; x_wconf 75' lang='grc'><strong><em>⁸</em></strong></span> <span class='ocrx_word' id='word_1_803' title='bbox 2350 4834 2496 4894; x_wconf 73' lang='grc' dir='ltr'>οὗτοι</span> <span class='ocrx_word' id='word_1_804' title='bbox 2529 4839 2584 4891; x_wconf 83' lang='grc' dir='ltr'>δὲ</span> <span class='ocrx_word' id='word_1_805' title='bbox 2621 4839 3073 4910; x_wconf 79' lang='grc' dir='ltr'>διισχυρίζονται,</span> <span class='ocrx_word' id='word_1_806' title='bbox 3103 4841 3195 4892; x_wconf 86' lang='grc' dir='ltr'>σὸν</span> <span class='ocrx_word' id='word_1_807' title='bbox 3243 4842 3298 4893; x_wconf 83' lang='grc' dir='ltr'><em>δέ</em></span> <span class='ocrx_word' id='word_1_808' title='bbox 3345 4843 3491 4893; x_wconf 82' lang='grc' dir='ltr'>ἐστιν</span> <span class='ocrx_word' id='word_1_809' title='bbox 3519 4840 3654 4894; x_wconf 78' lang='grc' dir='ltr'>εἰδέο</span> 
     </span>
    </p>
   </div>
   <div class='ocr_carea' id='block_1_108' title="bbox 2075 4932 3653 5003">
    <p class='ocr_par' dir='ltr' id='par_1_108' title="bbox 2075 4932 3653 5003">
     <span class='ocr_line' id='line_1_108' title="bbox 2075 4932 3653 5003; baseline -0.001 -17"><span class='ocrx_word' id='word_1_810' title='bbox 2075 4949 2165 4986; x_wconf 82' lang='grc' dir='ltr'><strong>ναι</strong></span> <span class='ocrx_word' id='word_1_811' title='bbox 2192 4933 2289 4984; x_wconf 74' lang='grc' dir='ltr'>καὶ</span> <span class='ocrx_word' id='word_1_812' title='bbox 2313 4933 2414 5002; x_wconf 81' lang='grc' dir='ltr'>τῆς</span> <span class='ocrx_word' id='word_1_813' title='bbox 2447 4933 2544 5002; x_wconf 83' lang='grc' dir='ltr'>σῆς</span> <span class='ocrx_word' id='word_1_814' title='bbox 2569 4932 2841 5001; x_wconf 77' lang='grc' dir='ltr'>ἔμφρονος</span> <span class='ocrx_word' id='word_1_815' title='bbox 2881 4933 3247 5002; x_wconf 82' lang='grc' dir='ltr'>συνειδήσεως</span> <span class='ocrx_word' id='word_1_816' title='bbox 3271 4933 3332 4986; x_wconf 79' lang='grc' dir='ltr'>τὸ</span> <span class='ocrx_word' id='word_1_817' title='bbox 3363 4934 3439 5003; x_wconf 86' lang='grc' dir='ltr'>μὴ</span> <span class='ocrx_word' id='word_1_818' title='bbox 3472 4935 3653 5002; x_wconf 84' lang='grc' dir='ltr'>ἀπαρ-</span> 
     </span>
    </p>
   </div>
   <div class='ocr_carea' id='block_1_109' title="bbox 2076 5023 3651 5096">
    <p class='ocr_par' dir='ltr' id='par_1_109' title="bbox 2076 5023 3651 5096">
     <span class='ocr_line' id='line_1_109' title="bbox 2076 5023 3651 5096; baseline 0.001 -20"><span class='ocrx_word' id='word_1_819' title='bbox 2076 5023 2286 5077; x_wconf 75' lang='grc' dir='ltr'>νεῖσθαι</span> <span class='ocrx_word' id='word_1_820' title='bbox 2313 5026 2371 5077; x_wconf 77' lang='grc' dir='ltr'><strong>το</strong></span> <span class='ocrx_word' id='word_1_821' title='bbox 2399 5025 2644 5092; x_wconf 84' lang='grc' dir='ltr'>γεγονός.</span> <span class='ocrx_word' id='word_1_822' title='bbox 2687 5024 2869 5086; x_wconf 83' lang='grc' dir='ltr'>Ἀλλὰ,</span> <span class='ocrx_word' id='word_1_823' title='bbox 2905 5027 3096 5080; x_wconf 83' lang='grc' dir='ltr'>τέκνον</span> <span class='ocrx_word' id='word_1_824' title='bbox 3123 5027 3303 5096; x_wconf 80' lang='grc' dir='ltr'>ἡμῶν,</span> <span class='ocrx_word' id='word_1_825' title='bbox 3326 5027 3510 5079; x_wconf 77' lang='grc' dir='ltr'>ὁποῖαί</span> <span class='ocrx_word' id='word_1_826' title='bbox 3535 5025 3651 5078; x_wconf 78' lang='grc' dir='ltr'>ποτ’</span> 
     </span>
    </p>
   </div>
   <div class='ocr_carea' id='block_1_110' title="bbox 2074 5115 3655 5186">
    <p class='ocr_par' dir='ltr' id='par_1_110' title="bbox 2074 5115 3655 5186">
     <span class='ocr_line' id='line_1_110' title="bbox 2074 5115 3655 5186; baseline 0.001 -18"><span class='ocrx_word' id='word_1_827' title='bbox 2074 5116 2142 5168; x_wconf 77' lang='grc' dir='ltr'>ἂν</span> <span class='ocrx_word' id='word_1_828' title='bbox 2181 5118 2235 5168; x_wconf 86' lang='grc' dir='ltr'><strong>αἰ</strong></span> <span class='ocrx_word' id='word_1_829' title='bbox 2269 5115 2563 5185; x_wconf 87' lang='grc' dir='ltr'>ἁπολογίαι</span> <span class='ocrx_word' id='word_1_830' title='bbox 2601 5115 2709 5167; x_wconf 72' lang='grc' dir='ltr'><strong>τῶν</strong></span> <span class='ocrx_word' id='word_1_831' title='bbox 2736 5115 2972 5168; x_wconf 81' lang='grc' dir='ltr'>ἐνταῦθα</span> <span class='ocrx_word' id='word_1_832' title='bbox 3029 5119 3342 5186; x_wconf 86' lang='grc' dir='ltr'>γεγόνασιν,</span> <span class='ocrx_word' id='word_1_833' title='bbox 3367 5119 3466 5170; x_wconf 78' lang='grc' dir='ltr'>οὐκ</span> <span class='ocrx_word' id='word_1_834' title='bbox 3497 5117 3655 5170; x_wconf 70' lang='grc' dir='ltr'>εὐλό-</span> 
     </span>
    </p>
   </div>
   <div class='ocr_carea' id='block_1_111' title="bbox 2079 5208 3656 5278">
    <p class='ocr_par' dir='ltr' id='par_1_111' title="bbox 2079 5208 3656 5278">
     <span class='ocr_line' id='line_1_111' title="bbox 2079 5208 3656 5278; baseline 0.001 -18"><span class='ocrx_word' id='word_1_835' title='bbox 2079 5225 2208 5276; x_wconf 86' lang='grc' dir='ltr'>γους</span> <span class='ocrx_word' id='word_1_836' title='bbox 2239 5208 2409 5270; x_wconf 78' lang='grc' dir='ltr'>αὐτάς</span> <span class='ocrx_word' id='word_1_837' title='bbox 2465 5209 2785 5278; x_wconf 80' lang='grc' dir='ltr'>ἡγησάμην,</span> <span class='ocrx_word' id='word_1_838' title='bbox 2837 5208 2933 5261; x_wconf 79' lang='grc' dir='ltr'>καὶ</span> <span class='ocrx_word' id='word_1_839' title='bbox 2976 5209 3062 5264; x_wconf 78' lang='grc' dir='ltr'><strong>διὰ</strong></span> <span class='ocrx_word' id='word_1_840' title='bbox 3120 5210 3277 5264; x_wconf 79' lang='grc' dir='ltr'>τοῦτο</span> <span class='ocrx_word' id='word_1_841' title='bbox 3342 5210 3434 5264; x_wconf 79' lang='grc' dir='ltr'>καὶ</span> <span class='ocrx_word' id='word_1_842' title='bbox 3468 5209 3656 5262; x_wconf 76' lang='grc' dir='ltr'>ὀνειδι-</span> 
     </span>
    </p>
   </div>
   <div class='ocr_carea' id='block_1_112' title="bbox 2083 5297 3646 5373">
    <p class='ocr_par' dir='ltr' id='par_1_112' title="bbox 2083 5297 3646 5373">
     <span class='ocr_line' id='line_1_112' title="bbox 2083 5297 3646 5373; baseline 0.002 -23"><span class='ocrx_word' id='word_1_843' title='bbox 2083 5300 2260 5367; x_wconf 83' lang='grc' dir='ltr'>σμοῖς,</span> <span class='ocrx_word' id='word_1_844' title='bbox 2291 5299 2382 5350; x_wconf 71' lang='grc' dir='ltr'>καὶ</span> <span class='ocrx_word' id='word_1_845' title='bbox 2416 5297 2711 5367; x_wconf 77' lang='grc' dir='ltr'>μέμψεσιν,</span> <span class='ocrx_word' id='word_1_846' title='bbox 2748 5297 2845 5352; x_wconf 74' lang='grc' dir='ltr'><strong>καὶ</strong></span> <span class='ocrx_word' id='word_1_847' title='bbox 2893 5301 3279 5373; x_wconf 78' lang='grc' dir='ltr'>ὲπιτιμήσεσιν</span> <span class='ocrx_word' id='word_1_848' title='bbox 3330 5301 3646 5373; x_wconf 78' lang='grc' dir='ltr'>ἠμυνάμην,</span> 
     </span>
    </p>
   </div>
   <div class='ocr_carea' id='block_1_113' title="bbox 2076 5388 3656 5463">
    <p class='ocr_par' dir='ltr' id='par_1_113' title="bbox 2076 5388 3656 5463">
     <span class='ocr_line' id='line_1_113' title="bbox 2076 5388 3656 5463; baseline 0.004 -21"><span class='ocrx_word' id='word_1_849' title='bbox 2076 5389 2171 5442; x_wconf 71' lang='grc' dir='ltr'><strong>καὶ</strong></span> <span class='ocrx_word' id='word_1_850' title='bbox 2212 5389 2290 5440; x_wconf 77' lang='grc' dir='ltr'>ἔτι</span> <span class='ocrx_word' id='word_1_851' title='bbox 2337 5389 2398 5440; x_wconf 79' lang='grc' dir='ltr'>οὐ</span> <span class='ocrx_word' id='word_1_852' title='bbox 2433 5388 2782 5460; x_wconf 76' lang='grc' dir='ltr'>διαλείψομαι</span> <span class='ocrx_word' id='word_1_853' title='bbox 2817 5394 3179 5463; x_wconf 78' lang='grc' dir='ltr'>ἀμυνόμενος.</span> <span class='ocrx_word' id='word_1_854' title='bbox 3213 5394 3309 5446; x_wconf 82' lang='grc' dir='ltr'><strong>.Σὲ</strong></span> <span class='ocrx_word' id='word_1_855' title='bbox 3349 5395 3405 5446; x_wconf 83' lang='grc' dir='ltr'>δὲ</span> <span class='ocrx_word' id='word_1_856' title='bbox 3432 5389 3519 5447; x_wconf 78' lang='grc' dir='ltr'>οἷα</span> <span class='ocrx_word' id='word_1_857' title='bbox 3550 5410 3656 5448; x_wconf 81' lang='grc' dir='ltr'>πα·</span> 
     </span>
    </p>
   </div>
   <div class='ocr_carea' id='block_1_114' title="bbox 2075 5481 3654 5557">
    <p class='ocr_par' dir='ltr' id='par_1_114' title="bbox 2075 5481 3654 5557">
     <span class='ocr_line' id='line_1_114' title="bbox 2075 5481 3654 5557; baseline 0.004 -24"><span class='ocrx_word' id='word_1_858' title='bbox 2075 5481 2186 5552; x_wconf 90' lang='grc' dir='ltr'>ρὼν</span> <span class='ocrx_word' id='word_1_859' title='bbox 2217 5483 2311 5534; x_wconf 75' lang='grc' dir='ltr'>καὶ</span> <span class='ocrx_word' id='word_1_860' title='bbox 2347 5481 2424 5547; x_wconf 87' lang='grc' dir='ltr'>τῷ</span> <span class='ocrx_word' id='word_1_861' title='bbox 2461 5482 2539 5552; x_wconf 84' lang='grc' dir='ltr'>σῷ</span> <span class='ocrx_word' id='word_1_862' title='bbox 2571 5484 2829 5556; x_wconf 84' lang='grc' dir='ltr'>τραχήλῳ</span> <span class='ocrx_word' id='word_1_863' title='bbox 2862 5485 3199 5556; x_wconf 79' lang='grc' dir='ltr'>περιχυθεὶς,</span> <span class='ocrx_word' id='word_1_864' title='bbox 3245 5487 3426 5540; x_wconf 81' lang='grc' dir='ltr'>ταῦτα</span> <span class='ocrx_word' id='word_1_865' title='bbox 3467 5503 3654 5557; x_wconf 69' lang='grc' dir='ltr'>παραυ</span> 
     </span>
    </p>
   </div>
   <div class='ocr_carea' id='block_1_115' title="bbox 2079 5575 3656 5650">
    <p class='ocr_par' dir='ltr' id='par_1_115' title="bbox 2079 5575 3656 5650">
     <span class='ocr_line' id='line_1_115' title="bbox 2079 5575 3656 5650; baseline 0.004 -22"><span class='ocrx_word' id='word_1_866' title='bbox 2079 5575 2228 5630; x_wconf 85' lang='grc' dir='ltr'><strong>καλῶ</strong></span> <span class='ocrx_word' id='word_1_867' title='bbox 2247 5591 2260 5604; x_wconf 92' lang='grc'><strong>·</strong></span> <span class='ocrx_word' id='word_1_868' title='bbox 2290 5575 2590 5630; x_wconf 86' lang='grc' dir='ltr'>παυσάσθω</span> <span class='ocrx_word' id='word_1_869' title='bbox 2619 5579 2725 5642; x_wconf 75' lang='grc' dir='ltr'>ἕως</span> <span class='ocrx_word' id='word_1_870' title='bbox 2765 5579 2956 5632; x_wconf 84' lang='grc' dir='ltr'>τούτου</span> <span class='ocrx_word' id='word_1_871' title='bbox 2990 5579 3059 5631; x_wconf 73' lang='grc' dir='ltr'>τὰ</span> <span class='ocrx_word' id='word_1_872' title='bbox 3089 5578 3340 5648; x_wconf 82' lang='grc' dir='ltr'>χαλεπάο</span> <span class='ocrx_word' id='word_1_873' title='bbox 3374 5581 3656 5650; x_wconf 85' lang='grc' dir='ltr'>γνωρίσω-</span> 
     </span>
    </p>
   </div>
   <div class='ocr_carea' id='block_1_116' title="bbox 2082 5669 3656 5742">
    <p class='ocr_par' dir='ltr' id='par_1_116' title="bbox 2082 5669 3656 5742">
     <span class='ocr_line' id='line_1_116' title="bbox 2082 5669 3656 5742; baseline 0.003 -24"><span class='ocrx_word' id='word_1_874' title='bbox 2082 5684 2182 5735; x_wconf 85' lang='grc' dir='ltr'><strong>μεν</strong></span> <span class='ocrx_word' id='word_1_875' title='bbox 2234 5669 2491 5732; x_wconf 79' lang='grc' dir='ltr'>ὲαυτοὺς,</span> <span class='ocrx_word' id='word_1_876' title='bbox 2539 5669 2994 5740; x_wconf 76' lang='grc' dir='ltr'>άναλογιζώμεθα</span> <span class='ocrx_word' id='word_1_877' title='bbox 3043 5672 3126 5722; x_wconf 82' lang='grc' dir='ltr'>ὅτι</span> <span class='ocrx_word' id='word_1_878' title='bbox 3188 5671 3431 5738; x_wconf 80' lang='grc' dir='ltr'>Χριστοῦ</span> <span class='ocrx_word' id='word_1_879' title='bbox 3485 5673 3656 5742; x_wconf 83' lang='grc' dir='ltr'>ἐσμεν</span> 
     </span>
    </p>
   </div>
   <div class='ocr_carea' id='block_1_117' title="bbox 2079 5759 3657 5837">
    <p class='ocr_par' dir='ltr' id='par_1_117' title="bbox 2079 5759 3657 5837">
     <span class='ocr_line' id='line_1_117' title="bbox 2079 5759 3657 5837; baseline 0.001 -25"><span class='ocrx_word' id='word_1_880' title='bbox 2079 5759 2408 5830; x_wconf 67' lang='grc' dir='ltr'>κληρονῦμοι</span> <span class='ocrx_word' id='word_1_881' title='bbox 2431 5777 2443 5791; x_wconf 89' lang='grc'><strong>·</strong></span> <span class='ocrx_word' id='word_1_882' title='bbox 2475 5763 2642 5816; x_wconf 75' lang='grc' dir='ltr'>καὶέἰ</span> <span class='ocrx_word' id='word_1_883' title='bbox 2673 5766 2767 5817; x_wconf 76' lang='grc' dir='ltr'>καὶ</span> <span class='ocrx_word' id='word_1_884' title='bbox 2797 5765 2912 5826; x_wconf 86' lang='grc' dir='ltr'>τοῖς</span> <span class='ocrx_word' id='word_1_885' title='bbox 2952 5762 3137 5833; x_wconf 78' lang='grc' dir='ltr'>γένεσι</span> <span class='ocrx_word' id='word_1_886' title='bbox 3172 5762 3512 5837; x_wconf 76' lang='grc' dir='ltr'>διῃρήμεθα,</span> <span class='ocrx_word' id='word_1_887' title='bbox 3541 5763 3657 5817; x_wconf 75' lang='grc' dir='ltr'>ἀλλ’</span> 
     </span>
    </p>
   </div>
  </div>
