3996 6208
412 257 485 322 77

1871 282 1988 339 EPl
2001 281 2278 343 STOLE.
3604 293 3672 356 78

411 375 473 426 ἓν
498 374 658 445 σῶμα
685 379 751 446 τῇ
785 379 969 434 πίστει
999 383 1186 454 ἐσμὲν,
1229 387 1323 440 καὶ
1344 388 1476 456 μίαν
1502 392 1746 463 κεφαλὴν
1784 397 1986 466 κεκτή-

2099 413 2308 462 smnus,
2339 396 2758 475 appellationem
2785 409 3027 455 nostram
3055 405 3270 458 mentiri
3291 422 3354 459 ne
3379 406 3670 476 faciamus;

418 463 565 554 μεθα
593 466 684 520 τὸν
710 469 969 541 Χριστὸν,
1001 475 1094 528 καὶ
1111 476 1360 548 ἀλλήλων
1389 480 1556 550 ἐσμὲν
1582 483 1744 554 μέλη,
1771 487 1866 540 καὶ
1895 463 1994 543 uix

408 549 521 607 οἶδε
545 556 613 610 τὰ
665 558 802 629 μέλη
849 562 976 614 καθ’
1022 563 1234 620 ἑαυτῶν
1266 549 1615 635 στασιάζειν-ο
1680 549 1816 632 ἀλλά
1854 581 1994 634 κατά

405 645 502 697 τὸν
542 649 816 719 μακάριον
863 652 1210 724 Ἀπόστολον,
1256 674 1276 706 ι
1316 657 1379 711 Ei
1434 661 1637 731 πάσχει
1679 664 1737 716 ἓν
1797 667 1986 736 μέλος,

405 736 592 832 πάντα
615 739 684 791 τά
716 742 854 812 μέλη
892 745 1223 832 συμπάσχει.
1264 767 1282 800 ι
1333 751 1654 822 Χριστιανοί
1701 758 1887 828 ἐσμεν,
1917 762 1992 832 μὴ

401 825 741 896 ψευδὼμεθα
765 829 863 901 τὴν
889 831 1081 904 κλῆσιν
1110 851 1124 866 ·
1154 837 1303 906 οἴμοι
1329 839 1439 892 τῶν
1462 839 1756 914 ἀφορήτων
1770 825 1987 904 ’κακῶνί

2100 492 2236 559 proh
2286 491 2649 546 intolerabilia
2701 493 2882 547 malai
2935 509 3053 558 eos,
3112 497 3204 566 qui
3243 514 3424 567 pacem
3451 502 3518 556 ad
3552 517 3670 558 omv

2098 596 2196 634 nes
2227 597 2447 636 scrvare
2493 593 2620 637 sunt
2651 583 2812 652 jussi,
2853 585 2906 638 in
2957 572 3188 642 invicem
3214 589 3508 644 cencitavit
3548 592 3659 647 dia-

2098 672 2256 728 bolus
2320 681 2380 728 ut
2433 675 2632 730 bellum
2673 687 2962 747 gererent;
3019 680 3113 749 qui
3174 681 3332 736 mites
3385 683 3437 734 in
3474 699 3666 739 omnes

2099 764 2348 821 [nomines
2383 781 2504 823 esse
2533 768 2750 836 debent,
2781 770 2838 828 in
2871 771 3103 829 invicem
3139 773 3321 830 furere
3359 775 3486 830 fecit
3521 775 3666 832 furo-

2099 855 2178 910 ris
2217 857 2506 926 magister.

402 920 546 982 Τοὺς
572 920 1000 1032 διδασκομένους
1034 929 1264 1000 εἰρήνην
1304 935 1444 1001 μετά
1493 935 1714 992 πάντων
1742 939 1984 1007 διώκειν,
2026 920 2406 1019 ἐξεπολέμωσε
2440 951 2561 1004 καθ’
2592 955 2824 1020 ἑαυτοὺς
2853 959 2881 1010 ὁ
2932 958 3178 1023 διάϐολος
3203 978 3214 990 ·
3241 963 3369 1026 τοὺς
3426 963 3669 1032 ὀφείλονο

401 1016 765 1123 ταςΙπΡαεῖς
819 1011 962 1072 εἶναι
1017 1023 1157 1092 πρὸς
1217 1025 1426 1092 πάντας
1483 1031 1831 1104 ἀνθρώπους,
1865 1038 1985 1094 κατ’
2061 1011 2307 1114 ἀλλήλων
2373 1048 2733 1118 ἐκμαίνεσθαι
2795 1054 3100 1122 πεποίηκεν
3140 1058 3165 1108 ὁ
3199 1056 3298 1123 τῆς
3347 1011 3544 1118 μανίας
3575 1058 3664 1120 ἀρ-

401 1105 598 1177 x016;-

483 1202 657 1296 Πάλαι
689 1203 790 1274 μὲν
824 1207 873 1259 οί
904 1207 996 1261 τὸν
1022 1211 1262 1282 Χριστὸν
1304 1216 1630 1287 ἐγνωκότες,
1655 1225 1703 1276 οἱ
1737 1226 1813 1296 τῷ
1847 1229 1994 1284 ἐκείο

404 1312 500 1348 νου
532 1295 677 1367 ἁγίῳ
701 1298 925 1369 ὀνόματι
969 1303 1418 1376 ἐπικεκλημένοι,
1479 1313 1580 1383 τὴν
1612 1316 1718 1384 γῆν
1767 1295 1881 1383 τοῖς
1919 1327 1998 1376 oi-

403 1387 578 1452 κείοις
599 1390 836 1458 ἡγίασαν
856 1394 1072 1464 αἵμασι,
1103 1397 1194 1450 τὸν
1217 1399 1354 1471 ἀέρα
1378 1403 1614 1470 εὐωδίας
1640 1408 1993 1480 ἐπλήρωσαν,

410 1479 507 1530 τὸν
535 1479 790 1534 διάϐολον
843 1485 940 1538 σὺν
967 1489 1081 1550 τοῖς
1133 1489 1298 1544 αὐτοῦ
1356 1495 1706 1567 κατῄσχυναν
1753 1502 1995 1574 δαίμοσι,

400 1575 519 1633 τοῖς
563 1573 818 1641 ἀγγέλοις
870 1578 1117 1650 χορεύειν
1156 1582 1400 1638 ἐδίδοσαν
1452 1591 1544 1642 καὶ
1587 1573 1856 1664 σκιρτᾷν,
1895 1597 1988 1654 τὸν

401 1665 690 1736 Δεσπότην
719 1670 840 1732 ταῖς
860 1670 1089 1735 οἰκείαις
1113 1674 1364 1741 ἐδόξαζον
1387 1685 1656 1749 σφαγαῖςο
1687 1687 1784 1740 νῦν
1811 1688 1867 1741 δὲ
1897 1691 1985 1756 ti;

396 1759 471 1809 .οΞ
522 1759 617 1812 τοῦ
680 1762 920 1831 Χριστοῦ
977 1765 1258 1838 ἐπώνυμοι
1301 1771 1536 1840 ἐμίαναν
1570 1777 1669 1848 τὴν
1727 1780 1832 1850 γῆν
1877 1786 1962 1837 τοῖ

401 1849 630 1914 οἰκείοις
663 1854 881 1923 αἵμασι,
917 1857 1186 1923 δυσωδίας
1221 1862 1533 1932 ἐνέπλησαν
1561 1868 1654 1920 τὸν
1697 1849 1856 1940 ἀέρα,
1895 1891 1988 1943 χο-

403 1940 594 2010 ρεύειν
614 1946 726 2007 τοῖς
757 1945 1010 2016 δαίμοσιν
1040 1950 1272 2019 ἔδωκαν,
1312 1957 1576 2013 ὑπόθεσιν
1608 1961 1704 2016 τοῦ
1740 1966 1988 2037 σκυθρω-

399 2035 602 2098 πάζειν
627 2040 735 2103 τοῖς
766 2041 1018 2109 ἀγγέλοις
1040 2048 1340 2118 παρέσχον,
1371 2052 1448 2123 τῷ
1481 2056 1731 2129 Δεσπὸτῃ
1766 2062 1992 2131 προεξέ-

398 2146 580 2198 νησαν
630 2129 819 2198 ἄλγος,
886 2130 1000 2187 οἷον
1048 2139 1160 2192 οὐδ’
1213 2142 1263 2192 οί
1295 2143 1388 2196 ἐπὶ
1446 2145 1539 2199 τοῦ
1579 2146 1742 2211 ξύλου
1797 2152 1988 2208 τοῦτον

402 2223 853 2292 σῖαυρὼσαντες.
914 2229 1026 2283 Καὶ
1082 2231 1164 2285 ὅτι
1214 2233 1389 2306 ἀληθῆ
1429 2239 1591 2307 λέγω,
1629 2243 1863 2314 πρόσχες
1895 2246 1990 2299 καὶ⁴

401 2315 670 2409 μάνθανε.
713 2318 862 2374 Ἐκεῖ
881 2323 979 2391 μὲν
1005 2323 1110 2396 γάρ
1141 2327 1187 2378 εἰ
1207 2329 1304 2382 καὶ
1337 2329 1598 2401 ἤλγειδιὰ
1621 2336 1720 2400 τὰς
1751 2337 1984 2409 πληγὰς.

399 2405 526 2456 ἀλλ’
550 2407 736 2478 ἔχαιρε
768 2411 854 2464 διὰ
882 2415 979 2484 τὴν
1011 2420 1290 2488 σωτηρίαν
1327 2422 1437 2476 τῶν
1465 2426 1607 2496 ὑπὲρ
1637 2422 1714 2481 ὧν
1755 2430 1813 2483 αἱ
1847 2432 1987 2502 πλη-

398 2496 537 2562 γαί·
573 2498 810 2556 ἐνταῦθα
843 2503 898 2556 δὲ
946 2505 1008 2558 τὸ
1069 2509 1168 2576 μὲν
1213 2510 1511 2572 ὀδυνᾶσθαι,
1565 2521 1820 2588 πάρεστι,
1851 2522 1910 2575 τὸ
1932 2496 1988 2576 δὲ

396 2591 619 2660 χαίρειν
647 2594 906 2664 οὐδαμοῦ.
944 2594 1072 2670 Ἆρ’
1096 2603 1196 2656 οὐκ
1239 2606 1466 2671 εἰκότως
1515 2610 1615 2663 ἀπ’
1643 2613 1824 2683 ἀρχῆς
1848 2618 1874 2668 ὁ
1899 2616 1987 2668 M—

405 2699 507 2749 γος
540 2688 822 2754 ποταμοὺς
869 2689 1053 2760 ἐζήτει
1081 2694 1358 2765 δακρύων,
1398 2701 1658 2757 τοιούτων
1692 2706 1988 2776 συμφορῶν

395 2776 504 2844 τὴν
549 2777 688 2849 ἐμὴν
741 2781 936 2836 ἀθλίαν
982 2790 1420 2858 περιισταμένων
1469 2791 1653 2867 ζωήν;
1733 2796 1818 2861 Ὠς
1873 2801 1987 2860 εἴθε

397 2871 846 2938 προαπολὼλειν,
882 2876 979 2930 καὶ
1011 2880 1086 2950 μὴ
1127 2881 1394 2947 τοιούτοις
1423 2885 1693 2954 ἀλγεινοῖς
1734 2890 1989 2961 πράγμα-

399 2979 491 3014 σιν
533 2966 564 3034 ὴ
593 2966 699 3038 ἐμὴ
729 2973 1129 3043 συνετετήρητο
1160 2974 1306 3046 ζωήί
1357 2979 1499 3036 Ἀλλ’
1536 2981 1590 3036 εἴ
1611 3000 1662 3034 τι
1694 3000 1774 3036 σοι
1810 2985 1986 3054 μέλει,

397 3057 599 3110 τέκνον
659 3060 838 3130 ἡμῶν,
875 3063 969 3116 τοῦ
1011 3066 1219 3121 ἄλυπον
1274 3069 1416 3124 εἶναι
1473 3074 1563 3126 τὸν
1609 3076 1847 3145 Χριστὸν
1894 3080 1988 3130 καὶ

2165 1241 2457 1308 Quondam
2491 1247 2583 1316 qui
2615 1247 2895 1306 Christum
2924 1263 3293 1324 cognoverant
3325 1253 3672 1324 ejusque-no-

2094 1331 2238 1388 mine
2269 1345 2462 1390 sancto
2506 1338 2947 1408 appellabantur,
2985 1346 3204 1413 proprio
3251 1344 3520 1414 sanguine
3556 1353 3667 1399 ter-

2094 1438 2211 1477 ram
2271 1428 2786 1495 sanetilicavcrunt.
2828 1435 3175 1491 suavissimis
3232 1437 3493 1492 odoribus
3542 1450 3671 1490 aera

2095 1518 2530 1587 compleverunt,
2567 1523 2844 1580 diabolum
2897 1543 3024 1582 cum
3071 1529 3188 1583 suis
3235 1529 3444 1598 angelis
3476 1527 3673 1583 confu-

2097 1606 2253 1662 sione
2296 1609 2621 1683 aﬂ‘ecerunt,
2668 1617 2877 1687 angelis
2913 1618 3094 1674 locum
3125 1621 3436 1676 evsultandi
3469 1631 3522 1676 et
3551 1622 3673 1690 glo-

2098 1701 2274 1756 riandi
2311 1702 2596 1770 dederunt,
2647 1721 2750 1763 suo
2795 1709 3016 1765 interitu
3061 1710 3352 1766 Dominum
3394 1712 3671 1784 gloriﬁca-

1965 1803 1990 1848 ς
2025 1796 2067 1852 Β
2094 1802 2316 1862 verunt;
2346 1811 2494 1852 nunc
2529 1808 2712 1856 autem
2754 1803 2928 1872 quid?
2969 1803 3267 1860 Christiani
3304 1816 3504 1862 terram
3537 1824 3672 1877 pro-

2095 1885 2378 1943 ximorum
2417 1894 2686 1963 sanguine
2714 1896 3153 1959 maculavcrunt,
3186 1901 3473 1956 teterrimo
3500 1902 3671 1956 odore

2095 1994 2224 2037 aera
2270 1983 2609 2054 iniecerunt,
2640 1990 2922 2046 exsultare
2950 1992 3229 2047 diabolum
3271 1992 3540 2057 fecerunt,
3573 2010 3674 2050 an-

2093 2075 2242 2144 gelos
2258 2079 2743 2148 contristaverunt,
2772 2081 3002 2138 Domino
3023 2083 3266 2139 dolorem
3299 2085 3668 2148 incusserunt.

2093 2169 2311 2240 qualem
2380 2187 2483 2228 nec
2532 2173 2634 2243 ipsi
2677 2175 2768 2244 qui
2806 2191 2930 2230 eum
2975 2176 3388 2233 eruciﬁxerunt.
3442 2178 3508 2232 Et
3541 2178 3668 2248 quia

2091 2276 2219 2316 vera
2269 2263 2429 2328 dico,
2466 2265 2750 2320 considera
2800 2278 2854 2322 et
2911 2282 3198 2336 agnosces.
3269 2268 3327 2323 Si
3361 2269 3434 2324 ibi
3469 2271 3668 2325 etenim

2093 2365 2313 2422 propter
2343 2357 2532 2429 plagas
2567 2359 2894 2428 patiebatur,
2940 2359 3209 2430 gaudebat
3252 2368 3435 2416 tamen
3472 2361 3542 2416 ob
3583 2376 3672 2416 sa-

2092 2445 2260 2501 lutem
2290 2465 2480 2504 eorum
2505 2466 2603 2521 pro
2641 2452 2841 2521 quibus
2883 2453 3061 2509 fuerat
3095 2457 3342 2526 plagatus
3375 2472 3389 2509 :
3426 2455 3515 2508 hic
3541 2469 3670 2509 vero

2094 2540 2203 2608 pati
2234 2548 2340 2603 est.
2395 2557 2502 2596 non
2555 2553 2736 2598 autem
2795 2547 3029 2613 gaudere
3068 2565 3079 2599 :
3125 2561 3306 2600 nonne
3351 2547 3476 2612 jure
3516 2545 3671 2599 initin

2093 2647 2278 2686 sermo
2315 2649 2468 2688 meus
2497 2635 2865 2706 lacrymarum
2898 2639 3045 2693 rivos
3069 2638 3304 2707 peti-hat,
3335 2641 3475 2692 inter
3500 2648 3579 2692 tot
3619 2647 3673 2692 et

2094 2730 2273 2780 tantas
2302 2725 2642 2780 calamitates
2683 2739 2934 2783 versante
2979 2746 3100 2784 mea
3138 2732 3338 2786 misera
3378 2732 3525 2784 vita?
3552 2731 3671 2785 Uti-

2093 2830 2220 2868 nam
2279 2816 2586 2885 periissem,
2635 2833 2734 2872 nec
2771 2821 2940 2875 tantis
2993 2821 3271 2877 doloribus
3329 2821 3524 2877 fuisset
3552 2839 3671 2877 mea

2092 2907 2197 2959 vita
2226 2918 2499 2962 reservata
2526 2911 2537 2963 !
2577 2907 2706 2964 Sed-
2737 2911 2783 2964 si
2814 2911 2908 2966 tibi
2934 2928 3080 2967 curre
3111 2921 3214 2976 est,
3246 2915 3340 2979 liii,
3383 2929 3490 2968 non
3537 2931 3671 2970 eon-

2095 2998 2294 3051 Iristari
2337 2997 2614 3053 Christum
2648 3008 2700 3054 et
2735 3000 2928 3066 Deum,
2961 3003 3051 3071 qui
3087 3018 3182 3071 pro
3218 3004 3373 3058 nobis
3418 3019 3446 3058 a
3489 3003 3671 3059 Patris

2094 3090 2215 3143 sinu
2250 3091 2467 3159 prodiit,
2524 3098 2616 3161 qui
2671 3102 2820 3148 tanta
2862 3110 3055 3163 passus
3117 3105 3202 3151 est
3231 3107 3288 3152 ut
3340 3112 3442 3150 nos
3472 3098 3675 3151 dolori-
3747 3108 3765 3123 '

396 3148 539 3202 Θεὸν
573 3152 730 3222 ἡμῶν
754 3153 843 3206 τὸν
868 3155 934 3208 δι’
965 3157 1112 3227 ἡμᾶς
1143 3161 1206 3213 ἐκ
1238 3161 1348 3214 τῶν
1375 3165 1659 3234 πατρικῶν
1682 3167 1988 3223 κενωθέντα

2099 3178 2196 3232 bus
2247 3148 2504 3236 liberaret
2526 3148 2554 3244 ς’
2577 3181 2623 3236 si
2653 3197 2761 3250 qua
2813 3148 2906 3236 tibi
2938 3185 3251 3239 sollicitudo
3312 3202 3419 3240 non
3471 3188 3677 3242 contri-

400 3242 644 3306 κόλπων,
691 3245 784 3301 τὸν
835 3249 1214 3319 ὑπομείναντα
1271 3255 1419 3324 πάθη
1477 3257 1562 3310 ἵνα
1615 3260 1805 3315 παθῶν
1831 3263 1992 3331 mia;

395 3335 782 3410 ἐλευθερώσῃ·
817 3339 976 3405 εἵτὶς
1021 3361 1104 3398 σοι
1141 3347 1365 3414 φροντὶς
1392 3349 1486 3401 τοῦ
1533 3350 1606 3418 μὴ
1659 3352 1994 3423 σκυθρωπά-

396 3429 520 3491 ζειν
548 3429 678 3494 τοὺς
726 3434 1150 3505 φιλανθρώπους
1197 3439 1487 3507 ἀγγέλους,
1536 3443 1630 3496 τοῦ
1674 3445 1748 3512 μὴ
1779 3447 1993 3517 χαίρειν

395 3523 498 3573 καί
543 3526 772 3600 σκιρτᾷν
829 3527 959 3590 τοὺς
998 3529 1430 3602 μισανθρώπους
1484 3534 1784 3604 δαίμονας·
1825 3533 1996 3610 προσ-

396 3613 556 3683 θήσω
581 3615 636 3667 δὲ
667 3618 761 3670 καὶ
785 3619 847 3671 τὸ
904 3621 1037 3689 ἐμόν
1058 3637 1072 3652 ·
1106 3622 1166 3674 εῐ
1197 3641 1250 3677 τι
1277 3626 1378 3696 τῆς
1409 3627 1549 3697 ἐμῆς
1583 3633 1990 3701 τεταπεινωμέ-

397 3726 502 3779 νης
534 3712 702 3782 εὐχῆς
726 3714 804 3777 ὡς
833 3717 1041 3788 πατρδς
1075 3721 1133 3780 ἐν
1185 3722 1348 3793 χρείᾳ
1403 3724 1758 3792 καθίστασαι,
1789 3729 1990 3798 μηκέτι

394 3802 691 3878 διανοηθῇς
750 3808 1084 3879 ἐπηρεάσαι,
1127 3813 1264 3884 μηδὲ⁹
1323 3816 1566 3887 πόλεμον
1621 3819 1993 3874 ἀναλαϐέσθαι

395 3895 550 3952 κατὰ
577 3898 669 3951 τοῦ
708 3900 802 3954 σοῦ
833 3905 1210 3972 πνευματικοῦ
1265 3909 1502 3979 Πατρὺς,
1541 3911 1634 3966 τοῦ
1665 3911 1994 3980 θεοστεφοῢς

397 3991 565 4059 ἡμῶν
601 3991 904 4062 βασιλέωςο
946 3993 1006 4050 οὗ
1043 3999 1090 4050 εξ
1140 3999 1236 4053 καὶ
1283 4001 1355 4070 μὴ
1419 4003 1616 4074 πεῖραν
1661 4003 1855 4068 ἔλαϐες
1899 4005 1996 4075 τῆς

395 4084 629 4155 ἀγάπης
667 4089 754 4140 διά
783 4107 839 4142 τε
870 4091 931 4143 τὸ
981 4092 1161 4163 ἄωρον
1206 4095 1306 4164 τῆς
1356 4095 1600 4164 ἡλικίας,
1652 4098 1747 4150 καὶ
1793 4099 1881 4152 διά
1929 4100 2000 4152 τά

400 4177 698 4244 φθάσαντα
729 4184 1114 4252 παρεισελθεῖν
1157 4189 1220 4240 ἐκ
1249 4188 1345 4241 τοῦ
1397 4189 1640 4258 πονηροῦ
1703 4190 1998 4256 σκάνδαλα,

398 4271 545 4324 ἀλλὰ
748 4277 970 4341 πάντως
999 4278 1376 4350 βραϐευούσης
1422 4281 1520 4336 σὺν
1570 4281 1689 4350 Θεῷ
1717 4285 1815 4353 τῆς
1849 4285 2002 4354 εἶρῆ“

401 4380 530 4430 ντες,
557 4366 650 4416 καὶ
681 4366 904 4439 μαθήσῃ
950 4371 1140 4441 πείρᾳ,
1169 4371 1250 4424 ὅτι
1299 4371 1488 4442 ὥσπερ
1539 4372 1655 4426 τῶν
1699 4374 1999 4445 σκήπτρων

2093 3269 2274 3346 standi
2313 3270 2576 3339 benignos
2607 3272 2850 3342 angelos,
2887 3288 2996 3326 non
3031 3275 3311 3330 exsultare
3361 3285 3414 3330 et
3453 3276 3673 3346 gloriari

2093 3362 2324 3418 faciendi
2351 3365 2652 3422 homicidas
2695 3367 3012 3435 daemones;
3048 3370 3240 3424 addam
3271 3385 3489 3440 quoque
3525 3373 3674 3442 quod

2094 3454 2160 3506 ad
2188 3468 2274 3508 me
2301 3463 2385 3510 est
2417 3473 2430 3508 :
2460 3455 2504 3511 si
2531 3456 2856 3513 humillimae
2893 3474 3034 3520 meae,
3056 3460 3496 3530 supplicationis,
3548 3471 3676 3517 tan-

2096 3562 2259 3615 quam
2309 3549 2503 3618 patris,
2538 3551 2807 3606 rationem
2865 3553 3058 3618 habes,
3097 3553 3232 3624 ‘jam
3260 3554 3368 3610 noli
3417 3557 3674 3612 nocentia

2097 3640 2357 3708 cogitare,
2401 3655 2576 3709 neque
2602 3643 2804 3698 bellum
2853 3660 3134 3699 resumere
3161 3647 3426 3702 adversus
3453 3647 3670 3702 Patrem

2097 3741 2249 3788 tuum
2279 3733 2620 3802 spiritualem
2657 3774 2670 3798 ,
2724 3735 3114 3806 imperatorem
3177 3749 3428 3796 nostrum
3478 3755 3505 3795 a
3562 3740 3673 3798 Deo

2077 3824 2443 3879 'coronatnm.
2479 3825 2540 3880 Si
2586 3827 2733 3881 enim
2785 3828 2902 3895 ejus
2947 3831 3246 3885 amicitiam
3299 3834 3545 3889 nondum
3605 3836 3677 3890 ob

2101 3915 2422 3970 teneriorem
2458 3928 2670 3972 :etatem
2712 3931 2970 3990 expertus
3005 3937 3064 3978 es
3089 3932 3144 3978 et
3166 3935 3390 3995 propter
3416 3927 3676 3983 scandala

2101 4009 2378 4062 maturius
2435 4024 2467 4062 a
2506 4011 2747 4080 maligno
2791 4025 3078 4082 promota;
3125 4018 3430 4085 experieris
3493 4027 3677 4075 tamen

2099 4105 2390 4167 postquam
2459 4098 2570 4156 Deo
2637 4103 2936 4160 auxiliante
2994 4106 3212 4161 ﬁrmata
3283 4108 3450 4166 fuerit
3525 4126 3674 4180 pax,

2098 4199 2260 4258 atque
2290 4192 2509 4259 propria
2561 4193 2894 4262 experientia
2931 4194 3108 4250 disces
3132 4196 3282 4252 illum
3315 4200 3456 4253 sicut
3496 4212 3679 4269 pater-

2101 4282 2153 4335 ni
2191 4283 2389 4352 seeptri
2447 4284 2714 4339 haercdem
2755 4323 2768 4346 ,
2816 4286 2896 4339 sic
2957 4288 3126 4347 patris
3156 4289 3208 4342 in
3263 4298 3315 4344 te
3364 4293 3675 4357 charitatis,

2101 4375 2412 4431 dilectionis
2447 4387 2504 4430 et
2538 4376 2955 4434 benevolentia.

399 4457 603 4524 γέγονε
663 4460 999 4531 κληρονόμος
1051 4462 1146 4520 τοῦ
1201 4466 1476 4536 μακαρίου
1536 4466 1746 4538 πατρὸς
1795 4466 1984 4533 αὐτοῦ,
2022 4467 2164 4522 οὕτω
2197 4469 2290 4524 καὶ
2331 4471 2428 4540 τῆς
2465 4471 2722 4544 στοργῆς,
2766 4476 2858 4526 καὶ
2893 4474 3137 4544 ἀγάπης,
3168 4474 3261 4530 καὶ
3289 4475 3390 4544 τῆς
3417 4475 3678 4543 γλυκείας

400 4549 548 4619 πρὸς
577 4551 634 4602 σὲ
664 4552 984 4619 διαθέσεως.

493 4648 620 4701 Ἐπὶ
656 4651 901 4714 πᾶσι-δέ,
934 4651 1129 4706 τέκνον
1157 4654 1334 4723 ἡμῶν,
1378 4648 1461 4717 οἷς
1509 4656 1987 4736 παρεκαλέσαμεν,
2024 4680 2068 4734 ι)

401 4742 631 4809 καῖὸρα
665 4743 738 4812 μὴ
770 4745 1221 4817 καταφρονήσῃς
1255 4746 1348 4799 τοῦ
1405 4749 1654 4816 Χριστοῦ
1697 4749 1792 4802 καὶ
1848 4750 1986 4804 Θεοῦ

403 4831 571 4902 ἡμῶν
601 4835 750 4903 φωνή
789 4835 958 4896 ἐστιν,
993 4853 1009 4884 ι
1068 4835 1125 4887 ὐ
1154 4834 1364 4888 ἀθετῶν
1391 4837 1557 4905 ὑμᾶς,
1584 4838 1684 4907 ἐμὲ
1711 4839 1895 4892 ἀθετεῖ
1917 4858 1929 4870 ο
1969 4859 1987 4890 ›

407 4917 496 4990 οὗ,
531 4926 579 4977 εί
615 4926 711 4978 καὶ
736 4926 1087 4996 ἁμαρτωλὸς,
1113 4927 1191 4998 τῷ
1246 4929 1622 4998 θυσιαστηρίῳ
1668 4933 1993 5001 παρέστηκα

402 5017 504 5070 καὶ
544 5019 694 5087 παρὰ
741 5017 835 5072 τοῦ
863 5018 1021 5085 ἀγίου
1081 5019 1397 5089 Πνεύματος
1439 5020 1590 5075 λύειν
1646 5022 1742 5074 καὶ
1773 5021 1995 5091 δεσμεῖν

400 5108 462 5159 ἕλ
476 5108 605 5162 αεον
627 5109 898 5174 ἐξουσίαν.
935 5111 1079 5180 Ὅρα
1102 5107 1216 5176 οὖν,
1242 5112 1404 5166 πάλιν
1424 5113 1587 5182 φημὶ,
1609 5113 1702 5166 καὶ
1729 5113 1804 5183 μὴ
1827 5130 1996 5167 κατα-

409 5203 719 5271 φρονήσῃς,
734 5203 920 5273 δεσμῴ
941 5221 999 5256 σε
1020 5204 1507 5275 καθυποϐάλλομεν
1525 5205 1704 5274 ἀλύτῳ
1725 5207 1816 5258 καὶ
1834 5207 2005 5276 ἀρῥή-

402 5310 486 5358 τῳ
511 5295 568 5344 ἐν
598 5295 794 5361 Πατρὶ,
812 5299 906 5347 καὶ
924 5295 1057 5365 Υίῷ,
1079 5297 1172 5349 καὶ
1196 5297 1335 5367 ἀγίῳ
1354 5297 1655 5367 Πνεῦματι,
1683 5298 1775 5349 τοῦ
1802 5299 1876 5366 μὴ
1894 5299 1991 5367 τῆς

411 5386 516 5453 σῆς
545 5386 622 5437 ἔτι
643 5386 828 5456 χώρας
852 5387 1129 5453 ἐξελάσαι,
1161 5389 1300 5458 μήτε
1331 5389 1412 5451 σὲ,
1440 5391 1576 5460 μήτε
1607 5377 1699 5442 τὸν
1725 5390 1815 5441 σὺν
1837 5389 1989 5453 λαὸν,

411 5479 554 5548 μηδὲ
583 5477 792 5548 βλάὸην
821 5480 946 5532 τινὰ
970 5479 1001 5548 ἢ
1024 5482 1290 5551 ἐπήρειαν
1338 5482 1431 5533 καὶ
1465 5479 1846 5551 αἰχμαλωσίαν
1900 5484 2000 5533 ἐπ-

413 5573 666 5639 ενεγκεῖν
685 5575 808 5632 ταῖς
839 5573 1047 5643 χώραις
1076 5575 1108 5644 ἢ
1137 5576 1248 5636 τοῖς
1280 5573 1427 5638 λαοῖς
1443 5567 1516 5627 ὧν
1542 5576 1574 5643 ἡ
1610 5575 1999 5644 ἀποκλήρωσις

415 5666 512 5718 καὶ
537 5663 755 5728 ἐξουσία
807 5664 967 5736 μέχρι
997 5667 1092 5718 τοῦ
1125 5666 1220 5720 νῦν
1254 5667 1471 5736 ὑπῆρχε
1508 5668 1620 5730 τοῖς
1652 5667 1998 5736 Χριστιανῶν

419 5759 751 5828 σκήπτροις,
792 5759 884 5829 ἀφ’
910 5756 970 5815 οὗ
994 5762 1188 5833 χρόνου
1221 5765 1328 5826 τοῖς
1364 5763 1697 5832 Βουλγάροις
1722 5762 2001 5831 ἐξεγένετο

2178 4661 2331 4724 Vide,
2360 4663 2434 4718 {ili
2465 4663 2556 4728 mi,
2598 4679 2666 4719 ne
2697 4663 2881 4719 omnia
2920 4663 3120 4734 quibus
3152 4672 3202 4720 te
3245 4665 3444 4723 hortati
3488 4683 3678 4723 sumus

2093 4754 2364 4824 despicias
2391 4773 2405 4810 :
2426 4755 2628 4810 Christi
2651 4771 2888 4826 namque
2911 4765 2966 4811 et
2991 4755 3083 4811 Dei
3114 4758 3289 4814 nostri
3323 4759 3412 4812 illa
3436 4773 3537 4812 vox
3556 4769 3676 4815 est:

2098 4866 2116 4897 ι
2147 4847 2250 4912 Qui
2284 4863 2379 4901 vos
2400 4849 2626 4916 spernit,
2650 4863 2736 4902 me
2767 4848 3004 4918 spernit;
3039 4868 3056 4900 ι
3082 4849 3374 4904 illiuslicet
3399 4846 3699 4920 peccator,"

2094 4940 2251 4993 altari
2280 4941 2477 4995 assiste
2505 4951 2558 4994 et
2595 4955 2625 4994 a
2659 4939 2860 5010 Spiritu
2896 4949 3088 4996 saneto
3121 4942 3323 5010 ligandi
3368 4952 3531 5010 atque
3563 4944 3675 4997 sol-

2094 5033 2252 5086 vendi
2299 5041 2619 5101 potestatem
2654 5033 2858 5102 accepi.
2901 5031 3037 5088 Vide
3071 5049 3220 5104 ergo,
3253 5044 3477 5088 'rursutn
3511 5034 3635 5089 dico
3658 5077 3672 5098 ,

2097 5137 2164 5175 ne
2223 5122 2535 5190 asperneris
2581 5139 2594 5175 :
2643 5122 2862 5181 vinculo
2915 5130 2966 5177 te
3023 5123 3257 5194 ligatnns
3305 5122 3673 5180 iudissoluhili

2104 5223 2268 5282 atque
2297 5214 2554 5268 ineliabili
2585 5215 2636 5268 in
2671 5213 2849 5279 Patre,
2882 5224 2933 5268 et
2959 5215 3098 5269 Filio
3131 5225 3184 5269 et
3214 5215 3419 5283 Spiritu
3458 5226 3672 5280 saneto,

2101 5319 2170 5357 ne
2196 5305 2307 5370 jam
2348 5320 2376 5356 a
2415 5314 2508 5356 tuo
2541 5321 2704 5374 regno
2737 5322 2921 5366 exeas,
2977 5321 3151 5374 neque
3206 5315 3262 5358 tu
3293 5323 3470 5378 neque
3499 5325 3638 5383 popu
3659 5341 3674 5352 -

2102 5395 2188 5449 lus
2219 5407 2343 5449 tuus
2370 5412 2384 5458 ;
2426 5411 2563 5450 neve
2597 5395 2856 5451 damnum
2889 5405 2982 5450 aut
3012 5396 3397 5452 detrimentum
3429 5411 3522 5453 aut
3547 5419 3675 5472 cap-

2103 5487 2360 5545 tivitatcm
2396 5486 2598 5541 inferas
2623 5489 2706 5543 his
2741 5487 3057 5556 regionibus
3083 5487 3164 5541 vel
3202 5489 3413 5556 populis
3442 5505 3672 5558 quorum

2101 5578 2391 5648 imperium
2443 5593 2618 5648 usque
2668 5579 2827 5632 modo
2879 5579 3175 5634 Christiani
3220 5581 3496 5652 principes
3534 5583 3678 5636 obti-

2099 5682 2360 5734 nuerunt,
2382 5687 2446 5726 ex
2471 5687 2579 5739 quo
2599 5687 2693 5740 per
2715 5671 3125 5726 immaculatum
3147 5673 3415 5744 baptisma
3436 5673 3680 5742 Bulgaris

2101 5763 2327 5836 contigit
2354 5762 2628 5820 Christuzn
2650 5770 2702 5820 et
2731 5763 3109 5819 universorum
3136 5763 3305 5821 Deum
3349 5778 3666 5838 agnoscere,
