3996 6208
187 354 240 663 l

267 315 338 375 79
1302 302 1311 322 ³
1395 310 1706 369 NICOLAI
1749 310 1858 373 (ΖΡ.

1972 305 2416 375 lTRlARCllxﬁ
2713 362 2719 367 ,
3472 291 3542 355 {‘0

271 432 436 489 atque
486 415 693 474 lmdera
764 404 903 472 inter
964 417 1243 473 Romanos
1290 427 1344 473 et
1401 419 1662 488 Bulgaros
1713 419 1847 472 inita

1972 416 2041 469 ἰιά
2103 415 2197 469 τοῦ
2257 413 2647 484 παναχράντου
2718 409 3096 480 βαπτίσματος
3152 406 3242 459 τὸν
3299 406 3540 476 Χριστὸν

272 511 555 580 utriusque
584 510 871 581 potestatis
896 510 1032 564 lines
1054 510 1579 565 determinaverunt.
1602 502 1853 565 Misimus

1959 508 2054 561 καὶ
2083 506 2221 563 Θεὸν
2240 506 2351 559 τῶν
2395 506 2539 559 ὅλων
2571 502 2895 571 ἐπιγνῶναι,
2932 502 3027 554 καὶ
3067 499 3137 552 τά
3192 498 3540 567 γεγενημένα

271 611 450 657 autem
476 603 540 657 ad
573 610 647 669 te,
677 602 771 669 liii,
805 617 912 656 non
934 613 993 657 ut
1028 602 1256 667 donum,
1291 604 1382 659 sed
1416 612 1475 657 ut
1498 602 1853 656 mediatorem

1972 599 2080 654 τότε
2113 598 2382 668 σύμφωνα
2402 597 2511 652 τῶν
2537 614 2595 651 τε
2632 595 2925 665 Ῥωμαίων
2953 596 3046 647 καὶ
3077 589 3409 662 Βουλγάρων
3444 588 3545 660 τὴν

225 676 235 721 ἶ
270 704 437 764 atque
462 694 759 759 vindicem,
790 704 1035 750 nostram
1073 682 1546 763 exhortationem;
1572 694 1777 750 Christi
1801 702 1857 750 ct

272 785 364 841 Dei
414 786 587 842 nostri
640 787 827 842 divina
892 789 1109 860 eloquia
1155 789 1220 844 ad
1250 804 1362 858 cor
1393 796 1546 844 tuum
1600 788 1854 845 misimus

266 879 511 949 prudens
559 890 635 944 et,
670 889 728 934 ut
752 881 1054 947 arhritror,
1089 892 1460 947 mansuetum,
1495 882 1710 937 etiamsi
1742 882 1857 937 dia-

270 970 379 1024 holi
403 971 660 1026 scandala
693 971 824 1027 illud
860 975 1339 1040 exacerbaverint;
1367 973 1570 1044 quibus
1597 983 1855 1043 tanquam

267 1061 338 1115 ob
366 1061 559 1118 oculos
591 1062 797 1117 habens
824 1063 971 1119 illius
1003 1066 1273 1120 salutares
1319 1065 1605 1134 passiones
1638 1065 1859 1137 sangui—

271 1168 509 1224 nemque
559 1169 777 1209 sacrum
812 1171 913 1225 pro
943 1156 1132 1209 mundi
1172 1170 1306 1225 pace
1337 1155 1592 1218 effusum,
1623 1171 1728 1211 non
1763 1156 1855 1208 de-

269 1245 572 1314 dignabere
625 1260 779 1301 meos
823 1261 1137 1306 sermones.
1182 1245 1275 1301 sed
1318 1247 1571 1315 recipies,
1598 1254 1858 1316 tanquam

273 1335 418 1389 illius
435 1346 647 1405 patrem
672 1337 972 1403 honoraus,
1001 1346 1222 1395 nostras
1244 1337 1671 1402 cohortationes,
1698 1348 1862 1408 atque

273 1426 474 1480 saeculo
497 1427 807 1497 exemplum
837 1429 1121 1498 relinques
1149 1429 1199 1483 in
1224 1430 1455 1499 gloriam
1483 1430 1665 1500 magni
1692 1430 1786 1485 Dei
1810 1440 1863 1485 et

274 1518 578 1575 Salvatoris
610 1520 806 1585 nostri,
838 1521 890 1575 in
924 1521 1142 1576 laudem
1172 1537 1391 1591 quoque
1426 1521 1525 1583 tui,
1560 1532 1616 1577 et
1639 1563 1653 1581 .
1681 1523 1726 1578 si
1757 1524 1859 1588 vis,

272 1614 449 1668 dicam
484 1614 616 1679 mei,
645 1631 711 1669 ac
740 1617 794 1669 in
833 1616 1174 1685 gloriatiouis
1205 1619 1490 1671 materiam
1528 1619 1662 1673 mihi
1684 1661 1698 1681 ,
1721 1635 1859 1688 quo-

274 1704 419 1758 niam
469 1704 637 1759 lilium
697 1706 978 1761 habuerim
1009 1708 1238 1763 docilem
1285 1725 1525 1780 memque
1566 1712 1863 1766 senectutis

1964 689 2322 760 ἐπικράτειαν
2350 688 2657 760 διορίζοντα
2692 685 3153 757 συμπεφώνηται.
3193 681 3560 737 ’Λπεστείλαέ

1962 800 2063 854 μεν
2106 783 2162 835 δέ
2200 782 2300 854 οὐχ
2359 782 2435 847 ὡς
2486 781 2683 851 δῶρον,
2735 779 2852 836 ἀλλ’
2914 780 2988 843 ὡς
3051 777 3279 849 μεσίτην
3327 777 3422 830 καὶ
3471 776 3546 828 οἰ-

1960 875 2219 930 κειοῦντα
2251 874 2351 946 τὴν
2382 874 2561 945 ἡμῶν,
2590 873 2787 927 τέκνον
2820 872 2974 942 ἐμὸν,
3008 870 3336 941 παραίνεσιν
3381 872 3449 940 τῇ
3477 871 3543 939 τῇ

1961 968 2202 1041 φρονίμη
2227 968 2323 1022 καὶ
2357 966 2582 1039 πραείᾳ,
2629 966 2704 1029 ὡς
2750 964 2863 1033 ἐγὼ
2920 964 3203 1034 πείθομαι,
3245 961 3466 1033 καρδίᾳ,
3497 963 3547 1013 εἰ

1960 1064 2055 1117 καὶ
2079 1064 2146 1116 τά
2178 1062 2273 1118 τοῦ
2323 1062 2564 1133 πονηροῦ
2600 1060 2873 1115 σκάνδαλα
2928 1058 3141 1127 ταύτην
3194 1056 3545 1126 ἐξετράχυνε.

1961 1155 2032 1209 τὰ
2064 1156 2184 1209 θεῖα
2208 1153 2303 1208 τοῦ
2360 1152 2603 1222 Χριστοῦ
2661 1154 2755 1206 καὶ
2797 1151 2934 1205 Θεοῦ
2996 1168 3099 1221 μου
3133 1149 3329 1217 λόγια·
3369 1148 3437 1201 δι’
3471 1140 3547 1200 ὧν
3582 1144 3583 1147 “

1963 1246 2151 1316 ὥσπερ
2177 1247 2233 1299 ἐν
2256 1244 2562 1315 ὀφθαλμοῖς
2594 1244 2735 1315 ἔχων
2784 1243 2855 1296 τά
2882 1242 3094 1296 ἐκείνου
3146 1242 3392 1312 σωτήριοι
3438 1239 3548 1292 τῶν

1963 1338 2270 1409 ἀνθρώπων
2327 1338 2500 1410 πάθη,
2535 1339 2596 1393 τὸ
2635 1337 2848 1392 ἐκείνου
2899 1334 3140 1389 κενωθὲν
3192 1334 3349 1403 ἆγιον
3409 1326 3549 1403 αἷμα

1963 1433 2105 1504 ὑπὲρ
2135 1435 2363 1505 εἰρήνης
2385 1434 2480 1487 τοῦ
2523 1432 2753 1502 κόσμου,
2792 1432 2865 1503 μὴ
2894 1431 3022 1495 τοὺς
3067 1429 3236 1500 ἐμοὺς
3265 1426 3549 1497 ἀτιμάσῃς

1966 1525 2186 1596 λόγους,
2222 1526 2361 1580 ἀλλὰ
2391 1525 2543 1591 δέξαι
2588 1526 2663 1589 ὼς
2694 1527 2888 1579 τέκνον
2919 1524 3088 1595 τιμᾷν
3123 1520 3360 1591 πατέρα,
3394 1519 3550 1582 εἰδὼς

1966 1618 2066 1682 τὰς
2108 1617 2388 1690 ἡμετέρας
2443 1619 2823 1689 παραινέσεις.
2880 1617 2974 1671 καὶ
3028 1614 3295 1669 κατάλιπε
3344 1612 3420 1684 τῷ
3453 1610 3552 1682 βίῳ

1970 1713 2331 1784 παράδειγμα
2368 1715 2448 1776 εἰς
2498 1711 2660 1777 δόξαν
2712 1710 2813 1779 μὲν
2869 1708 2963 1762 τοῦ
3015 1707 3254 1778 μεγάλου
3292 1704 3426 1759 Θεοῦ
3461 1704 3555 1757 καὶ

278 1807 685 1865 vcneratorem,
722 1800 816 1870 qui
850 1802 1126 1856 scandulis
1162 1803 1392 1857 funestis
1417 1812 1581 1872 atque
1606 1804 1859 1871 pessimis

1972 1804 2217 1873 Σωτῆρος
2258 1802 2436 1874 ἡμῶν,
2475 1804 2555 1867 εἰς
2615 1804 2880 1873 καύχημα
2907 1801 2963 1854 δὲ
3015 1799 3128 1864 σὸν,
3166 1797 3345 1869 βούλει
3384 1795 3550 1865 λέγω,

275 1906 305 1943 a
340 1891 562 1946 diabolo
596 1891 736 1947 forte
765 1896 1008 1950 evocatis
1058 1910 1400 1966 accensoque
1446 1895 1856 1965 inextinguibili

1972 1897 2136 1950 καὶτὸ
2172 1897 2323 1967 ἐμὸν.
2361 1897 2455 1951 καὶ
2506 1897 2587 1959 εἰς
2629 1892 3024 1965 σεμνολόγημα
3048 1891 3210 1961 ἐμοὶ,
3242 1890 3327 1943 ὅτι
3372 1886 3554 1941 τοιοῦ-

278 1982 554 2047 incendio,
578 1984 788 2040 nefario
807 1984 1041 2040 daemoni
1068 2003 1173 2041 nou
1195 1986 1440 2057 permisit
1482 1987 1734 2041 incendio
1753 2002 1781 2040 a
1800 2002 1860 2043 se

1972 2007 2053 2044 τον
2077 1990 2235 2059 ἔσχον
2268 1990 2382 2043 υἰὸν
2401 1990 2632 2058 εὐπειθῆ
2651 1989 2746 2041 καὶ
2770 1988 2868 2059 τὴν
2893 1985 3033 2057 ἐμὴν
3056 1984 3250 2038 πολιὰν
3275 1982 3550 2054 τιμῶντα,

279 2090 513 2132 accenso
556 2076 767 2132 diutius
804 2078 1047 2149 gloriari,
1079 2080 1173 2134 sed
1202 2081 1435 2135 senioris
1467 2080 1639 2150 patris
1681 2080 1860 2151 lacry-

278 2165 383 2220 mis
420 2166 822 2236 gemitibusque
851 2180 905 2223 et
936 2169 1220 2225 doloribus
1281 2171 1478 2225 cedens
1502 2211 1517 2237 ,
1547 2181 1866 2226 mansuetu-

276 2257 393 2311 dini
412 2265 469 2313 et
488 2259 850 2315 moderationi
872 2261 939 2316 de
965 2262 1134 2317 animi
1169 2264 1537 2318 amaritudine
1576 2265 1864 2320 victoriam

270 2350 572 2417 ~oncessit,
607 2362 771 2423 atque
809 2353 997 2411 cordis
1030 2356 1211 2425 ignem
1244 2357 1624 2428 exstinguens,
1659 2358 1782 2414 belli
1812 2367 1868 2415 et

278 2456 471 2510 pugnae
519 2444 663 2499 mala
700 2446 754 2499 in
796 2461 1023 2515 pacem,
1056 2447 1406 2504 dilectionem
1465 2461 1519 2505 et
1564 2450 1864 2505 amicitiam

278 2537 661 2591 commutavit.
726 2536 884 2593 Faxit
946 2538 1109 2603 Deus,
1167 2540 1215 2596 si
1261 2556 1436 2610 usque
1489 2542 1652 2596 modo
1707 2543 1866 2612 (proh

279 2628 485 2685 diaboli
515 2630 828 2700 malignitas
854 2629 892 2701 ί)
920 2646 1028 2685 non
1052 2632 1182 2687 sivit
1209 2631 1524 2687 inviolatam
1556 2632 1727 2688 fuisse
1747 2649 1867 2688 eam

280 2735 507 2788 pacem,
545 2721 744 2775 amodo
807 2720 923 2776 fore
980 2724 1048 2777 ab
1094 2722 1244 2778 omni
1297 2722 1500 2778 damno
1549 2712 1712 2793 atque
1760 2725 1873 2779 dis-

279 2814 538 2867 scnsione
590 2812 967 2877 incolumem,
1024 2815 1403 2883 dauuonisque
1476 2816 1696 2869 invidia:
1759 2832 1869 2872 non

279 2908 575 2960 ulmoxiam
602 2947 617 2968 ,
641 2908 737 2961 sed
770 2909 1038 2960 lirniatam
1074 2907 1332 2961 ﬁrmitate
1354 2907 1507 2977 pacis
1539 2908 1683 2962 illius
1705 2924 1868 2977 quam

280 2998 504 3062 reliquit
531 2996 805 3062 Christus,
827 2996 971 3051 Deus
993 2996 1442 3061 nosteretPater,
1464 2997 1533 3051 iis
1565 2998 1661 3068 qui
1694 2999 1871 3068 ipsum

238 3102 249 3113 ~
280 3087 493 3141 Patrem
523 3088 858 3143 conﬁtentur
883 3098 938 3143 et
965 3089 1193 3160 gloriam
1244 3076 1364 3158 ejus
1408 3098 1575 3162 atque
1597 3089 1875 3151 heredita-

278 3190 386 3234 tem
417 3180 761 3237 desiderant.

1963 2084 2025 2148 ὃς
2055 2100 2188 2136 ποτε
2226 2084 2322 2136 τοῦ
2355 2082 2599 2153 πονηροῦ
2646 2081 2904 2150 δαίμονος
2933 2077 3214 2134 σκάνδαλα
3265 2075 3420 2129 δεινᾶ
3461 2074 3557 2127 καὶ

1969 2176 2204 2249 μέγιστα
2255 2176 2615 2245 ἐμϐαλόντος,
2645 2175 2743 2227 καὶ
2776 2172 2990 2236 τούτοις
3022 2171 3217 2239 ὥσπερ
3272 2167 3557 2238 πυρκαϊὰν

1968 2271 2378 2341 άναφλέξαντος
2405 2269 2834 2334 ἀκατάσϐεστον,
2867 2267 2968 2321 οὐκ
3014 2266 3217 2319 ἔδωκεν
3266 2263 3451 2335 χώραν
3479 2260 3558 2331 τῷ

1969 2364 2193 2435 πονηρῷ
2221 2363 2438 2434 δαίμονι
2485 2363 2580 2416 ἐπὶ
2612 2361 2748 2416 πολὺ
2784 2357 3166 2429 ὲγκαυχᾶσθαι
3189 2359 3256 2428 τῇ
3290 2354 3419 2425 παρ’
3460 2354 3559 2408 αύ-
3646 2355 3655 2363 ’

1966 2458 2064 2511 τοῦ
2087 2457 2384 2530 ὲξαφθείσῃ
2410 2457 2687 2527 πυρκαιᾷο
2729 2454 2865 2510 ἀλλὰ
2898 2452 3160 2523 γέροντος
3187 2448 3393 2518 πατρὸς
3440 2448 3557 2509 τοῖς

1968 2549 2203 2621 δάκρυσι
2220 2547 2474 2620 προσχὼν
2491 2550 2713 2611 καὶτοῖς
2727 2548 2991 2618 ὀδυρμοῖς
3009 2546 3230 2607 καὶτοῖς
3253 2542 3392 2614 ἀλγή
3403 2559 3557 2613 μασι,

1974 2642 2052 2711 τῷ
2077 2643 2239 2713 πράῳ
2258 2642 2352 2695 καὶ
2387 2642 2627 2694 ἐπιεικεῖ
2653 2639 2823 2693 ἔδωκε
2863 2638 3083 2709 νικῆσαι
3111 2635 3212 2704 τῆς
3246 2634 3428 2705 ψυχῆς
3460 2632 3559 2704 τὴν

1973 2731 2224 2803 πικρίαν,
2243 2732 2337 2783 καλ⁸
2353 2731 2414 2783 τὸ
2434 2732 2544 2801 πῦρ
2571 2730 2884 2792 ἀποσϐέσας
2901 2729 2994 2781 τοῦ
3013 2726 3213 2797 θυμοῦ,
3230 2726 3299 2779 τὰ
3326 2726 3425 2795 τῆς
3455 2724 3558 2794 μά-

1978 2840 2082 2893 χης
2108 2822 2321 2892 χαλεπὰ
2350 2823 2443 2874 καὶ
2474 2822 2569 2876 τοῦ
2599 2821 2862 2887 πολέμου,
2892 2819 3194 2890 μετέϐαλεν
3217 2819 3296 2882 εἰς
3332 2817 3559 2888 εἰρήνην

1980 2916 2076 2968 καὶ
2100 2914 2329 2983 ἀγάπην
2354 2914 2450 2968 καὶ
2481 2915 2690 2984 φιλίαν.
2717 2915 2819 2967 Ἦν
2852 2914 3126 2986 παράσχοι
3166 2910 3322 2977 Θεὸς,
3373 2910 3422 2963 εἰ
3466 2910 3562 2962 καὶ

1978 3006 2140 3077 μέχρι
2170 3006 2263 3060 τοῦ
2296 3007 2414 3071 νῦν,
2441 3006 2543 3076 φεῦ
2580 3006 2679 3077 τῆς
2699 2985 2806 3060 ’τοῦ
2852 2985 3093 3079 πονηροῦ
3126 3004 3394 3075 ἐπηρείας
3420 3003 3432 3056 ί
3461 3002 3562 3055 οὐκ

1976 3099 2192 3169 ἀφῆκεν
2213 3102 2649 3173 ἀνεπηρέαστον,
2666 3100 2781 3154 ἀλλ’
2804 3099 2917 3155 ἀπό
2944 3117 3005 3169 γε
3033 3100 3130 3155 τοῦ
3156 3100 3427 3171 παρόντος
3447 3098 3563 3151 δια-

1890 3183 1932 3241 C
1963 3192 2184 3246 τελέσαι
2220 3193 2501 3265 άνωτέραν
2527 3193 2697 3264 αὐτὴν
2728 3193 2910 3263 πάσης
2942 3193 3144 3265 βλάϐης
3171 3193 3266 3246 καὶ
3300 3192 3549 3262 διχοστα-

282 3274 424 3337 σίας,
448 3275 544 3328 καὶ
575 3273 669 3327 τοῦ
701 3273 897 3344 φθόνου
928 3273 1023 3328 τοῦ
1051 3274 1304 3346 δαίμονος
1332 3275 1619 3345 κρείττονα
1656 3276 2043 3351 διαμένουσαν,
2083 3287 2177 3339 καὶ
2211 3286 2733 3357 κατησφαλισμένην
2759 3289 2824 3356 τῇ
2890 3284 3164 3357 ἀσφαλείᾳ
3191 3283 3292 3351 τῆς
3324 3284 3549 3353 εἰρήνης

281 3367 516 3438 ἐκείνης,
546 3368 615 3439 ἢν
670 3368 962 3423 κατέλιπεν
984 3373 1011 3422 ό
1046 3369 1280 3439 Χριστὸς
1311 3370 1404 3423 καὶ
1425 3368 1558 3433 Θεὸς
1595 3370 1773 3441 ἡμῶν,
1803 3374 1900 3427 καὶ
1936 3377 2152 3448 Πατὴρ,
2186 3380 2299 3442 τοῖς
2316 3378 2687 3460 ’ὁμολογοῦσιν
2725 3378 2891 3430 αὐτὸν
2929 3377 3174 3449 Πατέρα,
3202 3373 3298 3429 καὶ
3328 3376 3425 3446 τὴν
3458 3373 3557 3429 αὖ.

280 3462 372 3516 τοῦ
401 3460 726 3517 ἐπιποθοῦσι
755 3461 916 3528 δόξαν
954 3462 1050 3516 καὶ
1085 3461 1475 3533 κληρονομίαν.

354 3561 589 3617 Litteras
628 3561 722 3629 qui
760 3556 1021 3630 portabit,
1055 3558 1142 3613 ille
1169 3568 1259 3614 tua
1291 3560 1671 3616 benevolentia
1719 3559 1874 3616 frua-

282 3667 392 3722 tur,
425 3664 479 3709 et
517 3654 738 3724 quidem
771 3654 843 3709 ob
887 3668 1044 3708 suam
1082 3653 1340 3709 virtutem
1384 3672 1396 3708 :
1442 3671 1585 3709 unus
1615 3655 1759 3710 enim
1792 3662 1877 3710 est

280 3764 346 3802 ex
377 3747 589 3820 Olympi
619 3746 842 3811 ascetis,
878 3745 1003 3800 ﬁdei
1028 3754 1210 3799 tamen
1243 3745 1470 3801 verbum
1504 3750 1646 3800 inter
1673 3747 1876 3802 Alanos

287 3843 340 3897 in
379 3842 579 3895 virtute
613 3840 852 3909 Spiritus
886 3839 1062 3894 sancti
1097 3838 1497 3904 disseminavit,
1520 3848 1684 3908 atque
1707 3853 1735 3892 a
1767 3838 1875 3893 Deo

287 3934 497 4004 accepit
530 3933 731 3989 divinis
765 3932 1029 4003 apostolis
1064 3932 1208 3986 haud
1242 3932 1419 4002 impar
1461 3931 1826 3987 ministerium
1857 3948 1873 3996 ;

286 4044 409 4099 quae
430 4029 565 4083 satis
594 4035 723 4082 sunt
756 4027 822 4082 ad
850 4024 1413 4082 conciliandum-eum
1474 4034 1637 4096 atque
1685 4026 1878 4080 unicu-

286 4124 417 4178 dum
453 4122 776 4177 veneranda:
806 4129 913 4177 tua:
944 4120 1216 4190 majestati
1247 4137 1263 4188 ;
1308 4127 1363 4176 et
1393 4119 1438 4175 si
1464 4135 1571 4191 qua
1593 4128 1675 4176 est
1703 4118 1893 4173 nostri

288 4217 428 4287 apud
450 4227 503 4271 te
528 4215 692 4279 ratio,
717 4230 838 4271 esse
857 4223 1039 4270 autem
1061 4228 1173 4270 non
1201 4214 1336 4269 mihi
1357 4213 1586 4269 dubium
1603 4223 1707 4280 est,
1732 4213 1803 4269 ob
1825 4213 1876 4268 id

286 4324 510 4379 quoque
547 4319 638 4364 tua
676 4306 785 4363 frui
823 4307 1205 4365 benevolentia
1248 4306 1448 4377 dignus
1477 4306 1761 4367 habeatur,
1797 4312 1879 4357 at-

2068 3562 2127 3615 'U
2160 3562 2216 3615 δὲ
2246 3561 2341 3616 τοῦ
2393 3560 2725 3634 γράμματος
2772 3563 3152 3634 ἀποκομιστὴε,
3200 3565 3567 3621 άπολαυσάτω

1973 3657 2069 3727 τῆς
2097 3657 2194 3728 σῆς
2217 3659 2536 3720 ἐπιεικείας.
2561 3657 2716 3711 τοῦτο
2733 3658 2831 3728 μὲν
2846 3658 2934 3712 διὰ
2952 3657 3049 3729 τὴν
3076 3657 3386 3730 προσοῦσαν
3416 3659 3565 3731 αύτῷ

1978 3748 2199 3820 ἀρετὴν,
2234 3749 2328 3802 καὶ
2342 3750 2449 3819 γὰρ
2467 3750 2495 3803 ὀ
2514 3749 2801 3821 ἄνθρωπός
2824 3751 2940 3804 ἐστι
2962 3749 3063 3819 μὲν
3093 3750 3200 3805 τῶν
3220 3751 3278 3806 ὲν
3305 3751 3566 3823 Ὀλύμπῳ

1975 3839 2232 3910 ἀσκητῶν
2269 3840 2705 3911 καθηγούμενος,
2737 3841 2800 3894 ού
2836 3842 2940 3911 μὲν
2973 3841 3111 3897 ἀλλὰ
3143 3844 3238 3897 καὶ
3266 3843 3358 3897 τὸν
3406 3843 3565 3912 λόγον

1973 3934 2076 4002 τῆς
2101 3933 2341 3996 πίστεως
2390 3935 2449 3985 ὲν
2486 3933 2734 3996 Ἀλανοῖς
2771 3927 2930 3999 οὗτος
2980 3937 3038 3988 ἐν
3087 3937 3152 4005 τῇ
3212 3932 3441 4006 δυνάμει
3472 3936 3564 3990 τοῦ

1979 4023 2248 4091 παναγίου
2303 4021 2528 4096 ἔσπειρε
2568 4022 2906 4096 Πνεύματος,
2957 4025 3052 4079 καὶ
3111 4025 3203 4079 ῐσα
3241 4029 3353 4089 τοῖς
3401 4025 3567 4089 θείοις

1977 4116 2307 4182 ἀποστόλοις
2341 4116 2729 4189 λειτουργῆσαι
2773 4117 2927 4189 παρὰ
2975 4118 3113 4173 Θεοῦ
3168 4119 3568 4192 ἀποκεκλήρω-

1977 4228 2087 4264 ται.
2135 4212 2292 4265 Ἔστι
2322 4211 2420 4282 μὲν
2451 4211 2547 4265 οὖν
2586 4212 2759 4267 ταῦτα
2787 4212 3021 4283 μέγιστα
3050 4213 3186 4285 πρὸς
3223 4214 3285 4267 τὸ
3304 4214 3565 4285 συστῆσαι

1981 4303 2145 4357 αὐτὸν
2178 4303 2273 4357 καὶ
2302 4303 2605 4365 οἰκειῶσαι,
2631 4304 2823 4358 τέκνον
2849 4305 3031 4375 ἡμῶν,
3068 4308 3135 4377 τῇ
3168 4308 3235 4377 σῇ
3260 4305 3568 4376 θεοτιμήτῳ

287 4419 392 4472 quc
408 4403 573 4458 citius
598 4404 663 4458 ad
689 4418 789 4459 nos
812 4411 1141 4458 revertatur.
1168 4401 1318 4455 Bene
1336 4399 1606 4454 valentem
1629 4408 1681 4452 te
1699 4407 1866 4452 scrch

1979 4393 2234 4466 ὲξουσίαο
2271 4397 2320 4448 εἰ
2345 4394 2402 4448 δέ
2429 4395 2514 4458 τίς
2539 4398 2675 4460 ἐστι,
2706 4395 2801 4448 καὶ
2845 4397 3007 4468 ημῶν
3060 4397 3210 4469 παρὰ
3256 4398 3340 4451 σοὶ
3387 4397 3564 4466 λόγος,

286 4495 543 4550 Christus
578 4493 721 4548 Deus
744 4506 933 4548 noster
962 4502 1017 4547 et
1047 4500 1232 4546 mente
1266 4498 1321 4544 et
1364 4503 1595 4558 corpore
1616 4527 1633 4551 ,
1667 4488 1866 4567 tibique

1982 4487 2082 4540 οὐκ
2119 4484 2447 4556 άμφιϐάλλω
2499 4485 2556 4539 δὲ
2587 4486 2804 4552 πάντως
2853 4488 2936 4543 ὅτι
2980 4490 3124 4556 ἐστὶ,
3159 4493 3253 4546 καὶ
3295 4490 3384 4546 διὰ
3412 4490 3572 4543 τοῦτο

289 4588 381 4642 det
431 4601 494 4640 ca
526 4585 792 4653 cogitare,
826 4595 1023 4637 curare
1054 4588 1111 4635 et
1141 4594 1305 4649 agere
1343 4594 1466 4650 quae
1501 4592 1554 4635 te
1597 4581 1653 4634 in
1698 4578 1866 4634 futuri

1981 4578 2271 4649 ἀξιωθήτω
2317 4581 2419 4651 τῆς
2462 4580 2561 4651 σῆς
2615 4582 2920 4646 ἐπιεικείας
2980 4582 3314 4650 ἀπολαῦσαι,
3346 4583 3442 4638 καὶ
3481 4582 3570 4637 διὰ

289 4678 494 4734 saeculo
552 4676 701 4729 illius
727 4674 916 4744 gloria:
948 4674 1219 4729 haeredem
1279 4671 1505 4736 faciant,
1547 4671 1866 4728 beatissima

1982 4672 2185 4743 τάχους
2239 4672 2344 4746 τὴν
2401 4673 2540 4745 πρὸς
2590 4674 2741 4746 ἡμᾶς
2796 4675 3152 4731 ἑπανέλευσιν
3214 4677 3567 4748 ποιήσασθαι.

290 4770 498 4842 gloriae,
548 4767 844 4837 suavisque
906 4760 1230 4836 volbptatis,
1264 4779 1388 4820 cum
1437 4763 1581 4821 Deus
1611 4764 1753 4819 inter
1786 4778 1866 4819 eos

1995 4766 2343 4837 Ἐρρωμένον
2399 4784 2460 4819 σε
2515 4767 2741 4835 φυλάξοι
2793 4768 3032 4840 Χριστὸς
3061 4772 3089 4824 ὁ
3114 4769 3246 4833 Θεὸς
3275 4767 3452 4840 ’ἡμῶν
3476 4769 3572 4822 καὶ

289 4865 385 4934 qui
437 4862 544 4920 sibi
584 4860 912 4932 placuerint,
950 4858 1166 4915 medius
1217 4868 1411 4923 stans,
1456 4857 1565 4914 illis
1617 4865 1866 4929 tanquam

1979 4857 2127 4928 ψυχῇ
2167 4857 2265 4911 καὶ
2300 4857 2539 4930 σώματι,
2564 4859 2751 4913 ἐκεῖνα
2790 4860 2887 4914 καὶ
2922 4861 3226 4931 φρονοῦντα
3263 4862 3361 4916 καὶ
3409 4859 3573 4932 μελε-

290 4957 397 5011 diis
428 4951 875 5025 incorruptibiles
915 4951 1142 5007 delicias
1191 4950 1504 5007 distribuet.

1980 4950 2163 5004 τῶντα
2218 4951 2313 5005 καὶ
2344 4951 2675 5018 πράττοντα,
2731 4951 2832 5005 ὅσα
2887 4953 2945 5005 ὲν
2985 4952 3064 5025 τῷ
3116 4953 3370 5024 μέλλοντι
3412 4951 3574 5007 αἰῶνι

291 5055 391 5125 τῆς
422 5055 637 5111 ἐκείνου
669 5051 1010 5124 κληρονόμον
1066 5052 1407 5124 καταστήσοι
1436 5049 1617 5120 δόξης,
1655 5051 1757 5119 τῆς
1785 5048 1956 5111 ὅντως
2019 5045 2301 5117 μακαρίας
2364 5045 2526 5116 δόξης
2557 5045 2655 5100 καὶ
2724 5045 2966 5120 τερπνῆς
3028 5046 3314 5116 γλυκείας,
3354 5046 3442 5099 ὅτε
3464 5045 3573 5098 τῶν

294 5150 785 5222 εὐαρεστησάντων
834 5145 982 5218 αὐτῷ
1017 5145 1076 5199 ἐν
1118 5144 1272 5216 μέσῳ
1327 5144 1459 5207 Θεὸς
1515 5142 1593 5196 ὢν
1621 5141 1696 5206 ὡς
1731 5142 1875 5207 θεοῖς
1909 5140 2316 5210 καθιστάμενος
2359 5138 2458 5204 τὰς
2503 5139 2767 5211 διανομὰς
2837 5140 3065 5214 παρέξει
3136 5142 3247 5198 τῶν
3276 5142 3575 5215 ἀφθάρτων

295 5244 674 5301 ἀπολαύσεων.

858 5381 925 5435 Χ.
960 5379 1043 5433 Ad
1066 5377 1328 5434 eumdem.
1464 5432 1469 5437 ,

2586 5372 2646 5429 ι’.
2685 5373 2768 5440 Τῷ
2812 5374 2973 5441 αὐτῷ
2986 5416 3001 5430 .

369 5516 747 5575 Βίριυιη·ἰ11υι1
778 5534 954 5586 ipsum
988 5516 1133 5587 quod
1165 5513 1219 5569 in
1248 5512 1426 5584 capite
1465 5522 1570 5568 tuas
1609 5515 1866 5583 praeclara

2060 5513 2200 5568 Αὐτὸ
2252 5512 2408 5566 τοῦτο
2465 5515 2564 5581 τῆς
2610 5513 2784 5583 καλῆς
2822 5513 2919 5566 καὶ
2952 5512 3227 5584 φρονίμης
3285 5509 3576 5580 ἐπιστολῆς

300 5624 462 5686 atque
513 5607 774 5681 sapientis
813 5610 1057 5679 epistolae
1100 5607 1354 5680 posuisti,
1390 5622 1491 5678 ego
1532 5622 1750 5679 quoque
1798 5607 1866 5662 hic

1989 5623 2084 5661 σου
2138 5605 2197 5658 τὸ
2237 5605 2660 5677 προηγούμενον
2722 5607 2897 5678 ῥῆμα,
2936 5602 3092 5672 κάγὼ
3156 5601 3576 5676 προηγούμενον

299 5707 355 5760 in
400 5703 580 5773 capite
630 5713 796 5771 pono,
852 5699 924 5753 Iili
970 5701 1065 5765 mi,
1100 5702 1144 5757 si
1182 5713 1360 5757 tamen
1395 5699 1564 5755 lilium
1603 5699 1866 5753 nominari

1985 5699 2202 5768 τίθημι,
2249 5699 2439 5751 τέκνον
2496 5698 2675 5770 ἡμῶν,
2731 5695 2889 5769 εἴπερ
2919 5696 3004 5750 δεῖ
3058 5696 3253 5751 τέκνον
3300 5696 3490 5750 καλεῖν
3515 5693 3577 5748 τὸ

297 5805 530 5870 oportet,
554 5794 646 5867 qui
677 5802 884 5865 patrem
911 5790 1111 5863 injuria
1155 5794 1351 5864 allicit;
1387 5804 1540 5866 pater
1578 5796 1758 5848 tamen
1792 5791 1866 5847 tib

1990 5790 2213 5863 ὑϐρίζον
2244 5791 2458 5864 πατέρα
2491 5794 2708 5857 τέκνον,
2739 5788 2920 5860 πατὴρ
2956 5788 3011 5841 δὲ
3066 5788 3177 5856 σὸς,
3224 5788 3288 5842 ἄν
3315 5806 3372 5844 τε
3410 5785 3577 5858 βούλῃ
