3996 6208
427 365 492 428 81
1102 350 1111 363 ’
1333 358 1337 363 '
1871 369 1997 430 EPt

2097 368 2285 429 OLIE.
3520 374 3527 381 ’
3615 379 3687 442 82

424 476 494 530 ἄν
524 491 584 529 τε
622 476 699 547 μὴ
729 474 918 549 βούλῃ,
953 475 1255 540 ἐπίσκοπος
1304 475 1353 531 εί
1406 476 1500 530 καὶ
1535 475 1823 547 ἐλάχιστος
1854 478 1883 530 6
1910 476 1997 547 rip

2112 482 2216 540 est,
2255 473 2389 532 velis
2420 476 2582 543 nolis,
2611 477 2924 550 episcopus,
2952 459 3264 553 quanquam
3291 485 3570 554 minimus,
3592 490 3687 559 qui

424 570 506 633 εἰς
531 570 664 623 Θεὸν
692 569 767 640 μὴ
795 570 1187 641 ἀπηρνημένος
1218 568 1524 626 εὐσέϐειαν.
1552 569 1664 624 Καὶ
1693 568 1804 642 γὰρ
1833 570 1881 623 εί
1915 571 1997 624 καῖ

2116 567 2173 621 in
2198 565 2366 623 Deum
2400 570 2654 639 pietatem
2686 586 2794 628 non
2817 573 3051 642 negavit.
3092 574 3319 631 Etiamsi
3345 579 3690 651 etenimpec-

426 660 771 730 ἁμαρτωλοὶ,
798 659 913 714 ἀλλ’
939 661 1038 730 οὐχ
1081 662 1227 732 ὑμᾶς
1259 660 1555 715 ἐπίσκοποι
1610 662 1806 733 κριτὰς
1852 661 2011 732 ἔχου-

427 769 550 807 σινο
598 752 755 824 ὑμῶν
779 754 838 808 δὲ
894 753 1084 826 κριταὶ
1128 755 1490 825 τυγχάνουσιν
1529 757 1580 809 οί
1614 754 1925 819 ἐπίσκοποι,
1962 756 2017 809 εἴ

423 863 488 913 γε
523 846 622 915 τῆς
647 845 892 916 Χριστοῦ
942 846 1149 918 ἀγέλης
1187 847 1337 912 ἐστὲ,
1375 847 1473 901 καὶ
1524 846 1600 918 μὴ
1652 848 1752 919 τῆς
1795 848 2008 903 ἐκείνου

424 938 665 1009 ποίμνης
712 937 1091 1010 πλανώμενον
1147 937 1269 994 ἀλλ’
1319 938 1741 1010 ἐμωράνθημεν.
1774 939 1849 1004 ὦς
1873 941 2009 1010 ἔφης

392 1008 450 1083 ίὸ
481 1008 747 1102 φρόνιμος
772 1030 837 1084 σύ
862 1048 876 1062 υ
909 1008 1362 1103 ⁷εὐχαριστοῦμεν
1411 1032 1490 1103 τῷ
1550 1008 1671 1103 Θεῷ
1724 1033 1885 1105 ἡμῶν
1930 1008 2007 1105 τῷ

420 1122 586 1193 χάριν
607 1123 717 1176 τῶν
766 1124 1053 1193 ἁμαρτιῶν
1079 1126 1241 1195 ἡμῶν
1288 1126 1370 1189 είς
1408 1125 1470 1179 τὸ
1498 1124 1698 1196 ἔδαφος
1736 1128 1884 1196 ἡμᾶς
1906 1130 2006 1199 τῆς

423 1211 637 1282 ὕϐρεως
659 1211 901 1284 ῥίψαντι.
939 1211 1221 1268 Ἀλλέίπέ
1246 1231 1357 1285 μοι,
1381 1216 1409 1269 6
1432 1215 1595 1284 σοφὸς
1615 1217 1680 1270 σὺ
1696 1216 1793 1274 καὶ
1817 1234 2006 1290 φρονι-

424 1302 698 1376 μώτατος,
722 1304 771 1358 εί
790 1303 899 1373 ἐγὼ
918 1305 1101 1375 μωρὸς
1118 1307 1146 1360 6
1158 1306 1391 1378 γηραιὸς
1406 1308 1609 1378 πατὴρ,
1628 1309 1721 1361 καὶ
1738 1308 2003 1363 δυσωπῶν

420 1395 586 1448 παῖδα
606 1396 825 1450 νεανίαν
842 1397 986 1468 ὑπὲρ
1000 1398 1250 1469 εἰρήνης,
1271 1398 1410 1470 ὑπὲρ
1427 1399 1781 1470 διαλλαγῆς,ὑ
1791 1394 1893 1472 πὲρ
1908 1402 2001 1456 τοῦ

418 1487 579 1559 λῆξαι
639 1488 948 1560 κενούμενα
1014 1490 1364 1560 Χριστιανῶν
1415 1491 1649 1562 αἵματα,
1697 1493 1779 1556 τίς
1807 1493 1872 1547 ἂν
1912 1493 1999 1563 είη

416 1581 641 1644 νεανίας
694 1581 810 1645 υίὸς
859 1583 1010 1636 ὁτδν
1066 1586 1283 1654 πατέρα
1337 1584 1592 1655 εἰρηνικὰ
1646 1585 1999 1640 δυσωποῦντα

417 1673 604 1742 μωρὸν
632 1674 967 1742 ἀποκαλῶν;
999 1675 1243 1747 Πρόσχες
1275 1670 1366 1730 οἷα
1404 1672 1645 1747 φρονεῖς,
1675 1672 1763 1731 οἶα
1792 1678 1993 1746 λέγεις,

412 1759 505 1817 οἶα
535 1764 794 1834 γράφεις.
821 1782 840 1816 ι
880 1760 1055 1831 Εῐδον,
1078 1765 1266 1835 ἔλεγεν
1303 1770 1332 1820 6
1355 1769 1667 1840 προφήτης,
1695 1769 2000 1840 ὑπερυψού-

420 1874 583 1926 μενον
617 1859 711 1911 καὶ
742 1858 1109 1928 ἐπαιρόμενον
1158 1859 1242 1931 (τὸ
1269 1860 1647 1930 παραλειφθὲν
1702 1862 1835 1931 ἡμῖν
1860 1862 1998 1915 αίδοῖ

410 1951 486 2017 τῇ
510 1948 649 2016 πρὸς
680 1949 740 2001 σὲ
774 1950 1237 2020 παραλέλειπται·
1269 1952 1334 2005 σὺ
1359 1952 1415 2006 δὲ
1440 1953 1539 2006 οὐκ
1566 1954 1886 2023 ὴγνόηκας),
1908 1956 2001 2008 καὶ

410 2042 717 2112 παρῆλθον,
748 2045 844 2097 καὶ
869 2043 978 2098 ἰδοὺ
1002 2046 1103 2098 οὐκ
1133 2041 1222 2116 ἦν,
1247 2047 1343 2099 καὶ
1380 2046 1626 2117 ἐζήτησα
1678 2048 1862 2116 αὐτὸν,
1906 2052 2003 2103 καὶ

404 2136 510 2205 οὐχ
546 2135 750 2209 εὑρέθη
784 2139 811 2190 6
834 2136 999 2199 τόπος
1029 2138 1218 2192 αὐτοῦ.
1263 2158 1281 2191 ι
1319 2139 1486 2194 Ἀλλὰ
1535 2140 1697 2194 τοῦτο
1721 2141 1781 2194 τὸ
1835 2143 2001 2215 μέρος

407 2227 671 2282 τοσοῦτον
729 2229 906 2301 ἐχέτω
953 2230 1015 2285 τδ
1055 2230 1331 2301 γράμμαο
1391 2232 1458 2284 τὰ
1499 2231 1556 2285 δὲ
1582 2231 1782 2302 ἐφεξῆς
1805 2233 1997 2287 ἄκουε.

409 2321 507 2392 Μὴ
538 2320 728 2391 νόμιζε
760 2324 861 2393 τὴν
889 2324 1266 2394 γεγενημένην
1282 2318 1453 2396 ἧτταν
1474 2325 1582 2379 τῶν
1608 2325 1717 2379 σῶν
1752 2326 1999 2395 ματαίων

404 2414 687 2484 λογισμῶν
710 2416 805 2468 ἐπὶ
842 2416 1121 2473 τελειώσει
1171 2417 1523 2488 γεγενῆσθαι,
1559 2418 1634 2489 μὴ
1668 2418 1827 2473 τοῦτο
1867 2420 1998 2472 ὑπο-

402 2507 684 2575 λάμϐανε’
711 2510 822 2562 εἶδ’
861 2509 1295 2580 ὑπολαμῦάνεις,
1318 2512 1393 2575 ὡς
1420 2510 1691 2582 φλυαρίαν
1720 2515 1997 2582 ἀποστρά-

407 2601 545 2671 φηθι
567 2601 668 2672 τὴν
695 2601 991 2672 ὑπόληψιν.
1031 2602 1199 2655 Ἀλλὰ
1251 2606 1531 2674 νενίκηται
1558 2604 1586 2654 6
1614 2603 1751 2674 πρὸς
1779 2604 1836 2656 σὲ
1866 2605 1996 2668 λαὸς

405 2693 840 2764 ἐκστρατεύσας,
865 2694 1087 2765 πρῶτον
1113 2694 1213 2764 μὲν
1248 2694 1515 2765 κρίμασιν
1541 2696 1878 2766 ἀπορρήτοις
1901 2695 1993 2749 τοῦ

406 2786 470 2849 ἐξ
521 2786 862 2857 ἀποκρύφων
916 2786 1162 2857 ταμείων
1217 2785 1316 2850 τὰς
1339 2788 1536 2843 ἑαυτοῦ
1569 2788 1781 2857 κρίσεις
1829 2788 1992 2841 ὁπότε

406 2877 655 2947 βούλοιτο
679 2878 1016 2948 προάγοντος
1035 2896 1048 2907 ·
1087 2876 1341 2949 δεύτερον
1364 2877 1443 2943 δὲ,
1474 2878 1599 2931 ὅσον
1623 2876 1740 2930 ἔστι
1773 2879 1868 2930 καὶ
1899 2877 1992 2930 ἀν-

403 2965 649 3034 ϋρώποις
706 2965 929 3031 εἰδέναι,
987 2965 1098 3019 τῶν
1134 2965 1355 3019 οἰκείων
1396 2966 1583 3018 ἕνεκεν
1634 2963 1989 3035 σφαλμάτων.

2114 661 2380 728 caverint,
2413 675 2512 717 vos
2546 660 2756 729 iudices
2809 678 2917 720 non
2948 665 3150 721 habent
3178 666 3445 738 episcopi;
3474 670 3690 739 judices

2110 765 2141 806 e
2158 760 2347 806 contra
2373 752 2537 823 vestri
2556 763 2686 810 sunt
2700 754 2963 825 episc0pi,
2985 756 3032 812 si
3054 765 3231 813 tamen
3253 774 3283 813 e
3303 759 3505 816 Christi
3526 778 3689 833 grege

2109 843 2265 907 estis,
2293 858 2400 898 non
2424 852 2609 901 autem
2641 844 2799 914 longe
2841 846 2911 901 ab
2947 846 3068 918 ejus
3110 848 3239 904 ovili
3280 861 3560 919 errantes;
3593 854 3687 908 sed

2108 933 2436 1002 insanimus,
2466 946 2526 991 ut
2554 934 2693 994 dicis
2717 947 2774 994 tu
2801 939 3020 1009 sapiens
3045 954 3064 993 :
3097 938 3208 996 Deo
3231 942 3434 1011 gratias
3452 944 3684 1014 agimus,

2108 1029 2199 1098 qui
2235 1040 2458 1099 propter
2487 1043 2710 1101 peccata
2740 1042 2951 1099 nostra,
2981 1034 3049 1089 ad
3088 1035 3252 1090 imam
3285 1036 3539 1107 iujuriam
3568 1052 3688 1107 pro-

2106 1121 2320 1175 suavit.
2358 1120 2461 1177 Sed
2487 1124 2574 1179 die
2609 1125 2766 1191 mihi,
2810 1136 2866 1180 tu
2890 1127 3108 1196 sapiens
3134 1136 3187 1183 et
3203 1128 3686 1197 prudentissimus,

2107 1213 2151 1267 si
2180 1229 2280 1284 ego
2318 1216 2546 1272 insanus
2593 1217 2776 1273 senior
2826 1229 3000 1289 pater,
3035 1219 3308 1290 juniorem
3366 1219 3535 1275 ﬁlium
3591 1236 3689 1290 pro

2104 1320 2236 1375 pace
2267 1307 2582 1374 obsecrans,
2629 1325 2725 1379 pro
2752 1310 3010 1376 induciis,
3044 1326 3144 1382 pro
3184 1314 3485 1368 cessatione
3527 1311 3688 1368 Citri-

2104 1397 2267 1453 stiani
2293 1400 2575 1470 sanguinis
2601 1401 2902 1468 eﬁ‘usionis,
2934 1403 3065 1474 quid
3088 1412 3173 1458 est
3196 1403 3383 1474 junior
3408 1404 3552 1459 lilius
3586 1417 3687 1472 pa-

2107 1497 2243 1544 trem
2270 1505 2368 1559 pro
2393 1506 2525 1560 pace
2560 1492 2934 1549 obsecrantem
2958 1495 3241 1565 appellans
3270 1495 3562 1550 insanum?
3591 1495 3684 1549 At-

2101 1581 2347 1635 tendisne
2369 1596 2491 1651 qua:
2510 1582 2735 1649 sentias,
2766 1599 2888 1653 quae
2902 1584 3074 1650 dicas,
3102 1600 3224 1656 quae
3253 1585 3531 1640 scribasit
3542 1584 3684 1648 Vidi,

2100 1671 2281 1742 inquit
2308 1674 2592 1743 prOpbeta,
2621 1660 3082 1744 superexaltatum
3113 1686 3166 1731 et
3203 1676 3473 1731 elevatum
3518 1674 3686 1749 (quod

2098 1766 2412 1832 omisimus,
2444 1765 2515 1819 ob
2551 1766 2629 1820 tui
2664 1769 3021 1822 reverentiam
3040 1776 3123 1823 est
3153 1768 3439 1835 omissum,
3470 1782 3577 1823 non
3595 1783 3684 1822 auo

2031 1838 2072 1894 Β
2103 1865 2205 1910 tem
2238 1857 2586 1928 tuiguoras),
2617 1859 2863 1926 transivi,
2885 1868 2939 1914 et
2981 1874 3108 1915 ecce
3136 1874 3242 1915 non
3274 1870 3427 1927 erat;
3461 1861 3686 1933 quaesivi

2105 1962 2250 2009 eum,
2281 1957 2335 2003 et
2363 1964 2471 2003 non
2502 1958 2583 2004 est
2608 1948 2857 2004 inventus
2882 1950 3031 2006 locus
3061 1950 3180 2022 ejus
3199 1951 3241 2009 ⁸.
3266 1969 3287 2003 ι
3320 1949 3427 2005 Sed
3461 1952 3551 2006 hic
3583 1962 3689 2006 stet

2105 2040 2217 2094 licet:
2243 2041 2545 2097 litterarum
2577 2057 2746 2111 pars;
2788 2044 2931 2112 quod
2976 2045 3220 2115 sequitur
3261 2045 3412 2100 audi.
3449 2044 3527 2098 Ne
3569 2044 3690 2098 exi-

2103 2132 2291 2186 stimes
2323 2148 2442 2186 eam
2475 2149 2595 2203 qua:
2622 2135 2823 2190 accidit
2875 2136 3082 2190 cladem
3138 2136 3483 2203 perﬁciendis
3534 2137 3687 2191 vanis

2103 2221 2345 2277 consiliis
2378 2224 2486 2278 tuis
2516 2240 2637 2280 esse
2656 2225 3046 2296 profecturam,
3072 2226 3175 2282 hoc
3201 2227 3313 2282 noli
3339 2241 3689 2297 supponere;

2099 2326 2152 2370 et
2180 2316 2228 2370 si
2258 2318 2541 2387 supponis,
2580 2327 2843 2389 tanquam
2865 2335 3039 2391 nugas
3073 2320 3505 2391 suppositionem
3537 2330 3685 2375 tuam

2100 2407 2291 2476 abjice.
2341 2407 2530 2465 Victus
2587 2418 2670 2466 est
2710 2413 2945 2482 populus
3002 2413 3095 2482 qui
3144 2422 3325 2468 tecum
3383 2412 3683 2479 dimicavit,

2099 2502 2276 2569 primo
2302 2501 2521 2569 quidem
2539 2503 2906 2575 investigabili
2929 2506 3158 2561 consilio
3176 2506 3296 2574 ejus
3318 2505 3434 2574 qui,
3466 2505 3686 2574 quando

2098 2592 2231 2656 vult,
2267 2607 2296 2647 ε
2331 2603 2542 2649 secreto
2573 2598 2947 2665 promptuario
2992 2612 3090 2651 sua
3121 2595 3323 2665 judicia
3353 2598 3569 2663 educit;
3598 2612 3688 2653 se-

2097 2684 2275 2737 cundo
2304 2695 2510 2749 autem,
2535 2686 2587 2739 in
2620 2697 2886 2755 quantum
2909 2687 3224 2743 hominibus
3244 2690 3386 2744 seire
3406 2691 3589 2754 datur,
3614 2690 3685 2742 ob

2096 2776 2310 2845 propria
2338 2776 2553 2831 delicta.
2592 2777 2756 2833 Erras
2810 2778 3222 2847 inconsulteque
3258 2781 3450 2847 sentis,
3513 2782 3686 2838 victo-

2093 2871 2230 2923 riam
2263 2868 2327 2923 ad
2366 2869 2629 2938 privatam
2666 2878 2816 2924 tuam
2850 2871 3200 2940 cupiditatem
3230 2874 3474 2931 referens
3506 2884 3560 2930 et
3582 2891 3685 2946 pu-

2095 2971 2213 3016 tans
2245 2976 2447 3017 caesum
2479 2976 2602 3016 esse
2631 2963 3036 3034 ideopOpulum
3067 2963 3375 3021 Romanum
3409 2975 3469 3021 ut
3510 2969 3687 3039 impe-

402 3059 611 3121 Κακῶς
660 3061 833 3122 ποιεῖς
875 3059 970 3111 καὶ
1026 3057 1088 3111 οὐ
1139 3057 1631 3128 περιεσκεμμένως
1686 3055 1788 3128 τὴν
1831 3056 1990 3125 νίκην

2096 3056 2175 3107 rio
2210 3069 2402 3109 eorum
2440 3054 2717 3123 potireris.
2756 3054 2952 3109 Junior
2981 3071 3078 3123 es;
3127 3057 3333 3127 itaque,
3365 3060 3409 3113 si
3439 3059 3548 3129 jam
3575 3077 3683 3116 non

402 3153 545 3222 πρός
567 3153 664 3223 τὴν
692 3152 827 3207 ίδίαν
858 3152 1121 3224 ἁρπάζων
1178 3151 1503 3220 ἐπιθυμίαν,
1547 3151 1643 3202 καὶ
1672 3149 1991 3218 ὑπολογιζό-

2096 3147 2336 3209 audiisti,
2373 3147 2556 3214 disce;
2594 3148 2665 3213 si,
2699 3156 2990 3218 postquam
3030 3148 3337 3221 audiveris,
3362 3153 3514 3209 luisti
3539 3154 3685 3210 obli-

399 3263 569 3315 μενος
603 3247 680 3311 ib;
731 3248 919 3301 ἕνεκεν
952 3247 1047 3302 τοῦ
1101 3247 1163 3300 σέ
1205 3246 1315 3301 τῶν
1360 3244 1648 3315 Ῥωμαίων
1695 3243 1991 3311 κατασχεῖν

2098 3250 2207 3305 tus,
2245 3240 2551 3295 recordare.
3187 3296 3192 3301 ,

393 3340 678 3408 ἐξουσίαν,
712 3344 775 3395 τὸ
826 3343 1052 3411 γεγονὸς
1119 3342 1427 3412 ἁμάρτημα
1495 3338 1574 3410 τῷ
1634 3336 1932 3408 Ῥωμαϊκῷ
1996 3336 2196 3405 συνέϐη
2224 3334 2362 3402 λαῷ.
2420 3334 2556 3398 Νέος
2588 3330 2671 3388 εἷ·
2729 3335 2825 3388 καὶ
2854 3336 2904 3388 εί
2934 3336 3033 3407 μὲν
3081 3337 3183 3391 οὐκ
3246 3339 3511 3408 ἤκουσας,
3548 3341 3686 3412 μάν-

395 3435 564 3489 θανε·
600 3437 649 3488 εί
675 3436 730 3489 δὲ
753 3435 992 3498 ἀκούσας
1024 3434 1365 3505 ἐπιλέλησαι,
1395 3432 1795 3504 ἀναμνήσθητι.
2653 3477 2663 3487 .

474 3528 655 3581 Πάλαι
704 3529 835 3582 ποτὲ
871 3531 904 3599 ἡ
957 3528 1202 3599 Περσικὴ
1254 3530 1484 3599 στρατιὰ
1533 3528 1695 3599 μέχρι
1736 3525 1848 3580 τῶν
1896 3528 1983 3578 ἐν·

2151 3517 2405 3576 Persicus
2432 3519 2563 3575 olim
2608 3521 2878 3576 exercitus
2898 3522 3005 3577 huc
3029 3538 3201 3594 usque
3230 3527 3598 3596 pernoctavit,
3630 3537 3686 3585 et

392 3622 579 3677 ταῦθα
609 3623 888 3693 ηὐλίσατο,
914 3626 1011 3678 καὶ
1040 3623 1106 3687 ἃς
1147 3623 1396 3686 ἀπειλεῖς
1434 3622 1712 3692 πυρκαϊὰς
1762 3619 1859 3673 καὶ
1901 3619 1982 3672 ol-

2096 3626 2200 3681 lua:
2217 3612 2446 3668 minaris
2464 3612 2713 3668 incendia
2735 3614 3198 3684 aediﬁciorumque
3222 3618 3536 3676 eversiones
3562 3637 3684 3691 per-

391 3716 811 3785 κοδομημάτων
864 3715 1254 3786 καταστροφὰς
1303 3713 1657 3785 διεπράξατο.
1731 3711 1872 3765 Ἀλλ’
1935 3713 1983 3765 οἱ

2096 3706 2229 3775 agit;
2266 3705 2358 3761 sed
2391 3706 2692 3775 perierunt,
2756 3716 2811 3762 et
2840 3709 3061 3764 nonnisi
3101 3710 3156 3764 iu
3190 3712 3430 3768 nominis
3465 3731 3677 3770 memo-

395 3806 503 3878 μὲν
537 3806 842 3871 ἀπώλοντο,
878 3808 971 3861 καὶ
993 3808 1119 3860 ὅσον
1153 3808 1235 3869 εἰς
1269 3807 1493 3876 μνήμην
1523 3806 1788 3872 ὀνόματος
1834 3821 1989 3874 περι-

2096 3797 2168 3851 ria
2215 3808 2556 3869 supersunt;
2595 3798 2841 3855 Romana
2904 3817 3033 3857 vero
3065 3813 3304 3873 patestas
3333 3806 3449 3862 suis
3481 3808 3679 3863 funda-

390 3898 702 3950 λείπονται·
734 3899 767 3968 ἠ
799 3898 857 3951 δὲ
901 3897 1185 3968 Ῥωμαῖκὴ
1220 3896 1475 3966 βασιλεία
1525 3895 1616 3949 ἐπὶ
1643 3897 1744 3962 τῆς
1775 3895 1987 3958 οἰκείας

2096 3891 2293 3945 mentis
2315 3890 2579 3967 constitit.
2611 3891 2715 3947 Sed
2745 3902 2873 3947 ante
2903 3893 3338 3952 illosAvarorum
3364 3915 3518 3969 gens.
3548 3915 3685 3969 quo.

391 3992 603 4060 ἕστηκε
630 3992 914 4061 κρηπῖδος.
960 3991 1123 4045 Ἀλλὰ
1156 3991 1252 4045 καὶ
1285 3990 1399 4045 ἄνω
1419 3990 1628 4043 τούτων
1652 3990 1720 4042 τὰ
1743 3989 1853 4042 τῶν
1904 3989 1988 4042 ‘A-

2096 3997 2214 4035 rum
2245 3998 2343 4037 vos
2383 3998 2573 4040 ramus
2599 3985 2732 4041 estis
2754 3987 2981 4042 avulsus
3007 3998 3058 4042 et
3088 3990 3179 4058 (ne
3228 3992 3413 4059 gravis
3463 3993 3559 4049 tibi
3611 3997 3685 4050 sit

396 4084 591 4154 ϐἀρων
612 4086 771 4156 γένη,
809 4078 884 4139 ὧν
933 4086 1093 4154 ὑμεῖς
1137 4083 1455 4143 ἀποσπάδες
1505 4076 1622 4151 (καὶ
1674 4081 1844 4151 μηδέν
1906 4098 1987 4134 σοι

2096 4088 2274 4127 sermo
2307 4075 2484 4142 meus)
2515 4078 2660 4131 servi
2690 4085 2743 4131 et
2780 4078 2992 4147 fugitivi
3023 4091 3212 4136 contra
3237 4085 3397 4139 istam
3426 4101 3682 4156 magnam

392 4177 543 4246 πρὸς
578 4176 746 4247 βάρος
778 4180 806 4231 6
833 4177 1034 4249 λόγος),
1074 4180 1169 4231 καὶ
1199 4176 1377 4230 δοῦλοι
1439 4175 1535 4229 καὶ
1580 4173 1850 4244 δραπέται
1885 4189 1981 4241 γε-

2096 4164 2303 4230 urbetu,
2339 4165 2418 4218 illi
2444 4167 2687 4221 omnium
2732 4170 2971 4226 domina:
3008 4187 3073 4227 ac
3105 4175 3308 4244 regina
3338 4177 3457 4231 urbi
3496 4178 3685 4250 subjev

393 4271 620 4338 γόνατε,
656 4271 750 4322 ἐπὶ
788 4271 1040 4325 πλεῖστον
1080 4271 1177 4341 τὴν
1210 4269 1458 4341 μεγάλην
1496 4267 1706 4339 ταύτην
1755 4265 1851 4321 καὶ
1878 4265 1985 4319 ὑπὸ

2096 4262 2251 4321 ctam,
2309 4258 2747 4313 numerosissimi
2804 4262 3049 4331 adusque
3097 4268 3301 4321 ttioeuia
3351 4269 3679 4328 irrueruut:

389 4365 463 4432 τῇ
495 4360 721 4414 πάντων
742 4361 1001 4434 δεσποίνῃ
1017 4363 1109 4416 καὶ
1130 4362 1300 4432 κυρία
1324 4376 1633 4434 στρατηγου
1642 4358 1780 4430 μένῃ
1805 4358 1982 4423 πόλει,

2096 4357 2140 4402 at
2165 4348 2449 4418 perierunt
2467 4349 2519 4404 bi
2547 4364 2790 4420 quoque,
2814 4368 2911 4407 uec
2935 4354 3047 4423 jam
3075 4369 3375 4427 supersunt
3398 4364 3575 4429 gentis
3596 4380 3682 4419 re-

392 4457 569 4525 μέχρι
600 4456 694 4508 καὶ
740 4454 851 4507 τῶν
878 4454 1073 4524 τειχῶν
1101 4454 1414 4527 ἐπέδραμον
1440 4472 1453 4485 ο
1510 4453 1646 4509 ἀλλὰ
1693 4454 1789 4507 καὶ
1837 4444 1985 4505 οὗτοι

2096 4442 2303 4509 liquim;
2341 4444 2455 4498 hinc
2488 4459 2618 4499 vero
2648 4445 2818 4516 gloria
2851 4457 3013 4518 atque
3036 4452 3279 4520 potentia
3308 4454 3413 4509 sibi
3433 4471 3462 4510 a
3481 4458 3682 4527 princi-

388 4547 706 4612 ἀπώλοντο,
742 4548 836 4600 καὶ
861 4547 984 4600 οὐδὲ
1007 4546 1264 4616 λείψανον
1291 4546 1386 4601 τοῦ
1432 4546 1625 4615 γένους
1660 4545 1980 4614 ὑφίσταται,

2096 4536 2183 4606 pio
2198 4536 2341 4591 datis
2363 4538 2631 4607 splendet.
2655 4538 2821 4595 Visne
2837 4541 3004 4596 alium
3024 4559 3242 4614 quoque
3256 4546 3351 4602 tibi
3373 4550 3681 4611 scribamus

390 4637 543 4706 α’ύτη
577 4638 634 4690 δὲ
661 4638 759 4691 σὺν
780 4640 847 4709 τῇ
879 4636 1120 4709 λαχούσῃ
1146 4638 1286 4707 αὐτῇ
1314 4636 1374 4702 ἐξ
1398 4637 1575 4706 ἀρχῆς
1599 4638 1693 4689 καὶ
1718 4635 1843 4706 δόξῃ
1890 4637 1984 4689 καὶ

2096 4634 2427 4703 tyrannicum
2472 4635 2756 4690 incursum
2789 4653 2895 4692 non
2927 4640 3071 4711 quod
3104 4640 3306 4712 dignus
3339 4645 3525 4716 sitqui
3553 4663 3679 4705 cum

390 4731 648 4802 βασιλεία
670 4730 1045 4800 φαιδρύνεται.
1068 4729 1259 4784 Βούλει
1281 4747 1362 4783 σοι
1381 4736 1474 4784 καὶ
1490 4729 1660 4799 ἄλλην
1682 4729 1983 4799 γράψωμεν

390 4822 740 4893 τυραννικὴν
776 4823 989 4892 ἔφοδον,
1018 4824 1111 4877 καὶ
1155 4823 1264 4876 οὐδ’
1296 4823 1421 4877 ὅσον
1451 4823 1545 4876 καὶ
1568 4821 1728 4887 ἀξίαν
1759 4820 1984 4892 συγκρί-

389 4915 585 4968 νεσθαι
608 4917 677 4986 τῇ
705 4915 951 4987 ὑμετέρα
978 4916 1189 4984 ἐφόδῳ;
1215 4914 1288 4968 Τὸ
1310 4913 1649 4985 Σαρακηνῶν
1680 4913 1838 4981 γένος
1862 4930 1986 4966 vatu-

390 5008 453 5061 σὶ
491 5007 594 5077 μὲν
628 5008 913 5080 μυριάσιν,
966 5008 1171 5079 ἱππότῃ
1200 5007 1258 5062 δέ
1320 5009 1414 5061 καὶ
1450 5007 1600 5078 πεζῷ
1646 5005 1761 5078 λαῷ
1812 5007 1984 5077 ὑπερ-

390 5098 676 5164 ϐάλλοντι,
710 5099 811 5170 τὴν
839 5100 1089 5169 μεγάλην
1119 5099 1327 5169 ταύτην
1364 5099 1460 5152 καὶ
1495 5097 1569 5162 ώς
1608 5097 1831 5167 ἀληθῶς
1885 5096 1979 5151 τοῦ
2014 5141 2022 5148 .

388 5192 535 5245 θεοῦ
576 5192 734 5246 πόλιν
763 5195 855 5245 ἐπὶ
887 5193 1102 5263 χρόνοις
1164 5194 1306 5246 ἑπτὰ
1350 5192 1840 5266 Δπεριεκύκλωσαν,
1889 5192 1985 5247 καὶ

394 5286 616 5349 πάντας
672 5282 815 5339 εἶδεν
846 5287 1117 5352 ἀπώλεια,
1167 5287 1264 5341 καὶ
1311 5285 1597 5351 παντελῶς
1633 5286 1804 5356 ὀλίγοι
1844 5288 1984 5357 πρὸς
2020 5272 2025 5277 ’

389 5378 497 5446 τὴν
554 5377 693 5432 ίδίαν
724 5378 966 5450 πατρίδα
1028 5378 1401 5449 ὑπέστρεψαν
1437 5378 1578 5450 αὕτη
1630 5378 1688 5432 δὲ
1734 5379 1982 5449 διαμένει

391 5469 493 5522 καὶ
518 5467 846 5534 διασώζεται
867 5472 966 5540 τῆς
993 5470 1051 5538 ἐξ
1079 5472 1254 5543 ἀρχῆς
1296 5470 1546 5535 εὐδοκίας
1584 5471 1979 5545 φρουρουμένη

390 5563 520 5622 ταῖς
580 5564 865 5633 πτέρυξιν.
925 5564 1211 5634 Ἡγάπησα
1264 5563 1358 5616 καὶ
1412 5563 1612 5633 ἁγαπῶ
1669 5580 1752 5631 σε,
1791 5563 1984 5617 τέκνον

390 5655 579 5726 ἡμῶν,
610 5658 639 5708 6
671 5656 998 5726 μωρανοεὶς,
1026 5658 1097 5721 ὡς
1127 5660 1188 5710 σὺ
1236 5658 1438 5726 λέγεις,
1473 5658 1677 5728 πατὴρ,
1720 5657 1814 5711 καὶ
1839 5674 1982 5728 συμ-

470 5812 490 5841 ⁸
523 5811 664 5867 Psal.
703 5828 884 5879 xxxvr,
916 5813 1003 5870 '65.

2087 4737 2272 4782 vestro
2332 4725 2593 4784 incursus
2645 4731 3037 4801 comparetur?
3071 4732 3474 4794 Saracenorum
3521 4756 3678 4813 gens.

2087 4832 2213 4871 cum
2278 4817 2774 4879 innumerabilibus
2828 4824 3086 4894 navibus,
3132 4842 3256 4884 cum
3302 4834 3675 4891 numerosiora

2084 4911 2333 4991 equitatu
2356 4926 2424 4966 ac
2466 4912 2708 4982 peditatu
2740 4929 2838 4983 per
2858 4926 3065 4987 septem
3114 4935 3291 4977 annos
3326 4938 3577 4991 magnam
3610 4925 3675 4979 il-

2087 4984 2195 5057 |am
2212 5014 2266 5058 et
2294 5019 2419 5061 vere
2456 5003 2552 5060 Dei
2583 5007 2772 5062 urbem
2808 5009 3235 5080 cireumcinxit;
3268 5029 3568 5086 omnesque
3582 5032 3674 5085 pe-

2091 5096 2320 5161 rierunt,
2337 5106 2392 5152 et
2409 5098 2729 5168 paucissimi
2749 5110 2959 5158 tantum
2980 5104 3033 5158 iu
3054 5106 3283 5175 patriam
3303 5115 3430 5163 sunt
3444 5112 3673 5168 reversi.

2096 5188 2221 5245 llrec
2256 5206 2384 5247 vero
2428 5193 2679 5250 subsistit
2702 5205 2757 5252 et
2784 5208 3159 5265 conservatur,
3196 5199 3435 5268 antiquae
3464 5202 3559 5258 Dei
3586 5204 3673 5259 be-

2089 5286 2412 5342 nevolentiae
2431 5290 2775 5357 preteetione
2800 5293 3094 5348 custodita.
3122 5292 3198 5347 Te
3221 5293 3382 5349 dilexi
3418 5303 3581 5368 atque
3596 5299 3679 5353 di-

2088 5377 2218 5448 ligo,
2240 5378 2315 5433 ﬁli
2342 5379 2439 5445 mi,
2463 5380 2708 5449 insanus,
2740 5391 2799 5438 ut
2826 5384 2931 5451 ais,
2961 5394 3137 5454 pater,
3160 5384 3373 5456 tibique
3392 5390 3599 5446 suadeo
3622 5392 3679 5445 in

2085 5485 2243 5538 sana,
2265 5472 2641 5540 utarbitraris,
2672 5490 2797 5530 vere
2821 5484 3002 5530 autem
3024 5492 3130 5531 non
3164 5477 3357 5535 insana
3386 5498 3401 5537 :
3430 5498 3673 5539 errorem

2089 5563 2334 5634 relinque
2354 5580 2543 5621 eorum
2570 5569 2662 5637 qui
2686 5576 2736 5623 te
2755 5569 3066 5639 decipiunt;
3092 5587 3286 5629 vanam
3305 5592 3455 5647 spem
3479 5578 3675 5647 abjice,

2087 5664 2378 5713 contentus
2435 5658 2511 5713 sis
2545 5673 2606 5713 ea
2636 5667 2900 5727 potestate
2932 5676 3097 5732 quam
3150 5681 3181 5722 a
3216 5668 3325 5724 tuis
3374 5669 3676 5741 majoribus
