3996 6208
391 376 462 434 b5
1845 377 1965 437 EPI

2076 377 2252 440 DLE.
3584 392 3650 452 86

391 489 480 541 διὰ
508 487 606 557 τὴν
641 489 850 558 ἄφατον
905 488 1221 558 ἀγαθότητα
1269 491 1362 543 τοῦ
1417 490 1623 560 ταύτης
1693 493 1841 562 ἡμᾶς
1892 494 1994 563 τῆς
2069 497 2292 566 χάριτος
2361 497 2822 564 καταξιώσαντοςο
2857 501 2990 555 ἀλλὰ
3042 502 3398 573 δυσιυποῦμέν
3435 523 3524 558 σου
3557 511 3652 576 τὴν

389 579 742 649 φιλόχριστον
810 580 1012 650 ψυχὴν,
1063 581 1200 656 ὅπερ
1266 583 1361 634 καὶ
1422 583 1554 634 Θεὸν
1611 583 1690 653 τῷ
1749 585 2122 656 θυσιαστηρίῳ
2184 589 2583 659 παριστάμενοι
2623 591 3002 662 δυσωποῦμεν,
3038 594 3179 665 ὑπὲρ
3219 595 3498 665 εἰρηνικῆς
3555 616 3651 649 και

388 671 726 735 ταστάσεως.

347 771 369 822 ἦ

387 856 581 924 θεῖκῆς
619 855 878 925 παλάμης
918 855 1432 924 ἐπευφρανθήσεται
1478 856 1598 917 ταῖς
1630 855 1789 925 ήμῶν
1836 872 1974 925 συμ-

361 943 624 1048 impun;
692 947 840 1010 Ἕως
906 946 1053 1008 τίνος
1115 949 1148 1017 ή
1223 948 1294 1016 γῆ
1358 947 1710 1017 Χριστιανῶν
1772 949 1970 1018 αἵμασι

391 1038 672 1107 μιαίνεται
734 1038 838 1090 ὑπὸ
919 1036 1261 1109 Χριστιανῶν
1327 1039 1526 1108 χειρῶν
1592 1041 1970 1110 κενουμένοις;

392 1130 642 1198 Ἔσφαξε
676 1129 815 1182 Κάῖν
868 1129 1036 1183 Ἅϐελ
1064 1131 1157 1183 τὸν
1192 1130 1442 1199 ἀδελφὸν,
1487 1131 1581 1185 καὶ
1633 1134 1784 1202 ὅμως
1837 1149 1974 1201 σφα-

388 1221 581 1288 γέντος
615 1221 734 1285 ἑνὸς
782 1222 916 1275 ἐϐόα
952 1223 1014 1274 τὸ
1069 1217 1209 1290 αἷμα
1263 1223 1396 1293 πρὸς
1452 1223 1542 1276 τὸν
1590 1223 1745 1279 Θεόν.
1781 1225 1847 1276 Τί
1883 1225 1972 1278 λο-

392 1314 544 1384 γίζῃ,
586 1315 778 1368 τέκνον
830 1313 1022 1383 ήμῶν;
1078 1313 1144 1367 Τί
1179 1315 1363 1386 διανοῇ
1404 1315 1673 1369 τοσούτων
1722 1317 1972 1386 αἱμάτων

397 1406 560 1474 μέχρι
587 1403 683 1456 τοῦ
718 1403 813 1456 νῦν
839 1403 1221 1473 κενουμένων;
1280 1406 1458 1470 Πόσην
1511 1405 1657 1469 εἰκὸς
1713 1408 1812 1476 τὴν
1844 1407 1973 1476 βοὴν

403 1499 782 1567 ἀναφέρεσθαι
811 1498 947 1570 πρὸς
982 1501 1072 1550 τὸν
1098 1498 1230 1551 Θεόν
1250 1515 1277 1564 ;’
1308 1501 1418 1552 Καὶ
1457 1498 1610 1552 οὔπω
1669 1500 1813 1568 λέγω
1845 1502 1972 1572 περὶ

390 1589 504 1640 τῶν
530 1588 770 1653 ζώντων,
817 1589 944 1651 τοὺς
991 1588 1266 1660 ὀρφανοὺς
1299 1591 1520 1654 παῖδας,
1563 1592 1660 1653 τὰς
1710 1591 1968 1661 χηρευού⁴

395 1696 501 1741 σας
553 1682 845 1748 γυναῖκας,
902 1680 1028 1744 τοὺς
1082 1680 1327 1749 ἀδελφῶν
1374 1682 1796 1753 ἐστερημένους,
1847 1684 1973 1745 τοὺς

391 1773 601 1823 τέκνων
648 1772 911 1842 ἐρήμους,
943 1773 1014 1826 τὰ
1065 1773 1198 1840 am
1252 1772 1636 1845 θυσιαστήρια,
1672 1773 1783 1828 τῶν
1811 1790 1975 1844 μονα-

393 1862 715 1928 ζόντωντδν
747 1864 1074 1933 σκεδασμὸν,
1119 1864 1227 1918 τῶν
1271 1865 1558 1936 παρθένων
1600 1868 1700 1938 τὴν
1749 1868 1974 1938 διαφθο-

394 1954 521 2024 ρὰν,
552 1946 628 2006 ὧν
657 1954 706 2005 οἱ
734 1953 1008 2024 διηνεκεῖς
1051 1957 1349 2026 στεναγμοὶ
1388 1957 1482 2009 καὶ
1518 1957 1586 2010 τὰ
1627 1951 1838 2030 δάκρυα
1883 1960 1970 2012 ἐν-

391 2051 733 2119 τυγχάνουσι
761 2050 850 2103 διὰ
901 2049 1104 2114 παντὸς
1163 2051 1242 2119 τῷ
1273 2051 1414 2122 Θεῷ.
1462 2049 1594 2106 Οἶδα
1625 2056 1707 2108 ὅτι
1741 2055 1834 2108 καὶ
1865 2073 1971 2125 χω-

397 2143 488 2213 ρἰς
515 2143 624 2195 τῶν
669 2141 953 2213 ἡμετέρων
993 2142 1172 2211 λόγων
1199 2143 1474 2214 ,φρόνιμος
1509 2143 1606 2210 ὢν,
1664 2146 1758 2198 καὶ
1808 2148 1970 2217 εἴπερ

391 2252 482 2298 τις
524 2233 828 2304 ἀνθρώπων
883 2235 1318 2306 φρονιμώτατος,
1370 2235 1577 2306 ἐνθυμῇ
1625 2235 1822 2290 ταῦτα·
1858 2237 1976 2289 ἀλλ’

391 2333 573 2400 οἶμοιῑ
601 2328 857 2399 δαίμονος
901 2330 1137 2399 ἐπηρείᾳ
1177 2331 1272 2383 καὶ
1302 2329 1608 2400 ἀνθρώπων
1642 2331 1975 2402 κακοϐουλίᾳ

391 2429 464 2496 τῇ
497 2427 561 2494 σῇ
611 2422 814 2494 πραείᾳ
860 2422 1005 2493 ψυχῇ
1046 2422 1364 2490 ἐμπεσοῦσα
1409 2425 1628 2495 πικρία,
1682 2424 1974 2493 ἄνθρωπον

390 2518 530 2570 ὂντα
593 2514 882 2586 διερεθίζει
955 2514 1052 2567 καὶ
1116 2515 1434 2584 φιλονεικεῖ,
1490 2513 1566 2585 μὴ
1620 2515 1974 2586 συγχωρῆσαι

404 2608 664 2678 γενέσθαι
711 2606 810 2676 τῆς
851 2605 1050 2660 ἑαυτοῦ
1113 2607 1476 2676 ἡμερότητος.
1551 2605 1735 2670 Ἀλλὰ,
1784 2606 1975 2658 τέκνον

395 2697 712 2767 ἀγαπητὸν,
757 2696 867 2749 εἴτε
905 2695 1161 2765 δαίμονος
1197 2694 1260 2747 τὸ
1299 2694 1482 2766 ἔργον,
1535 2695 1609 2764 μή
1663 2697 1760 2746 επὶ
1807 2693 1972 2746 πλέον

397 2788 778 2859 παρασχῶμεν
826 2787 976 2856 αὐτῷ
1032 2785 1422 2856 κατορχεῐσθαι
1476 2784 1598 2838 καθ’
1645 2784 1826 2855 ήμῶν·
1859 2786 1969 2838 εἶτε

397 2879 708 2950 ἀνθρώπων
735 2878 1121 2941 κακοϐουλίαις
1149 2878 1431 2948 ἀπήντησε
1467 2876 1537 2930 τὰ
1562 2875 1772 2928 ἐλεεινὰ
1800 2875 1971 2928 ταῦτα

393 2975 493 3026 καὶ
522 2972 760 3042 δυσχερῆ
793 2965 1116 3042 πράγματα,
1138 2969 1508 3041 ἁρκεσθῶμεν
1560 2971 1682 3032 ταῖς
1731 2969 1851 3021 κατ’
1874 2968 1971 3022 ἁλ-

395 3066 581 3136 λήλων
611 3064 947 3118 ἐπιθέσεσιν·
971 3059 1147 3134 ἧρξαν
1185 3061 1281 3114 τοῦ
1315 3059 1553 3132 πονηροῦ
1599 3059 1970 3129 ἐπιχειρήμα-

395 3175 489 3221 τος
519 3159 566 3209 οί
611 3155 1116 3228 προκατὰρξαντες,
1154 3152 1542 3222 προελύπησαν
1580 3151 1680 3220 τὴν
1729 3152 1828 3220 σὴν
1871 3151 1972 3220 ψυ-

394 3253 506 3321 χήν
541 3250 608 3304 δι’
634 3244 710 3304 ὧν
761 3249 907 3302 κατὰ
953 3247 1047 3300 σοῦ
1093 3245 1513 3317 προκεκίνηται.
1560 3243 1744 3312 Ἔχεις
1781 3242 1970 3312 ἱκανὴν

462 764 610 826 Ἕως
639 763 786 826 τίνος
804 763 833 815 ὁ
859 764 955 818 ἀπ’
981 763 1156 833 ἀρχῆς
1184 761 1376 834 ἐχθρὸς
1401 761 1495 816 τοῦ
1521 763 1844 835 πλάσματος
1875 767 1973 837 τῆς

2153 773 2444 841 Quousque
2495 775 2752 845 antiquus
2785 776 2872 829 ille
2935 777 3023 828 Dei
3083 786 3347 831 creatura:
3400 780 3653 835 inimicus

2077 865 2278 920 nostris
2335 867 2592 934 gaudebit
2662 869 3106 924 calamitatibus?
3154 871 3450 941 Quousque
3511 882 3652 929 terra
3709 919 3715 940 ,

2076 956 2338 1025 sanguine
2387 957 2824 1014 Christianorum
2893 961 3144 1016 manibus
3205 962 3534 1018 Christianis
3567 966 3648 1018 ef-

2075 1049 2200 1105 fuso
2230 1050 2548 1120 polluetur?
2575 1043 2848 1106 Interfecit
2889 1052 3022 1106 Cain
3060 1053 3277 1108 fratrem
3307 1071 3464 1109 suum
3493 1057 3648 1118 Abel,

2073 1148 2147 1206 et,
2178 1141 2426 1209 quamvis
2452 1157 2591 1196 unus
2614 1141 2776 1196 fuerit
2799 1158 2989 1205 c:esus,
3026 1142 3143 1211 ejus
3169 1153 3344 1197 tamen
3380 1146 3444 1198 ad
3475 1145 3650 1199 Deum

2079 1233 2346 1288 clamabat
2372 1234 2618 1304 sanguis.
2657 1234 2797 1300 Quid
2828 1236 3020 1302 sentis,
3064 1235 3136 1288 lili
3165 1235 3278 1288 mi?
3303 1237 3432 1305 quid
3469 1250 3650 1306 putas,

2076 1336 2226 1382 tanto
2275 1344 2450 1397 usque
2510 1329 2670 1383 modo
2705 1329 2969 1401 sanguine
2995 1328 3211 1383 cli‘uso?
3238 1328 3514 1395 Quantum
3542 1330 3653 1384 cla-

2074 1436 2281 1476 morem
2317 1423 2382 1475 ad
2405 1420 2571 1476 Deum
2605 1421 2777 1476 attolli
2823 1436 3045 1477 necesse
3066 1422 3185 1476 est!
3223 1421 3333 1475 Nec
3361 1420 3472 1490 jam
3504 1421 3650 1476 viros

2076 1528 2339 1577 memoro,
2410 1513 2684 1582 orphanos
2726 1513 3007 1579 infantes,
3062 1513 3312 1568 viduatas
3368 1511 3647 1577 mulieres,

2073 1605 2336 1661 fratribus
2417 1607 2642 1662 orbatos
2718 1615 2812 1660 aut
2882 1606 3110 1672 liberis;
3185 1616 3372 1660 sancta
3433 1605 3645 1669 altaria,

2075 1695 2465 1749 monachorum
2486 1696 2901 1765 dispersionem,
2923 1696 3189 1766 virginum
3239 1696 3608 1764 stuprationes
3631 1713 3645 1748 :

2074 1800 2306 1855 quorum
2367 1785 2614 1841 omnium
2651 1787 2887 1854 gemitus
2915 1797 2967 1840 et
3002 1786 3252 1856 lacrymze
3281 1786 3647 1840 indesinenter

2073 1877 2138 1928 ad
2164 1873 2331 1928 Deum
2391 1875 2660 1930 feruntur.
2714 1876 2933 1930 Menon
3002 1877 3130 1931 latet
3193 1886 3244 1930 te
3300 1876 3644 1945 prudentem,

2074 1964 2182 2018 imo
2209 1965 2488 2018 hominum
2539 1967 3050 2034 prudentissimum,
3085 1975 3211 2019 ante
3241 1980 3390 2020 meas
3417 1965 3644 2025 litteras,

2072 2071 2134 2110 ca
2167 2057 2464 2124 intelligere
2498 2074 2511 2110 :
2551 2057 2666 2121 sed,
2727 2059 2858 2128 proh
2890 2058 3043 2112 dolor
3074 2057 3086 2108 l
3128 2058 3328 2111 diaboli
3380 2057 3640 2127 maligni-

2075 2156 2183 2202 tate
2212 2149 2606 2218 hominumque
2674 2148 3058 2202 malevolentia
3112 2155 3460 2202 mansuetum
3493 2157 3643 2200 tuum

2071 2242 2312 2297 animum
2347 2243 2544 2298 invasit
2579 2241 2916 2306 amaritudo,
2939 2255 3059 2309 quae
3093 2249 3164 2304 te,
3197 2241 3358 2294 homo
3383 2253 3506 2292 cum
3548 2239 3645 2300 sis,

2068 2337 2272 2389 excitat
2304 2343 2356 2388 et
2395 2333 2694 2388 ambitione
2718 2341 2900 2386 movet
2921 2347 3019 2385 nec
3049 2331 3178 2385 sinit
3219 2331 3452 2400 propriae
3494 2344 3648 2382 man-

2069 2427 2344 2483 suetudini
2401 2426 2702 2496 indulgere.
2757 2425 2886 2488 Sed,
2921 2425 3116 2479 dilecte
3165 2424 3262 2487 fili,
3305 2425 3419 2476 sive
3450 2420 3647 2474 diaboli

2071 2519 2141 2574 sit
2171 2519 2270 2572 hoc
2297 2531 2454 2586 Opus,
2478 2533 2578 2572 nec
2627 2519 2736 2586 jam
2772 2517 2849 2570 illi
2891 2517 3154 2570 adversus
3191 2528 3291 2566 nos
3322 2509 3644 2565 debacchari

2071 2610 2487 2680 permittamus;
2528 2609 2644 2662 sive
2675 2624 2737 2662 ex
2778 2609 3062 2661 hominum
3108 2603 3488 2659 malevolentia
3521 2609 3644 2659 nata

2074 2701 2185 2755 sint
2236 2700 2542 2754 miseranda
2592 2709 2648 2752 et
2709 2698 2886 2752 tristia
2947 2697 3060 2762 illa,
3122 2708 3318 2750 metam
3369 2706 3639 2762 ponamus

2073 2791 2276 2844 nostris
2311 2790 2363 2843 in
2399 2790 2630 2844 invicem
2681 2789 3075 2842 iuvasionibus.
3108 2785 3307 2840 Nefarii
3333 2785 3478 2838 illius
3519 2797 3651 2836 con-

2073 2882 2178 2937 silii
2217 2883 2485 2937 auctores
2521 2882 2744 2936 fuerunt
2769 2881 2860 2950 qui
2895 2881 3054 2950 primi
3120 2881 3441 2948 inceperunt
3495 2883 3646 2927 tuum

2073 2974 2316 3027 animum
2370 2973 2556 3029 dolore
2593 2973 2803 3028 allicere
2831 2973 2944 3027 suis
2971 2979 3159 3026 contra
3195 2979 3244 3022 te
3275 2965 3636 3037 expeditioni-

2075 3065 2178 3119 bus
2207 3082 2221 3117 :
2251 3064 2581 3122 sufﬁcientes
2612 3065 2878 3119 dederunt
2925 3078 3144 3133 pmnas;
3186 3059 3331 3114 mala.
3354 3075 3473 3128 qua:
3509 3058 3653 3111 acci-

2074 3154 2540 3225 deruntcomputa
2571 3156 2867 3222 unicuique
2902 3155 2977 3208 tui
3015 3155 3148 3206 iram
3178 3151 3466 3218 exstingue
3493 3148 3649 3201 malis

2074 3261 2195 3316 quae
2211 3247 2556 3316 pertulerunt
2593 3248 2686 3317 qui
2714 3247 2807 3301 tibi
2840 3261 3034 3300 nocere
3083 3255 3210 3300 sunt
3247 3244 3508 3312 aggressi.

397 3346 502 3416 τήν
537 3343 834 3414 τιμωρίαν·
906 3340 1229 3408 ἀναλόγισαι
1285 3329 1354 3390 τὰ
1396 3333 1782 3407 συμϐεϐηκότα
1839 3333 2008 3404 πάθη,
2079 3340 2174 3391 καὶ
2231 3339 2420 3393 σϐέσον
2458 3342 2550 3395 τὸν
2590 3339 2760 3410 θυμὸν
2802 3339 2899 3408 τῆς
2938 3337 3113 3406 ψυχῆς
3145 3331 3224 3399 οἷς
3258 3332 3459 3388 ἔπαθον
3502 3332 3549 3383 oi
3591 3327 3648 3382 σὲ

395 3438 587 3500 κακῶς
630 3438 876 3508 ποιήσειν
924 3436 1408 3506 ἐπιχειρήσαντες.

475 3532 664 3584 Ἔστιν
689 3533 718 3583 ὁ
742 3530 902 3600 νόμος
929 3527 1084 3592 οὗτος
1111 3526 1336 3598 κρατῶν
1360 3525 1420 3579 οὐ
1454 3525 1613 3596 μόνον
1667 3527 1725 3578 ἐν
1755 3525 1965 3598 ἀνθρὼ-

2143 3525 2250 3581 Lex
2284 3535 2367 3581 est
2399 3541 2508 3580 non
2535 3524 2711 3580 solum
2737 3525 2878 3579 inter
2907 3525 3172 3591 homines,
3197 3529 3290 3583 sed
3311 3531 3472 3587 etiam
3507 3535 3648 3592 inter

394 3641 546 3686 ποις,
579 3622 714 3676 ἀλλὰ
748 3623 844 3674 κα).
869 3623 926 3674 ὲν
953 3619 1187 3691 θηρίοις.
1218 3619 1375 3673 Ἔστι
1410 3619 1518 3690 γὰρ
1539 3619 1799 3683 πολλάκις
1837 3620 1970 3671 ίδεῖν

397 3717 576 3788 θηρία
604 3715 710 3768 ὑπὸ
741 3713 918 3785 θυμοῦ
944 3713 1066 3766 κατ’
1107 3712 1354 3783 ἀλλήλων
1401 3712 1815 3783 ὲφορμήσαντα·
1853 3706 1972 3765 εἶτα

392 3809 492 3862 τοῦ
545 3806 664 3868 ἐνὸς
692 3804 1108 3869 ἐλαττωθέντος,
1163 3804 1224 3855 τὸ
1271 3803 1458 3872 ἕτερον
1505 3790 1970 3872 καταπραΰνεται.

393 3901 493 3972 Μὴ
527 3898 880 3969 βουληθῶμεν
921 3898 1081 3968 ἡμεῖς
1113 3898 1208 3949 καὶ
1258 3895 1463 3966 θηρίων
1507 3898 1670 3966 φύσιν
1708 3894 1975 3965 παρεξελ-

395 3999 538 4060 θεῖν,
581 3994 705 4064 μηδ⁹
729 3992 991 4045 ἄσϐεστον
1025 3991 1168 4060 ἔχειν
1203 3989 1394 4060 θυμὸν,
1435 3989 1568 4060 μηδέ
1597 3987 1695 4059 τὴν
1746 3991 1976 4058 πικρίαν

396 4088 814 4158 ἁκατὰληκτον.
876 4084 1017 4137 Ἀλλ’
1046 4085 1139 4136 ἐπὶ
1191 4084 1488 4153 λογισμοὺς
1542 4080 1714 4134 ἐλθὼν
1763 4079 1978 4148 ἀνθρω-

399 4183 615 4246 πίνους,
651 4180 746 4232 καὶ
790 4177 1027 4248 μάλιστα.
1078 4177 1145 4246 τῇ
1197 4179 1264 4245 σῇ
1316 4174 1628 4244 πρέποντας
1685 4172 1972 4240 φρονήσει,

394 4275 574 4337 ἐάσας
626 4271 753 4334 τοὺς
793 4270 1086 4340 πολέμους,
1138 4269 1236 4330 τὰς
1297 4267 1516 4335 σφαγὰς
1570 4264 1665 4318 καὶ
1713 4266 1810 4326 τὰς
1867 4266 1975 4315 τῶν

395 4369 656 4438 αἱμάτων
689 4364 903 4433 χύσεις,
945 4359 1254 4429 ἀπόϐλεψον
1288 4360 1424 4428 πρὸς
1455 4357 1516 4410 τὸ
1548 4356 1695 4427 μέγα
1742 4357 1976 4425 πρᾶγμα

393 4464 500 4532 τῆς
534 4459 778 4530 εἰρήνης,
808 4456 907 4527 τήν
937 4453 1204 4524 ἀτίμητον
1246 4451 1634 4522 κληρονομίαν,
1669 4451 1735 4520 ἢν
1764 4447 1979 4501 κατέλι-

399 4572 505 4607 πεν
558 4553 690 4622 ἡμῖν
729 4549 758 4600 ὁ
801 4547 1029 4616 ἀδελφὸς
1094 4547 1253 4616 ήμῶν
1299 4544 1554 4613 γενέσθαι
1607 4541 1975 4605 καταξιώσας,

400 4648 490 4700 ἶνα
519 4641 944 4714 εἰρηνοποιήσας
991 4638 1283 4707 υίοθετήσῃ
1313 4637 1460 4707 ήμᾶς
1490 4634 1566 4705 τῷ
1588 4632 1708 4705 Θεῷ
1739 4634 1834 4686 καὶ
1868 4633 1979 4683 Πα-

396 4739 516 4807 τρί.
567 4736 830 4800 Ἐκεῖν.ν,
882 4733 1098 4797 τέκνον,
1150 4731 1371 4798 νόμισον
1419 4723 1552 4798 ὁρᾲν
1592 4723 1795 4796 μεταξὺ
1841 4724 1976 4776 Ῥω-

402 4831 586 4900 μαίων
617 4829 711 4881 καὶ
743 4823 1068 4895 Βουλγὰρῶν
1117 4823 1354 4888 ἑστῶτα,
1390 4822 1484 4874 καὶ
1515 4819 1582 4872 τὰ
1609 4819 1784 4871 οἰκεῖα
1813 4814 1978 4887 τραύ-

2075 3619 2220 3676 feras
2238 3621 2443 3690 vigens.
2478 3619 2632 3690 Saepe
2649 3619 2793 3673 enim
2818 3619 3002 3674 videre
3039 3631 3124 3674 est
3156 3620 3300 3679 feras
3325 3625 3566 3684 furentes
3594 3633 3644 3686 in

2076 3713 2308 3768 invicem
2333 3713 2564 3778 irruere,
2587 3727 2819 3782 quarum
2867 3729 2972 3767 una
3003 3715 3167 3782 victa,
3199 3717 3368 3773 altera
3403 3720 3469 3774 ad
3497 3739 3650 3778 man-

2075 3805 2424 3860 suetudinem
2444 3805 2602 3860 redit.
2639 3806 2942 3861 Caveamus
2984 3823 3050 3862 ne
3095 3808 3333 3865 ferarum
3394 3823 3649 3870 naturam

2078 3912 2416 3967 superemus,
2437 3913 2504 3952 ne
2521 3899 2951 3968 inexstinguibili
2966 3901 3138 3956 furori
3158 3918 3334 3973 neque
3359 3904 3650 3976 insupera-

2077 3987 2168 4042 bili
2196 3989 2290 4041 ira:
2308 3987 2598 4054 cedamus;
2625 3990 2719 4044 sed
2741 3991 2805 4042 ad
2825 3993 3093 4048 humanos
3108 3994 3339 4050 aﬂ'ectus
3356 4003 3655 4069 praecipue-

2079 4093 2185 4148 que
2221 4087 2325 4132 tuae
2351 4081 2654 4147 prudentia:
2675 4096 2946 4137 consonos
2965 4085 3206 4151 rediens,
3228 4089 3390 4155 bello,
3412 4092 3650 4147 caedibus

2079 4171 2477 4240 sanguinisque
2545 4171 2810 4228 elfusione
2863 4175 3124 4243 dimissis,
3159 4179 3350 4234 oculos
3395 4154 3680 4238 converte.

2080 4264 2145 4318 ad
2177 4279 2436 4334 magnum
2492 4265 2644 4332 pacis
2681 4265 2906 4329 bonum,
2934 4269 3002 4319 ad
3027 4268 3467 4327 inaestimabilem
3501 4275 3648 4328 illam
3733 4287 3754 4292 “

2080 4359 2469 4420 lmreditatem,
2524 4371 2685 4426 quam
2728 4356 2884 4409 nobis
2914 4357 3133 4426 reliquit
3161 4363 3251 4427 qui
3273 4362 3438 4416 frater
3465 4376 3650 4419 noster

2081 4453 2194 4506 fieri
2232 4453 2486 4522 dignatus
2516 4460 2678 4505 estut
2725 4451 3101 4504 reconciliatos
3133 4467 3233 4506 nos
3259 4451 3440 4510 Patris
3478 4467 3531 4511 et
3557 4457 3648 4512 Dei

2081 4546 2219 4598 lilios
2246 4543 2516 4610 eiiiceret;
2575 4559 2733 4612 quem
2785 4543 2926 4596 inter
2970 4542 3244 4600 Romanos
3278 4559 3331 4601 et
3381 4547 3646 4620 Bulgaros

2081 4635 2320 4689 medium
2350 4645 2494 4689 stare
2523 4645 2650 4703 puta
2683 4645 2848 4702 atque
2879 4649 2977 4688 sua
3002 4637 3379 4692 ostendentem
3403 4641 3647 4706 vulnera,

2081 4725 2222 4780 latus
2251 4724 2606 4796 perforatum,
2640 4739 2898 4777 manuum
2927 4733 2980 4779 et
3023 4726 3220 4794 pedum
3259 4728 3550 4797 foramina,
3577 4732 3650 4784 ita

2083 4821 2264 4876 dicere
2303 4819 2478 4886 :Quid
2512 4828 2595 4872 est
2623 4817 2870 4882 lioc,1ilii
2909 4820 3036 4884 mei,
3062 4821 3258 4890 pepule
3283 4838 3455 4889 meus,
3488 4825 3652 4878 luere-

401 4939 556 4992 ματα
601 4919 1013 4983 ὑποδεικνύντα,
1049 4915 1145 4987 τὴν
1181 4916 1395 4984 σφαγὴν
1444 4912 1542 4980 τῆς
1575 4911 1836 4981 πλεῦρας,
1878 4911 1973 4972 τὰς

2082 4916 2223 4970 ditas
2254 4914 2476 4976 dilecta,
2519 4926 2682 4981 quam
2756 4911 2887 4964 mihi
2946 4912 3096 4966 dedit
3157 4915 3320 4967 Pater
3361 4930 3459 4983 pro
3527 4933 3645 4969 mra

397 5016 626 5083 τρὴσεις
655 5011 762 5064 τῶν
788 5009 988 5080 χειρῶν
1027 5009 1124 5060 καὶ⁵
1151 5007 1258 5058 τῶν
1290 5002 1486 5069 ποδῶν,
1515 5000 1740 5055 τοιαῦτα
1768 5000 1972 5069 λέγειν.

398 5109 470 5160 Τί
519 5106 700 5170 τοῦτο,
737 5103 908 5156 τέκνα
964 5099 1098 5170 ἐμὰ,
1133 5098 1259 5160 λαὸς
1313 5097 1466 5166 ἐμὸς,
1520 5095 1722 5166 κλῆρος
1756 5097 1976 5164 ἠγαπηο

400 5203 589 5272 μένος,
627 5199 684 5250 ὃν
732 5213 826 5267 μοι
859 5195 1056 5249 ἔδωκεν
1086 5195 1114 5246 ό
1154 5193 1340 5264 Πατὴρ
1376 5192 1496 5244 ἀντὶ
1526 5193 1623 5262 τῆς
1651 5191 1786 5260 ἐμῆς
1837 5189 1974 5241 ὑπα-

397 5295 562 5365 κοῆς,
612 5291 710 5344 καὶ
748 5289 851 5358 τῆς
913 5289 1076 5359 μέχρι
1131 5285 1365 5354 σταυρ.ὗ
1419 5283 1516 5338 καὶ
1566 5282 1660 5336 τοῦ
1738 5281 1969 5335 θανάτου

397 5384 915 5454 συγκαταϐἁσεως;
958 5382 1023 5434 Τί
1071 5381 1267 5444 τοῦτο;
1324 5377 1448 5440 Πῶς
1502 5375 1831 5430 ἐπελάθεσθε
1865 5375 1968 5442 τῆς

397 5482 544 5550 ἐμῆς
577 5479 843 5548 ὲντολής;
896 5475 1020 5538 Πῶς
1073 5475 1440 5544 ἀμνημονείτε
1502 5472 1610 5526 τῶν
1670 5471 1822 5541 ἐμῶν
1867 5486 1975 5522 πα-

403 5572 743 5642 ραινέσεων;
776 5569 885 5622 llo?)
927 5584 1018 5638 μοι
1066 5567 1380 5636 ἀπώλετοή
1429 5565 1614 5634 ἀγάπη
1682 5567 1750 5636 ἢν
1807 5562 1976 5616 κατέ-

400 5666 563 5718 λιπον
632 5665 798 5733 ὑμίνς
853 5661 918 5714 Τί
977 5661 1202 5730 γέγονεν
1259 5661 1292 5730 ή
1363 5661 1576 5729 εἰρήνη,
1640 5659 1706 5729 ἥν
1759 5656 1975 5721 ἐδίδαξα

400 5761 596 5828 ὐμᾶς;
653 5758 773 5821 liti);
821 5761 921 5827 ἐμὲ
960 5756 1202 5826 κεφαλὴν
1239 5752 1650 5824 ὁμολογοῦντες,
1706 5752 1798 5804 καὶ
1833 5749 1971 5820 μέλη

402 5855 514 5922 ἐμὰ
560 5854 839 5924 φιλοῦντες
886 5850 1376 5920 κατονομάζετθαι,
1413 5851 1504 5903 καὶ
1546 5847 1786 5919 ἀλλήλων
1820 5848 1970 5900 οπλίο

2081 5006 2384 5062 obedientia
2420 5017 2473 5060 et
2496 5019 2664 5072 usque
2710 5004 2776 5058 ad
2828 5019 3042 5058 crucem
3071 5015 3126 5060 ct
3153 5015 3382 5060 mortem
3445 5009 3648 5062 demis-

2082 5101 2281 5158 sione?
2310 5100 2438 5169 quid
2500 5109 2584 5152 est
2618 5098 2757 5153 hoc?
2801 5100 3076 5166 quomodo
3102 5100 3354 5169 praecepti
3379 5100 3484 5152 mei
3521 5102 3650 5154 estis

2082 5195 2272 5252 obliti?
2301 5193 2575 5261 quomodo
2605 5207 2754 5246 meas
2777 5192 3064 5247 suasiones
3097 5207 3202 5245 non
3255 5193 3650 5245 recordamim?

2081 5285 2359 5357 quomodo
2419 5287 2578 5354 periit
2623 5285 2711 5338 illa
2769 5285 2986 5339 dilectio
3038 5300 3198 5354 quam
3225 5284 3382 5338 vobis
3418 5287 3654 5354 reliqui?

2083 5382 2172 5435 ubi
2211 5396 2358 5435 nunc
2409 5397 2512 5450 pax
2573 5381 2660 5434 illa
2691 5396 2854 5451 quam
2899 5395 2996 5435 vos
3023 5377 3226 5432 docui?
3258 5381 3532 5446 quomodo
3565 5396 3652 5432 me

2082 5485 2244 5544 caput
2272 5476 2593 5530 conlitentes
2623 5474 2975 5539 membraque
3021 5485 3141 5524 mea
3175 5470 3280 5525 dici
3311 5482 3648 5541 satagentes,

2085 5571 2137 5624 in
2162 5571 2394 5624 invicem
2423 5569 2621 5624 hellmn
2661 5569 2846 5638 geritis
2875 5567 2897 5619 ?
2944 5563 3062 5620 Non
3087 5575 3169 5622 est
3199 5566 3248 5620 id
3276 5569 3646 5621 membrorum

2083 5663 2222 5718 idem
2251 5673 2414 5732 caput
2466 5663 2800 5723 habentium,
2851 5658 2946 5713 sed
2997 5675 3218 5716 necesse
3258 5670 3341 5714 est
3403 5658 3564 5712 dividi
3596 5666 3649 5709 et

2083 5757 2226 5811 aliud
2251 5765 2412 5825 caput
2459 5753 2651 5822 quaeri.
2696 5751 2789 5805 Illa
2845 5766 3073 5807 censeas
3127 5753 3308 5807 dicere
3367 5748 3644 5803 Christum

2086 5847 2251 5902 Deum
2317 5855 2564 5900 nostrum
2607 5844 2797 5915 majori
2830 5844 3014 5900 dolore
3044 5843 3293 5897 allectum
3327 5853 3488 5911 quam
3522 5852 3644 5890 cum
