3996 6208
347 329 418 392 δτ
1459 320 1775 393 NlCOLAI
1819 320 1928 382 cr.
1973 322 2494 382 PA'l‘l‘ilARClL-E
2632 397 2636 400 η
2929 297 2947 318 '
3551 323 3621 384 ss

338 437 489 489 cruri
534 433 632 487 fuit
701 435 930 499 ailiuis;
982 449 1142 502 quem
1215 431 1775 494 sincereaudientes,
1810 430 1920 496 ejus

2037 435 2239 500 ζεσθε;
2281 435 2399 489 Ούκ
2431 435 2546 488 ἐστι
2598 433 2761 489 τοῦτο
2793 436 2972 505 μελῶν
3013 436 3110 506 τὴν
3158 435 3332 507 αὐτὴν
3375 437 3622 505 κεφαλὴν

336 533 501 585 Verba
549 546 857 594 vereamur,
912 529 1137 583 vulnera
1197 529 1480 590 colamus,
1527 527 1926 592 timeamusque

338 637 462 676 eum
501 622 760 692 amigere,
798 631 852 677 et
909 623 1039 691 quia
1089 631 1304 690 tempus
1361 629 1467 682 est,
1516 628 1705 673 nostra
1745 617 1800 671 in
1844 618 1926 670 in-

337 719 510 768 vicem
545 715 786 784 deliqnia
822 730 1099 777 sanemus,
1155 722 1320 783 atque
1378 713 1526 766 illum
1555 711 1704 764 omni
1738 709 1925 764 dolore

338 817 391 858 et
419 807 640 860 tristitia
674 807 993 867 liberemus,
1025 806 1433 876 benignamque
1464 802 1623 857 nobis
1658 801 1924 859 faciamus

342 899 429 952 Dei
461 899 810 962 sententiam,
857 898 922 952 ad
957 912 1143 967 pacem
1171 899 1484 960 redeuntes,
1533 896 1928 964 pristinamque

337 990 681 1044 dilectionem
714 1000 1061 1056 renovantes,
1105 1003 1282 1059 neque
1317 998 1671 1059 expectemus
1703 989 1770 1043 de
1805 1005 1929 1044 nos-

342 1082 440 1134 tris
461 1082 638 1148 bellis,
674 1081 791 1156 imo
835 1081 1151 1146 furoribus,
1211 1089 1326 1135 tum
1372 1081 1605 1150 judicari
1657 1096 1780 1135 cum
1830 1082 1924 1137 de-

338 1171 513 1226 fensio
538 1190 643 1226 non
676 1173 1032 1237 admittetur;
1057 1187 1182 1226 cum
1202 1172 1381 1227 omnis
1406 1173 1688 1226 excusatio
1715 1172 1927 1225 inutilis

337 1262 462 1327 erit,
499 1275 550 1316 et
588 1263 970 1318 irrevocabilis
997 1263 1292 1319 sententia.

2028 527 2285 597 ἐχόντων,
2319 527 2432 579 ἀλλ’
2458 528 2672 597 ἀνάγκη
2710 527 3039 598 χωρίζεσθαι
3073 528 3166 582 καὶ
3198 529 3395 597 ἑτέραν
3421 528 3614 598 ζητεῖν

2029 622 2298 692 κεφαλήν.
2331 621 2518 677 Ταῦτὰ
2567 638 2659 692 μοι
2703 623 2891 694 νόμιζε
2933 622 3025 676 τὸν
3061 624 3298 693 Χριστὸν
3352 624 3448 680 καὶ
3487 623 3620 676 Θεὸν

2038 707 2196 779 ἡμῶν
2254 707 2419 760 πλέον
2457 708 2794 778 ὀδυνώμενον
2848 709 2880 780 ἢ
2940 710 3028 762 ὅτε
3074 709 3154 779 τῷ
3193 709 3415 781 σταυρῷ
3450 727 3621 779 προσ-

2028 800 2225 870 ηλοῦτο
2253 800 2455 870 λέγειν’
2480 795 2542 854 οὗ
2565 801 2640 864 ὡς
2655 800 2872 871 ἀληθῶς
2895 801 3186 864 ἀκούοντες
3202 801 3622 872 δυσωπηθῶμεν

2026 890 2152 952 τοὺς
2186 890 2396 957 λόγους,
2442 891 2786 959 αἱδεσθῶμεν
2833 893 2899 946 τὰ
2935 891 3248 963 τραύματα,
3289 893 3622 963 φοϐηθῶμεν

2029 981 2129 1051 τὴν
2160 979 2340 1050 λύπην
2391 980 2542 1050 αύτῴ
2588 981 2949 1052 ἐμπαρέχειν,
3007 983 3103 1036 καὶ
3134 983 3210 1046 ὡς
3262 983 3378 1038 ἐστι
3430 983 3622 1053 καιρὸς

2037 1073 2477 1144 θεραπεύσωμεν
2531 1073 2600 1126 τὰ
2631 1076 2712 1137 είς
2755 1075 3020 1146 ἀλλήλους
3075 1076 3394 1146 σφάλματα,
3445 1076 3625 1130 ἀπαλ-

2033 1167 2289 1236 λάξωμεν
2321 1167 2378 1222 δὲ
2407 1168 2660 1220 κάκεῖνον
2688 1168 2786 1237 τῆς
2834 1169 2918 1237 ἐφ’
2947 1169 3096 1238 ἡμᾶς
3134 1166 3326 1239 ὀδύνης
3373 1168 3469 1223 καὶ
3524 1168 3618 1222 τοῦ

2034 1257 2377 1328 ἀλγήματος,
2434 1257 2876 1327 καταστήσωμεν
2931 1259 3287 1331 εύμενῆ·τὴν
3338 1261 3492 1316 θείαν
3545 1260 3624 1318 δί-

337 1370 463 1422 κην,
500 1355 662 1408 πάλιν
694 1355 828 1423 πρὸς
895 1356 955 1408 τὸ
1005 1356 1284 1426 εἰρηνικὸν
1341 1354 1832 1426 μεταϐεϐλημένοι,
1875 1351 1970 1406 καὶ
2033 1349 2132 1420 τὴν
2182 1349 2417 1418 ἀρχαίαν
2465 1350 2688 1419 ἀγάπην
2741 1351 3158 1422 ἀναλαϐόμενοι,
3214 1355 3309 1407 καὶ
3356 1355 3433 1425 μὴ
3491 1356 3623 1410 ἀνα-

340 1449 628 1518 μείνωμεν
676 1447 888 1499 ἐκεῖθεν
939 1446 1079 1517 ὑπὲρ
1128 1441 1203 1500 ὧν
1255 1449 1334 1510 εἰς
1408 1446 1671 1516 ἀλλήλους
1737 1441 2245 1513 ἐξεπολεμήῡημεν,
2293 1440 2495 1510 μᾶλλον
2559 1441 2617 1494 δὲ
2668 1444 2844 1496 εἰπεῖν
2925 1443 3292 1515 ἐξεμάνημεν,
3365 1448 3621 1518 κριθῆναι

335 1543 422 1594 ὅτε
476 1544 570 1595 καὶ
620 1543 652 1611 ἡ
706 1541 971 1609 ἀπολογῐα
1019 1541 1409 1612 ἀπρόσδεκτος,
1471 1544 1566 1596 καὶ
1619 1538 1770 1594 ποῖ’σα
1822 1541 2095 1611 πρόφασις
2145 1535 2534 1606 ἀνενέργητος,
2603 1536 2696 1588 καὶ
2736 1539 2769 1607 ἡ
2823 1538 3152 1607 κατάκρισις
3207 1539 3613 1612 ἀσυγχώρητος.

408 1639 606 1691 Nenos
667 1637 1023 1706 loquacitatis
1085 1636 1343 1690 insimula
1407 1637 1551 1704 quod
1619 1649 1924 1690 sermonem

340 1732 554 1799 longius
612 1729 1072 1798 protraxeriznus.
1131 1727 1463 1784 Communes
1528 1728 1672 1780 enim
1705 1726 1918 1781 dolores

2112 1633 2204 1702 Μὴ
2251 1631 2539 1702 καταγνῷς
2571 1633 2731 1703 ήμῶν
2763 1635 2839 1696 ῶς
2875 1633 3332 1705 ἀδολεσχούντων,
3367 1639 3414 1690 ει
3461 1636 3623 1689 πλέον

2029 1725 2124 1778 τὸν
2151 1725 2308 1794 λόγον
2341 1726 2677 1797 ἐκτείνομεν·
2706 1728 2774 1782 τὰ
2821 1727 2937 1798 γὰρ
2997 1727 3155 1779 κοινὰ
3213 1727 3382 1797 πάθη,
3442 1727 3538 1780 καὶ
3567 1729 3623 1778 οἱ

338 1825 630 1891 cordisque
679 1823 854 1877 nostri
899 1823 1177 1877 cruciatus
1243 1837 1342 1876 nos
1404 1829 1742 1890 coegerunt:
1792 1818 1920 1874 etsi

2037 1820 2362 1891 σπαραγμοὶ
2392 1820 2490 1890 τῆς
2531 1820 2761 1890 καρδίας
2791 1821 2924 1890 πρὸς
2965 1820 3125 1874 τοῦτο
3159 1820 3465 1891 βιάζονται.
3511 1823 3622 1874 Και

337 1917 472 1970 milii
508 1919 753 1980 daret‘ur,
782 1915 938 1984 juxta
969 1916 1254 1985 antiquum
1289 1928 1625 1977 sermonem,
1668 1912 1920 1982 pluribus

338 2011 413 2088 nti
444 2009 665 2078 linguis,
709 2009 1026 2076 gauderem,
1088 2009 1351 2078 quoniam
1400 2009 1476 2062 ita
1531 2007 1716 2060 forsan
1781 2005 1920 2060 satis

336 2103 574 2169 lugerem
611 2113 660 2156 et
683 2117 871 2171 preces
905 2116 1011 2156 non
1043 2113 1150 2156 tam
1195 2102 1353 2156 malis
1384 2101 1620 2171 impares
1649 2099 1716 2153 ad
1749 2097 1920 2152 Deum

336 2206 388 2248 et
411 2195 476 2249 ad
511 2210 835 2263 generosam
873 2204 1018 2248 tuam
1059 2195 1401 2264 majestatem
1441 2194 1758 2264 dirigerent,
1782 2191 1918 2246 Cum

335 2299 516 2348 autem
543 2287 779 2355 plurium
813 2287 948 2341 mihi
983 2304 1086 2341 non
1131 2301 1214 2342 est
1246 2288 1560 2357 linguarum
1593 2288 1772 2354 copia,
1805 2285 1916 2339 liii-

335 2393 438 2448 gua
471 2379 601 2432 milii
631 2395 660 2432 a
687 2387 887 2434 natura
920 2395 1184 2435 concessa
1213 2389 1357 2444 utar,
1378 2390 1454 2442 et,
1481 2387 1539 2432 ut
1570 2378 1704 2442 dixi,
1739 2378 1923 2431 cordis

335 2472 521 2525 dolore
537 2479 783 2535 coactus,
808 2485 1120 2525 Sermonem
1143 2472 1479 2538 proli-aliam.
1499 2469 1709 2538 Cogita,
1729 2470 1802 2524 (ili
1819 2469 1915 2535 mi,

334 2569 462 2615 ante
488 2561 1052 2631 futurumjudicium,
1105 2572 1404 2630 antequam
1454 2565 1744 2617 metuendo
1777 2573 1924 2617 astes

336 2653 619 2720 tribunali,
652 2669 828 2724 neque
863 2654 1140 2724 principes
1171 2669 1348 2724 neque
1371 2669 1639 2724 pauperes
1669 2655 1733 2708 de
1758 2669 1922 2707 mun-

333 2744 474 2800 dana
497 2745 665 2814 gloria
692 2746 1044 2816 judicandos,
1077 2747 1170 2801 sed
1202 2746 1544 2801 solummodo
1568 2747 1633 2800 de
1656 2747 1922 2814 Spiritua-

334 2838 475 2892 libus
508 2843 752 2904 ineritis;
803 2849 984 2893 mente
1029 2840 1264 2908 concipe
1314 2840 1633 2906 priusquam
1681 2839 1922 2891 mundus

332 2941 556 2999 cogatur
589 2933 879 2985 universus
912 2939 1036 2984 ante
1069 2930 1463 2985 inexorabilem
1505 2932 1769 2998 judieem,
1821 2933 1921 2983 lin-

329 3023 419 3090 jns
447 3023 567 3076 vita:
617 3022 781 3086 faeta,
833 3032 954 3091 post
1008 3031 1249 3077 nostram
1300 3036 1581 3088 mortem,
1627 3023 1832 3092 bisqui
1865 3025 1918 3076 in

331 3113 420 3166 illa
472 3112 577 3165 vita
626 3124 754 3166 tunc
801 3124 959 3165 erunt
985 3113 1037 3166 in
1101 3115 1365 3168 memoria
1414 3114 1554 3168 fore.
1593 3113 1728 3181 Quis
1763 3129 1917 3184 ergo,

331 3215 696 3274 posterorum,
755 3207 957 3263 auditis
1007 3215 1083 3262 tot
1145 3207 1587 3262 Christianorum
1647 3208 1913 3270 caedibus,

331 3316 438 3351 non
493 3300 913 3365 comiciabitur,
970 3315 1087 3372 non~
1134 3301 1440 3364 maledicet,
1499 3315 1606 3354 non
1653 3300 1913 3354 omnibus

330 3393 598 3458 improbis
636 3393 949 3448 nominibus
983 3409 1172 3448 carum
1221 3403 1476 3446 auctores
1503 3396 1716 3447 obruet.

2031 1912 2192 1982 εἴπερ
2223 1905 2290 1984 ἦν
2319 1928 2432 1981 μοι,
2469 1911 2611 1964 κατὰ
2641 1910 2731 1964 τὸν
2760 1910 2992 1964 παλαιὸν
3012 1910 3194 1977 λόγον,
3240 1911 3498 1963 πλειόνων
3527 1913 3620 1963 εῦ-

2029 2004 2269 2075 πορῆσαι
2297 2003 2585 2072 γλωσσῶν,
2616 2003 2776 2058 τοῦτο
2799 2001 3054 2073 ηὐξάμην
3067 2003 3155 2066 ἂν,
3176 2002 3266 2055 ἵνα
3293 2003 3422 2065 ἴσως
3443 2002 3619 2068 οὕτως

2030 2098 2230 2161 ἱκανῶς
2266 2097 2728 2169 ἀπεκλαυσάμην,
2756 2096 2850 2150 καὶ
2878 2089 3223 2165 τὰς’δεήσεις
3243 2095 3318 2165 μὴ
3344 2096 3477 2149 πολὺ
3508 2096 3618 2147 τῶν

2031 2192 2222 2246 κακῶν
2258 2193 2589 2262 λειπομένας
2643 2191 2738 2244 καὶ
2771 2190 2906 2260 πρὸς
2951 2189 3084 2242 Θεὸν
3117 2190 3486 2260 ἐποιησάμην,
3523 2191 3619 2242 καὶ

2026 2283 2166 2353 πρὸς
2191 2284 2289 2354 τὴν
2339 2283 2438 2353 σὴν
2491 2282 2812 2352 μεγαλοερυῆ
2866 2282 3139 2346 ἐξουσίαν.
3195 2282 3335 2334 Ἀλλ’
3371 2281 3492 2334 ἐπεὶ
3541 2282 3617 2352 μὴ

2028 2377 2292 2430 πλειόνων
2325 2375 2440 2428 ἔστι
2481 2392 2572 2443 μοι
2628 2375 2890 2443 γλωσσῶν
2943 2374 3200 2443 εὐπορία,
3260 2377 3328 2444 τῇ
3359 2373 3617 2444 δεδομένῃ

2026 2470 2160 2532 τέως
2220 2471 2370 2540 παρὰ
2399 2469 2500 2539 τῆς
2551 2468 2767 2538 φύσεως
2808 2468 3223 2538 ἀποχρήσομαι,
3281 2466 3398 2531 καὶ,
3429 2465 3618 2538 ὥσπερ

2026 2559 2204 2627 εἷπον,
2258 2562 2362 2615 ὑπὸ
2394 2561 2488 2614 τοῦ
2528 2562 2729 2629 ἄλγους
2760 2561 2858 2631 τῆς
2901 2559 3081 2630 ψυχῆς
3114 2557 3452 2629 βιαζόμενος,
3511 2575 3615 2627 μα·-

2030 2655 2291 2724 κρότερον
2323 2655 2412 2706 τὸν
2438 2653 2596 2722 λόγον
2619 2635 2948 2724 ποιήσομαι.
3000 2651 3388 2721 ἙνΟυμήθητι,
3426 2650 3614 2702 τέκνον

2027 2748 2182 2815 ἐμὸν,
2217 2748 2322 2816 πρὸ
2346 2747 2439 2798 τοῦ
2471 2747 2758 2814 μέλλοντος
2781 2743 3091 2816 κριτηρίου,
3120 2743 3226 2814 πρὸ
3247 2743 3346 2813 τῆς
3379 2742 3631 2815 φοϐερᾶς-

2030 2839 2147 2889 ἐκεῖ
2185 2837 2604 2908 παραστάσεως,
2635 2837 2716 2890 ὃτι
2739 2837 3014 2905 διάκρισις
3044 2835 3144 2889 οὐκ
3171 2835 3319 2886 ἐστιν
3341 2833 3617 2904 ἀρχόντων

2033 2932 2127 2982 καὶ
2164 2930 2413 2998 πενήτων
2443 2930 2508 2981 ἐκ
2537 2932 2636 2999 τῆς
2664 2929 2942 2998 κοσμικῆς
2978 2929 3185 2997 ταύτης
3229 2925 3613 2997 περιφανείας,

2025 3023 2154 3076 ἀλλ’
2179 3023 2288 3074 απὸ
2327 3020 2506 3092 μόνων
2543 3021 2652 3074 τῶν
2679 3021 2928 3091 ψυχικῶν
2967 3020 3429 3090 κατορθωμάτων·
3486 3017 3615 3070 λάϐε

2029 3133 2119 3183 μιι
2143 3113 2284 3167 κατὰ
2308 3114 2432 3167 νοῦν
2464 3115 2558 3166 καὶ
2587 3115 2693 3181 πρὸ
2722 3116 2823 3184 τῆς
2853 3113 3200 3182 παγκοσμίου
3225 3113 3438 3182 ἐκείνης
3462 3127 3620 3162 συνα-

2023 3210 2209 3277 γωγῆς
2244 3209 2338 3260 ἐπὶ
2373 3207 2468 3260 τοῦ
2499 3209 2800 3260 ἀδεκάστου
2829 3207 3042 3277 κριτοῦ,
3079 3209 3144 3259 τά
3168 3210 3225 3260 ἐν
3257 3206 3335 3276 τῷ
3386 3206 3612 3276 παρόντι

2026 3300 2126 3370 βίῳ
2156 3302 2294 3370 μετά
2325 3301 2414 3352 τὸν
2439 3301 2712 3370 ἡμέτερον
2748 3299 2978 3352 Θάνατον
3013 3299 3118 3352 ὑπὸ
3149 3299 3254 3352 τῶν
3304 3299 3424 3352 τότε
3458 3315 3618 3368 στρεο

2032 3393 2286 3462 φομένων
2315 3395 2372 3444 ἐν
2425 3394 2490 3462 τῇ
2533 3393 2643 3462 ζωῇ
2675 3392 2871 3463 ταύτῃ,
2922 3393 3052 3462 περὶ
3088 3392 3355 3461 ἡμῶνείς
3390 3391 3615 3461 μνήμην

331 3486 586 3556 ἐσόμενα.
629 3486 724 3548 Τίς
770 3486 879 3556 γὰρ
923 3486 1029 3538 τῶν
1072 3485 1214 3556 μετά
1251 3484 1426 3538 ταῦτα
1451 3484 1724 3553 τοσαύτην
1785 3482 2025 3544 ἀκούσας
2048 3485 2396 3556 Χριστιανῶν
2460 3485 2772 3552 μιαιφονίαν
2827 3485 2887 3537 ού
2947 3483 3338 3555 λοιδορήσεται,
3364 3485 3464 3536 οὐκ
3483 3486 3616 3538 ἐπα-

333 3580 583 3647 ρὰσεται,
618 3580 679 3630 ού
732 3580 841 3630 πᾶν
886 3579 938 3630 εί
964 3596 1015 3630 τι
1049 3579 1286 3648 πονηρὸν
1337 3579 1510 3648 ὄνομα
1539 3578 1619 3642 είς
1668 3579 1797 3641 τοὺς
1847 3579 1917 3630 τὰ.
1956 3579 2186 3638 τοιαῦτα
2222 3578 2582 3648 πεπραχότας
2607 3580 2908 3648 ἀναθήσει;

407 3669 650 3723 Fuerunt
685 3671 966 3725 multoties
999 3673 1063 3725 ad
1109 3673 1340 3725 invicem
1384 3672 1616 3738 inimici,
1652 3672 1746 3726 sed
1795 3673 1913 3740 qui-

328 3777 544 3831 cunque
572 3763 862 3826 moderati,
883 3765 1198 3834 quicunque
1221 3765 1711 3820 moribusliuinani
1741 3766 1910 3819 tinent

330 3858 636 3911 inimicitiis
682 3868 1005 3925 posuerunt,
1061 3872 1238 3928 neque
1273 3859 1422 3912 omni
1477 3860 1738 3929 temporis
1761 3858 1906 3911 malo

329 3951 656 4022 servierunt,
685 3951 780 4002 sed
813 3950 982 4022 probe
1004 3951 1240 4005 Scientes
1277 3952 1346 4004 ab
1385 3951 1665 4004 hominum
1716 3961 1913 4003 natura

328 4058 452 4097 esse
493 4041 736 4096 alienum
770 4043 1087 4098 inimicitias
1126 4057 1334 4113 gerere,
1369 4059 1464 4097 eas
1496 4044 1549 4096 in
1577 4059 1765 4113 pacem
1794 4059 1917 4096 mu-

326 4141 604 4190 taverunt.
647 4135 768 4188 Non
819 4149 998 4190 autem
1052 4137 1175 4191 dico
1233 4138 1436 4191 liberos
1464 4153 1592 4207 erga
1640 4147 1918 4208 parentes,

330 4228 529 4282 lintres
588 4243 715 4295 erga
742 4228 963 4293 fratres,
992 4229 1293 4299 discipulos
1321 4246 1446 4299 erga
1493 4231 1808 4301 magistros,
1839 4232 1918 4284 sic

328 4335 523 4394 egisse,
552 4323 647 4375 sed
689 4322 852 4376 etiam
917 4321 1011 4392 qui
1064 4324 1223 4395 longe
1249 4339 1279 4378 a
1321 4324 1520 4378 talibus
1558 4323 1921 4377 connexionb

329 4414 432 4465 bus
481 4421 645 4481 atque
707 4414 1120 4470 babitudinibus
1178 4397 1542 4470 erantalieni.
1580 4413 1686 4469 Vos
1738 4425 1919 4468 autem

327 4504 500 4573 quid?
529 4506 714 4559 Liberi
748 4522 872 4558 cum
906 4507 1226 4580 parentibus
1253 4505 1627 4573 implacabiles
1655 4507 1922 4560 exercetis

329 4596 664 4658 inimicitias,
718 4595 918 4651 fratres
971 4613 1094 4651 cum
1126 4596 1408 4659 fratribus,
1463 4596 1718 4664 discipuli
1782 4611 1939 4652 cum.

329 4689 638 4758 magistris,
673 4699 728 4742 et
778 4689 960 4756 qttalis
996 4690 1299 4757 disciplina-3
1329 4690 1341 4742 !
1385 4690 1505 4756 ejus
1555 4689 1766 4744 scilicet
1795 4706 1918 4759 qua:

331 4783 484 4835 wbis
537 4782 734 4835 mentis
796 4792 1008 4848 aper-nit
1073 4784 1286 4846 oculos,
1319 4797 1442 4850 quae
1495 4797 1592 4836 vos
1637 4783 1704 4835 ad
1741 4783 1916 4836 lucem

326 4875 660 4945 perduxitet
689 4887 719 4926 a
759 4875 965 4928 diaboli
1019 4878 1282 4930 servitute
1301 4875 1523 4938 exemit,
1570 4884 1733 4944 atque
1768 4878 1916 4944 quod

327 4971 511 5024 omnia
571 4969 1075 5038 incomparabiliter
1117 4978 1366 5039 superat,
1403 4983 1499 5023 vos
1525 4967 1618 5023 Dei
1676 4969 1817 5025 (ilics
1842 4969 1921 5024 el-

325 5063 474 5117 l‘ecit.
548 5063 683 5129 Quis
715 5062 882 5132 igitur
925 5069 1293 5130 posterorum,
1348 5061 1434 5116 his
1501 5059 1754 5128 cognitis,
1809 5076 1916 5115 non

328 5171 522 5212 omnes
549 5156 800 5226 injurias,
831 5171 938 5210 non
960 5168 1153 5210 onmes
1184 5154 1558 5226 blasphemias
1584 5158 1639 5210 in
1661 5172 1756 5210 eos
1788 5171 1919 5211 con-

329 5263 480 5322 geret
515 5253 610 5324 qui
666 5265 774 5308 tam
838 5249 1177 5306 immortales
1231 5259 1491 5304 exercent
1566 5250 1920 5304 inimicitias?

329 5343 536 5399 Deinde
585 5361 703 5414 qua:
760 5347 966 5401 utilitas
1023 5343 1281 5410 decoris,
1347 5343 1533 5414 gloria:
1580 5344 1923 5399 auctoritatis

329 5449 493 5507 atque
516 5441 789 5507 potentiae,
823 5457 947 5496 cum
1000 5443 1100 5494 hac
1158 5442 1270 5492 vita
1304 5439 1477 5492 l'nneti
1507 5438 1797 5494 scelestum
1825 5453 1922 5490 no-

330 5547 453 5584 men
506 5530 908 5596 relinquemus?
993 5547 1117 5586 cum
1171 5532 1284 5598 jam
1335 5528 1687 5583 contumeliis
1748 5527 1914 5580 allici-

332 5639 477 5685 n.ur,
503 5637 625 5675 cum
662 5623 872 5689 probris
911 5626 1201 5679 obruimur
1239 5624 1307 5678 ab
1347 5623 1414 5677 iis
1459 5620 1658 5690 quibus
1685 5621 1924 5677 odio.est

329 5715 578 5773 malitia?
605 5732 727 5770 cum
765 5718 920 5770 nobis
951 5721 1279 5776 maledicunt
1299 5720 1390 5790 qui
1411 5719 1561 5789 pacis
1576 5716 1775 5770 bonum
1801 5715 1922 5770 dili-

329 5825 460 5886 gunt
505 5821 559 5867 et
633 5812 804 5868 Caedes
880 5825 1042 5880 atque
1122 5816 1414 5870 homicidia
1490 5813 1925 5871 abominantur?

2097 3671 2377 3741 Ἐγένοντο
2426 3672 2614 3724 πολλοὶ
2665 3671 2984 3734 πλειστάκις
3039 3669 3224 3741 ἐχθροὶ
3283 3672 3419 3743 πρὸς
3454 3672 3616 3742 ἀλλήο

2023 3763 2173 3827 λους,
2210 3763 2325 3817 ἀλλ’
2375 3764 2490 3816 ὅσοι
2533 3763 2955 3838 ἐπιεικέστεροι,
2989 3762 3105 3815 ὅσοι
3156 3764 3246 3815 τὸν
3276 3765 3480 3834 τρόπον
3514 3767 3611 3818 ἁν-

2028 3856 2467 3927 Ορωπικώτεροι,
2501 3857 2708 3908 ἔδωκαν
2731 3855 2858 3925 ὅρον
2891 3852 2955 3924 τῇ
2987 3854 3178 3927 ἔχθρᾳ,
3206 3856 3305 3909 ούκ
3334 3857 3618 3925 ἐνέμειναν

2025 3949 2316 4012 διαπαντὸς
2337 3949 2414 4020 τῷ
2446 3947 2622 4017 κακῷ,
2653 3948 2789 4000 ἀλλὰ
2818 3947 3126 4010 συνειδότες
3158 3949 3231 4011 ὡς
3261 3947 3613 4017 ἀνθρωπίνης

2029 4042 2244 4108 φύσεως
2275 4038 2554 4110 ἀλλότριον
2590 4039 2650 4092 τὸ
2687 4039 3014 4110 ἐχθραίνειν,
3083 4039 3378 4110 μετέϐαλον
3407 4040 3487 4102 είς
3536 4040 3614 4091 εί-

2030 4141 2199 4204 ρήνην
2221 4134 2321 4204 τὴν
2355 4134 2575 4204 ἔχθραν.
2603 4134 2712 4186 Καὶ
2744 4134 2804 4184 ού
2820 4133 2965 4201 λέγω
2991 4133 3160 4186 τέκνα
3184 4133 3319 4204 πρὸς
3343 4131 3613 4200 πατέρας,

2028 4229 2295 4296 ἀδελφοὺς
2327 4228 2488 4298 πρὸς
2518 4226 2784 4295 ἀδελφοὺς
2817 4225 2978 4279 τοῦτο
3020 4227 3374 4296 ποιήσαντας,
3433 4226 3612 4294 μαθη-

2025 4323 2125 4382 τὰς
2189 4321 2325 4390 πρὸς
2369 4319 2744 4383 διδασκάλους,
2788 4321 2924 4374 ἀλλὰ
2971 4321 3064 4372 καὶ
3127 4319 3254 4381 τοὺς
3290 4319 3478 4388 πόρρω
3517 4320 3615 4387 τῆς

2027 4410 2286 4478 τοιαύτης
2330 4412 2626 4480 συναφείας
2667 4411 2762 4463 καὶ
2822 4410 3085 4480 σχέσεως.
3127 4410 3199 4462 Τὸ
3253 4408 3298 4462 δ’
3346 4408 3613 4478 ὑμέτερον

2029 4503 2316 4567 ποταπόν;
2371 4502 2549 4555 Τέκνα
2605 4486 2740 4572 πρὸς
2790 4503 3033 4571 πατέρας
3099 4501 3301 4572 ἔχθραν
3347 4500 3616 4554 ἄσπονδον

2028 4597 2205 4666 ἔχετε,
2253 4595 2475 4666 ἀδελφοὶ
2519 4596 2654 4665 πρὸς
2681 4596 2968 4664 ἀδελφοὺς,
3006 4595 3250 4664 μαθηταὶ
3308 4595 3440 4665 πρὸς
3465 4593 3612 4646 διδα-

2026 4693 2282 4758 σκάλους,
2313 4694 2408 4745 καὶ
2467 4693 2590 4746 τότε
2625 4693 2862 4764 πηλίκης
2896 4692 3247 4755 διδασκαλίας
3270 4694 3283 4746 ι
3309 4693 3431 4763 ἣτις
3463 4691 3614 4755 ὑμῶν

2023 4781 2230 4853 ἀνέῳξε
2279 4784 2347 4836 τὰ
2405 4783 2634 4854 ὄμματα
2681 4785 2781 4855 τῆς
2815 4785 3017 4853 ψυχῆς,
3059 4784 3311 4854 ὼδήγησε
3369 4783 3505 4854 πρὸς
3555 4781 3616 4834 τὸ

2023 4879 2162 4949 φῶς,
2193 4879 2294 4948 τῆς
2340 4878 2432 4932 τοῦ
2464 4874 2712 4931 διαϐόλου
2771 4875 3018 4941 δουλείας
3071 4876 3346 4946 ἐρρύσατο
3374 4893 3387 4906 °
3426 4879 3516 4929 καὶ
3553 4878 3615 4929 τὸ

2022 4975 2118 5025 ἐπὶ
2148 4973 2359 5035 τούτοις
2394 4970 2751 5040 ἀσύγκριτον,
2816 4969 2966 5031 υἱούς
3029 4968 3166 5022 Θεοῦ
3206 4971 3612 5040 ἀπειργάσατο.

2023 5066 2118 5128 Τίς
2161 5065 2253 5120 οὖν
2309 5065 2418 5118 τῶν
2461 5062 2952 5133 μεταγενεστέρων
3010 5061 3188 5115 ταῦτα
3236 5063 3449 5128 μέλλων
3483 5066 3614 5115 ἀνα-

2027 5159 2340 5229 μανοάνειν,
2389 5158 2511 5228 ούχὶ
2541 5157 2719 5209 πάντα
2750 5155 2960 5225 ὀνείδη,
2995 5155 3118 5226 οὐχὶ
3152 5157 3335 5216 πάσας
3370 5156 3616 5225 βλασφη-

2029 5253 2159 5321 μίας
2191 5250 2630 5321 ὲπαφήσεικατὰ
2679 5249 2788 5302 τῶν
2847 5248 3021 5313 οὕτως
3083 5250 3352 5304 ἀθάνατον
3411 5249 3615 5320 ἔχθραν

2026 5344 2342 5415 ἀραμένων.
2369 5339 2508 5397 Εἶτα
2549 5343 2604 5395 τί
2642 5341 2697 5394 τὸ
2731 5342 2920 5413 κέρδος
2949 5345 3048 5412 τῆς
3075 5341 3326 5395 ἐντεῦθεν
3375 5359 3614 5411 περιφα-

2027 5437 2197 5504 νείας,
2232 5435 2332 5505 τῆς
2383 5435 2566 5506 δόξης,
2599 5435 2696 5505 τῆς
2755 5436 2954 5504 ἀρχῆς,
3003 5438 3101 5505 τῆς
3152 5435 3423 5500 ἐξουσίας,
3483 5437 3615 5489 ὅταν

2027 5530 2393 5601 ἀπερχόμενοι
2433 5531 2531 5598 τῆς
2557 5531 2702 5592 ζωῆς
2729 5532 2954 5598 ταύτης,
2990 5529 3162 5596 ὄνομα
3217 5530 3457 5599 πονηρὸν
3515 5546 3615 5580 κα-

2028 5624 2372 5693 ταλείψωμεν
2394 5663 2407 5687 ,
2441 5623 2571 5676 ὅταν
2618 5623 2988 5692 ὑόριζώμεοα,
3007 5622 3135 5673 ὅταν
3164 5620 3612 5690 ἐξονειδιζώμεθα

2033 5719 2186 5787 παρὰ
2222 5716 2329 5768 τῶν
2354 5715 2660 5785 μισούντων
2691 5715 2790 5783 τὴν
2829 5717 3131 5783 πονηρίαν,
3184 5713 3313 5765 ὅταν
3361 5713 3612 5782 ἐπαρῶνο

2031 5829 2118 5864 ται
2153 5812 2279 5879 ἡμῖν
2310 5811 2359 5862 et
2396 5810 2451 5861 τὸ
2492 5809 2587 5876 τῆς
2627 5808 2849 5875 εἰρήνης
2896 5807 3058 5860 καλὸν
3106 5805 3458 5874 ἀγαπῶντες,
3519 5804 3611 5856 καὶ
