3996 6208
271 344 332 409 89
1366 306 1375 315 ’
1707 337 2114 401 EPISTOL/B.
3438 351 3508 415 90

271 460 352 516 τὶς
402 451 616 521 σφαγὰς
692 452 787 506 καὶ
833 452 931 517 τάς
1003 452 1323 524 μιαιφονίας
1370 451 1822 523 βδελυσσόμενοις

1953 453 2126 507 nelias
2182 466 2268 511 est
2324 457 2524 513 bonum
2568 476 2766 516 nomen
2806 500 2821 525 ,
2872 462 2947 516 lili
3004 464 3115 529 mi,
3180 480 3283 519 non
3329 470 3504 522 soluat

274 547 519 615 Κρεῖσσον
540 545 746 613 ἀγαθὸν
772 545 971 616 ὄνομα,
992 546 1184 601 τέκνον
1210 534 1363 615 ἐμὸν,
1417 544 1481 597 οὐ
1514 543 1675 614 μόνον
1694 543 1837 614 ὑπὲρ

272 638 480 692 πλοῦτον
515 637 708 702 πολὺν,
762 636 901 691 ἀλλά
963 637 1059 692 καὶ⁵
1117 637 1256 711 ὑπὲρ
1304 637 1487 692 πᾶσαν
1537 636 1696 701 δόξαν
1744 638 1838 689 καὶ

272 728 511 801 βιωτικὴν
542 729 932 800 περιφάνειαν.

340 823 541 876 Ἐννόει
578 837 669 892 μοι
714 821 890 876 ταῦτα
957 821 1056 876 καὶ
1114 821 1257 892 ὅπερ
1301 822 1369 875 ὲκ
1425 818 1617 884 παιδὸς
1663 818 1837 890 ὄνομα

272 912 412 965 καλὸν
447 911 818 983 ἐπεπόθησας,
874 915 1100 983 μνήμην
1157 910 1379 981 ἔντιμον
1424 913 1519 965 καί⁸
1552 908 1833 980 λαμπράν.

269 1003 467 1073 Ταύτην
505 1003 581 1075 μὴ
607 1002 966 1073 ἀπολέσωμεν
993 1003 1080 1057 διὰ
1117 1000 1457 1074 φιλονεικίαν
1489 1001 1581 1055 καὶ
1608 999 1837 1073 πικρίαν

268 1095 452 1165 ψυχῆς
498 1094 663 1149 καλὸν
689 1094 900 1165 ἑφόδιον
942 1094 1082 1166 πρὸς
1131 1094 1222 1148 τὸν
1293 1093 1561 1164 μέλλοντα
1606 1092 1720 1164 βίον
1777 1092 1839 1143 τὸ

272 1186 568 1257 συναπᾶραι
611 1188 749 1257 μετὰ
774 1187 882 1242 τῶν
914 1187 1018 1258 τῆς
1043 1188 1245 1257 ἀρετῆς
1301 1186 1615 1256 ἐγκωμίων·
1671 1184 1839 1238 καλὸν

270 1280 321 1339 δὲ
341 1283 427 1333 καὶ
449 1280 512 1333 τὸ
545 1279 870 1333 καταλιπεῖν
893 1282 1005 1343 τοῖς
1035 1281 1147 1343 σοῖς
1173 1276 1417 1349 χρηστοῦ
1441 1277 1649 1348 πατρὸς
1671 1276 1840 1330 τέκνα

272 1371 562 1437 καλεῖσθαι,
592 1368 893 1437 ἐπιεικοῦς,
929 1371 1131 1441 πράου,
1162 1369 1395 1440 ἡμέρου,
1425 1365 1832 1437 φιλανθρώπου,

270 1446 415 1518 ἀλλῖ
439 1463 517 1534 μὴ
554 1461 623 1516 τά
654 1461 862 1517 τούτων
895 1463 1115 1518 ἐναντία
1147 1478 1162 1494 ο
1200 1461 1336 1532 μηδὲ
1373 1462 1605 1531 γένοιτο,
1643 1457 1836 1512 τέκνον

270 1556 412 1629 ὲμδν,
458 1557 602 1611 οὕτω
655 1557 785 1620 τοὺς
841 1556 969 1620 σοὺς
1015 1555 1190 1621 υἱοὺς,
1241 1555 1313 1608 τά
1365 1553 1476 1624 ἐμὰ
1525 1551 1841 1621 γλυκύτατα

269 1650 593 1720 δυστυχῆσαι
628 1648 823 1716 τέκνα,
887 1649 1027 1702 ὥστε
1057 1646 1176 1703 ἀνθ’
1210 1640 1286 1701 ὧν
1319 1642 1476 1700 εἶπον
1510 1643 1692 1699 καλῶν
1728 1643 1839 1696 ὀνο-

274 1743 470 1815 μάτων,
532 1740 945 1811 κληρονομῆσαι
1000 1738 1109 1792 τῶν
1153 1736 1436 1793 ἐναντίων.
1518 1734 1759 1795 Ἐκεῖνος
1809 1731 1838 1783 6

1938 543 2146 600 divitiis
2195 548 2405 615 multis,
2471 552 2564 607 sed
2610 564 2666 608 et
2708 553 2857 609 onmi
2904 554 3075 624 gloria
3133 564 3187 610 ct
3236 557 3510 613 mundano

1940 637 2169 695 honore.

2012 822 2144 879 Mihi
2175 840 2397 898 quoque
2427 834 2603 883 tecum
2646 838 2841 899 reputo
2874 828 3020 900 quod
3052 828 3119 884 ab
3148 827 3376 884 infantia
3416 830 3515 884 bo-

1939 932 2069 971 num
2111 933 2309 975 nomen
2342 921 2681 988 desiderasti,
2704 923 3135 993 memoriamque
3190 926 3512 980 honoratam

1941 1017 2104 1077 atque
2154 1008 2420 1065 illustrem
2452 1028 2467 1076 ;
2495 1028 2658 1081 quam
2712 1027 2782 1067 ne
2816 1015 3103 1082 perdamus
3134 1013 3431 1069 ambitione
3462 1022 3517 1069 et

1940 1100 2106 1154 animi
2140 1101 2457 1169 acerbitate;
2485 1103 2688 1158 bonum
2711 1103 2967 1160 viaticqu
2987 1105 3055 1159 ad
3085 1104 3322 1160 futuram
3349 1109 3511 1162 vitam

1940 1205 2065 1245 cum
2108 1193 2321 1248 virtutis
2371 1194 2534 1249 laude
2591 1196 2873 1265 migrare:
2926 1195 3125 1249 bonum
3153 1211 3372 1266 quoque
3406 1197 3514 1253 luis

1940 1283 2127 1340 liberis
2158 1286 2464 1361 relinquere
2497 1302 2627 1355 quo,
2692 1288 3044 1342 nominentur
3079 1288 3245 1356 patris
3299 1289 3392 1343 lilii
3419 1304 3518 1361 0p-

1942 1375 2081 1441 timi,
2112 1377 2398 1440 moderati,
2449 1379 2748 1442 mansueti,
2780 1379 2942 1442 leuis,
2983 1378 3233 1443 humani,
3273 1394 3382 1433 non
3414 1396 3519 1433 au~

1942 1477 2049 1521 tem
2071 1507 2088 1533 ,
2123 1468 2432 1534 contraria;
2477 1468 2640 1533 absit,
2679 1469 2752 1523 ﬁli
2787 1470 2880 1535 mi,
2908 1481 3028 1525 tuos
3056 1470 3278 1537 liberos,
3313 1471 3519 1526 dulcis-

1942 1557 2109 1613 simos
2159 1575 2309 1616 meos
2344 1560 2525 1627 ,lilios,
2580 1561 2652 1615 ita
2689 1562 2921 1616 miseros
2950 1561 3085 1626 fore,
3120 1572 3195 1627 ιιι,
3214 1579 3318 1632 pro
3354 1564 3513 1618 bouis

1943 1651 2253 1707 nominibus
2273 1667 2393 1722 quae
2420 1654 2557 1719 divi,
2594 1653 2868 1707 contraria
2902 1652 3178 1708 obtineant
3206 1672 3221 1720 ;
3251 1670 3372 1724 qua:
3404 1655 3515 1709 hae-

1943 1740 2148 1795 reditas
2179 1742 2406 1795 multum
2442 1750 2663 1812 praestat
2700 1742 3003 1812 potentiam
3033 1756 3197 1812 atque
3224 1746 3518 1800 auctorita-

282 1836 475 1904 κλῆρος
522 1830 851 1902 τιμιώτερος
875 1831 975 1902 τῆς
1015 1830 1315 1901 μελλούσης
1344 1829 1529 1891 αὐτοῖς
1552 1826 1706 1897 παρά
1741 1822 1834 1877 σοῦ

1953 1841 2050 1885 tem
2112 1848 2248 1901 quas
2272 1834 2352 1887 eis
2384 1848 2442 1886 es
2475 1833 2805 1899 relicturus;
2841 1834 2977 1902 q'uas
3003 1849 3224 1899 curans,
3261 1843 3519 1903 tanquam

271 1923 772 1994 καταλιμπάνεσθαι
800 1923 974 1994 ἀρχῆς
1016 1923 1114 1976 καὶ
1145 1921 1418 1988 ἐξουσίας·
1473 1914 1549 1974 ὧν
1579 1920 1644 1973 σὺ
1677 1933 1841 1990 φρον-

269 2015 381 2067 τίδα
411 2012 760 2083 ποιούμενος,
784 2011 861 2076 ὡς
888 2012 1056 2077 ὅντως
1082 2011 1233 2084 παρά
1248 2010 1385 2064 Θεοῦ
1410 2008 1505 2063 τοῦ
1531 2008 1625 2063 σοῦ
1651 2008 1840 2073 ἔθνους

268 2111 447 2182 ἄρχειν
474 2107 776 2172 καταστάς.
816 2107 925 2159 Καὶ
986 2107 1214 2176 προσέτι
1270 2105 1373 2174 τῆς
1422 2103 1482 2169 ἐξ
1532 2104 1708 2177 ἀρχῆς
1746 2120 1839 2157 σου

268 2200 568 2263 ἐπιεικείας
597 2198 692 2252 καὶ
714 2197 926 2268 ἡμέρου
960 2197 1143 2267 ψυχῆς
1173 2194 1250 2267 μὴ
1284 2198 1654 2267 ἐξιστάμενος,
1696 2195 1842 2251 ἄνοια-

271 2293 356 2355 ξον
388 2280 522 2362 ἡμῖν
548 2290 615 2345 τά
642 2286 779 2355 ὦτα,
810 2290 905 2342 xui.
936 2289 1042 2360 πρὸ
1105 2288 1214 2344 τῶν
1250 2286 1406 2341 ὢτων
1452 2288 1552 2359 τὴν
1586 2288 1839 2359 καρδίαν,

271 2386 358 2438 καὶ
375 2383 613 2453 πρόσχες
628 2386 738 2445 τοίς
756 2380 1069 2451 λεγομένοις
1089 2379 1163 2443 ὡς
1185 2378 1336 2449 παρά
1357 2378 1510 2448 φίλου
1528 2377 1843 2450 λεγομένοις

272 2479 358 2530 καὶ
388 2475 553 2548 [forte
576 2475 783 2544 πατρὸς
790 2474 808 2546 j
841 2474 981 2545 πρὸς
1025 2472 1375 2542 ἀγαπῶντος.
1403 2470 1465 2525 El
1490 2472 1565 2543 μὴ
1618 2470 1843 2542 νομίεῃς

272 2568 484 2633 ἀνάξιον
517 2568 581 2620 τὸ
611 2568 798 2621 καλεῖν
836 2567 1072 2637 πατέρα,
1095 2564 1147 2618 εί
1174 2567 1268 2618 καὶ
1316 2563 1665 2634 ἁμαρτωλὸν,
1692 2564 1843 2632 ὅμως

270 2660 327 2715 δὲ
373 2660 716 2732 πρεσϐύτην,
749 2659 843 2712 καὶ
891 2656 1194 2711 ἐπισκόπου
1229 2655 1384 2720 τάξιν
1413 2655 1670 2724 λαχόντα,
1698 2652 1790 2714 οὓς
1817 2654 1845 2705 6

269 2752 498 2821 Χριστὸς
535 2750 693 2820 ήμῶν
724 2749 820 2803 καὶ
846 2748 978 2811 Θεὸς
1013 2745 1420 2816 πνευματικοὺς
1446 2744 1574 2813 ὑμῖν
1600 2741 1845 2812 παρέσχε

270 2845 536 2911 πατέρας,
578 2840 759 2911 πολλῷ
805 2840 916 2893 τῶν
974 2838 1120 2893 κατὰ
1180 2838 1361 2906 σάρκα
1392 2836 1795 2906 γνησιωτέρους
1828 2849 1841 2864 ⁵

269 2938 388 2990 ἐπεὶ
423 2936 495 2989 τά
535 2937 634 3005 μὲν
662 2936 761 3006 τῆς
794 2932 995 3006 σαρκὸς
1013 2933 1225 2995 λύεται,
1249 2934 1315 2985 τά
1332 2931 1388 2983 δὲ
1422 2929 1518 2982 τοῦ
1540 2927 1846 2993 πνεύματος

268 3030 461 3086 ἄλυτα.
519 3028 668 3080 Ἀλλ’
704 3030 784 3090 είς
839 3028 1005 3097 εὐχὴν
1034 3027 1061 3079 ὁ
1092 3024 1248 3092 λόγος
1296 3022 1454 3093 ἡμῶν
1514 3019 1841 3073 τελευτάτω·

267 3122 360 3174 καὶ
415 3120 472 3172 τί
513 3118 762 3190 ἓτερονῆ
797 3117 958 3179 τοῦτο
1020 3115 1234 3187 (paper);
1279 3117 1366 3177 Ὠς
1411 3114 1495 3184 εἴη
1536 3112 1769 3182 Χριστὸς
1820 3111 1848 3164 6

1945 1924 2039 1994 qui
2072 1940 2101 1978 a
2133 1924 2244 1979 Deo
2274 1933 2379 1980 tua:
2406 1927 2552 1994 genti
2582 1926 2903 1991 dominaris,
2940 1935 3100 1997 atque
3126 1928 3300 1997 prima
3335 1926 3524 1982 mode-

1945 2019 2158 2074 ratione
2185 2028 2239 2073 et
2264 2019 2448 2075 cordis
2478 2020 2900 2075 mansuetudine
2931 2036 3037 2075 nou
3076 2018 3365 2085 decidens,
3433 2037 3525 2075 uo-

1945 2112 2031 2167 bis
2086 2126 2248 2167 aures
2273 2121 2394 2167 tuas
2442 2111 2593 2182 aperi
2625 2122 2787 2182 atque
2849 2122 2976 2167 ante
3003 2128 3167 2167 aures
3217 2129 3312 2166 cor
3345 2123 3519 2179 tuum,

1944 2212 1998 2259 et
2015 2203 2174 2259 dictis
2203 2205 2419 2259 attende
2472 2213 2728 2273 tanquam
2759 2204 2828 2257 ab
2858 2203 3038 2258 amico
3085 2213 3138 2258 et
3180 2219 3242 2258 ex
3298 2206 3524 2261 caritate

1945 2294 2143 2360 dictis;
2208 2295 2311 2348 nisi
2367 2293 2650 2363 indignqu
2708 2293 2879 2348 ducas
2906 2309 2990 2347 me
3037 2308 3232 2348 vocare
3288 2303 3521 2363 patrem,

1946 2388 2160 2443 etiamsi
2184 2394 2547 2458 peccatorem,
2579 2385 2851 2440 seniorem
2875 2396 3054 2439 tamen
3081 2394 3137 2440 et
3158 2384 3522 2455 episcopalem

1948 2480 2270 2548 dignitatem
2339 2478 2638 2542 sortitum;
2691 2492 2828 2545 quos
2884 2475 3139 2530 Christus
3176 2475 3318 2530 Deus
3341 2483 3524 2529 noster

1948 2569 2105 2623 vobis
2159 2568 2476 2637 spiritualcs
2523 2567 2672 2620 dedit
2734 2576 2934 2635 patres,
2986 2568 3156 2619 multo
3211 2564 3524 2620 carnalibus

1949 2660 2268 2730 parentibus
2328 2660 2694 2725 amantiores;
2743 2660 2928 2713 carnis
2979 2662 3122 2712 enim
3172 2660 3387 2714 vlncula
3418 2659 3530 2715 sol-

1953 2758 2175 2811 runtur,
2209 2746 2438 2816 spiritus
2500 2758 2680 2801 autem
2745 2745 3177 2810 indissolubilis;
3216 2746 3309 2799 sed
3341 2747 3394 2797 in
3429 2745 3527 2799 ob-

1951 2843 2310 2896 secrationem
2371 2841 2586 2896 desinat
2637 2855 2819 2897 sermo
2878 2852 3107 2906 noster;
3170 2841 3296 2911 quid
3341 2848 3524 2895 autem

1952 2933 2096 2986 aliud
2126 2932 2371 2987 dicemus
2398 2948 2561 3004 quam
2591 2929 3024 2988 istud?‘Utinam
3060 2931 3335 2997 Christus,
3361 2946 3523 2986 verus

1956 3024 2094 3078 lleus
2139 3033 2343 3086 noster,
2383 3025 2477 3094 qui
2540 3025 2594 3078 in
2646 3023 2910 3077 mundum
2967 3023 3117 3078 venit
3166 3023 3233 3077 ad
3290 3022 3527 3078 tollenda

1955 3116 2233 3180 si-andala,
2259 3130 2583 3184 generosum
2620 3122 2769 3168 tuum
2822 3115 3064 3168 animum
3118 3115 3442 3179 demulceat,
3474 3123 3528 3169 et

266 3212 522 3283 ἀληθινὸς
564 3210 694 3273 Θεὸς
735 3211 915 3279 ἡμῶν,
942 3211 970 3264 6
997 3208 1164 3263 ἐλθὼν
1195 3210 1274 3271 εἰς
1306 3207 1401 3259 τδν
1443 3207 1646 3274 κόσμον
1670 3205 1842 3256 ὲκκα·

1953 3208 1995 3262 si
2035 3207 2164 3277 quid
2197 3207 2250 3259 in
2289 3222 2413 3261 eum
2478 3206 2718 3261 scandali
2776 3206 2988 3273 incidit,
3026 3209 3198 3274 tollat,
3234 3224 3297 3263 ac
3331 3209 3529 3263 divina:
3596 3210 3599 3213 λ

270 3306 437 3376 θάραι
474 3303 545 3356 τὰ
599 3301 894 3365 σκάνδαλα,
959 3296 1295 3373 ἐξομαλίζων
1348 3296 1448 3367 τὴν
1506 3296 1604 3357 σὴν
1649 3294 1847 3364 εὐγενῆ

267 3396 465 3467 ψυχὴν,
491 3394 586 3448 καὶ
614 3395 666 3447 εί
684 3410 737 3446 τι
797 3391 1095 3448 σκάνδαλον
1139 3393 1197 3445 ὲν
1234 3389 1375 3461 αὐτῇ
1408 3387 1851 3458 παραπέπτωκεν

274 3486 685 3556 ἀνακαθαίρων,
740 3484 835 3538 καὶ
873 3485 936 3536 τὸ
985 3482 1046 3547 ἐξ
1071 3483 1243 3552 ἀρχῆς
1281 3483 1383 3552 τῆς
1418 3478 1702 3548 θειοτάτης
1738 3475 1853 3544 φῶς

274 3581 515 3647 ἀγάπης,
565 3580 701 3648 ὅπερ
749 3573 1082 3628 ἐσπούδασεν
1136 3576 1164 3627 6
1213 3573 1308 3626 τοῦ
1368 3572 1597 3635 σκότους
1670 3566 1855 3639 πατὴρ

274 3669 605 3732 ἀποσϐέσαι,
645 3667 807 3721 πάλιν
835 3667 891 3719 ὲν
944 3666 1071 3736 ὑμῖν
1104 3665 1360 3719 ἀνάπτων
1397 3666 1486 3718 καὶ
1509 3663 1681 3717 ποιῶν
1725 3665 1851 3716 ἀνα-

277 3763 533 3831 ὶάμπειψ
560 3763 590 3814 6
624 3760 724 3830 τὴν
757 3759 961 3831 ἔχθραν
1010 3757 1341 3821 ἀποκτείνας
1364 3760 1422 3811 ὲν
1449 3761 1517 3828 τῇ
1563 3760 1729 3827 σαρκὶ
1758 3757 1850 3807 αύ-

279 3855 393 3919 τοῦ,
424 3856 519 3907 καὶ
553 3853 797 3922 συνάψας
834 3853 902 3905 τά
924 3851 1206 3914 διεστῶτα,
1243 3852 1272 3901 ὁ
1301 3851 1725 3920 εἰρηνοποιήσας
1782 3846 1853 3900 τὰ

284 3947 456 4000 πάντα
510 3947 599 4000 διὰ
664 3946 759 3999 τοῦ
807 3946 960 4014 άγίου
1021 3945 1116 3998 καὶ
1168 3942 1549 4011 παναχράντου
1597 3941 1852 4009 αἵματος,

289 4039 441 4102 αὐτὸς
484 4042 581 4092 καὶ
609 4038 703 4091 νῦν
763 4039 945 4090 πᾶσαν
979 4035 1269 4105 διχόνοιαν,
1302 4033 1485 4086 πᾶσαν
1547 4032 1867 4095 διάστασιν,

294 4132 459 4184 πᾶσαν
492 4131 689 4201 ἔχθραν
720 4129 960 4198 ἐξορίσαι
1010 4126 1072 4180 ἐκ
1102 4144 1164 4179 τε
1217 4126 1543 4193 Βουλγάρων
1595 4123 1689 4175 καὶ
1728 4120 1859 4173 Ῥω-

1947 3303 2231 3359 charitatis
2279 3302 2485 3368 lumen,
2556 3305 2699 3371 quod
2745 3303 3097 3373 exstinguere
3162 3311 3392 3357 conatus
3447 3313 3530 3359 est

1951 3404 2102 3464 ιυιιϊ
2162 3393 2537 3454 tenebrarum,
2572 3408 2793 3446 sursum
2846 3393 2898 3446 iu
2953 3402 3005 3446 te
3055 3394 3317 3446 accendat
3367 3402 3531 3463 atque

1952 3486 2271 3540 illuccseere
2323 3482 2652 3551 faciatzqui
2712 3481 3028 3536 inimicitias
3086 3481 3141 3534 iu
3205 3495 3304 3535 sua
3365 3494 3531 3533 carne

1953 3579 2175 3640 εωιιίιδ,
2205 3576 2299 3647 qui
2326 3574 2501 3630 divisa
2534 3575 2835 3644 copulavit,
2869 3575 2962 3645 qui
2996 3572 3182 3628 omnia
3225 3587 3384 3627 sacro
3429 3587 3530 3626 suo

1959 3681 2013 3725 et
2043 3669 2394 3724 immaculato
2422 3669 2687 3737 sanguine
2714 3666 3037 3737 pacificavit,
3063 3665 3178 3736 ipse
3213 3679 3356 3719 nunc
3396 3678 3533 3732 qua—

1954 3779 2061 3834 que
2132 3776 2353 3814 omnem
2431 3759 2828 3814 dissensionem
2866 3799 2884 3823 ,
2941 3774 3134 3813 omnes
3193 3756 3530 3819 discordias,

1953 3869 2251 3925 clunesque
2285 3852 2601 3907 inimicitias
2638 3866 2670 3906 a
2717 3850 2981 3907 [tertianis
3014 3860 3067 3905 et
3096 3850 3344 3918 Bulgaris
3377 3864 3533 3903 aver-

1958 3959 2052 4011 tat,
2081 3964 2286 4017 eosque
2318 3962 2536 4001 rursum
2568 3944 2621 3997 in
2648 3960 2817 3998 unum
2878 3945 3073 4013 jungat
3099 3952 3153 3996 et
3181 3940 3284 3994 l’rui
3321 3949 3534 4010 praestet

1958 4040 2115 4093 bouis
2150 4038 2321 4107 pacis,
2355 4050 2625 4104 Oppi-csso
2655 4034 2819 4088 citius
2840 4034 3225 4088 scandalorum
3277 4030 3535 4086 dissemi-

1960 4146 2150 4185 naiore
2180 4129 2511 4196 malitiwque
2541 4127 2777 4194 parenti.

298 4227 480 4292 μαίων,
515 4227 608 4279 καὶ
636 4216 804 4278 πάλιν
831 4224 909 4287 είς
940 4220 998 4274 ἓν
1028 4221 1276 4291 συνάψαι,
1318 4223 1414 4274 καὶ
1455 4222 1515 4273 ὲν
1560 4220 1854 4275 ἀπολαύσει
1890 4222 2006 4293 δοίη
2046 4219 2306 4291 γενέσθαι
2337 4217 2443 4270 τῶν
2471 4218 2565 4285 τῆς
2620 4216 2845 4286 εἰρήνης
2914 4214 3117 4278 καλῶν,
3162 4210 3538 4282 συντριϐέντος

298 4316 349 4366 ὲν
374 4316 519 4385 τάχει
548 4317 643 4369 τοῦ
673 4314 783 4369 τῶν
809 4313 1120 4369 σκανδάλων
1166 4315 1412 4385 σπορέως
1455 4315 1552 4368 καὶ
1594 4313 1692 4383 τῆς
1730 4314 1928 4377 κακία,
1972 4315 2317 4384 γεννήτορος.

488 4454 591 4507 ΑΠ’
626 4453 709 4520 Τῷ
737 4453 1194 4523 ἀρχιεπισκόπῳ
1245 4453 1636 4523 Βουλγτῖρίας.

374 4583 739 4658 Ἐπιστάμεθα
762 4587 863 4656 τὴν
894 4585 1052 4657 ὑμῶν
1092 4586 1490 4657 ἀρχιερατικὴν
1538 4585 1852 4655 τελειότητα

298 4681 418 4746 περὶ
454 4679 545 4732 τοῦ
575 4683 904 4751 πράγματος
963 4675 1028 4734 οὗ
1058 4680 1295 4749 γράφειν
1334 4678 1715 4749 προήχθημεν,
1786 4677 1854 4730 τά

297 4766 423 4816 αὐτὰ
471 4767 749 4837 φρονεῖνά
799 4768 893 4821 καί
949 4770 1106 4838 ἡμεῖς
1177 4770 1501 4838 φρονοῦμεν,
1573 4769 1674 4838 τὴν
1731 4768 1855 4837 ίσην

293 4856 475 4928 ὀδύνην
506 4860 692 4931 φέρειν
743 4863 801 4914 ὲν
861 4864 929 4931 τῇ
961 4861 1180 4933 καρδίᾳ,
1223 4864 1337 4924 τοῖς
1365 4861 1566 4930 ὁμοίως
1588 4861 1855 4925 διαξαίνε-

296 4945 415 4998 σθαι
443 4952 813 5020 σπαραγμοῖς.
835 4952 941 5004 Καὶ
971 4950 1058 5004 διὸ.
1096 4951 1257 5005 τοῦτο
1276 4954 1562 5022 γράφομεν
1579 4952 1639 5003 οὐ
1654 4950 1855 5021 παραί-

291 5052 434 5090 νεσιν
464 5041 581 5092 οὐδὲ
599 5038 976 5103 διδασκαλίαν,
1011 5040 1127 5094 ἀλλ’
1151 5036 1264 5093 οἷον
1288 5040 1604 5110 συνομιλίαν
1640 5040 1731 5091 καὶ
1752 5041 1853 5091 ὅσα

291 5130 339 5180 εί
366 5133 627 5202 παρόντες
658 5132 798 5202 ὁμοῦ
850 5134 946 5187 καὶ
998 5133 1489 5206 συνδιατρίϐοντες,
1544 5132 1739 5195 κοινῶς
1793 5133 1859 5185 ἂν

288 5219 709 5294 δεσκεψάμεθα.
741 5223 932 5279 Ταῦτα
957 5224 1014 5278 δὲ
1036 5225 1152 5279 ἔστι
1196 5230 1323 5296 περὶ
1356 5227 1467 5278 τῶν
1519 5225 1857 5279 καταλαϐόν-

287 5329 392 5365 των
422 5318 611 5369 κακῶν
638 5318 728 5370 τὸν
766 5317 864 5371 ἕνα
911 5318 1009 5388 μὲν
1044 5319 1284 5388 Χριστοῦ
1340 5319 1488 5383 λαὸν,
1557 5318 1859 5388 Ῥωμαίους

285 5407 434 5476 φημὶ
460 5413 552 5460 καὶ
581 5409 951 5480 Βουλγάρους,
975 5409 1432 5481 διαμερισθέντας
1451 5410 1506 5463 δὲ
1528 5410 1587 5476 ἐξ
1615 5410 1858 5478 ἀλλήλων

283 5500 389 5553 ὑπὸ
414 5500 509 5554 τοῦ
550 5502 609 5568 ἐξ
649 5503 825 5573 ἀρχῆς
856 5504 946 5555 τὸν
972 5502 1259 5572 ἄνθρωπον
1288 5504 1393 5555 ἀπὸ
1414 5502 1547 5554 Θεοῦ
1579 5502 1859 5572 διατεμόν-

280 5608 373 5654 τος
435 5595 528 5647 καὶ
573 5594 995 5665 διαμερίσαντσς
1060 5597 1149 5649 τὸν
1210 5594 1357 5647 λαόν.
1434 5594 1605 5664 Ὑπὲρ
1656 5596 1861 5663 ταύτης

366 5746 390 5778 ⁸
425 5747 622 5817 Ephcs.
652 5764 711 5815 ιι,
748 5749 828 5804 Η.

2215 4447 2333 4503 Xll.
2382 4446 2463 4500 Ad
2492 4443 2760 4516 Bulgaria?
2808 4442 3280 4512 archiepiscopum.

2024 4582 2144 4638 Non
2184 4584 2504 4653 ignoramus
2564 4590 2803 4634 vestram
2856 4572 3381 4644 archiepiscopalcm
3415 4589 3539 4642 pcr-

1957 4676 2269 4741 fcctionem,
2290 4675 2354 4730 de
2379 4689 2483 4744 qua
2517 4686 2575 4726 re
2611 4669 2850 4725 scribere
2878 4667 3144 4735 cogimur,
3171 4666 3234 4718 de
3257 4680 3319 4718 ea
3350 4665 3538 4718 eadem

1957 4788 2021 4828 ac
2049 4784 2149 4825 nos
2194 4768 2423 4833 sentire,
2490 4764 2755 4836 aequalem
2785 4762 2837 4816 in
2865 4761 3029 4817 corde
3076 4757 3220 4812 ferre
3271 4756 3538 4821 dolorem,

1956 4865 2147 4919 iisdem
2179 4859 2514 4915 cruciatibus
2541 4855 2834 4911 carminari
2867 4870 2881 4919 ;
2913 4854 3146 4920 ideoque
3186 4866 3296 4904 non
3336 4849 3539 4901 exlio.-

1959 4955 2217 5009 tatiouem
2269 4960 2603 5022 praeceptave
2655 4946 2969 5009 scribimus,
3016 4943 3112 4998 sed
3172 4940 3326 5011 quasi
3371 4938 3518 4992 collo

1959 5049 2147 5115 quium
2197 5054 2251 5100 et
2308 5042 2511 5113 qualia,
2543 5041 2589 5094 si
2615 5040 2778 5094 simul
2806 5052 3054 5092 essemus
3099 5050 3161 5089 ac
3201 5032 3529 5095 viveremus,

1960 5138 2326 5193 cmmuuniter
2376 5133 2834 5203 investigaremus
2863 5148 2877 5195 ;
2916 5128 3005 5181 hic
3055 5138 3218 5195 porro
3250 5122 3429 5192 agitur
3461 5118 3531 5172 de

1964 5227 2122 5281 malis
2163 5241 2287 5295 quae
2324 5224 2528 5281 Christi
2570 5221 2825 5292 populant
2878 5220 3216 5279 invaserunt,
3254 5211 3532 5273 Runtanos

1963 5329 2016 5374 et
2052 5319 2337 5388 Bulgaros,
2389 5317 2458 5371 ab
2489 5316 2723 5370 invicem
2781 5327 2925 5366 nunc
2971 5316 3253 5379 separatos
3319 5305 3389 5359 ab
3442 5304 3535 5359 illo

1964 5411 2057 5479 qui
2090 5410 2145 5463 in
2177 5406 2446 5478 principio
2474 5404 2749 5459 hominem
2770 5417 2798 5454 a
2827 5400 2934 5454 Deo
2960 5396 3236 5467 separavit
3281 5405 3333 5449 et
3364 5411 3535 5465 popu-

1966 5504 2076 5557 lum
2110 5502 2159 5554 in
2199 5510 2388 5570 partes
2433 5497 2655 5562 divisit;
2684 5497 2749 5549 de
2792 5495 2877 5546 illa
2935 5489 3222 5544 scribimus
3266 5488 3533 5543 sollicitu-

1968 5598 2094 5650 diui:
2154 5590 2460 5656 communi,
2510 5606 2669 5660 quam
2727 5604 2824 5640 uas
2868 5581 3237 5637 iudcsiucntcr
3291 5581 3344 5635 in
3376 5579 3537 5636 corde
