3996 6208
416 334 479 399 91
1547 321 1859 385 NICOLAI
1899 320 2010 381 CP.
2051 315 2563 379 PATRIARCIIE
3606 307 3675 368 93’.

417 438 918 509 ferenteslugemus
939 447 992 492 et
1041 434 1309 506 gemimus
1343 441 1398 489 et
1425 445 1592 502 quam
1623 431 1740 485 scio
1773 436 1826 483 te
1847 425 2003 481 simi-

2120 424 2394 494 γράφομεν
2445 421 2547 491 τῆς
2592 419 2780 489 κοινῆς
2831 416 3128 490 φροντίδος,
3187 418 3254 487 ἦν
3297 415 3485 486 ὥσπερ
3517 420 3676 488 ἡμεῖς

418 535 540 588 liter
575 533 715 587 ferre
744 540 802 585 et
823 546 921 601 pro
955 545 1060 600 qua
1085 529 1340 598 lacrytna:
1365 534 1469 579 tua:
1499 523 1596 578 tibi
1621 529 1750 577 sunt
1775 533 1943 589 panes
1978 531 1994 569 :

417 639 480 677 ea
520 624 722 678 nostris
771 621 970 677 etenim
1031 627 1208 673 vestra
1244 616 1494 670 novimus
1533 625 1810 680 :quorum
1847 622 2003 662 nam-

418 729 524 782 que
547 728 688 782 opus
718 725 772 768 et
813 709 1177 765 ministerium
1211 714 1338 761 sunt
1373 705 1587 767 eadem,
1621 713 1812 754 eorum
1836 697 1992 751 decet

417 808 635 864 eosdem
670 819 790 860 esse
815 811 872 858 et
901 801 1117 870 dolores
1145 809 1306 868 atque
1329 797 1586 858 labores;
1625 791 1718 846 sed
1755 788 2002 844 eamdem

421 899 576 953 vobis
607 912 670 950 ac
702 895 856 948 nobis
890 907 1011 947 esse
1045 891 1372 944 anxietatem
1405 896 1570 956 atque
1600 883 1842 938 dolorem
1869 879 2004 936 satis

423 999 504 1045 est
557 988 629 1041 ita
665 983 1078 1040 memoravisse.

504 1261 791 1330 Reliquum
825 1259 986 1329 igitur
1020 1267 1105 1312 cst
1145 1256 1257 1327 jam
1314 1263 1374 1310 ut
1406 1253 1558 1323 quasi
1599 1251 1924 1320 colloquium
1955 1260 2010 1306 et

425 1354 899 1422 investigationem
929 1364 1276 1405 communem
1327 1346 1656 1413 incipiamus
1695 1362 1707 1398 :
1741 1343 1831 1396 alii
1865 1342 2008 1396 aliud

425 1454 750 1515 acceperunt
776 1443 830 1496 in
862 1441 1116 1511 prtesenti
1153 1441 1262 1493 vita
1287 1437 1681 1498 ministerium,
1703 1435 1829 1488 dico
1853 1447 2009 1502 reges

426 1548 480 1594 ct
514 1538 792 1594 civitatum
826 1533 1134 1602 principes,
1195 1530 1406 1600 quique
1453 1528 1578 1582 aliis
1639 1527 2011 1596 praaficiuntur

430 1628 685 1695 negotiis,
714 1634 806 1677 aut
827 1619 1322 1677 administrationis
1361 1618 1769 1687 dispensatores
1795 1614 2002 1670 consti-

432 1727 701 1779 tuuntur,
755 1731 987 1782 quorum
1036 1713 1289 1781 quisque,
1348 1711 1562 1764 muneri
1608 1723 1708 1764 suo
1743 1709 2004 1773 intentus,

2104 515 2470 576 ἀδιαλείπτως
2509 511 2771 581 φέροντες
2831 509 3162 580 στενάζομεν
3213 510 3307 562 καὶ
3348 509 3675 580 θρηνοῦμεν,

2103 602 2218 659 οἶδα
2254 606 2336 658 ὅτι
2381 604 2476 656 καὶ
2517 601 2679 664 αὐτὸς
2713 601 2913 671 ὁμοίως
2949 602 3155 671 φέρεις,
3188 601 3280 654 καὶ
3309 601 3471 671 ἄρτος
3508 617 3588 654 σοι
3613 601 3681 654 τὰ

2104 695 2320 764 δάκρυα
2371 694 2606 760 γίνεται⁶
2637 693 2701 744 ὲκ
2737 691 2846 744 τῶν
2879 692 3164 761 ἡμετέρων
3202 691 3311 761 γὰρ
3343 691 3410 744 τά
3437 692 3682 763 ὑμέτερα

2103 784 2489 854 διδασκόμεθα’
2545 779 2619 837 ὧν
2648 784 2757 853 γάρ
2785 784 2846 836 τὸ
2868 782 3027 852 ἔργον
3053 782 3145 835 καλ⁸
3171 784 3202 852 ἡ
3235 782 3478 836 διακονία
3498 785 3679 855 κοινὴ,

2105 877 2311 932 τούτων
2338 877 2486 940 εἰκὸς
2517 877 2672 930 κοινά
2707 876 2954 944 γίνεσθαι
2991 876 3058 928 τά
3089 875 3236 947 πάθη
3278 877 3373 928 καὶ
3423 879 3552 941 τοὺς
3583 896 3683 932 κα-

2110 971 2334 1040 μάτουςο
2371 969 2487 1024 ἀλλ’
2526 971 2608 1022 ὅτι
2643 969 2809 1039 μὲνὴ
2847 969 2985 1038 αὐτὴ
3027 968 3224 1039 συνοχὴ
3277 970 3371 1022 καὶ
3421 971 3489 1024 τὰ
3519 970 3684 1040 ὃμοια

2109 1065 2290 1115 κεντεῖ
2322 1062 2463 1131 ἄλγη
2504 1060 2604 1131 τὴν
2636 1060 2734 1132 σὴν
2766 1060 3018 1129 καρδίαν,
3056 1053 3142 1113 οἷα
3174 1059 3269 1113 καὶ
3322 1061 3489 1130 ἡμᾶς,
3522 1065 3689 1132 ἀρκεῖ

2107 1154 2363 1207 τοσοῦτον
2395 1153 2826 1224 ἐπιμνησθῆναι.

2183 1247 2387 1300 Λοιπὸν
2409 1246 2465 1299 δὲ
2491 1246 2590 1316 ἤδη
2622 1246 2720 1314 τῆς
2750 1243 2861 1297 οἷον
2890 1245 3205 1313 συνομιλίας
3231 1246 3322 1298 καὶ
3357 1246 3456 1316 τῆς
3497 1246 3686 1314 κοινῆς

2111 1338 2476 1410 άπαρχόμεθα
2499 1339 2958 1407 συνδιασκέψεως·
2996 1339 3144 1392 ἄλλοι
3209 1341 3307 1409 μὲν
3337 1339 3540 1410 ἄλλαις.
3570 1339 3682 1390 άπ-

2113 1433 2388 1499 ετόιγησαν
2437 1431 2734 1494 διακονίαις
2789 1433 2847 1484 ὲν
2898 1434 2965 1502 τῇ
3021 1431 3270 1505 παρούσῃ
3324 1431 3495 1500 ταύτῃ
3548 1431 3686 1500 ζωῇ,

2115 1522 2356 1593 βασιλεῖς
2409 1522 2554 1590 λέγω
2609 1521 2704 1574 καλ⁸
2758 1521 3026 1590 ἄρχοντας
3091 1520 3335 1582 πόλεων,
3386 1521 3690 1582 ἐπιστάτας

2114 1613 2458 1683 πραγμάτων
2488 1611 2686 1675 ἄλλων,
2733 1611 3055 1681 οἰκονόμους
3082 1612 3181 1680 τῆς
3235 1612 3575 1680 διοικήσεως,
3613 1605 3692 1664 ὧν

2112 1705 2340 1768 ἕκαστος
2370 1704 2503 1774 πρὸς
2530 1705 2595 1774 ἣν
2640 1703 2799 1755 ἔλαϐε
2862 1703 3016 1766 τάξιν
3071 1702 3316 1772 ἀφορῶν,
3373 1703 3433 1754 τὸ
3487 1704 3692 1755 οἰκεῖον

429 1808 710 1878 proprium
741 1823 899 1876 opus,
934 1807 976 1858 si
1011 1803 1250 1873 prudens
1309 1813 1413 1867 est,
1454 1810 1710 1856 accurate
1757 1798 2014 1869 perficere

2120 1799 2267 1860 ὅστις
2304 1798 2530 1867 ἔμφρων
2563 1795 2850 1858 σπουδάζει
2877 1796 3184 1866 ἀμέμπτως
3215 1795 3375 1866 ἔργον
3399 1795 3693 1849 ἐπιτελεῖνο

431 1900 650 1964 studet;
682 1913 782 1952 nos
815 1914 941 1951 vero
971 1909 1128 1950 sacro
1189 1894 1350 1947 altari
1414 1902 1596 1948 astare
1627 1891 1766 1961 jnssi
1795 1891 1841 1946 si
1897 1892 2018 1945 aliis

431 1992 684 2062 pluribus
730 1989 1044 2048 ministrare
1077 1987 1362 2050 debemus,
1389 1994 1516 2039 ante
1538 1986 1720 2038 omnia
1753 1994 1932 2038 tamen
1952 1984 2016 2037 ad

431 2097 620 2152 pacem
679 2079 1124 2150 promovendam
1194 2089 1359 2146 atque
1412 2092 1478 2130 ex
1545 2077 1725 2130 medio
1785 2073 2018 2128 tollenda

435 2172 690 2228 scandala
725 2169 1159 2236 inimicitiasque
1184 2166 1454 2235 assumpti
1486 2181 1715 2220 smnus:
1739 2164 2019 2218 tremenda

432 2265 705 2334 siquidem
744 2262 1002 2316 sacrilicti
1065 2260 1273 2316 oblatio
1313 2275 1478 2328 quam
1521 2259 1574 2310 in
1610 2258 1758 2312 illius
1809 2272 2021 2311 memo-

433 2356 569 2409 riam
612 2354 844 2408 facimus
885 2353 1000 2422 qui,
1063 2351 1131 2405 ad
1164 2351 1456 2406 solvendas
1496 2361 1735 2404 mtcrnas
1781 2349 2021 2403 inimici-

441 2447 544 2499 tias
584 2454 638 2498 et
693 2444 1082 2498 destruendum
1142 2443 1438 2496 violentum
1497 2441 1782 2495 hominum
1831 2452 2021 2495 contra

434 2536 603 2590 Deum
639 2535 882 2588 furorem
913 2533 1373 2601 compcsccndum
1398 2546 1558 2600 quem
1583 2531 1730 2584 nulla
1753 2546 1877 2598 spes
1906 2541 2024 2584 erat

436 2628 492 2682 in
529 2628 681 2698 pacis
721 2626 960 2680 studium
1023 2640 1148 2680 esse
1208 2624 1658 2688 convcrtendum,
1692 2624 1874 2676 omnia
1901 2640 2022 2692 quae

435 2736 631 2788 passus
659 2728 741 2774 est
772 2719 880 2789 pati
934 2718 1123 2783 voluit,
1151 2727 1332 2788 sputa,
1381 2717 1590 2784 alapas,
1619 2718 2016 2772 sceleratorum

436 2820 689 2874 mortem,
715 2825 812 2862 nos
851 2809 1110 2862 admonet
1143 2810 1263 2861 sine
1311 2808 1736 2871 intermissione,
1769 2809 2022 2861 omnibus

436 2903 663 2966 viribus,
696 2901 846 2954 omni
881 2910 1084 2961 mente,
1116 2898 1376 2967 omnique
1399 2897 1672 2961 sermone,
1699 2899 1852 2967 pacis
1900 2915 2021 2953 esse

435 2991 718 3060 adjutores
767 2988 1071 3051 studiosos,
1132 2987 1541 3041 inimicitiarum
1604 2988 1787 3043 hostes
1827 2999 1880 3044 et
1905 2998 2021 3045 toto

433 3083 600 3135 corde
624 3080 762 3133 viam
804 3080 1080 3133 scandalis
1136 3078 1531 3144 intercludere;
1591 3080 1858 3149 siquidem
1897 3094 2016 3136 tan.

435 3186 597 3237 quam
632 3169 703 3223 oh
758 3168 948 3223 oculos
1009 3168 1166 3222 nobis
1215 3183 1471 3238 magnum
1531 3169 1662 3223 illud
1727 3170 2016 3226 ministerii

440 3262 614 3316 nostri
649 3261 968 3328 mysterium
1017 3260 1194 3330 ipsum
1217 3261 1456 3316 ostendit
1485 3260 1683 3314 Filium
1741 3263 2019 3335 benignis-

436 3353 558 3406 simi
594 3351 794 3417 Patris,
853 3352 947 3419 qui
1014 3353 1094 3405 sic
1147 3350 1336 3403 dilexit
1393 3352 1654 3404 mundum
1695 3360 1752 3405 ut
1799 3367 1922 3406 eum
1951 3355 2018 3408 ad

436 3461 537 3499 nos
563 3443 771 3498 miserit
809 3462 822 3497 :
867 3442 962 3496 sed
997 3443 1142 3494 enim
1172 3439 1520 3510 Unigenitum
1559 3443 1733 3508 illum,
1758 3444 2018 3500 dilectum

434 3537 646 3605 Agnum
672 3533 765 3588 Dei
799 3534 1164 3598 immolatum,
1195 3533 1632 3602 propitiationetn
1667 3534 1872 3590 factum
1917 3553 2016 3607 pro

436 3627 638 3679 nostris
681 3625 734 3678 in
767 3623 936 3678 Deum
973 3633 1027 3679 et
1051 3625 1612 3690 Patreminimicrtiis,
1640 3630 1798 3698 quasi
1832 3629 2020 3683 visibi-

436 3716 539 3769 lem
589 3727 715 3768 ante
745 3717 936 3769 oculos
991 3725 1212 3770 nostros
1245 3717 1437 3771 statuit
1469 3733 1688 3771 sacrum
1725 3719 1862 3773 illud
1899 3735 2019 3790 my-
2083 3725 2085 3727 ’

437 3807 688 3869 sterium,
713 3808 809 3876 qui
864 3808 1062 3862 divinae
1089 3807 1274 3877 gloria:
1321 3808 1498 3864 factus
1530 3811 1701 3865 haeres
1734 3813 2020 3865 confusio-

441 3913 563 3952 nem
597 3908 804 3952 tantam
875 3908 1040 3967 atquc
1094 3900 1450 3967 ignominiam
1490 3902 1557 3954 ab
1584 3901 2016 3957 hominibussibi

437 3989 699 4058 subjectis
798 3990 1039 4044 inustum
1103 3993 1473 4061 contempsit,
1537 4002 1594 4046 ut
1661 3993 2015 4060 abalienatos,

442 4082 718 4146 inimicos,
752 4085 960 4144 hostes,
997 4097 1095 4150 per
1112 4097 1240 4136 suas
1300 4084 1604 4152 passiones,
1640 4100 1737 4155 per
1766 4087 2016 4151 vulnera,

439 4189 532 4243 per
565 4173 921 4242 ignominiam
980 4155 1259 4240 liberaret,
1309 4174 1427 4244 paci
1485 4177 1796 4230 restitueret
1824 4187 1880 4232 et
1924 4177 2017 4232 Dei

439 4264 733 4318 familiares
771 4263 1007 4319 ediceret
1053 4283 1067 4320 :
1115 4265 1245 4334 quid
1309 4283 1459 4336 ergo,
1531 4271 1700 4321 frater
1729 4278 1783 4321 ct
1814 4269 2001 4337 coepi-

437 4372 623 4426 scopc,
689 4373 791 4412 nos
859 4357 1038 4412 facere
1107 4359 1364 4426 oportet?
1423 4360 1585 4428 quale
1639 4375 1736 4414 cor
1793 4361 2012 4426 habere,

2121 1888 2282 1958 ἡμεῖς
2311 1888 2367 1939 δὲ
2421 1887 2470 1939 οἱ
2525 1885 2893 1957 παρίστασθαι
2935 1885 3011 1954 τῷ
3066 1884 3207 1954 ἁγίῳ
3256 1885 3698 1954 ἀποτεταγμένοι

2122 1979 2515 2049 θυσιαστηρίῳ,
2558 1981 2607 2031 εἰ
2646 1982 2740 2032 καὶ
2771 1977 2982 2031 πολλῶν
3015 1976 3192 2031 ἄλλων
3225 1977 3503 2047 χρεῶσται
3554 1977 3693 2031 καθ-

2121 2075 2432 2142 εστήκαμεν
2473 2071 2742 2124 ἐπιτελεῖν
2791 2071 2889 2140 τὴν
2943 2069 3239 2133 διακονίαν,
3296 2069 3430 2124 ἀλλά
3478 2088 3539 2138 γε
3588 2073 3699 2140 πρὸ

2124 2165 2323 2227 παντὸς
2347 2164 2533 2234 ἑτέρου
2563 2163 2623 2214 τὸ
2662 2163 2764 2231 τῆς
2808 2162 3030 2232 εἰρήνης
3057 2161 3217 2232 ἔργον
3245 2163 3339 2215 καὶ
3387 2162 3448 2214 τὸ
3475 2161 3698 2216 διώκειν

2121 2259 2184 2308 ὲκ
2217 2257 2383 2326 μέσου
2411 2256 2479 2308 τὰ
2504 2255 2776 2308 σκάνδαλα
2807 2254 2899 2306 καὶ
2916 2252 3014 2324 τὴν
3031 2252 3249 2324 ἔχθραν,
3281 2255 3360 2316 εἰς
3391 2254 3696 2324 ὑπουργίαν

2122 2348 2407 2418 ἐλάϐομεν.
2455 2346 2516 2399 Ἢ
2546 2345 2653 2416 γὰρ
2721 2346 2820 2414 τῆς
2875 2345 3110 2415 φρικτῆς
3168 2345 3447 2414 ἱερουργία
3483 2347 3699 2412 θυσίας,

2122 2441 2187 2511 ἣν
2215 2441 2296 2503 εἰς
2355 2439 2666 2508 ἀνάμνησιν
2712 2437 3073 2506 ἐπιτελοῦμεν
3129 2435 3225 2488 τοῦ
3270 2438 3358 2491 ἵνα
3415 2439 3696 2510 καταλύσῃ

2122 2532 2222 2603 τὴν
2253 2531 2471 2584 αἰώνιον
2512 2531 2733 2604 ἔχθραν,
2789 2533 2889 2600 τὴν
2921 2531 3100 2601 βιαίαν
3149 2533 3366 2603 ἐκείνην
3396 2534 3531 2604 πρὸς
3561 2533 3697 2586 Θεὸν

2123 2623 2232 2677 τῶν
2290 2622 2596 2693 ἀνθρώπων
2639 2622 2838 2692 μανίαν
2862 2625 2955 2676 καὶ
3017 2625 3342 2680 ἀνέλπιστον
3363 2629 3441 2688 εἰς
3463 2625 3696 2687 σπουδὰς

2125 2719 2348 2787 εἰρήνης
2375 2716 2652 2785 συμϐῆναι
2699 2717 3100 2784 ὑπομείναντος
3140 2720 3239 2772 ὅσα
3288 2718 3569 2787 ὑπέμεινε,
3630 2716 3698 2770 τὰ

2124 2806 2519 2877 ὲμπτύσματα,
2549 2806 2616 2859 τὰ
2652 2806 2992 2877 ῥαπίσματα,
3029 2810 3121 2862 τὸν
3157 2811 3389 2862 θάνατον
3439 2809 3547 2861 τῶν
3598 2825 3699 2860 και

2123 2898 2395 2968 κούργων,
2425 2898 2582 2951 τοῦτο
2619 2901 2754 2968 ἡμίν
2806 2901 3245 2970 παρακελεύεται
3273 2902 3362 2954 διά
3398 2901 3594 2963 παντὸς
3639 2899 3700 2952 τὸ

2126 2993 2275 3064 πάσῃ
2311 2991 2560 3063 δυνάμει,
2603 2993 2753 3064 πάσῃ
2787 2994 3061 3064 περινοίᾳ,
3115 2995 3280 3047 παντὶ
3309 2995 3452 3064 λόγῳ
3493 2993 3592 3063 τῆς
3618 2995 3699 3045 εἰσι

2132 3087 2300 3155 ρήνης
2365 3079 2506 3139 εἶναι
2573 3084 2900 3147 σπουδαίους
2965 3086 3305 3154 συμμάχους,
3349 3087 3449 3154 τῆς
3500 3085 3700 3156 ἔχθρας

2129 3176 2442 3246 πολεμίους,
2485 3177 2580 3230 καὶ
2613 3178 2760 3246 πάσῃ
2799 3176 2942 3247 ψυχῇ
2996 3178 3310 3230 ἀποκλείειν
3363 3177 3460 3248 τὴν
3492 3179 3698 3230 εἴσοδον

2121 3269 2230 3322 τῶν
2264 3269 2576 3322 σκανδάλων
2598 3286 2612 3300 ⁸
2639 3270 2869 3339 ἐπείπερ
2906 3264 3017 3322 οἷον
3075 3269 3163 3321 ἐπ’
3215 3269 3336 3339 ὗψιν
3368 3273 3497 3340 ἡμῖν
3540 3270 3700 3322 τοῦτο

2122 3361 2185 3432 δὴ
2229 3363 2290 3414 τὸ
2324 3363 2466 3435 μέχα
2505 3363 2606 3432 τῆς
2674 3363 2985 3432 ἱερουργίας
3047 3365 3346 3434 μυστήριον
3389 3364 3700 3416 ὑποδείκνυ-

2125 3471 2228 3517 σιν,
2277 3455 2443 3507 αύτδν
2478 3454 2569 3508 τὸν
2613 3454 2739 3507 Υίὸν
2781 3454 2876 3506 τοῦ
2921 3454 3302 3524 φιλανθρώπου
3356 3457 3587 3525 Πατρτς,
3641 3455 3700 3519 ὃς

2121 3546 2377 3598 τοσοῦτον
2411 3547 2667 3617 ἠγάπησε
2706 3545 2798 3598 τὸν
2837 3546 3064 3612 κόσμον,
3135 3546 3274 3599 ὥστε
3337 3546 3524 3600 τοῦτον
3573 3546 3698 3609 ἐξαο

2124 3630 2405 3690 ποστείλαι
2474 3637 2611 3706 πρὸς
2669 3640 2856 3708 ἡμᾶς’
2928 3638 3062 3690 ἀλλά
3116 3638 3224 3709 γάρ
3273 3639 3364 3692 τὸν
3422 3639 3705 3706 Μονογενῆ

2121 3727 2328 3791 τοῦτον,
2370 3727 2462 3778 τὸν
2506 3727 2807 3798 ἀγαπητὸν,
2841 3728 2932 3779 τὸν
2968 3727 3163 3797 Ἀμνὸν
3192 3729 3285 3780 τοῦ
3337 3727 3471 3779 Θεοῦ
3500 3728 3701 3796 θυόμε-

2122 3835 2209 3871 νον
2259 3818 2354 3870 καὶ
2389 3818 2654 3888 ὲξίλασμα
2691 3818 2974 3887 γινόμενον
3026 3819 3126 3886 τῆς
3181 3819 3459 3888 ἡμετέρας
3501 3818 3702 3888 ἔχθρας

2121 3909 2258 3981 πρὸς
2312 3912 2402 3963 τὸν
2459 3910 2591 3962 Θεὸν
2633 3912 2727 3962 καί⁵
2769 3911 3005 3980 Πατέρα,
3057 3913 3169 3974 τοῖς
3199 3911 3495 3985 ὀφθαλμοῖς
3545 3912 3704 3980 ἡμῶν

2122 4001 2313 4070 ὥσπερ
2359 4001 2634 4071 ὁρώμενον
2695 4000 2756 4053 τὸ
2829 4002 3097 4067 πανάγιον
3165 4002 3321 4054 τοῦτο
3395 4001 3700 4070 μυστήριον

2129 4093 2488 4163 παρίστησιν,
2539 4092 2597 4154 ὂς
2635 4090 2973 4160 κληρονόμος
3021 4089 3098 4142 ὢν
3142 4091 3240 4159 τῆς
3291 4091 3477 4158 θεῖκῆς
3517 4088 3698 4159 δόξης,

2122 4183 2529 4253 κατεφρόνησεν
2587 4182 2855 4252 αἰσχύνης
2907 4180 3180 4250 τοσαύτης
3224 4181 3319 4232 καὶ
3361 4180 3576 4244 ἀδοξίας
3607 4180 3700 4232 ὑπ’

2119 4276 2423 4346 ἀνθρώπων
2460 4277 2550 4328 ὑπ’
2583 4275 2732 4345 αύτῷ
2754 4275 3117 4344 τολμηθείσης
3140 4289 3154 4338 ;
3190 4273 3308 4327 Ἵνα
3331 4276 3456 4336 τοὺς
3478 4273 3702 4326 διεστῶ-

2120 4383 2238 4431 τας,
2277 4368 2402 4428 τοὺς
2439 4365 2684 4436 ἐχθροὺς,
2737 4367 2861 4428 τοὺς
2901 4365 3192 4433 πολεμίους
3227 4365 3312 4418 διά
3347 4365 3455 4417 τῶν
3482 4366 3699 4418 οἰκείων

439 4461 730 4512 quamnam
759 4447 1183 4500 sollicitudinem
1215 4457 1268 4500 et
1299 4447 1798 4519 anxietatem,cum
1833 4451 2015 4505 videa-

2125 4456 2334 4520 παθῶν,
2365 4456 2453 4508 διὰ
2475 4457 2583 4510 τῶν
2609 4456 2963 4525 τραυμάτων,
2992 4456 3082 4510 διὰ
3107 4457 3205 4525 τῆς
3236 4456 3500 4526 αἰσχύνης
3522 4455 3700 4509 ἀπαλ-

443 4551 564 4590 mus
603 4537 870 4603 quosdam
909 4537 963 4590 in
1021 4537 1252 4590 invicem
1305 4539 1640 4593 insanientes
1673 4551 1726 4594 et
1753 4557 1852 4607 pro
1887 4556 2020 4610 pace

445 4623 852 4678 inimicitiarum
889 4627 1210 4681 studiosos?
1239 4625 1305 4680 Et
1337 4630 1453 4683 hmo
1507 4629 1628 4684 dico
1664 4630 1731 4685 de
1790 4633 2020 4700 singulis

440 4724 495 4768 ct
522 4716 760 4769 vicissim
812 4735 828 4769 :
895 4727 1158 4787 quantam
1237 4719 1407 4789 igitur
1457 4722 1714 4776 adhibere
1757 4724 2019 4780 debemus

442 4807 774 4875 vigilantiam
805 4809 873 4862 ad
941 4824 1038 4864 eos
1079 4811 1172 4879 qui
1219 4812 1292 4864 ita
1327 4827 1357 4864 a
1389 4812 1604 4866 diabolo
1661 4825 1790 4868 sunt
1840 4815 2017 4870 affecti

417 4878 834 4974 {conciliandom
892 4905 1231 4958 revocandos
1260 4903 1328 4957 ad
1352 4918 1554 4974 pacem
1582 4912 1637 4958 et
1687 4907 2020 4974 persuaden-

419 4962 538 5051 idos
569 5002 627 5044 ut
680 5007 776 5060 per
829 4993 1160 5046 cbaritatem
1199 4995 1265 5049 ad
1313 4973 1566 5050 anienem
1607 4998 1876 5052 redeant?
1912 5000 2016 5055 Sed

442 5099 562 5136 eum
619 5100 726 5137 non
758 5100 897 5138 unus
947 5093 1041 5137 aut
1110 5087 1240 5150 duo,
1298 5099 1393 5141 aut
1447 5086 1658 5154 decem,
1705 5100 1800 5144 aut
1847 5093 2019 5146 multo

442 5174 650 5242 plures,
685 5176 876 5231 domus
927 5185 1061 5240 tota,
1096 5188 1192 5231 aut
1252 5180 1465 5242 civitas,
1503 5183 1596 5235 sed
1636 5192 1689 5236 et
1722 5199 1856 5252 gens
1905 5193 2018 5240 tota

443 5279 632 5324 contra
689 5279 856 5326 totam
912 5284 1147 5340 gentem,
1207 5271 1319 5326 imo
1381 5273 1624 5340 ejusdem
1669 5277 1811 5343 fidei,
1847 5281 2011 5348 proh!

446 5373 689 5414 meorum
722 5365 972 5419 dolorum
990 5364 1238 5433 pondus!
1273 5366 1478 5419 diaboli
1517 5366 1765 5422 efficacia
1796 5371 1848 5422 in
1874 5371 2015 5426 istud

445 5449 644 5500 malum
677 5451 1003 5526 inminguut,
1028 5457 1158 5524 quid
1191 5457 1499 5512 faciemus?
1520 5458 1650 5524 quid
1683 5461 2017 5529 excogitabi-

447 5539 606 5592 mus?
643 5542 772 5606 quid
809 5547 1121 5613 sapientius?
1171 5561 1292 5616 quae
1349 5547 1470 5601 dies
1497 5555 1591 5601 aut
1636 5563 1756 5615 qua:
1787 5565 1889 5602 nox
1918 5566 2017 5604 nos

445 5646 474 5682 a
503 5637 649 5682 tanta
705 5633 1077 5695 sollicitudine
1114 5649 1168 5696 et
1212 5641 1492 5695 anxietate
1553 5641 1893 5708 requiescere
1939 5641 2015 5695 fa-

446 5719 549 5774 ciet
577 5722 598 5774 ί

2122 4547 2256 4619 λάξῃ
2289 4548 2382 4600 καὶ
2428 4549 2638 4618 συνάψῃ
2689 4551 2754 4619 τῇ
2783 4548 2995 4620 εἰρήνῃ,
3050 4550 3143 4601 καί¹
3174 4549 3413 4612 οἰκείους
3442 4551 3548 4603 ἀπε
3559 4550 3698 4619 ργά-

2124 4655 2282 4708 σηται
2300 4639 2376 4707 τῷ
2393 4638 2532 4708 Θεῷ.
2561 4640 2626 4692 Τί
2655 4635 2770 4706 οὖν,
2796 4641 2993 4710 ἀδελφὲ
3016 4642 3111 4694 καὶ
3135 4641 3407 4711 συνιερεῦ,
3425 4642 3502 4693 δεῖ
3523 4641 3690 4709 πράτ·

2119 4747 2235 4783 τειν
2252 4732 2399 4802 ἡμᾶς
2423 4748 2437 4796 ;
2460 4731 2716 4800 Ποταπὴν
2740 4731 2886 4801 ἔχειν
2911 4733 3165 4802 καρδίαν,
3184 4735 3378 4787 ὁποίαν
3401 4734 3694 4802 μέριμναν,

2123 4821 2317 4890 ἡλίκην
2350 4823 2616 4889 ἀγωνίαν,
2667 4825 2797 4877 ὅταν
2825 4825 2978 4886 τινὰς
3023 4825 3242 4895 ὁρῶμεν
3301 4823 3422 4877 κατ’
3451 4825 3696 4894 ἀλλήλων

2122 4913 2582 4982 ὲκμαινομένους,
2637 4916 2733 4967 καὶ
2789 4916 2889 4979 τὴν
2927 4915 3131 4987 ἔχθραν
3160 4917 3282 4969 ἀντὶ
3331 4918 3432 4988 τῆς
3475 4918 3694 4985 ἀγάπης

2121 5005 2598 5074 ἁλλασσομένους;
2633 5007 2744 5058 Καὶ
2767 5005 2944 5059 ταῦτά
2973 5024 3119 5077 φημι
3151 5010 3281 5079 περί
3307 5009 3417 5062 τῶν
3443 5010 3564 5062 καθ’
3597 5010 3694 5061 ἕνα

2118 5099 2255 5160 τέως
2301 5099 2397 5151 καὶ
2448 5101 2552 5152 ἀνὰ
2594 5103 2780 5169 μέρος.
2820 5099 3003 5171 Ιιὸσην
3051 5097 3144 5155 οὖν
3193 5105 3693 5174 κεχρεωστὴκαμεν

2121 5190 2380 5259 πρόνοιαν
2437 5192 2645 5261 φέρειν,
2695 5189 2836 5244 ὥστε
2890 5193 3018 5255 τοὺς
3068 5193 3211 5246 οὕτω
3257 5195 3694 5264 διατεθειμένους

2119 5283 2217 5343 τὰς
2246 5282 2424 5352 ψυχὰς
2457 5284 2561 5335 ὑπὸ
2591 5285 2685 5335 τοῦ
2719 5285 2960 5356 πονηροῦ
3002 5287 3365 5356 συμϐιϐάσαι,
3417 5289 3512 5341 καὶ
3538 5291 3693 5360 εἰρη-

2119 5375 2434 5443 νοποιῆσαι,
2482 5377 2578 5427 καὶ
2638 5379 2825 5430 πεῖσαι
2873 5377 3034 5430 πάλιν
3083 5378 3170 5430 διὰ
3203 5379 3303 5448 τῆς
3359 5378 3579 5450 ἀγάπης
3612 5383 3694 5442 εἰς

2120 5468 2347 5536 ἑνότητα
2396 5467 2710 5534 συνελθείν;
2753 5470 2920 5522 Ὅταν
2953 5469 3010 5520 δὲ
3056 5471 3153 5534 οὐχ
3196 5465 3299 5534 εἷς,
3334 5471 3456 5523 οὐδὲ
3487 5471 3599 5538 δύο,
3629 5475 3689 5525 οὐ

2118 5556 2272 5621 δέκα,
2313 5557 2436 5609 οὐδὲ
2493 5559 2675 5629 πολλῷ
2709 5561 2914 5613 τούτων
2959 5562 3178 5625 πλείους
3221 5563 3516 5635 ὁλόκληρος
3543 5568 3691 5618 οἰκία

2121 5649 2216 5700 καὶ
2245 5647 2421 5712 πόλις,
2459 5649 2577 5701 ἀλλ’
2609 5652 2760 5712 ἔθνος
2792 5651 2913 5703 ὅλον
2943 5651 3078 5720 πρὸς
3120 5653 3240 5706 ὅλον
3267 5655 3418 5717 ἔθνος
3446 5658 3538 5709 καὶ
3569 5659 3690 5709 τότε

2120 5740 2443 5809 όμόπιστον,
2493 5743 2639 5810 οἴμοι
2683 5742 2788 5796 τῶν
2825 5743 2974 5813 ἐμῶν
3017 5744 3206 5798 παθῶν
3244 5745 3303 5798 τὸ
3361 5745 3688 5816 βαρύτατον,
