3996 6208
231 366 294 434 ori
1273 363 1279 371 ’
1676 374 2086 440 EPISTOL/E.

3395 384 3466 441 (ii

230 490 322 540 ὑπὸ
350 489 450 557 τῆς
482 487 576 543 τοῦ
608 491 859 562 δαίμονος
891 492 1174 562 ἐνεργείας
1205 492 1286 557 εἰς
1326 494 1388 546 τὸ
1431 495 1599 548 κακὸν
1655 494 1815 546 τοῦτο
1879 496 2346 568 περιηνέχθησαν,
2399 497 2453 552 τε
2511 498 2865 570 ποιήσωμενς
2944 497 2996 550 τί
3067 495 3478 565 διανοηθῶμεν;

227 584 270 634 τί
299 583 692 652 φρονήσωμεν;
727 585 855 636 ποία
881 586 1066 655 ἡμέρα
1107 586 1138 655 ἦ
1170 586 1264 652 νὺξ
1291 586 1602 640 ἀναπαύσει
1643 587 1789 655 ἡμᾶς
1825 585 1936 638 ἀπὸ
1977 588 2074 656 τῆς
2103 587 2362 659 τοιαύτης
2411 591 2702 662 μερίμνης,
2733 589 2764 658 ἣ
2793 589 2889 661 τῆς
2932 591 3203 658 συνοχῆς;

290 675 536 743 Προῆλθε
571 674 672 746 μὲν
707 677 837 747 ἄχρι
866 679 1060 731 τούτου
1095 681 1123 733 ὁ
1155 679 1341 748 λόγος
1367 679 1556 750 ὥσπερ
1590 677 1792 748 προῆλ-

1965 680 2150 750 Usque
2178 683 2360 745 modo,
2389 685 2667 754 utpotuit,
2726 682 2992 760 processit
3017 694 3196 735 sermo
3261 687 3482 742 noster;

227 767 307 820 θεν
329 782 343 796 ·
379 768 505 837 ἄρτι
535 766 589 820 δὲ
620 765 810 840 ὥσπερ
845 771 986 823 αὐτὰ
1010 771 1077 824 τὰ
1109 772 1418 842 πράγματα
1449 769 1792 825 ἀναλαϐόντα

227 859 418 928 φωνὴν,
459 861 790 930 τρανότερον
825 863 1146 931 φθέγγεται.
1187 864 1465 935 Ἐκίνησεν
1503 865 1531 915 ὁ
1558 864 1655 934 τῆς
1690 881 1792 918 κα-

225 950 339 1010 κὲας
386 953 568 1022 πατὴρ
593 953 860 1018 διάΰολος,
901 957 928 1008 ὁ
959 955 1060 1025 τῆς
1106 957 1331 1026 εἰρήνης
1377 957 1656 1025 πολέμιος,
1699 973 1794 1026 με·

224 1042 344 1103 ταΞῦ
364 1042 652 1110 Ῥωμαίων
668 1047 761 1098 καὶ
783 1047 1108 1116 Βυυλγάρων
1133 1048 1273 1102 ὅπλα
1290 1049 1384 1103 καὶ
1417 1050 1543 1118 ξὲφη
1566 1066 1579 1080 ·
1600 1047 1796 1120 ἐξέμη-

227 1150 304 1185 νεν
326 1136 527 1198 αὐτοὺς
551 1138 673 1189 κατ’
698 1139 965 1208 ἀλλήλων,
989 1142 1297 1210 ἐνήργησεν
1335 1143 1435 1194 ὅσα
1487 1143 1793 1212 ἐνήργησεν

230 1225 382 1296 μέχρι
401 1228 500 1294 τῆς
522 1229 783 1298 σήμερον·
803 1231 904 1296 φεῦ
927 1233 1018 1285 τοῦ
1047 1233 1286 1303 πλήθους
1311 1232 1418 1286 τῶν
1441 1235 1590 1302 ἐμῶν
1614 1236 1794 1303 ἀμαρ-

224 1317 370 1371 τιῶνῐ
395 1319 486 1381 Τίς
505 1321 813 1392 δυσωπήσει
837 1341 850 1389 ;
872 1325 950 1387 τίς
970 1326 1262 1395 γενήσεται
1280 1327 1505 1397 μεσίτης
1525 1327 1635 1390 ςτίς
1655 1326 1791 1379 Θεοῦ

226 1411 868 1484 συναντιλαμϐανομένου
913 1417 1104 1487 στήσει
1137 1419 1229 1471 τὸν
1274 1417 1530 1471 τοσοῦτον
1566 1416 1790 1487 ὄλεθρον

226 1499 325 1554 τῶν
377 1505 723 1576 ἀνθρώπων;
752 1509 837 1572 τίς
890 1511 1248 1579 μιαινομένην
1276 1511 1373 1581 τὴν
1401 1511 1501 1580 γῆν
1534 1509 1589 1576 ἐξ
1635 1509 1798 1578 αἱμά-

228 1613 324 1645 των
349 1595 765 1667 Χριστιανικῶν
789 1600 1143 1666 ἀποπαύσει;
1172 1600 1268 1654 καὶ
1293 1601 1376 1662 τίς
1400 1601 1614 1666 ἕτερος
1643 1599 1801 1652 τοῦτο

226 1684 350 1752 ἐμὸν
404 1687 499 1738 καὶ
545 1688 636 1740 σον
683 1689 742 1741 τὸ
775 1689 1151 1760 χρεώστημα’
1189 1691 1304 1744 ἀλλ’
1336 1694 1499 1761 ἡμεῖς
1549 1692 1648 1762 μὲν
1699 1691 1796 1742 αύ-

224 1777 326 1842 τὺς,
369 1773 415 1845 ᾧ
452 1781 783 1850 παρίσταται
819 1784 972 1836 πᾶσα
1029 1783 1255 1854 καρδίας
1295 1783 1611 1854 ἐνθύμησίς,
1641 1783 1800 1847 ἐξεπ-

227 1867 441 1922 ίσταται
477 1871 558 1922 ὅτι
610 1871 703 1923 καὶ
740 1871 837 1942 τὴν
884 1871 1061 1942 ἀρχὴν
1101 1873 1499 1942 ἀπεστρέψαμεν
1549 1872 1649 1942 τὴν
1701 1871 1797 1924 τοῦ

222 1959 457 2029 πολέμου
505 1962 864 2033 ἐγχείρησινο
899 1964 993 2018 καί
1045 1965 1142 2018 τοῦ
1189 1967 1359 2019 κακοῦ
1408 1968 1799 2035 ἑκνικήσαντος

221 2054 617 2122 παραινοῦντες
672 2057 733 2108 ού
787 2051 1166 2128 διελείψαμεν,
1207 2055 1351 2112 ὥστε
1402 2059 1557 2129 ῥῖψαι
1608 2061 1706 2130 μὲν
1738 2061 1805 2114 τὰ

217 2143 377 2206 ὅπλα,
408 2146 796 2201 ἀντιλαϐέσθαι
817 2150 873 2202 δὲ
902 2149 1004 2220 τῆς
1030 2151 1166 2220 πρὸς
1198 2151 1543 2220 Βουλγάρους
1579 2151 1805 2222 εἰρήνης

221 2240 310 2291 καὶ
344 2240 596 2308 ἀγάπης,
637 2242 732 2294 καὶ
763 2241 862 2308 τῆς
905 2241 1187 2311 πατρικῆς
1220 2243 1358 2313 πρὸς
1393 2245 1592 2307 αὐτοὺς
1624 2245 1807 2298 διαθέο

221 2349 353 2388 asta:
380 2349 394 2362 '
431 2336 525 2385 καὶ
562 2333 697 2386 Θεοῦ
733 2335 841 2388 τῶν
878 2333 1120 2408 καρδιῶν
1155 2335 1338 2388 αὐτῶν
1370 2334 1678 2404 ἁψαμένου,
1712 2336 1806 2390 καὶ

219 2417 292 2483 οἷς
323 2423 645 2492 ἠπείθησαν
676 2426 942 2496 πρότερον
972 2425 1410 2495 μετεφρὸνησαν,
1441 2427 1535 2479 καὶ
1565 2419 1644 2489 οἷς
1671 2428 1806 2496 μετά

217 2512 387 2566 ταῦτα
442 2516 859 2584 παρῃνέσαμεν,
899 2517 1168 2586 πρόθυμοι
1211 2519 1385 2570 ποιεῖν
1433 2518 1501 2569 τὰ
1541 2515 1806 2586 παραινε-

219 2602 376 2656 θέντα
410 2606 702 2673 γεγόνασι,
753 2607 848 2660 καὶ
879 2608 936 2673 ἐξ
988 2608 1201 2661 ἐκείνου
1246 2609 1444 2678 καιροῦ
1499 2609 1593 2661 καὶ
1645 2609 1807 2676 μέχρι

216 2695 307 2746 τοῦ
343 2695 445 2747 νῦν
479 2697 548 2749 τὰ
588 2698 688 2763 τῆς
740 2699 965 2770 εἰρήνης
1016 2699 1367 2769 ἐπιζητοῦσι,
1403 2701 1496 2753 καὶ
1542 2700 1634 2752 τὸν
1682 2699 1809 2751 σύν·-

219 2783 416 2853 δεσμον
447 2786 546 2853 τῆς
579 2786 828 2857 ἀγάπης,
856 2789 952 2841 καλ⁸
983 2789 1052 2842 τὰ
1076 2790 1173 2842 τοῦ
1213 2789 1348 2859 πρὸς
1382 2789 1532 2859 ὑμᾶς
1568 2789 1806 2858 πολέμου

218 2877 568 2946 μεμισήκασι
596 2879 920 2950 πράγματα.
969 2877 1130 2933 ’Λλλὰ
1156 2883 1207 2933 τί
1232 2882 1406 2946 sine);
1451 2883 1508 2933 '0
1541 2882 1599 2945 ἐξ
1631 2883 1809 2953 ἀρχῆς

217 2966 497 3037 φθονήσας
529 2969 606 3038 τῷ
640 2971 971 3042 ἀνθρωπίνῳ
1000 2973 1170 3039 γένει,
1211 2971 1408 3044 δριμὺν
1433 2973 1559 3043 ἔσχε
1599 2976 1690 3026 καὶ
1715 2975 1809 3026 νῦν

212 3055 300 3106 τὸν
333 3057 540 3122 φθόνον
577 3061 718 3111 κατὰ
755 3062 852 3128 τῆς
889 3061 1140 3124 ἐνώσεως
1177 3057 1505 3133 Βουλγάρων
1537 3065 1632 3115 καὶ
1673 3064 1806 3116 Ῥω·

217 3146 413 3210 μαίων,
455 3149 554 3200 καὶ
584 3150 665 3202 ὅτι
716 3151 951 3218 ἔφθασεν
983 3154 1185 3221 ἀνάψαι
1236 3156 1335 3223 τὴν
1383 3160 1663 3226 πυρκαϊὰν
1711 3157 1810 3217 τῆς

213 3236 447 3307 ἔχθρας,
475 3241 655 3312 χαέρει
682 3244 759 3312 τῷ
779 3243 1110 3316 ψυχοιρθόρῳ
1136 3246 1312 3314 τούτῳ
1344 3251 1496 3318 πυρὶ,
1525 3249 1617 3300 καὶ
1643 3247 1809 3300 πολὺν

1897 786 2041 824 nunc
2083 787 2211 828 vero
2238 773 2314 827 rei
2347 773 2498 840 ipsae,
2534 775 2690 842 quasi
2724 788 2908 828 vocem
2937 776 3285 838 usurpantes,
3324 769 3482 820 vehe-

1895 846 2132 920 mentius
2168 866 2409 920 clamant
2441 884 2455 920 :
2485 866 2705 920 malitia:
2747 879 2971 935 parens,
3005 863 3261 932 pacisque
3291 859 3481 914 inimi-

1898 971 2014 1015 cus.
2045 955 2180 1010 bella
2207 957 2347 1011 inter
2397 957 2675 1012 Romanos
2706 964 2758 1010 et
2783 957 3045 1024 Bulgaros
3071 953 3328 1007 excitavit
3363 951 3482 1020 gla-

1898 1046 2127 1113 diesque
2191 1047 2386 1116 stringi
2451 1045 2616 1111 fecit;
2654 1048 2782 1101 illos
2805 1049 2858 1100 in
2897 1044 3346 1099 inviccmofurore
3382 1042 3486 1093 imo

1899 1136 2086 1205 plevit,
2145 1154 2265 1206 qua:
2327 1153 2500 1207 usque
2530 1140 2689 1193 modo
2727 1138 2863 1191 facta
2917 1145 3064 1197 sunt,
3100 1134 3265 1197 fecit;
3304 1133 3435 1201 proh
3467 1133 3478 1183 l

1901 1227 2221 1282 delictorum
2266 1245 2513 1283 meorum
2547 1227 2878 1282 multitudo?
2914 1227 3037 1296 quis
3078 1226 3183 1279 erit
3211 1223 3484 1292 populus?

1899 1320 2022 1385 quis
2053 1320 2318 1374 mediator
2386 1321 2609 1375 exsistet
2637 1320 2659 1372 ?
2689 1319 2833 1387 quis,
2867 1316 3159 1385 adjuvantc
3202 1315 3329 1374 fico,
3369 1321 3488 1364 tau-

1903 1419 2008 1462 tam
2041 1411 2324 1465 hominum
2355 1412 2650 1478 perniciem
2678 1425 2895 1465 cessare
2917 1408 3108 1462 faciet?
3134 1407 3256 1476 quis
3284 1414 3480 1458 terram

1902 1502 2228 1567 prohibebit,
2265 1519 2332 1556 ne
2385 1502 2522 1556 ultra
2558 1501 2868 1556 Christiano
2892 1499 3152 1568 sanguine
3181 1494 3492 1566 polluatur?

1905 1591 2008 1644 Svd
2045 1591 2169 1658 quis
2196 1593 2373 1647 alius?
2435 1608 2614 1646 meum
2658 1607 2721 1646 ac
2776 1601 2925 1644 tuum
2984 1605 3154 1657 opus;
3194 1604 3290 1641 nos
3326 1603 3478 1647 vero,

1904 1683 2010 1738 scit
2041 1684 2156 1751 ipse
2205 1683 2292 1737 cui
2347 1684 2528 1738 cordis
2555 1691 2742 1751 patent
2794 1680 3174 1752 cogitationes,
3214 1695 3242 1732 a
3284 1675 3489 1746 princi-

1906 1777 1995 1846 pio
2027 1775 2152 1829 belli
2181 1775 2586 1844 susceptionem
2623 1782 2867 1827 avertere
2923 1773 3102 1826 conati
3158 1787 3347 1824 sumus
3390 1777 3484 1822 :ct

1908 1877 2192 1938 postquam
2229 1868 2388 1921 fuerit
2428 1876 2675 1922 exortum
2710 1862 2841 1919 illttd
2881 1866 3104 1927 malum,
3146 1879 3250 1915 non
3273 1863 3484 1915 cessavi

1909 1957 2191 2013 exhortari
2236 1957 2300 2011 ad
2359 1973 2508 2012 arma
2556 1958 2893 2027 projicicnda
2926 1998 2939 2021 ,
3002 1953 3493 2023 resunn-ndamque

1911 2065 2034 2102 eum
2073 2047 2320 2116 Bulgaris
2355 2063 2539 2115 pacem
2583 2057 2748 2116 atque
2783 2047 3171 2109 dilectionem,
3196 2045 3491 2114 majorem-

1910 2157 2015 2212 que
2069 2147 2268 2196 mentis
2319 2140 2620 2209 affectum;
2684 2141 2828 2196 Deus
2892 2140 3071 2194 autem
3127 2154 3250 2194 cum
3303 2153 3491 2192 eorum

1909 2231 2361 2303 cordatetigissct
2427 2247 2551 2301 qua:
2601 2233 2754 2303 prius
2804 2231 3122 2287 abnuerunt
3179 2239 3494 2292 senserunt,

1909 2336 1959 2378 et
1990 2325 2160 2394 parati
2210 2323 2434 2378 fuerunt
2473 2324 2541 2380 ad
2592 2324 2838 2380 facienda
2901 2339 3244 2394 quaecunque
3301 2333 3483 2392 postea

1911 2416 2082 2474 suasi.
2114 2424 2275 2484 atque
2304 2431 2367 2470 ex
2398 2433 2464 2472 eo
2496 2428 2741 2486 tempore
2775 2415 2840 2471 ad
2906 2432 3082 2487 usque
3122 2431 3270 2470 nunc
3303 2431 3491 2482 pacem

1911 2505 2636 2576 desiderantebaritatisquc
2661 2507 3106 2576 conjunctionem
3155 2517 3316 2572 atque
3348 2505 3487 2558 bel'a

1911 2597 2038 2652 exlio
2065 2598 2298 2664 habent;
2332 2600 2425 2652 sed
2455 2599 2587 2668 quid
2640 2599 2853 2651 dicam?
2889 2599 2982 2667 qui
3023 2613 3052 2650 a
3088 2595 3354 2666 principio
3393 2594 3488 2647 ho-

1915 2700 2122 2752 minum
2152 2698 2338 2770 generi
2399 2698 2612 2763 invidit,
2643 2694 2730 2752 ille
2785 2698 3019 2752 violenta
3059 2699 3217 2752 hodie
3269 2699 3492 2752 effertur

1916 2791 2122 2846 invidia
2173 2799 2363 2845 contra
2453 2786 2827 2845 Romanorum
2891 2799 3054 2857 atque
3133 2790 3493 2860 Bulgarorum

1915 2888 2195 2949 unionem,
2237 2893 2290 2938 et
2329 2899 2566 2938 accenso
2617 2885 2851 2953 primum
2884 2883 3287 2936 inimicitiarum
3314 2883 3497 2937 incen-

1918 2979 2004 3031 dio
2028 2978 2339 3046 pernicioso
2376 2977 2469 3031 il‘o
2541 2978 2665 3046 igne
2713 2992 2858 3032 nunc
2925 2975 3212 3044 gaudetac
3239 2975 3495 3029 maximis

1915 3071 2200 3125 conatibus
2223 3069 2366 3124 illius
2399 3069 2648 3122 flammas
2675 3070 2900 3132 excitat,
2934 3083 3034 3122 nec
3070 3068 3199 3121 sinit
3223 3068 3489 3136 optimum

1914 3173 1966 3216 et
2005 3163 2262 3215 dilectum
2325 3176 2389 3216 ac
2444 3160 2922 3230 prtnlemissimnm
2994 3159 3161 3212 lilium
3219 3168 3489 3221 nostrum,

1919 3256 2272 3323 Bulgarorum
2303 3253 2599 3322 principem
2633 3268 2730 3306 sua
2764 3252 2842 3305 uti
2877 3250 3145 3318 probitate
3165 3258 3219 3304 et
3241 3250 3306 3303 ad
3341 3253 3496 3319 pacis

209 3331 298 3381 τὸν
337 3334 541 3400 ἀγῶνα
596 3339 834 3390 ποιεῖται
885 3338 987 3406 τῆς
1039 3339 1231 3392 τούτου
1286 3341 1557 3409 ἀνάψεως,
1609 3341 1704 3394 καὶ
1737 3338 1797 3392 οὐ

1915 3351 2137 3403 bouurn‘
2179 3361 2240 3400 se
2284 3356 2602 3400 convertere
2628 3385 2643 3409 ,
2729 3344 3130 3413 pristinamque
3195 3342 3492 3396 bonitatem

211 3429 503 3497 συγχωρεῖ
547 3429 624 3497 τῷ
661 3429 811 3500 καλῷ
855 3433 948 3483 καὶ
991 3433 1264 3502 ἀγαπητῷ
1301 3435 1400 3504 υἱῷ
1431 3453 1530 3505 μου
1562 3435 1638 3505 τῷ
1669 3452 1804 3505 φρο-

210 3520 541 3588 νιμωτάτῳ,
588 3523 663 3591 τῷ
695 3524 982 3585 δεσπόζειν
1030 3526 1362 3594 Βουλγάρων
1413 3528 1652 3597 λαχόντι,
1704 3529 1805 3596 τῆς

211 3605 414 3662 ἑαυτοῦ
455 3613 714 3677 γενέσθαι
763 3613 1195 3681 καλοκαγαθίτς,
1235 3618 1330 3669 καὶ
1378 3617 1512 3687 πρὸς
1543 3620 1602 3669 τὸ
1642 3617 1806 3670 καλὸν

1913 3455 2068 3494 suam
2097 3437 2430 3502 ostendere;
2463 3436 2555 3490 sed
2610 3451 2829 3505 semper
2880 3435 3100 3489 invidus
3163 3434 3252 3488 ille
3297 3449 3360 3488 ac
3400 3434 3500 3487 b0-

1916 3545 2108 3585 uorum
2153 3531 2429 3583 insecutor
2470 3529 2696 3582 acerbos
2738 3529 2792 3581 iu
2862 3528 3035 3582 lenem
3087 3527 3205 3596 ejus
3263 3534 3499 3580 mentem

1915 3621 2239 3683 immitteus,
2297 3620 2681 3674 suavissimam
2721 3636 2908 3688 pacem
2937 3635 3194 3674 amovere
3251 3619 3497 3672 molitur.

212 3703 309 3769 τῆς
346 3704 588 3772 εἰρήνης
632 3707 1060 3774 ἐπιστραφῆναι,
1097 3709 1206 3772 ,καὶ
1244 3708 1346 3776 τῆς
1390 3710 1623 3779 ἀρχαίας
1651 3707 1907 3773 γενέσθαι
1967 3712 2344 3784 γλυκύτητος·
2382 3710 2496 3764 ἀλλ’
2553 3711 2639 3763 ἀεί
2692 3728 2743 3763 τι
2775 3713 2802 3762 ὁ
2863 3712 3148 3781 φθονερὸς,
3204 3712 3232 3763 ὁ
3265 3710 3374 3761 τῶν
3403 3727 3504 3762 κα⁴

217 3795 324 3846 λῶν
389 3796 639 3861 διώκτης
687 3795 1010 3848 ύποίάλλων
1064 3797 1264 3865 πικρὸν
1314 3798 1609 3867 ἐνθύμημα
1660 3799 1718 3848 ὲν
1779 3797 1845 3865 τῇ
1905 3800 2137 3872 γλυκείᾳ
2191 3803 2380 3854 τούτου
2429 3798 2601 3871 ψυχῇ.
2654 3798 2947 3864 σπουδάζει
3013 3800 3112 3869 τήν
3163 3799 3503 3869 γλυκυτάτην

212 3888 438 3941 διώκειν
484 3889 676 3956 εἰρήνη
689 3905 733 3938 ν.

292 3981 472 4034 Ἀ).λά
526 3983 595 4033 τά
659 3981 759 4050 μὲν
803 3981 896 4036 τοῦ
953 3983 1193 4054 πονηροῦ
1247 3983 1504 4053 δαίμονος
1558 3989 1806 4044 τοιαῦτα.

222 4075 423 4143 Ἡμεῖς
485 4073 542 4126 δὲ
596 4072 716 4143 Θεῷ
753 4075 1098 4141 πεποιθότες,
1156 4077 1250 4129 καὶ
1302 4077 1366 4146 τῇ
1404 4077 1496 4128 τοῦ
1556 4081 1807 4133 ποθεινοῦ

213 4166 332 4218 υἱοῦ
372 4181 484 4237 μου
521 4165 825 4234 ήμερότητι
859 4166 933 4229 ὡς
970 4167 1070 4219 οὐκ
1101 4167 1520 4237 ἀποτευξόμεθα
1559 4170 1652 4222 τοῦ
1681 4189 1810 4223 σκο-

211 4259 342 4322 ποῦ,
380 4260 635 4329 γράμμα
665 4259 802 4328 πρὸς
837 4259 998 4312 αὑτὸν
1039 4259 1456 4330 ἐξεπέμψαμεν,
1488 4261 1672 4314 ἐκεῖνα
1703 4280 1813 4314 πα-

213 4350 623 4415 ρακαλοῦντες,
674 4351 862 4402 ἐκεῖνα
913 4351 1317 4415 δυσωποῦντες,
1365 4352 1463 4405 ὅσα
1501 4355 1600 4422 τῆς
1647 4353 1810 4406 αὑτοῦ

207 4443 535 4512 σελαγάθου
567 4445 686 4496 ἐστὶ
717 4445 892 4515 ψυχῆς
918 4433 1119 4512 οἰκεῖοί,
1155 4447 1255 4499 ὅσα
1286 4447 1381 4516 τῆς
1415 4446 1628 4499 ἐκείνου
1679 4466 1816 4519 καρ-

1991 3984 2086 4043 Illa
2121 3987 2309 4043 nefarii
2362 3987 2622 4041 dmmonis
2667 3999 2795 4041 sunt
2829 4002 3035 4056 opera;
3090 4001 3193 4040 nos
3233 4001 3361 4041 vero
3398 3985 3506 4040 Der.

1917 4080 2254 4133 confidentes
2286 4085 2337 4130 ct
2368 4075 2746 4132 desiderabilis
2773 4077 2947 4131 nostri
2983 4076 3074 4131 filii
3101 4079 3504 4132 mansuetudini

1919 4181 2237 4224 nostrorum
2268 4180 2514 4222 votorum
2549 4179 2830 4237 compotes
2877 4168 3014 4234 fore,
3053 4169 3260 4224 litteras
3291 4169 3505 4224 adeum

1924 4261 2196 4324 misimus,
2230 4258 2390 4313 modo
2420 4260 2796 4323 exhortantes,
2832 4261 2992 4315 modo
3014 4261 3386 4326 obsecrantes,
3420 4278 3498 4316 sc-

1922 4353 2158 4407 cuuduin
2190 4352 2384 4407 ruentis
2437 4352 2555 4421 ejus
2592 4351 2884 4421 cordisque
2947 4351 3334 4421 dispositiones
3377 4366 3508 4421 pro-

1925 4446 2072 4514 prias
2103 4463 2116 4499 :
2149 4446 2298 4500 brevi
2341 4445 2558 4515 quidem
2592 4453 2854 4514 tempore,
2888 4444 2981 4499 sed
3025 4454 3204 4498 tamen
3240 4443 3361 4512 ejus
3407 4460 3506 4498 na-

210 4534 351 4598 δίας.
393 4536 516 4588 Καὶ
555 4535 665 4606 γάρ
692 4537 738 4587 εἰ
778 4537 871 4588 καὶ
907 4536 1114 4606 βραχὺν
1143 4538 1359 4607 χρόνον,
1393 4536 1508 4590 ἀλλ’
1541 4540 1692 4608 ὅμως
1723 4541 1806 4592 καί

1930 4547 2131 4601 turam,
2165 4552 2286 4591 cum
2328 4536 2379 4589 in
2423 4535 2542 4603 ejus
2577 4536 2859 4604 praesentia
2891 4550 3159 4598 essemus,
3203 4537 3372 4604 probe
3413 4551 3508 4591 su-

210 4626 405 4693 ἡμεῖς,
460 4626 556 4678 ὅτε
603 4627 684 4686 εἰς
738 4625 861 4693 ὄψιν
914 4626 1064 4693 αὑτῷ
1117 4626 1488 4695 κατέστημεν,
1542 4627 1809 4696 ἐλάϐομεν

217 4722 423 4789 πεῖραν
452 4719 554 4788 τῆς
584 4719 750 4771 αὐτοῦ
789 4717 1039 4786 φύσεως·
1099 4720 1194 4772 καὶ
1246 4718 1493 4790 ἔγνωμεν
1547 4721 1644 4790 τὴν
1683 4720 1812 4773 σύν-

209 4827 353 4875 εσιν,
392 4812 498 4881 τὴν
541 4811 847 4882 πραότητα,
890 4812 991 4880 τὴν
1040 4812 1366 4874 ἐπιείκειαν,
1431 4812 1528 4882 τὴν
1577 4815 1812 4883 χρηστό-

212 4920 383 4969 τητα,
418 4906 516 4956 καὶ
543 4901 619 4964 ὡς
652 4903 834 4972 πάσης
862 4902 1130 4972 ἀπηνείας
1169 4903 1264 4956 καὶ
1296 4905 1618 4972 ἰταμότητος
1650 4900 1811 4956 ἁλλοο

212 4995 343 5062 τρία
384 4995 424 5062 ἡ
461 4993 657 5046 τούτου
695 4993 857 5061 φύσις
911 4994 1276 5064 καθέστηκεν.
1317 4991 1670 5064 Ἑγράῲαμεν
1720 4989 1815 5048 οὖν

218 5089 640 5157 πρεσὸεύοντες
677 5089 820 5155 ὑπὲρ
869 5089 1118 5158 εἰρήνης,
1171 5090 1266 5142 καὶ
1302 5087 1583 5151 εὐέλπιδες
1622 5092 1812 5158 ἐσμεν,

212 5183 288 5245 ὡς
315 5182 655 5251 δυσωπήσει
683 5182 784 5251 μὲν
813 5181 1029 5250 πρῶτον
1055 5181 1242 5235 τοῦτον
1268 5185 1295 5235 ὁ
1322 5181 1446 5245 δοὺς
1471 5182 1634 5233 αὑτὸν
1656 5179 1820 5234 Βουλ-

215 5277 422 5344 γάρων
461 5274 749 5337 δεσπῦζειν
779 5275 935 5340 Θεὸς,
963 5265 1276 5343 δυσωπήσει
1303 5274 1358 5326 δὲ
1391 5275 1484 5326 καὶ
1530 5274 1591 5324 τὸ
1620 5275 1818 5326 οἰκεῖον

211 5370 450 5435 ἥμερον
479 5369 573 5418 καὶ
612 5366 916 5436 φιλάγαθον
941 5383 956 5397 ·
1010 5365 1467 5434 δυσωπηθήσεται
1498 5365 1556 5416 δὲ
1593 5365 1684 5417 καῖ¹
1715 5367 1820 5419 ὑπὸ

211 5457 318 5524 τῆς
359 5457 654 5528 ⁴ἡμετέρας
677 5457 1101 5527 παρακλήσεως.
1132 5454 1205 5506 Τὸ
1233 5455 1330 5525 μὲν
1355 5457 1622 5526 ἡμέτερον
1650 5456 1819 5509 τοιοῦ-

211 5567 338 5615 τον,
376 5547 490 5600 καὶ
521 5548 939 5618 ἀποσαλεύομεν
967 5549 1024 5600 ἐν
1064 5547 1347 5609 τοιαύταις
1396 5549 1628 5603 ἐλπίσιν.
1663 5551 1817 5601 Ἔστι

211 5641 272 5692 δὲ
302 5642 421 5692 καὶ
449 5640 547 5709 τῆς
576 5642 732 5711 ὑμῶν
766 5636 1182 5712 ἀρχιερωσύνης
1216 5639 1307 5692 ἐπὶ
1334 5641 1445 5703 τοῖς
1472 5644 1670 5704 κοινοῖς
1711 5637 1818 5694 πά-

212 5729 387 5785 θεσιν
467 5729 871 5802 ἁλγυνομένης,
919 5733 1039 5794 ταῖς
1099 5733 1309 5792 κοιναῖς
1364 5735 1697 5800 συμφοραῖς,
1758 5733 1821 5800 τῇ

212 5826 612 5896 rosuri-ruri?”
635 5829 822 5886 κακῶν
850 5828 1156 5900 περιλύσει,
1177 5829 1270 5883 καὶ
1298 5827 1371 5892 ὡς
1397 5827 1606 5882 οἴκοθεν
1633 5845 1828 5898 κεκτη-

1919 4646 2042 4685 mus
2077 4628 2315 4697 experti;
2357 4627 2684 4697 agnovimus
2719 4627 2917 4696 quippe
2967 4626 3087 4694 ejus
3138 4628 3506 4695 prudentiam.

1920 4721 2420 4784 mansuetudinem,
2485 4717 2936 4784 moderationem,
3008 4719 3324 4784 bonitatem,
3377 4723 3509 4775 alic-

1921 4826 2154 4880 namque
2185 4826 2411 4880 prorsus
2445 4811 2512 4863 ab
2541 4809 2689 4865 omni
2721 4810 3040 4865 crudelitate
3085 4820 3140 4865 et
3174 4811 3505 4880 impudentia

1923 4914 2170 4957 naturam
2206 4921 2221 4955 :
2254 4918 2352 4971 pro
2381 4919 2512 4972 pace
2538 4903 2702 4974 igitur
2733 4903 3129 4958 intercedentes
3152 4904 3501 4971 scripsimus,

1919 5017 1973 5060 et
2006 5008 2144 5060 bona
2178 5007 2334 5060 nobis
2355 5017 2439 5060 est
2467 5022 2592 5075 spes
2621 5021 2741 5059 eum
2797 5021 2920 5061 esse
2972 5004 3292 5061 flectendum
3328 5004 3508 5073 primo

1921 5116 1950 5152 a
1975 5097 2083 5152 Deo
2141 5099 2234 5168 qui
2265 5101 2312 5152 ei
2363 5098 2716 5167 Bulgarorum
2744 5098 3168 5152 dominationem
3215 5094 3504 5156 concessit,

1923 5190 2119 5244 deinde
2175 5193 2392 5259 propria
2455 5189 2669 5242 lenitate
2691 5199 2744 5242 et
2818 5187 3199 5258 benignitate:
3260 5185 3505 5238 ﬂectetur

1922 5281 2086 5334 etiam
2134 5282 2336 5334 nostris
2367 5279 2872 5345 exhortationibus;
2909 5281 3032 5333 talia
3058 5279 3285 5332 fecimus
3335 5287 3386 5330 ct
3413 5276 3507 5330 tali

1926 5390 2020 5442 spe
2053 5372 2379 5437 innitimur;
2416 5371 2580 5425 vestri
2647 5387 2810 5440 porro
2846 5380 2928 5424 est
2979 5367 3504 5436 archiepisCOpatus,

1928 5466 2054 5534 quia
2074 5479 2238 5533 super
2256 5465 2644 5518 communibus
2672 5461 3078 5516 calamitatibus
3109 5459 3326 5527 lugetis,
3359 5476 3507 5513 cont-

1932 5558 2294 5627 nmnibusque
2341 5557 2646 5621 doloribus,
2670 5573 2731 5609 ac
2762 5563 2906 5608 tanta
2958 5552 3225 5605 malorum
3283 5554 3510 5607 inunda-

1935 5649 2100 5709 tione,
2131 5657 2186 5704 et
2214 5650 2342 5720 quia
2370 5651 2528 5719 quasi
2569 5649 2846 5719 proprium
2880 5645 3036 5699 vobis
3071 5655 3155 5700 cst
3179 5645 3308 5699 illud
3345 5663 3508 5714 negt)-

1935 5741 2089 5802 timn,
2149 5758 2322 5794 meam
2378 5743 2637 5810 adjuvare
2675 5738 3020 5808 legationem,
3085 5737 3406 5808 placareque
3461 5745 3514 5788 (ι

1933 5831 2248 5901 srrpplieitcr
2281 5832 2536 5888 dilectum
2573 5841 2815 5885 nostrum
2854 5830 3022 5885 tilium
3059 5843 3308 5886 exorare.
