3996 6208
461 304 530 369 95
1586 301 1895 363 NICOLAI
1937 299 2045 360 ΟΡ.
2088 300 2601 362 ΡΑΤΗΙΑΒΟΙΙίΕ
2677 324 2686 334 δ
3634 290 3704 355 96

462 416 631 486 μένης
686 416 746 470 τὺ
791 417 886 470 τοῦ
944 416 1266 499 πράγματος
1335 415 1690 489 χρεώστημα,
1762 412 2221 468 συνεπιλαϐέσθαι
2272 415 2336 483 τῇ
2403 414 2648 485 ἡμετέρα
2698 410 3488 486 πρεσϐείᾳ,ἐεευμενξσασθαι,
3564 410 3705 464 καθ-

408 564 411 565 ν
462 506 738 562 ικετεῦσαι
774 506 866 562 τὸν
899 510 1250 581 ἠγαπημένον
1274 511 1390 565 υἱὸν
1424 511 1607 580 ήμῶν.

531 600 773 658 Plurima
815 614 944 660 sunt
997 621 1116 676 quae
1168 595 1313 661 tuam
1371 606 1804 661 obsecrationem
1853 603 2123 674 juvareA

464 706 691 765 possunt
730 714 745 751 :
788 698 964 766 primo
1010 698 1227 768 quidem
1277 699 1423 768 quod
1486 698 1637 770 prius
1675 697 1934 759 diximus,
1986 696 2039 750 id

463 796 549 842 est
600 785 803 842 Christi
842 797 897 843 et
939 789 1032 844 Dei
1066 788 1236 845 nostri
1278 789 1685 845 inconsolabilis
1714 787 1869 843 dolor
1895 785 2042 859 quod

464 879 556 947 qui
600 881 917 948 prrcclarum
970 881 1090 950 ejus
1124 897 1321 937 nomen
1352 889 1589 951 portant.
1619 880 1763 952 quod
1793 889 1851 935 ut
1885 877 2042 935 nobis

466 969 694 1024 donaret
740 971 882 1025 sicut
908 972 1027 1027 ovis
1085 972 1153 1028 ad
1192 973 1522 1028 occisionem
1580 972 1777 1028 ductus
1803 973 1950 1036 est’,
1987 971 2042 1025 iu

466 1056 698 1111 invicem
743 1038 977 1113 bellnina
1013 1060 1223 1118 feritate
1250 1059 1567 1125 elierantur,
1607 1069 1793 1116 sancta
1822 1074 2043 1130 quoque

465 1149 665 1217 templa
715 1150 767 1203 in
815 1151 1015 1218 quibus
1068 1152 1230 1207 Deum
1262 1152 1511 1223 implorat
1542 1167 1642 1223 pro
1687 1168 1746 1207 se
1775 1152 1912 1224 ipso,
1945 1167 2043 1221 pro

464 1242 718 1310 conjuge,
757 1259 859 1312 pro
894 1244 1080 1300 liberis
1106 1254 1159 1299 et
1192 1245 1442 1300 universa
1468 1253 1625 1315 gente
1649 1248 1806 1315 cujus
1838 1244 2042 1300 consti-

462 1339 613 1384 tutus
654 1340 738 1386 est
774 1333 1046 1403 princeps,
1096 1349 1311 1388 sacrum
1342 1333 1505 1389 etiam
1537 1343 1587 1389 et
1635 1335 2041 1390 immaculatum

463 1436 661 1491 corpus
692 1433 744 1477 et
766 1424 1010 1495 sanguis,
1031 1441 1149 1494 quae
1182 1426 1518 1480 manducaus
1545 1435 1599 1481 et
1620 1426 1807 1481 bibens
1830 1429 2040 1481 ﬁrmam

464 1527 623 1579 spem
691 1514 853 1568 habet
906 1516 1211 1571 sanctitatis
1256 1519 1372 1572 tieri
1424 1533 1482 1573 se
1538 1518 1853 1589 participem
1888 1535 1901 1584 ;
1933 1519 2043 1574 tuis

461 1605 803 1660 sermonibus
823 1607 892 1661 ob
924 1607 1071 1663 illius
1094 1607 1281 1664 oculos
1309 1624 1480 1680 pone,
1510 1624 1627 1681 quae
1655 1610 1887 1680 propriis
1915 1626 2045 1665 ocu-

460 1694 528 1749 lis
550 1703 606 1750 et
643 1705 769 1752 ante
800 1707 890 1753 tua
930 1699 1071 1754 dicta
1099 1701 1235 1755 vidit
1275 1715 1373 1757 nec
1398 1703 1649 1773 ignorare
1691 1711 1888 1773 potest,
1921 1704 2043 1756 uni-

460 1797 676 1838 versam
717 1801 880 1855 quam
927 1791 1235 1860 peragravit
1269 1799 1467 1846 terram
1508 1791 1733 1847 omnino
1770 1792 2041 1847 desertam

461 1874 580 1930 loco
605 1876 822 1945 pristini
855 1888 1104 1947 ornatus,
1160 1897 1413 1953 agrorum
1460 1883 1827 1939 miserandam
1856 1881 2040 1938 defor-

2224 603 2406 676 Ἔχεις
2451 604 2652 669 πολλὰς
2706 604 2966 676 ἀφορμὰς
3017 600 3387 670 συνεργούσας
3436 597 3574 669 πρὸς
3612 596 3712 668 τὴν

2146 697 2357 750 ἐκείνου
2391 696 2708 766 δυσώπησιν
2729 713 2744 729 ⁸
2782 697 3001 766 πρῶτον
3052 695 3171 765 μὲν,
3200 694 3302 748 ὅσα
3328 693 3357 745 ό
3387 689 3543 760 λόγος
3576 706 3713 760 προ-

2141 774 2323 840 λαϐὼν
2348 784 2494 845 εἷπε.
2528 789 2625 841 τοῦ
2656 785 2898 858 Χριστοῦ
2928 784 3024 840 καὶ
3047 783 3184 838 Θεοῦ
3223 782 3382 854 ήμῶν
3409 780 3470 834 τδ
3496 782 3717 848 ἀπαρα-

2145 878 2385 949 μύθητον
2416 878 2604 948 ἄλγος.
2637 880 2721 948 ἐφ’
2745 875 2827 943 οἷς
2850 880 2901 933 οἱ
2926 880 2988 932 τδ
3011 876 3220 932 ἐκείνου
3242 876 3424 945 τίμιον
3451 872 3716 942 φέροντες

2140 972 2313 1043 ὄνομα
2345 971 2421 1035 ὡς
2454 971 2726 1043 πρόϐατον
2760 972 2854 1024 ἐπὶ
2882 968 3093 1040 σφαγὴν
3125 966 3404 1038 ἀχθέντος,
3437 965 3524 1017 ῐνα
3552 961 3714 1016 τοῦτο

2142 1064 2272 1134 ἡμῖν
2310 1062 2371 1116 τὸ
2402 1063 2571 1133 ὄνομα
2623 1063 2937 1134 χαρίσηται,
2986 1061 3108 1114 κατ’
3137 1058 3382 1127 ἀλλήλων
3410 1053 3713 1127 ἐξεθηριώ-

2143 1154 2334 1223 θησαν,
2365 1156 2489 1217 τοὺς
2546 1154 2726 1224 ἱεροὺς
2769 1154 2929 1215 ναοὺς
2959 1153 3016 1205 ἐν
3047 1147 3127 1215 οἷς
3154 1148 3290 1219 πρὸς
3332 1146 3568 1212 ἔντευξιν
3600 1149 3716 1200 εἱσ-

2141 1247 2360 1317 έρχεται
2419 1244 2511 1297 τοῦ
2562 1243 2698 1297 θεοῦ
2739 1242 2879 1314 ὑπὲρ
2911 1242 3105 1295 ἐαυτοῦ
3127 1281 3141 1306 ,
3170 1240 3315 1311 ὑπὲρ
3348 1239 3573 1303 παίδων,
3612 1236 3717 1289 καὶ

2141 1338 2266 1391 ὅλου
2315 1336 2459 1406 φημὶ
2511 1336 2605 1389 τοῦ
2660 1334 2869 1401 ἔθνους,
2922 1326 2984 1388 οὗ
3032 1333 3316 1398 δεσπόζειν
3358 1331 3618 1396 κατέστη,
3649 1330 3715 1382 τὸ

2142 1428 2296 1495 ἇγιον
2326 1429 2420 1481 καὶ
2469 1428 2844 1497 πανάχραντον
2892 1426 3054 1495 σῶμα
3098 1425 3191 1479 καὶ
3225 1422 3387 1492 αἷμα,
3413 1416 3489 1477 ὧν
3514 1421 3715 1476 ἐσθίων

2144 1517 2239 1571 καὶ
2270 1517 2445 1570 πίνων
2486 1517 2848 1579 ἀδιστάκτους
2892 1516 3114 1580 ἐλπίδας
3156 1514 3271 1584 ἔχει
3299 1510 3577 1581 ἀγιασμοῦ
3610 1510 3713 1579 μέ-

2144 1626 2297 1679 τοχος
2327 1608 2591 1676 γίνεσθαι.
2631 1609 2993 1679 Παράστησον
3042 1605 3190 1677 αὐτῷ
3219 1605 3308 1659 διὰ
3348 1603 3459 1657 τῶν
3482 1602 3593 1655 σῶν
3620 1602 3717 1655 λόο

2142 1718 2257 1769 γων
2284 1704 2341 1755 ἐν
2394 1699 2695 1770 ὀφθαλμοῖς
2742 1700 2841 1752 ὅσα
2890 1700 3095 1762 ἐκεῖνος
3140 1696 3370 1758 οἰκείαις
3412 1694 3571 1764 ὄψεσι
3616 1696 3717 1746 καὶ

2142 1794 2249 1864 πρὸ
2279 1792 2386 1846 τῶν
2419 1792 2527 1845 σῶν
2554 1792 2733 1859 λόγων
2767 1789 3096 1861 τεθεαμένος
3122 1790 3222 1842 οὐκ
3255 1788 3457 1856 ἀγνοεῖ,
3490 1786 3585 1855 τῆς
3608 1784 3716 1853 γῆς

2142 1885 2274 1955 ὅσην
2330 1884 2515 1954 διῆλθε
2555 1884 2656 1954 τὴν
2683 1881 2918 1953 ἐρημίαν
2961 1882 3061 1950 τὴν
3114 1881 3236 1934 ἀντὶ
3281 1878 3381 1948 τῆς
3429 1876 3715 1947 ὁρωμένης

463 1967 707 2022 mitatem
740 1969 810 2025 ob
859 1981 1065 2041 segetes
1099 1973 1398 2043 vineasque
1427 1985 1479 2029 et
1505 1975 1761 2043 arbores;
1795 1990 2036 2031 comme-

2143 1979 2272 2048 ἀχρι
2302 1976 2396 2031 τοῦ
2437 1976 2531 2031 νῦν
2587 1975 2946 2046 ὡραιότητος,
2974 1974 3083 2028 τῶν
3132 1972 3325 2045 χωρῶν
3363 1972 3461 2042 ὅση
3514 1970 3578 2023 ὲκ
3602 1971 3717 2021 τῶν

461 2073 613 2112 mora
635 2075 917 2116 sacrarum
939 2062 1048 2123 Deo
1079 2066 1275 2120 aedium
1294 2067 1653 2128 eversionem.
1680 2083 1816 2139 quas
1829 2069 2042 2138 piorum

464 2159 663 2205 nianus
696 2152 747 2204 in
772 2151 864 2207 Dei
903 2153 1128 2221 gloriam
1176 2164 1326 2211 tanto
1358 2156 1545 2212 labore
1595 2157 2041 2225 aediﬁcaverunt;

2148 2071 2415 2142 σταχύων,
2451 2071 2552 2140 ὅση
2585 2068 2643 2136 ἐξ
2673 2066 2957 2137 ἀμπέλων,
2988 2068 3086 2136 ὅση
3118 2065 3183 2119 ὲκ
3207 2064 3316 2118 τῶν
3346 2064 3522 2118 ἄλλων
3545 2062 3717 2132 ἀκρο-

2141 2165 2321 2231 δρύων
2370 2162 2608 2231 ἐλεεινὴν
2661 2160 2961 2229 ἀμορφίαν.
3016 2157 3352 2227 Ἀνάμνησον
3403 2154 3566 2208 αὐτὸν
3614 2154 3716 2224 τῆς

463 2238 600 2295 adde
652 2243 813 2297 etiam
860 2247 1071 2301 ruinam
1128 2248 1519 2304 venerabilium
1560 2249 2039 2316 monasteriorum,

2144 2254 2531 2323 καταστροφῆς
2560 2253 2668 2306 τῶν
2700 2252 2869 2321 ἁγίων
2909 2251 3003 2305 τοῦ
3047 2249 3183 2303 Θεοῦ
3216 2251 3403 2312 οἴκων,
3434 2245 3528 2311 οὓς
3558 2248 3717 2300 εύσε-

462 2330 517 2383 in
548 2332 747 2400 quibus
781 2338 1057 2403 monachi,
1091 2339 1146 2394 in
1175 2340 1375 2409 quibus
1405 2342 1645 2411 virgines
1668 2341 1901 2409 hymnos
1930 2339 2039 2395 Deo

2142 2345 2255 2397 ϐῶν
2286 2347 2469 2414 χεῖρες
2514 2344 2592 2407 είς
2626 2343 2783 2408 δόξαν
2831 2343 2965 2396 Θεοῦ
3014 2340 3152 2410 μετὰ
3190 2339 3400 2393 πολλῶν
3448 2339 3715 2407 καμάτων

462 2422 583 2477 sine
615 2425 1021 2486 intermissione
1044 2432 1333 2500 canebant,
1368 2449 1597 2504 qumque
1637 2433 2036 2503 nuncjacentia

2143 2435 2459 2507 ἀνήγειραν.
2490 2435 2730 2504 Πρόσθες
2751 2436 2852 2504 τὴν
2887 2432 3165 2487 ἀπώλειαν
3195 2431 3301 2484 τῶν
3328 2429 3542 2500 σεμνῶν
3574 2429 3714 2483 διαι-

461 2513 860 2585 relinquuntur.
894 2519 1045 2576 Adde
1075 2537 1293 2592 quoque
1318 2525 1565 2580 diversas
1599 2526 1876 2580 hominum
1924 2540 2031 2579 cae-

2138 2527 2419 2597 τημάτων,
2461 2526 2518 2578 ἐν
2568 2518 2649 2588 οἷς
2693 2523 3041 2596 μονάζοντες,
3089 2525 3147 2576 ἐν
3185 2515 3264 2585 οἷς
3317 2519 3576 2591 παρθένοι
3624 2519 3711 2572 διὰ

458 2606 573 2670 des,
608 2608 770 2676 proh!
799 2611 964 2666 nimia
995 2614 1257 2669 daemonis
1282 2616 1493 2672 scelesti
1518 2616 1598 2671 vis
1630 2616 1825 2671 misera
1859 2618 1872 2669 ί
1907 2632 2032 2672 san-

2140 2620 2336 2681 παντὸς
2363 2616 2565 2687 ὕμνους
2586 2618 2899 2686 ἀνέπεμπον
2933 2615 3010 2681 τῷ
3043 2614 3183 2684 Θεῷ,
3207 2614 3301 2666 καὶ
3331 2612 3424 2666 νῦν
3465 2613 3522 2664 ἐν
3551 2611 3699 2680 ἐρει-

460 2707 672 2753 ctorum
706 2704 1409 2778 mouachorum,virginum
1439 2709 1838 2779 mulierumque
1867 2711 2033 2763 cada-

2138 2712 2286 2774 πίοις
2314 2711 2595 2763 λέλειπται
2642 2709 3021 2779 κατακείμενα
3042 2723 3057 2740 ο
3092 2705 3330 2777 πρόσθες
3362 2705 3455 2758 ἐπὶ
3497 2704 3707 2763 τούτοις

454 2802 582 2843 vera
610 2791 857 2860 dispersa
888 2804 1052 2865 atque
1082 2798 1373 2868 insepulta,
1395 2801 1732 2870 canibusque
1763 2810 1818 2855 et
1842 2800 2034 2855 bestiis

2138 2804 2236 2863 τὰς
2269 2801 2642 2872 πολυτρόπους
2675 2801 2785 2854 τῶν
2830 2801 3134 2871 ἀνθρώπων
3159 2799 3396 2867 σφαγὰς,
3434 2798 3578 2865 οἴμοι
3608 2795 3709 2861 τῆς

454 2883 693 2950 ρι-ωιιειη
734 2887 967 2955 objecta.

2138 2894 2405 2966 τοσαύτης
2429 2892 2522 2947 τοῦ
2553 2893 2795 2963 πονηροῦ
2828 2893 3080 2963 δαίμονος
3117 2892 3321 2962 ἰσχύος,
3355 2891 3461 2943 τῶν
3492 2887 3707 2960 ἱερέων,

453 2977 564 3032 τῶν
614 2982 961 3050 μοναζόντων
1009 2986 1241 3057 ἀνδρῶν,
1302 2988 1576 3056 γυναικῶν
1623 2991 1890 3063 ἐῤῥιμένα
1962 2990 2215 3063 σώματα,
2263 2992 2357 3045 καὶ
2436 2989 2560 3064 μηδ’
2600 2990 2730 3043 αὐτὸ
2793 2990 2953 3043 τοῦτο
2993 2988 3174 3058 ταφῆς
3212 2985 3511 3057 ἠξιωμένα,
3571 2980 3711 3036 ἀλλά

456 3072 584 3125 κυσὶ
615 3076 707 3128 καὶ
736 3076 949 3146 θηρίοις
973 3079 1053 3141 είς
1084 3078 1290 3151 βρῶσιν
1322 3083 1746 3154 προτεθειμένα.

525 3165 662 3229 Quid
693 3178 874 3223 autem
897 3185 959 3224 ea
979 3171 1141 3226 dico?
1175 3172 1607 3244 Magnamhabes
1638 3175 2032 3232 etiueﬂ‘abilem

2216 3174 2325 3228 Καὶ
2364 3174 2417 3227 τί
2438 3173 2583 3243 λέγω
2609 3173 2817 3237 ταῦτας
2852 3174 3036 3243 Ἔχεις
3063 3129 3264 3241 πολλὴν
3305 3169 3398 3222 καὶ
3430 3165 3708 3237 ἀμύθητον

454 3258 733 3326 copiamin
759 3260 850 3315 illa
882 3278 988 3317 non
1021 3265 1202 3319 audita
1232 3268 1493 3335 tragazdia
1527 3277 1579 3322 ct
1609 3269 1948 3338 potissimum
1980 3270 2033 3324 in

2139 3268 2203 3317 ἐκ
2242 3266 2337 3335 τῆς
2368 3267 2723 3337 ἀνιστορήτου
2746 3264 2949 3335 ταύτης
2972 3262 3277 3334 τραγῳδίας
3298 3264 3396 3333 τὴν
3421 3259 3707 3329 εὐπορίαν,

456 3354 875 3409 mansuetudine
907 3366 961 3410 et
996 3356 1386 3424 perfectissima
1419 3359 1563 3414 illius
1593 3375 1751 3430 quem
1775 3362 2030 3417 obsecra-

455 3439 537 3496 bis
560 3444 863 3512 prudentia,
904 3449 1046 3502 unde
1074 3448 1737 3529 atljnveturintercessio:
1769 3455 1861 3510 sed
1886 3456 2027 3509 cnim

453 3533 590 3587 meis
635 3535 853 3606 tuisque
880 3539 1043 3593 simul
1081 3540 1267 3595 dolore
1304 3552 1358 3595 et
1382 3558 1481 3611 pro
1528 3545 1806 3600 communi
1855 3546 2031 3603 salute

450 3630 505 3676 et
526 3638 659 3691 pace
682 3636 964 3693 permotus
997 3629 1173 3683 debita
1208 3631 1598 3698 sollicitudine,
1622 3649 1683 3689 ea
1717 3636 1879 3691 etiam
1907 3652 2029 3706 qua:

452 3712 519 3765 ad
551 3729 673 3767 cum
730 3717 1001 3784 pertinent
1030 3720 1342 3777 demonstra
1394 3743 1406 3778 :
1453 3733 1702 3779 nostrum
1735 3741 1897 3795 porro
1932 3743 2028 3798 pro

451 3806 611 3862 nobis
645 3808 878 3865 ollicium
931 3827 996 3867 eo
1048 3814 1211 3869 modo
1243 3814 1406 3884 imple
1455 3832 1565 3885 quo
1604 3819 1921 3888 nosmetipsi
1981 3821 2024 3874 si

2135 3360 2231 3410 καὶ
2256 3359 2348 3411 ἐπὶ
2381 3361 2516 3411 πᾶσι
2549 3361 2649 3429 τὴν
2678 3357 2771 3411 τοῦ
2804 3356 3200 3425 δυσωπημένου
3244 3353 3580 3425 ἡμερότητα,
3613 3353 3709 3402 καὶ

2132 3450 2233 3519 τὴν
2267 3450 2612 3520 τελειοτάτην
2646 3449 2909 3521 φρόνησιν
2939 3450 3018 3511 είς
3047 3447 3107 3501 τδ
3142 3442 3707 3515 συγκαταπράξασθαι

2132 3545 2233 3615 τὴν
2276 3543 2611 3615 πρεσϐείανο
2662 3543 2798 3599 ἀλλά
2843 3544 2951 3615 γὰρ
2991 3541 3309 3611 κινούμενος
3360 3542 3480 3602 ταῖς
3510 3536 3706 3600 κοινῶς

2132 3637 2234 3706 ἐμέ
2264 3616 2447 3689 τεκαὶ
2483 3636 2543 3688 σὲ
2574 3636 2962 3707 ἀπαραιτήτως
2988 3634 3340 3703 συνεχούσαις
3366 3630 3580 3691 ὀδύναις
3609 3630 3707 3681 καὶ

2130 3730 2251 3790 ταῖς
2295 3727 2549 3797 ἐχούσαις
2576 3728 2726 3796 ἡμᾶς
2767 3726 3052 3795 ὀφειλέτας
3099 3726 3392 3795 μερίμναις
3428 3721 3569 3792 ὑπὲρ
3603 3720 3709 3789 τῆς

2132 3821 2318 3889 κοινῆς
2354 3819 2629 3888 σωτηρίας
2673 3817 2764 3871 καὶ
2796 3817 3039 3888 είρήνης,
3077 3816 3342 3881 ἐπίδειξαι
3384 3815 3480 3885 μὲν
3511 3814 3606 3865 καὶ
3635 3815 3706 3865 τὰ

342 4508 353 4518 ,
446 4448 973 4523 inimicitiarumque
996 4456 1160 4521 mala,
1202 4458 1434 4525 pellatur
1458 4457 1707 4511 diabolus
1736 4460 1829 4529 qui
1863 4474 2017 4513 com-

450 3896 768 3956 adessemus
804 3919 819 3956 :
850 3917 1044 3959 manus
1079 3904 1225 3961 illius
1264 3906 1645 3978 complectere,
1673 3924 1870 3981 ~genua
1903 3927 2028 3981 pre-

2138 3910 2264 3980 παρ’
2300 3908 2495 3963 ἐαυτοῦ
2523 3924 2536 3938 ⁸
2576 3908 2866 3979 πλήρωσον
2898 3907 2954 3960 δέ
2988 3906 3082 3960 καὶ
3112 3905 3227 3958 ἀνθ’
3266 3904 3421 3973 ἡμῶν
3456 3903 3525 3956 τά
3558 3902 3703 3973 ἡμέ-

451 3987 649 4056 bende,
682 4000 755 4058 et,
789 3993 835 4047 si
870 4008 1008 4064 opus
1039 4005 1142 4063 est,
1172 3997 1338 4053 etiam
1370 4000 1553 4068 pedes,
1580 4014 1688 4056 uno
1717 4002 1905 4068 verbo,
1941 4003 2028 4057 ni-

2138 4019 2265 4074 τερα
2290 4002 2386 4055 ὅσα
2412 4003 2459 4054 εί
2487 4001 2753 4071 παρόντες
2775 4000 2840 4053 ἂν
2865 3999 3020 4052 αὐτοὶ
3044 3995 3452 4067 διεπραξάμεθα
3472 4011 3487 4025 °
3514 4000 3703 4066 χεῖρας

449 4081 525 4136 hil
560 4091 653 4137 aut
690 4083 893 4150 dicere,
952 4096 1046 4142 aut
1080 4087 1256 4143 facere
1307 4091 1548 4157 omittas,
1589 4096 1889 4165 usquedum
1954 4095 2020 4149 ad

2138 4094 2487 4164 περίπτυξαι,
2521 4092 2689 4145 λαϐοῦ
2730 4093 2992 4160 γονάτων,
3030 4092 3080 4143 εί
3119 4092 3298 4161 δεήσει
3323 4088 3558 4142 καὶτῶν
3599 4104 3704 4140 πο-

450 4174 604 4243 pacis
669 4176 873 4232 bonum
950 4193 1185 4251 superna
1253 4185 1671 4239 mansuetudine
1730 4187 2023 4242 inclinetur

2138 4187 2254 4250 Βῶν,
2284 4190 2379 4239 καὶ
2419 4185 2607 4248 ἁπλῶς
2662 4184 2842 4252 λόγοις
2888 4184 2982 4237 καὶ
3026 4184 3318 4253 πράγμασι
3358 4181 3432 4252 μὴ
3482 4181 3697 4250 ἀπόσχῃ

450 4264 625 4321 dulcis
666 4267 758 4322 lilii
787 4269 957 4325 nostri
989 4271 1229 4335 animus,
1278 4273 1490 4345 virique
1529 4275 1596 4329 ab
1635 4291 1700 4331 eo
1742 4277 2023 4331 mittantur

2138 4280 2306 4331 πάντα
2351 4278 2539 4343 ταῶν,
2577 4278 2681 4341 ἕως
2715 4277 2779 4329 ἂν
2809 4278 2875 4346 τῇ
2917 4276 3125 4330 ἀνωθεν
3174 4274 3431 4345 εὐμενείᾳ
3461 4273 3596 4344 πρὸς
3634 4271 3698 4324 τὸ

448 4371 544 4426 per
570 4374 708 4428 quos
738 4373 1070 4418 renoventur
1092 4366 1243 4434 pacis
1271 4364 1499 4430 fcedera,
1533 4377 1860 4422 evanescant
1896 4368 2021 4423 belli

2138 4370 2222 4439 τῆς
2250 4372 2474 4440 εἰρήνης
2524 4368 2688 4422 καλὸν
2728 4371 2761 4440 ή
2798 4370 3025 4437 γλυκεῖα
3057 4367 3150 4421 τοῦ
3193 4368 3464 4436 ἡμετέρου
3499 4366 3694 4417 τέκνου

2129 4461 2359 4533 συνέλθῃ
2390 4460 2559 4532 ψυχὴ,
2588 4460 2686 4513 καὶ
2716 4459 2992 4529 ἄνθρωποι
3035 4461 3162 4529 παρ’
3189 4457 3354 4510 αὑτοῦ
3392 4454 3697 4520 ἐξαποστα-

445 4544 704 4598 munibus
736 4543 1103 4601 Romanorum
1135 4548 1600 4618 Bulgarorumque
1626 4549 1781 4603 malis
1802 4552 2016 4621 gaudet,

2138 4551 2279 4615 ίῶσι,
2317 4550 2385 4602 δι’
2415 4545 2488 4604 ὧν
2527 4548 3053 4618 ἀνακαινισθήσεται
3082 4548 3272 4618 μὲντά
3308 4545 3408 4616 τῆς
3447 4545 3692 4613 εἰρήνης,

443 4631 672 4687 redeant
725 4634 892 4691 libere
922 4638 1250 4695 venerabilis
1302 4640 1518 4696 dilectio
1550 4640 1916 4710 praeclaraque
1949 4643 2015 4697 il-

2138 4642 2604 4713 ιαταργηθήσεται
2631 4640 2688 4693 δὲ
2716 4640 2785 4692 τά
2806 4638 2913 4692 τῶν
2936 4638 3189 4709 πολέμων
3222 4637 3317 4692 καλ⁵
3342 4636 3439 4705 τῆς
3472 4634 3692 4704 ἔχθρας,

446 4724 551 4779 lius
589 4726 728 4780 bona
756 4741 852 4797 per
868 4744 990 4799 quae
1013 4729 1193 4786 laetitia
1224 4732 1601 4801 bonorumque
1630 4732 1782 4800 copia
1806 4733 2020 4802 utrique

2138 4732 2528 4801 ἱπελαοήσεται
2558 4732 2615 4784 δέ
2655 4733 2747 4785 καὶ
2772 4731 3017 4793 διάὗολος
3045 4734 3071 4783 ὁ
3102 4732 3223 4792 ταῖς
3253 4731 3458 4791 κοιναῖς
3484 4743 3698 4795 συμφο-

446 4816 644 4887 popqu
676 4817 941 4881 accedent
987 4836 1051 4876 ac
1082 4821 1587 4880 crudelissimorum
1625 4838 1819 4878 sensus
1853 4824 2020 4879 malo-

2138 4828 2245 4887 :ai’;
2276 4824 2602 4895 Βουλγὰρων
2637 4823 2734 4875 κα)⁵
2778 4823 3066 4893 Ῥωμαίων
3090 4820 3516 4892 ἐπορχούμενος,
3552 4819 3693 4888 παρ-

445 4922 591 4973 rum,
620 4909 801 4966 vultus
828 4912 1093 4969 demissio
1121 4916 1301 4987 ﬁatque
1347 4914 1611 4971 mwstitia
1642 4930 1673 4970 e
1707 4915 1886 4971 medio
1920 4917 2023 4971 tol-

2138 4918 2445 4987 Εησιάσεται
2484 4917 2539 4970 δέ
2598 4917 2759 4971 πάλιν
2798 4918 2830 4986 ή
2879 4916 3185 4987 τιμιωτάτη
3245 4916 3457 4985 ἀγάπη,
3496 4913 3588 4966 καὶ
3621 4911 3692 4965 τὰ

444 4998 646 5058 lentur.
2119 5011 2340 5079 ἐκείνης
2367 5010 2525 5080 τίμια
2558 5011 2883 5079 πράγματα,
2915 5010 2973 5076 ἐξ
3005 5008 3080 5064 ὧν
3111 5008 3418 5079 εὐφροσύνη
3454 5007 3549 5060 κα)⁸
3580 5004 3691 5059 τῶν

445 5090 629 5145 καλῶν
665 5092 967 5157 ἀπόλαυσις
1013 5095 1345 5168 ἀμφοτέροις
1387 5100 1500 5162 τοῖς
1528 5098 1678 5162 λαοῖς
1738 5101 2198 5171 προσγενήσεται,
2231 5102 2340 5154 τῶν
2409 5100 2811 5172 χαλεπωτάτων
2866 5100 2924 5154 δέ
2990 5102 3330 5171 πραγμάτων
3353 5101 3387 5172 ἠ
3410 5100 3572 5169 πεῖρα
3595 5099 3691 5151 καὶ

446 5185 479 5254 ἡ
510 5187 783 5259 κατήφεια
808 5189 903 5240 καὶ
926 5189 961 5258 ή
993 5191 1390 5263 σκυθρωπότης
1416 5192 1522 5246 τῶν
1541 5191 1848 5263 προσώπων
1867 5194 2317 5265 ἀφανισθήσεται.

2049 4595 2091 4649 D

662 5321 802 5379 XIII.
826 5322 907 5377 Ad
935 5327 1163 5395 primum
1199 5325 1458 5381 Simeonis
1487 5328 1771 5384 hominem.

512 5448 864 5512 Maximarum
907 5461 1265 5530 potentiarum
1296 5461 1533 5518 ministri
1563 5463 1815 5517 maximis
1837 5463 2004 5518 virtu-

440 5544 583 5599 tibus
610 5556 663 5599 ct
693 5550 897 5607 meritis
933 5564 1216 5623 ornantur,
1269 5555 1338 5611 lili
1373 5556 1466 5620 mi,
1501 5569 1672 5626 eoque
1705 5556 1875 5625 magis
1898 5571 2005 5626 quo

514 5725 535 5757 ’
570 5724 675 5779 lea.
706 5739 820 5789 LIII,
856 5724 906 5777 7.

2295 5327 2392 5384 II".
2431 5329 2517 5394 Τῷ
2546 5332 2753 5400 πρώτῳ
2789 5332 3075 5402 ἀνθρώπῳ
3116 5331 3222 5388 τοῦ
3248 5330 3512 5403 Συμεών.

2188 5465 2310 5518 Τῶν
2365 5468 2616 5536 μεγαλων
2670 5469 2930 5536 ἐξουσιῶν
2980 5470 3029 5521 οἱ
3079 5468 3348 5540 ὑπηρέται
3397 5465 3683 5539 μεγίσταις

2115 5558 2361 5626 ἀρεταῖς,
2402 5558 2589 5641 τέκνον
2638 5561 2815 5631 ήμῶν,
2875 5559 3205 5629 κοσμοῦνται
3254 5560 3373 5613 και
3403 5555 3683 5629 κατορθώ-
