3996 6208
224 302 284 364 9‘!
1342 271 1351 285 “
1653 296 1773 356 EPI

1878 294 2061 355 ΟΙΑΕ.
3094 347 3097 350 .
3390 287 3459 350 98

227 424 373 476 μασι,
403 407 497 460 καὶ
528 407 769 478 τοσούτῳ
802 409 1023 478 μᾶλλον,
1048 409 1174 461 ὅσον
1207 409 1300 460 καὶ
1331 408 1650 476 οἰκειότεροι
1686 407 1773 460 δν-

1881 405 2002 472 pltts
2034 404 2098 457 ad
2131 419 2222 458 cas
2255 403 2731 473 appropinquant;
2764 412 2813 458 te
2835 401 3100 472 ejusmodi
3132 414 3253 455 esse
3284 400 3458 454 scicn-

225 514 306 561 τες
327 497 706 568 γνωρίζονται.
736 500 995 553 Τοιοῦτόν
1024 518 1083 552 σε
1115 502 1245 553 ὄντα
1280 501 1658 568 ἐπιστάμενοι,
1689 500 1784 552 καὶ

231 592 371 646 τοῦτο
404 591 855 661 συνεπιστάμεθα
892 594 976 645 ὅτι
1023 593 1117 646 καὶ
1149 593 1318 663 χωρὶς
1348 591 1456 645 τῶν
1497 593 1784 662 ἡμετέρων

223 684 390 750 λόγων
440 686 627 736 ἐκεῖνα
674 683 883 754 διανοῇ,
926 685 1028 738 ὅσα
1068 685 1145 752 τῷ
1180 682 1399 753 μεγέθει
1444 683 1644 753 πρέπει
1683 682 1784 751 τῆς

225 776 314 843 τῆς
338 775 560 845 ἀρετῆς.
607 775 762 828 Ἐπεὶ
809 771 901 828 οὖν
930 775 1102 838 οὕτως
1139 774 1337 846 ἔχομεν
1380 776 1510 844 περὶ
1557 773 1672 838 σοῦ,
1705 775 1784 838 είς

218 867 306 938 τὴν
343 867 628 936 παροῦσαν
665 866 922 920 ὑπόθεσιν
960 866 1054 920 τοῦ
1090 870 1419 938 γράμματος
1449 867 1783 936 ἐκινήθημεν

199 959 459 1036 ,μεγάλην
488 975 548 1010 τε
583 958 770 1022 οὖσαν,
797 960 891 1010 καὶ
926 958 1012 1010 διὰ
1041 959 1140 1028 τῆς
1173 963 1272 1026 σῆς
1311 959 1624 1029 φρονήσεως
1653 974 1783 1010 κατ-

198 1037 520 1117 δνρθωθῆναι
569 1049 914 1118 ὀφείλουσαν.
970 1050 1130 1102 ¹Ἐστι
1203 1049 1259 1102 δὲ
1313 1048 1453 1116 αῦτη
1500 1046 1631 1118 περὶ
1681 1047 1784 1116 τῆς

217 1140 458 1210 εἰρήνης,
504 1141 572 1209 ἣν
605 1141 807 1193 ἔδωκεν
861 1142 992 1211 ἡμῖν
1035 1143 1271 1212 Χριστὸς
1320 1143 1349 1194 ό
1403 1141 1536 1204 Θεὸς
1598 1141 1778 1210 ἡμῶν,

217 1232 335 1300 περὶ
386 1230 482 1283 τοῦ
536 1231 742 1284 παῦσαι
771 1231 871 1294 τὰς
916 1234 1133 1301 σφαγὰς
1178 1234 1270 1287 καὶ
1317 1234 1419 1297 τὰς
1455 1233 1640 1304 χύσεις
1673 1233 1780 1286 τῶν

215 1323 460 1390 αἱμάτων
488 1324 584 1376 καὶ
617 1324 717 1393 τῆς
750 1326 916 1394 ἄλλης
954 1325 1276 1392 κακώσεως,
1318 1326 1419 1395 ὅση
1443 1326 1504 1378 ὲκ
1537 1326 1648 1378 τῶν
1679 1343 1780 1378 πο-

213 1413 387 1481 λέμων
419 1416 787 1486 γνωρίζεται·
811 1409 885 1469 ὧν
911 1417 1063 1470 οὐδὲν
1097 1417 1306 1486 μεῖζον,
1340 1417 1462 1470 οὐδὲ
1497 1417 1780 1486 φρονίμων

212 1504 512 1574 ἀνθρώπων
544 1507 638 1559 καὶ
675 1495 931 1576 μέγιστον
969 1507 1131 1572 κλέος
1160 1509 1395 1578 ἐχόντων
1428 1509 1591 1579 ἔργον
1631 1509 1778 1562 ἐστὶν

212 1594 334 1647 ίδεῖν
382 1596 735 1668 οἰκειότερον.
791 1597 930 1666 Περὶ
966 1599 1154 1650 τούτου
1205 1598 1528 1669 ἐγράψαμεν
1564 1601 1655 1653 καὶ
1700 1600 1777 1669 τῷ

210 1680 552 1751 μεγαλοδόξῳ
595 1683 691 1735 καὶ
747 1684 1118 1756 πεποθημένῳ
1163 1687 1318 1756 ἡμῶν
1365 1687 1489 1758 υἱῷ,
1545 1690 1639 1742 καὶ
1677 1689 1777 1742 οὐκ

205 1772 528 1841 ἀγνοοῦμεν,
562 1773 637 1836 ῶς
670 1776 702 1843 ἠ
746 1776 958 1830 ἐκείνου
993 1777 1296 1845 φιλάγαθος
1326 1778 1473 1850 ψυχὴ
1507 1781 1538 1850 ἡ
1574 1783 1775 1850 πραεῖα

207 1864 292 1915 καὶ
323 1865 560 1933 ἥμερος,
608 1869 656 1919 εί
693 1869 875 1921 καὶτὸ
911 1869 1114 1941 πλῆθος
1150 1872 1258 1922 τῶν
1304 1871 1454 1940 ἐμῶν
1489 1872 1777 1943 ἁμαρτιῶν

202 1956 369 2026 ταύτῃ
433 1958 659 2028 πικρίας
717 1960 942 2030 ἐνέθηκε
997 1962 1313 2032 σπέρματα,
1365 1964 1622 2033 προσέξει
1666 1967 1777 2029 τοῖς

202 2046 495 2117 ἡμετέροις
530 2049 712 2117 λόγοις
749 2049 1016 2121 εὐμενῶς.
1057 2053 1250 2122 Ὅμως
1287 2053 1380 2106 καὶ
1421 2053 1480 2106 σὲ
1519 2054 1777 2122 κινοῦμεν

199 2137 285 2188 διὰ
317 2139 416 2189 τοῦ
455 2141 787 2210 γράμματος
836 2143 1294 2197 συνεπιλαϐέσθαι
1341 2146 1434 2198 καὶ
1479 2145 1554 2208 ὡς
1588 2146 1777 2200 εὔνουν

199 2228 361 2312 αύτοῦ
417 2232 514 2284 καὶ
564 2234 766 2288 οἰκεῖον
806 2235 1113 2307 θεράποντα
1161 2237 1259 2308 τὴν
1307 2238 1476 2298 ὅντως
1532 2240 1776 2310 μεγάλης

194 2319 352 2391 δόξης
375 2324 529 2393 αύτῷ
564 2326 826 2395 πρόξενον
876 2329 1179 2400 ὑπουργίαν
1235 2329 1769 2401 ἐξυπηρετήσασθαι.

207 2410 292 2464 Ἐν
320 2414 538 2477 πολλοῖς
568 2417 666 2486 μὲν
705 2417 812 2486 γὰρ
855 2418 1060 2486 ἄλλοις,
1097 2421 1171 2482 ὡς
1205 2420 1441 2490 καθαρὸν
1478 2422 1668 2484 σώζων
1708 2422 1770 2476 τὸ

196 2505 417 2575 φίλτρον
450 2508 587 2576 πρὸς
617 2509 803 2576 αὑτὸν,
833 2512 908 2573 ὡς
951 2513 1050 2579 τῆς
1085 2511 1249 2563 αὐτοῦ
1283 2513 1568 2581 ἐνριέμενος
1603 2515 1769 2582 τιμῆς

195 2612 251 2648 τε
305 2600 396 2650 καὶ
446 2599 606 2667 δόξης
668 2601 1124 2670 ὲξυπηρετεῖσθαι
1173 2602 1349 2671 τούτῳ
1402 2604 1765 2670 σπουδάζεις,

1888 504 1988 558 ιοε,
2022 497 2074 549 id
2123 511 2335 564 quoque
2370 495 2595 562 scimus,
2636 504 2685 549 te
2745 493 2994 549 videlicet
3049 500 3175 545 ante
3241 500 3456 545 nostras

1885 586 2094 642 litteras
2123 602 2184 641 ea
2206 587 2409 647 sentire
2442 602 2562 656 qua:
2591 595 2694 639 tua:
2730 584 2945 638 virtutis
2976 581 3174 637 decent
3202 588 3462 649 prazstau-

1886 681 2049 746 tiam;
2084 695 2146 735 ea
2174 680 2238 733 de
2264 690 2313 734 te
2335 683 2632 735 sentientes
2669 680 2916 733 venimus
2949 676 3014 731 ad
3051 689 3292 744 praesens
3323 673 3460 727 scri-

1883 772 1958 842 pti
1994 771 2164 827 nostri
2194 772 2468 841 objectum
2515 771 2659 840 quod
2700 770 2916 841 quidem
2946 769 3246 822 maximum
3275 774 3359 821 est
3408 773 3462 818 et

1883 871 1971 916 tua
2002 862 2288 930 prudentia
2322 863 2526 932 indiget
2564 879 2579 916 :
2615 863 2682 917 de
2711 875 2840 930 pace
2874 874 2960 915 res
2991 867 3093 933 est,
3118 873 3280 928 quam
3302 853 3462 910 nobis

1880 954 2105 1008 donavit
2130 953 2380 1009 Christus
2437 955 2576 1008 Deus
2609 963 2818 1017 noster,
2875 953 2940 1007 dc
2972 951 3078 1005 ﬁne
3106 964 3322 1019 quoque
3355 963 3460 1000 cte-

1881 1045 2053 1107 dium,
2099 1046 2377 1114 sanguinis
2403 1045 2686 1100 effusionis
2725 1053 3160 1111 cteterarumque
3183 1040 3464 1095 Calamita-

1882 1145 2051 1191 tatum
2077 1152 2213 1207 quas
2235 1155 2300 1192 ex
2333 1138 2640 1192 bellonasci
2665 1146 2851 1191 notum
2871 1146 2951 1191 est
2977 1153 2990 1190 :
3025 1149 3133 1204 quo
3157 1135 3335 1202 majus
3353 1144 3459 1183 non

1881 1240 1963 1284 est
2002 1245 2142 1298 Opus
2174 1246 2272 1286 nec
2313 1231 2528 1300 dignius
2563 1229 3000 1286 consideratione
3035 1227 3275 1281 virorum
3327 1237 3458 1292 pru-

1880 1319 2126 1372 dentium
2183 1331 2237 1374 et
2289 1301 2783 1374 illttstt'issimorum
2817 1335 2830 1373 :
2861 1319 2929 1373 de
2979 1332 3088 1387 quo
3139 1314 3457 1384 scripsimus

1875 1412 1986 1480 jam
2022 1411 2088 1465 ad
2123 1413 2419 1482 gloriosum
2464 1423 2626 1482 atque
2680 1411 3096 1467 desiderabilem
3143 1407 3312 1461 lilium
3355 1419 3457 1458 no-

1880 1516 2074 1567 strum,
2103 1523 2202 1561 nec
2239 1506 2595 1575 desperamus
2636 1505 2766 1574 quin
2793 1504 2940 1558 illius
2972 1503 3205 1568 optima,
3231 1497 3372 1552 lenis
3403 1503 3458 1550 et

1881 1606 2166 1651 mansueta
2203 1611 2374 1661 mens,
2417 1597 2540 1651 licet
2577 1605 2920 1664 peccatorum
2975 1599 3286 1646 nostrorum
3317 1585 3454 1640 mul:

1881 1691 2056 1745 titudo
2079 1690 2125 1745 ei
2161 1689 2544 1744 amaritudinis
2576 1689 2783 1742 semina
2806 1684 3072 1754 injecerit,
3100 1680 3303 1735 nostris
3343 1693 3458 1732 ser-

1883 1785 2137 1838 monibus
2170 1784 2402 1854 benigne
2444 1783 2688 1837 attendat
2724 1799 2737 1834 :
2778 1789 2830 1833 te
2869 1789 3048 1833 tamen
3085 1775 3231 1830 hisce
3257 1772 3458 1827 exhor-

1886 1885 2067 1930 tamur
2101 1875 2295 1930 litteris
2343 1875 2407 1928 ad
2456 1889 2557 1927 nos
2620 1870 3011 1941 adjuvandum,
3062 1876 3136 1931 et,
3199 1874 3454 1932 tanquam

1883 1967 2199 2022 benevolum
2229 1975 2283 2020 et
2309 1964 2626 2020 familiarem
2659 1963 2987 2024 ministrum,
3006 1973 3221 2029 Operam
3240 1957 3287 2011 ei
3324 1971 3458 2025 prm-

1882 2057 2120 2111 bendum
2157 2072 2277 2126 quas
2310 2057 2358 2110 ei
2392 2071 2640 2126 magnam
2670 2068 2804 2108 sane
2834 2053 3058 2122 gloriam
3097 2047 3407 2104 conciliabit
3437 2061 3452 2098 :

1883 2149 2153 2204 simultis
2197 2149 2394 2218 quippe
2424 2148 2564 2213 aliis,
2616 2154 2676 2201 ut
2703 2146 2792 2216 qtti
2846 2145 3110 2213 integrum
3159 2154 3285 2209 erga
3330 2152 3454 2191 eum

1883 2257 2126 2298 amorem
2160 2251 2340 2297 servat
2389 2241 2644 2310 illiusque
2676 2240 2936 2293 honorem
2973 2246 3026 2290 et
3055 2234 3279 2304 gloriam
3315 2230 3457 2283 desi-

1882 2333 2059 2398 derat,
2094 2334 2170 2388 illi
2200 2334 2509 2388 miuistrare
2540 2333 2750 2396 studes,
2779 2331 2831 2384 in
2872 2345 2929 2383 re
2963 2336 3141 2382 autem
3185 2324 3329 2378 nulla
3354 2322 3456 2375 alia

1883 2425 2030 2481 illius
2063 2426 2238 2494 magis
2269 2440 2562 2494 procurare
2596 2425 2858 2478 honorem
2891 2431 2945 2475 et
2968 2419 3194 2490 gloriam
3236 2414 3456 2469 videbe-

1882 2517 1958 2571 ris
2019 2533 2192 2587 neque
2241 2519 2531 2573 ostendere
2590 2525 2740 2570 tuum
2782 2529 2907 2584 erga
2931 2528 3051 2568 eutn
3091 2524 3327 2564 amorem
3361 2521 3455 2558 ar-

1880 2608 2124 2678 densque
2148 2609 2200 2662 in
2232 2608 2519 2662 Dominum
2552 2607 2815 2662 studium.

196 2689 313 2744 ἀλλ’
350 2693 527 2745 οὐδενὶ
563 2692 650 2744 ἐπ’
681 2694 825 2764 ἀλλῳ
859 2695 1169 2763 πράγματι,
1199 2695 1276 2759 ὡς
1343 2699 1403 2748 ὲν
1435 2696 1629 2768 τούτῳ,
1695 2703 2048 2774 γνωρισθήσῃ
2120 2703 2626 2773 ὲξυπηρετούμενος
2669 2703 2738 2756 τὰ
2787 2702 2867 2762 είς
2937 2699 3101 2769 τιμὴν
3141 2699 3236 2751 καὶ
3293 2695 3454 2759 δόξαν

195 2783 362 2852 αύτῷ,
397 2784 520 2836 οὐδὲ
564 2783 623 2836 τὸ
658 2785 793 2854 πρὸς
828 2785 992 2839 αὑτὸν
1022 2787 1244 2858 φίλτρον
1273 2787 1628 2842 ἐπιδεικνύων
1670 2794 1764 2846 καὶ
1797 2794 1858 2846 τὸ
1885 2794 1980 2847 τοῦ
2005 2795 2205 2865 ἔρωτος
2233 2795 2494 2866 διάπυρον
2531 2796 2668 2864 πρὸς
2710 2794 2800 2848 τὸν
2823 2794 3020 2845 οἰκεῖον
3048 2791 3346 2859 Δεσπότην.

278 2879 649 2948 Ἐνθυμήθητι
693 2881 824 2950 γὰρ,
862 2881 1053 2935 τέκνον
1087 2882 1265 2952 ἡμῶν,
1296 2883 1365 2936 τά
1395 2884 1488 2937 τοῦ
1530 2887 1768 2957 πολέμου

200 2971 363 3034 κακὰ,
431 2970 503 3023 τὰ
553 2971 765 3026 ἐκεῖθεν
813 2974 941 3036 τοὺς
1003 2974 1324 3045 ἀνθρώπους
1389 2978 1769 3032 καταλαϐόντα

1951 2891 2208 2959 Recogita
2245 2890 2540 2959 siquidem,
2571 2890 2643 2942 tili
2677 2888 2776 2952 mi,
2809 2887 2932 2942 belli
2963 2889 3104 2941 mala
3127 2888 3456 2956 doloresque

1881 2981 2128 3038 homines
2164 2984 2482 3038 invadentes
2514 2991 2568 3038 et
2591 2998 2806 3037 rursum
2844 2982 2995 3052 pacis
3037 2983 3174 3036 bona
3202 2981 3455 3036 delicias-

196 3062 444 3131 ἀλγεινὰ,
482 3065 578 3116 καὶ
632 3065 794 3119 πάλιν
821 3066 888 3118 τὰ
932 3068 1031 3136 τῆς
1084 3069 1305 3138 εἰρήνης
1339 3070 1501 3134 καλὰ,
1535 3071 1631 3123 καὶ
1669 3072 1766 3143 τὴν

1878 3089 1978 3142 que
2023 3089 2090 3127 ev
2142 3089 2201 3127 ea
2260 3073 2574 3127 hominibus
2620 3082 2813 3139 natas;
2863 3072 3060 3142 quibus
3115 3070 3398 3140 perpensis
3435 3109 3450 3133 ,

196 3155 252 3220 ἐξ
299 3158 470 3226 αὐτῆς
516 3152 880 3227 ἐγγινομένην
918 3161 1031 3221 τοῖς
1080 3160 1392 3230 ἀνθρώποις
1437 3162 1763 3219 ἀπόλαυσιν.

198 3247 305 3299 Καὶ
333 3247 510 3300 ταῦτα
562 3247 895 3318 συγκρίνων,
929 3249 1127 3316 σκέψαι
1169 3251 1343 3321 πόσης
1384 3251 1532 3322 αύτῴ
1561 3255 1768 3325 γενήσῃ

198 3339 451 3408 πρόξενος
483 3339 654 3408 τιμῆς
688 3341 781 3392 καὶ
804 3339 983 3409 δόξης,
1013 3342 1060 3393 εί
1092 3340 1228 3394 Θεοῦ
1263 3345 1770 3413 συνεπιλαμϐάνονο

198 3447 283 3492 τος
315 3433 435 3483 ἀντὶ
473 3431 582 3484 τῶν
615 3431 896 3500 πολέμων,
928 3433 1051 3486 ἀντὶ
1079 3433 1188 3486 τῶν
1229 3434 1475 3502 σφαγῶν,
1509 3436 1631 3488 ἀντὶ
1657 3437 1768 3489 τῶν

199 3523 609 3592 αἰχμαλωσιῶν,
636 3523 826 3586 ἁπλῶς
859 3507 979 3576 ἀντὶ
1021 3523 1114 3577 τοῦ
1151 3526 1388 3593 μεγάλου
1419 3527 1526 3579 τῶν
1560 3526 1770 3598 ἀνθρώ-

202 3631 311 3666 πων
343 3616 590 3697 ὀλέθρου,
632 3615 1068 3686 ὲξυπηρετήσεις
1098 3618 1252 3688 αύτῷ
1293 3619 1498 3690 ταύτην
1547 3621 1646 3688 τὴν
1679 3621 1769 3673 ἔν-

207 3705 316 3760 θεον
356 3708 685 3778 ὑπηρεσίαν,
719 3708 780 3760 τδ
807 3709 1150 3762 ἐπαινεῖσθαι
1199 3711 1286 3764 διὰ
1327 3713 1393 3764 τὰ
1447 3712 1628 3779 ἀγαθὰ
1667 3714 1769 3783 τῆς

209 3800 440 3869 οξρήνης,
477 3802 573 3853 καὶ
597 3800 941 3865 δοξάζεσθαι,
981 3801 1118 3854 ἀλλὰ
1153 3803 1227 3872 μὴ
1257 3805 1327 3856 τὰ
1358 3807 1580 3858 ἐναντία
1610 3805 1771 3876 πορί-

212 3891 389 3952 ζεσθαι
419 3895 506 3946 διὰ
532 3898 600 3947 τὰ
630 3895 696 3947 ὲκ
726 3894 836 3947 τῶν
870 3895 1122 3964 πολέμων
1156 3897 1320 3950 κακά.
1359 3899 1434 3951 Ού
1467 3899 1540 3967 μὴ
1568 3898 1768 3968 δεηθῇς

214 3981 371 4050 λόγων
399 3986 631 4051 πολλῶν,
661 3987 772 4040 οὐδ’
802 3989 1290 4058 ἁποστραφήσεταί
1324 4006 1416 4041 σου
1447 3992 1546 4060 τὴν
1583 3991 1770 4058 δέησιν

217 4077 248 4143 ἡ
283 4079 412 4148 καλὴ
459 4083 677 4133 ἐκείνου
709 4081 804 4133 καὶ
833 4079 1120 4150 φιλάρετος
1155 4080 1322 4150 ψυχὴ,
1358 4081 1517 4148 μόνον
1565 4083 1772 4149 προθυο

222 4169 420 4238 μήθητι,
456 4172 618 4241 μόνον
640 4172 960 4240 δυσωπῆσαι
986 4172 1273 4243 βουλήθητι
1293 4189 1308 4205 ο
1348 4173 1440 4224 καὶ
1463 4172 1770 4243 πέπεισμαι

218 4255 282 4318 ὡς
301 4259 508 4326 ἕτοιμον
527 4261 656 4314 ὄντα
680 4261 800 4330 ὄψει
825 4262 926 4330 τὴν
953 4261 1106 4315 θείαν
1129 4264 1352 4334 εἰρήνην
1381 4263 1768 4333 ἐπιζητοῦντα.

219 4347 372 4402 Τοῦτο
401 4353 456 4405 δὲ
489 4355 589 4423 οὐχ
619 4354 806 4418 ἁπλῶς
833 4354 998 4421 λέγω,
1035 4355 1171 4408 ἀλλὰ
1205 4356 1572 4426 πεπεισμένος
1603 4357 1662 4421 ἐξ
1692 4351 1768 4412 ὧν

215 4442 238 4490 ὁ
270 4443 636 4515 φιλάνθρωπος
681 4446 811 4508 Θεὸς
836 4446 1156 4517 ,εἰργάσατο
1179 4463 1193 4476 ⁸
1246 4448 1372 4510 τοὺς
1406 4449 1514 4518 γὰρ
1557 4449 1765 4514 αἰτίους

215 4534 299 4586 τοῦ
326 4539 576 4608 πολέμου,
612 4541 702 4592 καὶ
735 4539 837 4609 τῆς
872 4541 1144 4611 τοσαύτης
1195 4544 1537 4611 μιαιφονίας,
1567 4545 1772 4614 κρίμα-

218 4642 294 4677 σιν
314 4626 388 4693 οἷς
417 4632 581 4695 αὐτὸς
610 4628 720 4685 οἶδε
757 4633 1014 4698 δικαίοις,
1054 4633 1119 4686 ὲκ
1153 4634 1317 4703 μέσου
1346 4636 1640 4705 πεποίηκε,
1669 4636 1771 4706 τὴν

214 4717 356 4780 ἀξίαν
383 4723 538 4794 δίκην
574 4726 668 4777 καὶ
701 4725 1052 4796 ἁρμόζουσαν
1082 4727 1146 4795 τῇ
1190 4725 1428 4797 τοσαύτῃ
1459 4727 1642 4779 αὐτῶν
1674 4743 1770 4780 πο-

214 4812 362 4882 νηρίᾳ
393 4815 619 4879 ἐπιθείς.
659 4818 760 4871 Διὰ
793 4815 954 4870 τοῦτο
987 4816 1097 4869 οὐδ’
1129 4819 1294 4886 ἡμεῖς
1324 4819 1486 4871 πλέον
1526 4817 1770 4886 ἐγνώκα-

213 4920 302 4970 μεν
337 4908 600 4962 ἐκτείνειν
634 4907 727 4961 τὸν
779 4907 956 4976 λόγον,
991 4907 1101 4961 οὐδ’
1132 4909 1370 4980 ἐνοχλεῖν
1401 4927 1460 4962 σε
1496 4910 1574 4979 τῷ
1604 4913 1770 4980 μήκει

206 4996 292 5051 τοῦ
328 4999 680 5072 γράμματος,
726 4999 864 5055 ἀλλά
908 5001 1079 5070 μόνην
1129 5001 1296 5071 εὐχὴν
1346 5001 1770 5073 προσεπιτιθέα-

208 5103 314 5151 μεν,
346 5093 421 5154 ὡς
473 5095 561 5163 εἴη
608 5092 847 5164 Χριστὸς
876 5095 904 5145 ὁ
943 5092 1078 5155 Θεὸς
1108 5094 1267 5164 ἡμῶν
1306 5097 1559 5150 κάκεῖνον
1591 5095 1770 5168 τιμῶν

1795 4410 1846 4470 D

1873 3163 1998 3217 vide
2035 3170 2227 3230 quanti
2282 3163 2506 3218 honoris
2553 3175 2880 3233 quantaeque
2931 3162 3116 3234 gloriae
3153 3163 3231 3216 illi
3264 3171 3454 3234 auctor

1872 3253 2004 3318 eris,
2037 3254 2080 3307 si
2113 3253 2220 3308 Deo
2253 3253 2562 3324 atljuvante,
2597 3270 2694 3324 pro
2727 3255 2900 3318 bellis,
2941 3269 3039 3323 pro
3065 3253 3325 3318 caedibus,
3352 3266 3453 3322 pro

1871 3347 2296 3417 captivitatibus,
2336 3361 2445 3400 uno
2493 3349 2679 3412 verbo,
2737 3362 2832 3417 pro
2866 3346 3114 3414 ,maxitna
3167 3346 3448 3398 hominum

1871 3441 2126 3508 pernicie,
2153 3439 2389 3492 divinam
2415 3439 2461 3493 ei
2491 3453 2710 3507 operam
2743 3452 2905 3493 naves
2945 3447 3003 3491 ut
3041 3436 3105 3491 ad
3131 3436 3282 3505 pacis
3311 3436 3448 3488 bona

1872 3534 2055 3587 redeat
2090 3532 2429 3602 gloriamque
2463 3531 2565 3586 sibi
2601 3529 2871 3594 conciliet,
2908 3545 3013 3582 non
3043 3539 3222 3582 autem
3247 3541 3446 3596 quazex

1873 3625 1996 3679 belli
2035 3626 2215 3694 malis,
2254 3624 2528 3676 infamiam
2564 3639 2578 3676 :
2610 3621 2793 3676 multis
2844 3621 3022 3674 verbis
3058 3635 3164 3672 non
3207 3619 3308 3672 erit
3354 3617 3452 3671 tibi

1871 3733 2032 3787 opus,
2059 3726 2202 3770 tuam
2236 3731 2342 3770 non
2368 3716 2573 3785 rejiciet
2605 3714 3039 3784 deprecationem
3074 3713 3217 3766 illius
3247 3711 3451 3778 optima

1871 3827 2028 3865 mens
2067 3811 2388 3878 virtutisque
2434 3825 2658 3875 amans;
2691 3807 2930 3862 conﬁdas
2960 3815 3169 3860 tantum
3211 3820 3274 3859 ac
3321 3818 3452 3872 sup-

1871 3905 2076 3973 plicare
2103 3879 2262 3964 velis,
2298 3911 2352 3956 et
2381 3901 2512 3954 mihi
2543 3914 2834 3969 persuasus
2871 3913 2988 3952 sum
3022 3898 3173 3952 illum
3205 3895 3320 3950 fore
3351 3911 3450 3965 pa-

1874 4005 2050 4048 ratum
2085 3994 2389 4061 divinaeque
2417 3994 2564 4062 pacis
2595 3993 2882 4061 cupidum;
2923 3991 2972 4044 id
3016 3999 3196 4044 autem
3225 4006 3331 4044 non
3364 3989 3452 4042 in-

1873 4083 2120 4138 consulte
2149 4083 2292 4146 dico,
2324 4083 2416 4137 sed
2446 4084 2512 4138 iis
2535 4099 2656 4152 qua)
2706 4083 2831 4137 fecit
2859 4083 3000 4138 Deus
3034 4082 3273 4136 clemens
3326 4095 3450 4150 per-

1871 4189 2070 4230 suasus
2100 4191 2116 4228 :
2147 4185 2397 4228 auctores
2446 4174 2645 4227 etenim
2693 4175 2815 4227 belli
2878 4184 2931 4228 et
2988 4184 3096 4228 tam
3156 4173 3448 4226 multorum

1874 4266 2313 4330 homicidiorum,
2336 4266 2560 4334 judicio,
2593 4276 2647 4319 ut
2672 4267 2786 4334 ipse
2820 4266 2991 4328 novit,
3019 4266 3191 4332 justo,
3223 4281 3251 4317 e
3273 4265 3452 4319 medio

1877 4357 2120 4421 sustulit,
2157 4371 2366 4424 mquam
2417 4355 2690 4424 tanta-que
2727 4354 2945 4409 malitiae
2986 4367 3284 4407 consonam
3328 4367 3448 4422 pte-

1872 4465 1997 4503 nam
2034 4457 2316 4518 repetens;
2348 4457 2626 4516 propterea
2658 4461 2964 4501 sermonem
2992 4458 3098 4498 non
3131 4443 3448 4513 protrahere

1871 4541 2126 4596 duximus
2153 4556 2218 4595 ne
2250 4539 2492 4609 longiore
2513 4533 2739 4610 epistola
2761 4538 2856 4593 tibi
2887 4537 3102 4592 taedium
3134 4535 3448 4604 aderamus,

1871 4634 1966 4689 sed
2023 4633 2164 4687 bane
2213 4632 2390 4687 solum
2449 4631 2698 4686 addimus
2762 4630 3184 4700 precationem:
3238 4629 3447 4683 utinam

1869 4723 2124 4778 Christus
2156 4722 2298 4779 Deus
2338 4733 2521 4779 noster
2546 4723 2696 4777 illum
2730 4723 2906 4791 ipsum
2939 4724 3144 4776 honore
3169 4731 3222 4776 et
3250 4721 3446 4790 gloria,

1872 4831 1970 4886 pro
1997 4815 2283 4872 conciliata
2313 4832 2466 4881 pace,
2500 4816 2553 4870 in
2583 4817 2686 4870 hac
2723 4818 2829 4870 vita
2862 4814 3115 4884 praesenti
3161 4822 3215 4868 et
3250 4814 3302 4868 in
3355 4813 3446 4867 fu-

1873 4917 1995 4964 tura
2025 4916 2273 4974 exornet,
2300 4919 2356 4963 et
2403 4919 2472 4973 te,
2505 4908 2574 4961 tili
2601 4908 2696 4971 mi,
2751 4907 2974 4962 domino
3011 4915 3103 4962 tuo
3141 4907 3447 4960 chariorem

1871 5008 1927 5055 et
1965 5001 2372 5056 familiarioretn
2410 5001 2592 5066 faciat,
2621 5009 2674 5054 et
2701 5015 2802 5070 pro
2833 5001 2937 5056 isto
2959 5009 3052 5054 tuo
3081 4999 3263 5054 studio
3285 5007 3447 5067 atque

1873 5096 2173 5167 diligentia,
2206 5096 2372 5152 bonis
2413 5096 2617 5150 donare
2646 5095 2896 5166 dignetur
2923 5093 3287 5165 sempiternis.

205 5183 290 5231 καὶ
321 5183 560 5248 δοξάζων
590 5189 684 5240 καὶ
719 5189 777 5240 ἐν
811 5186 890 5256 τῷ
925 5189 1156 5256 παρόντι
1188 5189 1288 5261 βίῳ
1333 5191 1427 5244 καὶ
1454 5190 1610 5262 ἐντῷ
1679 5191 1931 5261 μέλλοντι
1963 5192 2028 5244 ὲκ
2071 5190 2166 5244 τοῦ
2192 5190 2290 5261 τὴν
2348 5192 2572 5262 εἰρήνην
2636 5188 2969 5254 ἐπιτελέσαι,
3013 5188 3106 5240 καὶ
3138 5186 3219 5251 σὲ,
3254 5183 3444 5236 τέκνον

202 5278 370 5346 ἡμῶν,
402 5282 666 5338 ὲπιπλέον
702 5288 922 5341 οἰκεῖον·
949 5288 1166 5353 δεικνὺς
1198 5288 1278 5359 τῷ
1307 5290 1491 5360 οἰκείῳ
1529 5289 1767 5362 δεσπότῃ
1807 5289 1902 5343 καὶ
1934 5288 2028 5342 ὑπ’
2067 5286 2233 5341 αὐτοῦ
2298 5287 2687 5356 ἀγαπώμενον,
2720 5287 2816 5339 καὶ
2880 5284 3020 5353 ὑπὲρ
3055 5283 3153 5352 τῆς
3185 5282 3445 5348 τοιαύτης

202 5379 575 5445 προαιρέσεως
619 5379 712 5430 καὶ
767 5380 1009 5450 σπουδῆς
1059 5383 1169 5436 τῶν
1217 5383 1454 5438 αἰωνίων
1493 5383 1768 5448 καταξιῶν
1807 5382 2049 5452 ἀγαθῶν.

606 5517 708 5570 1Δ’.
735 5518 978 5588 Συμεὼν
1008 5521 1353 5592 Βουλγάρῳ.

263 5629 461 5683 Τέκνον
502 5631 662 5701 ἡμῶν
715 5632 1116 5701 ποθεινότατον,
1149 5637 1247 5689 καὶ
1301 5637 1470 5704 φίλων
1515 5639 1763 5710 ἀρχαίων

201 5718 291 5771 καὶ
341 5719 476 5774 νέων
507 5721 533 5773 ό
566 5720 908 5788 γλυκύτατος
967 5725 1141 5795 φίλος,
1182 5725 1416 5781 ἄκουσον
1465 5727 1538 5790 ὡς
1571 5729 1760 5783 τέκνον

2201 5508 2340 5574 XIV.
2375 5520 2456 5574 Ad
2488 5517 2752 5574 Simonem
2787 5516 3098 5586 Bu.garum.

1943 5633 2042 5689 Fili
2066 5635 2138 5689 mi
2183 5632 2663 5695 desideratissime,
2695 5638 2936 5682 veterum
2983 5635 3146 5698 atque
3177 5639 3440 5683 novorum

1871 5729 2168 5783 amicorum
2192 5727 2512 5783 suavissime
2530 5765 2544 5791 ,
2565 5735 2623 5778 ut
2646 5724 2852 5792 ﬁlius:et
2873 5733 2928 5778 ut
2947 5721 3305 5789 amicus,audi
3327 5734 3443 5775 ver-
