3996 6208
524 255 594 316 99
1655 253 1965 315 NICOLAI
2004 255 2109 317 (ΣΡ.

2216 257 2440 316 ATRIA
2453 256 2603 316 RCl-I
2615 255 2674 313 r-E

3681 245 3782 313 100

523 361 700 416 Patris
728 360 820 429 qui
854 367 904 414 te
926 375 954 414 a
982 359 1251 431 principio
1303 360 1491 416 dilexit
1511 370 1563 417 et
1590 363 1890 418 etiamnum
1922 363 2102 436 diligit

2216 368 2304 422 καὶ
2345 367 2502 436 φίλος
2549 368 2773 438 ῥήματα
2821 365 3029 435 πατρὸς
3061 363 3119 428 ἐξ
3149 362 3324 434 ἀρχῆς
3357 378 3416 414 σε
3452 359 3781 430 φιλήσαντος

521 462 573 506 et
607 452 878 521 geminam
933 467 1060 521 erga
1092 461 1144 506 te
1195 451 1519 508 charitatem
1579 455 1633 507 in
1667 454 1872 524 Spiritu
1915 465 2104 510 sancto

521 550 718 604 servat,
750 541 815 594 iis
835 557 959 608 qua:
983 542 1294 605 scribimus,
1330 545 1566 610 attende,
1603 545 1712 611 lili;
1745 545 1797 602 in
1834 545 1940 600 Deo
1960 547 2102 602 enim

523 649 843 702 persuasum
896 633 1156 689 habemus
1214 634 1541 691 oblectantia
1598 647 1653 692 et
1703 639 1944 708 jucunda
2005 657 2106 696 nos

523 726 845 794 seripturos,
879 726 1036 781 lactis
1078 728 1333 782 amicitiae
1379 745 1576 784 nomen
1630 732 2051 789 corroborantes
2089 753 2102 789 :

523 817 674 880 andi,
729 832 950 872 rursum
1004 818 1148 882 dico,
1187 829 1245 874 ut
1297 819 1380 875 vir
1413 819 1531 886 Dei,
1582 838 1649 878 ne
1696 823 1853 895 plura
1901 826 2103 892 dicam,

523 908 708 962 nuntia
725 908 961 962 divinam
983 919 1129 964 tuam
1159 923 1392 966 mentem
1421 922 1676 969 sanatnra
1711 933 1726 969 :
1757 917 1802 971 si
1835 917 1977 972 enim
2008 934 2104 998 pro

523 1001 808 1069 temporali
852 1010 1139 1070 potestate,
1163 1005 1413 1060 excitatis
1435 1019 1465 1058 a
1488 1005 1702 1062 diabolo
1725 1009 1996 1066 scandalis
2011 1013 2106 1081 per

521 1106 615 1146 eos
645 1093 737 1162 qui
774 1102 965 1147 contra
1001 1103 1150 1149 tuum
1177 1096 1310 1149 mihi
1340 1097 1592 1153 dilectum
1625 1099 1974 1158 decertavere
2013 1120 2106 1160 ca-

525 1195 641 1252 put,
670 1186 756 1239 ira
787 1196 1091 1242 commotus
1117 1189 1288 1257 fuisti,
1320 1200 1483 1261 atque
1511 1208 1619 1247 non
1653 1193 1809 1262 juxta
1835 1212 1953 1252 mea
1981 1207 2106 1254 vota

525 1278 723 1343 sentis,
758 1281 872 1333 scio
911 1290 1090 1334 tamen
1138 1283 1416 1337 evidenter
1437 1292 1488 1338 te
1535 1284 1602 1340 de
1630 1285 1892 1344 Ecclesiae
1924 1290 2104 1356 malis,

523 1371 701 1436 idest,
757 1374 1146 1430 dilacerationc
1204 1386 1257 1430 et
1311 1378 1546 1432 liliorum
1600 1380 1720 1448 ejus
1761 1382 2102 1453 dissidentia,

524 1465 902 1520 contristatum
946 1483 1164 1537 quoque
1215 1484 1338 1524 esse
1363 1479 1416 1525 et
1447 1481 1756 1528 nostrarum
1781 1477 2102 1534 acerbarum

523 1555 902 1609 ruoesti.iarum
936 1556 1103 1612 luisse
1133 1560 1470 1630 participem,
1500 1561 1555 1618 in
1600 1563 1684 1618 his
1735 1567 1899 1622 etiam
1944 1567 2106 1624 Chri-

523 1653 666 1698 stum
697 1648 1059 1702 honorantcm
1092 1650 1256 1704 Deum
1285 1662 1531 1707 nostrum
1567 1668 1596 1708 a
1617 1671 1728 1725 quo
1751 1656 1846 1711 tibi
1875 1673 2105 1727 regnare

425 1785 428 1788 .
519 1747 572 1790 et
604 1738 892 1795 incolumis
933 1756 1053 1796 esse
1107 1740 1294 1797 datum
1339 1756 1444 1809 est,
1491 1754 1546 1800 et
1578 1746 1630 1800 in
1672 1747 1855 1803 futuro
1902 1752 2104 1806 saeculo

521 1829 737 1882 dabitur
772 1831 920 1886 salus
957 1840 1009 1887 ct
1039 1831 1156 1888 sine
1180 1831 1282 1888 line
1305 1833 1498 1903 gloria,
1529 1845 1589 1891 ut
1611 1837 1851 1906 {oramus
1894 1849 1950 1896 et
1980 1855 2106 1912 spe-

525 1934 580 1973 ra
589 1935 730 1976 mus.

597 2197 946 2267 Nuntiamus,
983 2202 1056 2258 lili
1087 2204 1184 2269 mi,
1238 2209 1428 2263 nuntia
1487 2224 1608 2279 quae
1641 2211 1831 2268 audire
1860 2215 2104 2270 omnium

523 2291 619 2345 tibi
645 2293 1038 2362 gratissimum,
1079 2299 1349 2370 nobisque
1376 2303 1627 2359 nuntiare
1659 2308 2110 2364 convenientissi-

524 2399 671 2436 mum
700 2401 762 2439 ac
803 2389 1037 2443 maxime
1075 2393 1388 2461 proprium;
1421 2395 1571 2450 unita
1607 2407 1690 2452 est
1718 2397 1808 2453 Dei
1839 2397 2106 2467 Ecclesia,

519 2477 758 2530 cessasit
819 2479 961 2533 illius
1001 2482 1092 2550 qui
1121 2499 1149 2535 a
1180 2483 1446 2553 principio
1477 2501 1596 2540 eam
1624 2489 1956 2544 conturbare
1987 2505 2110 2544 ma-

525 2568 669 2635 ligne
703 2582 931 2626 conatus
971 2583 1071 2638 est,
1107 2577 1362 2642 procella,
1399 2578 1547 2631 nuita
1579 2589 1662 2632 est
1703 2582 2108 2650 quodammodo

516 2670 572 2713 et
601 2665 834 2716 cessavit
864 2666 1131 2732 procella:
1162 2668 1252 2736 qui
1277 2669 1496 2738 quidem
1541 2686 1598 2726 se
1632 2688 1659 2726 τι
1697 2673 1856 2727 nobis
1885 2689 2110 2743 separa-

522 2765 713 2808 vcrant
736 2765 788 2808 et
815 2772 910 2810 sua
943 2761 1281 2827 separatione
1328 2763 1524 2815 rationi
1581 2764 1982 2831 valedixeranl,
2015 2781 2108 2822 eos

517 2861 634 2902 sua:
677 2849 992 2902 ambitionis
1026 2852 1280 2918 paenituit
1313 2863 1368 2907 et
1400 2854 1488 2908 Dei
1525 2858 1699 2924 gratia
1738 2859 1804 2912 ad
1859 2871 2106 2915 nostrum

529 2951 750 2989 sensum
788 2951 916 2992 sunt
973 2943 1220 3008 reversi;
1267 2945 1411 3012 quod
1475 2947 1687 3013 petebat
1725 2948 1990 3015 Ecclesia,
2057 2953 2109 3006 id

2209 460 2305 514 καὶ
2340 460 2624 526 φιλοῦντος
2657 458 2751 512 καὶ
2802 457 3068 522 σώζοντος
3115 455 3355 525 στοργήν
3385 453 3616 524 γνησίαν
3646 453 3784 524 πρὸς

2210 552 2269 604 σὲ
2318 551 2376 603 ὲν
2417 551 2558 620 ἁγίῳ
2611 549 2916 620 Πνεύματι,
2974 548 3234 618 πρόσχες,
3269 545 3462 598 τέκνον
3513 544 3669 614 ἐμὸν,
3705 540 3786 607 οἷς

2207 640 2496 711 γράφομεν
2521 653 2535 667 ⁸
2591 639 2934 708 πεποίθαμεν
2965 637 3075 709 γὰρ
3101 639 3162 690 ὲν
3213 637 3334 709 Θεῷ
3363 637 3449 690 ὅτι
3487 635 3557 688 τά
3597 652 3786 688 συνευ-

2209 734 2512 804 φραίνοντα
2545 734 2643 788 καὶ
2693 733 2993 804 συνήδοντα
3045 732 3354 804 γράφομεν,
3403 730 3501 784 καὶ
3546 730 3642 783 ἐπὶ
3673 731 3788 792 τοῖς

2208 825 2392 896 ἔργοις
2443 825 2502 879 τὸ
2532 826 2703 894 ὄνομα
2745 826 2848 894 τῆς
2871 825 3055 893 φιλίας
3111 821 3475 892 βεϐαιοῦντες.
3517 822 3789 874 ’Δκουσον

2209 919 2306 972 καὶ
2351 918 2514 971 πάλιν
2563 919 2706 988 φημί
2737 918 2814 980 ώς
2858 916 2952 970 τοῦ
2981 917 3118 973 Θεοῦ
3164 915 3454 986 ἄνθρωπος
3506 915 3791 985 συντόμως

2207 1009 2404 1073 εἰπεῖν,
2439 1010 2731 1078 εὐαγγέλια
2779 1009 2958 1081 ψυχὴν
3011 1008 3233 1079 θεοφιλῆ
3287 1007 3698 1077 θεραπεύοντα⁹
3737 1010 3789 1062 εἰ

2207 1101 2316 1170 γὰρ
2348 1101 2440 1153 καὶ
2474 1101 2609 1171 πρὸς
2633 1101 2736 1171 τὴν
2765 1101 3041 1172 κοσμικὴν
3069 1100 3322 1168 ἐξουσίαν
3355 1099 3449 1154 τοῦ
3476 1101 3688 1154 Σατανᾶ
3717 1101 3789 1155 τὰ

2210 1193 2481 1248 σκάνδαλα
2517 1193 2878 1264 κεκινηκότος
2926 1193 2997 1246 δι’
3025 1187 3100 1247 ὧν
3132 1192 3277 1248 κατά
3305 1193 3406 1262 τῆς
3437 1192 3536 1262 σῆς
3579 1191 3788 1261 ἠγωνί-

2208 1302 2374 1338 σαντο
2393 1285 2585 1354 τιμίας
2613 1284 2739 1354 ἐμοὶ
2762 1284 3010 1353 κεφαλῆς
3043 1283 3464 1354 ὲξετραχύνθης,
3494 1285 3588 1336 καὶ
3612 1283 3788 1346 άλλως

2207 1378 2350 1447 ἣώς
2405 1377 2555 1431 ἔστιν
2606 1378 2740 1447 εὐχή
2792 1395 2882 1447 μοι
2931 1376 3259 1440 διατίθεσαι,
3317 1374 3436 1429 ἀλλ’
3485 1374 3787 1443 ἐπίσταμαι

2207 1467 2454 1538 ἀκριϐῶς
2481 1469 2563 1522 ὅτι
2595 1469 2689 1521 ἐπὶ
2727 1467 2804 1538 τῷ
2835 1466 3000 1521 πάθει
3023 1465 3122 1534 τῆς
3169 1464 3519 1535 Ἐκκλησίας,
3550 1462 3695 1532 λέγω
3723 1463 3787 1534 δὴ

2205 1559 2283 1630 τῷ
2316 1560 2635 1632 σπαραγμῷ
2669 1560 2767 1613 καὶ
2790 1563 2856 1630 τῇ
2897 1559 3179 1613 διαστάσει
3218 1557 3327 1612 τῶν
3354 1557 3565 1611 τέκνων
3594 1557 3787 1624 αὐτῆς,

2209 1656 2305 1708 καὶ
2332 1654 2642 1722 συνήλγεις,
2672 1653 2765 1707 καὶ
2797 1652 3046 1722 συνείχου
3081 1651 3199 1721 μεθ’
3226 1649 3384 1720 ἡμῶν
3410 1651 3634 1718 πικραῖς
3668 1651 3789 1711 ταῖς

2206 1747 2443 1811 ὀδύναις,
2506 1745 2686 1814 τιμῶν
2734 1745 2829 1798 καὶ
2885 1745 2947 1797 ἐν
2993 1742 3167 1814 τούτῳ
3225 1742 3462 1813 Χριστὸν
3515 1743 3606 1796 τὸν
3655 1742 3791 1796 Θεὸν
3827 1781 3838 1792 ς

2207 1839 2392 1908 ήμῶν,
2425 1839 2555 1907 παρ’
2583 1831 2644 1892 οὗ
2687 1855 2768 1890 σοι
2823 1836 2920 1890 καὶ
2957 1837 3018 1890 τὸ
3051 1836 3220 1907 ἄρχον
3260 1836 3352 1888 καὶ
3400 1834 3462 1888 τὸ
3494 1833 3790 1900 σώζεσθαι,

2209 1931 2304 1987 καὶ
2333 1932 2366 2001 ἡ
2395 1931 2453 1985 ὲν
2492 1930 2570 2000 τῷ
2612 1928 2864 1999 μέλλοντι
2911 1929 3068 1982 αἰῶνι
3112 1926 3471 1980 ἀποκείσεται
3521 1927 3790 1996 σωτηρία,

2210 2029 2306 2081 καὶ
2350 2024 2488 2095 τιμὴ
2537 2022 2920 2094 ἀτελεύτητος,
2969 2020 3045 2085 ῶς
3098 2037 3164 2090 γε
3195 2018 3469 2090 εὐχόμεθα
3509 2021 3606 2073 καὶ
3634 2018 3796 2072 ἐλπί-

2211 2119 2398 2190 ζομεν.

2283 2210 2770 2282 Εὐαγγελιζὸμεθά
2801 2227 2904 2276 σοι,
2933 2207 3128 2262 τέκνον
3161 2207 3341 2279 ἡμῶν,
3371 2205 3691 2276 εὐαγγέλια,
3716 2197 3794 2260 ὧν

2212 2305 2308 2359 καὶ
2361 2305 2445 2358 σοὶ
2477 2304 2540 2356 τὸ
2568 2295 2804 2357 ἀκοῦσαι
2855 2301 3076 2354 πάντων
3107 2299 3396 2370 ἡδύτατον,
3435 2301 3545 2352 καῖ’
3575 2300 3708 2368 ἡμῖν
3734 2299 3794 2351 τί)

2212 2397 2677 2468 εὐαγγελίσασθαι
2718 2396 3175 2466 πρεπωδέστατον
3208 2396 3426 2447 πάντων
3467 2394 3561 2445 καὶ
3595 2392 3796 2444 οἰκειό-

2212 2509 2394 2545 τατον.
2432 2492 2681 2544 Ἥνωται
2710 2492 2742 2560 ἡ
2775 2489 2870 2542 τοῦ
2903 2488 3040 2542 Θεοῦ
3081 2488 3402 2560 Ἐκκλησία,
3455 2486 3668 2555 ἐπαύθη
3693 2485 3790 2537 τοῦ

2213 2585 2272 2650 ἐξ
2327 2583 2503 2654 ἀρχῆς
2550 2581 3038 2652 πονηρευσαμὲνου
3091 2581 3297 2649 ταύτην
3355 2580 3715 2648 ὲκταράσσειν
3757 2579 3791 2645 ἡ

2214 2679 2494 2744 καταιγὶς,
2536 2678 2745 2747 ἥνωται
2771 2675 2827 2728 δὲ
2860 2675 2976 2737 πιῖς
3007 2675 3103 2727 καὶ
3131 2677 3160 2744 ὴ
3199 2673 3454 2740 καταιγὶς
3486 2672 3792 2723 πέπαυται.

2214 2771 2278 2822 Oi
2312 2770 2411 2838 μὲν
2457 2767 2518 2831 ἐξ
2562 2767 2722 2838 ἡμῶν
2757 2765 3156 2836 κεχωρισμένοι
3205 2765 3302 2816 καὶ
3339 2760 3434 2814 τοῦ
3471 2761 3604 2814 ἰδίου
3638 2762 3797 2812 ἀντε-

2215 2863 2434 2933 χόμενοι
2469 2859 2754 2931 χωρισμοῦ
2782 2857 3122 2922 ἁπετάξαντο
3151 2857 3229 2928 τῷ
3250 2856 3437 2922 οἰκείῳ
3463 2855 3795 2926 φρονήματι,

2217 2954 2572 3023 μετέγνωσαν
2607 2951 2694 3019 ἐφ’
2723 2944 2805 3012 οἷς
2852 2948 3246 3018 ἐφιλονείκουν,
3285 2947 3378 2999 καὶ
3407 2944 3668 3010 συνῆλθεν
3696 2944 3800 3012 χά-

521 3029 760 3083 conlessi
787 3038 952 3094 sunt;
989 3041 1062 3107 et,
1096 3048 1163 3087 ne
1191 3033 1349 3103 plura
1374 3036 1576 3101 dicam,
1629 3055 1788 3094 suum
1827 3053 2109 3112 peccatum

2218 3064 2328 3118 ριτι
2383 3043 2521 3098 Θεοῦ
2561 3043 2640 3113 τῷ
2675 3042 2934 3113 ἡμετέρῳ
2987 3042 3332 3110 φρονήματι·
3375 3038 3470 3090 καὶ
3512 3037 3539 3090 δ
3571 3039 3634 3106 τῇ
3678 3037 3802 3088 Ἐκ-

523 3117 842 3174 conﬁtentes
870 3121 920 3174 in
957 3123 1211 3179 Ecclesiae
1244 3125 1400 3180 ulnas
1433 3128 1664 3198 benigne
1688 3142 1911 3201 apertas
1949 3151 2112 3191 vene-

524 3221 685 3277 runt;
722 3214 1203 3272 occludcbatenim
1236 3236 1408 3290 usque
1439 3223 1599 3278 modo
1630 3241 1758 3280 suas
1802 3228 1960 3282 ulnas
2012 3229 2113 3284 Ec-

521 3303 685 3358 clesia
718 3305 958 3361 humano
1003 3325 1174 3375 more,
1207 3313 1332 3381 quia
1367 3313 1444 3368 illi
1491 3315 1736 3372 humano
1763 3319 1924 3372 etiam
1960 3335 2112 3374 more

519 3407 806 3451 senserant
823 3407 873 3452 et
892 3415 998 3469 qua
1028 3404 1213 3458 nescio
1238 3404 1300 3458 ile
1318 3420 1481 3461 causa
1501 3409 1870 3465 contradicere
1893 3427 2113 3468 amave-

520 3493 669 3549 raut;
706 3499 988 3559 postquam
1009 3497 1306 3566 autemgslla
1327 3500 1510 3554 omnia
1536 3504 1799 3556 removeri
1829 3503 1935 3560 Deo
1955 3506 2115 3574 placi-

519 3584 631 3630 tum
655 3578 838 3645 fuerit,
859 3583 1036 3638 (lit-ina
1063 3587 1454 3646 interveniente
1473 3608 1627 3662 pace,
1649 3604 1701 3648 In
1727 3613 1890 3650 unmn
1906 3599 2113 3654 coalui-

520 3682 642 3722 mus
665 3677 718 3722 et
744 3675 941 3741 recepti
972 3687 1102 3730 sunt
1137 3687 1394 3748 tanquam
1427 3688 1668 3754 germani
1707 3687 1800 3740 lilii
1849 3690 1942 3757 qui
1977 3691 2112 3745 huc-

443 3763 452 3769 '
521 3773 696 3828 usque
762 3779 792 3817 a
859 3766 1022 3822 nobis
1091 3769 1465 3839 discetlerant,
1516 3775 1622 3830 illis
1662 3779 1818 3846 quasi
1881 3783 2114 3850 prepriis

526 3855 789 3912 membris
844 3861 1067 3916 adunati
1131 3881 1323 3921 sumus
1359 3878 1411 3922 ct
1447 3870 1665 3924 tandem
1718 3872 1960 3930 Ecclesia
2021 3876 2110 3931 Dei

519 3961 689 4000 unum
729 3961 812 4005 est
873 3964 1055 4021 caput,
1118 3957 1294 4026 primo
1352 3960 1606 4028 pontifice
1655 3973 1709 4018 et
1765 3964 1876 4022 Deo
1925 3977 2113 4023 nostro

521 4046 575 4093 et
614 4041 770 4097 nobis
803 4043 1066 4115 indignis.
1100 4051 1513 4125 archiepiscOpo
1556 4066 1759 4122 tamen,
1806 4075 2112 4132 congruen-

523 4141 603 4185 ter
631 4149 851 4204 quoque
885 4152 1262 4208 coagmentata
1287 4155 1340 4200 et
1365 4163 1558 4203 secure
1594 4152 1898 4220 gubernata
1926 4171 1939 4208 :
1973 4170 2112 4224 pra:-

522 4232 604 4278 ter
631 4241 850 4296 paucos,
888 4232 1003 4301 qui,
1040 4249 1162 4290 cum
1215 4251 1440 4306 possent
1475 4242 1615 4297 bona
1661 4245 1858 4315 agendi
1904 4247 2113 4302 ratione

524 4314 883 4389 innotescere,
956 4341 1024 4380 ne
1090 4329 1256 4382 vitam
1311 4331 1430 4387 sine
1465 4335 1688 4389 nomine
1727 4339 2110 4411 transigerent,

523 4413 787 4469 suadente
845 4433 941 4471 sua
986 4422 1213 4483 malitia,
1251 4439 1358 4476 non
1396 4435 1523 4478 sunt
1551 4429 1728 4491 veriti,
1763 4444 1860 4482 sua
1892 4445 2115 4498 separa-

526 4506 671 4560 tione
699 4508 1002 4575 eupientes,
1037 4520 1303 4579 quantum
1344 4519 1394 4567 in
1434 4516 1565 4584 ipsis
1592 4529 1756 4582 esset,
1787 4521 2111 4596 clarescere,

524 4595 778 4651 Ecclesiae
793 4600 1054 4655 unitatem
1087 4603 1450 4674 labefactare;
1481 4618 1736 4664 caeterum
1758 4627 1867 4666 non
1889 4595 2116 4668 omnino

527 4685 636 4740 illis
671 4689 802 4741 satis
833 4691 937 4743 erit
976 4701 1142 4762 caput
1169 4695 1368 4752 habere
1393 4715 1648 4768 magnum
1697 4701 1862 4756 Deum
1891 4714 2115 4759 etsum-

525 4793 673 4830 mum
707 4780 1023 4846 poutilicem
1059 4795 1332 4854 nostrum,
1361 4789 1456 4842 sed
1479 4790 1594 4844 sive
1626 4794 1904 4860 nunc;sive
1925 4805 2110 4862 postea

525 4887 626 4925 suo
661 4872 822 4942 capiti
859 4887 918 4928 se
941 4874 1269 4946 adjuugent;
1299 4883 1391 4949 qui
1427 4882 1480 4935 ni
1519 4881 1742 4948 faciant,
1779 4887 1917 4940 nihil
1942 4889 2067 4945 inde
2099 4908 2113 4944 :

526 4969 625 5038 ipsi
646 4971 791 5024 enim
823 4971 875 5023 in
909 4971 1028 5026 loco
1052 4975 1270 5042 quidem
1291 4993 1319 5030 a
1342 4993 1399 5032 se
1438 4980 1610 5034 electo
1649 4981 1908 5050 jaccbunt
1935 5003 1950 5050 ;
1990 5001 2118 5041 san-

525 5072 608 5116 eta
648 5077 774 5116 vero
813 5061 905 5116 Dei
938 5064 1179 5120 Ecclesia
1238 5071 1665 5136 perturbationis
1699 5090 1812 5130 suae
1835 5092 1997 5133 causa
2019 5094 2115 5132 ex-

527 5163 732 5224 empta,
761 5157 979 5225 propria
1005 5157 1299 5213 stabilitate
1329 5161 1527 5231 gaudet
1554 5163 1776 5220 Christo
1795 5183 1895 5222 suo
1910 5183 2114 5238 sponso

529 5247 732 5313 gratias
765 5262 931 5316 agens
964 5249 1109 5317 quod
1158 5252 1431 5308 scandalis
1483 5256 1552 5309 sit
1601 5255 1827 5313 liberata
1876 5275 2117 5328 suosque

531 5336 736 5390 circum
777 5355 834 5394 se
868 5340 1070 5397 liberos
1103 5352 1310 5398 stantes
1359 5347 1681 5416 conspiciat,
1741 5343 2114 5420 quoscumque

532 5441 637 5481 non
673 5434 954 5505 potuitqui
987 5436 1261 5492 hominem
1285 5453 1316 5492 a
1354 5439 1618 5510 principio
1637 5441 1779 5499 felici
1801 5445 2122 5515 despoliavit

537 5519 799 5585 amicitia,
827 5542 980 5582 sacra
1013 5545 1157 5584 nunc
1192 5530 1526 5600 plenitudine
1554 5534 1844 5591 abducere.

2218 3137 2421 3208 κλησίᾳ
2449 3137 2715 3206 ἐζητεῖτο,
2750 3136 2904 3205 κοινῇ
2947 3132 3159 3194 τούτοις
3203 3129 3664 3200 συνωμολογήθη·
3703 3129 3801 3182 καὶ

2218 3233 2501 3302 συντόμως
2528 3231 2706 3283 εἰπεῖν
2738 3229 2800 3283 τὸ
2825 3228 3026 3281 οἰκεῖον
3057 3226 3496 3297 ὁμολογήσαντες
3525 3225 3797 3291 πταῖσμα,

2215 3326 2334 3386 ταῖς
2385 3321 2660 3390 ἀγκάλαις
2723 3318 3033 3390 προσῆλθον
3076 3319 3174 3386 τῆς
3220 3315 3552 3386 Ἐκκλησίας
3610 3315 3803 3384 φιλαν-

2217 3415 2456 3486 θρώπως
2496 3412 2919 3480 ὑπανοιγείσαις
2962 3410 3167 3472 αὐτοῖς.
3211 3407 3499 3462 ’Λπὲκλειε
3551 3407 3650 3475 μὲν
3689 3404 3800 3476 γὰρ

2221 3510 2385 3579 μέχρι
2422 3508 2518 3561 τοῦ
2553 3507 2826 3577 παρόντος
2867 3507 2901 3575 ἡ
2946 3502 3242 3573 Ἐκκλησία
3289 3502 3388 3565 τὰς
3413 3501 3682 3568 ἀγκάλας,
3708 3495 3801 3552 οἷοι

2215 3601 2286 3655 τά
2323 3601 2646 3672 ἀνθρώπινα
2691 3598 2961 3652 κάκείνων
3009 3595 3370 3665 ἀνθρωπίνως
3411 3593 3801 3662 διακειμένων,

2217 3697 2311 3749 καὶ
2343 3694 2445 3747 οὐκ
2476 3689 2592 3746 οἶδα
2632 3692 2819 3754 ποίαις
2849 3689 3053 3752 αἰτίαις
3084 3687 3427 3756 ἀγαπώντων
3463 3684 3555 3739 τοῦ
3590 3685 3811 3738 ἀντιλέ-

2216 3807 2357 3858 γειν.
2407 3787 2559 3840 Ἐπεὶ
2589 3787 2647 3839 δὲ
2697 3785 2877 3838 πάντα
2909 3785 3095 3836 ἐκεῖνα
3131 3781 3267 3834 Θεοῦ
3307 3781 3529 3851 εὐδοκία
3577 3780 3809 3862 γέγονεν

2216 3877 2484 3940 ἐκποδὼν,
2522 3877 2621 3945 τῆς
2667 3875 2820 3938 θείας·
2865 3873 3276 3944 μεσιτευσάσης
3323 3873 3566 3942 εἰρήνης.
3605 3869 3814 3941 συνήλ-

2216 3971 2385 4040 θομεν
2433 3971 2513 4032 εἰς
2564 3965 2816 4036 ἑνότητα,
2881 3966 2969 4018 καί
3015 3963 3429 4034 προσελάσομεν
3485 3963 3613 4025 τοὺς
3662 3963 3808 4024 τέως

2217 4061 2276 4125 ἐξ
2310 4059 2466 4131 ἡμῶν
2497 4058 2881 4129 διισταμένους
2921 4057 2997 4119 ώς
3026 4057 3209 4110 οἰκεῖα
3239 4055 3427 4117 τέκνα,
3467 4054 3562 4106 καὶ
3592 4053 3665 4116 ώς
3705 4052 3807 4122 με-

2216 4156 2368 4207 λεσιν
2425 4153 2580 4215 ἰδίοις
2633 4149 3016 4221 συνήφθημεν,
3067 4151 3164 4203 καὶ
3223 4149 3412 4202 λοιπὸν
3459 4147 3667 4217 ἐστινὴ
3707 4147 3807 4198 τοῦ

2215 4246 2351 4298 Θεοῦ
2413 4244 2714 4314 Ἐκκλησία
2753 4242 2852 4312 μία
2902 4241 3115 4310 κεφαλὴ
3165 4239 3243 4310 τῷ
3297 4238 3498 4309 πρώτῳ
3553 4237 3812 4307 ἀρχιερεῖ

2220 4339 2314 4389 καὶ
2337 4336 2457 4407 Θεῷ
2489 4336 2672 4406 ἡμῶν,
2715 4336 2810 4388 καὶ
2849 4337 2987 4404 ἡμῖν
3014 4336 3127 4397 τοῖς
3161 4333 3427 4399 ἀναξίοις,
3455 4331 3605 4400 ὅμως
3633 4329 3678 4380 δ’
3709 4324 3810 4382 οὖν

2221 4426 2642 4497 ἀρχιερατεύειν
2690 4425 3044 4496 ἠξιωμένοις,
3082 4425 3176 4479 καὶ
3223 4420 3805 4493 συναρμολογουμένη,

2225 4521 2317 4572 καὶ
2347 4518 2642 4590 ἀταράχως
2671 4519 3088 4589 διευθυνομένη.
3123 4518 3272 4589 Πλὴν
3306 4517 3504 4585 ὀλίγων
3538 4516 3722 4576 τινῶν,
3756 4515 3809 4566 οἳ

2219 4611 2282 4665 τ’)
2312 4610 2684 4682 γνωρίζεσθαι
2727 4610 2945 4682 ἔχοντες
2997 4609 3057 4675 ἐξ
3103 4609 3311 4677 ἀγαθοῦ
3341 4607 3568 4678 τρόπον,
3614 4605 3703 4658 ἵνα
3734 4603 3812 4674 μὴ

2222 4705 2314 4758 τὸν
2347 4705 2463 4775 βίον
2499 4704 2783 4774 ἀνώνυμον
2818 4704 3182 4774 διαπερῶσιν,
3217 4705 3283 4755 ὲκ
3323 4702 3422 4770 τῆς
3456 4698 3669 4752 ἑαυτῶν
3711 4715 3810 4750 πε-

2227 4796 2569 4868 ρινοούμενοι
2607 4798 2807 4860 κακίας
2847 4797 2908 4850 τὸ
2935 4797 3084 4865 δῆλοι
3112 4793 3408 4864 τυγχάνειν
3442 4792 3568 4844 ὅσον
3598 4790 3685 4841 ἐπ’
3710 4789 3816 4844 αὖ·

2226 4893 2336 4953 τοῖς
2368 4890 2445 4959 τῷ
2497 4890 2685 4961 οἰκείῳ
2735 4890 3010 4961 μερισμῷ,
3061 4890 3253 4942 λυπεῖν
3300 4887 3400 4956 τὴν
3455 4886 3688 4953 ἑνότητα
3746 4882 3812 4935 οῦ

2223 4979 2634 5034 διευλαὸοῦνται
2658 4981 2757 5050 τῆς
2774 4981 3127 5050 Ἐκκλησίας’
3149 4979 3286 5050 πλὴν
3310 4978 3407 5030 καὶ¹
3427 4970 3573 5030 οὗτοι
3593 4974 3819 5034 πάντως

2224 5075 2273 5126 εἰ
2322 5074 2423 5144 τῆς
2470 5076 2715 5144 κεφαλῆς
2748 5073 2910 5142 ἡμῶν
2944 5075 3050 5126 εἱσι
3103 5072 3197 5126 τοῦ
3257 5069 3495 5141 μεγάλου
3547 5065 3684 5120 Θεοῦ
3716 5066 3818 5118 καὶ

2224 5165 2528 5237 ἀρχιερέως
2559 5167 2740 5237 ἡμῶν,
2767 5167 3118 5238 ἀγαπήσουσι
3165 5164 3325 5234 τυχὸν
3356 5165 3457 5234 μὲν
3501 5161 3618 5224 νῦν,
3648 5161 3814 5228 τυχὸν

2227 5260 2284 5312 δὲ
2315 5260 2455 5328 μετὰ
2482 5258 2641 5313 τοῦτο
2672 5258 3122 5331 συναρμοσθῆναι
3147 5261 3212 5328 τῇ
3245 5255 3460 5310 ἑαυτῶν
3484 5253 3696 5322 κεφαλῇ
3720 5267 3736 5282 ·
3765 5253 3819 5304 εἰ

2227 5353 2283 5404 δὲ
2313 5353 2411 5422 μὴ,
2456 5354 2692 5422 πρᾶγμα
2720 5352 2873 5406 οὐδέν
2896 5367 2910 5383 ο
2945 5354 2992 5405 οἱ
3027 5353 3125 5422 μὲν
3173 5353 3282 5420 γὰρ
3319 5348 3590 5443 κείσονταί.
3619 5346 3706 5443 εἰς
3745 5343 3817 5443 ἠγ

2227 5445 2261 5514 ἠ
2294 5444 2500 5498 τούτων
2531 5445 2760 5499 ἀπόνοια
2795 5445 3078 5510 ἐξελέξατο
3115 5441 3300 5512 χώραν
3326 5457 3340 5471 ο
3375 5442 3409 5510 ἡ
3442 5439 3500 5491 δὲ
3539 5436 3670 5506 ἁγία
3712 5436 3815 5488 τοῦ

2227 5539 2361 5590 Θεοῦ
2425 5539 2726 5609 Ἐκκλησία
2791 5538 2893 5606 τῆς
2955 5535 3336 5604 ταραττούσης
3391 5530 3564 5602 αὐτὴν
3627 5527 3818 5587 αἰτίας

539 5611 956 5687 ἀπηλλαγμένη,
989 5622 1100 5692 ἔχει
1140 5625 1240 5694 τὴν
1305 5625 1442 5680 ἰδίαν
1507 5625 1662 5690 τάξιν
1713 5628 1972 5700 εὐσταθῆ,
2050 5631 2452 5702 εὐχαριστοῦσα
2504 5619 2727 5702 Χρὶστῷ
2807 5629 2886 5700 τῷ
2926 5629 3146 5730 νυμφίιρ
3206 5626 3401 5730 αὐτῆς,
3435 5623 3578 5730 ὑπὲρ
3639 5614 3717 5674 ὧν
3751 5635 3812 5730 τε

540 5707 652 5764 τῶν
681 5708 993 5765 σκανδάλων
1024 5718 1391 5790 ἀπήλλακται,
1430 5723 1524 5777 καὶ
1555 5724 1696 5794 ὑπὲρ
1737 5717 1810 5777 ὧν
1838 5724 1904 5778 τὰ
1931 5727 2108 5780 οἰκεῖα
2143 5725 2330 5793 κύκλῳ
2399 5725 2574 5796 αὐτῆς
2609 5725 2997 5794 παριστάμενα
3027 5722 3237 5793 καθορᾷ
3310 5719 3501 5785 τέκνα,
3534 5717 3696 5778 ὅσους
3732 5713 3818 5784 μὴ
