3996 6208
293 266 385 329 ιυι
1700 273 2108 337 EPISTOL/E.
3444 287 3545 356 l02

287 383 314 432 6
335 381 393 446 ἑξ
429 381 603 451 ἀρχῆς
631 383 988 456 ἀποσυλήσας
1017 387 1109 442 τὸν
1139 387 1432 458 ἄνθρωπον
1463 387 1561 458 τῆς
1594 388 1877 458 μακαρίας
1909 388 2248 459 οἰκειότητος
2277 391 2368 444 καὶ
2427 392 2521 446 νῦν
2562 394 2907 467 ἀποσυλῆσαι
2969 414 3063 452 του
3099 398 3378 469 ἱερατικοῦ
3414 410 3542 478 πλη-

292 479 367 548 ρὼ
377 495 547 543 ματος
573 478 882 549 δεδύνηται.

356 572 540 624 Ταῦτά
575 589 681 636 σοι,
730 575 922 629 τέκνον
952 577 1135 646 ἡμῶν,
1169 581 1238 632 τὰ
1284 582 1609 650 εὐαγγέλια,
1651 578 1733 643 οἷς
1764 579 1832 632 πέ

2035 579 2157 635 llaec
2187 592 2336 649 sunt,
2369 584 2438 637 ﬁli
2472 585 2565 649 mi,
2602 588 2790 641 nuntia
2825 588 3024 657 quibus
3060 590 3191 644 mihi
3245 601 3543 662 persuadeo

288 683 516 735 πεισμαι
548 667 650 736 τὴν
708 667 808 736 σὴν
838 669 1212 740 εὐφρανθῆναι
1261 673 1440 744 ψυχὴν
1485 674 1608 726 ὅσον
1647 673 1736 726 ἐπ’
1765 672 1858 724 οὑ-

285 757 389 808 δενὶ
449 757 595 827 ἄλλῳ
643 758 754 810 τῶν
799 760 857 812 ὲν
916 761 1228 832 ἀνθρώποις
1287 766 1547 835 παρέχειν
1590 765 1860 836 εὐφροσύ-

285 865 378 916 νην
429 850 664 903 εἰδότων,
711 851 784 902 Τὸ
828 851 875 904 δ’
907 853 1015 906 ἀπὸ
1062 857 1252 908 τούτου
1296 856 1382 920 τίς
1447 874 1538 927 μοι
1583 856 1661 927 τῷ
1715 858 1858 926 λόγῳ

284 939 752 1008 συνεπιλήψεταω
816 943 911 1005 Τίς
972 945 1319 1000 συλλαλοῦντι
1381 965 1472 1016 μοι
1538 951 1602 1018 τῇ
1673 948 1859 1017 φιλαν-

261 1017 485 1099 ίθρὼπῳ
517 1031 612 1082 καὶ
641 1033 958 1107 γλυκυτάτη
980 1035 1124 1106 ψυχῇ
1159 1039 1547 1108 συμπαρέσται
1580 1041 1856 1093 κοινωνῶν

282 1120 354 1187 τῷ
383 1121 563 1190 λόγῳ;
593 1123 702 1174 Καὶ
728 1125 1120 1195 άναμνήσομέν
1154 1146 1212 1180 σε
1241 1127 1375 1181 Θεοῦ
1399 1129 1634 1192 διδόντος
1662 1129 1722 1182 οὐ
1756 1136 1855 1199 μὲν

280 1205 368 1260 οὖν
423 1211 854 1283 ἐπιλελησμένον
908 1218 1007 1284 τῆς
1051 1219 1261 1282 οἰκείας
1309 1221 1679 1290 ἡμερότητος,
1739 1222 1852 1274 ἀλλ’

281 1301 377 1352 ὑπὸ
406 1303 716 1372 ἀνθρώπων
752 1307 852 1359 οὐκ
896 1302 1014 1360 οἶδα
1044 1309 1100 1361 τί
1134 1311 1263 1380 περὶ
1293 1311 1476 1365 αὐτῶν
1515 1313 1674 1376 εἴπω,
1711 1312 1854 1383 πλὴν

276 1392 352 1444 ὅτι
383 1395 574 1457 κακῶς
623 1396 903 1450 διαθέσθαι
930 1399 1012 1453 -τά
1058 1401 1388 1473 Βουλγάρων
1419 1405 1513 1456 καὶ
1557 1403 1849 1473 Ῥωμαίων

277 1487 576 1555 πράγματα
624 1488 1060 1558 διανοηθέντων,
1119 1493 1232 1546 εἴτε
1278 1495 1520 1559 οἴκοθεν,
1577 1496 1688 1548 εἴτε
1745 1498 1851 1549 ὑπὸ

271 1575 524 1646 δαίμονος
570 1582 813 1651 πονηροῦ
870 1585 1008 1654 πρὸς
1059 1585 1220 1639 τοῦτο
1269 1590 1672 1658 κεκινημένων,
1714 1591 1850 1655 τέως

271 1671 624 1737 παρεξελθεῖν
677 1673 1053 1745 βιασαμένων,
1103 1679 1195 1732 καὶ
1227 1681 1307 1743 είς
1351 1683 1655 1753 πράγματα
1683 1701 1851 1737 κατα-

272 1760 468 1829 στῆσαι
520 1762 557 1816 ἀ
603 1765 876 1834 μηδέποτε
929 1768 1054 1821 οὗτε
1105 1772 1268 1835 αὐτὸς
1315 1773 1573 1843 ῆλπισας,
1621 1775 1704 1827 υἱέ
1745 1793 1847 1845 μου

269 1854 772 1926 φιλανθρωπότατε,
823 1862 946 1914 οὔτε
1000 1865 1187 1933 ἡμεῖς,
1225 1866 1346 1918 οὕτε
1386 1884 1471 1930 τις
1521 1869 1681 1932 ἄλλος
1738 1871 1846 1923 τῶν

265 1951 360 2014 την
415 1947 515 2018 σὴν
568 1952 954 2017 γινωσκόντων
1010 1955 1044 2025 ἢ
1095 1957 1403 2012 ἀκουόντων
1459 1961 1845 2031 φιλάνθρωπον

266 2039 354 2088 καὶ
407 2040 780 2112 ἡμερωτάτην
827 2043 1032 2115 ψυχήν.
1065 2047 1159 2110 Τίς
1190 2048 1300 2119 γὰρ
1334 2050 1494 2104 τοῦτο
1543 2053 1675 2106 ποτὲ
1714 2057 1845 2127 πρὶν

264 2130 522 2196 γενέσθαι
563 2135 986 2205 προσεδόκησεν,
1019 2139 1099 2191 ὅτι
1133 2140 1360 2210 Συμεὼν
1401 2143 1428 2194 ό
1456 2143 1543 2197 διὰ
1577 2145 1844 2216 φρόνησιν

264 2223 533 2292 μεγάλην,
576 2225 602 2276 6
649 2226 736 2278 διὰ
778 2229 838 2280 τὸ
897 2228 1148 2300 θεοφιλὴς
1188 2227 1326 2286 εἷναι
1378 2238 1456 2298 εἰς
1499 2238 1640 2306 μέγα
1685 2239 1845 2311 δόξης

263 2315 316 2367 τὸ
349 2316 683 2386 Βουλγάρων
712 2319 865 2382 ἔθνος
899 2323 1146 2392 ἀγαγὼν,
1174 2327 1201 2379 6
1234 2329 1500 2398 πονηρίαν
1523 2333 1577 2383 εἴ
1595 2329 1678 2393 τίς
1712 2350 1841 2385 ποτε

260 2405 570 2474 ἀνθρώπων
601 2410 800 2489 μισῶν,
835 2413 861 2463 6
885 2413 1234 2484 δικαιοσύνην
1267 2421 1465 2488 τιμῶν,
1489 2421 1516 2472 6
1549 2421 1842 2489 βδελυσσό-

259 2515 420 2567 μενος
464 2485 748 2564 άδικίαν,ὁ
792 2504 1056 2572 κρείττων
1108 2485 1345 2575 ἡδονῶν,
1379 2515 1406 2564 6
1454 2485 1559 2583 τὴν.
1599 2517 1840 2584 γαστέρα

258 2593 546 2661 κατά-[κων
576 2593 730 2646 οὐδὲν
762 2591 923 2666 ἦττον
968 2596 1049 2664 οἷς
1091 2602 1148 2654 ὲν
1176 2602 1416 2675 ὄρεσινή
1455 2605 1590 2678 ζωὴ,
1631 2611 1661 2661 6
1695 2610 1838 2663 οἴνου

253 2683 545 2748 ἄγευστος,
585 2687 612 2737 ὀ
657 2688 780 2738 κατ’
807 2690 958 2743 οὐδὲν
1006 2695 1408 2763 παραλλάσσων
1449 2699 1560 2752 τῶν
1610 2701 1714 2766 ἔξω
1744 2705 1838 2758 τοῦ

253 2775 467 2844 κόσμου
495 2775 599 2848 ζῇν
647 2781 1171 2851 ἐπαγγελλομένων,
1206 2787 1237 2855 ἢ
1268 2788 1327 2840 ἐν
1360 2790 1495 2862 μόνη
1540 2797 1606 2863 τῇ
1639 2795 1840 2866 κυϐερο

252 2869 406 2938 νήσει
441 2871 542 2941 τῆς
591 2877 742 2943 παρᾶ
794 2873 929 2926 Θεοῦ
981 2876 1273 2950 δεδομένης
1309 2883 1458 2952 αὐτῷ
1505 2885 1706 2956 ἀρχῆς.
1741 2889 1840 2953 Τίς

251 2961 319 3012 ἂν
367 2961 468 3014 οὖν
518 2965 850 3033 προσδοκίαν
877 2967 1036 3036 ἔσχεν
1064 2969 1137 3030 ὡς
1177 2973 1205 3023 6
1257 2974 1500 3038 τοιοῖτος
1549 2982 1646 3030 καὶ
1694 2980 1838 3033 οὕτω

251 3054 512 3124 θεοφιλὴς
543 3057 829 3127 ἄνθρωπος
864 3063 943 3123 είς
977 3061 1045 3114 τά
1076 3062 1170 3115 νῦν
1215 3066 1594 3122 καταλαϐόντα
1624 3071 1837 3140 χαλεπὰ

263 3142 964 3224 Ῥωμαίουςπεριστήσει
1027 3156 1122 3209 καὶ
1161 3159 1526 3231 Βουλγάρους.
1593 3167 1686 3218 καὶ
1740 3169 1837 3238 τὴν

1965 671 2142 739 magis
2171 672 2431 728 oblectavi
2465 684 2610 728 tuam
2645 687 2879 732 mentem
2931 695 3092 748 quam
3129 686 3321 749 quavis
3351 687 3456 740 alia
3488 705 3544 744 re

1965 774 2088 826 quae
2142 761 2280 816 inter
2325 764 2572 818 homines
2619 769 2791 835 possit
2844 772 3258 827 oblectationem
3295 776 3539 845 afferre;

1960 853 2052 905 sed
2075 853 2272 908 exinde
2296 856 2421 924 quis
2442 873 2560 911 meo
2581 862 2818 914 sermoni
2843 863 3059 930 adjutor
3089 867 3230 920 erit?
3250 867 3382 933 Quis
3407 872 3538 926 mihi

1960 953 2106 998 tuam
2134 946 2587 1004 humanissimam
2620 954 3108 1024 suavissimamque
3143 970 3377 1014 mentem
3411 964 3542 1016 alb:-

1957 1038 2408 1106 qucntiaderitse
2425 1044 2781 1098 consocians?
2810 1046 2874 1100 Et
2901 1049 3222 1112 te,donante
3246 1051 3372 1116 Deo,
3389 1071 3538 1109 com-

1958 1129 2701 1202 monefaciam,nonlquidem
2719 1137 2940 1191 oblitum
2963 1149 3065 1193 tum
3082 1147 3537 1214 mansuetudinis,

1956 1219 2049 1272 sed
2083 1223 2466 1277 exacerbatnm
2503 1227 2570 1277 ab
2613 1228 2928 1283 hominibus
2952 1233 3018 1286 de
3059 1236 3257 1302 quibus
3286 1237 3416 1306 quid
3450 1240 3534 1292 di—

1955 1325 2074 1364 cam
2107 1314 2290 1366 nescio
2322 1314 2424 1367 nisi
2479 1330 2577 1370 eos
2625 1319 2891 1388 cogitasse
2928 1337 3016 1377 res
3065 1323 3419 1394 Bulgarorum
3450 1337 3556 1382 a:-'

1954 1417 2060 1470 que
2106 1401 2474 1460 Romanorum
2504 1409 2644 1463 male
2673 1425 3018 1480 componere,
3041 1416 3157 1470 sive
3185 1433 3251 1471 ex
3294 1434 3353 1472 se
3380 1421 3534 1488 ipsis,

1953 1493 2068 1546 sive
2099 1508 2128 1546 a
2169 1495 2405 1550 scelesto
2467 1505 2713 1555 (nemone
2745 1504 2810 1556 ad
2847 1503 2899 1558 id
2955 1517 3152 1572 motos,
3191 1517 3240 1563 te
3268 1526 3442 1580 usque
3471 1530 3535 1568 eo

1953 1588 2204 1656 progredi
2237 1590 2486 1659 coegisse
2514 1601 2569 1645 et
2589 1594 2654 1646 ad
2693 1593 2834 1650 facta
2867 1597 3151 1666 impulisse
3179 1616 3299 1669 qua:
3321 1613 3374 1656 tu
3395 1619 3532 1656 nun-

1953 1694 2139 1747 quam,
2183 1680 2578 1738 humanissime
2607 1684 2701 1750 fili,
2743 1702 3046 1756 sperasses,
3082 1706 3256 1761 neque
3284 1707 3404 1757 nos,
3433 1709 3533 1747 nec

1952 1772 2132 1840 quivis
2156 1774 2296 1828 alius
2329 1776 2469 1829 inter
2498 1791 2594 1831 eos
2631 1779 2721 1847 qui
2746 1779 3042 1834 humanam
3079 1791 3132 1836 et
3161 1783 3529 1839 dulcissimam

1953 1875 2099 1918 tuam
2152 1875 2388 1921 mentem
2427 1883 2647 1934 norunt,
2717 1882 2810 1925 aut
2841 1873 2910 1927 de
2951 1889 3012 1926 ea
3051 1861 3340 1930 audierunt
3369 1896 3382 1930 :
3410 1879 3534 1947 quis

1951 1959 2094 2013 enim
2127 1975 2408 2029 nunquam
2435 1961 2523 2016 illa
2564 1974 2825 2018 eventura
2852 1979 2974 2018 esse
3011 1967 3420 2023 existimasset?
3445 1971 3532 2023 Si-

1951 2067 2224 2117 meonem,
2252 2053 2477 2118 scilicet,
2507 2055 2686 2118 illum,
2722 2057 2814 2125 qui
2841 2057 2910 2110 ob
2935 2073 3185 2127 magnam
3214 2075 3368 2114 suam
3399 2078 3532 2131 pru-

1947 2138 2212 2203 dentiam,
2248 2144 2318 2196 ob
2352 2143 2628 2211 pietatem,
2658 2143 3018 2214 Bulgarorum
3049 2159 3259 2218 gentem
3312 2151 3377 2204 ad
3411 2168 3531 2206 ma-

1947 2248 2108 2297 gnam
2135 2233 2359 2302 gloriam
2385 2237 2583 2302 evexit,
2609 2237 2700 2306 qui
2736 2237 3021 2305 malitiam,
3059 2250 3116 2294 ut
3150 2243 3240 2310 qui
3273 2251 3530 2312 maxime,

1947 2330 2156 2390 oderat,
2205 2327 2297 2395 qui
2339 2327 2604 2396 justitiam
2639 2329 2872 2394 colebat,
2916 2331 3347 2403 injustitiamquc
3367 2349 3528 2392 exse-

1948 2418 2221 2482 crabatur,
2281 2419 2375 2488 qui
2414 2420 2717 2489 voluptates
2778 2424 3087 2490 superabat,
3139 2427 3232 2494 qui
3286 2435 3525 2480 ventrem

1947 2521 2055 2560 non
2089 2507 2270 2562 minus
2296 2508 2581 2562 coercebat
2608 2512 2884 2580 quamqui
2914 2512 2965 2564 in
2997 2515 3272 2567 montibus
3302 2515 3525 2584 degunt,

1946 2598 2039 2666 qui
2067 2599 2250 2651 vinum
2296 2613 2405 2652 non
2445 2600 2721 2667 gustabat,
2754 2603 2846 2670 qui
2877 2603 3010 2654 nihil
3037 2603 3315 2659 differebat
3342 2608 3409 2661 ab
3446 2610 3529 2663 his

1944 2693 2035 2763 qui
2067 2704 2217 2746 extra
2249 2694 2512 2746 mundum
2551 2695 2733 2748 vivere
2775 2697 3165 2765 pradicantur,
3218 2701 3320 2754 nisi
3350 2702 3408 2756 in
3435 2705 3531 2758 ad-

1944 2782 2350 2835 ministratione
2383 2783 2665 2852 dignitatis
2707 2785 2801 2838 tibi
2841 2804 2870 2838 a
2911 2787 3020 2841 Deo
3061 2803 3369 2846 concessam
3405 2795 3528 2862 quis

1943 2889 2071 2941 ergo
2103 2874 2470 2928 existimasset
2503 2875 2662 2928 talem
2699 2877 2878 2930 virum
2941 2890 3046 2931 tam
3100 2880 3247 2942 pium
3299 2883 3350 2936 in
3393 2899 3528 2952 pra:-

1943 2967 2117 3019 sentia
2153 2965 2294 3018 mala
2332 2967 2610 3019 Ronnanos
2635 2976 2686 3020 et
2717 2965 2982 3034 Bulgaros
3009 2986 3129 3024 esse
3162 2971 3522 3040 dejecturum,

1943 3056 1998 3109 in
2019 3055 2380 3110 enlrrabilem
2416 3059 2699 3126 sanguinis
2731 3057 3076 3126 effusionem,
3103 3065 3156 3116 in
3194 3071 3401 3118 tantam
3435 3080 3526 3119 va-

1943 3149 2253 3212 stationem,
2300 3149 2437 3218 proh
2478 3149 2664 3202 dolor!
2703 3150 2797 3203 Dei
2843 3151 3219 3218 ecclesiarum,
3252 3164 3525 3211 monaste-

248 3242 485 3310 ἄπειρον
513 3241 624 3294 τῶν
655 3244 906 3313 αἱμάτων
937 3246 1098 3316 χύσιν
1143 3248 1238 3302 καὶ
1271 3251 1368 3320 τὴν
1397 3255 1667 3324 τοσαύτην
1702 3259 1836 3327 ἐρη-

1946 3238 2266 3306 riorumqne
2301 3237 2599 3306 virginum,
2641 3253 2875 3307 quarum
2917 3240 3039 3294 vita:
3067 3243 3368 3310 saapissime
3397 3261 3522 3314 par-

250 3334 403 3400 μίαν,
441 3333 590 3402 οῐμοι
635 3335 872 3404 ἐρημίαν
913 3336 1224 3407 ἐκκλησιῶν
1255 3339 1410 3404 Θεοῦ,
1465 3341 1835 3412 διαιτημάτων

252 3423 566 3494 παρθένων,
614 3427 670 3479 αἲ
722 3427 988 3493 πολλάκις
1029 3432 1124 3484 καὶ
1172 3432 1234 3484 τὸ
1281 3435 1546 3486 ἀναπνεῖν
1570 3436 1662 3488 τὸν
1696 3437 1835 3509 ἀέρα

250 3517 550 3584 ἐφείδοντο,
590 3519 979 3589 μοναστηρίων
1012 3522 1247 3590 ἀνδρῶν,
1281 3517 1340 3576 οὗ
1369 3524 1539 3578 νύκτα
1572 3529 1665 3580 καὶ
1697 3531 1806 3598 ἡμέ

253 3625 353 3674 ραν
384 3609 516 3673 Θεὸς
541 3611 901 3681 ὑμνολογεῖτο
933 3615 1027 3667 καὶ
1060 3613 1360 3679 ἐδοξάζετο.

323 3703 391 3754 Τί
417 3721 485 3772 με
509 3704 592 3756 δεῖ
617 3704 796 3773 λέγειν
827 3706 1056 3772 πόλεων,
1089 3707 1276 3778 χώρας
1299 3707 1487 3778 ἄλλης,
1515 3711 1704 3779 οἴκων,
1733 3715 1832 3767 ὅσα

253 3796 365 3857 τοῖς
414 3795 731 3865 ἀνθρώποις
776 3797 856 3860 είς
912 3799 1271 3866 παραμυθίαν
1326 3801 1689 3866 σπουδάζεται
1735 3808 1832 3874 τῆς

261 3887 420 3957 ζωῆς,
447 3888 544 3957 τὴν
571 3887 739 3956 ἄλλην
767 3891 1075 3958 συμφοράν,
1101 3891 1198 3956 ’ὀση
1229 3890 1290 3943 τὺ
1332 3891 1674 3961 ἀνθρώπινον
1704 3913 1830 3950 συν-

263 3981 403 4047 εῖχε,
451 3978 680 4048 χηρείαν
724 3973 888 4048 φημὶ,
939 3981 1226 4050 ὀρφανίαν,
1280 3982 1526 4052 ἀδελφῶν
1598 3989 1831 4042 ἀποστέ-

266 4085 437 4136 ρησιν,
469 4071 875 4139 αἰχμαλωσίαν,
909 4072 1180 4135 δουλείαν,
1216 4075 1312 4127 καὶ
1353 4076 1536 4139 ἁπλῶς
1565 4079 1686 4130 ἀντὶ
1731 4081 1830 4149 τῆς

266 4161 446 4231 πρώην
481 4162 810 4232 Βουλγάρων
835 4164 929 4216 καὶ
973 4161 1262 4233 Ῥωμαίων
1310 4167 1562 4233 εύζωίας,
1596 4169 1692 4240 τὴν
1715 4170 1830 4224 ἐλε-

264 4252 404 4320 εινὴν
429 4253 633 4324 ταύτην
670 4253 998 4325 μεταϐολὴν,
1031 4257 1108 4318 είς
1132 4255 1198 4326 ἣν
1229 4257 1292 4309 ἐκ
1324 4257 1430 4310 τῶν
1461 4259 1552 4311 τοῦ
1589 4261 1828 4332 πολέμου

265 4346 438 4398 κακῶν
483 4348 888 4419 περιέστησεν;
939 4348 1053 4400 Uine
1084 4350 1295 4422 ἐχθρῶν
1325 4351 1483 4405 τοῦτο
1529 4353 1829 4424 διαπραξα-

267 4433 454 4500 μένων,
485 4437 547 4488 οὑ
578 4438 688 4489 τῶν
714 4438 819 4503 ἔξω
844 4438 944 4508 τῆς
976 4439 1218 4508 μάνδρας
1241 4439 1334 4493 τοῦ
1358 4442 1613 4511 ἀληθινοῦ
1634 4446 1830 4514 ποιμέ-

265 4540 344 4583 νος
372 4526 610 4595 Χριστοῦ
639 4527 734 4580 τοῦ
776 4528 910 4580 Θεοῦ
948 4529 1125 4597 ἡμῶν,
1153 4531 1212 4582 οὐ
1258 4532 1369 4583 τῶν
1402 4532 1700 4604 ἀλλοτρίων
1728 4537 1827 4606 τῆς

1945 3327 2112 3380 citum
2156 3337 2292 3389 erat,
2349 3328 2806 3380 monasteriorum
2841 3343 3060 3398 quoque
3118 3331 3382 3395 virorum,
3433 3336 3520 3389 ubi

1945 3415 2032 3471 die
2063 3432 2126 3472 ac
2158 3427 2315 3471 nocte
2349 3418 2415 3470 ad
2446 3417 2612 3472 Deum
2646 3417 2835 3487 hymni
2866 3428 2920 3472 et
2948 3419 3134 3474 laudes
3161 3423 3526 3477 decantaban-

1946 3519 2052 3562 tur.

2012 3695 2150 3762 Quid
2191 3711 2276 3747 me
2306 3705 2519 3763 oportet
2542 3695 2726 3750 dicere
2757 3695 2993 3762 urbium,
3025 3713 3297 3768 agrorum,
3329 3699 3522 3756 domo-

1942 3803 2061 3840 rum
2093 3796 2146 3840 et
2175 3787 2416 3840 omnium
2452 3803 2572 3856 qua:
2599 3786 2843 3852 homines
2867 3789 2931 3840 ad
2960 3792 3079 3844 vita:
3096 3791 3518 3848 consolationem

1941 3886 2150 3940 curant,
2185 3878 2421 3940 ruinam,
2455 3878 2795 3942 viduitatem,
2831 3877 3059 3940 scilicet,
3088 3878 3383 3934 liberorum
3427 3896 3519 3935 or-

1942 3968 2191 4030 bilatem,
2242 3966 2469 4019 fratrum
2527 3968 3521 4037 privationem,captivitatem,servi-

1942 4068 2134 4122 tutem,
2167 4072 2275 4110 uno
2311 4057 2495 4119 verbo,
2541 4071 2639 4124 pro
2672 4058 2897 4124 pristina
2929 4057 3284 4126 Bulgarorum
3317 4067 3368 4112 et
3411 4061 3521 4114 Ro-

1939 4164 2225 4204 manorum
2265 4141 2539 4208 felicitate,
2574 4147 2718 4198 illam
2751 4149 3112 4201 miserandam
3142 4151 3516 4214 mutationem,

1939 4242 2005 4297 ad
2061 4257 2222 4308 quam
2267 4241 2390 4293 belli
2442 4240 2596 4291 malis
2630 4239 3015 4291 devenerunt?
3067 4240 3181 4293 Non
3215 4252 3394 4296 autem
3451 4243 3520 4297 ab

1940 4334 2186 4388 hostibus
2210 4347 2273 4386 ea
2308 4330 2444 4384 facta
2492 4339 2644 4394 sunt,
2682 4344 2781 4381 nec
2821 4329 2889 4380 ab
2931 4328 2997 4380 iis
3052 4329 3143 4396 qui
3194 4338 3346 4381 extra
3378 4331 3520 4385 ovile

1938 4427 2050 4479 veri
2077 4424 2335 4494 pastoris,
2364 4421 2567 4475 Christi
2602 4420 2692 4473 Dei
2715 4420 2905 4482 nostri,
2945 4429 3094 4481 sunt,
3128 4427 3221 4472 aut
3248 4420 3316 4472 ab
3347 4421 3516 4474 barro-

1939 4523 2106 4576 ditate
2155 4519 2277 4573 fidei
2310 4515 2576 4579 extranei,
2622 4513 2716 4568 sed
2770 4528 2798 4566 a
2837 4512 3078 4582 quibus?
3115 4511 3291 4566 Eheu!
3331 4512 3511 4568 Eheu!

263 4623 620 4694 κληρονομίας
661 4627 760 4696 τῆς
809 4627 1068 4692 πίστεως,
1106 4628 1241 4680 ἀλλὰ
1282 4630 1481 4695 τίνων;
1520 4631 1608 4696 Ai,
1644 4633 1700 4686 αῖ
1722 4634 1830 4688 τῶν

1945 4612 2286 4684 gravissimos
2323 4623 2472 4662 meos
2503 4607 2754 4661 dolores!
2805 4605 2970 4673 proh!
3037 4605 3350 4659 miserabile
3393 4622 3516 4658 ver-

227 4717 231 4733 "
260 4716 398 4782 ὲμῶν
431 4718 756 4790 βαρυτάτων
777 4721 966 4773 παθῶν
991 4722 1003 4773 !
1039 4721 1138 4789 φεῦ
1166 4722 1260 4773 τοῦ
1288 4721 1519 4775 ἐλεεινοῦ
1554 4725 1828 4796 διηγήμα-

255 4812 369 4874 τοςι
409 4814 542 4882 πρὸς
593 4814 720 4877 τοὺς
757 4815 815 4866 ὲν
849 4814 1072 4883 Χριστῷ
1113 4816 1359 4884 πατέρας
1397 4815 1825 4889 ἐξεϐαρϐαρώθη

174 4916 180 4922 ”
217 4905 316 4970 έτὰ
347 4907 538 4970 τέκνα,
567 4907 666 4961 καὶ
699 4906 770 4959 τὰ
801 4907 1056 4975 πρόϐατα
1087 4906 1180 4958 τοῦ
1227 4909 1464 4978 Χριστοῦ
1505 4910 1626 4962 κατ’
1659 4911 1825 4982 ἀλλή-

251 4995 352 5050 λων
384 4999 855 5070 ἐξεθηριώθησαν,
886 5001 934 5052 οἱ
963 4999 1294 5070 κληρονόμοι
1335 5000 1435 5069 τῆς
1465 5005 1702 5066 πίστεως
1731 5007 1825 5058 καὶ

248 5091 685 5160 συγκληρονόμοι
717 5091 814 5160 τῆς
846 5091 1006 5161 δόξης
1036 5091 1130 5142 τοῦ
1165 5093 1405 5162 Χριστοῦ
1435 5094 1573 5163 πρὸς
1599 5095 1827 5158 ἑαυτοὺς

242 5183 761 5254 ἐξεπολεμώθησαν.
786 5183 883 5245 Τίς
913 5183 977 5235 ἄν
1004 5200 1137 5236 ποτε
1162 5184 1356 5253 ἤλπισε
1383 5184 1477 5236 καὶ
1526 5184 1689 5237 πάλιν
1711 5186 1824 5254 ὲρῶ

237 5277 468 5331 τοιαῦτα
500 5275 674 5346 πάθη,
719 5275 818 5329 καὶ
858 5275 1116 5328 τοιούτοιν
1153 5277 1448 5347 συμφορῶν
1495 5278 1820 5348 πράγματα,

239 5368 345 5435 πρὸ
381 5367 476 5420 τοῦ
519 5369 580 5419 ὲν
619 5366 740 5435 ὄψει
770 5364 948 5419 ταῦτα
991 5366 1141 5431 ἰδεῖν,
1179 5366 1485 5435 Ῥωμαίους
1526 5370 1617 5421 καὶ
1654 5367 1822 5418 Βουλυ-

239 5459 448 5530 γάρους
513 5458 888 5524 καταλαϐεῖν;
963 5457 1127 5510 ’Λλλά
1184 5456 1318 5524 γάρ,
1384 5456 1573 5509 τέκνον
1631 5455 1820 5524 ἡμῶν,

240 5549 662 5621 θεόφρούρητον,
698 5552 747 5603 εί
790 5549 885 5603 καὶ
915 5548 1182 5603 κατέλαῦε
1217 5547 1462 5612 τοιαῦτα,
1497 5548 1571 5609 ὡς
1605 5547 1715 5600 εἴθε
1749 5546 1824 5617 μὴ

241 5641 440 5710 ὢφελε,
478 5641 784 5695 κατέλαϐεν
834 5641 895 5706 ἐξ
921 5641 1189 5711 ἐπηρείας
1221 5638 1315 5692 τοῦ
1350 5635 1587 5709 πονηροῦ
1631 5638 1813 5707 δαίμοο

241 5751 350 5801 νος,
375 5735 682 5792 κατέλαϐεν
713 5737 778 5791 ὲκ
822 5734 1019 5805 φθόνου
1062 5733 1155 5786 τοῦ
1204 5733 1340 5787 πᾶσι
1375 5731 1476 5803 μὲν
1513 5729 1824 5801 ἀνθρώποις

1928 4705 2097 4762 bum!
2157 4703 2357 4756 Contra
2417 4713 2548 4753 suos
2600 4700 2652 4750 in
2711 4697 2930 4750 Cluislo
2983 4708 3233 4765 parentes
3299 4696 3516 4750 barbari

1930 4799 2058 4853 facti
2091 4806 2216 4852 sunt
2243 4796 2359 4859 filii,
2397 4792 2714 4859 Christique
2747 4805 2874 4841 oves
2920 4790 2971 4840 in
3024 4790 3254 4842 invicun
3283 4789 3516 4842 leiluina

1925 4893 2141 4948 feritate
2160 4889 2364 4943 efferati
2389 4894 2537 4950 sunt,
2555 4884 2679 4938 fidei
2710 4884 2970 4944 haercdcs,
2993 4881 3306 4950 Christique
3330 4883 3515 4952 gloria:

1925 4982 2238 5040 cohaeredes
2268 4981 2332 5032 ad
2369 4979 2600 5032 invicem
2631 4984 3002 5044 pugnaverunt
3041 4992 3054 5027 :
3093 4973 3213 5043 quis
3247 4988 3511 5040 unquam,

1931 5091 2154 5132 rursum
2193 5074 2338 5136 dico,
2373 5079 2454 5124 tot
2488 5069 2628 5122 mala
2666 5053 2960 5136 sperasset,
3003 5076 3192 5134 totque
3229 5064 3513 5118 calamita-

1931 5178 2033 5233 tes,
2086 5177 2379 5234 antequam
2429 5179 2614 5218 coram
2652 5162 2826 5216 oculis
2884 5160 3099 5219 viderit,
3151 5158 3427 5210 Romanos
3458 5165 3512 5209 et

1933 5262 2194 5331 Bulgaros
2215 5273 2334 5313 esse
2364 5247 3221 5326 deprehensurasexistimasset?
3249 5248 3376 5310 Sed,
3413 5247 3510 5313 tili,

1935 5357 2025 5410 Dei
2058 5353 2312 5424 praesidio
2338 5349 2479 5418 fulti,
2505 5350 2550 5404 si
2577 5350 2693 5414 illa,
2731 5362 2851 5416 qua:
2893 5346 3098 5399 utinam
3130 5356 3233 5394 non
3264 5339 3512 5392 accidere

1928 5447 2390 5519 oportuisset,nos
2420 5443 2560 5497 mala
2587 5431 3192 5510 deprehenderitnt,non
3213 5429 3506 5500 deprehen-

1929 5543 2145 5603 derunt,
2184 5538 2286 5592 nisi
2311 5537 2513 5590 malitia
2559 5533 2750 5587 nefarii
2785 5526 3068 5588 dzemonis,
3116 5523 3221 5578 nisi
3267 5523 3385 5592 ejus
3425 5524 3511 5575 in-

1928 5633 2071 5686 vidia
2095 5632 2186 5701 qui
2217 5629 2470 5684 omnibus
2505 5623 2816 5678 hominibus
2845 5617 3068 5682 invidet,
3110 5617 3343 5669 maxime
3385 5626 3512 5711 vero

1928 5723 2257 5780 Christianis
2311 5738 2325 5774 :
2373 5727 2564 5774 contra
2624 5713 2968 5770 Christianos
3019 5726 3254 5780 namque
3308 5704 3513 5760 invidia

3749 6123 3912 6158 *ι
