3996 6208
469 293 569 360 103

1596 285 1905 346 NICOLAI
1948 285 2055 344 (ΣΡ.
2096 280 2606 344 ΡΑΤΒΙΑΒΕΙῙΕ

3636 282 3737 346 lOi

466 410 638 480 inagis
669 406 990 463 accenditur
1019 404 1163 476 quod
1191 418 1284 459 eos
1320 411 1511 458 contra
1544 417 1600 456 se
1635 401 1834 454 bellum
1870 413 2054 470 gerere

2167 395 2513 467 φθονοῦντος,
2547 394 2783 463 μάλιστα
2816 394 2871 448 δὲ
2907 397 3257 466 Χριστιανοῖς
3280 413 3293 428 ο
3329 398 3468 452 κατὰ
3499 416 3746 468 χριστια-

471 503 643 566 novit,
680 501 825 569 quod
854 515 950 569 per
973 498 1321 553 Christianos
1347 498 1604 550 universo
1639 494 1770 548 orbe
1801 491 2058 544 exterrui-

469 603 631 648 natus
655 602 760 654 est,
797 599 850 646 et
882 590 1183 644 Christiani
1235 604 1407 658 usque
1445 588 1608 641 modo
1648 586 1792 638 illitis
1827 592 2061 653 potesta-

469 695 576 740 tv-m
617 683 910 738 humiliant
949 693 998 736 et
1030 697 1194 751 quam
1233 695 1491 751 perverse
1531 678 1768 732 instituit
1817 679 2060 748 tyranni-

471 777 589 828 dem
632 773 876 843 quotidie
916 782 1204 835 evertunt;
1235 788 1355 842 quae
1381 781 1598 841 propter
1629 771 1680 823 in
1711 770 2058 826 Christianos

467 866 673 920 insanit
711 874 764 918 et
795 872 1058 933 quantmu
1091 864 1143 917 iu
1171 878 1230 918 se
1254 874 1358 927 est,
1394 863 1652 918 omnibus
1682 864 1860 918 modis
1883 865 2059 918 studet

463 969 557 1006 eos
590 953 918 1006 contristare
971 952 1211 1005 vicissim
1255 963 1308 1005 et
1348 951 1505 1006 malis
1539 951 1805 1016 obruere;
1849 967 1914 1005 ex
1939 952 2058 1004 dia"-

464 1047 572 1100 boli
607 1046 850 1114 quidem,
895 1054 952 1098 ut
983 1045 1118 1110 dixi,
1162 1045 1370 1098 malitia
1424 1055 1548 1098 nata
1597 1053 1724 1098 sunt
1755 1044 1892 1097 mala
1930 1045 2055 1110 ista,

463 1151 626 1191 omne
667 1136 870 1189 malum
923 1136 1235 1205 superantia
1265 1153 1278 1187 :
1310 1133 1406 1188 sed
1443 1135 1608 1188 etiam
1639 1149 1705 1187 ex
1741 1133 2055 1188 hominibus

465 1233 578 1282 sive
609 1229 752 1281 illius
783 1227 1004 1280 malitia:
1033 1226 1478 1296 cooperantibus,
1512 1225 1626 1279 sive
1648 1233 1830 1280 mente
1859 1228 2054 1294 captis,

469 1331 523 1374 et
561 1323 638 1375 sie
667 1320 839 1374 bonos
875 1321 1047 1386 magis
1069 1318 1302 1373 discerni
1346 1317 1710 1383 facientibus;
1740 1320 1831 1387 qui
1857 1318 2055 1372 bellum

471 1422 662 1467 contra
697 1412 1121 1475 suscitaverunt,
1157 1410 1270 1463 sive
1301 1409 1515 1462 nefario
1556 1409 1790 1463 daemonii
1848 1425 2058 1479 coope-

468 1515 677 1566 rantes,
731 1505 842 1557 sive
874 1503 1069 1556 mentis
1097 1503 1396 1556 infortunio
1427 1502 1480 1555 in
1520 1503 1572 1556 id
1606 1504 1894 1556 consilium
1930 1504 2055 1568 acti,

467 1595 965 1660 suavissimamqne
1001 1603 1147 1645 tuam
1180 1603 1416 1645 mentem
1443 1592 1508 1645 ad
1553 1594 1708 1646 istam
1745 1593 2058 1663 dispositio-

465 1698 586 1737 nem
637 1689 993 1751 redegerunt;
1069 1691 1127 1736 ut
1169 1698 1313 1752 saepe
1348 1684 1546 1737 etenim
1581 1685 1780 1740 accidit
1829 1684 2054 1737 minima

2162 490 2268 541 νῶν
2296 488 2405 558 γὰρ
2437 487 2637 558 μᾶλλον
2675 487 2809 552 πρὸς
2845 487 3042 556 φθόνον
3073 488 3368 554 ἐξάπτεται
3403 490 3431 542 ὁ
3475 491 3747 558 διάϐολος,

2159 583 2294 634 διότι
2324 579 2550 642 τούτους
2591 577 2699 632 οἶδε
2734 580 3185 650 πολεμιωτάτους
3227 583 3399 654 αὐτῷ,
3438 584 3571 637 διότι
3599 589 3750 654 παρὰ

2163 672 2512 743 Χριστιανῶν
2548 676 2613 725 ἐκ
2645 673 2827 744 πάσης
2855 673 3112 743 ἀπηλάθη
3146 673 3244 742 τῆς
3275 677 3626 747 οἰκουμένης,
3660 679 3752 732 καὶ

2162 764 2486 833 Χριστιανοὶ
2518 765 2681 835 μέχρι
2711 767 2807 818 καὶ
2835 771 3078 837 σήμερον
3103 766 3201 837 τὴν
3233 767 3552 823 δυναστείαν
3580 773 3753 824 αὑτοῦ

2159 856 2519 921 ταπεινοῦσι,
2576 858 2670 909 καὶ
2717 858 2782 928 ἣν
2829 859 3016 923 κακῶς
3060 859 3380 931 ᾠκοδόμησε
3430 866 3752 932 τυραννίδα,

2160 947 2366 1016 ταύτην
2401 948 2487 1000 διὰ
2515 950 2716 1012 παντὸς
2758 950 3112 1004 καταλύουσι.
3154 954 3466 1008 Διάταῦτα
3496 956 3756 1024 μαίνεται

2162 1038 2302 1090 κατὰ
2329 1039 2824 1107 Χριστιανῶν,.διὰ
2853 1041 3026 1094 ταῦτα
3054 1046 3304 1106 παντοῖος
3338 1044 3549 1112 γίνεται
3580 1047 3661 1108 είς
3691 1046 3757 1097 τὸ

2164 1131 2284 1183 καθ’
2319 1132 2443 1184 ὅσον
2475 1132 2703 1185 δύναται
2748 1134 3068 1188 ἀντιλυπεῖν
3100 1136 3194 1189 καὶ
3242 1140 3554 1206 συμφοραῖς
3587 1155 3754 1207 περι-

2162 1221 2380 1274 ϐάλλειν
2412 1223 2633 1286 αὐτούς.
2669 1216 2812 1277 ἾΙκε
2849 1226 2949 1296 μὲν
2978 1225 3091 1292 οὖν,
3121 1227 3196 1289 ὡς
3228 1221 3408 1292 εἷπον,
3439 1230 3501 1281 ἐκ
3523 1229 3618 1298 τῆς
3648 1229 3749 1282 τοῦ

2160 1318 2409 1373 διαϐόλου
2463 1320 2662 1384 κακίας
2691 1310 2759 1373 τὰ
2785 1321 2937 1375 δεινὰ
2975 1319 3148 1374 ταῦτα
3200 1323 3294 1376 καὶ
3332 1324 3476 1392 πέρα
3523 1324 3747 1375 δεινῶν

2164 1406 2273 1480 ἧκε
2306 1411 2362 1464 δὲ
2393 1413 2485 1464 καὶ
2519 1411 2579 1477 ἐξ
2614 1413 2941 1483 ἀνθρώπων,
2977 1414 3138 1468 τοῦτο
3171 1415 3270 1486 μὲν
3302 1418 3366 1488 τῇ
3403 1416 3610 1469 ἐκείνου
3644 1435 3749 1470 κα-

2162 1504 2254 1574 κίᾳ
2309 1505 2756 1574 ὑπουργούντων,
2788 1506 2949 1560 τοῦτο
2979 1507 3034 1560 δὲ
3081 1508 3175 1560 καὶ
3222 1507 3632 1578 δυστυχούντων
3667 1513 3750 1571 εἰς

2162 1602 2390 1668 φρένας,
2417 1599 2511 1652 καὶ
2545 1600 2644 1665 τὴν
2685 1600 2918 1670 ἐκλογὴν
2955 1601 3157 1671 μᾶλλον
3204 1601 3315 1654 τῶν
3348 1601 3530 1654 καλῶν
3560 1620 3752 1656 ποιουο

2164 1693 2342 1760 μένων
2367 1707 2382 1721 ·
2413 1691 2463 1744 οἳ
2496 1693 2589 1743 καί
2621 1693 2710 1745 τὸν
2744 1694 2880 1764 πρὸς
2921 1695 2980 1746 σὲ
3024 1696 3299 1764 ἀνήραντο
3332 1693 3592 1766 πόλεμον,
3635 1698 3751 1747 εἴτε

468 1775 704 1829 Scintilla
775 1773 1000 1827 accendi
1060 1773 1333 1828 flammam
1393 1775 1914 1843 inexstinguibilem,
1986 1777 2054 1829 ita

2163 1783 2238 1853 τῷ
2269 1784 2491 1854 πονηρῷ
2538 1785 2756 1854 δαίμονι
2802 1785 3218 1858 συνεργοῦντες,
3247 1787 3360 1840 εἴτε
3409 1787 3496 1840 διὰ
3529 1787 3752 1857 φρενῶν

463 1881 682 1936 quoque
717 1883 780 1920 ex
820 1867 1054 1919 istorum
1096 1865 1379 1921 hominum
1427 1867 1655 1921 stultitia
1695 1869 1954 1923 decidens
2003 1869 2054 1922 iu

464 1982 558 2018 eor
589 1975 741 2018 tuum
779 1964 1012 2017 scintilla
1049 1979 1302 2033 magnam
1331 1963 1478 2016 illam
1503 1961 1776 2016 ﬂammam
1806 1964 2056 2018 accendit

466 2071 637 2124 usque
663 2057 826 2109 modo
857 2055 1379 2125 iuexstinguihilem.

2163 1875 2650 1943 δυστυχίαν.τοῦτο
2686 1874 3062 1944 βουληθέντες,
3097 1878 3193 1929 καὶ
3227 1877 3326 1947 τὴν
3356 1877 3455 1947 σὴν
3483 1877 3754 1945 γλυκεῖαν

2163 1969 2342 2038 ψυχὴν
2387 1967 2531 2021 οὓτω
2574 1969 2995 2034 διατεθεικότες.
3042 1971 3199 2022 Ἐπεὶ
3233 1973 3327 2024 καὶ
3366 1972 3575 2039 πέφυγε
3617 1971 3756 2024 πελ-

2161 2059 2321 2123 λάκις
2345 2061 2437 2113 καὶ
2470 2061 2668 2130 μικρῖς
2700 2062 2936 2132 σπινθὴρ
2971 2061 3237 2116 ἄσϐεστον
3264 2062 3438 2132 φλόγα
3465 2064 3752 2129 ἐξάπτειν,

462 2153 606 2205 οὕτω
655 2153 750 2203 καὶ
793 2150 900 2203 τῶν
949 2150 1255 2221 ἀνθρώπων
1296 2150 1526 2204 ἐκείνων
1573 2152 1600 2203 ὁ
1629 2151 1690 2216 ἐξ
1732 2152 2046 2224 ἀφροσύνης
2088 2156 2346 2224 ὲμπ-σὼν
2405 2159 2643 2229 σπινθὴρ
2676 2163 2758 2222 εἰς
2810 2161 2909 2229 τὴν
2991 2161 3090 2230 σὴν
3159 2160 3389 2231 καρδίαν
3432 2161 3602 2231 ἀνῆψε
3650 2162 3756 2234 τὴν

471 2244 724 2316 μεγάλην
756 2243 965 2313 ταύτην
998 2243 1196 2311 φλόγα,
1230 2244 1325 2296 καὶ
1356 2245 1499 2308 τέως
1531 2245 1660 2315 ἄχρι
1692 2244 1787 2298 τοῦ
1820 2245 1915 2299 νῦν
1939 2248 2376 2305 ἀκατάσϐεστον.
2795 2235 2816 2252 ’

537 2337 664 2401 Sed,
701 2338 774 2389 lili
801 2339 873 2388 mi
899 2335 1390 2400 desideratissime,
1423 2352 1488 2390 ne
1519 2338 1598 2391 sic
1634 2337 1854 2390 \‘iueant
1881 2339 2054 2402 mala;

467 2443 646 2496 neque
697 2428 778 2480 vir
811 2426 953 2490 talis,
991 2428 1168 2495 qualis
1222 2442 1303 2490 es,
1359 2442 1465 2481 non
1521 2428 1728 2482 habens
1769 2430 2057 2498 prudentia

461 2520 726 2588 aequalem
769 2519 912 2572 inter
935 2529 1240 2572 eoaetaneos
1269 2527 1322 2572 et
1353 2519 1520 2572 animi
1571 2523 1928 2588 generositate
1974 2523 2061 2576 in-

463 2612 874 2681 comparabilis,
902 2613 970 2664 ab
1005 2612 1321 2666 hominibus
1347 2613 1662 2683 vulgaribus
1686 2625 1740 2668 et
1773 2616 1860 2668 vix
1897 2618 2056 2670 unius

461 2706 607 2759 oboli
638 2705 848 2757 malitia
879 2705 1140 2769 viuearis,
1181 2720 1378 2774 neque,
1414 2720 1480 2758 eo
1520 2705 1665 2774 quod
1717 2706 1873 2761 istius
1908 2709 2053 2761 modi

464 2798 714 2851 homines
739 2808 788 2850 te
811 2797 1281 2858 exacerbaverint,
1312 2796 1671 2850 immortalem
1697 2813 1880 2854 serves
1907 2815 2057 2852 amn-

467 2888 761 2940 ritudinem
799 2895 989 2938 contra
1029 2885 1332 2937 Romanum
1392 2884 1681 2953 imperium
1712 2903 1740 2939 a
1773 2903 1881 2956 quo
1935 2892 2057 2958 plu-

466 2977 602 3029 rima
629 2987 683 3029 et
710 2990 903 3044 magna
935 2991 1042 3027 non
1079 2977 1260 3029 nesris
1293 2979 1568 3044 accepisse
1587 2977 1885 3047 benelicia;
1922 2983 2051 3050 quid

465 3069 611 3122 enim
654 3068 719 3120 ad
753 3065 1059 3120 llomanum
1116 3068 1404 3136 imperium
1460 3079 1512 3124 et
1542 3070 1607 3124 ad
1650 3074 1768 3141 ejus
1823 3076 2053 3143 populos

2251 2344 2410 2396 Ἀλλὰ
2434 2343 2562 2413 μὴν,
2585 2345 2773 2396 τέκνον
2798 2363 2899 2415 μου
2927 2346 3198 2412 ποθεινὸν,
3224 2347 3298 2418 μὴ
3316 2347 3458 2400 οὕτω
3479 2348 3751 2417 νικήσωσι

2165 2437 2234 2489 τὰ
2266 2439 2453 2488 κακά·
2515 2436 2653 2505 μηδὲ
2689 2437 2944 2507 θεοφιλὴς
2993 2439 3280 2509 ἅνθρωπος
3335 2440 3520 2504 ὁποῖος
3553 2437 3606 2492 εἴ
3658 2442 3748 2506 σὺ,

2166 2531 2376 2599 καὶμὴ
2432 2530 2570 2599 ἔχων
2621 2534 2678 2582 ὲν
2733 2535 2998 2602 φρονήσει
3054 2533 3458 2604 παρισούμενον
3505 2537 3570 2604 τῇ
3624 2535 3751 2588 καθ’

2164 2623 2377 2675 ἑαυτῶν
2405 2628 2588 2691 γενεᾷ,
2625 2624 2718 2676 καὶ
2747 2624 2827 2686 εἰς
2856 2624 3036 2695 ψυχῆς
3073 2627 3355 2692 εὐγένειαν
3391 2628 3745 2698 ἀσύγκριτος,

2163 2714 2472 2783 ἀνθρώπων
2526 2715 2785 2783 χυδαίων,
2833 2718 2928 2769 καὶ
2985 2718 3037 2770 τί
3098 2719 3228 2772 ἄλλο
3273 2720 3307 2789 ἣ
3365 2722 3500 2791 μηδὲ
3555 2721 3746 2772 ὀϐολοῦ

2165 2806 2356 2870 ἀξίων,
2391 2807 2633 2875 ήττηθῇς
2659 2809 2756 2877 τῆς
2786 2809 3007 2874 κακίας,
3047 2809 3170 2880 μηδ’
3196 2811 3278 2863 ὅτι
3313 2812 3618 2882 ἐπίκραναν
3649 2813 3747 2866 ἄν·

2164 2900 2372 2972 θρωποι
2424 2901 2676 2966 τοιοῦτοι,
2730 2903 2819 2955 διὰ
2863 2903 3024 2956 τοῦτο
3075 2903 3433 2974 βουληθῶμεν
3476 2905 3748 2958 ἀθάνατον

2162 2991 2307 3059 ἔχειν
2361 2992 2590 3062 πικρίαν
2633 2992 2774 3044 κατὰ
2821 2994 2920 3064 τῆς
2976 2994 3301 3064 Ῥωμαῖκῆς
3347 2996 3617 3059 ἐξουσίας,
3679 2993 3748 3066 ἧς

2161 3083 2457 3135 ἐπίστασαι
2488 3084 2700 3136 πολλῶν
2731 3086 2825 3137 καὶ
2859 3086 3116 3153 μεγάλων
3157 3086 3492 3157 εὐεργεσιῶν
3525 3090 3580 3138 ἐν
3609 3090 3746 3139 ἀποο

463 3159 717 3230 pertinet,
753 3159 796 3212 si
831 3158 919 3211 hic
949 3158 1032 3211 vel
1070 3158 1159 3212 ille
1193 3160 1400 3213 nullius
1429 3161 1581 3229 pretii
1609 3164 1904 3217 homuncio
1929 3180 2054 3218 eou-

2167 3173 2356 3226 λαύσει
2414 3176 2735 3243 γενόμενος.
2797 3177 2861 3230 Τί
2922 3179 3032 3250 γάρ
3087 3180 3228 3249 πρὸς
3284 3181 3382 3251 τὴν
3431 3180 3745 3253 Ῥωμαϊκὴν

463 3258 546 3303 tra
589 3257 640 3303 te
667 3249 928 3303 audacter
955 3249 1024 3302 sit
1061 3249 1348 3303 invectus?
1378 3249 1518 3315 Quid
1547 3254 1612 3306 ad
1644 3269 1820 3320 regem
1853 3256 2058 3310 nullius

463 3342 541 3396 rei
577 3343 881 3405 conscium,
915 3341 956 3394 si
991 3342 1216 3410 quidam
1269 3343 1540 3406 homines,
1597 3360 1684 3397 res
1738 3346 1881 3398 illius
1921 3349 2060 3401 male

462 3443 734 3505 gerentes,
778 3434 828 3487 id
864 3435 1074 3488 consilii
1113 3435 1376 3489 adversus
1408 3445 1458 3488 te
1492 3437 1775 3504 ceperint?
1805 3441 2054 3493 Attamen

465 3527 820 3580 eontristatus
852 3540 911 3578 es
959 3542 973 3578 :
1013 3524 1368 3580 suﬂicreutem
1428 3543 1644 3596 poenam
1698 3533 1955 3600 repetiisti
1991 3533 2058 3586 ab

465 3619 551 3672 his
593 3619 685 3687 qui
718 3630 768 3672 te
806 3618 1281 3682 coutristaverant,
1318 3622 1425 3674 imo
1470 3638 1598 3676 vero
1637 3640 1850 3693 a‘quum
1889 3629 2058 3679 multo

463 3721 850 3779 superantem;
882 3727 1050 3780 quum
1085 3714 1210 3781 quis
1253 3716 1394 3767 enim
1430 3715 1505 3767 illi
1537 3717 1627 3784 qui
1666 3719 1767 3770 sibi
1798 3719 2056 3786 injuriam

467 3802 674 3856 inferre
706 3804 912 3869 studet,
947 3807 1142 3874 mquali
1184 3807 1383 3861 damno
1410 3809 1613 3871 affecit,
1650 3811 1751 3863 nisi
1808 3813 2060 3866 acerbior

465 3897 558 3959 sit,
602 3900 735 3951 satis
766 3897 963 3962 habet;
1005 3914 1172 3965 quum
1225 3907 1409 3952 autem
1468 3901 1634 3954 minio
1686 3903 1898 3970 majori,
1935 3904 2058 3973 quis

462 3989 574 4057 jam
618 3990 770 4042 locus
811 3989 1128 4060 iudignandi
1177 4000 1230 4044 et
1267 3991 1480 4045 volcudi
1527 3994 1699 4061 magis
1734 3998 2059 4051 contristare

467 4097 498 4135 a
532 4095 642 4150 quo
682 4083 1039 4136 contristatus
1057 4084 1177 4137 est?
1203 4082 1320 4137 Non
1378 4085 1501 4139 dico
1543 4086 1609 4140 de
1661 4088 1844 4158 aliquo
1905 4104 2058 4142 mau-

469 4182 650 4237 sueto,
689 4185 746 4227 ut
781 4184 835 4227 tu
865 4177 1000 4244 ipse,
1029 4187 1083 4230 et
1114 4179 1373 4244 humano,
1415 4179 1506 4232 sed
1535 4181 1866 4250 quicumque
1898 4183 2060 4236 inhu-

468 4279 663 4318 manus
721 4274 776 4320 et
804 4265 954 4321 ferox
1011 4269 1428 4324 amaritudinem
1483 4287 1699 4326 omnem
1766 4275 2055 4342 relinquet,

463 4356 666 4412 furoris
723 4358 900 4428 ignem
947 4363 1292 4430 comprimet,
1324 4363 1618 4432 fmdusque
1673 4381 1795 4418 cum
1846 4381 1910 4418 eo
1963 4366 2055 4434 qui

460 4447 666 4503 insulse
690 4461 930 4519 coeperat
959 4468 1158 4506 manus
1218 4453 1420 4506 inferre
1474 4456 1706 4522 injustas
1741 4456 1900 4509 inibit
1937 4474 1950 4510 :
1997 4469 2053 4510 tu

461 4556 682 4608 quoque
736 4544 917 4609 igitur,
970 4544 1042 4596 lili
1087 4545 1184 4607 mi,
1223 4546 1356 4597 iram
1390 4545 1623 4611 dimitte,
1663 4548 1729 4600 ad
1779 4554 2050 4618 propriam

465 4631 904 4699 redileuitatem,
936 4633 1130 4702 facque
1159 4651 1376 4690 cessare
1396 4638 1691 4694 homicidia
1713 4650 2052 4710 eaeterasque

460 4724 802 4779 calamitates
830 4742 950 4796 quae
985 4742 1014 4780 a
1047 4727 1376 4786 Christianis
1400 4748 1574 4800 usque
1604 4733 1766 4788 modo
1785 4733 2051 4789 Christia-

460 4831 559 4870 nos
595 4818 938 4872 invaserunt.

2165 3267 2339 3336 ἀρχὴν
2371 3269 2463 3319 καὶ
2493 3267 2583 3319 τὸν
2610 3269 2923 3339 ὑποχείριον
2955 3271 3124 3342 αὐτῆς
3157 3272 3307 3336 λαὸν»
3339 3273 3386 3324 εί
3418 3274 3445 3324 ὁ
3476 3275 3624 3328 δεῖνα
3651 3277 3749 3328 κδ’

2160 3358 2188 3409 ὁ
2220 3359 2367 3410 δεῖνα
2398 3357 2562 3419 λόγου
2600 3361 2828 3430 μηδενὸς
2864 3362 3227 3434 ἀνθρωπάρια
3273 3369 3353 3429 εἰς
3386 3368 3446 3419 τὺ
3477 3369 3620 3421 κατὰ
3649 3369 3744 3422 σοῦ

2162 3451 2536 3522 ἐξηνέχθησαν
2589 3453 2831 3523 θράσος;
2871 3457 2933 3508 Τί
2975 3459 3147 3510 ταῦτα
3197 3461 3334 3528 πρὸς
3386 3462 3479 3512 τον
3515 3461 3745 3530 βασιλέα

2158 3545 2251 3596 τὸν
2283 3545 2451 3614 μηδὲν
2487 3548 2789 3613 συνειδότα,
2823 3551 2870 3602 εἰ
2901 3550 3180 3620 ἅνθρωποι
3211 3554 3279 3604 τά
3316 3555 3527 3606 ἐκείνου
3563 3556 3746 3624 πράγο

2164 3653 2310 3704 ματα
2354 3636 2540 3698 κακῶς
2591 3638 2940 3703 διοικοῦντες,
2979 3641 3074 3708 τὴν
3124 3641 3295 3711 αὐτὴν
3353 3643 3578 3712 γνώμην
3616 3645 3747 3713 περὶ

2162 3729 2256 3780 σοῦ
2294 3729 2663 3796 ἁνελάϐοντο;
2708 3733 2855 3802 Πλὴν
2888 3735 3168 3803 ἐλυπήθης
3191 3749 3203 3761 '
3242 3736 3385 3804 ἔχεις
3421 3738 3611 3805 ἱκανὴν
3641 3741 3745 3805 τὴν

2159 3821 2315 3892 δίκην
2349 3825 2491 3875 κατὰ
2540 3825 2648 3878 τῶν
2690 3825 3073 3894 λυπησάντων,
3131 3829 3332 3898 μᾶλλον
3383 3829 3439 3882 δὲ
3473 3831 3606 3883 πολὺ
3650 3831 3748 3882 τοῦ

2163 3914 2352 3965 ἱκανοῦ
2404 3915 2832 3984 ὑπεραίρουσαν.
2869 3919 3042 3971 Ὅταν
3084 3919 3192 3988 γάρ
3238 3937 3322 3983 τις
3359 3922 3452 3974 τὸν
3488 3921 3747 3992 ἀδικῆσαι

2165 4007 2538 4078 μελετήσαντα
2572 4010 2714 4062 κατά
2749 4012 2807 4064 τὸ
2846 4012 2962 4066 ἴσον
3000 4013 3252 4085 ὑποϐάλῃ
3283 4015 3380 4084 τῆς
3409 4015 3638 4084 ζημίας,
3669 4016 3748 4086 μὴ

2161 4099 2282 4152 λίαν
2319 4101 2515 4170 πικρὸς
2555 4099 2653 4166 ῶν,
2691 4101 2806 4171 ἔχει
2855 4102 2914 4155 τὸ
2950 4105 3167 4157 ἱκανόν·
3200 4107 3328 4158 ὅταν
3358 4106 3414 4158 δὲ
3446 4108 3540 4158 καὶ
3576 4110 3656 4170 εἰς
3687 4109 3750 4160 τὸ

2159 4190 2617 4260 ἀπειροπλάσιον,
2653 4195 2771 4257 πῶς
2799 4196 2910 4266 ἔχει
2939 4196 3124 4269 χώραν
3159 4197 3240 4250 ἔτι
3269 4201 3621 4268 χαλεπαίνειν
3651 4205 3749 4258 καὶ

2163 4284 2329 4336 πλέον
2383 4286 2576 4340 λυπεῖν
2635 4287 2923 4354 βούλεσθαι
2980 4291 3071 4346 τὸν
3128 4294 3479 4364 λυπήσαντα;
3527 4299 3635 4350 Καὶ
3680 4301 3747 4352 οὑ

2160 4375 2303 4441 λέγω
2334 4379 2458 4444 περί
2496 4395 2641 4440 τινος
2666 4381 2762 4432 τοῦ
2795 4385 2936 4436 κατὰ
2970 4384 3030 4437 σὲ
3067 4387 3274 4457 ἡμέρου
3303 4390 3396 4440 καὶ
3436 4391 3749 4460 φιλανθρώ-

2164 4483 2284 4530 που,
2321 4468 2436 4521 άλλ’
2487 4467 2599 4532 οἶος
2648 4471 2717 4526 ἂν
2849 4477 3273 4550 ἀφιλάνθρωπος
3332 4485 3424 4535 καὶ
3468 4483 3748 4553 ἀνήμερος

2160 4556 2432 4611 παύσεται
2481 4562 2700 4626 πάντως
2735 4566 2837 4635 τῆς
2879 4569 3132 4639 πικρίας,
3170 4571 3264 4626 καὶ
3320 4575 3650 4628 κατασϐέσει
3682 4578 3747 4629 τὸ

2160 4649 2274 4718 πῦρ
2305 4649 2400 4701 τοῦ
2436 4651 2634 4722 θυμοῦ,
2668 4657 2761 4708 καὶ
2809 4659 3094 4714 σπείσεται
3123 4662 3261 4731 πρὶς
3303 4664 3393 4715 τὸν
3429 4664 3588 4734 ἄρξαι
3624 4683 3747 4734 χει-

2161 4738 2269 4805 ρῶν
2307 4740 2510 4795 ἀδίκων
2540 4746 2940 4818 ἀπονοηθέντα.
2973 4752 3080 4804 Καὶ
3109 4753 3193 4825 δὴ,
3227 4756 3416 4810 τέκνον
3438 4760 3614 4827 ήμῶν,
3649 4759 3744 4825 λῆ-

2154 4832 2244 4895 ξον
2269 4835 2364 4886 καὶ
2391 4837 2556 4900 αὐτὸς
2582 4841 2683 4906 τῆς
2713 4843 2908 4912 ὀργῆς,
2942 4846 3039 4899 καὶ
3063 4848 3198 4918 πρὸς
3221 4851 3282 4904 τὸ
3305 4852 3506 4904 οἰκεῖον
3532 4852 3741 4922 ἥμερον

459 4909 745 4976 ὲπάνελθε,
782 4912 879 4963 καὶ
908 4911 994 4974 δὸς
1030 4911 1233 4966 παῦσιν
1261 4915 1382 4977 ταῖς
1416 4914 1912 4985 ἀνθρωποφονίαις,
1949 4919 2044 4972 καὶ
2083 4925 2202 4986 ταῖς
2241 4925 2429 4990 ἄλλαις
2478 4935 2810 5001 συμφοραῖς,
2854 4936 2976 4990 ὅσαι
3049 4904 3202 5009 παρὰ
3285 4904 3744 5014 Χριστιανέὂνιεις

458 5007 825 5077 Χριστιανοὺς
859 5008 1023 5077 μέχρι
1054 5007 1152 5060 τοῦ
1184 5010 1453 5078 παρόντος
1487 5013 1769 5079 γεγόνασι.

527 5102 655 5158 Haec
680 5118 849 5171 nunc,
904 5104 978 5158 ﬁli
1023 5106 1095 5158 mi
1131 5107 1480 5171 suavissime,
1526 5125 1620 5178 per
1679 5121 2048 5168 atramentum

459 5195 555 5250 tibi
605 5195 763 5261 dico;
790 5196 882 5249 sed
925 5195 972 5250 si
1002 5195 1277 5261 Christus,
1315 5197 1457 5253 Deus
1495 5211 1704 5268 noster,
1735 5219 1840 5273 pax
1885 5223 2046 5262 exsu-

458 5301 655 5355 perans
681 5307 899 5345 onmem
935 5306 1180 5356 sensum,
1209 5307 1308 5345 sua
1356 5293 1734 5351 exhortatione
1763 5299 1836 5353 ita
1889 5316 2044 5354 men-

461 5389 568 5431 tem
639 5391 787 5436 tuam
847 5383 1106 5452 disponat
1156 5392 1214 5436 ut
1266 5400 1368 5440 uos
1393 5401 1582 5441 coram
1618 5399 1670 5444 te
1720 5393 2046 5448 assistantus

458 5479 513 5525 et
559 5479 778 5538 proprio
828 5492 923 5532 ore
971 5479 1085 5532 Ιιαξο
1113 5478 1241 5532 etsi
1283 5479 1412 5546 quid
1473 5482 1619 5534 aliud
1678 5485 1916 5551 postulet
1943 5496 2052 5550 res,

460 5553 776 5631 Ioquamur,
798 5567 863 5619 ad
901 5571 1221 5625 veniendum
1257 5571 1322 5623 ad
1354 5580 1402 5624 te
1427 5574 1656 5641 prompti
1689 5575 1916 5641 erimus,
1953 5591 2051 5632 nee
2118 5583 2125 5588 '

461 5662 800 5708 senectutem
822 5658 1155 5728 timebimus,
1177 5665 1269 5720 sed
1288 5681 1461 5735 neque
1478 5666 1849 5720 inﬁrmitatem
1870 5685 2045 5738 neque

461 5745 677 5804 itineris
706 5747 942 5816 labores,
979 5755 1108 5809 dum
1146 5761 1531 5815 tantummodo
1568 5761 1694 5815 velit
1752 5763 1816 5816 ad
1848 5778 2038 5830 pacem

2229 5120 2387 5188 Λέγω
2414 5139 2495 5174 σοι
2530 5125 2726 5188 ταῦτα,
2756 5127 2946 5181 τέκνον
2990 5148 3093 5198 μου
3123 5133 3484 5202 γλυκύτατον,
3519 5137 3613 5191 νῦν
3639 5142 3744 5210 μὲν

2156 5209 2245 5264 διὰ
2295 5213 2526 5281 μέλανος
2548 5231 2560 5242 ·
2596 5218 2647 5266 εἰ
2683 5217 2737 5269 δὲ
2762 5218 3002 5288 Χριστος
3040 5225 3068 5276 ὁ
3095 5224 3228 5288 Θεὸς
3280 5228 3460 5297 ἡμῶν,
3503 5232 3534 5301 ή
3565 5234 3743 5286 πάντα

2155 5302 2280 5357 νοῦν
2326 5305 2672 5376 ὑπερέχουσα
2716 5311 2932 5383 εἰρήνη,
2963 5315 3049 5368 διὰ
3085 5318 3185 5387 τῆς
3235 5321 3404 5374 αὑτοῦ
3448 5325 3742 5396 παρακλή-

2159 5412 2298 5452 σεως
2329 5400 2428 5468 τήν
2485 5399 2585 5470 σήν
2614 5403 2706 5454 ἐπὶ
2755 5406 2932 5478 τούτῳ
2960 5409 3209 5481 διαθήσει
3268 5413 3470 5485 ψυχὴν,
3520 5417 3607 5469 ἵνα
3648 5424 3743 5472 xli.

2160 5490 2322 5558 ἡμεῖς
2352 5492 2509 5544 αὐτοὶ
2536 5496 2677 5548 κατὰ
2711 5499 3002 5567 πρόσωπόν
3028 5518 3112 5555 σοι
3157 5507 3610 5582 ἐμψανισθῶμεν,
3645 5516 3743 5565 καὶ

2155 5583 2335 5653 οἰκείᾳ
2367 5584 2592 5661 γλώσσῃ
2620 5590 2794 5644 ταῦτά
2817 5610 2877 5644 τε
2911 5597 3004 5648 καὶ
3032 5598 3086 5648 εἰ
3110 5616 3162 5650 τι
3191 5601 3381 5670 ἕτερον
3413 5605 3742 5676 ἐπιζητήσει

2151 5676 2219 5729 τὰ
2275 5679 2578 5748 πράγματα
2647 5686 2914 5754 εἴπωμεν,
2980 5689 3190 5759 ἕτοιμοί
3252 5695 3424 5764 ἐσμεν
3478 5700 3614 5768 πρὸς
3677 5704 3739 5752 σὲ

2149 5770 2326 5834 ἥκειν.
2360 5775 2456 5826 καὶ
2502 5777 2562 5827 οὑ
2601 5776 2889 5849 δειλιῶμεν
2933 5784 2992 5836 τὸ
3029 5787 3222 5855 γῆρας,
3265 5789 3387 5842 οὗτε
3435 5793 3531 5862 τὴν
3570 5796 3737 5850 ἀσθέ-
