3996 6208
392 225 513 291 ’407

1533 218 1842 281 NICOLAI
1881 213 1990 281 CP.
2028 214 2541 279 PATRIARCHM

3561 191 3670 273 tos

406 337 706 394 lectissime
734 343 790 390 et
843 328 1265 388 ltonoratisslme
1304 325 1419 394 illi;
1471 335 1804 383 senectutem
1839 335 1990 380 retro

2102 323 2306 394 πημένε
2341 339 2444 395 μου
2470 321 2554 375 ult
2609 318 2707 375 καὶ
2732 319 3116 392 δεδοξασμίνε.
3155 320 3235 384 ὦς
3281 322 3376 377 καὶ
3406 322 3468 377 τὸ
3495 324 3675 393 γῆρας

406 429 708 497 abigimus,
747 433 961 479 natura:
991 421 1362 476 infirmitatem
1398 419 1750 479 dimittimus,
1785 413 1995 470 itinerls

405 518 621 573 labores
683 523 738 571 et
807 515 1107 578 molestias,
1183 524 1511 579 omnemque
1571 507 1844 562 miseriam
1898 520 1995 575 pro

407 613 577 667 nihilo
606 611 884 670 ducimus,
916 608 960 662 si
999 615 1206 660 tantum
1244 619 1343 658 nos
1372 604 1634 657 certiores
1667 601 1803 655 facis
1828 615 1994 654 vene-

407 705 633 757 randam
665 715 812 757 tuam
841 710 1074 754 mentem
1107 713 1228 750 esse
1269 694 1522 749 inl'lemm
1554 694 1622 748 ad
1661 708 1767 746 non
1804 703 1995 746 contu-

396 793 566 848 vnielia
601 792 944 846 afficiendum
983 789 1224 841 laborem
1265 799 1469 846 meum,
1498 783 1564 836 ad
1593 798 1701 834 non
1738 781 1998 850 repellen-

403 885 534 940 dum
575 885 877 938 inauditam
912 891 966 935 et
995 882 1308 948 despectam
1351 891 1456 946 qua
1519 873 1663 941 apud
1719 885 1769 926 te
1800 877 1998 941 I'uugor

403 979 731 1047 legationem
764 976 948 1030 senior
980 983 1132 1043 pater
1165 984 1329 1040 atque
1353 975 1648 1039 quassatus
1682 980 1696 1018 :
1729 966 1998 1034 legatione
2029 1031 2040 1051 I

403 1081 586 1127 autem
621 1073 838 1139 iungor,
865 1067 935 1120 fili
963 1067 1059 1128 mi,
1111 1065 1204 1118 tibi
1235 1063 1334 1132 ipsi
1384 1061 1597 1132 perutili
1642 1071 1695 1114 et
1734 1057 1998 1112 Romanis

407 1181 516 1218 non
549 1164 777 1218 omnino
827 1162 1064 1232 graviori
1110 1168 1204 1212 aut
1258 1145 1586 1211 intolerabili
1621 1169 1634 1207 :
1673 1153 1718 1207 si
1753 1167 1902 1221 ergo,
1938 1161 1998 1204 ut

404 1257 540 1320 dixi,
565 1259 634 1310 ita
663 1255 894 1309 inﬂexus
927 1269 1008 1318 es,
1052 1254 1286 1322 primum
1324 1248 1542 1317 quidem
1584 1261 1614 1299 a
1648 1243 1778 1308 Deo,
1802 1244 1999 1298 deinde

405 1361 494 1402 tua
529 1346 700 1418 ipsius
745 1344 1163 1414 prudentissima
1211 1339 1669 1400 consideratione,
1723 1349 1998 1405 postremo
2043 1384 2053 1392 ,

403 1450 613 1501 nostra,
639 1439 812 1506 siqua
843 1437 934 1489 tibi
967 1445 1048 1488 est
1089 1431 1412 1486 humilitatis
1442 1440 1641 1482 nostra:
1674 1429 1833 1490 ratio,
1880 1442 2001 1495 pre-

407 1533 625 1584 ratioue
663 1545 676 1582 :
713 1529 777 1582 ad
833 1540 884 1580 te
943 1510 1150 1578 \eiiiam
1204 1534 1383 1576 mente
1411 1532 1462 1574 et
1519 1534 1746 1588 corpore
1785 1518 1996 1580 volans,

394 1621 648 1675 omnium
681 1620 882 1673 oblitus
910 1625 1281 1672 senescentem
1338 1615 1500 1668 vitam
1533 1627 1708 1667 meam
1764 1625 1998 1682 gravan-

408 1723 569 1765 lllllll.

481 1984 536 2038 Si
565 1999 713 2044 vero,
765 1981 906 2050 quod
959 1981 1332 2049 deprecamur,
1369 1982 1548 2046 priora
1590 1965 1867 2038 scandala,
1899 1973 1990 2029 Sed

407 2095 476 2134 ne
505 2081 785 2148 permittat
846 2078 1007 2138 Deus,
1038 2076 1088 2126 in
1124 2083 1210 2126 tua
1261 2081 1439 2126 mente
1471 2056 1810 2139 permanent,
1862 2070 1988 2121 illae-

405 2184 514 2239 que
542 2166 846 2222 voluntates
871 2180 932 2218 ac
953 2165 1177 2219 consilia
1209 2178 1328 2230 qua:
1363 2161 1866 2215 ιι·ιὶεει“οε,[εεει·ιιιιι
1887 2155 1997 2210 Βο-

410 2281 602 2320 manos
645 2274 699 2318 et
745 2260 1028 2329 Bnlgaros,
1079 2259 1123 2313 si
1184 2258 1362 2310 adhuc
1397 2257 1449 2308 in
1488 2254 1790 2308 Romanum
1824 2255 1996 2320 impe-

409 2363 550 2412 rium
582 2357 842 2426 pristinas
891 2367 1078 2406 servas
1123 2349 1550 2418 disposititoues,
1588 2347 1682 2398 tibi
1720 2343 1995 2413 praetendi)

402 2451 586 2519 ipsum
614 2450 989 2507 mediatorem,
1033 2444 1210 2510 ipsum
1259 2440 1349 2493 Dei
1381 2448 1434 2492 et
1470 2435 1646 2492 Patris
1701 2435 1995 2488 voluntatis

405 2541 684 2611 angelum,
722 2553 884 2608 quam
943 2533 1290 2588 auunntiavit
1325 2531 1392 2584 iis
1423 2530 1515 2598 qui
1563 2545 1591 2582 a
1631 2526 1898 2597 principio
1927 2526 1996 2579 ab

407 2631 684 2688 homicida
710 2631 956 2682 (laenioue
1000 2629 1364 2688 vexabantur,
1397 2632 1448 2676 et
1477 2637 1582 2691 qua
1617 2634 1841 2674 cessare
1867 2617 1996 2671 fecit

415 2726 810 2792 sempiternqu
861 2719 1061 2772 bellum
1095 2716 1618 2782 inimicitiarumque
1654 2711 1850 2765 evertit
1897 2726 1998 2780 pa-

409 2817 603 2870 rietem
643 2825 697 2868 et
728 2814 780 2866 in
816 2812 1078 2864 unitatem
1111 2817 1162 2860 et
1197 2821 1382 2875 pacem
1414 2806 1720 2858 coalescere
1752 2803 1877 2856 fecit
1907 2817 1998 2871 ge-

410 2922 516 2960 nus
554 2906 854 2958 humanum
885 2919 897 2955 τ
927 2898 1198 2968 pra-tendo
1233 2897 1327 2949 tibi
1355 2895 1419 2948 ad
1451 2895 1765 2948 suasionem
1813 2891 1993 2946 Domi-

2098 417 2276 470 ὀπίσω
2302 415 2591 486 ῥίπτομεν,
2641 413 2736 465 καὶ
2778 413 2839 466 τὸ
2871 415 3099 478 ἀσθενὲς
3128 413 3420 486 παρεῶμεν
3447 419 3542 482 τῆς
3575 415 3678 484 φύ-

2097 523 2256 572 σεως,
2291 506 2383 558 καὶ
2418 505 2486 557 τὰ
2513 506 2577 558 ὲκ
2602 503 2703 572 τῆς
2759 503 2882 557 ὁδοῦ
2913 505 3147 559 ἐπίπονα
3179 506 3272 558 καὶ
3303 506 3542 575 λυπηρὰ,
3581 507 3678 560 καὶ

2093 599 2192 668 τὴν
2222 599 2356 669 ὅλην
2370 598 2745 669 ταλαιπωρίαν
2771 598 2869 667 οὐχ
2900 598 3356 668 ὑπολογιζόμεθα,
3389 600 3484 650 ἐὰν
3517 601 3678 668 μόνον

2097 691 2469 761 πληροφορίαν
2512 690 2803 763 παράσχῃς
2843 677 3004 760 ἡμῖν,
3052 691 3136 743 ὃτι
3187 692 3604 760 παρακέκληται
3641 693 3678 772 η

2098 783 2165 851 σὴ
2186 783 2342 851 τιμία
2383 781 2530 853 ψυχὴ
2562 781 2639 853 μὴ
2671 782 2937 851 ἀτιμάσαι
2966 784 3059 835 τὸν
3098 783 3270 836 κόπον
3319 783 3499 852 ἡμῶν,
3541 784 3678 852 μηδὲ

2093 876 2192 942 τὴν
2221 875 2520 942 πρεσϐείαν
2570 877 2636 945 ἢν
2675 877 2915 928 ποιεῖται
2965 876 3103 945 πρὸς
3145 877 3224 938 σὲ,
3269 876 3458 929 τέκνον
3492 864 3679 946 ἡμῶν,

2095 967 2323 1035 γηραιὸς
2365 965 2545 1036 πατὴρ
2602 967 2695 1020 καὶ
2731 969 3218 1038 συντετριμμένος,
3270 968 3506 1037 ἀνήκοον
3536 974 3680 1019 απο-

2097 1058 2338 1130 στρέψῃε
2366 1063 2460 1112 καὶ
2504 1060 3071 1130 παραλελογίσμένην.
3106 1061 3417 1130 Ποιήσομαι
3450 1062 3504 1113 δὲ
3539 1064 3681 1114 πάν-

2096 1165 2203 1210 τως
2241 1148 2540 1217 πρεσϐείαν
2567 1151 2662 1202 καὶ
2693 1153 2796 1213 σοι,
2829 1152 3017 1202 τέκνον
3049 1152 3231 1220 ἡμῶν,
3259 1151 3536 1220 ἐπωφελῆ,
3583 1155 3679 1205 καὶ

2096 1241 2210 1302 τοῖς
2251 1239 2545 1309 Ῥωμαίοις
2578 1242 2638 1293 οὑ
2693 1243 3043 1296 παντάπασιν
3069 1242 3313 1312 ’ἐπιδαρῆ
3341 1245 3436 1294 καὶ
3471 1245 3685 1314 ἀφόρη-

2095 1347 2206 1384 τον.
2239 1332 2300 1382 Εἰ
2325 1331 2438 1393 οὖν,
2481 1332 2555 1395 ὡς
2579 1329 2753 1396 εἷπον,
2783 1335 3000 1395 πάντως
3029 1333 3201 1396 οὕτως
3225 1336 3673 1405 πιρακέκλησασ,

2099 1419 2316 1488 πρῶτον
2343 1419 2442 1490 μὲν
2474 1421 2577 1473 ὑπὸ
2623 1422 2717 1474 τοῦ
2749 1421 2908 1487 Θεοῦ,
2941 1423 3194 1492 δεύτερον
3227 1422 3283 1475 δὲ
3306 1425 3410 1475 ὑπὸ
3443 1424 3540 1488 τῆς
3580 1427 3681 1493 σῆς

2093 1511 2543 1580 ’ὲμφρονεστάτης
2564 1512 2925 1582 διασκέψεως,
2955 1513 3049 1565 καὶ
3079 1514 3280 1582 τρίτον,
3312 1515 3461 1576 εῐτίς
3491 1531 3572 1567 σοι
3592 1517 3683 1567 λέ-

2099 1619 2196 1671 γος
2231 1605 2326 1655 καὶ
2354 1604 2451 1672 τῆς
2489 1605 2645 1674 ἡμῶν
2697 1605 3108 1671 ταπεινότητος,
3134 1605 3240 1656 ὑπὸ
3265 1605 3367 1673 τῆς
3404 1606 3684 1675 ἡμετέρας

2025 1665 2072 1726 Β
2098 1665 2339 1762 δεήσεως
2359 1707 2375 1725 ⁸
2408 1665 2704 1762 ἐλεύσομαι
2731 1695 2873 1764 πρὸς
2912 1665 3104 1746 σὲτκαλν
3123 1694 3270 1764 ψυχῇ
3305 1665 3680 1766 πτερούμενος

2095 1786 2193 1836 καὶ
2221 1785 2298 1855 τῷ
2330 1784 2571 1854 σώματι,
2599 1785 2708 1838 τῶν
2743 1785 3084 1856 βαρυνόντων
3131 1786 3350 1840 πάντων
3404 1786 3505 1859 τὴν
3537 1789 3681 1859 ἐμὴν

2091 1874 2241 1944 ’ζωὴν
2273 1878 2366 1929 καὶ
2391 1878 2450 1929 τὸ
2471 1878 2651 1948 γῆρας
2682 1879 3125 1949 ἐπιλελησμένος.

2166 1969 2230 2022 Εἰ
2255 1968 2299 2021 δ’
2317 1969 2453 2038 ὅπερ
2479 1970 2852 2040 ἀπευχόμεθει,
2879 1969 2958 2022 ἐτι
2993 1973 3222 2024 κάκεῖνα
3249 1971 3315 2025 τὰ
3333 1971 3681 2040 προλαϐόντα

2097 2060 2370 2113 σκάνδαλα
2402 2061 2562 2128 (ἀλλὰ
2598 2062 2672 2131 μὴ
2695 2063 3042 2133 συγχωρήσω
3073 2061 3203 2126 Θέός
3225 2065 3264 2134 ι)
3297 2066 3353 2116 ὲν
3376 2067 3438 2134 τῇ
3471 2069 3535 2134 σῇ
3563 2066 3681 2119 διαο

2099 2151 2325 2221 μένουσι
2363 2152 2530 2222 ψυχῇ,
2559 2153 2652 2205 καὶ
2688 2153 2746 2205 αἱ
2783 2153 2967 2223 βουλαὶ
2999 2155 3093 2206 καὶ
3121 2155 3342 2223 σκέψεις
3366 2155 3421 2209 αἶ
3458 2156 3682 2220 άϐλίους

2097 2244 2425 2313 εἰργάσαντο
2459 2243 2761 2314 Ῥωμαίους
2789 2247 2883 2298 καὶ
2908 2246 3274 2317 Βουλγάρους,
3309 2251 3401 2300 καὶ
3433 2249 3513 2301 ἔτι
3550 2253 3682 2318 περὶ

2095 2335 2193 2404 τῆς
2227 2335 2548 2406 Ῥωμαῖκῆς
2599 2336 2877 2406 βασιλείας
2912 2337 3041 2400 τοὺς
3080 2339 3343 2408 ἀρχαίους
3377 2341 3434 2391 ὲν
3470 2341 3683 2411 σεαυτῷ

2096 2427 2388 2497 λογισμοὺς
2437 2429 2641 2498 φέρεις,
2679 2428 2838 2480 αὐτόν
2872 2447 2952 2483 σοι
3003 2430 3377 2500 προϐάλλομαι
3427 2434 3680 2500 μεσίτην,

2097 2519 2259 2572 αὑτὸν
2275 2519 2503 2586 ἄγγελον
2531 2524 2621 2572 τὸν
2639 2521 2734 2590 τῆς
2765 2519 2960 2589 βουλῆς
2977 2521 3070 2573 τοῦ
3089 2522 3221 2575 Θεοῦ
3247 2527 3338 2576 καὶ
3363 2525 3594 2587 Πατοῦς,
3615 2527 3685 2595 ἢν

2098 2611 2210 2670 τοῖς
2262 2608 2366 2661 ὑπὸ
2401 2609 2491 2662 τοῦ
2520 2609 2968 2678 ἀνθρωποκτόνου
3011 2613 3263 2678 δαίμονος
3296 2614 3685 2683 ἐκπεπολεμω-

2101 2701 2284 2770 μένοις
2318 2701 2416 2753 ἀπ’
2459 2703 2635 2773 ἀρχῆς
2674 2703 2922 2772 ἤγγειλε,
2961 2708 3052 2757 καὶ
3085 2709 3152 2774 τῇ
3189 2706 3558 2776 φιλανθρώπῳ
3587 2709 3688 2773 ἀγ-

2097 2794 2253 2863 γελίᾳ.
2281 2794 2486 2848 ἔπαυσε
2525 2797 2623 2865 μὲν
2654 2797 2744 2848 τὸν
2777 2797 2998 2849 αἰώνιον
3034 2798 3293 2867 πόλεμον,
3328 2800 3498 2863 ἐξεῖλε
3531 2800 3587 2852 δὲ
3618 2801 3681 2852 τὸ

2098 2883 2198 2952 τῆς
2233 2884 2433 2955 ἔχθρας
2473 2886 2808 2956 μεσότοιχον,
2836 2889 2930 2938 καὶ
2963 2889 3044 2950 εἰς
3070 2890 3296 2957 ἑνότητα
3327 2892 3421 2941 καὶ
3460 2891 3688 2959 εἰρήνην

423 3015 554 3054 num
613 2997 988 3055 dominorum,
1027 2989 1226 3058 Regem
1283 3001 1469 3056 regum
1525 2996 1579 3037 et
1629 2999 1791 3051 super
1847 2982 1994 3035 omni

2103 2979 2377 3044 συνήγαγε
2427 2977 2486 3028 τὸ
2535 2977 2896 3045 ἀνθρώπινον.
2956 2979 3093 3031 Ἀλλ’
3124 2981 3286 3033 αὐτόν
3321 2998 3402 3034 σοι
3445 2981 3688 3051 προσάλ-

421 3087 798 3144 dominatioue
821 3084 1215 3141 dominantem,
1253 3087 1310 3131 ut
1338 3078 1496 3130 nobis
1541 3077 1884 3128 manifestam
1917 3072 1998 3125 fa-

412 3183 528 3235 cias
577 3189 724 3232 tuam
769 3177 1102 3229 voluntatem
1150 3186 1246 3241 per
1277 3170 1483 3222 litteras
1517 3182 1655 3236 quas
1707 3168 1996 3219 remittes:

406 3291 481 3328 ne
509 3272 743 3326 laborem
786 3268 984 3321 frustra
1021 3264 1274 3328 habeam,
1305 3276 1371 3315 ne
1401 3275 1638 3329 pnesens
1665 3272 1832 3311 vanas
1871 3272 1998 3326 pro-

410 3365 580 3416 feram
609 3374 918 3422 sermones,
947 3357 998 3408 in
1027 3355 1288 3426 pudorem
1322 3351 1538 3418 quidem
1573 3348 1726 3409 milii,
1759 3347 1999 3399 inrisum

405 3471 600 3509 eorum
631 3453 725 3521 qui
783 3465 924 3518 saepe
971 3455 1159 3499 amant
1197 3453 1383 3497 nostra
1419 3441 1599 3494 verbis
1650 3440 1999 3493 mordacibus

411 3547 670 3602 insectari
730 3553 895 3612 atque
949 3540 1199 3593 deridere
1257 3554 1272 3590 :
1334 3536 1444 3590 scis
1495 3544 1700 3596 autem,
1765 3533 2002 3601 prudens

411 3652 541 3692 eum
580 3634 672 3688 Dei
705 3635 880 3702 gratia
932 3631 1033 3694 sis,
1073 3629 1273 3682 multos
1305 3626 1576 3689 homines,
1602 3626 1737 3692 proh
1765 3624 2001 3676 lmt’nana

415 3728 666 3784 miseria!
703 3727 776 3780 ita
824 3739 947 3779 esse
999 3721 1335 3790 dispositos;
1382 3720 1434 3772 in
1491 3717 2000 3772 condemnationem

415 3825 599 3876 forsan
642 3832 857 3888 quoque
889 3814 1211 3867 veneranda:
1241 3822 1346 3890 tum
1384 3810 1616 3863 aniune:
1653 3825 1774 3861 nam
1804 3808 2003 3862 frustra

414 3927 599 3966 senem
646 3911 767 3963 loco
820 3920 1060 3968 movere,
1111 3904 1474 3966 debilitatum,
1509 3901 2004 3968 archiepiscopum,

407 4005 546 4058 licet
576 4004 884 4071 indignum,
933 3999 986 4052 iu
1037 4005 1566 4066 coni5peetumtnum
1625 3993 1918 4056 adducere,
1953 4001 2008 4048 et

418 4109 605 4164 [malea
639 4095 917 4149 remittere
950 4106 1092 4143 vano
1135 4091 1460 4143 exhaustum
1515 4088 1699 4141 labore
1727 4096 1778 4140 et
1813 4086 2007 4157 fatiga-

409 4190 588 4249 tione,
614 4191 785 4241 risum
816 4198 1038 4254 quoque
1071 4181 1288 4235 dantem
1345 4179 1429 4253 liis
1454 4179 1545 4245 qui
1610 4188 1796 4232 nostra
1830 4178 2007 4232 ridere

414 4289 622 4344 amant,
657 4279 802 4342 vide,
835 4277 909 4330 fili
944 4274 1016 4328 mi
1042 4273 1264 4336 dilecte,
1302 4285 1369 4325 ne
1400 4273 1471 4324 sit
1500 4270 1599 4324 tibi
1631 4270 1681 4322 in
1705 4270 2003 4339 judicium:

2100 3065 2266 3136 λομαι
2299 3069 2378 3130 εἰς
2426 3068 2746 3137 δυσώπησιν
2777 3071 2871 3122 τὸν
2925 3071 3129 3138 Κύριον
3163 3073 3272 3124 τῶν
3333 3074 3562 3142 κυρίων,
3595 3076 3690 3124 τὸν

2103 3159 2335 3212 Βασιλέα
2362 3162 2468 3213 τῶν
2500 3161 2922 3231 βασιλευόντων,
2956 3164 3052 3215 καὶ
3083 3163 3468 3228 ὲξουσιάζοντα
3507 3168 3688 3234 πάσης

2103 3249 2374 3314 ἐξουσίας,
2408 3254 2649 3322 φανερὰν
2669 3255 2800 3323 ἡμῖν
2831 3255 2929 3322 τὴν
2955 3255 3053 3322 σὴν
3091 3255 3316 3323 ποιῆσαι
3372 3256 3690 3323 προαίρεσιν

2103 3340 2170 3393 δι’
2192 3335 2266 3393 ὧν
2289 3342 2649 3411 ἀντιπέμψεις
2675 3347 3020 3414 γραμμάτων
3043 3361 3055 3374 ⁸
3085 3345 3224 3397 ὥστε
3262 3364 3328 3415 με
3357 3349 3491 3416 μήτε
3518 3349 3686 3400 κόπον

2103 3432 2397 3502 ὑπομεῖναι
2451 3433 2727 3502 διακενῆς,
2774 3435 2912 3505 μήτε
2951 3438 3373 3504 παραγεγονὸτα
3415 3439 3688 3505 ματαίους

2106 3524 2446 3593 φθέγξασθαι
2477 3525 2674 3594 λόγους
2714 3527 2790 3588 είς
2826 3525 3091 3597 αἰσχύνην
3127 3529 3226 3597 μὲν
3256 3529 3356 3598 τὴν
3407 3529 3565 3598 ἐμὴν.
3601 3531 3683 3589 εἰς

2105 3617 2316 3684 γέλωτα
2347 3617 2404 3669 δὲ
2450 3618 2560 3670 τῶν
2610 3617 2875 3678 πολλάκις
2907 3620 3210 3686 φιλούντων
3246 3622 3685 3689 κατακερτομεῖν

2105 3711 2202 3764 καὶ
2231 3705 2398 3782 γελᾷν
2429 3710 2497 3763 τά
2540 3711 2807 3781 ἡμέτερα.
2845 3706 3005 3774 Οἶδας
3035 3713 3113 3776 δὲ,
3149 3713 3415 3782 φρόνιμος
3443 3712 3517 3764 ὢν
3546 3711 3686 3763 Θεοῦ

2105 3804 2311 3873 χάριτι,
2347 3803 2423 3864 ὡς
2450 3802 2637 3854 πολλοὶ
2660 3803 2768 3854 τῶν
2801 3804 3127 3874 ἀνθρώπων,
3159 3806 3307 3872 οἴμοι
3331 3806 3429 3875 τῆς
3461 3805 3682 3874 ἀνορω-

2108 3895 2270 3964 πίνης
2296 3895 2686 3965 ὲλεεινότητοςί
2731 3895 2984 3962 τοιαύτης
3018 3896 3324 3966 ὑπάρχουσι
3351 3895 3640 3959 διαθέσεως
3661 3911 3677 3926 ο

2105 3987 2265 4057 τυχὸν
2311 3987 2368 4040 δὲ
2425 3986 2520 4040 καὶ
2547 3989 2626 4049 εἰς
2680 3987 2998 4057 κατάκριμα
3051 3988 3150 4056 τῆς
3200 3987 3299 4055 σῆς
3340 3991 3686 4058 τιμιωτάτης

2106 4079 2305 4149 ψυχῆς.
2353 4077 2426 4130 Τδ
2484 4079 2591 4146 γὰρ
2641 4077 2817 4147 μάτην
2847 4079 3068 4146 κινῆσαι
3116 4077 3402 4148 ἄνθρωπον
3430 4081 3683 4145 γέροντα,

2107 4170 2561 4241 ἐξησθενημένον,
2591 4171 2874 4241 ἀρχιερέα,
2913 4172 2962 4224 εί
2998 4171 3093 4224 καὶ
3122 4173 3365 4235 ἀνάξιον,
3397 4174 3686 4241 καὶιμέχρι

2107 4262 2203 4313 τοῦ
2260 4261 2353 4312 σοῦ
2387 4263 2678 4332 προσώπου
2735 4260 2926 4314 τοῦτον
2980 4263 3230 4329 ἀγαγεῖν,
3262 4261 3380 4315 εἶτα
3429 4265 3687 4332 διακενῆς

416 4386 675 4425 caeterum
707 4369 1034 4423 incolumem
1056 4374 1108 4418 te
1135 4348 1602 4423 servethristus,
1627 4359 1765 4412 Deus
1785 4369 1991 4422 noster,

2102 4353 2444 4422 ἀποστρέψαι
2499 4353 2730 4422 μάταιον
2763 4353 3223 4424 ὑπομεμενηκότα
3270 4355 3435 4408 πόνον
3465 4359 3558 4408 καὶ
3586 4358 3689 4408 κά-

413 4464 485 4516 ab
535 4462 685 4516 omni
717 4460 861 4514 nialo
897 4456 1092 4511 visibili
1121 4464 1174 4508 et
1208 4452 1489 4513 invisibili,
1525 4460 1576 4503 et
1608 4452 1660 4501 in
1689 4450 1872 4503 futuro
1904 4465 2006 4504 sa:-

417 4556 544 4606 culo
577 4569 689 4606 sua:
735 4549 932 4617 quietis
964 4555 1016 4600 et
1045 4544 1232 4612 gloria:
1265 4542 1580 4612 participem
1611 4531 1856 4592 efficiat

2110 4462 2304 4516 μαῖον,
2335 4444 2549 4511 γέλωτα
2582 4443 2927 4512 δεδειγμένον
2981 4447 3092 4505 τοῖς
3142 4447 3464 4516 προαίρεσιν
3499 4447 3687 4515 ἔχουσι

2111 4536 2422 4606 καταγελᾷν
2454 4535 2636 4604 ἡμῶν,
2673 4534 2894 4604 σκέψαι,
2933 4537 3127 4588 τέκνον
3156 4554 3259 4606 μου
3305 4539 3689 4607 ἠγαπημένον,

419 4650 497 4717 μὴ
519 4647 620 4698 οὐκ
654 4643 800 4697 ἔστιν
831 4639 1198 4708 ἀκατάκριτον
1235 4638 1303 4706 τῇ
1352 4638 1419 4705 σῇ
1458 4633 1692 4704 φιλοοέῳ
1747 4633 1917 4704 ψυχῇ.
1944 4635 2024 4688 Τὰ
2061 4636 2107 4688 δ’
2156 4630 2291 4686 ἄλλα
2341 4631 2659 4703 ἐρρωμένον
2731 4647 2792 4683 σε
2823 4629 3142 4700 διαφυλάξοι
3197 4631 3433 4702 Χριστὸς
3483 4635 3510 4685 ό
3545 4633 3679 4694 Elei;

419 4741 597 4811 ἡμῶν,
630 4737 728 4791 καὶ
755 4735 846 4788 νύν
896 4737 994 4804 μὲν
1027 4733 1136 4785 ἀπὸ
1167 4731 1348 4800 πάσης
1383 4729 1678 4792 κακώσεως
1741 4730 2028 4800 όρωμένης
2061 4746 2120 4782 τε
2155 4727 2251 4780 καὶ
2305 4727 2539 4796 ἀοράτου
2622 4724 2956 4797 ὑψηλότερον
3005 4726 3313 4796 συντηρῶν,
3370 4730 3463 4777 καὶ
3501 4726 3557 4776 ἐν
3606 4743 3689 4794 τῳ

417 4831 673 4904 μέλλοντι
707 4825 864 4878 αἰῶνι
900 4823 998 4891 τῆς
1045 4821 1238 4875 ἑαυτοῦ
1286 4818 1652 4881 ἀναπαύσεως
1703 4820 1797 4870 καὶ
1839 4819 1998 4888 δόξης
2037 4820 2136 4885 τὴν
2175 4819 2467 4870 κοινωνίαν
2511 4817 2911 4886 παρεχόμενος.

935 5002 1074 5058 XVI.
1109 5002 1188 5056 Ad
1212 5002 1476 5055 eumdem.

497 5187 574 5241 Ad
607 5178 1208 5258 rursus‘scribendum,
1253 5178 1323 5232 ﬁli
1355 5163 1430 5232 mi
1461 5176 1790 5240 venerande,
1828 5183 2010 5228 motus

429 5295 572 5340 sum,
608 5294 731 5333 cum
781 5276 1064 5330 doloribus
1089 5265 1341 5340 quotidie
1370 5285 1545 5324 meam
1590 5280 1824 5323 mentem
1868 5285 2007 5338 pun-

428 5371 676 5436 gentibus
731 5369 800 5422 ob
835 5368 977 5421 mala
1037 5374 1090 5417 et
1139 5363 1473 5417 calamitates
1525 5363 1893 5415 Romanorum
1954 5371 2007 5412 et

429 5460 956 5523 liulgarorum,.tum
995 5464 1216 5528 propter
1250 5451 1649 5509 formidandam
1696 5453 1841 5506 illam
1894 5466 2009 5519 pm-

430 5560 551 5598 nam
585 5560 744 5612 quam
779 5545 1176 5600 iucurreremus
1206 5543 1274 5597 de
1318 5541 1481 5595 tantis
1529 5539 1684 5592 malis
1726 5547 2005 5601 tacentes;

427 5635 678 5694 custodes
705 5637 904 5689 ctenim
956 5624 1418 5703 constitutLl'tcet
1451 5631 1681 5700 indigni,
1721 5627 2022 5683 hominum

2672 4991 2788 5060 lq'.
2826 4991 2908 5057 Τῷ
2935 4992 3116 5060 αὐτῷ.

2182 5173 2347 5226 Πάλιν
2373 5173 2464 5226 ἐπὶ
2490 5172 2550 5224 τὸ
2567 5173 2822 5242 γράφειν,
2840 5172 2922 5224 υίέ
2951 5189 3056 5242 μου
3092 5173 3481 5244 θεοφρούρητι,
3505 5157 3682 5244 avar-

2108 5269 2277 5340 καὶως
2335 5266 2648 5334 κεκίνημαι,
2714 5265 2873 5317 τοῦτο
2925 5265 3026 5335 μὲν
3051 5267 3158 5318 ὑπὸ
3208 5266 3315 5318 τῶν
3362 5265 3677 5336 ἀλγηδόνων

2109 5359 2452 5427 καθεκάστην
2486 5357 2811 5424 νυττόμενος
2842 5358 2939 5424 τὴν
2977 5357 3184 5427 ψυχὴν,
3217 5359 3274 5411 αῖ
3305 5358 3393 5410 διὰ
3439 5361 3505 5412 τὰ
3526 5360 3685 5411 κοινά

2109 5451 2257 5516 πάθη
2293 5449 2506 5509 καὶτὰς
2563 5448 2849 5516 συμφοράς
2887 5447 3176 5518 Ῥωμαίων
3211 5452 3304 5503 καὶ
3352 5451 3683 5520 Βουλγάρων

2109 5541 2423 5609 συνέχουσιν
2466 5540 2634 5607 ἡμᾶς,
2663 5537 2827 5589 τοῦτο
2856 5539 2910 5589 δὲ
2953 5539 3046 5590 καὶ
3072 5540 3162 5592 διά
3207 5542 3305 5610 τὴν
3332 5543 3544 5594 ἐκεῖθεν
3579 5559 3681 5609 φο·

2107 5631 2273 5698 ϐερὰν
2304 5631 2590 5700 τιμωρίαν,
2639 5632 2733 5683 ὲὲιν
2771 5629 2864 5680 ἐπὶ
2896 5629 3168 5692 τοσούτοις
3204 5635 3391 5694 κακοῖς
3420 5633 3686 5700 σιγῶντες
