3996 6208
319 340 421 406 H7

1734 364 2141 430 EPISTOLil.

3452 389 3598 453 ne;

312 458 447 515 εἶτα
482 461 744 533 έξαίφνης
775 465 874 534 τῆς
917 468 1041 522 κατ’
1075 470 1322 539 ἀλλήλων
1346 475 1453 527 τῶν
1494 476 1698 529 παίδων
1740 482 1865 532 ιπα⁴

1984 484 2232 541 habentis
2295 486 2436 543 filios
2502 488 2683 545 subito
2764 492 2815 545 in
2878 492 3109 547 invicem
3171 494 3553 566 insurgentes;

309 554 641 615 ναστάσεως.
673 554 797 619 Πῶς
833 556 976 613 οὕτω
1007 560 1300 628 διάκειται,
1334 566 1483 631 ὅταν,
1520 569 1639 621 ἀντὶ
1668 571 1762 622 τοῦ
1801 574 1881 624 εἰ-

308 646 587 713 ρηνεύειν,
619 648 744 700 ἀντὶ¹
767 650 861 702 τοῦ
889 651 1137 720 ὁμονοεῖν
1158 655 1227 707 τὰ
1258 656 1456 710 ἑαυτοῦ
1488 660 1673 722 τέκνα,
1709 662 1877 735 βλέπῃ

305 736 509 803 ἔχθραν
531 736 959 803 ἀλλαξαμένους,
987 743 1080 795 καὶ
1104 745 1245 809 κατὰ
1271 749 1367 815 τῆς
1392 749 1638 817 ἀλλήλων
1663 754 1878 822 σφαγῆς

306 829 375 877 τὰ
406 827 616 879 ἑαυτῶν
652 828 778 898 ξίφη
818 831 1164 901 βάπτοντας;
1213 838 1285 889 Οὐ
1324 841 1617 907 μεταϐαλεῖ
1658 843 1752 913 τὴν
1779 863 1878 912 χα-

310 918 413 984 ράν
456 920 534 978 είς
571 918 832 985 θρήνουςς

306 1008 468 1069 θῆναι
509 1008 653 1077 λόγῳ
691 1012 1008 1078 ποιήσεταις
1079 1017 1141 1069 οὐ
1174 1023 1356 1086 χανεῖν
1406 1022 1584 1091 ἑαυτῴ
1627 1025 1727 1092 τὴν
1771 1026 1877 1092 γῆν

300 1098 521 1162 εὔξεται
580 1101 777 1169 μᾶλλον
809 1104 839 1172 ἦ
874 1104 1090 1172 βλέπειν
1135 1110 1226 1160 τὸν
1260 1111 1443 1180 ἦλιονς
1480 1110 1612 1165 Εἶτα
1642 1117 1876 1184 πατέρες

304 1190 429 1256 μὲν,
472 1190 522 1241 οἳ
571 1190 774 1258 μηδένα
824 1195 993 1247 κόπον
1045 1200 1123 1257 εἰς
1164 1198 1263 1269 τὴν
1314 1201 1470 1268 ήμῶν
1518 1202 1876 1257 κατεϐάλοντο

300 1281 537 1345 γένεσιν,
595 1282 630 1335 ἃ
680 1279 869 1349 εἷπον,
930 1287 989 1349 ἐξ
1037 1288 1285 1360 ἀνάγκης
1357 1291 1691 1362 ὀφθήσονται
1775 1296 1875 1350 πά-

306 1388 552 1437 σχοντες.
580 1375 708 1427 ὅταν
752 1377 921 1447 ὁρῶσι
960 1380 1029 1432 τὰ
1074 1382 1239 1435 τέκνα
1266 1384 1500 1453 πόλεμον
1542 1386 1674 1454 πρὸς
1709 1386 1872 1457 ἀλλή-

300 1462 430 1525 λους
478 1465 822 1533 ἀραμένους,
877 1469 906 1519 ὁ
954 1469 1011 1522 δὲ
1066 1473 1304 1541 Χριστὸς
1359 1478 1453 1529 καὶ
1501 1477 1634 1542 Θεὸς
1693 1481 1870 1550 ἡμῶν,

301 1554 381 1617 ὃς,
441 1556 530 1607 ἵνα
585 1559 856 1626 κτήσηται
894 1562 1062 1630 ἡμᾶς,
1113 1564 1197 1617 ῖνα
1237 1568 1545 1638 υίοποιήσῃ,
1601 1570 1709 1622 τῶν
1766 1589 1872 1624 πα-

299 1648 508 1713 τρικῶν
572 1650 760 1700 ἑαυτὸν
799 1652 1034 1707 ἐκένωσε
1066 1656 1301 1719 κόλπων,
1351 1661 1443 1712 καὶ
1500 1664 1698 1732 σαρκὸς
1740 1681 1871 1733 μετ-

303 1738 431 1807 έσχε
502 1742 593 1801 καὶ
628 1743 859 1809 αἵματος
890 1749 1285 1817 παραπλησίως
1316 1754 1470 1819 ἡμῖν,
1514 1756 1609 1806 καὶ
1639 1756 1869 1824 σταυρὸν

1989 581 2262 646 quomodo
2317 581 2616 647 afﬁcietur,
2687 600 2811 639 cum
2865 586 3087 650 liberos,
3149 588 3269 642 luco
3322 592 3557 659 paciset

1988 670 2226 730 unionis.
2260 673 2773 732 videritinimicitiis
2795 677 3056 732 discissos
3089 678 3553 748 gladiosque’suos

1989 762 2040 814 in
2072 762 2366 817 fraternum
2402 767 2719 834 sanguinem
2750 768 3169 837 itnmergentes?
3203 769 3394 826 Nonne
3424 773 3554 826 laeti-

1986 854 2113 908 tiam
2148 856 2199 907 in
2246 856 2427 910 fletum
2466 861 2743 913 mutabit?
2778 876 2960 916 nonne
3002 861 3327 916 ineffabilem
3362 864 3555 931 plane»

888 925 1007 992 οὐχὶ
1054 929 1293 996 κοπητδν
1332 934 1406 999 μὴ
1447 932 1746 1000 δυνάμενον
1776 938 1865 1004 pq-

1988 958 2097 1000 tum
2129 948 2376 1001 emittet?
2426 965 2602 1004 nonne
2624 960 2822 1005 terram
2847 953 2950 1006 sibi
2976 954 3259 1008 dehiscere
3274 957 3555 1023 exuptabit

1984 1036 2162 1105 potius
2192 1054 2351 1106 quam
2383 1041 2550 1094 solem
2580 1043 2857 1109 aspicere?
2879 1045 3135 1099 Parentes
3161 1046 3343 1113 igitur,
3366 1047 3459 1114 qui
3497 1048 3549 1101 in

1982 1129 2141 1183 nobis
2180 1131 2459 1198 gignendis
2502 1134 2712 1187 nullum
2770 1134 3151 1203 impenderunt
3187 1137 3451 1202 laborem,
3484 1154 3549 1193 ex

1982 1223 2304 1277 necessitate
2333 1240 2454 1292 qua:
2486 1225 2749 1287 diximus.
2785 1226 3067 1294 patiuntur
3121 1243 3245 1282 cum
3304 1238 3469 1283 natos
3495 1230 3549 1282 in
3582 1256 3585 1259 -

1980 1310 2211 1367 invicem
2248 1314 2442 1371 bellum
2469 1316 2824 1384 suscipientes
2850 1318 3112 1381 viderint;
3139 1316 3390 1371 Christus
3421 1332 3549 1371 vero
3582 1344 3587 1350 ε

1979 1411 2031 1454 et
2064 1402 2202 1456 Deus
2225 1414 2431 1467 noster,
2456 1407 2569 1474 qui,
2603 1417 2659 1461 ut
2683 1422 2782 1463 nos
2808 1408 3118 1476 acquireret
3142 1417 3197 1462 et
3212 1407 3315 1462 sibi
3341 1405 3546 1462 faceret

1982 1491 2143 1553 filios,
2170 1503 2392 1560 paterna
2422 1494 2640 1564 reliquit
2666 1498 2897 1579 viscera,
2926 1499 3189 1566 carnique
3211 1508 3267 1553 et
3295 1499 3543 1567 snnguini

1980 1581 2260 1634 nobiscum
2288 1585 2730 1646 communicavit,
2752 1594 2912 1653 atque
2935 1600 3151 1638 crucem
3187 1593 3545 1651 mortemque,
3574 1627 3581 1635 .

1978 1682 2038 1723 nt
2063 1686 2160 1724 nos
2181 1672 2316 1725 filios
2335 1672 2587 1736 efficeret,
2612 1675 2802 1741 subiit,
2831 1690 3009 1729 nonne
3029 1690 3159 1728 suos
3176 1675 3362 1729 videns
3384 1674 3549 1738 filios.

1983 1761 2255 1817 Romanos
2285 1765 2490 1817 scilicet
2517 1774 2570 1819 et
2601 1766 2883 1834 Bulgaros,
2939 1766 3012 1820 ita
3046 1766 3100 1819 in
3134 1765 3363 1819 invicem
3398 1764 3548 1819 insa-

303 1828 508 1897 ὑπέστη
555 1834 649 1884 καὶ
693 1833 944 1900 θάνατον,
982 1837 1070 1891 ἵνα
1108 1842 1257 1903 υἱοὺς
1294 1846 1698 1912 ἀπεργάσηται,
1729 1846 1865 1914 ὁρῶν

1975 1841 2208 1914 ιιίειιιιῖε,
2270 1854 2513 1921 tantique
2571 1828 2751 1909 Patris
2817 1854 3055 1923 talisque
3123 1853 3400 1908 filiationis
3447 1854 3549 1906 im-

299 1920 366 1969 τα
401 1921 575 1973 οἰκεῖα
613 1923 801 1983 τέκνα,
844 1927 1185 1998 Βουλγάρους
1218 1934 1359 2001 φημὶ
1404 1937 1497 1986 καὶ
1539 1935 1866 2004 Ῥωμαίους,

1970 1959 2263 2005 memores,
2301 1962 2384 2007 ac.
2412 1946 2531 1998 loco
2559 1945 2811 2001 fraterna:
2841 1946 3173 2007 dilectionis.
3212 1945 3455 2000 belluino
3484 1954 3543 1997 et

299 2008 441 2062 οὕτω
473 2011 595 2081 κατ’
642 2014 889 2083 ἀλλήλων
920 2020 1322 2087 ἐκμεμηνότας,
1374 2024 1469 2077 καὶ
1507 2024 1865 2094 ἐπιλελησμέ-

1971 2036 2130 2090 feroci
2162 2036 2355 2090 all‘ecm
2395 2048 2601 2105 captos.
2657 2038 3065 2103 incomparabili
3097 2038 3285 2092 dolore
3345 2053 3373 2092 a
3435 2037 3579 2090 for--

296 2116 418 2164 νους
454 2103 554 2170 μὲν
584 2104 679 2157 τοῦ
702 2108 945 2161 τοιούτου
973 2112 1185 2179 [Ιατρδς
1211 2117 1422 2183 καὶτῆς
1452 2117 1719 2182 υἱότητος,
1746 2119 1865 2170 ἀντὶ

1971 2129 2089 2182 tiori
2137 2129 2507 2183 cruciabitur?
2547 2145 2725 2185 nonne
2764 2133 2934 2185 multo
2980 2130 3246 2185 acerbiori
3307 2145 3545 2186 nttBrore

294 2191 352 2243 δὲ
383 2193 487 2258 τῆς
517 2195 816 2265 ἀδελφικῆς
854 2202 1094 2267 σχέσεως
1134 2204 1214 2265 εἰς
1248 2204 1486 2275 θηριώδη
1530 2210 1625 2261 καὶ
1659 2210 1859 2276 ἀνήμε-

298 2301 390 2351 ρον
422 2284 665 2339 διάθεσιν
710 2293 1114 2356 καταστάντας,
1146 2294 1207 2346 οὐ
1255 2296 1455 2363 μᾶλλον
1502 2299 1869 2368 ἁσυγκρίτους

298 2374 449 2427 ἔσται
493 2378 675 2446 φέρων
715 2384 813 2445 τὰς
842 2384 1075 2450 ὀδύνας;
1126 2388 1188 2439 οὺ
1220 2388 1400 2456 πολλῷ
1437 2396 1707 2446 κεντεῖται
1749 2395 1867 2462 δρι-

298 2467 513 2536 μυτέρῳ
542 2470 849 2541 άλγήματις
900 2477 1059 2545 Ἔχει
1103 2478 1302 2547 πολλὴν
1339 2482 1598 2552 εὐπορίαν
1639 2488 1666 2538 ὁ
1691 2486 1872 2553 λόγος,

298 2556 378 2605 υἰέ
411 2573 515 2624 μου
545 2560 894 2618 ποθεινότατε
927 2568 1020 2619 καὶ
1051 2567 1195 2634 φίλε,
1231 2572 1324 2623 καὶ
1356 2571 1408 2624 sf
1428 2590 1479 2624 τι
1516 2573 1642 2627 ἄλλο
1672 2577 1868 2629 οἰκειό-

296 2663 450 2714 τερον
478 2650 658 2719 ὅρμα
693 2657 787 2707 καὶ
831 2658 1167 2728 γλυκύτερον
1204 2664 1263 2713 ἐν
1302 2661 1612 2732 ἀνθρώποις
1645 2667 1708 2719 ὲκ
1757 2667 1864 2720 τῶν

296 2739 656 2809 ἀνθρωπίνων
684 2751 1012 2819 προσφέρειν
1045 2768 1127 2803 σοι
1174 2753 1274 2821 τὴν
1312 2755 1653 2822 παραίνεσιν,
1688 2759 1768 2820 είς
1798 2760 1859 2811 τὸ

296 2833 527 2885 συνιδεῖν
579 2836 654 2900 ὡς
685 2841 913 2913 τοιαῦτα
958 2845 1294 2914 πράττομεν,
1346 2838 1467 2900 me“
1517 2848 1759 2919 ἀλλήλων
1798 2850 1864 2902 τὰ

291 2923 431 2976 ὅπλα
464 2926 767 2993 κινοῦντες,
809 2926 894 2983 οἶα
920 2935 1024 2996 πᾶς
1048 2935 1338 3004 ἄνθρωπος
1361 2938 1575 3007 τίθησιν
1601 2940 1679 3000 είς
1701 2939 1861 3007 ἀρὰν,

1964 2221 2330 2276 conﬁcietur?
2365 2220 2468 2276 Per
2490 2238 2654 2292 quam
2688 2223 2846 2279 facile
2884 2223 3039 2286 mihi,
3076 2223 3147 2276 fili
3185 2222 3537 2276 desideratis-

1975 2316 2113 2369 sime
2161 2326 2214 2369 et
2261 2316 2307 2370 si
2346 2316 2473 2384 quid
2500 2325 2583 2371 est
2612 2317 2761 2372 aliud
2818 2317 3043 2371 suavius
3101 2316 3239 2369 inter
3293 2314 3542 2368 homines

1975 2420 2194 2469 numen.
2223 2407 2653 2461 exhortationem
2681 2424 2745 2463 ex
2768 2407 3018 2461 humanis
3039 2407 3200 2460 rebus
3234 2405 3543 2467 desumere,

1974 2505 2035 2550 ut
2073 2497 2338 2567 intelligas
2370 2514 2493 2562 nos.
2538 2514 2665 2554 cum
2705 2514 2853 2552 arma
2888 2499 2941 2551 in
2987 2498 3216 2550 invicem
3250 2494 3542 2555 sumimus.

1975 2602 2038 2643 ea
2064 2602 2224 2654 agere
2255 2603 2376 2654 quae.
2407 2588 2571 2642 homo
2601 2590 2828 2657 quilibet
2867 2588 3169 2643 maledictis
3222 2588 3541 2640 insectatur.

1972 2690 2273 2743 eorumque
2293 2675 2566 2728 inalorum
2590 2685 2838 2730 auctores
2861 2675 3294 2731 utexsecrandos
3315 2672 3545 2728 haberi?

1976 2766 2173 2833 Ecquis
2203 2766 2401 2821 etenim
2435 2767 2723 2835 prudentia
2756 2779 3001 2833 ornatus.
3032 2768 3157 2837 quis
3192 2775 3399 2821 naturae
3435 2782 3544 2821 non

1973 2842 2217 2925 ignarus,
2240 2857 2364 2923 quis
2390 2856 2700 2911 Creatorem
2729 2872 3052 2928 agnoscens,
3076 2858 3201 2925 quis
3221 2856 3545 2923 simpliciter

1974 2954 2179 3000 natura;
2219 2946 2473 3000 humana:
2493 2961 2720 3000 consors
2757 2947 3222 3014 cogitationesque
3273 2944 3548 2998 humanas

290 3016 386 3067 καὶ
438 3017 569 3080 τοὺς
618 3020 725 3072 τῶν
782 3024 969 3075 κακῶν
1018 3026 1226 3079 τούτων
1278 3028 1515 3097 ἐργάτας
1564 3030 1865 3100 ἀλάστορας

1971 3034 2307 3103 concipiens.
2350 3034 2396 3088 si
2431 3035 2622 3088 viderit
2659 3036 2820 3089 unius
2853 3035 3204 3104 ejusdemque
3229 3034 3352 3088 fidei
3382 3034 3548 3088 disci-

292 3108 547 3176 ἥγηνται.
581 3112 677 3189 τίς
725 3114 837 3183 γὰρ
888 3119 1145 3187 φρονήσει
1192 3120 1585 3189 κοσμούμενος,
1635 3123 1718 3187 τίς
1752 3127 1872 3179 ἐπι-

296 3201 561 3264 στάμενος
585 3201 685 3271 τὴν
706 3202 889 3269 φύσιν,
922 3206 1005 3269 τίς
1040 3208 1325 3276 γνωρίζων
1362 3212 1452 3263 τὸν
1480 3212 1751 3282 Πλάστην,
1782 3215 1865 3278 τίς

291 3286 477 3350 ἁπλῶς
505 3289 855 3361 ἀνθρωπίνης
888 3295 1106 3363 φύσεως
1135 3298 1396 3366 ὑπάρχων
1436 3301 1533 3352 καὶ
1572 3300 1867 3371 λογισμοὺς

294 3377 472 3445 φέρων
499 3379 899 3448 ἀνθρωπίνους,
931 3385 1076 3453 ὁρῶν
1105 3388 1232 3450 τοὺς
1266 3389 1363 3457 τῆς
1405 3389 1580 3459 αὐτῆς
1610 3393 1704 3444 καὶ
1735 3395 1862 3461 μιᾶς

294 3467 532 3533 πίστεως
578 3471 757 3535 ὄντας,
788 3474 880 3527 τὸν
929 3477 1093 3530 αὐτὸν
1139 3477 1272 3531 Θεὸν
1323 3481 1672 3549 σεϐομένους,
1721 3483 1862 3537 ὅπλα

291 3559 409 3610 κατ’
442 3561 694 3631 ἀλλήλων
722 3567 1075 3637 ἐπαίροντας,
1104 3572 1177 3621 ἐῶ
1217 3572 1323 3642 γὰρ
1364 3574 1460 3625 νῦν
1490 3574 1670 3641 λέγειν
1695 3577 1865 3631 τέκνα

1971 3125 2152 3195 pulos.
2187 3124 2428 3191 ejusdem
2460 3126 2554 3180 Dei
2586 3126 2848 3191 cultores,
2887 3141 3060 3190 arma,
3086 3127 3139 3181 in
3189 3126 3419 3179 invicem
3452 3141 3546 3179 su-

1972 3226 2205 3279 mentes.
2236 3218 2450 3272 dimitto
2478 3218 2619 3273 enim
2646 3218 2733 3272 hic
2760 3219 2941 3273 dicere
2968 3218 3107 3273 filios
3134 3227 3324 3272 contra
3346 3232 3544 3285 paren-

1968 3318 2070 3372 tes.
2093 3318 2452 3379 parentesque
2469 3309 2895 3373 contraliberos,
2922 3307 3118 3363 fratres
3141 3317 3331 3363 contra
3349 3308 3551 3360 fratres

1967 3402 2165 3456 bellum
2196 3418 2402 3472 gerere,
2427 3404 2700 3458 tristitiam
2723 3419 2831 3457 non
2852 3403 3120 3472 concipiet
3142 3401 3543 3467 maledictaque

1968 3492 2151 3545 omnia
2190 3507 2294 3547 non
2331 3492 2570 3561 proferet
2602 3494 2865 3548 adversus
2901 3507 2995 3548 eos
3045 3491 3139 3564 qui
3197 3491 3265 3546 ad
3328 3498 3539 3545 tantam

1971 3581 2418 3637 inhumanitatem
2450 3583 2860 3639 declinaverint.

291 3649 425 3747 προς
456 3652 725 3722 πατέρας,
776 3649 1195 3729 πατέραξπρὺς
1239 3664 1426 3726 τέκνα,
1460 3666 1555 3717 καὶ
1599 3665 1868 3735 ἀδελφοὺς
1934 3670 2182 3739 ἀδελφοῖς
2231 3674 2628 3744 πολεμοῦντας,
2689 3676 2751 3729 οὐ
2797 3676 3129 3747 σκυθρωπὴν
3168 3672 3545 3743 ἀναλαμϐάνει

289 3743 552 3812 διάθεσιν,
591 3750 687 3800 καὶ
732 3751 914 3843 πάσας
943 3754 1084 3821 ἀράς
1117 3755 1313 3825 ἀφίησι
1344 3758 1486 3811 κατὰ
1530 3761 1638 3813 τῶν
1666 3762 1840 3827 οὓτως
1878 3766 1958 3830 εἰς
1987 3768 2354 3838 ἀπάνθρωπον
2392 3770 2712 3843 προαίρεσιν
2745 3743 3053 3824 ὲλασάνντων

358 3843 517 3911 Ἔχει
568 3845 666 3912 μὲν
694 3842 808 3911 οὖν,
836 3846 912 3907 ὡς
952 3844 1128 3912 εἶπον,
1159 3852 1223 3903 ὲκ
1255 3852 1364 3905 τῶν
1397 3855 1548 3907 κάτω
1589 3856 1868 3927 ἀνθρωπί-

292 3949 392 3985 νων
416 3932 625 4003 πολλὴν
673 3936 701 3987 ὁ
746 3936 904 4003 λόγος
944 3939 1296 4015 παράκλησιν
1332 3944 1412 4006 εἰς
1457 3945 1516 3997 τὸ
1561 3945 1727 4014 λῆξαι
1763 3947 1864 4015 μὲν

294 4022 433 4089 ὑμᾶς
462 4024 573 4076 τῶν
604 4027 828 4093 σφαγῶν
867 4029 960 4080 καὶ
987 4014 1093 4082 τῶν
1128 4032 1399 4102 πολέμων,
1447 4014 1856 4105 ἐπιστραφῆναι

291 4113 345 4165 δὲ
374 4115 511 4184 προς
542 4117 643 4185 τὴν
673 4120 942 4189 σωτήριον
984 4123 1077 4175 καὶ
1111 4122 1260 4179 θείαν
1300 4128 1546 4195 εἰρήνην.
1589 4128 1749 4182 Ἀλλά
1785 4129 1849 4183 σύ

295 4221 398 4273 μοι,
425 4207 617 4259 τέκνον
642 4209 793 4277 ὲμὸν,
828 4212 1126 4267 κατάλειπε
1154 4216 1221 4279 τά
1248 4218 1399 4270 κάτω
1428 4219 1523 4270 καὶ
1556 4218 1622 4271 τὰ
1646 4218 1858 4289 ἀνθρώ-

293 4312 442 4360 πινα,
506 4302 601 4351 καὶ
655 4301 752 4362 τὰς
817 4304 880 4377 εκ
917 4303 1124 4358 τούτων
1194 4309 1543 4377 παραινέσεις
1588 4312 1682 4364 καὶ
1736 4313 1859 4375 τοὺς

291 4387 500 4455 λόγους,
531 4392 629 4443 καὶ
656 4392 716 4445 τὸ
738 4375 999 4463 σὸνῦμμα
1013 4396 1115 4466 τῆς
1137 4375 1515 4471 ὀπτικωτάτης
1528 4400 1705 4471 ψυχῆς
1723 4401 1861 4454 ἐπα-

295 4498 384 4550 ρον
416 4483 553 4549 πρὸς
584 4485 676 4535 τὸν
703 4488 933 4556 οὐρανὸν
963 4492 1058 4543 καὶ
1092 4491 1397 4559 κατάστηθι
1430 4494 1563 4563 πρὸς
1602 4493 1857 4546 ἀναθεώ-

293 4588 447 4640 ρησιν
479 4574 589 4626 τῶν
619 4576 790 4643 ἁγίων
822 4578 1129 4648 δυνάμεων,
1180 4583 1303 4634 ὅσαι
1334 4581 1410 4652 τῷ
1436 4584 1657 4656 Χριστῷ
1697 4601 1857 4656 παρ-

289 4666 612 4732 εττήκασιν,
632 4668 715 4719 ὅτι
754 4669 849 4720 καὶ
876 4671 1039 4723 αὐταὶ
1066 4674 1554 4744 σκυθρωπάζουσι,
1582 4677 1678 4729 καὶ
1712 4679 1857 4730 εἰκό-

289 4770 392 4817 τως
415 4771 429 4782 ·
461 4759 665 4827 ὁρῶσαι
698 4763 807 4831 γὰρ
833 4764 925 4815 τὸν
969 4767 1250 4836 Δεσπότην
1286 4767 1624 4837 ὀδυνώμενον
1660 4770 1753 4821 ἐπὶ
1790 4771 1856 4841 τῇ

285 4848 536 4921 ἀπωλείᾳ
574 4852 669 4905 τοῦ
690 4853 822 4907 λαοῦ
847 4856 1037 4918 αὑτοῦ,
1065 4857 1195 4922 λαὸς
1221 4862 1330 4930 γὰρ
1369 4861 1577 4915 ἐκείνου
1617 4863 1775 4929 ὑμεῖς
1800 4878 1861 4914 τε

286 4942 380 4992 καὶ
403 4943 590 5009 ἡμεῖς,
619 4945 711 4996 ἐπὶ
738 4949 805 5015 τῇ
833 4948 1079 5020 ἀπωλείᾳ
1102 4950 1211 5003 τῶν
1229 4954 1441 5005 τέκνων
1468 4953 1561 5006 καὶ
1590 4953 1859 5022 ἀδελφῶν,

282 5035 375 5085 καὶ
403 5034 483 5095 ὡς
513 5035 702 5105 πατὴρ
724 5037 879 5102 τάξιν
918 5040 1072 5093 ἔθετο
1100 5043 1324 5105 τέκνων,
1361 5045 1454 5097 καὶ
1490 5046 1563 5106 ὡς
1594 5029 1862 5110 ἀδελφοὺς

284 5125 773 5195 συγκληρονόμους
800 5133 1132 5202 παρέλαϐεν,
1156 5135 1237 5198 είς
1256 5137 1466 5205 πεῖραν
1492 5136 1587 5188 τοῦ
1611 5136 1858 5189 τοιούτω

283 5215 493 5278 πάθους
529 5220 911 5277 καθίστανται.
953 5225 1017 5276 Τί
1053 5225 1254 5291 λέγεις,
1295 5225 1437 5278 οὕτω
1467 5226 1659 5296 μέχρις
1691 5228 1859 5296 οὐρα-

281 5306 375 5357 νοῦ
412 5306 526 5361 τῶν
582 5312 873 5380 ἡμετέρων
907 5314 1308 5369 ἀναϐαινόντων
1346 5317 1554 5379 κακῶν,
1598 5312 1679 5379 οἷς
1710 5320 1736 5370 ὸ
1765 5317 1859 5371 ἀπ’

2037 3862 2114 3918 Ex
2144 3865 2397 3921 humanis
2428 3868 2593 3922 rebus
2618 3882 2894 3935 magnam.
2926 3877 2983 3921 ut
3029 3866 3167 3926 dixi.
3197 3868 3410 3935 copiam
3440 3884 3563 3922 ex-

1965 3953 2292 4009 hortationis
2325 3969 2540 4011 sumere
2574 3971 2797 4024 possum
2848 3972 2958 4026 quo
2992 3958 3232 4012 caedibus
3280 3969 3333 4012 et
3385 3959 3545 4014 bellis

1966 4045 2128 4098 finem
2181 4046 2475 4114 imponatis
2536 4055 2589 4100 et
2645 4047 2710 4100 ad
2756 4049 3049 4102 salutarem
3089 4061 3252 4119 atque
3299 4051 3564 4105 divinam.

1962 4150 2149 4204 pacem
2182 4150 2278 4190 vos
2301 4128 2633 4192 oonvertaﬁs
2656 4154 2671 4203 ;
2694 4139 2786 4192 sed
2812 4138 3042 4203 dimitte,
3075 4140 3146 4194 fili
3206 4141 3300 4203 mi,
3328 4150 3559 4196 terrena-

1969 4237 2021 4280 et
2060 4227 2317 4291 humana,
2343 4227 2859 4297 exhortationesque
2891 4237 2944 4282 et
2973 4244 3257 4284 sermones
3290 4231 3416 4285 inde
3440 4232 3541 4285 de-

1970 4329 2209 4388 sumpta.
2249 4318 2434 4374 oculos
2471 4334 2597 4383 vero
2628 4319 2959 4373 acutissimas
2989 4320 3188 4374 me’ntis
3225 4321 3291 4373 ad
3341 4320 3547 4375 cmlunt

1968 4412 2126 4475 tolle,
2194 4420 2594 4481 potestatesque
2648 4410 2932 4465 considera
2977 4425 3099 4479 qua:
3144 4411 3375 4466 Christo.
3394 4412 3539 4466 assi-

1965 4510 2134 4567 stunt,
2160 4501 2433 4571 quomodo
2461 4500 2852 4556 contristantur
2887 4510 2942 4556 et
2961 4516 3124 4571 quam
3161 4503 3357 4556 merito
3382 4543 3396 4561 .
3419 4516 3542 4556 cer-

1893 4622 1933 4675 ο
1965 4602 2152 4648 nentes
2177 4594 2377 4647 etenim
2408 4591 2698 4647 Dominum
2734 4593 2801 4648 de
2829 4593 2983 4646 ruina
3016 4594 3201 4663 populi
3234 4594 3318 4649 sui
3346 4595 3541 4665 lugen-

1967 4696 2094 4749 tem,
2121 4688 2349 4756 populus
2372 4687 2515 4741 enim
2541 4685 2660 4757 ejus
2678 4701 2774 4741 vos
2801 4694 2855 4741 et
2883 4702 3006 4752 nos,
3030 4688 3097 4742 de
3127 4687 3282 4742 ruina
3304 4690 3539 4742 filiorum

1962 4788 2015 4831 et
2041 4777 2291 4840 fratrum,
2329 4793 2561 4847 namque
2596 4789 2652 4831 ut
2678 4787 2833 4846 pater
2854 4792 2955 4833 nos
2992 4779 3047 4831 in
3079 4779 3220 4834 filios
3244 4780 3543 4847 assumpsit

1961 4874 2013 4919 et
2048 4874 2107 4918 ut
2139 4865 2305 4919 frater
2336 4866 2437 4919 sibi
2461 4866 2772 4919 cohaeredes
2808 4882 2907 4920 nos
2942 4866 3095 4933 fecit,
3150 4870 3285 4923 tanti
3329 4869 3553 4923 doloris.

1959 4953 2248 5023 participes
2279 4952 2456 5019 ﬁunt;
2507 4955 2636 5024 quid
2676 4955 2816 5010 dicis
2838 4957 3044 5012 nostris
3081 4959 3239 5013 malis
3263 4973 3435 5027 usque
3467 4960 3537 5013 ad

1960 5045 2158 5098 coelum
2190 5044 2612 5100 ascendentibus
2638 5047 2838 5115 quibus
2868 5061 2898 5101 a
2934 5048 3204 5117 principio
3259 5048 3536 5103 homicida

1960 5134 2211 5189 diabolus
2260 5134 2536 5191 Romanos
2568 5146 2622 5190 et
2655 5135 2921 5207 Bulgaros
2964 5147 3245 5207 percutere
3284 5137 3492 5191 studuit
3516 5139 3557 5189 ι·

1959 5226 2150 5280 Nonne
2164 5224 2491 5281 Christianis
2504 5229 2912 5283 convenientem
2928 5229 3218 5296 cogitatum
3239 5228 3550 5285 sumimus?

1960 5315 2150 5370 Nonne
2183 5321 2248 5371 ad
2300 5334 2401 5374 nos
2440 5321 2849 5375 convertimur?
2898 5319 3091 5375 Nonne
3141 5319 3546 5389 malignitatem-

279 5396 460 5469 ἀρχῆς
506 5400 961 5469 ἀνθρωποκτόνος
1016 5406 1262 5468 διάϐολος
1316 5407 1621 5476 Ῥωμαίους
1677 5408 1858 5477 ἐφιλο-

1971 5424 2073 5478 qua
2101 5410 2259 5464 nobis
2292 5420 2451 5465 nocet
2504 5411 2755 5467 diabolus
2809 5411 3434 5487 agnoscimus?_Nonne
3468 5416 3537 5471 ad

281 5490 507 5559 νείκησε
533 5494 631 5546 καὶ
659 5494 999 5568 Βουλγάρους
1026 5499 1344 5568 περιϐαλεῖν
1369 5516 1383 5563 ;
1408 5499 1482 5551 Οὐ
1504 5499 1860 5569 λαμϐάνομεν

1971 5510 2273 5556 no~trorum
2312 5505 2578 5558 malorum
2607 5504 2941 5560 curationem
2966 5504 3325 5570 evigilamus?

278 5584 544 5658 λογισμὸν
570 5589 662 5643 τὸν
726 5591 1005 5661 πρέποντα
1040 5593 1418 5665 Χριστιανοῖς;
1456 5595 1570 5648 Οὐκ
1659 5596 2110 5665 ἐπιστρεφόμεθα
2144 5580 2294 5667 ’πρὸς
2358 5598 2620 5663 ἑαυτούς;
2654 5598 2768 5650 Οὐκ
2847 5597 3139 5666 ἐννοοῦμεν
3178 5600 3277 5671 τὴν
3311 5597 3407 5652 τοῦ
3438 5615 3539 5657 πο..

280 5679 449 5749 νηροῦ
496 5682 931 5755 κακομηχανίαν,
979 5685 1045 5739 δι’
1084 5685 1149 5758 ἧς
1201 5688 1521 5757 λυμαίνεται
1570 5690 1723 5757 ἡμῖν,
1787 5690 2061 5761 καὶπρὸς
2127 5690 2500 5761 ἐπανόρθωσιν
2567 5692 2678 5747 τῶν
2737 5690 2953 5746 οἰκείων
3012 5695 3200 5748 κακῶν
3266 5695 3538 5764 άνανήψο·

278 5792 412 5843 μινς
2982 5850 2996 5864 .
3496 5840 3499 5843 -
3582 5834 3601 5865 \
