3996 6208
408 309 510 374 123

402 422 495 481 tia.
551 419 669 474 auri
731 419 1114 490 quantitatem,
1184 420 1548 491 vestiumque.

399 510 515 581 agri
548 518 752 580 partem
779 512 1052 582 aliquam;
1096 515 1236 569 acsi
1265 525 1317 568 te
1346 517 1568 569 verterit
1598 516 1840 570 divinum
1877 532 1972 585 pa-

397 601 478 657 cis
502 600 715 656 Christi'
737 602 1096 665 desiderium.
1125 604 1256 671 quid
1287 604 1420 660 velis
1452 615 1638 660 notum
1665 605 1749 659 fac
1781 607 1966 662 nobis:

395 693 518 749 dico
543 709 666 762 ego,
697 694 767 747 [ili
811 699 905 759 mi,
960 710 1055 764 pro
1084 696 1233 749 omni
1270 695 1443 760 lucro,
1477 712 1572 764 pro
1598 697 1747 751 omni
1798 698 1974 752 incre-

396 795 579 841 mento
613 802 735 840 esse
789 788 1074 855 sanguinis
1137 788 1460 841 ellusionem
1511 804 1729 842 cessare
1787 790 1967 846 velle:

393 879 521 946 quid
548 878 688 930 enim
722 880 851 931 tanti
871 881 1010 946 apud
1032 879 1304 932 hominem
1341 880 1700 933 chriSIianum
1730 893 1782 932 et
1801 881 1970 949 pium,

395 985 458 1022 ac
489 969 772 1036 presertim
834 972 994 1022 talem
1050 971 1230 1040 qualis
1254 986 1313 1025 es
1350 979 1428 1033 tu,
1465 970 1535 1022 [ili
1582 973 1677 1035 tui,
1721 988 1882 1039 quam
1918 973 1969 1025 id

394 1061 666 1124 ohtiuere,
703 1077 894 1129 nempe
926 1063 1156 1116 caedium
1189 1065 1579 1123 cessationem.
1619 1064 1747 1117 belli
1781 1063 1972 1130 tinem,

394 1150 689 1206 Christiani
739 1154 1021 1220 sanguinis
1070 1138 1354 1208 emisionis
1413 1154 1694 1223 quietem?
1767 1152 1972 1207 Dentur

395 1253 577 1298 tamen
609 1254 804 1313 praeter
843 1246 1143 1299 maximum
1179 1235 1309 1298 illud
1347 1255 1399 1306 et
1434 1247 1862 1316 incomparabile
1886 1246 1970 1300 lu-

395 1353 570 1393 crum.
608 1337 708 1390 alia
741 1338 987 1405 quaedam
1022 1337 1364 1406 superaddita
1404 1337 1579 1399 lucra,
1621 1347 1680 1390 ut
1705 1338 1816 1406 jam
1836 1337 1970 1397 dixi.

393 1431 513 1484 auri
540 1429 743 1483 scilicet
785 1429 1017 1496 pondus.
1060 1437 1257 1488 vestes.
1292 1429 1403 1496 agri
1434 1442 1652 1496 quoque
1671 1426 1969 1495 {cujusdam

397 1523 567 1591 partis
627 1522 908 1575 concessio
934 1560 949 1584 ,
997 1535 1117 1588 qua:
1147 1519 1302 1573 vobis
1336 1518 1475 1571 forte
1519 1518 1666 1572 utilis
1708 1517 1830 1580 erit,
1875 1517 1971 1571 sed

396 1629 494 1666 nec
532 1612 792 1666 Romanis
824 1611 1490 1680 quidquamintolerabilis
1523 1610 1703 1663 damni
1737 1608 1923 1662 afferet
1945 1625 1957 1633 ·

389 1702 490 1765 Ne.
549 1704 620 1757 illi
675 1705 744 1757 mi
776 1712 828 1756 et
862 1703 943 1756 vir
975 1702 1085 1766 Dei,
1112 1703 1176 1754 ad
1205 1701 1342 1754 hanc
1381 1716 1563 1768 paceni
1597 1713 1740 1752 verte
1763 1701 1967 1753 oculos.

1531 313 1838 374 NICOLAI
1869 316 1980 376 CF.
2018 316 2524 379 PATRIARCIIE

3546 317 3646 377 ιῑι

1637 425 1746 478 imo
1795 413 1972 480 forsan

2085 429 2176 480 καὶ
2212 425 2288 500 μή
2341 429 2414 492 ὡς
2465 427 2696 494 δυνατὴν
2737 426 3148 499 ἐπιτελεσθῆναι
3205 427 3458 496 λογίζουο
3522 432 3643 483 οἰοᾷὶ

2081 520 2190 588 γὰρ
2250 519 2474 572 δυνατὸν
2530 516 2791 587 οὐμενοῦν
2838 517 2995 570 τοῦτο
3025 517 3274 586 γενέσθαι
3297 535 3310 547 ·
3347 520 3482 590 πρὸς
3508 521 3644 576 ἄλλα

2080 611 2136 663 δὲ
2190 611 2457 680 μετάὸηθι
2491 610 2850 680 ἐξαιτήματα,
2876 611 2977 664 ὅσα
3024 611 3186 679 φύσιν
3226 611 3338 680 ἔχει
3380 601 3442 666 τὸ
3469 615 3644 684 πέρας

2079 701 2408 771 λαμϐάνειν·
2468 696 2580 755 οἷόν
2617 720 2670 755 τι
2701 702 2861 770 λέγω,
2912 701 3138 772 χρυσοῦ,
3165 703 3459 774 ποσότητα,
3517 706 3644 775 ίμα-

2079 794 2230 850 τίων,
2265 791 2424 862 τυχδν
2453 793 2509 845 δὲ
2556 793 2649 844 καὶ
2680 793 2778 859 γῆς
2803 809 2855 846 τι
2878 791 3062 862 μέρος.
3091 791 3330 856 Τούτων,
3358 794 3412 847 εἴ
3439 795 3522 856 τίς
3556 813 3641 849 σοι

2081 883 2224 946 θεῖος
2251 882 2506 952 λογισμὸς
2529 882 2627 951 τῆς
2649 882 2741 936 τοῦ
2769 882 3007 954 Χριστοῦ
3036 885 3256 954 εἰρήνης
3280 885 3643 954 ἐμπεριστρέ-

2081 991 2262 1042 φεται,
2300 973 2328 1026 ὃ
2361 973 2538 1043 βούλει
2563 973 2718 1044 δῆλον
2744 974 3088 1045 κατάστησον
3114 976 3268 1044 ἡμῖν.
3308 976 3446 1044 Ἐγὼ
3471 977 3642 1045 λέγω,

2082 1065 2271 1117 τέκνον
2306 1064 2459 1133 ἐμὸν,
2490 1063 2648 1116 τοῦτο
2675 1058 2812 1116 εἶναι
2838 1065 2956 1118 ἀντὶ
2984 1050 3184 1128 παντός
3210 1066 3455 1134 κέρδους,
3485 1069 3644 1122 τοῦτο

2079 1156 2199 1209 ἀντὶ
2247 1155 2428 1225 πάσης
2473 1157 2884 1226 προσκτήσεως,
2920 1157 2982 1210 τὸ
3034 1156 3360 1228 βουληθῆναι
3393 1160 3491 1223 τάς
3533 1161 3644 1213 τῶν

2079 1244 2330 1312 αἱμάτων
2375 1245 2686 1298 ἀναστεῖλαι
2719 1244 2904 1314 χύσεις
2935 1262 2949 1277 ο
2990 1245 3044 1298 τί
3081 1247 3190 1316 γάρ
3218 1248 3457 1302 τοιοῦτον
3505 1251 3642 1319 πρὸς

2079 1333 2362 1404 ἄνθρωπον
2395 1334 2720 1404 Χριστιανὸν
2748 1336 2842 1386 καὶ
2872 1335 3116 1405 θεοφιλῆ.
3150 1338 3244 1389 καὶ
3276 1339 3508 1406 μάλιστα
3529 1334 3644 1404 οἷος

2079 1424 2145 1476 σὺ
2173 1422 2484 1491 τυγχάνεις,
2503 1423 2689 1476 τέκνον
2716 1423 2872 1491 ἐμόν;
2900 1423 2961 1475 τὸ
2983 1423 3438 1493 καταπράξασθαι
3459 1425 3640 1488 τοῦτο.

2080 1512 2174 1565 καὶ
2219 1512 2480 1582 κερδῆσαι
2534 1511 2813 1583 ἀνακοπὴν
2861 1512 2969 1565 τῶν
3027 1513 3274 1581 σφαγῶν,
3328 1514 3642 1568 ἀπόπαυσιν

2080 1604 2189 1656 τῶν
2218 1603 2491 1672 πολέμων,
2514 1602 2673 1672 λῆξιν
2695 1601 2903 1671 χύσεως
2932 1603 3183 1672 αἱμάτων
3223 1603 3643 1674 Χριστιανικῶν.

2085 1693 2229 1762 Πλὴν
2283 1692 2423 1745 ἐστω
2456 1693 2592 1762 μετά
2625 1691 2718 1744 τοῦ
2770 1692 3006 1760 μεγάλου
3049 1692 3240 1746 τούτου
3285 1693 3508 1761 κέρδους
3554 1697 3651 1748 καὶ

392 1798 690 1865 cigitatum
738 1807 1064 1859 transverte,
1115 1803 1167 1848 et
1207 1793 1327 1846 illas
1376 1794 1562 1862 linque
1610 1793 1964 1861 cogitationes

2075 1782 2401 1854 ἀσυγκρίτου
2430 1784 2525 1837 καὶ
2564 1783 2730 1854 κέρδη
2762 1785 2929 1852 ἐτερα
2971 1783 3397 1853 προσγινόμενα,
3431 1785 3460 1836 ὃ
3507 1785 3646 1853 φθά-

389 1902 509 1954 quae
529 1890 593 1938 ait
628 1901 811 1954 pacem
847 1886 1068 1939 minime
1098 1892 1350 1954 prosunt,
1390 1884 1482 1937 sed
1528 1884 1706 1952 potius
1746 1882 1881 1936 bella
1912 1891 1963 1935 et

389 1992 466 2028 cae
491 1985 565 2030 les
606 1978 866 2030 excitant.

2076 1894 2172 1938 σας
2207 1873 2378 1942 εἷπον,
2412 1878 2634 1947 χρυσίου
2688 1877 2982 1945 ποσότητα,
3016 1875 3266 1945 ἱματίων,
3311 1875 3344 1946 ἢ
3391 1876 3483 1928 καὶ
3545 1877 3651 1942 γῆς

2072 1987 2218 2032 τινος
2253 1969 2453 2039 μέρους
2501 1968 2762 2030 ἐπίδοσις,
2798 1970 2895 2038 ὅση
2936 1967 3098 2037 τυχὸν
3129 1966 3328 2037 δυνατὴ
3380 1969 3469 2020 καὶ
3506 1967 3650 2036 ὑμᾶς

388 2072 641 2136 ὠφελεῖν,
675 2073 766 2123 καὶ
811 2070 1108 2136 Ῥωμαίοις
1146 2068 1220 2139 μὴ
1263 2068 1464 2140 ζημίαν
1495 2067 1724 2135 ἐπάγειν
1756 2066 2048 2137 ἀφόρητον.
2084 2065 2212 2128 Ναὶ,
2275 2065 2464 2115 τέκνον
2513 2079 2614 2132 μου
2674 2064 2768 2115 καὶ
2853 2061 3107 2131 ἄνθρωπε
3135 2062 3228 2114 τοῦ
3297 2061 3453 2124 Θεοῦ,
3500 2060 3639 2131 πρὸς

388 2163 646 2231 τοιαύτην
686 2161 992 2230 ἀπόϐλεψον
1032 2162 1278 2230 εἰρήνην,
1333 2161 1467 2230 πρὸς
1495 2161 1754 2230 τοιαύτην
1824 2155 2058 2229 μετάθου
2103 2157 2351 2227 γνώμην,
2406 2157 2500 2210 κοιλ⁵
2570 2157 2708 2225 ἄφες
2740 2155 2985 2218 ἐκείνους
3058 2156 3183 2217 τοὺς
3246 2154 3561 2224 λογισμοὺς,
3593 2154 3646 2207 οἳ

395 2259 558 2331 μηδὲν
596 2255 994 2325 συμϐάλλονται
1025 2254 1159 2322 πρὸς
1189 2253 1286 2322 τὴν
1313 2254 1565 2322 εἰρήνην,
1595 2252 1730 2306 ἀλλὰ
1763 2251 1964 2321 μᾶλλον
2003 2249 2308 2321 ἐρεθίζουσι
2340 2249 2462 2310 τοὺς
2494 2245 2762 2315 πολέμους
2792 2247 2887 2299 καὶ
2924 2247 3022 2308 τάς
3057 2248 3293 2313 σφαγάς.

459 2345 830 2399 Memor-aliam
884 2354 987 2397 tuo:
1045 2343 1235 2395 litterae
1268 2344 1510 2395 omnium
1574 2357 1798 2397 causam
1847 2357 1973 2396 esse

389 2437 671 2492 eunuchos
709 2452 722 2489 :
752 2433 1098 2488 manifestum
1132 2444 1215 2487 est
1241 2443 1295 2487 et
1327 2433 1583 2487 omnibus
1613 2445 1822 2488 uotum.
1864 2435 1972 2489 Sed

389 2525 518 2594 quid
553 2525 729 2588 nobis,
759 2523 854 2585 lili.
888 2539 1010 2577 cum
1050 2523 1351 2578 eunuchis?
1389 2523 1464 2576 Illi
1490 2524 1704 2589 quidem
1742 2525 1976 2594 pessime

391 2618 691 2671 sentientes
750 2615 1218 2690 conturbaveruut
1250 2624 1304 2668 et
1352 2615 1725 2683 perdiderunt,
1770 2627 1827 2670 ut
1869 2616 1978 2669 Ro-

393 2720 684 2758 manorum
719 2719 826 2768 res,
853 2705 923 2756 ita
953 2712 1006 2756 et
1041 2720 1386 2757 communem
1439 2705 1784 2759 dilectionem
1845 2721 1978 2761 con~

389 2797 808 2863 sensicuemque
863 2780 1230 2851 Rom-auorum
1290 2805 1343 2846 et
1403 2795 1798 2864 Bulgarorum;
1869 2812 1968 2850 nos

389 2895 569 2940 autem
643 2901 750 2938 non
800 2885 880 2938 fas
917 2895 998 2936 est
1048 2900 1235 2938 eorum
1269 2885 1489 2938 malitia:
1543 2889 1968 2948 communicare.

401 2977 493 3029 sed
530 2975 709 3043 potius
744 2990 864 3042 quae
896 2989 993 3027 sua
1032 2975 1392 3052 imprudentia
1430 2978 1793 3043 perdiderunt,
1827 2988 1971 3032 tuam

2159 2339 2534 2407 Ἐμνημόνευε
2587 2339 2647 2391 τὸ
2678 2338 2911 2407 γράμμα
2939 2339 3035 2389 καὶ
3067 2336 3329 2407 περὶτῶν
3375 2336 3650 2406 εὐνούχων

2078 2430 2153 2493 ὡς
2185 2431 2446 2500 ἐκεῖθενή
2494 2431 2601 2482 τῶν
2637 2430 2824 2484 κακῶν
2859 2429 3040 2482 uitia."
3079 2431 3173 2482 καὶ
3211 2430 3442 2499 φανερὸν
3467 2430 3644 2491 τοῦτο,

2081 2521 2176 2574 καὶ
2222 2522 2390 2573 πᾶσιν
2444 2519 2788 2588 ἐγνωσμένον
2817 2513 3142 2589 καθέστηκε.
3176 2519 3286 2572 Καὶ
3339 2520 3410 2583 τί,
3453 2521 3646 2572 τέκνον

2083 2628 2209 2678 μου,
2242 2600 2377 2681 πρὸς
2406 2611 2550 2681 ἡμᾶς
2582 2610 2651 2664 τὰ
2679 2611 2786 2662 τῶν
2816 2611 3119 2679 εὑνούχων;
3157 2609 3383 2662 Ἐκεῖνοι
3421 2609 3518 2680 μέν
3544 2627 3645 2662 κα-

2077 2703 2187 2765 κῶς
2212 2703 2616 2772 πεφρονηκότες
2641 2702 3010 2774 συνετάραξαν
3030 2702 3124 2754 καὶ
3141 2702 3422 2771 συνέχεαν,
3451 2701 3640 2771 ὥσπερ

2074 2793 2142 2845 τά
2172 2794 2328 2845 κοινά
2371 2794 2654 2862 Ῥωμαίων
2686 2793 3009 2862 πράγματα,
3033 2793 3176 2845 οὕτω
3207 2793 3303 2844 καὶ
3330 2795 3427 2863 τὴν
3452 2795 3640 2861 κοινὴν

2079 2884 2300 2953 ἀγάπην
2352 2883 2447 2937 καὶ
2503 2883 2756 2954 ὁμόνοιαν
2804 2883 3091 2951 Ῥωμαίων
3138 2884 3232 2937 καὶ
3294 2883 3640 2954 Βουλγάρων.

2093 2975 2232 3028 Ἀλλ’
2259 2975 2320 3028 ού
2352 2975 2457 3045 χρὴ
2505 2975 2874 3044 κληρονόμους
2919 2976 3065 3044 ἡμᾶς
3099 2971 3239 3027 εἶναι
3269 2975 3369 3043 τῆς
3416 2975 3643 3026 ἐκείνων

391 3074 602 3134 npurtet
630 3067 970 3134 prudentiam
997 3067 1474 3136 Romanorumque
1492 3070 1972 3125 considerationem

2082 3067 2300 3130 κακίας.
2341 3066 2543 3137 μᾶλλον
2592 3065 2648 3118 δὲ
2694 3064 2730 3118 ἃ
2762 3065 2947 3128 κακῶς
2978 3065 3393 3135 ἐξ’ἀφροσύνης
3443 3067 3640 3118 ἐκεῖνοι

393 3167 720 3211 restaurare.
754 3157 1098 3211 lnsauierunt
1137 3158 1254 3211 illi?
1303 3159 1442 3212 absit
1476 3169 1534 3214 ut
1579 3177 1767 3215 eorum
1800 3163 1980 3216 imite-

394 3263 518 3300 mur
556 3247 827 3300 insaniam
866 3264 879 3302 :
919 3248 1120 3318 injusta
1182 3249 1471 3304 adversum
1512 3262 1563 3306 te
1600 3253 1770 3306 moliti
1803 3263 1979 3308 sunt?

397 3353 505 3390 nou
544 3347 596 3391 te
627 3339 777 3401 latet,
808 3339 877 3392 tili
909 3341 1004 3400 mi,
1038 3341 1311 3408 quomodo
1336 3341 1387 3394 in
1411 3344 1587 3411 capita
1606 3359 1793 3396 eorum
1818 3359 1976 3400 versa

393 3429 464 3482 sit
492 3428 581 3482 illa
605 3431 845 3494 malitia;
886 3428 973 3484 Dei
995 3430 1197 3500 judicio
1220 3431 1296 3485 sis
1313 3440 1623 3495 contentus,
1659 3443 1890 3502 etquam
1924 3436 1976 3488 in

401 3535 498 3573 eos
552 3535 768 3587 poenam
809 3519 950 3574 Deus
983 3521 1301 3588 portaverit,
1335 3531 1390 3575 tu
1420 3524 1698 3586 admittas,
1731 3541 1829 3580 nec
1859 3542 1979 3594 per-

393 3625 614 3664 severes
648 3611 699 3662 in
734 3612 1112 3665 contristando
1142 3612 1210 3666 oh
1249 3629 1438 3667 eorum
1488 3616 1818 3672 dementiam
1858 3630 1974 3690 aut,

392 3701 435 3755 si
475 3700 576 3762 vis,
611 3701 900 3763 insaniam,
927 3717 1048 3754 eum
1078 3703 1169 3771 qui
1201 3711 1250 3756 te
1277 3704 1421 3758 ultus
1468 3716 1551 3759 est
1580 3725 1596 3767 :
1623 3717 1716 3760 aut
1751 3723 1852 3760 non
1880 3723 1980 3776 pu-

397 3809 504 3858 gas,
541 3793 610 3845 lili
647 3793 742 3858 mi,
802 3792 1084 3848 Christum
1136 3797 1305 3850 Deum
1368 3807 1610 3851 nostrum
1667 3801 1975 3855 contristari

395 3894 542 3939 tanta
574 3894 754 3952 strage
783 3888 1070 3952 peculiaris
1093 3889 1210 3955 ejus
1234 3889 1440 3958 populi,
1478 3889 1808 3946 luereditatis
1832 3892 1974 3961 ejus,

400 3973 842 4028 Christianorum
874 3977 1068 4045 gentis,
1106 3978 1248 4042 dico,
1288 3977 1654 4033 Romanorum
1690 3981 1897 4036 scilicet
1923 3991 1978 4038 et

399 4063 803 4134 liulgaroruni?
845 4075 939 4120 aut
988 4083 1094 4121 non
1142 4060 1424 4124 arbitraris
1459 4070 1641 4140 lugere
1685 4072 1974 4141 benignum

396 4155 567 4212 Deum
605 4161 940 4226 super'tauta
978 4159 1260 4213 hominum
1289 4160 1679 4227 destructione,
1734 4172 1812 4217 tot
1840 4165 1975 4219 civi-

395 4258 590 4311 ιςιιυηι,
639 4258 717 4302 tot
747 4251 1129 4312 ecclesiarum,
1193 4259 1271 4305 tot
1302 4255 1772 4315 monasteriorum,
1798 4255 1976 4323 [super

392 4342 631 4394 υιιιιιίιιιιι
697 4341 926 4396 istorum
988 4343 1184 4396 ruina?
1214 4341 1371 4397 Certe
1417 4344 1553 4408 Srio,
1591 4345 1662 4397 liii
1696 4345 1789 4408 iui,
1839 4345 1972 4398 nihil

393 4433 621 4487 istorqu
661 4441 710 4487 te
743 4435 944 4499 latere;
1006 4435 1211 4502 Optime
1257 4435 1418 4501 igitur
1460 4451 1608 4504 ages,
1657 4435 1858 4490 Christi
1919 4445 1973 4490 et

396 4525 486 4578 Dei
546 4529 720 4579 nostri
769 4527 1153 4589 imitationem,
1204 4537 1262 4581 ut
1297 4529 1348 4580 iu
1381 4529 1488 4584 tuis
1533 4531 1972 4586 commemorasti

394 4616 611 4680 litteris,
652 4632 762 4686 prie
788 4628 836 4670 te
889 4617 1069 4671 ferens
1099 4619 1183 4672 hic
1213 4620 1374 4673 etiam
1415 4636 1443 4673 a
1478 4632 1528 4674 te
1559 4622 1610 4674 in
1645 4622 1972 4678 hauoreha-

395 4707 582 4771 hitam,
630 4718 678 4761 et
739 4709 1010 4762 ohlivioue
1039 4713 1354 4779 opprimeus
1402 4713 1663 4782 quidquid
1696 4715 1763 4768 ab
1792 4731 1969 4771 eunu-

391 4801 510 4853 chis
554 4799 723 4852 fueris
781 4802 1136 4856 contristatus
1207 4803 1286 4856 Ad
1338 4805 1566 4874 teipsum
1618 4807 1752 4869 redi,
1798 4818 1850 4863 et
1883 4809 1968 4864 lad

396 4902 541 4946 tuam
579 4892 1051 4946 mansuetudinem
1102 4894 1488 4964 paciﬁcamque
1537 4897 1965 4967 dispositionem,

393 4996 447 5040 et
482 4987 535 5040 iu
570 4986 770 5038 luctum
802 4986 1006 5038 nefario
1035 4987 1266 5041 daemonii
1292 4998 1470 5043 vertas
1501 5005 1660 5058 quam
1693 5006 1722 5044 a
1763 4990 1968 5046 Roma-

393 5092 587 5131 norum
660 5076 1123 5146 Bulgarorumque
1181 5080 1585 5133 calamitatibus
1630 5081 1868 5136 laetitiam
1918 5095 1972 5138 et

2079 3159 2356 3229 διέθηκαν,
2389 3155 2563 3210 ταῦτα
2592 3157 2692 3226 τήν
2735 3172 2794 3208 τε
2824 3154 2923 3226 σὴν
2954 3158 3236 3227 φρόνησιν,
3276 3157 3370 3208 καὶ
3407 3155 3504 3225 τὴν
3532 3157 3645 3209 τῶν

2092 3251 2378 3318 Ῥωμαίων
2442 3247 2726 3318 διάσκεψιν
2777 3246 3198 3317 διορθώσασθαι.
3269 3247 3644 3317 Ἐξεμάνησαν

2081 3344 2277 3394 ἐκεῖνοι
2305 3358 2319 3405 ς
2351 3343 2442 3411 Μὴ
2487 3341 2697 3408 γένοιτο
2727 3340 2824 3412 τὴν
2855 3339 3078 3392 ἐκείνων
3113 3339 3310 3409 μανίαν
3358 3339 3643 3408 μιμεῖσθαι

2080 3434 2248 3504 ἡμᾶς.
2280 3432 2474 3486 ’Δδικα
2533 3433 2730 3484 ἐκεῖνοι
2770 3429 2908 3483 κατὰ
2955 3429 3050 3483 σοῦ
3100 3429 3473 3499 ἐμελέτησαν;
3527 3429 3648 3483 Οὐκ

2080 3527 2311 3591 ἀγνοεῖς,
2355 3524 2542 3576 τέκνον
2566 3519 2745 3592 ἡμῶν,
2781 3524 2857 3585 ὼς
2882 3521 3125 3592 ἐστράφη
3156 3523 3236 3584 είς
3276 3522 3517 3589 κεφαλὴν
3549 3521 3648 3572 αὕ-

2078 3615 2186 3668 τῶν
2217 3616 2249 3685 ἡ
2299 3614 2479 3668 ἀδικία
2521 3613 2721 3668 αὐτῶν.
2765 3613 3087 3686 ’Δρκέσθητι
3114 3615 3181 3682 τῇ
3215 3612 3308 3665 τοῦ
3353 3612 3488 3666 Θεοῦ
3522 3612 3646 3682 κρί-

2081 3723 2186 3770 σει,
2221 3708 2314 3758 καὶ
2352 3702 2605 3768 ἀπόδεξαι
2640 3702 2736 3774 τὴν
2773 3702 3075 3770 ἐκδίκησιν,
3104 3703 3170 3774 ἣν
3200 3704 3229 3755 ὁ
3254 3701 3388 3764 Θεὸς
3430 3701 3518 3753 ἐπ’
3547 3701 3646 3752 αὑ-

2079 3798 2205 3859 τοὺς
2244 3796 2648 3866 κατεπράξατο,
2679 3795 2772 3848 καὶ
2803 3795 2878 3865 μὴ
2901 3793 3164 3863 ἐπιμένῃς
3185 3793 3272 3846 διὰ
3291 3793 3390 3861 τὴν
3421 3791 3646 3844 ἐκείνων

2079 3889 2264 3943 ἀνοιαν
2299 3889 2330 3957 ἢ
2370 3888 2586 3956 μανίαν,
2621 3889 2669 3939 εί
2706 3886 2902 3956 βούλει,
2933 3886 3024 3938 τὸν
3059 3883 3420 3955 ὲκδικήσαντά
3451 3899 3509 3935 σε
3537 3898 3616 3935 πα

2081 3981 2434 4054 ραλυπῶν.Ἢ
2455 3980 2515 4033 οὐ
2543 3979 2803 4047 νομίζεις,
2837 3977 3026 4030 τέκνον
3061 3976 3236 4046 ήμῶν,
3263 3974 3639 4044 παραλυπεῖν.

2077 4075 2167 4128 τὸν
2183 4073 2418 4144 Χριστὸν
2434 4072 2525 4124 καὶ
2545 4071 2676 4124 Θεὸν
2697 4069 2852 4138 ἡμῶν
2870 4068 3124 4122 τοσούτου
3143 4069 3303 4135 φόνου
3327 4066 3623 4136 ἐνεργηθέν

2077 4183 2168 4228 τος
2196 4165 2290 4218 τοῦ
2316 4164 2626 4234 περιουσίου
2656 4161 2820 4216 αὑτοῦ
2850 4161 3001 4217 λαοῦ.
3026 4161 3124 4229 τῆς
3152 4159 3514 4227 κληρονομίας
3544 4158 3643 4210 αύ-

2047 4283 2051 4287 ί
2075 4257 2190 4320 τοῦ,
2216 4257 2309 4310 τοῦ
2333 4255 2670 4327 Χριστιανῶν
2691 4255 2833 4322 λέγω
2855 4255 3041 4320 γένους
3070 4253 3164 4305 τοῦ
3190 4270 3246 4305 τε
3268 4252 3643 4320 Βουλγαρικοῦ

2001 4374 2050 4433 D
2079 4351 2172 4401 καὶ
2197 4347 2504 4416 Ῥωμαϊκοῦ
2527 4362 2542 4410 ;
2569 4346 2601 4416 ἢ
2635 4346 2695 4399 ού
2718 4345 2906 4417 λογίζῃ
2930 4345 3115 4411 ἀλγεῖν
3144 4345 3233 4397 τὸν
3261 4343 3643 4411 φιλάνθρωπον

2074 4439 2169 4492 ἐπὶ
2193 4441 2257 4508 τῇ
2280 4437 2518 4507 τοσαύτῃ
2546 4437 2653 4490 τῶν
2681 4436 2985 4506 ἀνθρώπων
3002 4436 3228 4507 ἐρημίᾳ,
3250 4437 3342 4489 ἐπὶ
3366 4436 3643 4488 τοσούτων

2070 4529 2298 4593 πόλεων,
2345 4531 2438 4582 ἐπὶ
2477 4529 2552 4596 τῷ
2575 4528 2766 4598 πλήθει
2787 4528 2894 4581 τῶν
2925 4529 3252 4596 ἐκκλησιῶν,
3285 4529 3376 4581 ἐπὶ
3401 4526 3477 4597 τῷ
3504 4527 3643 4596 πλή-

2068 4623 2148 4674 θει
2183 4621 2289 4672 τῶν
2314 4621 2707 4692 μοναστηρίων,
2735 4620 2827 4673 ἐπὶ
2849 4618 2928 4689 τῷ
2962 4620 3176 4672 πάντων
3203 4618 3410 4672 τούτων
3443 4621 3641 4685 άφανιυ

2070 4711 2188 4780 σμῷ
2212 4729 2227 4776 ;
2254 4712 2357 4764 Nat
2379 4706 2512 4776 οἶδα,
2536 4712 2725 4763 τέκνον
2751 4711 2900 4778 ἐμὸν,
2927 4710 3002 4768 ὡς
3027 4709 3178 4762 οὐδέν
3208 4725 3267 4760 σε
3295 4707 3640 4761 διαλανθάνει

2069 4803 2276 4856 τούτων
2295 4821 2309 4836 ·
2339 4803 2517 4864 καλῶς
2548 4803 2640 4857 οὖν
2679 4803 2848 4855 ποιῶν
2876 4803 2967 4854 καὶ
2995 4803 3132 4871 ὅπερ
3172 4801 3228 4852 ἐν
3250 4799 3330 4869 τῷ
3358 4800 3434 4869 σῷ
3458 4799 3641 4869 γράμο

2076 4912 2204 4966 ματι
2254 4893 2779 4965 ἀπεμνημόνευσας,
2831 4892 2931 4962 τὴν
2977 4891 3210 4962 μίμησιν
3253 4891 3347 4944 τοῦ
3401 4889 3640 4962 Χριστοῦ

2068 4989 2160 5042 καὶ
2195 4987 2328 5041 Θεοῦ
2359 4987 2517 5056 ἡμῶν
2544 4985 2717 5052 δεῖξον
2749 4985 2841 5038 καὶ
2874 4984 3108 5037 ἐνταῦθα
3151 4983 3302 5053 παρά
3333 4982 3426 5036 σοῦ
3457 4999 3636 5052 τιμω-

2069 5080 2258 5151 μένην,
2293 5081 2387 5134 καὶ
2418 5079 2570 5149 ρίψον
2602 5079 2680 5142 εἰς
2708 5077 2879 5148 λήθην
2913 5077 3010 5130 ὅσα
3040 5079 3189 5147 παρὰ
3215 5077 3324 5129 τῶν
3358 5075 3632 5144 εὐνούχων

393 5171 807 5224 exsultationem
840 5167 1110 5237 sumpsit;
1146 5170 1537 5224 cessetbellum
1565 5170 1821 5227 adversus
1854 5170 1968 5226 fra-

2075 5170 2388 5238 λελύπησαι,
2421 5173 2514 5222 καὶ
2538 5167 2696 5237 γενοῦ
2727 5167 2955 5220 σεαυτοῦ
2981 5169 3073 5221 καὶ
3094 5167 3195 5236 τῆς
3225 5167 3362 5228 ἰδίας
3393 5165 3636 5234 πραότη-

397 5269 503 5313 tres
533 5271 583 5316 et
609 5273 884 5331 parentes.

2075 5279 2154 5326 τος
2189 5263 2281 5314 καὶ
2305 5265 2402 5332 τῆς
2432 5260 2711 5330 εἰρηνικῆς
2731 5261 3141 5329 καταστάσεως,
3169 5262 3263 5312 καὶ
3295 5257 3524 5328 στρέψον
3551 5258 3635 5319 είς

393 5351 587 5416 πένθος
648 5354 724 5424 τῷ
777 5352 998 5425 πονηρῷ
1041 5351 1279 5415 δαίμονι,
1314 5353 1413 5406 ὅσα
1475 5355 1596 5416 ταῖς
1655 5357 1861 5417 κοιναῖς
1913 5353 2224 5425 δυστυχίαις
2265 5355 2552 5424 Ῥωμαίων
2611 5353 2704 5404 κοιλ⁵
2759 5352 3085 5424 Βουλγάρων
3133 5349 3482 5421 ἐπευφράνθη
3537 5365 3634 5422 και⁸

392 5442 739 5513 ἐξωρχήσατο
761 5463 774 5477 °
803 5445 1098 5501 παυσάσθω
1135 5445 1243 5498 τῶν
1271 5445 1450 5499 ὅπλων
1482 5447 1516 5518 ἡ
1554 5441 1767 5517 κίνησις
1805 5447 1944 5501 κατά
1964 5447 2070 5502 τῶν
2108 5449 2347 5518 ἀδελφῶν
2377 5450 2469 5502 καὶ
2503 5449 2772 5518 πατέρων.

465 5533 520 5586 δί
576 5549 680 5600 qua
721 5536 820 5590 tibi
858 5539 1092 5608 desuper
1120 5547 1173 5591 et
1205 5552 1234 5590 a
1265 5537 1484 5591 Christo
1519 5544 1573 5591 et
1611 5538 1718 5591 Deo
1771 5548 1959 5592 nostro

2135 5541 2203 5594 Εἴ
2225 5556 2306 5602 τις
2339 5538 2435 5604 οῦν
2477 5539 2591 5592 ἔστι
2633 5557 2714 5592 σοι
2752 5539 3006 5608 λογισμὸς
3038 5538 3220 5591 θεόθεν
3245 5537 3338 5589 καλ⁸
3372 5535 3629 5606 φρόνημα

391 5623 614 5696 paciﬁca
662 5635 715 5682 et
754 5626 1052 5687 invincihili
1089 5630 1339 5687 voluntas
1377 5638 1429 5686 et
1466 5629 1749 5687 consilium
1785 5630 1959 5702 pacis,

2075 5626 2158 5682 τοῦ
2184 5626 2421 5698 Χριστοῦ
2453 5627 2549 5680 καὶ
2576 5627 2712 5681 Θεοῦ
2737 5627 2895 5699 ἡμῶν
2926 5626 3016 5679 τοῦ
3050 5627 3324 5698 είρηνικοῦ
3360 5624 3454 5677 καὶ
3483 5621 3627 5692 ἀμά-
