3996 6208
380 324 475 391 Ῑῗδ

1778 322 2183 383 ΕΡΙΞΤΟΕΒ.

3523 315 3624 379 126

377 460 468 509 xw
532 437 660 505 περὶ
702 437 796 488 τοῦ
829 438 926 507 τὴν
976 438 1222 507 εἰρήνην,
1256 439 1324 508 ἣν
1374 437 1733 506 διεσπάραξεν
1781 440 1809 490 ὁ
1848 437 1935 505 τῆς

2052 451 2211 504 quam
2264 433 2666 490 inimicitiarum
2725 444 2875 504 pater
2904 432 3065 488 solvit
3108 434 3377 495 diabolus.
3429 434 3626 487 iterum

376 531 572 597 ἰχθρας
613 534 893 597 γεννήτωρ
937 526 1205 591 διάϐολος,
1254 530 1419 582 πάλιν
1466 527 1941 592 ἀνακαινισθῆναι,

374 622 583 690 γράψον
614 623 751 690 ἡμῖν
792 621 938 674 ἁπλᾶ
967 623 1060 674 καὶ
1092 622 1238 691 σαφῆ
1280 620 1347 672 τὰ
1381 623 1682 690 πράγματα
1713 620 1780 672 δι’
1804 613 1881 672 ὧν
1910 620 1942 688 ή

371 717 565 783 εἰρήνη
595 713 731 766 Θεοῦ
792 710 1117 783 βουλομένου
1154 713 1233 772 εἰς
1262 712 1459 781 ἑαυτὴν
1510 711 1795 782 ἐπανήξει·
1852 711 1945 763 καὶ

374 806 451 873 μὴ
481 806 699 877 γράφῃς
720 800 807 858 οἷα
835 807 1066 872 γράφεις
1089 804 1365 873 ἀμφίϐολα
1393 805 1484 857 καὶ
1515 803 1773 866 ἀδύνατα,
1799 803 1946 870 λέγω

370 896 435 964 δὴ
467 897 563 965 τὴν
597 899 660 948 ἐκ
705 895 798 948 τοῦ
837 894 1008 964 ΰψους
1048 895 1145 962 τῆς
1186 893 1462 963 βασιλείας
1516 891 1817 946 κατάϐασιν
1852 891 1944 943 τοῦ

371 989 528 1057 παρὰ
573 986 707 1039 Θεοῦ
766 987 902 1055 πρὸς
949 986 1155 1056 ταύτην
1202 985 1623 1055 ἀναϐεϐηκότος.
1676 984 1786 1037 Καὶ
1838 982 1944 1046 ἔτι,

368 1082 562 1133 τέκνον
587 1080 769 1146 ήμῶν,
798 1080 1088 1149 ἄνθρωπον
1117 1078 1269 1143 ἄξιον
1301 1080 1401 1147 τῆς
1438 1078 1541 1147 σῆς
1582 1078 1757 1146 δόξης,
1806 1077 1945 1144 ἀγα-

374 1168 563 1221 πῶντα
604 1169 854 1238 εἰρήνην,
909 1167 1171 1237 ἀλήθειαν
1216 1166 1462 1236 τιμῶντα
1522 1166 1942 1233 ἐξαπόστειλονο

366 1258 529 1325 δῆλον
566 1258 649 1310 δτι
690 1259 784 1310 καὶ
835 1256 1084 1310 ἐντεῦθεν
1110 1257 1581 1324 ἀποστελλομένου
1628 1255 1818 1324 ὁμοίου
1852 1256 1945 1307 καὶ

369 1349 617 1411 ἰσοτίμου
644 1346 858 1417 ἀνδρὸς,
890 1349 959 1403 δι’
988 1345 1064 1401 ὧν
1094 1350 1142 1400 oi
1169 1349 1317 1415 λόγοι
1350 1349 1452 1416 τῆς
1481 1348 1708 1419 εἰρήνης
1732 1348 1945 1417 τρανῶς

364 1443 433 1509 τῇ
456 1456 516 1491 τε
545 1442 612 1509 σῇ
641 1440 1088 1511 μεγαλοπρεπείᾳ
1139 1442 1230 1493 καὶ
1255 1443 1364 1503 τοῖς
1386 1440 1495 1493 τῶν
1533 1439 1821 1509 Ῥωμαίων
1848 1440 1943 1507 βα-

365 1531 579 1584 σιλεῦσι
608 1532 1075 1600 παραστήσονται.
1111 1531 1220 1583 Καὶ
1243 1531 1363 1583 τότε
1396 1530 1532 1583 Θεοῦ
1559 1532 1823 1600 εὐμενοῦς
1854 1548 1943 1599 γι-

362 1623 615 1689 νομένου,
646 1620 720 1683 ῶς
749 1639 835 1690 γε,
864 1625 911 1675 εἰ
943 1626 1035 1677 καὶ
1074 1624 1415 1694 ἁμαρτωλοὶ,
1457 1624 1771 1692 ἐλπίζομεν,
1808 1626 1943 1694 ήεί-

363 1717 505 1785 ρήνη
540 1714 901 1785 προϐήσεται·
920 1715 1062 1778 ἐπεὶ,
1091 1714 1166 1773 ὥς
1197 1733 1255 1783 γε
1284 1716 1377 1767 νῦν
1407 1716 1555 1784 λόγοι
1589 1717 1821 1784 ἀσαφεῖς
1846 1719 1940 1770 καὶ

363 1776 661 1876 ἀμφίϐολοι
704 1776 971 1875 ἀλλήλους
1005 1776 1274 1877 δέχονται,
1315 1776 1770 1877 οὐδὲνσωτήριον
1802 1776 1938 1859 *οὐδὲ
1971 1776 2013 1826 Β

364 1898 696 1964 κοινωφελὲς
737 1898 1050 1965 γενήσεται.
1100 1898 1239 1949 Ἀλλ’
1277 1898 1326 1948 εἰ
1363 1896 1488 1967 μὲν.
1512 1898 1646 1956 ὃλως
1688 1898 1942 1967 ἐνθύμιον

359 1990 593 2058 εἰρήνης
644 1991 702 2041 ὲν
735 1991 798 2057 τῇ
862 1991 929 2057 σῇ
965 1989 1162 2058 καρδίᾳ
1207 1990 1482 2058 στρέφεις,
1542 1992 1791 2060 ἀγαπητὲ
1836 2008 1941 2060 μου

358 2081 467 2142 υἰὲ,
497 2082 658 2133 ἰκανὰ
685 2080 753 2133 τὰ
777 2081 1041 2151 εἰρημένα
1078 2096 1091 2110 ο
1123 2080 1171 2132 εἰ
1196 2080 1240 2131 δ’
1267 2079 1414 2144 ἅπαξ
1443 2074 1595 2143 οὗτος
1624 2085 1650 2135 ὁ
1684 2082 1942 2151 λογισμὸς

359 2172 463 2242 τὴν
504 2174 605 2242 σὴν
638 2174 857 2241 κατέχει
890 2172 1137 2239 καρδίαν,
1162 2171 1236 2233 ὡς
1266 2174 1324 2223 ὲν
1354 2173 1430 2243 τῷ
1462 2174 1634 2243 θρόνῳ
1660 2176 1759 2243 τῆς
1802 2173 1943 2227 Ῥω·-

360 2263 573 2333 μαῖκῆς
626 2263 917 2334 ἰδρυνθήσῃ
972 2263 1271 2332 βασιλείας,
1304 2266 1396 2316 καὶ
1448 2264 1704 2335 τοιαύτην
1753 2266 1941 2331 ἔδοξας

354 2356 461 2409 οὐκ
509 2350 628 2407 οἶδα
665 2354 786 2407 ὅθεν
836 2355 934 2425 τὴν
972 2353 1344 2424 πληροφορίαν
1400 2355 1603 2421 λαϐεῖν,
1650 2357 1735 2409 ὅτι
1780 2357 1940 2410 τοῦτο

356 2446 507 2512 εδοξε
539 2446 615 2516 τῷ
645 2446 784 2513 Θεῷ,
816 2445 1001 2508 καθὼς
1028 2447 1235 2507 ἐκεῖνος
1262 2438 1369 2497 οἶδε
1395 2447 1488 2497 καὶ
1521 2446 1773 2515 βούλεται
1803 2449 1941 2515 ἁγα-

356 2542 476 2606 γεῖν
504 2541 587 2602 εἰς
622 2541 818 2609 πέρας,
846 2540 938 2590 καί¹
968 2537 1043 2608 μὴ
1071 2538 1329 2605 πολέμοις
1364 2538 1458 2591 καὶ
1484 2542 1717 2606 σφαγαῖς
1746 2540 1937 2609 νόμιζε

357 2634 544 2700 τυχεῖν
575 2629 670 2684 τοῦ
711 2628 1088 2698 βουλήματος’
1128 2626 1164 2681 ἃ.
1196 2630 1305 2696 γὰρ
1340 2626 1571 2694 ὥρισται
1605 2630 1757 2701 παρὰ
1793 2630 1933 2696 Θεῷ,

357 2725 646 2794 ἀμήχανον
662 2723 740 2793 μὴ
767 2722 904 2791 πρὸς
931 2722 1107 2797 πέρας
1126 2719 1321 2772 ἐλθεῖν.
1352 2719 1560 2772 Ἐκεῖνο
1581 2715 1675 2772 οὖν
1706 2721 1938 2789 προσδέ-

356 2834 455 2886 χου
488 2817 631 2882 ὅπερ
660 2815 905 2883 νομίζεις
935 2811 1066 2883 παρ’
1088 2812 1251 2864 αὐτοῦ
1291 2811 1519 2882 ὡρίσθαι
1550 2811 1610 2864 τὸ
1631 2812 1937 2881 ὡρισμένον

358 2924 441 2960 σοι
474 2908 803 2975 παρασχεῖν.
840 2903 953 2957 Καὶ
978 2904 1030 2955 τί
1064 2904 1308 2973 χραίνεις
1352 2903 1549 2971 αἵμασι
1574 2908 1673 2974 τὴν
1708 2906 1812 2974 γῆν
1844 2907 1936 2959 καὶ

354 2998 477 3050 τότε
532 2996 973 3065 Χριστιανικοίς;
1036 2994 1100 3045 Τί
1143 2994 1360 3062 πορθεῖς
1410 2995 1708 3065 ἐκκλησίας
1759 2997 1930 3062 Beati;

2048 528 2434 591 insta’urandw,
2496 528 2559 580 ad
2620 543 2715 580 nos
2774 527 2952 582 scribe
2989 526 3201 582 sint-ere
3229 535 3282 580 et
3343 525 3632 579 mauileSte

2047 619 2247 687 quibus
2278 620 2682 673 conditionibus
2725 634 2849 687 pax,
2886 618 2993 671 Deo
3028 617 3339 687 adjuvante,
3373 633 3628 671 renasce—

2049 721 2175 774 tur;
2208 711 2308 765 sed
2352 724 2418 763 ne
2456 711 2687 774 scribas,
2722 722 2776 764 ul
2822 710 3097 779 scripsisti
3138 710 3299 763 dubia
3348 719 3400 761 et
3427 710 3629 777 impos.

2048 803 2252 865 sibilia,
2314 817 2507 869 nempe
2566 818 2595 855 a
2662 811 2820 855 trono
2851 802 3177 856 descendere
3237 810 3490 868 Oportere
3533 798 3626 865 qui

2048 895 2137 948 Dei
2158 897 2312 959 jussu
2342 895 2490 947 illum
2523 898 2837 948 conscendit
2868 912 2881 948 :
2908 905 3186 963 praeterea,
3221 894 3291 945 illi
3328 892 3419 955 mi,
3451 891 3623 942 virum

2048 998 2152 1040 tua:
2184 985 2609 1040 existimationis
2637 986 2880 1053 dignum,
2939 986 3088 1053 pacis
3122 995 3443 1041 amatorem.
3488 981 3627 1035 veri-

2048 1078 2173 1132 tatis
2208 1078 2468 1130 cultorem
2495 1078 2662 1139 _mitte
2695 1096 2708 1130 :
2747 1077 2875 1130 hinc
2911 1078 3158 1130 mittetur
3210 1076 3372 1155 etiam
3415 1075 3497 1127 vir
3525 1074 3625 1126 ali-

2046 1170 2169 1238 quis
2202 1170 2274 1222 illi
2300 1170 2494 1223 similis
2517 1170 2812 1238 eademque
2841 1169 3242 1223 existimatione
3267 1170 3500 1233 dignus;
3532 1181 3626 1234 per

2045 1275 2183 1328 quos
2206 1261 2271 1313 de
2299 1276 2432 1327 pace
2469 1275 2752 1312 sermones
2784 1234 2848 1311 iul
2885 1269 3029 1313 tuam
3076 1258 3416 1324 maiestatem
3452 1264 3505 1307 et
3554 1253 3621 1307 ad

2048 1352 2413 1405 Romanorum
2436 1350 2789 1417 imperatores
2817 1350 3128 1404 delerentur
3152 1349 3457 1417 perspicue;
3484 1345 3623 1397 Deo-

2045 1457 2149 1510 que
2202 1452 2332 1495 tunc
2382 1441 2634 1509 propitio,
2691 1450 2748 1494 ut
2798 1456 2897 1493 nos
2944 1450 3261 1509 peccatores
3315 1451 3621 1505 speramus.

2047 1534 2362 1587 instituetur
2389 1548 2484 1601 pax
2510 1550 2525 1599 ;
2552 1534 2804 1599 quoniam
2829 1549 3001 1602 usque
3030 1531 3190 1585 modo
3206 1530 3365 1583 verba
3390 1530 3622 1582 obscura

2045 1637 2207 1695 atque
2235 1614 2523 1695 aequivoca
2549 1624 2650 1678 sibi
2678 1625 2998 1687 succedunt,
3043 1624 3177 1677 nihil
3212 1622 3471 1683 salutare,
3492 1619 3620 1671 nihil

2046 1716 2353 1771 communis
2380 1716 2627 1771 utilitatis
2662 1716 2791 1769 ﬁet:
2827 1716 2871 1769 si
2904 1724 3081 1768 autem
3122 1714 3270 1783 pacis
3292 1711 3620 1765 desiderium

2048 1826 2171 1865 vere
2199 1811 2252 1865 in
2301 1820 2394 1863 tuo
2429 1808 2590 1863 corde
2622 1808 2814 1870 volvis,
2846 1808 2919 1861 tili
2954 1807 3026 1860 mi
3076 1805 3446 1866 dilectissime,
3491 1804 3624 1856 satis

2043 1910 2172 1956 sunt
2210 1901 2353 1955 dicta
2387 1918 2401 1955 :
2437 1900 2481 1954 si
2503 1914 2631 1952 vero
2666 1901 2833 1953 semel
2862 1916 2954 1951 cur
2979 1910 3128 1953 tuum
3150 1903 3380 1965 occupat
3411 1886 3510 1948 ista
3534 1909 3626 1949 co-

2044 1993 2257 2062 gitatio,
2292 2004 2342 2046 te
2367 1992 2575 2047 scilicet
2599 1992 2652 2045 in
2680 1991 2818 2047 solio
2853 1990 3082 2043 Romani
3121 1990 3328 2057 imperii
3358 2004 3477 2041 esse
3508 1986 3620 2039 cul-

2044 2088 2360 2153 loeandum,
2400 2095 2455 2139 et
2493 2086 2564 2150 si,
2620 2085 2761 2138 unde
2792 2085 2997 2144 nescio,
3050 2084 3194 2136 illam
3222 2079 3622 2141 certitudiuem,

2043 2189 2101 2234 ut
2138 2179 2359 2243 videris,
2403 2178 2707 2247 sumpsisti,
2736 2177 2787 2231 id
2848 2193 3043 2244 nempe
3105 2175 3212 2228 Deo
3264 2175 3496 2241 placere,
3558 2188 3624 2226 eo

2041 2288 2149 2343 quo
2174 2271 2278 2326 scit
2299 2280 2355 2325 et
2402 2271 2517 2324 vult
2549 2271 2733 2334 modo,
2772 2284 2881 2323 non
2919 2278 3099 2323 autem
3133 2267 3277 2321 bello
3308 2278 3358 2319 et
3385 2266 3624 2319 caedibus

2042 2374 2171 2434 puta
2203 2365 2534 2432 implendum
2555 2379 2676 2418 esse
2709 2374 2860 2416 tuum
2893 2362 3224 2415 desiderium
3273 2378 3284 2411 :
3330 2374 3451 2426 quae
3476 2358 3620 2409 enim

2040 2471 2071 2510 ιι
2103 2455 2210 2509 Deo
2240 2465 2443 2509 statuta
2476 2466 2622 2517 sunt,
2651 2470 2756 2508 non
2796 2463 3024 2524 possunt
3054 2453 3119 2505 ad
3150 2456 3305 2504 linem
3355 2464 3462 2501 nou
3501 2461 3626 2515 pi-r-

2040 2546 2259 2610 venire;
2299 2547 2443 2613 quod
2472 2561 2601 2614 ergo
2631 2546 2699 2597 ab
2722 2560 2787 2598 eo
2817 2559 3008 2597 censes
3044 2558 3164 2595 esse
3192 2548 3474 2598 statutum,
3527 2551 3623 2590 εις
3676 2589 3688 2599 ,

2039 2646 2224 2706 specta
2253 2638 2426 2690 donec
2464 2638 2532 2688 ab
2563 2650 2631 2688 eo
2654 2635 2751 2688 tibi
2781 2633 3162 2697 concedatur;
3218 2646 3389 2699 quare
3441 2637 3621 2681 autem

2000 2710 2007 2717 ί
2040 2738 2238 2783 terram
2267 2728 2533 2797 sanguine
2558 2726 2859 2795 perfundis,
2897 2726 3165 2792 sanguine
3207 2739 3333 2775 vero
3356 2720 3621 2775 Christia-

2039 2822 2269 2875 norum?
2307 2821 2490 2886 Quare
2523 2819 2614 2875 Dei
2660 2820 2918 2875 ecclesias
2964 2818 3185 2871 vastas?
3219 2814 3399 2881 Quare
3427 2825 3620 2865 caetera

2037 2912 2243 2974 omnia,
2274 2914 2429 2981 quaed
2475 2929 2597 2967 cere
2633 2928 2741 2966 non
2772 2924 2854 2966 est
2878 2911 2979 2972 las,
3015 2910 3089 2963 lili
3119 2909 3215 2971 mi,
3244 2909 3425 2977 perlici
3453 2903 3626 2960 facis?

2038 3005 2250 3070 Quibus
2272 3013 2325 3057 et
2354 3005 2518 3057 Deum
2548 3004 2844 3058 contrislas
2875 3014 2927 3056 et
2958 3003 3187 3069 teipsnm
3218 3000 3424 3069 judicio
3454 3000 3624 3052 obuo-

356 3090 423 3151 Τί
452 3089 623 3141 τᾶλλα
655 3086 691 3140 ἃ
733 3088 867 3155 μηδὲ
919 3087 1076 3154 θέμις
1105 3085 1284 3151 λέγειν
1323 3088 1493 3154 ἡμᾶς,
1536 3088 1722 3139 τέκνον
1752 3087 1932 3156 ήμῶν,

2047 3094 2192 3147 xium
2263 3096 2431 3154 lacis;
2479 3094 2621 3161 quod
2678 3103 2946 3162 superest,
3004 3093 3090 3145 hic
3163 3099 3398 3160 ponatur
3450 3088 3623 3141 oratio

353 3180 726 3234 ἐπιτελεῖσθαι
788 3181 980 3241 ποιεῖς,
1017 3177 1085 3231 δι’
1117 3170 1191 3230 ὧν
1226 3180 1318 3231 καὶ
1357 3179 1534 3249 λύπην
1583 3162 1701 3248 Θεῷ
1735 3181 1932 3249 προξε-

356 3275 487 3334 νείς,
521 3273 617 3323 καὶ
650 3270 876 3322 σεαυτὸν
923 3270 1025 3321 οὐκ
1070 3268 1177 3333 ἔξω
1206 3269 1477 3337 κρίματος
1524 3270 1823 3339 καθιστᾷςς
1857 3272 1932 3324 Τὸ

355 3363 610 3417 ἐντεῦθεν
638 3360 988 3432 προσκείσθω
1028 3358 1163 3429 εὐχὴ
1188 3360 1295 3411 τῶν
1329 3359 1590 3426 διηνεκῶς
1632 3362 1765 3431 ἡμῖν
1796 3364 1929 3415 ἀνα-

360 3452 679 3525 φερομένων
716 3448 835 3519 Θεῷ
857 3466 871 3481 ο
902 3450 1022 3515 εῐης
1068 3448 1198 3517 ἡμῖν
1239 3446 1551 3517 ἐρρωμένος
1592 3451 1687 3501 καὶ
1718 3450 1931 3518 φρονῶν

355 3547 445 3599 καὶ
479 3541 890 3609 διανοούμενος,
920 3539 1021 3591 ὅσα
1062 3539 1197 3607 πρὸς
1226 3539 1323 3605 τὴν
1352 3536 1411 3601 ἐξ
1443 3538 1617 3607 ἀρχῆς
1656 3540 1924 3608 ἐπανάγει

357 3654 414 3689 σε
460 3636 614 3689 θείαν
663 3615 1031 3703 omnem
1074 3630 1161 3683 διὰ
1206 3628 1300 3682 τοῦ
1345 3619 1523 3696 ἁγίουί
1552 3629 1929 3700 βαπτίσματος

354 3728 646 3798 δεδομένην
684 3723 984 3793 Ῥωμαίοις
1014 3724 1109 3774 καὶ
1142 3720 1475 3790 Βουλγάροις
1495 3734 1509 3750 ο
1544 3721 1639 3774 καὶ
1662 3721 1762 3774 ὅσα
1797 3723 1935 3792 πρὸς

2039 3200 2203 3254 quant
2244 3184 2364 3239 sine
2426 3183 2828 3238 intermissione
2891 3183 2957 3237 ad
3022 3183 3191 3237 Deum
3234 3182 3500 3235 ferimus:
3533 3179 3618 3231 in-

2036 3273 2268 3327 colurnis
2298 3282 2438 3337 esto,
2487 3282 2541 3327 rt
2586 3288 2654 3328 ea
2702 3272 2879 3340 cogita
2908 3281 2961 3325 et
2988 3273 3127 3326 senti
3167 3287 3286 3340 qua:
3322 3282 3371 3324 te
3422 3272 3485 3321 ad
3515 3268 3623 3335 pii-

2037 3365 2237 3419 stinant
2275 3380 2459 3433 pacem
2496 3373 2771 3429 revocent,
2824 3380 2943 3434 quae
2975 3380 3070 3433 per
3100 3378 3315 3417 sacrum
3350 3362 3616 3429 baptisma

2036 3454 2302 3510 Romanis
2333 3472 2398 3510 ac
2425 3455 2673 3527 Bulgaria
2722 3456 2844 3510 data
2874 3466 2989 3521 est;
3047 3463 3103 3507 et
3148 3466 3489 3522 quaecunque
3549 3449 3618 3501 ad

2037 3548 2243 3602 bellum
2279 3559 2332 3602 et
2362 3550 2535 3604 credes
2580 3549 2929 3611 concitantia,
2964 3561 3086 3600 cum
3124 3544 3333 3599 nefario
3372 3546 3619 3596 daemone

2035 3639 2231 3695 borum
2268 3655 2490 3698 auctore
2520 3658 2583 3697 ex
2615 3651 2707 3696 tua
2740 3641 3044 3695 veneranda
3076 3647 3131 3692 et
3159 3636 3410 3708 prudenti
3441 3642 3619 3690 mente

2032 3747 2311 3789 amoveas.

359 3823 628 3892 πολέμους
676 3819 781 3872 καὶ
817 3816 1032 3889 σφαγὰς
1083 3813 1341 3884 ὲρεθίξει,
1381 3812 1557 3868 ταῦτα
1591 3815 1791 3887 σὺντῷ
1839 3823 2063 3893 πονηρῴ
2125 3826 2343 3898 δαίμονι
2413 3829 2508 3882 καὶ
2553 3844 2757 3883 τουτων
2830 3826 3036 3899 ἐργάτῃ
3072 3824 3169 3897 τῆς
3238 3821 3337 3892 σῆς
3371 3814 3615 3873 agam-3-

356 3932 457 3971 νων
490 3914 680 3984 τιμίας
702 3914 795 3965 καὶ
822 3909 1089 3980 φρονίμης
1118 3907 1317 3977 ψυχῆς.

913 4087 1014 4143 ιδ’.
1055 4088 1138 4152 Τῷ
1180 4087 1363 4151 αὐτῷ.

423 4289 531 4344 τοῦ
556 4285 979 4357 ἀποκρισιαρίου
1008 4286 1042 4354 ἡ
1052 4284 1192 4353 μῶν,
1226 4285 1461 4354 λέγομεν
1488 4284 1554 4355 δὴ
1576 4285 1671 4338 τοῦ
1695 4286 1934 4339 ἁποστα·

358 4382 535 4445 ὶλντος
570 4380 809 4452 μοναχοῦ
838 4378 992 4448 παρά
1024 4377 1127 4446 τῆς
1159 4377 1321 4447 ήμῶν
1385 4378 1801 4448 ταπεινότητος,
1833 4380 1931 4431 ἐπ-

2552 4106 2689 4162 XIX.
2722 4106 2802 4159 Ad
2830 4108 3090 4162 eumdem.

2104 4285 2345 4340 Reverso
2362 4297 2493 4339 cum
2519 4283 2629 4337 tuis
2647 4282 2840 4337 litteris
2866 4280 3199 4351 apocrisario
3225 4292 3435 4345 nostro,
3461 4282 3511 4336 id
3529 4293 3614 4338 est

2033 4376 2304 4431 monacho
2332 4390 2362 4429 a
2396 4385 2577 4429 nostra
2611 4373 2916 4428 humilitate
2942 4373 3008 4426 ad
3043 4384 3091 4426 te
3120 4373 3308 4436 misso,
3333 4373 3607 4443 dictisque

357 4473 814 4543 ἀναστρέψαντος,
845 4469 1032 4522 τέκνον
1064 4468 1218 4537 ἡμῶν
1247 4470 1628 4540 ήγαπημὲνον,
1660 4471 1799 4540 μετὰ
1823 4470 1932 4523 τῶν

2039 4485 2273 4538 quorum
2296 4476 2417 4522 erat
2453 4468 2680 4522 nuntius
2706 4466 3111 4534 rescripsimus,
3132 4466 3204 4519 liii
3234 4466 3607 4531 dilectissime,

357 4564 460 4623 σῶν
490 4562 855 4633 γραμμάτων,
905 4561 1154 4622 εἰπόντος
1205 4559 1260 4612 δὲ
1309 4562 1403 4613 καὶ
1456 4562 1632 4633 οἰκείᾳ
1683 4561 1925 4635 γλώσσῃ,

353 4655 450 4708 ὅσα
476 4654 609 4724 ἡμῖν
651 4652 1013 4721 ἀπήγγειλεν,
1043 4652 1363 4722 ἁντεγράφη
1414 4653 1576 4706 πάλιν
1620 4654 1720 4706 ὅσα
1750 4657 1844 4709 καὶ
1877 4658 1926 4709 oi

352 4742 498 4815 λόγοι
547 4744 811 4815 ἀπῄτουν,
845 4744 939 4794 καὶ
988 4742 1047 4793 τὸ
1087 4742 1179 4794 σὺν
1227 4742 1487 4813 ἐπεζήτει
1523 4746 1781 4813 γράμμα,
1833 4748 1928 4799 καὶ

352 4839 635 4905 ἀπεστάλη
670 4836 806 4906 πρὸς
853 4836 950 4905 τὴν
982 4834 1137 4904 ὑμῶν
1185 4836 1511 4904 θεοτίμητον
1544 4838 1793 4902 ἐξουσίαν
1838 4838 1928 4891 διὰ

347 4929 440 4983 τοῦ
470 4927 635 4982 αὐτοῦ
665 4926 920 4998 μοναχοῦ.
939 4925 1078 4979 Ἀλλ’
1120 4928 1323 4988 ἐκεῖνος
1357 4927 1477 4996 μὲν,
1510 4926 1585 4988 ὡς
1612 4928 1924 4997 νομίζομεν,

349 5021 446 5089 τὴν
495 5018 836 5089 Βουλγαρίαν
891 5018 1182 5081 κατέλαϐε,
1223 5018 1315 5071 καὶ
1371 5018 1489 5071 ἐστι
1528 5018 1732 5086 διάγων
1766 5020 1922 5072 ἐκεῖ*

352 5111 444 5163 σοῦ
468 5112 525 5164 δὲ
567 5112 704 5180 πρὸς
730 5111 795 5163 τὰ
834 5112 977 5179 μέρη
1017 5109 1191 5163 ταῦτα
1218 5108 1623 5180 ἐξεληλυθότος,
1656 5111 1755 5162 οὐκ
1781 5111 1925 5163 oio:-

352 5218 448 5270 μεν
476 5203 608 5253 πότε
636 5204 927 5271 γενήσεται
957 5201 1289 5269 ἀμφοτέροις
1315 5202 1581 5270 ἑνωθῆναι
1607 5204 1700 5255 καὶ
1727 5203 1924 5270 μαθεῖν

348 5292 443 5363 τὴν
475 5293 632 5362 ὑμῶν
657 5292 977 5360 θεοτίμητον
1002 5291 1252 5354 ἐξουσίαν
1278 5293 1345 5344 τὰ
1374 5292 1657 5359 γραφέντα
1684 5308 1766 5344 σοι
1794 5294 1922 5364 παρ’

346 5382 505 5450 ήμῶν
542 5383 639 5435 καὶ
680 5382 748 5435 δι’
773 5382 936 5435 αὑτοῦ
970 5382 1326 5451 κομιζόμενα.
1366 5383 1465 5435 Διά
1504 5381 1663 5435 τοῦτο
1701 5383 1921 5453 ἐδεήθηο

355 5490 452 5547 μεν
479 5473 576 5527 τοῦ
610 5474 878 5544 παρόντος
902 5476 1252 5543 γράμματος,
1280 5477 1373 5528 καὶ
1398 5476 1703 5546 γράφομεν,
1732 5476 1922 5530 τέκνον

349 5566 529 5633 ήμῶν,
561 5554 660 5635 τὴν
695 5565 794 5635 σὴν
831 5564 1022 5636 ῶσπερ
1051 5569 1146 5620 καὶ
1173 5568 1438 5638 πρότερον
1473 5570 1922 5640 παρακαλοῦντες

350 5660 623 5727 φρονίμην
645 5658 823 5731 ψυχὴν
868 5660 1143 5728 παυθῆναι
1174 5659 1394 5725 τάςτῶν
1425 5660 1677 5729 αἰμάτων
1709 5661 1916 5731 χύσεις,

353 5750 646 5823 σϐεσθῆναι
681 5751 775 5823 τῆς
812 5750 1010 5821 ἔχθρας
1058 5752 1158 5825 τὴν
1196 5750 1485 5823 πυρκαϊὰν,
1520 5752 1585 5821 ἧν
1616 5751 1710 5804 ἀπ’
1744 5752 1915 5823 ἀρχῆς

2034 4577 2377 4630 quascunque
2407 4575 2666 4615 sermone
2703 4560 2937 4629 petieras
2962 4570 3019 4615 et
3050 4560 3471 4629 expostulabant
3501 4568 3610 4614 tuae

2031 4653 2242 4715 litterae,
2279 4662 2439 4719 atque
2470 4666 2565 4721 per
2594 4654 2843 4705 eumdem
2868 4652 3191 4705 monachum
3213 4656 3279 4706 ad
3314 4660 3459 4705 tuam
3494 4668 3611 4706 nta-

2027 4743 2280 4810 jestatetn
2316 4752 2444 4796 sunt
2484 4742 2725 4796 remissa:
2759 4758 2773 4808 ;
2805 4743 2895 4796 ille
2920 4758 3067 4807 vero,
3099 4751 3158 4795 ut
3181 4742 3532 4805 arbitramur,
3554 4742 3607 4795 iu

2037 4834 2286 4904 Bulgaria
2346 4833 2527 4887 sedem
2590 4848 2744 4887 suam
2803 4836 2983 4901 posuit
3041 4834 3224 4901 ibique
3260 4839 3606 4895 commorat;

2033 4936 2084 4981 te
2109 4936 2286 4980 autem
2316 4925 2383 4979 ad
2407 4925 2526 4979 illas
2549 4926 2796 4992 regiones
2818 4924 3081 4993 profecm,
3102 4924 3372 4977 nescimus
3392 4922 3607 4991 quando

2034 5014 2251 5083 utrique
2286 5023 2536 5068 nostrum
2567 5014 2790 5068 dabitur
2816 5016 3128 5078 convenire,
3160 5014 3367 5083 tibique
3398 5013 3602 5081 scripta

2031 5120 2061 5160 a
2098 5106 2254 5161 nobis
2276 5107 2561 5173 delataque
2594 5107 2663 5161 ab
2688 5107 2806 5176 ipso
2837 5107 3290 5175 novisse;itaque
3326 5106 3431 5158 isto
3464 5104 3603 5160 scri-

2030 5207 2123 5266 pto
2152 5214 2288 5267 opus
2318 5197 2442 5258 fuit,
2476 5213 2539 5252 ac
2570 5200 2881 5261 scribimus,
2917 5200 2987 5253 lili
3014 5201 3108 5265 mi,
3140 5210 3285 5252 tuam
3310 5198 3603 5252 exhortan-

2031 5301 2135 5354 tes,
2180 5299 2237 5342 ut
2280 5291 2452 5358 prius,
2481 5291 2802 5358 prudentem
2830 5292 3092 5353 animam,
3126 5291 3189 5343 ad
3229 5290 3599 5344 intermitten-

2029 5385 2152 5438 dam
2180 5370 2462 5453 sanguinis
2494 5383 2835 5445 eii'usionem,
2876 5384 3379 5453 exstinguendaque
3409 5386 3597 5438 inimi-

2028 5473 2279 5527 citiarum
2316 5473 2589 5536 incendia,
2626 5488 2745 5540 quae
2771 5488 2800 5525 a
2837 5470 3105 5541 principio
3133 5476 3384 5529 accendit
3411 5474 3599 5530 inimi-

2026 5565 2275 5619 citiarum
2316 5581 2512 5634 parens
2545 5564 2814 5625 diabolus.
2852 5577 2919 5617 an
2958 5565 3388 5621 conﬁrmandam
3449 5568 3595 5620 inter

2028 5657 2307 5711 Romanos
2340 5664 2393 5708 et
2429 5655 2691 5725 Bulgaros
2722 5655 2931 5711 beatam
2959 5672 3171 5727 pacem,
3207 5674 3329 5727 quae
3363 5657 3589 5727 haeredi-

2027 5760 2133 5806 tate
2167 5748 2383 5820 reliquit
2414 5748 2739 5805 Christianis
2765 5748 3033 5817 Christus,
3066 5748 3203 5805 Deus
3234 5760 3287 5804 et
3341 5749 3589 5811 Salvator
