3996 6208
288 298 393 362 120

1698 298 2108 367 EPISTULE.

3440 309 3543 377 130

276 418 667 487 διαξαινούσης
698 430 774 485 ’με
813 415 981 469 νύκτα
1012 414 1108 471 καὶ
1140 416 1351 489 ἡμέραν
1382 415 1596 486 ὀδύνης.
1638 418 1846 471 Ἦνεθυ-

1962 421 2133 490 angit;
2162 419 2471 474 arbitrabar
2501 417 2790 489 siquidem.
2812 418 2853 472 si
2880 418 3157 488 priusnon
3194 424 3361 489 potui,
3394 434 3544 482 tuum

284 513 510 583 μούμην
539 509 773 580 γὰρϐτι,
812 509 904 560 κει)⁴
938 509 985 560 εί
1022 508 1096 579 μὴ
1128 510 1396 580 πρότερον
1428 508 1495 562 δι’
1518 502 1593 562 ὧν
1622 511 1865 580 ἐγράψα-

284 621 389 672 μεν
420 601 680 663 πολλάκις
743 598 1066 670 παρεκλήθη
1097 617 1190 652 σου
1223 601 1255 671 ὴ
1290 600 1457 672 ψυχὴ,
1499 601 1637 655 ἀλλά
1672 618 1734 671 γε
1768 602 1863 656 νῦν

279 696 348 747 δι’
394 687 469 747 ὧν
511 690 906 761 προεθυμήθην
962 692 1099 762 πρὸς
1150 693 1209 745 σὲ
1259 694 1713 763 παραγενέσθαι,
1766 698 1863 749 atati.

278 786 489 853 γήρους
524 780 909 851 καταφρονῶν,
947 784 1042 834 καὶ
1074 782 1382 848 ἀσθενείας,
1416 786 1509 836 καὶ
1548 785 1724 838 πόνων
1754 786 1863 838 τῶν

280 880 346 928 ex
379 876 477 943 τῆς
522 874 855 943 ὁδοιπορίας,
890 875 973 927 ὅτι
1006 876 1413 950 παρακληθήσῃ
1456 878 1551 930 καὶ
1588 878 1861 950 προσδέξῐι

282 985 350 1035 με
382 965 760 1031 δυσωποῦντα,
792 966 888 1019 καὶ
918 968 1015 1036 οὐχ
1048 968 1339 1037 ὑπομενεῖς
1374 969 1716 1040 ἀποστρέψαι
1744 972 1862 1025 δά·

276 1059 441 1127 κενῆς
468 1059 566 1127 τὴν
595 1057 732 1127 πρὸς
781 1057 838 1109 σὲ
877 1060 1254 1129 πεποιημένην
1292 1060 1537 1130 πορείαν·
1572 1063 1862 1133 γενήσεται

274 1153 335 1203 δὲ
388 1152 591 1219 μᾶλλον
636 1152 668 1219 ἡ
710 1150 844 1220 πρὸς
882 1152 940 1203 σὲ
967 1151 1152 1220 ἄφιξις
1192 1152 1371 1222 ἡμῶν,
1397 1154 1712 1216 ἀπόπαυσις
1754 1154 1861 1206 τῶν

280 1240 373 1291 τοῦ
413 1241 653 1310 πονηροῦ
704 1242 957 1309 δαίμονος
1006 1244 1357 1309 σκανδάλων,
1409 1243 1444 1296 ἃ
1485 1244 1859 1314 ἐφιλονείκησε

290 1331 581 1401 Ῥωμαίων
614 1334 709 1385 καὶ
751 1333 1074 1404 Βουλγάρων
1108 1335 1311 1406 μεταξὺ
1356 1335 1636 1406 ἐμϐαλεῖν.
1672 1336 1860 1389 Ταῦτα

274 1427 332 1476 δὲ
367 1425 599 1495 ἡλπιζον
626 1427 725 1495 οὐχ
758 1425 945 1488 ἁπλῶς
977 1425 1170 1492 οὕτως,
1206 1428 1341 1482 ἀλλὰ
1385 1430 1480 1481 καὶ
1511 1430 1845 1498 προηγουμέ-

273 1535 373 1584 νης
400 1518 583 1579 αἰτίας
614 1518 839 1585 εὐλόγου
861 1533 875 1546 °
907 1518 1289 1590 ἐνεθυμούμην
1311 1520 1420 1590 γὰρ
1448 1520 1571 1573 κατ’
1619 1521 1858 1589 ἐμαυτὸν

272 1610 357 1659 ὃτι
383 1609 763 1679 ἀπελεύσομαι
792 1611 1034 1679 πρέσϐυς
1069 1612 1162 1663 καὶ
1191 1614 1290 1682 τὴν
1321 1611 1533 1665 ἱκεσίαν
1562 1600 1769 1682 φέρων,
1797 1613 1854 1664 οὐ

271 1703 410 1769 1:96;
462 1702 755 1770 ἄνθρωπον
798 1700 900 1756 οἷοι
951 1704 1138 1756 πολλοὶ
1185 1704 1293 1755 τῶν
1348 1702 1673 1773 ἀνθρώπων,
1719 1703 1856 1757 ἀλλᾶ

275 1798 417 1864 πρὸς
446 1797 734 1868 ἄνθρωπον
766 1801 828 1850 ἐκ
858 1798 992 1851 Θεοῦ
1016 1796 1255 1853 λαϐόντα
1284 1799 1471 1862 ἔθνους
1495 1799 1773 1865 ἐξουσιὰζε
1787 1818 1855 1866 ιν,

273 1888 374 1937 καὶ
406 1887 495 1939 διὰ
527 1887 686 1941 τοῦτο
712 1890 881 1943 πολὺν
906 1895 963 1943 ἐν
997 1890 1237 1953 συνέσει,
1274 1891 1439 1944 πολὺν
1471 1892 1528 1943 ὲν
1554 1890 1855 1960 διανοήσει,

268 1980 370 2029 καὶ
398 1979 577 2032 εἰδότα
604 1981 815 2050 κρίνειν
878 1983 968 2034 καὶ
998 1982 1095 2053 τὴν
1123 1982 1398 2053 ἡμετέραν
1430 1984 1734 2053 παρουσίαν
1757 1984 1873 2053 ὅση

267 2070 354 2131 τίς
391 2072 541 2121 ἐστιν
565 2088 577 2101 ·
610 2072 721 2135 ὅτι,
754 2073 851 2125 καὶ
872 2074 922 2124 εί
948 2074 1287 2142 ἁμαρτωλοὶ,
1315 2072 1427 2126 ἀλλ’
1455 2070 1545 2127 οὖν
1580 2074 1857 2145 ἀρχιερεῖς

271 2162 392 2213 οἴου
441 2161 536 2214 καὶ
565 2164 689 2215 ὅσου
741 2164 896 2227 λαοῦ,
948 2165 1141 2228 ὁποίας
1170 2166 1401 2230 πόλεως,
1447 2167 1546 2235 τῆς
1594 2167 1855 2239 ἀρχιεραο

263 2253 527 2306 τεύεσθιι
560 2255 647 2323 ὑφ’
679 2256 810 2323 ἡμῖν
829 2256 1120 2325 λαχούσης,
1154 2256 1349 2326 ἡλίκης
1373 2257 1618 2323 ἐξουσίας
1646 2260 1854 2328 πατὴρ,

263 2346 321 2395 εί
373 2345 470 2397 καὶ
518 2346 758 2411 ἀνάξιος,
803 2346 1211 2417 προϐέϐλημαι,
1247 2349 1317 2417 ἢν
1362 2348 1529 2417 μόνην
1560 2351 1650 2425 ἐπὶ
1697 2352 1798 2418 γῆς
1828 2352 1854 2403 6

263 2435 508 2503 Χριστος
536 2437 652 2489 ἀντ’
683 2436 853 2490 αὑτοῦ
884 2437 992 2490 τῶν
1029 2440 1122 2490 ἐπὶ
1165 2440 1266 2507 γῆς
1298 2439 1450 2492 έθετο
1495 2438 1850 2505 ἐξουσιάζων.

279 2527 426 2578 Ἀλλ’
457 2528 702 2581 ἐνενόουν
734 2529 837 2591 ὅτι,
885 2529 1021 2597 πρὸς
1048 2528 1292 2581 τοιοῦτον
1328 2529 1616 2599 ἄνθρωπον
1647 2530 1853 2598 μέλλων

269 2620 623 2689 πρεσϐεύειν,
664 2620 868 2673 τελέσω
896 2622 994 2691 τὴν
1044 2623 1367 2693 πρεσϐείαν,
1402 2623 1768 2692 διαπράξομαι
1793 2623 1853 2675 τί)

260 2715 430 2781 κοινῇ
471 2712 772 2781 συμφέρον,
816 2714 909 2764 καὶ
936 2715 1293 2783 ἁνασώσσμαι
1321 2714 1419 2782 τὴν
1464 2716 1689 2784 εἰρήνην
1717 2717 1869 2766 ἁπο-’

256 2801 508 2853 λωλυῐαν
552 2803 771 2872 πρῶτον
823 2805 921 2873 μὲν
954 2804 1205 2874 δαίμονος
1260 2809 1526 2875 συσκευῇ,
1555 2806 1746 2858 ἔπειτα
1794 2807 1850 2859 δὲ

255 2894 366 2944 καὶ
408 2892 712 2962 ἀνθρώπων
740 2894 1095 2965 κακοδουλία,
1134 2897 1228 2947 καὶ
1260 2897 1467 2966 χαίρων
1499 2896 1846 2967 ὑποστρέψων

254 2988 456 3051 φέρων
490 2984 588 3053 μὲν
617 2986 714 3055 τὴν
763 2986 1119 3057 εὐχαριστίαν
1161 2986 1302 3057 Θεῷ,
1336 2988 1761 3059 ἐκδιηγούμενος
1791 2991 1846 3043 δὲ

1967 511 2209 565 animum
2240 511 2306 567 iis
2331 527 2452 582 qua:
2473 526 2502 565 a
2527 527 2612 564 tne
2642 509 2921 564 multuties
2937 510 3135 579 scripta
3152 522 3299 575 sunt,
3328 515 3548 575 flectere

1966 604 2363 670 hodietamett,
2397 619 2463 659 co
2504 604 2647 674 quod
2681 612 2733 657 te
2771 604 2919 657 adire
2942 605 3251 667 statuerim,
3289 616 3541 662 C0tllelll~

1965 705 2053 763 pta
2085 704 2390 757 senectute,
2429 696 2858 765 inlirmitatvque
2904 702 2958 749 et
2994 694 3209 749 itineris
3242 695 3539 766 laboribus,

1967 797 2017 841 te
2047 786 2390 853 ﬂectendum,
2435 802 2933 857 suscepturumque
2962 801 3137 839 meam
3182 788 3543 856 supplicatio-

1967 893 2114 943 nem,
2144 894 2245 933 nec
2276 894 2565 947 passurum
2599 879 2798 933 frustra
2839 879 3025 931 initam
3060 892 3231 932 essea
3270 895 3355 934 me
3392 884 3457 933 ad
3494 892 3543 936 te

1964 971 2479 1038 peregrinationem,
2520 970 2612 1025 sed
2645 972 2825 1041 potius
2866 986 2986 1023 eam
3028 970 3144 1024 fore
3173 972 3411 1025 cessatio
3447 988 3546 1027 ne-

1964 1062 2082 1115 farii
2116 1062 2379 1116 dasmonis
2424 1063 2919 1130 scandalornmque
2976 1062 3254 1118 Romanos
3296 1065 3435 1117 inter
3493 1076 3545 1120 et

1963 1149 2227 1220 Bulgaros
2259 1152 2543 1205 suscitavit
2567 1167 2582 1216 ;
2606 1167 2665 1205 ea
2707 1150 2994 1217 sperabam
3027 1165 3131 1204 non
3160 1152 3277 1204 sine
3306 1152 3538 1217 ratione,

1961 1246 2054 1299 sed
2081 1244 2231 1313 justa
2285 1259 2453 1298 causa
2495 1244 2774 1311 praimissa
2807 1262 2820 1296 :
2856 1242 2997 1311 apud
3036 1257 3120 1295 me
3165 1244 3365 1296 etenim
3401 1247 3543 1313 codi-

1962 1340 2139 1391 tuham
2170 1352 2255 1388 me
2286 1336 2519 1403 legatum
2542 1344 2595 1405 et
2626 1334 2923 1405 supplicem
2965 1346 3279 1396 venturum,
3316 1351 3425 1389 non
3467 1338 3534 1389 ad

1962 1352 2139 1391 lanam
2170 1352 2255 1388 me
2286 1352 2519 1403 legatum
2577 1352 2595 1388 ι
2626 1352 2923 1405 suppncem
2965 1352 3279 1396 venturum,
3316 1352 3425 1389 non
3467 1352 3534 1389 au

1962 1430 2132 1482 virum
2167 1429 2376 1483 cmteris
2428 1352 2685 1490 simi‘iem,
2712 1430 2829 1489 ,sed
2882 1428 2949 1481 ad
3003 1429 3177 1481 virum
3213 1430 3366 1497 quia
3431 1428 3537 1484 Deo

1959 1524 2168 1589 accepit
2199 1522 2344 1590 genti
2387 1536 2499 1575 suae
2523 1522 2814 1589 imperare,
2848 1508 3077 1589 ideoque
3102 1536 3295 1590 magna
3338 1523 3539 1589 gaudet

1960 1612 2267 1681 prudentia,
2324 1627 2517 1680 magna
2553 1612 2819 1680 sapientia
2855 1621 2909 1665 et
2959 1613 3164 1682 optime
3220 1616 3369 1667 novit
3405 1614 3534 1683 quid

1960 1704 2029 1759 sit
2048 1716 2232 1758 nostra
2256 1705 2883 1774 prrssentia,disccrnere
2904 1720 2917 1756 :
2937 1719 3170 1769 namque
3190 1703 3237 1758 si
3267 1716 3538 1769 peccator,

1960 1796 2405 1865 archiepiscopus
2437 1803 2638 1858 tamen,
2677 1803 2729 1847 et
2776 1796 2951 1864 qualis
2984 1795 3283 1863 quantique
3331 1795 3535 1865 populi,

1959 1884 2138 1954 qualis
2165 1882 2424 1944 civitatis,
2482 1892 2699 1951 quantae
2755 1884 3042 1950 potestatis
3098 1889 3272 1951 pater,
3321 1885 3538 1937 etiamsi

1958 1974 2234 2043 indignus.
2268 1987 2432 2041 quam
2457 1972 2712 2025 Christus
2751 1972 2948 2032 solam,
2981 1972 3359 2041 suimetipsius
3394 1973 3537 2040 loco,

1958 2086 2011 2121 m
2046 2067 2206 2121 terris
2234 2068 2501 2136 imperare
2542 2067 2715 2120 voluit
2746 2080 2762 2121 :
2813 2067 3196 2121 existimabam
3261 2069 3426 2138 igitur
3463 2072 3531 2123 ad

1958 2162 2118 2214 talem
2145 2160 2321 2213 virum
2360 2158 2586 2212 veniens
2646 2158 2972 2227 legationem
3004 2174 3126 2213 esse
3177 2160 3533 2229 impleturus,

1956 2267 2242 2305 connnune
2271 2251 2471 2305 bonum
2512 2261 2924 2320 procuralurus,
2952 2266 3255 2322 pacemque
3306 2256 3531 2308 restitu-

1961 2353 2137 2409 turus,
2190 2344 2451 2398 daemonis
2481 2346 2715 2413 primum
2750 2345 3283 2412 machinationibus,
3341 2347 3536 2402 deinde

1955 2437 2240 2492 hominum
2292 2435 2496 2489 malitia
2559 2438 2866 2505 perditam;
2903 2448 3088 2505 postea
3139 2453 3359 2508 quoque
3406 2455 3530 2493 cum

1954 2529 2153 2598 gaudio
2185 2542 2523 2592 reversurus,
2554 2526 2663 2581 Deo
2685 2529 2889 2597 gratias
2919 2544 3109 2599 agens,
3161 2530 3530 2600 omnibusque

1954 2619 2257 2689 pra'dicans
2284 2627 2428 2671 tuam
2464 2619 2741 2680 virtutem,
2782 2620 3146 2688 laudibusque
3179 2618 3433 2683 efferens,
3480 2619 3529 2675 si

1953 2708 2084 2779 quid
2138 2710 2279 2762 valet
2304 2724 2483 2763 sermo
2539 2709 2763 2763 humilis
2810 2711 2957 2764 senis
3017 2720 3070 2765 et
3125 2712 3528 2781 archiepiscopi

1953 2810 2074 2856 tuas
2118 2801 2308 2854 laudes
2344 2802 2707 2864 decantantis,
2741 2800 2987 2856 referens
3039 2804 3203 2856 etiam
3232 2806 3368 2873 ipse,
3431 2819 3529 2872 pro

1952 2910 2068 2948 mea
2103 2901 2273 2963 parte.
2308 2886 2518 2946 lucrum
2550 2896 2695 2961 quod
2736 2893 3192 2962 tnaximipendo,
3246 2891 3525 2947 Romano-

1953 3002 2073 3041 rum
2131 3001 2194 3041 ac
2240 2984 2596 3055 Bulgarurum
2644 2996 2698 3039 ut
2734 3000 2764 3039 a
2800 2985 3069 3055 principio
3104 2987 3524 3040 consensionem

252 3076 407 3127 πᾶσι
436 3074 535 3143 τὴν
572 3075 669 3146 σὴν
698 3077 927 3146 ἀρετὴν,
959 3079 1054 3130 καὶ
1100 3079 1420 3147 μεγαλύνων
1457 3084 1568 3143 τοῖς
1599 3083 1841 3147 ἐπαίνοις
1870 3084 1915 3142 C.
1947 3090 1999 3134 et
2028 3094 2237 3149 pacem.

244 3168 462 3237 αὐτὴν,
512 3172 670 3242 εἰπερ
699 3175 784 3236 τίς
820 3176 937 3226 ἐστι
967 3175 1126 3242 λόγος
1170 3176 1430 3229 ταπεινοῦ
1463 3179 1719 3249 γέροντος
1784 3186 1878 3236 καὶ
1911 3179 2210 3253 ἀρχιερέως
2244 3176 2367 3235 τοὺς
2400 3178 2524 3234 σοὺς
2588 3173 2879 3239 διεξιόντος
2926 3173 3180 3236 ἐπαίνους
3203 3186 3218 3204 ’
3256 3172 3437 3243 φέρων
3465 3171 3525 3228 δύ

245 3278 306 3312 τι
365 3268 461 3315 καί
497 3266 657 3326 αὐτὸς
694 3269 752 3319 ἐν
802 3268 968 3339 μοίρᾳ
1000 3268 1247 3340 κέρδους,
1279 3271 1307 3323 ὃ
1357 3273 1577 3327 πάντων
1629 3278 1836 3351 κερδῶν
1877 3281 1999 3349 ἐμοὶ
2061 3273 2414 3342 τιμιώτατον,
2441 3271 2540 3341 τὴν
2583 3267 2872 3340 Ῥωμαίων
2920 3270 3017 3320 καὶ
3084 3268 3412 3339 Βουλγάρωι
3444 3270 3522 3330 ὡς

241 3361 312 3412 τὸ
347 3364 446 3414 ἀπ’
468 3362 641 3431 ἀρχῆς
670 3363 924 3432 ὁμόνοιαν
956 3368 1047 3419 καὶ
1076 3368 1324 3438 εἰρήνην.

332 3538 454 3592 Νῦν
482 3540 538 3593 δέ
563 3540 685 3610 ούχὶ
702 3542 872 3597 ταῦτά
892 3562 982 3614 μοι
1003 3546 1062 3598 τὸ
1081 3547 1171 3600 σὺν
1200 3547 1549 3618 ὑπισχνεῖται
1582 3549 1838 3620 γράμμα,

244 3628 385 3680 ἀλλ’
415 3630 541 3681 ὅσον
581 3633 647 3683 ἐκ
686 3633 796 3685 τῶν
861 3637 1124 3705 ῥημάτων
1173 3640 1309 3693 ἄλλα
1355 3640 1701 3709 διδάσκομαι,
1761 3643 1841 3694 ὅτι

246 3723 718 3792 ματαιοπονήσω,
740 3725 820 3776 ὅτι
852 3727 1007 3779 οὐδὲν
1036 3730 1310 3783 ἐκτελέσω
1339 3732 1447 3784 τῶν
1477 3731 1545 3785 δι’
1574 3731 1609 3785 ὃ.
1642 3734 1842 3804 κοπιᾷν

242 3812 670 3882 προαιροῦμαι,
712 3816 823 3868 οὐδ’
866 3818 1176 3888 ἀπαντήσει
1219 3838 1308 3889 μοι
1351 3822 1503 3891 παρὰ
1540 3822 1632 3874 σοῦ
1658 3824 1838 3892 χάρις,

239 3904 382 3956 οὑδὲ
434 3904 806 3977 ὃυσωπηθήσῃ
860 3910 887 3961 ὁ
939 3911 1223 3979 ἀγαπητός
1276 3930 1378 3982 μου
1431 3915 1459 3965 6
1506 3914 1619 3975 υίὸς
1654 3916 1712 3965 τὸ
1743 3914 1839 3966 τού

242 3995 471 4061 πατρὸς
510 3996 709 4066 γῆρας,
752 4000 872 4053 οὐδὲ
902 4003 1158 4054 ταπεινοῦ
1207 4004 1511 4073 ἀρχιερέως
1543 4002 1837 4075 αἱδεσθήσῃ

246 4086 594 4154 παρουσίαν,
626 4088 741 4141 ἀλλ’
779 4091 961 4161 ἡγήσῃ
1007 4109 1073 4162 με
1102 4093 1211 4144 τῶν
1241 4095 1417 4146 ἄλλων
1460 4097 1574 4146 ὅσοι
1610 4094 1742 4164 πρὸς
1776 4096 1836 4147 σὲ

246 4179 673 4246 παραγεγόνασι
713 4182 974 4251 πρέσϐεις
1032 4184 1195 4252 μηδὲν
1219 4184 1515 4255 διαφέρειν.
1550 4181 1680 4238 Εἶτα
1711 4184 1837 4255 βου-

244 4268 485 4335 λομενος
501 4268 644 4321 οὕτω
668 4288 736 4338 με
767 4271 1042 4341 δέχεσθαι,
1070 4273 1213 4327 οὕτω
1240 4275 1519 4345 με.τέκνον
1542 4275 1836 4345 ἠγαπημέ-

246 4375 365 4416 νον,
391 4362 481 4409 τον
512 4361 836 4431 πατέρα,τὸν
857 4363 1230 4432 ἀρχιερέα,·ιον
1255 4366 1482 4435 γέροντα
1501 4366 1837 4443 τιμᾷν,πρσ-

2012 3544 2164 3600 Nunc
2186 3552 2365 3617 autem
2402 3559 2464 3598 ea
2496 3543 2627 3598 mihi
2660 3558 2764 3597 non
2795 3542 3124 3613 promittunt
3161 3554 3265 3597 tum
3302 3542 3519 3610 litterrr,

1942 3638 2036 3689 sed
2073 3644 2332 3701 quantum
2386 3649 2450 3685 ex
2505 3632 2662 3687 dictis
2703 3631 2964 3701 intelligo,
3016 3646 3189 3684 vanus
3229 3632 3332 3685 erit
3366 3631 3520 3685 labor

1944 3741 2116 3789 meus,
2143 3725 2274 3777 nihil
2303 3723 2557 3777 obtinebo
2580 3738 2768 3778 eorum
2798 3740 2894 3794 pro
2913 3727 3111 3794 quibus
3141 3728 3377 3781 laborem
3428 3744 3522 3780 su-

1946 3818 2157 3886 scipere
2180 3817 2363 3880 statui,
2394 3831 2498 3867 non
2523 3814 2654 3867 mihi
2675 3825 2925 3869 occurret
2960 3827 3049 3870 tua
3081 3818 3270 3885 gratia,
3296 3834 3395 3872 nec
3419 3816 3519 3872 ﬂc-

1944 3919 2123 3962 ctetnr
2181 3908 2410 3961 dilectus
2454 3908 2600 3961 filius
2645 3921 2799 3960 meus
2847 3907 3017 3975 patris
3070 3917 3369 3970 senectute,
3420 3923 3519 3963 nec

1944 3996 2219 4050 verebitur
2286 3996 2506 4049 humilis
2561 3995 2954 4065 archiepiscopi
3003 4008 3375 4065 conspectum.
3422 4002 3516 4054 sed

1944 4102 2031 4139 me
2094 4084 2226 4137 nihil
2261 4099 2289 4136 a
2325 4084 2537 4137 cat-teris
2582 4083 2771 4152 legatis
2800 4085 3516 4143 circumstantibusdifferre

1944 4176 2188 4230 censebit
2216 4192 2229 4228 :
2262 4176 2458 4228 deinde
2508 4190 2595 4227 me
2642 4174 2714 4227 ita
2753 4176 2942 4230 volens
2991 4180 3251 4246 recipere,
3290 4181 3360 4233 ita
3405 4196 3513 4243 mc,

1947 4268 2017 4321 lili
2049 4267 2421 4331 dileCtissime,
2461 4276 2666 4334 patrem
2701 4275 2873 4329 tuum,
2926 4269 3393 4339 archiepiscopum
3428 4289 3518 4326 se-

1945 4359 2178 4419 niorem,
2208 4357 2498 4419 honorare,
2532 4370 2618 4408 me
2654 4365 2832 4408 tamen
2869 4357 2934 4409 ad
2965 4358 3287 4411 veniendum
3320 4363 3514 4417 invitas

242 4454 480 4517 τρέπεις
507 4454 685 4521 ἥκειν,
722 4456 1165 4525 παραθαρῤύνεις
1190 4460 1604 4528 καταφρονῆσαι
1632 4464 1836 4528 γήρους

1950 4449 2350 4516 exhortarisqu
2389 4446 2453 4499 ad
2483 4446 2933 4500 contemnendam
2978 4456 3330 4512 senectutem,
3362 4452 3512 4503 labo-

246 4545 349 4596 καὶ
396 4546 575 4597 πόνων
622 4548 717 4598 καὶ
752 4546 1150 4617 ταλαιπωρίας,
1185 4550 1283 4602 ὅσα
1317 4553 1380 4604 ἐκ
1411 4553 1506 4619 τῆς
1548 4552 1668 4604 ὁδοῦ
1704 4553 1832 4620 ἡμῖν

242 4640 595 4707 ἀπαντήσεις
630 4640 695 4690 Τί
738 4641 872 4708 πρὸς
896 4642 1069 4695 ταῦτα
1113 4645 1291 4705 είπως
1342 4645 1404 4695 Τί
1441 4644 1832 4714 διανοὴσομαις
1868 4712 1877 4721 ⁸

246 4728 350 4787 Τίς
376 4744 510 4779 ποτε
534 4730 648 4792 υἱός
676 4730 829 4799 ὤφθη
853 4732 989 4802 πρὸς
1020 4735 1230 4804 πατέρα
1260 4734 1480 4805 μηνύων
1521 4732 1661 4787 Ἦκε
1698 4737 1835 4803 πρὸς

245 4818 430 4884 ἡμᾶς,
473 4815 519 4868 ὡ
558 4819 757 4886 πάτερ,
807 4821 895 4872 ἴνα
954 4823 1084 4884 τοὺς
1139 4822 1265 4884 σοὺς
1309 4822 1503 4889 λόγους
1547 4824 1829 4891 φαυλίσως

258 4906 444 4964 Ἐλθέ.
482 4906 571 4958 ἵνα
628 4908 797 4976 μηδὲν
853 4902 929 4961 ὦν
958 4910 1238 4979 ἐπιζητεῖς
1272 4912 1499 4983 ἀνύσῃς,
1533 4912 1619 4964 ἵνα
1676 4914 1833 4963 πόνον

238 4996 463 5065 άκερδῆ
480 4996 708 5067 ὀφθείης
731 4999 1125 5069 ἀναδεξάμενος
1146 5017 1161 5064 ;
1183 5002 1294 5054 Ούκ
1317 5003 1525 5071 ἥκουσα
1558 5004 1717 5072 μέχρι
1742 5004 1833 5053 καὶ

234 5089 499 5155 σήμερον
530 5088 805 5151 τοιούτους
822 5091 1111 5158 πέμποντα
1131 5091 1323 5159 λόγους
1365 5094 1497 5147 υίόν.
1526 5095 1633 5145 Καὶ
1669 5094 1829 5144 πάλιν

234 5180 424 5248 ςημὶ,
440 5179 631 5232 τέκνον
656 5181 836 5250 ἡμῶν,
859 5179 985 5246 ἀξια
1017 5182 1191 5235 ταῦτα
1213 5185 1312 5247 τῆς
1332 5184 1428 5253 σῆς
1453 5184 1825 5253 μεγαλονοίας,

231 5273 347 5339 τῆς
374 5271 476 5339 σῆς
494 5272 918 5345 θαυμαζομένης
941 5276 1277 5348 φρονήσεως,
1312 5277 1539 5347 μηνύειν
1555 5275 1631 5344 τῷ
1660 5274 1828 5345 πατρὶ

227 5365 329 5418 ὅτι
359 5364 761 5434 Ταλαιπωρίαν
799 5369 1034 5437 ματαίαν
1067 5368 1360 5436 ἁναλαϐοῦ,
1388 5370 1584 5439 πάτερ,
1612 5370 1702 5420 καί
1724 5363 1826 5437 ἧκε

228 5456 395 5523 πρὸς
437 5456 530 5506 τὸν
584 5456 724 5519 υἱὸν,
795 5457 882 5510 ἵνα
945 5456 1101 5520 κενὸς
1158 5457 1521 5526 ὑποστρέφων
1565 5456 1675 5509 τῶν
1718 5456 1826 5508 σῶν

221 5547 507 5610 ἐλπίδων,
538 5547 743 5610 ὄνειδος
768 5548 885 5619 εἴης
909 5548 1083 5604 ἅπασι
1113 5553 1225 5612 τοῖς
1246 5551 1421 5602 ταῦτα
1455 5548 1781 5618 μανθάνουσι
1806 5566 1821 5613 ;

232 5637 491 5704 ’Λφὶημι
523 5640 634 5709 γὰρ
664 5642 801 5701 τέως
834 5641 895 5693 τὸ
926 5642 1037 5703 σὸν,
1074 5641 1262 5692 τέκνον
1283 5642 1313 5708 ἡ
1326 5639 1462 5708 μῶν,
1488 5632 1572 5690 οἷα
1599 5639 1647 5689 οί
1682 5655 1823 5690 πανο

210 5728 414 5799 τοιχοῦ
444 5729 545 5799 γῆς
564 5730 837 5801 ἅνθρωποι
862 5732 987 5801 περὶ
1014 5730 1105 5784 σοῦ
1129 5730 1364 5799 ἐροῦσιν,
1393 5731 1517 5783 ὅταν
1544 5732 1623 5793 εἰς
1654 5729 1821 5801 ἀκοὴν

1944 4554 2141 4607 resque
2171 4532 2225 4591 et
2270 4536 2616 4591 difﬁiultates
2653 4553 2772 4605 qua:
2802 4536 2957 4591 nobis
3006 4553 3068 4590 ex
3129 4539 3321 4593 itinere
3376 4542 3508 4595 oriri

1938 4629 2164 4699 possint.
2222 4627 2361 4693 Quid
2398 4630 2462 4683 ad
2508 4644 2569 4682 ea
2604 4628 2820 4681 dicam?
2866 4628 3005 4693 Quid
3040 4630 3325 4698 cogitabo?
3373 4631 3511 4698 Quis

1938 4736 2174 4787 unquam
2213 4719 2360 4772 visus
2396 4728 2479 4772 est
2510 4719 2653 4773 lilius
2692 4719 2827 4787 patri
2874 4703 3243 4775 denuntians:
3281 4720 3407 4776 Veni
3444 4722 3508 4777 ad

1936 4826 2043 4873 mc,
2082 4818 2256 4879 pater,
2305 4818 2365 4863 ut
2392 4818 2483 4863 tua
2521 4810 2682 4863 verba
2714 4810 3049 4877 despiciam?
3087 4813 3230 4877 veni,
3280 4825 3334 4865 ut
3374 4814 3509 4867 nihil

1932 4916 2122 4955 eorum
2158 4916 2278 4969 quae
2315 4901 2556 4969 postulas
2589 4898 2922 4968 perficiatur,
2973 4911 3030 4954 ut
3060 4903 3260 4956 frustra
3290 4905 3502 4958 labores

1931 4992 2246 5060 suscepisse
2274 4992 2549 5046 videaris?
2588 4992 2701 5044 Non
2726 4992 2905 5045 audivi
2941 5008 3116 5063 usque
3171 4995 3330 5046 modo
3378 4980 3500 5049 taiia

1935 5083 2096 5136 verba
2148 5083 2559 5137 denuntiantem
2600 5083 2810 5150 lilium;
2856 5084 3050 5137 iterum
3096 5084 3242 5148 dico,
3277 5084 3383 5137 lili:
3411 5085 3505 5138 Dio

1932 5189 2167 5241 gnutnnc
2205 5185 2296 5228 tuo
2327 5174 2532 5245 ingenti
2563 5176 2766 5236 animo,
2809 5186 2898 5228 tua
2937 5176 3238 5229 admirabili
3269 5178 3505 5245 pruden-

1931 5267 2024 5331 tia,
2063 5266 2198 5334 patri
2229 5266 2587 5321 denuntiare:
2617 5262 2796 5320 Vanos
2828 5268 3043 5336 suscipe
3067 5268 3298 5331 labores,
3328 5275 3499 5335 pater,

1928 5368 1982 5413 et
2017 5358 2082 5411 ad
2121 5360 2289 5411 lilium
2325 5358 2467 5416 veni.
2496 5368 2553 5411 ut
2582 5368 2671 5411 tua
2711 5374 2806 5427 spe
2839 5358 3129 5412 frustratus
3168 5357 3402 5412 ludibrio
3424 5361 3501 5417 sis

1927 5436 2182 5504 omnibus
2244 5449 2638 5504 audientibus?
2674 5452 2879 5504 Umitto
2933 5463 3166 5516 namque
3216 5448 3303 5503 hic
3351 5456 3496 5519 quod

1928 5551 2079 5596 tuum
2111 5544 2235 5605 erit,
2262 5542 2332 5595 lili
2362 5542 2458 5607 mi,
2497 5542 2626 5611 quid
2660 5541 2866 5595 scilicet
2894 5542 2999 5593 sint
3030 5540 3225 5594 dicturi
3257 5543 3435 5598 univei
3452 5544 3499 5599 si

1927 5644 2197 5689 terrarum
2226 5636 2376 5689 orbis
2400 5634 2609 5697 incolae,
2648 5632 2866 5703 quando
2914 5631 3036 5685 talia
3074 5632 3497 5702 audierint;sed

1927 5741 2086 5798 quam
2122 5718 2464 5783 admirabilis
2502 5726 2770 5794 nimisque
2824 5723 3110 5783 laudabilis
3150 5742 3332 5785 sermo
3386 5743 3495 5799 quo
