3996 6208
470 200 562 265 illi
588 227 600 235 ·
1586 211 1893 274 Νιεοιλι
1922 213 2035 274 CP.

2124 214 2580 285 ATRIARCH.B
3604 217 3702 281 132

462 335 558 373 nos
579 318 812 373 advocas
850 327 905 375 et
939 319 1005 377 ad
1036 320 1443 392 suscipiendum
1476 324 1583 377 iter
1606 326 1848 380 excitas!
1885 326 2024 381 dicis

2128 328 2303 382 ταῦτα
2360 330 2633 384 λάῦωσιν·
2687 330 2822 384 ἀλλά
2877 330 2968 384 καὶ
3020 334 3045 385 6
3094 330 3247 399 λόγος
3294 330 3410 401 μεθ’
3442 322 3503 382 οῦ
3553 332 3700 400 ἡμᾶς

459 415 604 467 enim
675 415 972 483 apostolos.
1039 418 1288 487 quamvis
1338 433 1434 487 pro
1482 419 1704 489 incertis
1744 429 2029 473 currerent

2130 419 2436 489 προσκαλῇ,
2471 420 2567 473 καὶ
2597 420 2731 490 πρὸς
2792 421 2891 491 τὴν
2933 421 3051 474 ὁδὸν
3099 421 3409 490 παρορμᾷς,
3459 419 3532 482 ὠς
3568 419 3700 473 θαυ-

461 514 794 575 cventusque
825 506 1017 575 ignari,
1051 517 1226 567 tamen
1258 523 1355 578 pro
1394 525 1625 579 superna
1656 511 1903 566 mercede
1932 527 2029 566 cu-

2132 511 2333 580 μαστὸς
2362 510 2457 563 καὶ
2487 511 2607 563 λίαν
2650 512 2976 573 έπαινετόςί
3014 512 3207 578 Λέγεις
3241 513 3351 581 γὰρ
3376 511 3451 573 ὼς
3482 512 3530 563 οἱ
3562 512 3697 563 ἀπό-

459 610 526 650 eu
536 597 701 652 rrissc
736 606 791 651 et
816 598 1116 654 laborasse.

2131 598 2334 661 στολοι,
2366 602 2658 670 τρέχοντες
2712 602 2799 652 επ*
2831 602 3068 670 ἀδήλοις,
3103 601 3197 654 καὶ
3224 601 3285 652 τὸ
3327 601 3696 670 ἐκϐησόμενον

2126 693 2228 746 οὐκ
2291 694 2514 757 εἰδότες,
2571 695 2719 762 ὅμως
2756 696 2979 764 ἔτρεχον
3018 694 3111 746 καὶ
3160 693 3398 746 ἐκοπίων
3450 693 3537 746 διά
3596 694 3704 763 τὴν

2127 785 2335 839 ἄνωθεν
2380 785 2829 855 μισθαποδοσίαν.

530 880 680 935 lllam
738 881 1175 939 exhortationem
1215 898 1358 949 amo,
1398 884 1469 939 lili
1513 885 1581 939 mi
1631 885 2025 941 dilectissime:

2210 878 2434 947 ’Δγαπῶ
2458 880 2559 946 τὴν
2597 875 2944 948 παραίνεσιν,
3003 876 3196 929 τέκνον
3238 886 3338 945 μου
3370 875 3656 946 ἀγαπητόν
3677 890 3692 906 ·

462 975 529 1030 iis
560 973 706 1028 enim
754 989 885 1043 quae
936 974 1093 1034 dicis.
1128 975 1405 1030 confiteris
1455 977 1597 1045 quod
1641 992 1739 1031 nos
1788 991 2024 1045 quoque,

2128 969 2360 1038 καὶγὰρ
2396 968 2455 1031 ἐξ
2492 960 2566 1019 ὧν
2633 968 2811 1034 λέγεις
2865 966 3268 1036 συνομολογείς,
3304 968 3383 1019 ὅτι
3407 965 3501 1019 καὶ
3536 967 3697 1036 ἡμεῖς

437 1080 644 1132 ,θοι-ιιιιι
680 1064 874 1127 instar,
919 1063 1218 1118 secundum
1262 1066 1352 1118 Dei
1397 1065 1727 1118 voluntatem
1783 1066 2015 1118 laborare

2130 1060 2272 1112 κατά
2302 1059 2559 1129 βούλησιν
2596 1057 2754 1121 Θεοῦ,
2786 1058 2974 1129 ὥσπερ
3012 1060 3230 1124 ἐκεῖνοι,
3265 1057 3696 1127 προθυμούμεθα

376 1201 383 1207 .
459 1158 741 1225 cupimus;
776 1156 1051 1225 quomodo
1112 1172 1341 1225 namque
1397 1158 1553 1211 aliter
1606 1158 1822 1210 dabitur
1870 1158 1954 1211 nol

2129 1153 2349 1219 κοπιᾷν.
2383 1150 2505 1209 Πῶς
2530 1149 2638 1218 γὰρ
2665 1148 2837 1210 ἄλλως
2872 1150 3225 1200 ἀποκείσεται
3256 1149 3386 1218 ἡμῖν
3410 1150 3436 1201 6
3477 1148 3692 1217 μισθὸς.

460 1263 690 1312 merces,
722 1248 823 1302 nisi
880 1248 1179 1300 secundum
1221 1236 1337 1303 Dei‘
1368 1249 1695 1304 voluntatem
1743 1258 2028 1314 susceptus

2129 1246 2178 1295 εί
2217 1244 2291 1313 μὴ
2324 1243 2469 1295 κατά
2507 1241 2642 1293 Θεοῦ
2681 1240 2937 1311 βούλησιν
2981 1243 3008 1294 6
3060 1243 3228 1303 κόπος
3257 1239 3448 1308 ἡμῶνς
3483 1241 3692 1307 Ὠσπερ

461 1344 529 1396 sit
560 1344 714 1397 labor
736 1342 961 1397 noster?
992 1342 1453 1411 quemadmodum
1486 1343 1628 1395 enim
1658 1356 1842 1395 eorum
1875 1341 2030 1394 labor

2129 1335 2239 1404 γὰρ
2272 1334 2502 1393 ἐκείνοις
2553 1328 2621 1403 ἦν
2675 1334 2701 1384 6
2734 1332 2901 1393 κόπος
2926 1332 3176 1400 ἀρέσκων
3221 1330 3356 1399 Θεῷ,
3386 1331 3521 1383 διότι
3556 1347 3697 1381 κατι

467 1434 577 1488 Deo
615 1435 859 1501 placebat
896 1434 1015 1487 ideo
1049 1434 1191 1501 quod
1222 1432 1519 1487 secundum
1545 1431 1664 1500 ejus
1693 1432 2026 1485 voluntatem

2127 1428 2189 1479 τὸ
2208 1426 2421 1496 θέλημα
2446 1425 2635 1477 τούτου
2671 1424 2928 1487 ἐκοπίων,
2960 1424 3052 1476 καὶ
3082 1423 3210 1493 παρ’
3246 1423 3414 1475 αὑτοῦ
3444 1423 3654 1489 ἐλάμὸἀ
3689 1453 3693 1459 η

460 1526 787 1586 laborarent.
816 1524 1229 1592 mercedemque
1248 1523 1315 1576 ab
1344 1540 1408 1576 eo
1440 1531 1782 1590 receperunt,
1811 1522 1883 1574 ita
1908 1536 2027 1573 om-

2129 1536 2219 1572 νον
2244 1518 2334 1570 τὸν
2366 1516 2582 1585 μισθόν·
2607 1515 2750 1569 οὕτω
2781 1518 2997 1578 πάντως
3035 1516 3130 1569 καὶ
3159 1516 3187 1567 6
3222 1516 3483 1585 ἡμέτερος
3509 1516 3694 1575 κόπος,

459 1617 588 1671 nino
617 1625 670 1670 et
705 1624 888 1670 noster
920 1616 1093 1679 labor,
1131 1614 1175 1668 si
1204 1624 1420 1683 propter
1447 1612 1591 1664 illum
1634 1627 1663 1665 a
1697 1610 1805 1664 Deo
1825 1625 2029 1664 merce.

2131 1596 2183 1661 εί
2234 1608 2425 1678 μισθὸν
2482 1608 2623 1676 ὑπὲρ
2675 1608 2840 1659 αὑτοῦ
2916 1607 3270 1678 λαμϐάνομεν
3324 1608 3476 1677 παρά
3521 1606 3694 1667 Θεοῦ,

458 1710 581 1763 dem
637 1707 999 1775 accipiemus,
1053 1706 1128 1759 uti
1171 1704 1446 1773 sapienter
1473 1701 1680 1763 fateris.
1728 1704 2024 1757 secundum

2129 1676 2311 1765 καθὼς
2344 1697 2401 1754 εὖ
2436 1700 2651 1771 φρονῶν
2681 1676 3000 1769 ὁμολογεῖς,
3021 1676 3448 1770 κατάνβούλησιν
3487 1700 3697 1767 γίνεται

459 1797 554 1852 Ι)θί
608 1797 941 1850 voluntatem
989 1796 1289 1863 suscipitur
1334 1812 1349 1847 :
1399 1810 1579 1848 annon
1614 1810 1742 1865 ergo
1783 1805 2026 1849 nostrum

2132 1795 2289 1849 Θεοῦ.
2348 1790 2485 1848 Εἶτα
2521 1796 2580 1846 οῦ
2627 1782 2767 1863 ἑροὸῇ
2808 1794 2897 1846 τὸν
2955 1795 3123 1846 κόπον
3173 1791 3354 1863 ἡμῶν,
3398 1792 3456 1845 ὃν
3500 1793 3527 1844 6
3563 1790 3698 1849 Θεὸς

460 1887 664 1941 vereris
701 1886 939 1939 laborem
988 1901 1151 1955 quem
1179 1886 1320 1940 Deus
1340 1886 1554 1955 probat,
1606 1886 1696 1955 qui
1730 1886 2027 1940 secundum

2130 1888 2474 1959 ἀποδέχεται,
2502 1888 2577 1949 ὡς
2604 1886 2749 1939 κατά
2785 1886 2845 1938 τὸ
2900 1885 3066 1958 αὐτοῦ
3111 1885 3396 1954 γινόμενον
3450 1883 3698 1951 θέλημαζ

460 1979 608 2033 illius
662 1977 997 2031 voluntatem
1058 1977 1398 2044 suscipitur?
1437 1968 1756 2042 Quomodo;
1797 1977 1900 2031 nisi
1956 1977 2028 2030 ita

2131 1983 2247 2046 πῶς
2282 1983 2389 2051 γὰρ
2428 1982 2515 2043 ἂν,
2542 1983 2589 2033 εί
2634 1981 2708 2048 μὴ
2736 1978 2892 2032 τοῦτο
2938 1975 3028 2050 ἦν,
3062 1978 3151 2031 τὸν
3174 1978 3313 2049 ὑπὲρ
3335 1976 3499 2030 αὐτοῦ
3524 1975 3696 2028 ἔδιδον

458 2081 626 2135 esset,
665 2068 970 2124 mercedem
1014 2084 1113 2139 pro
1148 2084 1213 2122 eo
1247 2069 1531 2123 redderet?
1562 2085 1667 2123 non
1726 2072 1923 2137 probas
1954 2077 2028 2131 le,

2133 2073 2357 2146 μισθόν;
2393 2074 2468 2142 μὴ
2518 2072 2909 2141 ἀποδεχόμενος
2964 2073 3050 2135 σὺ,
3087 2070 3222 2140 μηδὲ
3281 2070 3477 2139 τιμῶν,
3508 2068 3696 2135 ῶσπερ

459 2178 580 2225 nec,
639 2172 697 2215 ut
729 2163 903 2225 decet,
943 2162 1200 2226 bonoras,
1252 2177 1350 2215 nec
1378 2177 1475 2230 pro
1509 2161 1785 2215 laboribus
1840 2175 2027 2228 pacem

2130 2167 2247 2218 ἐστὶ
2283 2164 2515 2234 πρέπον,
2580 2165 2673 2215 καὶ
2738 2165 2992 2232 παρέχων
3024 2160 3426 2229 συγκατάθεσιν
3475 2160 3700 2227 εἰρήνης

457 2251 733 2313 concedis,
768 2251 864 2305 sed
910 2249 1108 2305 frustra
1141 2251 1464 2319 defatigatos
1496 2266 1595 2331 nos
1615 2251 1844 2305 dimittis
1874 2267 1887 2314 ;
1935 2248 2026 2303 sed

2129 2259 2195 2310 δι’
2225 2250 2299 2309 ῶν
2323 2254 2625 2331 κοπιῶμεν,
2660 2254 2776 2305 ἀλλ’
2806 2254 3172 2323 ἀποστρέφεις
3225 2254 3534 2319 κοπιῶντας
3577 2257 3696 2308 δια·

459 2341 739 2411 quomodo
771 2338 853 2393 fas
885 2348 971 2395 est
1016 2339 1182 2393 Deum
1222 2341 1454 2409 probare
1501 2349 1746 2395 nostrum
1790 2340 2027 2392 laborem

2128 2347 2315 2416 κενῆς.
2352 2347 2460 2398 Καὶ
2484 2345 2601 2407 πῶς
2658 2346 2769 2413 ἔχει
2819 2344 2999 2412 λόγον,
3033 2344 3163 2396 Θεὸν
3208 2345 3305 2413 μὲν
3337 2346 3696 2416 ἀποδέχεσθαι

458 2442 512 2487 et
548 2448 643 2502 pro
662 2447 731 2486 eo
774 2434 1079 2487 mercedem
1121 2433 1173 2485 iu
1207 2448 1304 2488 sua
1353 2433 1620 2487 cbaritate
1672 2432 1921 2495 reddere,
1976 2441 2028 2486 te

2127 2441 2225 2509 τήν
2250 2438 2387 2508 ἐμὴν
2410 2438 2811 2507 ταλαιπωρίαν,
2856 2439 2949 2489 καὶ
2981 2435 3102 2490 ἀντὶ
3138 2436 3344 2505 ταύτης
3376 2436 3573 2489 διδόναι
3604 2438 3695 2489 δό-

370 2578 375 2583 .
458 2519 777 2587 autem.'lili
823 2527 918 2590 mi,
970 2527 1064 2595 qui
1126 2526 1247 2594 pius
1296 2542 1377 2589 es,
1428 2524 1522 2579 Dei
1583 2524 1850 2579 voluntati
1919 2542 1948 2577 n

2130 2548 2213 2584 σιν
2239 2531 2334 2599 τῆς
2373 2528 2568 2581 ἑαυτοῦ
2604 2529 2964 2599 ἀγαθότητος,
3022 2529 3082 2580 σὲ
3133 2529 3188 2580 δὲ
3238 2526 3486 2595 φιλόθεον
3519 2528 3696 2597 ὗπάρδ

458 2620 813 2684 concordare,
860 2620 952 2673 sed
976 2618 1262 2672 contraria
1296 2616 1536 2671 sentire?
1566 2615 1635 2673 Et
1668 2632 1825 2687 quem
1880 2616 2029 2670 labo-

2131 2639 2313 2699 χοντα,
2372 2623 2558 2674 τέκνον
2601 2621 2783 2690 ἡμῶν,
2848 2621 2923 2691 μὴ
2962 2620 3041 2683 τῷ
3073 2620 3202 2689 θείῳ
3236 2619 3535 2689 βουλήματι
3564 2635 3693 2670 συνι

459 2726 596 2772 rem.
645 2720 830 2780 utpote
862 2725 959 2778 pro
994 2725 1054 2764 se
1096 2718 1430 2777 susceptum,
1473 2713 1591 2763 sine
1616 2710 1874 2762 mercede
1916 2722 2025 2760 nun

2128 2718 2363 2786 τρέχειν,
2402 2714 2538 2768 ἀλλά
2570 2717 2790 2783 φρονεῖν
2848 2714 3098 2779 ὲναντία;
3148 2713 3242 2764 καὶ
3271 2712 3439 2781 ὅνπερ
3486 2712 3696 2771 ἐκεῖνος

460 2804 721 2871 relinquit
764 2813 814 2854 te
869 2812 1120 2868 tauquam
1180 2800 1341 2852 vilem
1384 2800 1667 2867 despicere
1716 2808 1770 2852 et
1823 2799 2027 2851 nullius

2129 2808 2291 2859 πόνον
2313 2806 2490 2875 ἡμῶν,
2518 2807 2592 2868 ὡς
2627 2805 2766 2875 ὑπὲρ
2791 2803 2955 2857 αὑτοῦ
2980 2805 3284 2872 γινόμενον,
3334 2801 3561 2872 ἄμισθον
3594 2805 3698 2853 οὐκ

459 2893 619 2962 pretii
673 2890 919 2945 habere?
971 2889 1271 2944 Considera
1329 2899 1509 2942 utrum
1570 2889 1669 2957 piae
1712 2891 1911 2942 utentis
1957 2888 2028 2940 sit

2129 2900 2213 2969 ἐᾷ,
2245 2898 2304 2949 σὲ
2337 2896 2525 2949 τοῦτον
2553 2897 2627 2960 ὠς
2661 2896 2865 2965 φαῦλον
2897 2898 3162 2967 παρορᾷν,
3188 2896 3281 2947 καὶ
3304 2894 3516 2953 οὐδενὸς
3545 2892 3699 2956 ἄξιον

458 2982 708 3049 dignum,
742 2991 920 3033 utrum
958 2995 1064 3033 non
1103 2979 1320 3033 aliunde
1359 2980 1582 3032 veniens
1622 2994 1784 3047 quam
1811 2994 1875 3032 ex
1903 2993 2026 3030 vere

2128 2991 2287 3059 λόγου
2334 2990 2637 3058 νομίζειν;]
2672 2989 2875 3058 Σκέψαι
2927 2990 2976 3040 εί
3040 2988 3190 3052 ἀξιον
3234 2986 3391 3039 τοῦτο
3444 2985 3698 3052 φιλοθέυυ

459 3072 710 3143 prudenti
751 3086 913 3124 sensu
972 3079 1113 3124 tuo:
1182 3069 1366 3123 dixisti
1426 3084 1681 3139 namque.
1731 3077 1785 3123 et
1826 3073 2027 3138 Optime

2128 3083 2325 3152 ψυχῆς,
2360 3083 2454 3135 καὶ
2470 3081 2568 3151 οὐχ
2599 3081 2867 3151 ἑτέρωθεν
2898 3081 3058 3134 τοῦτο
3087 3080 3380 3146 συνάγεται
3412 3078 3528 3131 ἀλλ’
3558 3078 3592 3147 ἢ
3632 3079 3699 3129 ὲι

457 3162 664 3225 dixisti,
700 3162 959 3231 apostolis
996 3162 1368 3215 laborantibus
1412 3174 1441 3213 ι
1473 3160 1583 3214 Deo
1611 3161 1871 3213 redditam
1908 3175 2029 3215 esse

2126 3175 2235 3227 τῶν
2276 3174 2383 3227 σῶν
2418 3174 2634 3243 ἀληθῶς
2662 3175 2941 3243 φρονίμων
2979 3174 3171 3240 λόγων.
3206 3171 3381 3239 Ἐιρης
3422 3172 3557 3241 γὰρ,
3592 3172 3687 3223 καὶ

458 3269 785 3318 mercedem,
817 3253 942 3309 lieet
963 3270 1056 3308 eos
1089 3254 1415 3323 persuadere
1451 3254 1775 3323 quandoque
1798 3268 1903 3306 non
1937 3269 2029 3322 po-

2128 3264 2309 3327 καλῶς
2330 3262 2489 3332 ἔφης,
2517 3262 2591 3325 ὡς
2645 3264 2757 3324 τοῖς
2792 3260 3111 3322 ἀποστόλοις
3155 3262 3219 3312 ὲκ
3274 3257 3411 3310 Θεοῦ
3439 3259 3465 3310 6
3503 3257 3695 3324 μισθὸς

460 3352 660 3405 tuerint
711 3350 777 3402 ad
813 3363 949 3415 quos
980 3348 1149 3401 ibant.

2128 3355 2330 3407 ἐδίδοτο
2362 3353 2619 3416 κοπιῶσι,
2653 3353 2755 3406 κᾶν
2787 3352 2924 3423 πρὸς
2984 3351 3077 3414 οὓς
3114 3348 3363 3420 ἀπῄεσαν
3412 3350 3582 3401 ἐνίοτε
3620 3349 3696 3416 μὴ

1908 3432 1911 3441 ³
2128 3447 2338 3499 πείθειν
2364 3445 2647 3516 ἠδύναντο.

526 3535 758 3601 Quinam
784 3541 963 3586 autem
997 3530 1370 3585 iuobedientes
1399 3530 1618 3595 fuerint,
1664 3531 1822 3584 nobis
1864 3530 2025 3584 etiam

2209 3536 2371 3590 ’Λλλά
2402 3536 2547 3598 τίνες
2581 3537 2631 3587 οἰ
2687 3533 2762 3604 μὴ
2820 3533 3153 3602 πειθόμενοι,
3188 3533 3284 3585 καὶ
3331 3530 3488 3583 τοῦτο
3526 3531 3648 3583 εἱπὲ
3681 3545 3697 3557 ⁸

456 3623 545 3677 dic
583 3640 596 3675 :
630 3635 819 3674 uumes
857 3636 987 3693 sane
1009 3621 1155 3674 dices
1179 3621 1493 3690 quicunque
1528 3636 1632 3673 non
1656 3622 1901 3674 sciebant
1940 3636 2027 3674 se-

2128 3629 2343 3690 πάντως
2366 3628 2531 3697 ἐρεῖς,
2563 3627 2644 3679 ὅτι
2673 3628 2786 3680 ὅσοι
2813 3627 2887 3697 μὴ
2917 3627 3133 3697 ᾔδεισαν
3158 3624 3300 3677 κατά
3325 3623 3462 3675 Θεοῦ
3500 3622 3700 3693 βούληδ

460 3716 693 3769 cundum
725 3714 817 3767 Dei
847 3714 1176 3767 voluntatem
1199 3729 1321 3767 esse
1368 3714 1740 3781 apostolorum
1792 3706 2025 3775 Iaberes,

2129 3739 2212 3774 σιν
2237 3716 2377 3773 εἶναι
2406 3721 2497 3772 τὸν
2529 3720 2697 3773 κόπον
2718 3720 2826 3771 τῶν
2865 3719 3203 3781 ἀποστόλων,
3246 3715 3358 3769 οὐδ’
3383 3717 3568 3782 ἀξίους
3595 3717 3701 3767 αὖ-

459 3823 557 3862 nec
585 3821 679 3862 eos
712 3807 958 3860 mercede
989 3806 1181 3875 dignos
1213 3805 1503 3871 habebant,
1538 3805 1629 3860 sed
1668 3805 1842 3874 magis
1873 3818 2027 3873 pmua

2126 3813 2250 3875 τοὺς
2288 3810 2519 3881 ἡγοῦντο
2547 3810 2994 3879 μισθαποδοσίας,
3026 3809 3161 3863 ἀλλὰ
3194 3808 3393 3878 μᾶλλον
3421 3808 3704 3866 κολάσεως

457 3909 512 3954 et
542 3897 845 3967 supplicio;
884 3898 1116 3967 ideoque
1149 3912 1243 3953 eos
1268 3897 1731 3966 persequebantur
1772 3906 1825 3950 et
1859 3895 2026 3949 casti-

2129 3906 2222 3958 καὶ
2247 3904 2540 3973 τιμωρίας
2581 3903 2668 3956 διὰ
2732 3902 2891 3955 τοῦτο
2938 3900 3165 3953 ἐδίωκον
3202 3903 3297 3953 καὶ
3326 3899 3703 3969 ἐτιμωροῦντο

457 3992 658 4061 gallant
689 3988 715 4045 ι’
738 3992 830 4060 qui
867 4001 1045 4045 autem
1075 3989 1271 4044 fatetur
1304 3991 1610 4045 mercedem
1659 4004 1757 4042 nos
1787 4004 1907 4042 esse
1937 4001 2027 4041 ac-

2127 3997 2325 4061 αὐτούς
2356 4014 2368 4026 ·
2430 4000 2457 4051 6
2513 3997 2567 4049 δὲ
2619 3994 2898 4064 ὁμολογῶν
2934 3992 3201 4064 λήψεσθαι
3232 3992 3422 4061 μισθὸν
3476 3993 3702 4049 πάντως

455 4093 729 4151 cepturos,
790 4082 1077 4136 conﬁtetur
1122 4082 1273 4149 prius
1321 4091 1537 4134 nostros
1580 4096 1609 4132 a
1664 4078 1773 4131 Deo
1810 4076 2024 4146 probari

2128 4092 2397 4160 πρότερον
2429 4089 2678 4158 ὁμολογεῖ
2728 4089 2810 4140 ὃτι
2850 4087 3172 4155 ἀποδέχεται
3216 4084 3522 4146 κοπιῶντας
3549 4084 3702 4153 ἡμᾶς

458 4177 671 4230 labores
695 4190 867 4244 eaque
900 4174 967 4227 de
991 4188 1155 4227 causa
1183 4172 1331 4226 reddi
1368 4174 1703 4232 mercedem;
1736 4169 2023 4235 etquidem

2126 4187 2153 4235 6
2187 4184 2336 4245 Θεὸς,
2371 4182 2466 4234 καὶ
2502 4182 2692 4233 τούτου
2751 4179 2912 4250 χάριν
2966 4179 3150 4231 δίδωσι
3209 4178 3299 4228 τὸν
3343 4176 3565 4245 μισθόν·
3605 4176 3701 4227 καὶ

456 4265 599 4320 Deus
653 4274 870 4319 nostras
916 4265 1106 4333 probat
1153 4263 1514 4334 fatigatioues
1543 4269 1597 4314 et
1634 4261 1782 4327 justo
1820 4256 2025 4325 judicio

2129 4273 2260 4336 Θεὸς
2320 4273 2418 4340 μὲν
2473 4272 2797 4339 ἀποδέχεται
2832 4273 2931 4341 τὴν
2976 4269 3116 4339 ἐμὴν
3161 4266 3561 4338 ταλαιπωρίαν,
3603 4268 3701 4318 καὶ

459 4358 705 4411 mercede
736 4365 980 4418 coronat,
1014 4367 1067 4408 tu
1101 4370 1227 4407 vero
1248 4392 1263 4414 ,
1322 4356 1484 4406 homo
1511 4367 1633 4405 cum
1659 4351 1867 4411 sis,nou
1903 4362 2024 4416 pro-

2130 4365 2518 4433 ἀνταμείϐεται
2547 4366 2643 4431 τῆς
2678 4363 2895 4423 δικαίας
2932 4362 3168 4432 κρίσεως
3199 4362 3362 4413 αὐτοῦ
3408 4364 3471 4431 τῇ
3502 4360 3698 4430 μισθαο

457 4447 656 4500 Dares?
701 4447 832 4498 (Σαξιί
870 4454 923 4496 et
953 4455 1110 4495 terra:
1146 4443 1405 4495 Dominus
1464 4450 1679 4492 nostros
1729 4455 1834 4490 non
1869 4436 2021 4488 dedi-

2127 4457 2372 4525 ποδοσίᾳ,
2426 4458 2488 4509 σὺ
2521 4455 2576 4507 δὲ
2607 4454 2888 4525 ἄνθρωπος
2937 4452 3012 4506 ὢν
3040 4455 3142 4507 οὐκ
3196 4454 3470 4525 ἀποδέχῃς
3519 4454 3579 4505 ’0
3613 4455 3702 4505 δε·-

458 4549 654 4605 guatur
712 4537 967 4600 labores;
1025 4536 1069 4587 si
1116 4536 1260 4587 enim
1316 4533 1718 4603 dedignaretur,
1754 4530 2023 4605 quomodo

2126 4548 2344 4611 σπόζων
2382 4546 2611 4618 οὐρανοῦ
2662 4548 2757 4600 καὶ
2793 4548 2895 4614 γῆς
2951 4548 3051 4599 οὐκ
3098 4547 3356 4617 ἀτιμάζει
3384 4548 3476 4598 τὸν
3525 4548 3701 4598 κόπον

460 4624 761 4678 mercedem
823 4624 1108 4677 redderet?
1155 4625 1233 4676 'l'u
1287 4639 1453 4685 vero,
1505 4626 1550 4676 si
1614 4620 1812 4689 populo
1874 4628 2024 4671 tanto

2125 4641 2279 4710 ἡμῶν
2302 4657 2314 4669 ·
2341 4639 2454 4703 πῶς
2483 4641 2612 4708 γὰρ,
2638 4641 2684 4691 εί
2710 4639 2983 4708 ἀτιμάζει,
3011 4639 3193 4691 δίδωσι
3226 4639 3314 4692 τὸν
3350 4637 3542 4708 μισθόν
3566 4654 3581 4700 ;
3624 4638 3697 4690 Σϋ

458 4718 693 4783 imperas
718 4728 952 4783 quantus
997 4727 1079 4770 est
1122 4716 1209 4783 qui
1246 4717 1338 4778 tibi
1363 4715 1670 4782 subjicrtur,
1706 4720 1824 4781 post
1863 4711 2024 4765 breve

2123 4732 2201 4793 δὲ,
2227 4734 2274 4784 εί
2303 4733 2397 4785 καὶ
2427 4732 2709 4796 δεσπόζεις
2760 4730 2891 4785 λαοῦ
2922 4733 3048 4784 ὅσου
3087 4733 3217 4784 ποτὲ
3267 4731 3362 4784 καὶ
3386 4730 3694 4793 δεσπόζεις,

458 4817 640 4862 tamen
697 4817 910 4875 tempus
944 4807 1012 4860 ab
1050 4808 1304 4862 omnibus
1356 4807 1670 4862 hominibus
1707 4816 2022 4875 segregatus

2123 4823 2261 4876 ἁλὶά
2308 4840 2371 4889 γε
2439 4824 2556 4891 μετ’
2610 4823 2793 4890 ὀλίγον
2860 4824 3065 4891 γυμνὸς
3115 4823 3332 4876 πάντων
3392 4820 3699 4893 ἀνθρώπων

456 4913 642 4954 coram
694 4899 1071 4955 universorum
1103 4899 1334 4954 Domino
1386 4900 1611 4962 astabis,
1660 4899 2023 4954 nostras-fati-

2124 4914 2498 4983 παρίστασθαι
2549 4912 2761 4983 μέλλων
2825 4915 2900 4981 τῷ
2934 4916 3176 4987 Δεσπότῃ
3222 4916 3328 4967 τῶν
3373 4914 3531 4975 ὅλων,
3561 4915 3698 4983 παρ’

426 5030 427 5033 η
457 4992 704 5063 sationes
760 4991 1153 5060 parvipeudes?
1190 4990 1295 5046 Sed
1324 4993 1597 5060 quomodo
1628 4993 1850 5060 dignum
1877 4991 2004 5044 istuc

2122 5005 2274 5057 οὐδὲν
2325 5005 2482 5073 τίθης
2527 5006 2627 5076 τὴν
2678 5005 2957 5075 ἡμετέραν
2988 5006 3405 5077 ταλαιπωρίανς
3452 5008 3559 5059 Καὶ
3589 5004 3700 5057 ποῦ

458 5095 554 5140 tuo
586 5085 826 5153 ingenio,
864 5092 953 5136 tua
995 5083 1190 5150 pietate
1220 5086 1433 5153 tuisque
1483 5085 1683 5153 ubique
1715 5085 2022 5154 praedicatis

2125 5097 2402 5166 προσῆκον
2424 5095 2581 5150 τοῦτό
2613 5113 2676 5163 γε
2707 5098 2825 5168 ἧτῇ
2852 5099 3076 5165 συνέσει
3116 5117 3231 5162 σου,
3270 5099 3302 5169 ἥ
3344 5102 3409 5170 τῇ
3445 5098 3701 5170 φιλοθεῖᾳ

457 5176 923 5243 moribusiﬂuod
963 5192 1068 5237 non
1092 5177 1157 5233 ad
1172 5179 1601 5243 ,subvertendam
1637 5188 1804 5241 tuam,
1825 5177 1895 5231 fdi
1924 5176 2022 5240 mi,

2126 5205 2240 5253 σου,
2287 5189 2319 5260 ἢ
2357 5193 2420 5258 τῇ
2446 5189 2577 5259 ἄλλῃ
2619 5188 2871 5262 βοωμένῃ
2906 5191 3014 5244 τῶν
3048 5192 3266 5260 τρόπων
3291 5208 3383 5244 σου
3417 5192 3703 5253 καταστάς

456 5271 888 5339 propositionem
912 5269 1168 5331 dicimus.
1198 5272 1293 5325 sed
1325 5271 1391 5326 ad
1422 5272 2021 5337 commonefaciendum

2127 5299 2244 5347 σει;
2279 5282 2464 5337 Ταῦτα
2498 5283 2598 5339 οὐκ
2628 5283 3029 5354 ἀνατρέποντες
3071 5283 3302 5353 λέγομεν
3351 5283 3410 5334 τὸ
3447 5283 3536 5349 σὸν
3564 5286 3692 5352 προσ

459 5369 513 5419 te
548 5372 605 5415 et
628 5360 694 5417 ad
720 5363 954 5419 dandam
989 5363 1081 5417 tibi
1104 5364 1367 5432 prudenti
1406 5367 1749 5429 occasionem
1803 5374 1860 5420 ut
1890 5380 2023 5435 pru-

2128 5356 2328 5447 ὖλημα,
2370 5374 2559 5428 τέκνον
2616 5374 2793 5445 ἡμῶν,
2852 5374 2969 5435 ἀλλ’
3030 5375 3543 5446 ὑπομιμνήσκοντες
3602 5375 3706 5427 καὶ

454 5450 666 5505 (lentior
688 5462 931 5521 ,evarlas;
965 5456 1114 5521 volo,
1160 5456 1231 5511 lili
1270 5456 1344 5510 mi
1389 5457 1762 5523 dilectissime,
1783 5460 2021 5517 sermoni

2128 5463 2354 5525 διδόντες
2386 5465 2643 5534 ἀφορμὴν
2670 5464 2919 5533 φρονίμῳ
2943 5463 3079 5529 Θεοῦ
3108 5466 3306 5539 ,χάριτι
3335 5465 3471 5530 ὄντι,
3500 5480 3706 5541 μεροπλιο

453 5538 632 5601 adhuc
680 5549 953 5611 attendas,
1008 5557 1062 5601 et
1112 5547 1570 5618 quemadmodum
1604 5550 2024 5620 nobis‘pmscn-

2128 5554 2355 5624 μωτέρῳ
2379 5556 2657 5623 γενέσθαι.
2684 5556 2954 5628 Βούλομαί
2983 5574 3064 5623 σε,
3101 5538 3184 5612 υίέ
3216 5576 3319 5628 μου
3344 5538 3706 5625 ὴγαπῄμέκι.

454 5631 597 5727 tibus
625 5644 808 5689 nostra
832 5638 971 5693 dicta
1002 5639 1223 5696 cordate
1240 5641 1482 5708 audires,
1528 5640 1599 5697 ita
1626 5644 1877 5699 sermoni
1900 5657 2023 5699 cor-

2131 5649 2215 5699 καὶ
2261 5647 2338 5700 ἔτι
2366 5648 2443 5719 τῷ
2494 5649 2638 5720 λόγῳ
2683 5653 3047 5720 προσαγαγεῖν
3093 5651 3341 5717 σεαυτὸν,
3374 5650 3466 5702 καὶ
3505 5650 3709 5713 ὥσπερ
