3996 6208
275 283 389 350 I33

276 528 419 576 νων,
447 508 591 561 οὕτω
616 507 852 577 φυλάξαι
897 510 957 562 τὸ
981 511 1231 580 νουνεχὲς
1265 510 1341 580 τῷ
1382 509 1543 580 λόγῳ.
1579 508 1728 578 Πλὴν
1755 509 1854 560 οὑκ

269 601 492 666 ἀγνοεῖν
524 597 752 668 οἰόμεθά
783 613 864 661 σε,
888 597 925 652 ἃ
960 599 1230 668 μέλλομεν
1257 601 1511 669 γράφειν,
1555 598 1757 668 μᾶλλον
1797 598 1854 650 δὲ

273 692 519 760 φέρομεν
565 689 837 760 ὑπόληψιν
871 691 948 754 ὡς
982 691 1274 745 ἐπίστασαι
1317 690 1491 744 ταῦτα
1543 692 1638 745 καὶ
1683 691 1855 763 χωρὶς

269 784 384 837 τῶν
419 783 573 851 ἐμῶν
596 782 793 852 λόγων.
820 783 955 838 διότι
981 783 1266 838 σπουδαῖον
1293 785 1423 838 ὄντα
1454 784 1849 862 ὑπολαμβάνω,

271 875 370 928 καὶ
404 879 484 939 είς
513 877 574 929 τὺ
599 877 697 939 τὰς
731 877 976 946 ἱστορίας
1020 877 1304 946 ἀναλέγειν
1343 878 1452 932 τῶν
1480 877 1730 932 παλαιῶν
1755 878 1854 950 τὴν

269 969 442 1038 αὐτὴν
468 968 758 1034 διασώζειν
785 970 1042 1040 σπουδήν.

357 1061 502 1113 Ἀλλ’
531 1063 578 1114 εἰ
611 1062 705 1114 καὶ
735 1062 809 1131 μὴ
839 1063 1075 1129 ἀγνοεῖς,
1109 1063 1257 1133 ὅμως
1286 1065 1380 1118 καὶ
1411 1064 1581 1118 ταῦτα
1609 1065 1684 1126 ὡς
1718 1076 1856 1134 προς

268 1151 452 1224 εἰδότα
487 1153 546 1205 ἐν
577 1154 938 1225 ὑπομνήσεως
978 1155 1130 1220 τάξει
1179 1156 1540 1227 προστίθημι.
1596 1156 1854 1227 Ἐκράτει

267 1246 382 1296 τῶν
424 1246 755 1316 Ῥωμαϊκῶν
790 1251 1088 1320 σκήπτρων
1127 1250 1430 1320 Ἀρκάδιος,
1464 1251 1559 1303 καὶ
1591 1250 1755 1313 πολὺς
1785 1243 1855 1320 ἦν

271 1337 472 1397 Γαῖνᾶς
527 1341 733 1403 ἐκεῖνος
779 1341 992 1412 ἀπείρῳ
1022 1341 1216 1413 πλήθει
1248 1343 1457 1412 ταύτην
1503 1343 1567 1413 δὴ
1622 1346 1720 1412 τὴν
1753 1346 1854 1414 γῆν

271 1429 577 1498 πυρπολῶν
633 1431 731 1484 καὶ
789 1433 1242 1502 αἰχμαλωτίζων,
1293 1434 1481 1506 ὥσπερ
1531 1437 1623 1487 καὶ
1663 1437 1852 1504 ὑμεῖς,

270 1520 456 1569 πάντα
481 1519 647 1570 τόπον
681 1515 744 1574 οὑ
776 1521 842 1574 ἂν
893 1524 1040 1575 ἐπίοι
1073 1523 1362 1578 καλύπτων
1402 1525 1480 1596 τῷ
1508 1524 1724 1594 πλήθει,
1760 1529 1855 1579 καὶ

267 1608 372 1659 οὑκ
399 1605 471 1677 ἦν
504 1611 692 1678 χεῖρας
741 1611 879 1679 πρὸς
919 1613 1085 1665 αὑτὸν
1136 1615 1436 1685 ἀνταίρειν,
1472 1615 1533 1667 οὑ
1586 1615 1785 1685 μᾶλλον
1819 1615 1852 1686 ἢ

271 1699 412 1771 πρὸς
439 1701 565 1762 τοὺς
595 1699 652 1765 ἐξ
673 1700 905 1770 οὐρανοῦ
938 1704 1266 1774 ἀφιεμένους
1301 1705 1593 1774 σκηπτούς.
1643 1706 1729 1768 Ὠς
1755 1701 1850 1758 οὖν

268 1792 332 1841 ἓν
360 1789 626 1852 τοωύτοις
667 1793 986 1862 πράγμασιν
1043 1797 1292 1866 ἀπῄεσαν
1337 1802 1473 1866 πρὸς
1521 1797 1682 1850 αὑτὸν
1719 1815 1852 1866 πρε-

273 1883 460 1935 σϐεῖαι
486 1882 583 1936 τοῦ
605 1883 891 1952 βασιλέως,
919 1887 1130 1950 ἒκεῖνος
1153 1889 1470 1958 ἀπέφραττε
1498 1891 1565 1942 τὰ
1603 1883 1736 1949 ὦτα,
1762 1892 1854 1942 καὶ

272 1977 414 2046 ’πρὸς
473 1977 652 2029 πάντα
683 1977 844 2044 λόγον
901 1980 1174 2043 ἀνένευεν,
1223 1981 1512 2049 ἇκαμπτός
1536 1998 1617 2040 τις
1653 1980 1728 2033 ὢν
1759 1983 1854 2034 καὶ

267 2069 618 2135 ἀμείλικτος.
671 2071 1038 2140 ’Λντέπραττε
1085 2072 1201 2142 γὰρ
1249 2074 1281 2142 ἡ
1342 2072 1613 2141 ἐπιθυμία
1652 2073 1741 2142 ὑφ’
1787 2068 1854 2144 ἧς

267 2159 536 2219 ἐκινεῖτο,
569 2160 662 2210 καὶ
697 2155 766 2228 ἦν
819 2160 1197 2230 ἀκατάσχετος
1252 2162 1310 2215 ἐν
1341 2165 1462 2226 ταῖς
1491 2167 1729 2232 σφαγαῖς
1761 2166 1853 2216 καὶ

263 2252 385 2310 τοῖς
427 2254 632 2316 φόνοις,
661 2250 848 2321 ὥσπερ
884 2253 975 2305 καὶ
1006 2253 1183 2322 ὑμεῖς.
1221 2255 1416 2323 Ἦλγει
1450 2257 1587 2326 πρὸς
1614 2257 1786 2310 ταῦτα
1825 2261 1850 2311 ὁ

259 2340 366 2394 τοῦ
398 2342 536 2395 Θεοῦ
563 2344 877 2414 ἀρχιερεὺς,
903 2347 1283 2414 ἐσπαράσσετο
1317 2348 1413 2417 τὴν
1434 2349 1631 2419 ψυχὴν,
1663 2349 1851 2419 ὥσπερ

264 2435 371 2487 καὶ
422 2438 586 2504 ἡμεῖς
610 2437 660 2487 οἱ
712 2439 924 2507 ἀχρεῖοι
983 2440 1078 2490 καὶ
1123 2441 1413 2492 ταπεινοί’
1473 2436 1627 2505 οὗτος
1681 2443 1736 2496 δὲ
1785 2440 1850 2514 ἦν

276 2529 544 2597 Ἰωάννης
577 2530 604 2580 ὁ
633 2528 1018 2599 Χρυσόστομος
1053 2529 1114 2581 τὸ
1165 2531 1474 2600 ἐπώνυμον.
1520 2533 1725 2600 Ἀλγῶν
1760 2533 1852 2586 οὖν

259 2620 530 2688 διενοήθη
557 2623 792 2695 πρᾷγμα
827 2621 1138 2690 γελώμενον
1175 2625 1286 2683 τοῖς
1321 2621 1536 2684 πολλοῖς
1569 2639 1584 2654 ·
1619 2624 1678 2676 τὸ
1708 2624 1762 2676 δὲ
1784 2620 1852 2695 ἦν

259 2712 401 2764 ἀντὶ
425 2711 644 2764 πάντων
697 2713 890 2764 ἑαυτὸν
933 2713 1138 2776 δοῦναι,
1191 2713 1285 2764 καὶ
1328 2714 1466 2780 πρὸς
1515 2713 1606 2765 τὸν
1654 2714 1692 2764 Γ
1695 2717 1852 2788 αἳνᾶν

256 2802 548 2866 ἐπελθεῖν,
585 2803 679 2855 καὶ
737 2803 836 2873 τὴν
893 2803 1171 2873 ἀνήμερον
1213 2803 1426 2855 ἐκείνου
1463 2803 1851 2873 παρακαλέσαι

254 2897 480 2966 ψυχὴν,
506 2897 598 2947 καὶ
645 2893 743 2947 τοῦ
791 2894 965 2964 θυμοῦ
991 2896 1053 2947 τὸ
1099 2894 1361 2947 ἄσϐεστον
1390 2894 1499 2964 πῦρ
1526 2895 1632 2946 τῶν
1679 2894 1852 2960 λόγων

253 2987 442 3040 abuti
481 2991 544 3056 τῇ
593 2987 770 3056 δρόσῳ
823 2985 1120 3056 πειρᾶσθαι
1161 2984 1605 3038 κατασϐεννύειν.
1646 2983 1786 3036 Ἀλλ’
1824 2986 1852 3036 ὁ

255 3082 378 3150 μὲν
443 3079 732 3150 ἀρχιερεὺς
785 3079 928 3131 οὑτω
956 3077 1203 3146 διενοήθη
1232 3094 1246 3107 ·
1297 3077 1500 3143 ἐγέλων
1543 3076 1619 3140 δὲ,
1663 3075 1850 3146 ὥσπερ

1958 3075 2356 3143 reprimendum
2433 3093 2554 3131 esse
2633 3077 2822 3132 Gainae
2881 3078 3180 3148 impetum,

251 3176 434 3239 ἔφην,
501 3171 706 3224 πολλοί.
767 3169 865 3232 Τίς
917 3171 1026 3240 γὰρ
1075 3167 1306 3239 ήλπιζεν
1363 3167 1720 3238 ἐπισχεθῆναι
1755 3168 1847 3220 τοῦ

255 3264 450 3317 Γαῖνᾶ
479 3263 577 3332 τὴν
641 3261 843 3332 ὁρμὴν,
879 3260 973 3314 τοῦ
1010 3261 1204 3332 μορίου
1249 3261 1458 3312 ἐκείνου
1490 3259 1728 3330 πλήθους
1751 3258 1851 3330 τὴν

253 3358 512 3423 κίνησιν,
545 3354 636 3406 ὑπ’
659 3352 851 3424 ἀνδρὸς
875 3352 1108 3421 γυμνοῦ,
1137 3353 1231 3406 καὶ
1260 3351 1424 3421 μηδὲν
1446 3351 1574 3404 ἄλλο
1596 3355 1852 3421 φέροντος

256 3447 422 3515 πλὴν
453 3447 554 3515 τὴν
581 3445 691 3497 τῶν
713 3445 889 3512 λόγων
914 3445 1242 3514 παραίνεσιν
1266 3461 1280 3509 ;
1321 3439 1510 3514 Ὅμως
1554 3443 1853 3512 παραγίνε-

251 3556 367 3592 ται
406 3536 544 3599 πρὸς
575 3537 666 3590 τὸν
694 3536 1002 3605 ἄνθρωπον,
1039 3537 1134 3588 καὶ
1192 3536 1344 3588 οὐδὲν
1399 3535 1584 3606 ἕτερον
1625 3535 1658 3606 ἢ
1695 3535 1852 3604 μόνον

253 3629 712 3699 περιπτύσσεται
758 3628 978 3693 τοῦτον,
1037 3627 1205 3680 ταῦτα
1234 3628 1445 3695 λέγων’
1506 3626 1849 3696 Ἀρκέσοητι,

249 3723 554 3790 ἄνθρωπε,
596 3723 711 3783 τοῖς
737 3721 898 3790 μέχρι
944 3718 1040 3772 τοῦ
1075 3720 1344 3790 παρόντος
1396 3719 1609 3780 δεινοῖς,
1644 3716 1851 3770 παῦσαι

253 3813 644 3882 ἀνθρωπίνοις
677 3813 874 3880 αἵμασι
919 3811 1156 3874 ποτίζων
1200 3809 1300 3879 τὴν
1350 3808 1476 3878 γῆν,
1521 3808 1851 3878 ἐνθυμήθητι

250 3907 350 3956 ὅτι
381 3905 444 3954 οὑ
477 3902 614 3955 πολὺ
644 3907 704 3954 τὸ
736 3905 794 3955 ἐν
829 3903 1001 3971 μέσῳ,
1029 3902 1126 3955 καὶ
1144 3905 1255 3962 τοῖς
1281 3899 1502 3962 οἰκείοις
1533 3897 1852 3962 ὑποδέξεταί

257 4012 329 4048 σε
367 3993 628 4054 κόλποις·
668 3992 853 4064 ἄρχων
906 3992 1037 4046 λαοῦ
1089 3995 1380 4061 κατέστης,
1440 3992 1536 4060 οὑχ
1589 3991 1675 4044 ἵνα
1718 3991 1854 4059 πρὸς

259 4087 474 4155 φόνους
500 4087 663 4156 ἄγῃς,
708 4087 820 4138 ἀλλ’
842 4085 930 4138 ῐια
974 4087 1073 4151 τῆς
1108 4085 1287 4138 αὐτῶν
1319 4087 1523 4154 προνοῇ
1560 4083 1848 4152 σωτηρίας.

256 4182 336 4234 Τί
375 4181 516 4248 πρὸς
541 4181 830 4247 ἀλλοτρίαν
858 4178 1103 4242 ἐλαύνεις
1145 4180 1368 4250 χώραν;
1414 4177 1742 4248 Ἀρκέσθητι
1786 4177 1852 4246 τῇ

262 4273 434 4342 παρὰ
466 4272 604 4324 Θεοῦ
652 4271 914 4344 δεδομένῃ
957 4287 1063 4326 σοι.
1097 4272 1161 4323 Τί
1201 4270 1546 4323 πλεονεκτεῖν
1578 4267 1853 4336 ἐπιζητεῖς

258 4367 297 4420 ἃ
335 4366 423 4436 μὴ
449 4365 711 4434 ἀσφαλῶς
732 4365 859 4425 (aut;
891 4364 1069 4429 ἓξεις;
1104 4363 1386 4417 Καταλιπε
1407 4362 1533 4422 τοὺς
1567 4361 1854 4429 Ῥωμαίων

1699 281 2111 348 ιιιηετοιιῑ.

271 420 323 469 οἱ
355 415 640 485 παρόντων
673 415 703 485 ἡ
714 415 829 484 μῶν
857 417 1054 489 ﬁmus;
1085 418 1151 472 ἂν
1189 416 1455 489 νουνεχῶς
1488 416 1594 472 τῶν
1621 416 1852 488 λεγομέ-
1882 409 1930 461 Α
1958 416 2141 472 datam
2170 431 2354 472 serves
2379 400 2734 473 ειιοηιῑόηὲηι
2780 435 2793 472 :

3425 286 3528 354 1M

2838 426 2888 472 te
2914 425 3098 470 tamen
3137 431 3241 471 non
3274 419 3532 490 ignorare

1959 522 2215 582 putamus
2248 517 2391 586 quod
2420 515 2676 584 scripturi
2708 528 2939 577 sumus;
2963 513 3070 568 imo
3097 527 3226 567 vero
3257 526 3401 568 certe
3434 531 3530 567 su-

1963 606 2146 660 cimus
2171 608 2368 678 teisine
2385 609 2589 662 nostris
2623 607 2968 662 sermonibus
2993 620 3052 659 ea
3089 618 3269 671 nosse,
3324 606 3448 676 quia
3481 615 3532 659 to

1957 697 2262 752 studiosum
2323 700 2532 754 scimus
2570 710 2854 769 ‘tuumque
2894 698 2948 752 in
2983 699 3240 768 legendas
3289 707 3530 751 veterum

1956 785 2218 843 historias
2248 790 2492 870 studium
2514 789 2686 846 ferre.

2027 1056 2178 1113 Licet
2215 1074 2276 1113 ea
2313 1075 2418 1114 non
2449 1061 2687 1133 ignores,
2711 1061 2999 1132 subjiciam
3036 1071 3242 1130 tamen,
3271 1077 3530 1136 tanquam

1954 1152 2022 1206 ad
2054 1153 2340 1218 scientem,
2361 1158 2900 1210 commemorationis
2923 1173 3087 1212 causa
3114 1176 3126 1210 :
3157 1157 3532 1212 Romanorum
3561 1180 3563 1182 ·

1955 1252 2230 1309 sceptrum
2271 1244 2490 1297 tenebat
2529 1246 2822 1309 Arcadius,
2855 1245 3058 1302 Gainas
3080 1261 3214 1300 vero
3237 1246 3327 1302 ille
3357 1249 3520 1301 innu-

1956 1333 2206 1386 merabili
2302 1350 2426 1388 cum
2508 1338 2863 1391 multitudine
2934 1339 3076 1392 hanc
3159 1339 3330 1409 ipsam
3419 1352 3531 1395 ter-

1957 1439 2093 1489 tam,
2126 1441 2288 1494 quam
2311 1442 2406 1481 vos
2439 1427 2622 1490 hodie,
2653 1428 2906 1490 incendio
2930 1429 3180 1483 vastabat
3210 1439 3260 1484 et
3286 1431 3338 1483 in
3359 1432 3532 1484 servi-

1959 1526 2122 1570 tutem
2186 1518 2484 1586 redigebat,
2573 1536 2792 1576 omnem
2867 1523 3142 1592 regionem
3206 1541 3534 1596 quocunque

1956 1613 2200 1664 tenderet
2231 1613 2464 1666 militum
2497 1614 2846 1668 multitudine
2895 1623 3100 1683 tegens,
3137 1633 3237 1670 nec
3271 1619 3533 1687 possibile

1957 1705 2124 1773 magis
2151 1715 2266 1758 erat
2307 1716 2360 1759 et
2394 1706 2650 1767 resistere
2680 1723 2845 1776 quam
2876 1707 3114 1776 delapsis
3176 1725 3205 1762 a
3247 1711 3389 1764 cado
3426 1711 3532 1764 [ιιι-

1957 1796 2226 1862 guribus;
2288 1813 2408 1850 tum
2444 1795 2652 1852 interea
2683 1798 2982 1866 legationes
3015 1815 3044 1851 a
3091 1816 3216 1871 rege
3251 1803 3314 1856 ad
3350 1804 3530 1871 ipsum

1955 1885 2253 1952 venissent,
2287 1903 2447 1941 aures
2482 1903 2611 1944 suas
2671 1888 2950 1946 clauserat
3029 1901 3082 1946 et
3111 1893 3174 1945 ad
3226 1893 3409 1946 omnia
3447 1909 3532 1948 re-

1954 1990 2144 2032 nuerat
2182 1995 2338 2047 asper
2373 1988 2427 2034 et
2490 1980 2799 2037 inﬂexibilis
2836 2000 2850 2045 ;
2909 1984 3202 2038 obsistebat
3243 1987 3387 2038 enim
3424 2000 3532 2054 qua

1952 2069 2209 2139 ﬂagrabat
2262 2073 2549 2142 cupiditas,
2603 2089 2700 2128 nec
2732 2091 2760 2127 a
2813 2077 3053 2129 czedibus
3099 2085 3153 2129 et
3217 2075 3533 2130 homicidds

1953 2161 2191 2214 coerceri
2236 2173 2465 2230 poterat,
2497 2164 2660 2217 veluti
2701 2181 2801 2218 nec
2836 2181 2928 2218 vos
2958 2181 2971 2218 :
2999 2167 3064 2219 de
3090 2167 3287 2234 quibus
3316 2167 3533 2220 dolebat

1956 2252 2049 2308 Dei
2110 2255 2555 2325 archiepiscopus
2589 2298 2603 2323 ,
2657 2259 2826 2312 corde
2874 2259 3246 2322 cruciabatur,
3296 2260 3439 2313 sicut
3477 2267 3534 2314 et

1953 2361 2050 2400 nos
2091 2346 2315 2401 inutiles
2343 2357 2398 2402 et
2462 2349 2741 2414 humiles;
2788 2351 2878 2404 ille
2933 2361 3114 2404 autem
3145 2359 3263 2404 erat
3292 2349 3532 2406 Joannes

1951 2436 2274 2504 cognomine
2300 2435 2750 2507 Chrysostomus;
2795 2441 2986 2495 dolore
3006 2457 3130 2495 cum
3159 2451 3527 2509 premeretur,

1954 2543 2065 2579 rem
2129 2530 2406 2595 eXL-Ogitat
2480 2530 2731 2597 pluribus
2789 2532 3122 2585 ridendam:
3170 2533 3529 2600 semetipsum

1954 2633 2147 2685 nempe
2171 2635 2267 2686 pro
2292 2621 2547 2674 omnibus
2608 2623 2846 2682 trudere,
2903 2623 2965 2675 ad
3008 2621 3256 2701 .Gainam
3321 2625 3528 2691 venire.

1955 2722 2208 2773 asperum
2247 2709 2369 2776 ejus
2422 2711 2665 2764 animum
2717 2711 2958 2776 ﬂeetere,
2999 2713 3315 2784 fororisque
3353 2717 3530 2784 ignem

1952 2796 2372 2866 insnperabilem
2404 2817 2624 2854 suorum
2649 2818 2962 2856 sermonum
3003 2821 3124 2858 rore
3151 2808 3528 2876 exstinguere;

1951 2903 2013 2942 ca
2040 2894 2443 2960 excogitaverat
2477 2894 2966 2964 archiepiscOpus;
3010 2896 3262 2951 ridebant
3324 2909 3530 2962 autem,

1955 2992 2009 3034 nt
2043 2982 2179 3044 dixi,
2215 3000 2336 3036 eum
2395 2986 2616 3054 plurimi
2655 3003 2667 3038 :
2701 2987 2825 3054 quis
2876 2988 3022 3040 enim
3055 3004 3276 3056 Sperare
3321 3000 3532 3058 poterat

3259 3089 3532 3152 tantoque

1954 3166 2320 3220 multitudinis
2351 3167 2721 3222 incursionem
2753 3185 2780 3221 a
2815 3170 2931 3222 viro
2957 3171 3104 3223 nudo
3141 3187 3239 3226 nec
3262 3173 3407 3226 aliud
3441 3190 3531 3228 sc-

1951 3271 2073 3309 cum
2096 3265 2343 3324 portante
2365 3273 2528 3325 quam
2550 3272 2865 3310 sermonum
2890 3274 3117 3312 suorum
3135 3260 3531 3327 eloquentiam?

1958 3345 2142 3402 Virum
2179 3357 2358 3402 tamen
2414 3349 2548 3412 adit,
2581 3364 2678 3402 nec
2709 3349 2856 3402 aliud
2890 3359 3067 3411 curat,
3127 3351 3231 3401 nisi
3296 3359 3353 3402 ut
3403 3365 3526 3404 eum

1952 3447 2159 3492 tantum
2184 3439 2602 3508 complectatur,
2637 3439 2710 3492 ita
2771 3440 2990 3493 locutus
3020 3456 3033 3493 :
3066 3439 3371 3494 Contentus
3429 3441 3526 3500 sis.

1956 3531 2141 3595 homo,
2185 3531 2344 3585 malis
2399 3548 2574 3600 usque
2613 3533 2778 3586 modo
2829 3533 3081 3600 patratis,
3121 3547 3272 3587 cessa
3329 3517 3528 3586 terram

1956 3623 2193 3677 humano
2213 3625 2480 3692 sanguine
2502 3637 2711 3694 potare,
2730 3624 2965 3692 recogita
2994 3632 3115 3690 post
3138 3623 3297 3676 breve
3317 3633 3529 3692 tempus

1955 3725 2008 3771 te
2043 3717 2095 3770 in
2136 3716 2256 3784 ejus
2291 3717 2470 3770 sinum
2533 3731 2655 3770 esse
2697 3718 3104 3787 recondendum
3138 3731 3154 3782 ;
3197 3718 3377 3786 populi
3419 3718 3532 3771 dux

1955 3809 2284 3861 eonstitutus
2307 3823 2384 3868 es,
2423 3822 2528 3860 non
2570 3816 2628 3860 ut
2653 3807 2718 3861 ad
2753 3808 3047 3861 homicidia
3077 3825 3200 3862 eum
3237 3815 3527 3879 perducas,

1956 3899 2046 3951 sed
2075 3900 2191 3966 ejus
2218 3897 2380 3951 saluti
2423 3901 2738 3953 consuleres
2764 3916 2778 3963 ;
2803 3899 2931 3967 quid
2958 3899 3022 3952 ad
3057 3900 3288 3953 alienant
3327 3909 3528 3954 terram

1955 3987 2194 4040 venisti?
2228 3987 2394 4040 Terra
2421 4004 2450 4041 a
2495 3989 2601 4042 Deo
2635 3990 2728 4042 tibi
2759 3991 2882 4042 data
2916 3989 2990 4043 sis
3036 4000 3367 4059 contentus;
3399 3991 3530 4060 quid

1955 4080 2023 4133 iis
2057 4080 2240 4147 augeri
2273 4082 2429 4147 cupis
2459 4096 2595 4148 quas
2654 4097 2845 4134 secure
2871 4082 3056 4136 forsan
3131 4099 3236 4136 non
3280 4084 3530 4138 tenebis?

1958 4173 2139 4238 linque
2165 4170 2466 4224 Romanam
2505 4172 2965 4242 regionem.jus!a
2993 4173 3265 4226 animatus
3300 4174 3530 4228 benem-

1955 4263 2142 4326 lcntia,
2182 4271 2234 4315 et
2278 4263 2344 4316 ad
2381 4263 2596 4330 propria
2634 4271 2922 4316 revertere.
2955 4264 3098 4318 V'idit
3156 4268 3532 4332 archiepism-

1958 4369 2084 4423 pum
2122 4337 2317 4415 Gaina,
2375 4351 2494 4420 ejus
2546 4366 2826 4405 sermones
2887 4353 3112 4415 audivit,
3141 4354 3249 4403 cito
3297 4351 3533 4405 ﬂectitur

255 4427 502 4521 τόπους,
530 4427 631 4526 τῆς
668 4457 829 4520 ἀξίας
866 4427 1541 4524 τυχὼνήφιλοφρονήσεως,
1575 4427 1690 4504 καὶὴ
1712 4451 1848 4520 πρδς

1963 4449 2193 4498 ferocem
2239 4455 2292 4497 et
2327 4445 2684 4496 inhumanum
2713 4459 2934 4497 sensum
2964 4443 3204 4511 deponit,
3238 4443 3528 4495 humanum

255 4554 338 4607 τὰ
398 4553 540 4604 οἶκοι
580 4549 870 4603 ὲπάνελθε.
925 4543 1045 4600 Eia:
1106 4547 1199 4599 τὸν
1251 4544 1516 4614 ἀρχιερέα
1552 4546 1578 4596 ὁ
1629 4543 1846 4605 Γαῖνᾶς,

259 4647 483 4715 ἢκουσε
517 4643 627 4694 τῶν
670 4640 842 4693 αὑτοῦ
903 4639 1098 4706 λόγων,
1129 4639 1223 4690 καὶ
1252 4637 1456 4688 αὐτίκα
1497 4635 1851 4696 δυσωπεῖται,

265 4741 369 4789 καί
413 4733 737 4786 καταλείπει
771 4734 869 4800 μὲν
899 4731 963 4783 τὸ
1003 4729 1196 4799 ἄγριον
1220 4728 1315 4780 καί
1347 4724 1739 4794 ἀπάνθρωπον,
1772 4721 1857 4789 γί-

268 4845 437 4880 νεται
479 4827 539 4878 δὲ
595 4826 694 4893 τῆς
745 4821 1096 4891 ἀνθρωπίνης
1146 4819 1504 4889 ἡμερότητος,
1556 4815 1718 4867 παύει
1756 4815 1857 4874 τὰς

263 4920 384 4970 τῶν
431 4918 684 4985 αἱμάτων
743 4915 932 4983 χύσεις
978 4913 1090 4974 τοῖς
1138 4907 1473 4978 προλαϐοῦσι
1527 4908 1720 4966 κακοῖς
1760 4904 1858 4974 ἀρ-

1960 4535 2435 4590 tnansuctudinem
2462 4533 2654 4595 induit,
2678 4535 2960 4604 sanguinis
2983 4533 3299 4587 cﬂ'usionem
3317 4550 3532 4588 cessare

1957 4626 2102 4689 iacit,
2143 4626 2429 4694 praeteritis
2486 4624 2644 4676 malis
2680 4637 2989 4698 contentus,
3031 4640 3094 4678 ac
3127 4641 3222 4692 pro
3254 4640 3382 4692 pace
3405 4641 3528 4679 cum

1956 4721 2284 4789 imperatore
2303 4717 2573 4778 convenit,
2611 4716 3004 4785 archiepiscopi
3033 4720 3194 4782 pedes
3226 4719 3530 4785 amplexus,

1960 4823 2064 4864 tam
2097 4810 2395 4864 benevolus
2422 4806 2599 4862 factus
2639 4823 2802 4877 quam
2851 4822 2949 4876 par
2979 4816 3120 4870 erat,
3142 4816 3194 4859 et
3220 4809 3283 4860 ad
3311 4810 3532 4877 propria

1962 4891 2290 4956 universus;

265 5012 522 5072 πιεσθεὶς,
573 5011 666 5062 καὶ
707 5007 1000 5075 συμϐαίνει
1041 5003 1179 5074 πρὸς
1226 5003 1453 5072 εἰρήνην
1501 4999 1578 5069 τῷ
1634 4999 1861 5062 βασιλεῖ,
1903 4997 2203 5066 λαόόμενος
2261 4994 2361 5074 μὶν
2414 4992 2522 5047 τῶν
2561 4992 2739 5047 ποδῶν
2772 4990 2866 5045 τοῦ
2906 4993 3230 5065 ἀρχιερέως,
3272 4993 3530 5061 φιλοφρο-

253 5108 461 5170 νηθεὶς
490 5105 548 5158 ει
596 5105 720 5160 ὅσον
757 5098 826 5175 ἦν
856 5101 1028 5166 ἀξιον,
1069 5098 1322 5169 καὶπρὸς
1349 5097 1419 5150 τὰ
1455 5099 1633 5150 οἰκεῖα
1661 5094 2116 5166 ὲπαναστραφείς.
2177 5178 2184 5184 1

341 5284 484 5343 Οἶδα
509 5290 594 5341 ὅτι
621 5289 915 5357 γινώσκεις
939 5289 1250 5355 sai-tamet
1277 5289 1556 5359 λυποῦμαι
1586 5290 1668 5342 ὄτι
1702 5287 1837 5357 πρὸς

249 5380 571 5448 ἄνθρωπον
602 5381 802 5444 εἰδότα,
834 5383 932 5435 καὶ
977 5381 1215 5450 δύναμιν
1255 5381 1446 5446 ἔχοντα
1491 5382 1762 5434 διδάσκειν
1791 5382 1853 5432 τὸ

252 5472 449 5523 καλὸν
475 5470 722 5539 ἑτέρους,
765 5471 942 5524 ταῦτα
995 5471 1330 5539 φθέγγομαι.
1367 5469 1513 5538 Πλὴν
1553 5469 1853 5535 ἀναγκαῖον

252 5559 578 5629 ἡγησάμην
601 5561 662 5611 τὺ
699 5562 958 5629 γράφειν,
1009 5560 1098 5612 ἴνα
1149 5562 1242 5612 καὶ
1279 5560 1371 5626 ἀφ’
1402 5553 1466 5629 ἦς
1503 5559 1754 5623 γνώσεως
1786 5557 1850 5611 σὺ

247 5650 487 5717 φέρεις.
518 5652 613 5700 καί
642 5651 733 5717 ἀφ’
761 5644 838 5701 ὧν
871 5651 1032 5719 ἡμεῖς
1062 5650 1314 5720 λέγομεν,
1345 5651 1506 5712 αὐτὸς
1527 5651 1665 5703 κατὰ
1688 5666 1852 5702 σεσυ-

244 5741 362 5793 ιεὲιν
390 5743 709 5809 γενόμενος,
733 5743 826 5795 καὶ
855 5743 942 5795 τὸν
971 5743 1170 5796 ιἀῖνίν
1203 5745 1410 5797 ἐκεῖνον
1437 5745 1579 5796 κατὰ
1611 5743 1852 5799 διάνοιαν

2012 5279 2140 5338 Scio
2173 5296 2204 5337 a
2235 5281 2414 5337 te-ista
2440 5280 2615 5342 nosci,
2645 5286 2698 5333 et
2745 5276 2952 5349 afﬂigar
2976 5290 3042 5330 eo
3073 5275 3216 5344 quod
3245 5273 3309 5326 ad
3347 5272 3520 5330 virum

1959 5377 2221 5431 scientem
2255 5385 2311 5430 et
2340 5391 2465 5430 eum
2495 5374 2586 5444 qui
2614 5373 2788 5443 possit
2823 5375 3022 5426 bonum
3055 5367 3530 5429 alios.docere.ita

1960 5468 2105 5538 loqui
2146 5469 2406 5531 debeam;
2461 5477 2831 5522 necessarium
2880 5475 3059 5517 tamen
3091 5459 3220 5513 duxi
3267 5459 3530 5527 scribere,

1958 5575 2068 5629 quo
2098 5561 2315 5629 propria
2347 5570 2435 5614 tua
2450 5559 2677 5614 scientia
2695 5567 2748 5611 et
2783 5554 2985 5610 nostris
3017 5551 3175 5609 dictis
3193 5551 3260 5606 ad
3285 5561 3333 5605 te
3355 5551 3530 5620 ipsmn

1959 5653 2171 5717 redeas,
2204 5651 2544 5722 Gainamque
2572 5651 2722 5705 illum
2757 5656 2882 5700 ante
2907 5644 3099 5700 oculos
3130 5645 3227 5698 tibi
3258 5645 3372 5711 ipse
3403 5646 3535 5698 sub-

1955 5743 2148 5814 jicicns
2172 5745 2356 5800 videas
2382 5756 2560 5800 utrum
2585 5750 2729 5795 tuam
2755 5738 3047 5810 gloriosam
3071 5738 3328 5794 virtutem
3347 5733 3533 5788 deceat
