3996 6208
473 232 577 301 135

1591 233 1902 299 NICULAI
1938 236 2054 295 (ΣΡ.
2093 228 2602 296 PATRIARCILE

3603 225 3707 297 l36

471 352 783 408 inferiorem
823 362 874 408 te
924 349 1213 424 prasbere;
1256 353 1398 425 apud
1430 353 1580 407 illum
1635 353 1904 423 siquidem
1936 366 2038 404 tton

2145 334 2681 421 παραστησάμενος,
2706 349 2969 423 ὲννοίγσῃς
3001 348 3050 401 εί
3082 348 3291 418 πρέπον
3333 349 3402 418 τῇ
3441 350 3507 420 σῇ
3539 368 3713 420 μεγα-

473 447 572 500 fuit
602 460 739 514 opus
769 446 1008 500 secunda
1050 446 1341 517 legatione,
1396 446 1488 500 sed
1527 445 1711 499 statim
1746 442 2043 512 alloquenti

477 537 890 605 archiepiscopo
919 537 1212 591 obsecutus
1241 544 1342 599 est,
1374 550 1526 588 arma
1554 535 1801 604 projecit,
1839 532 2042 586 bellum

469 622 674 686 omisit,
708 638 812 674 non
844 632 1040 690 putans
1077 623 1322 690 seipsunt
1368 622 1562 675 decere
1616 623 1709 676 ira:
1763 622 2045 690 indulgere

471 724 564 767 aut
602 714 792 767 bellum
829 713 999 766 instar
1032 713 1250 783 proprio
1280 713 1453 781 abripi
1489 714 1712 783 impetu,
1745 716 1836 767 sed
1868 714 2043 783 potius

472 803 837 875 perniciosum
865 804 1139 867 ardorem,
1177 804 1334 873 quasi
1393 804 1588 870 freno,
1646 804 2042 873 archiepiscopi

472 898 813 952 sermonibus
840 898 1203 967 compressit;
1264 913 1365 952 nos
1400 913 1529 952 vero
1589 910 1640 953 te
1676 888 1915 960 adituri,
1966 905 2045 951 tot

398 982 405 987 ’
466 987 578 1055 jam
616 988 864 1056 precibus
894 972 1215 1057 praemissis,
1242 989 1705 1043 denuntiationem
1729 988 2041 1057 accepimus

473 1092 578 1131 non
614 1078 848 1146 amplius
880 1078 1172 1147 quidquam
1207 1077 1501 1147 adepturos
1532 1087 1824 1147 praesentes
1880 1092 2040 1145 quam

472 1186 593 1223 cum
653 1185 682 1222 e
716 1170 1011 1239 longinquo
1063 1184 1412 1239 precaremur
1444 1187 1458 1223 :
1494 1170 1619 1238 quid
1652 1169 1812 1230 dicis.
1842 1169 1914 1222 lili
1968 1170 2040 1223 mi

471 1263 914 1324 honoratissime,
952 1264 1233 1318 hominum
1268 1263 1628 1318 acutissime?
1661 1262 1761 1328 Qui
1792 1262 2040 1334 gloriam,

475 1364 644 1421 utque
686 1356 941 1418 maxime,
970 1356 1200 1423 appetis,
1245 1354 1459 1409 feresne
1514 1370 1543 1408 a
1578 1355 1750 1409 Gaina
1793 1352 2044 1406 modera-

475 1444 617 1497 tione
642 1456 693 1497 et
724 1448 1139 1499 mansuetudine
1188 1446 1482 1515 superari?
1534 1447 1829 1515 patierisne
1866 1459 1931 1498 eo
1960 1444 2045 1496 ina

474 1536 729 1590 feriorem
756 1551 877 1591 esse
903 1538 1199 1591 convinci?
1227 1536 1337 1607 Ego
1365 1553 1463 1607 pro
1498 1548 1548 1591 te
1584 1538 1847 1590 erubesco
1881 1544 2042 1603 atque

471 1629 810 1693 confundor;
842 1645 1021 1683 nonne
1052 1632 1277 1699 insuper
1310 1628 1585 1681 hominum
1619 1626 2040 1696 vituperationes

2145 439 2346 509 λοδόξῳ
2380 441 2555 509 αρετῇ
2596 439 2807 492 ἐκείνου
2838 440 3070 508 ὀφθῆναι
3106 438 3429 506 λειπόμενον
3447 440 3504 491 ἑν
3537 442 3714 514 ταύτῃ

2143 536 2209 602 τῇ
2237 532 2515 585 ὑποθέσει.
2560 531 2621 585 '0
2692 532 2791 602 μὲν
2846 531 2954 601 γὰρ
3010 531 3113 583 οὐκ
3160 528 3361 601 ἐδεήθη
3415 530 3712 601 πρεσϐείας

2142 624 2425 694 δευτέρας,
2456 622 2571 676 ἀλλ’
2603 622 2750 688 ἅπαξ
2785 622 2946 692 μόνον
2984 619 3339 687 προσελθόντι
3380 622 3607 693 ἐπείσθη
3636 623 3715 692 τῷ

2144 716 2413 784 ἀρχιερεῖ,
2470 717 2567 768 καὶ
2623 714 2694 766 τὰ
2747 712 2887 767 ὅπλα
2914 712 3121 782 ῥίπτει,
3150 713 3402 774 καὶτοὺς
3445 712 3716 782 πολέμους

2143 806 2332 869 παύει,
2365 806 2465 875 οὐχ
2489 806 2841 881 ἡγησάμενος
2880 806 3091 875 πρέπον
3113 803 3262 875 αὐτῷ
3285 805 3606 876 χαρίζεσθαι
3637 806 3716 874 τῷ

2154 898 2330 966 θυμῷ.
2388 886 2517 949 οὑδί
2555 896 2744 966 ὥσπερ
2798 896 2989 968 θηρίον
3037 896 3201 963 μόνον
3256 895 3579 965 ἀντέχεσθαι
3615 896 3718 963 τῆς

2146 989 2281 1052 ἰδίας
2307 989 2508 1058 ὁρμῆς,
2552 987 2689 1041 ἀλλὰ
2735 986 2937 1056 μᾶλλον
2974 988 3206 1057 ἐπέσχεν
3236 986 3414 1038 ὲκείνο
3440 986 3498 1038 τὸ
3540 985 3720 1055 ψυχώο

2142 1083 2337 1153 λεθρον
2360 1085 2587 1153 ὅρμημα
2622 1078 2734 1136 οἷόν
2769 1101 2874 1136 τινι
2915 1083 3119 1153 χαλινῷ
3154 1082 3267 1146 τοῖς
3298 1084 3594 1153 εἰρηνικοῖς
3619 1080 3716 1134 τοῦ

2142 1175 2445 1242 ἀρχιερέως
2481 1173 2686 1242 λόγοις·
2764 1175 2927 1244 ἡμεῖς
2964 1166 3021 1227 δὲ
3053 1173 3455 1240 παραγενέσθαι
3484 1172 3621 1240 πρὸς
3655 1174 3716 1224 σε

2148 1263 2435 1330 μέλλοντες
2496 1265 2637 1331 μετὰ
2696 1264 2967 1326 τοσαύτας
3036 1262 3411 1331 προλαϐοῦσας
3471 1262 3716 1332 δεήσεις,

2141 1356 2418 1422 ἀπόφασιν
2470 1348 2769 1422 ἐδεξάμεθα
2829 1354 2995 1423 μηδὲν
3029 1354 3188 1405 πλέον
3223 1350 3365 1417 ἕξειν
3406 1352 3715 1422 παραγενό-

2149 1465 2330 1518 μενοι,
2368 1466 2442 1502 ων
2493 1449 2588 1501 καὶ
2623 1449 2855 1509 ἀπόντες
2889 1444 3156 1515 ὤφθημεν
3187 1438 3489 1514 δεηθέντες.
3527 1443 3591 1494 Τί
3626 1443 3714 1493 λέ-

2142 1557 2284 1608 γεις,
2317 1540 2401 1592 υἱέ
2450 1557 2550 1609 μου
2600 1539 2955 1609 τετιμημένε,
3001 1534 3340 1591 συνετώτατε
3372 1534 3711 1604 ἀνθρώπωνς

2151 1630 2212 1685 '0
2240 1632 2400 1701 δόξης
2432 1632 2589 1702 εἴπερ
2613 1647 2699 1693 τις
2726 1630 2885 1691 ἄλλος
2909 1628 3095 1698 ἔφεσιν
3122 1626 3480 1695 κεκτημένος,
3506 1626 3716 1695 ὑπομά-

471 1724 761 1790 recogitas,
782 1722 1001 1790 quando
1035 1731 1124 1774 tua
1158 1719 1412 1788 maiestas
1442 1722 1493 1772 in
1515 1718 1783 1785 judicium
1808 1716 2035 1780 venerit,

2147 1742 2258 1786 νεις
2290 1723 2557 1794 ἡττᾶσθαι
2583 1724 2680 1793 τῆς
2702 1722 2796 1775 τοῦ
2845 1722 3014 1774 Γαῐνᾶ
3051 1720 3355 1780 ἐπιεικείας
3383 1716 3478 1769 καὶ
3510 1717 3714 1787 ἡμερό-

468 1811 581 1866 sive
623 1812 674 1864 in
710 1813 816 1865 vita
854 1824 965 1877 tua,
1023 1813 1137 1865 sive
1189 1822 1310 1881 post
1345 1820 1573 1866 mortem
1609 1810 1751 1879 apud
1793 1825 1890 1863 eos
1938 1808 2031 1877 qui

469 1905 730 1959 historias
789 1902 1082 1958 noverint?
1127 1902 1263 1969 Quis
1307 1903 1452 1958 enim
1514 1902 1882 1969 Romanorum
1942 1906 2036 1952 aut

469 1994 825 2066 Bulgarorum
851 1996 1186 2066 temporibus
1208 1995 1473 2059 venturis,
1499 1994 1744 2057 audiens,
1764 1992 2036 2048 scandulis

471 2090 613 2143 inter
649 2087 921 2144 Rmriauos
945 2098 1000 2143 et
1030 2088 1317 2158 Bulgaros,
1350 2087 1823 2157 archiepiscopum
1856 2085 2037 2140 senio-

470 2193 582 2232 rem
609 2180 865 2234 statuisse
884 2180 1204 2248 legationem
1230 2180 1526 2248 suscipere,
1554 2178 1621 2231 ad
1648 2175 2033 2245 imponendum

468 2271 610 2326 bello
639 2272 822 2337 linem,
852 2282 1136 2342 utramque
1164 2279 1374 2341 gentem
1406 2271 1471 2324 ad
1503 2269 1787 2339 pristinam
1847 2282 2035 2337 pacem

468 2366 852 2429 revocandam,
884 2363 1244 2435 Bulgarorum
1276 2362 1718 2416 vero‘dontinum
1784 2376 1896 2414 non
1952 2359 2037 2413 di-

468 2469 688 2527 gnatum
723 2473 846 2512 esse
877 2457 1202 2526 legationem
1231 2456 1493 2524 recipere,
1527 2454 1651 2523 quis
1667 2453 1896 2507 audiens
1926 2460 2034 2504 non

470 2559 521 2604 te
550 2548 848 2611 accusabit,
871 2549 997 2617 quis
1026 2562 1132 2600 non
1169 2546 1313 2600 dicet
1342 2560 1462 2614 quae
1490 2561 1590 2614 ego
1624 2561 1729 2599 non
1756 2540 2038 2598 dicerem?

469 2640 546 2694 Ne
570 2640 848 2709 permittat
880 2637 1055 2703 Deus;
1090 2638 1166 2692 illi
1200 2647 1381 2691 autem
1418 2637 1507 2690 illa
1532 2644 1581 2690 et
1619 2635 1772 2705 plura
1795 2636 2041 2690 dicerent

471 2733 620 2785 finito
646 2733 838 2785 timore
870 2732 933 2783 de
966 2739 1015 2784 te
1044 2730 1296 2797 loquendi
1319 2744 1429 2796 quo
1461 2729 1695 2796 quisque
1728 2710 1887 2781 modo
1914 2743 2040 2782 sen-

471 2823 595 2886 ιὶ.ιι;
629 2823 845 2889 quando
874 2819 1092 2887 quidem
1122 2829 1176 2872 et
1206 2818 1385 2882 hodie,
1416 2834 1521 2872 non
1548 2834 1738 2872 omnes
1767 2819 1908 2881 dico,
1941 2820 2037 2873 sed

472 2913 647 2976 multi,
692 2922 749 2964 ut
796 2911 896 2978 ipsi
936 2910 1264 2973 audivimus,
1303 2910 1370 2964 de
1427 2920 1520 2964 tuo
1577 2910 1798 2979 populo,
1849 2911 1915 2965 de
1946 2921 2039 2965 tuo

468 3019 686 3073 genere,
712 3012 1030 3071 perpetuum
1065 3002 1263 3055 bellum
1284 3006 1588 3072 vituperant
1612 3003 1750 3056 etde
1778 3002 2035 3057 omnibus

470 3111 591 3162 quae
625 3096 763 3149 facta
787 3106 913 3149 sunt
948 3094 1326 3165 ingemisrant.

2134 1833 2297 1885 τητος
2321 1831 2338 1880 ;
2371 1816 2548 1878 Ὄλως
2573 1814 2742 1886 ἀνέχῃ
2762 1812 3014 1881 δεύτερος
3044 1812 3251 1864 ἐκείνου
3272 1809 3710 1878 ἀπελέγχεσθαις

2148 1911 2291 1979 Ἐγὼ
2338 1912 2461 1966 ἀντὶ
2517 1910 2612 1963 σοῦ
2642 1911 2880 1981 ἐρυθριῶ
2923 1907 3020 1961 καὶ
3053 1905 3401 1975 αἰσχύνομαι.
3444 1899 3576 1955 Εἶτα
3610 1902 3712 1955 οὐκ

2137 2005 2344 2076 ἔνθυμῇ
2382 2004 2484 2068 τὰς
2545 2005 2610 2056 ἑκ
2639 2003 2750 2056 τῶν
2806 1999 3109 2073 ἀνθρώπων
3162 1999 3420 2068 μέμψεις,
3467 1996 3595 2048 ὅταν
3631 1996 3712 2057 είς

2140 2096 2430 2166 σύγκρισιν
2468 2095 2502 2164 ἡ
2534 2094 2600 2166 σὴ
2622 2094 2870 2164 τιμιότης
2912 2093 3021 2145 εἶτε
3051 2091 3127 2161 τῷ
3160 2091 3260 2159 βίῳ
3290 2090 3558 2158 παρόντος
3591 2102 3711 2145 σου,

2138 2187 2247 2240 εἴτε
2276 2188 2369 2240 καὶ
2398 2186 2748 2255 τεθνηκότος,
2783 2183 2936 2252 παρὰ
2965 2182 3073 2236 τῶν
3099 2181 3315 2234 εἰδότων
3346 2181 3439 2241 τὰς
3472 2175 3714 2246 ἱστορίας

2139 2277 2495 2348 προάγησθε;
2525 2277 2621 2339 Τίς
2648 2277 2756 2347 γὰρ
2790 2276 2855 2343 δὴ
2892 2277 3181 2344 Ῥωμαίων
3218 2275 3250 2344 ἢ
3296 2271 3618 2348 Βουλγάρων
3654 2272 3714 2320 έν

2138 2369 2217 2438 τῷ
2256 2368 2553 2437 μετέπειτα
2588 2368 2834 2437 ἐσομένῳ
2890 2384 3089 2436 καιρῳ,
3122 2342 3424 2434 διηγὴοεῖίος
3452 2362 3714 2429 τοιαύτης

2140 2460 2375 2523 ἁκούων,
2404 2460 2506 2524 ὅτι,
2545 2459 2853 2512 σκανδάλων
2876 2459 3078 2527 μεταξὺ
3098 2455 3382 2523 Ῥωμαίων
3416 2454 3507 2505 καὶ
3548 2452 3716 2505 Boui-

2140 2549 2326 2621 γάρων
2380 2551 2713 2617 γεγονότων,
2762 2549 3074 2621 πρεσϐύτης
3124 2542 3417 2617 ἀρχίιερεὺς
3474 2543 3711 2614 ὡρμήθη

2142 2640 2482 2712 πρεσϐευτὴς
2522 2641 2780 2709 γενέσθαι
2816 2643 2895 2705 εἰς
2940 2642 3001 2694 τὸ
3046 2639 3255 2695 παῦσαι
3312 2643 3437 2701 τοὺς
3469 2640 3585 2691 κατ’
3617 2636 3713 2690 ἁλι

2141 2732 2316 2802 λήλων
2371 2732 2666 2802 πολέμους,
2736 2735 3064 2802 συναγαγεῖν
3118 2734 3403 2802 ἀμφότερα
3450 2731 3518 2783 τὰ
3576 2731 3713 2800 γένη

2145 2824 2281 2890 πρὸς
2321 2824 2420 2889 τὴν
2463 2823 2699 2893 ἀρχαίαν
2755 2825 3004 2894 εἰρήνην,
3061 2826 3089 2877 ὀ
3135 2825 3191 2876 δὲ
3233 2823 3342 2877 τῶν
3387 2821 3714 2891 Βουλγάρων

2142 2910 2420 2975 δεσπόζων
2453 2914 2554 2966 οὐκ
2596 2912 2797 2982 ἠξίωσε
2848 2913 3106 2980 δέξασθαι
3152 2914 3251 2982 τὴν
3298 2911 3617 2982 πρεσϐείαν,
3648 2911 3711 2960 οὐ

2145 3003 2515 3073 κατηγορήσει
2549 3006 2643 3058 καὶ
2675 3003 2820 3058 εἴποι
2852 3005 2997 3058 κατὰ
3042 3005 3156 3071 σοῦ,
3192 3005 3292 3057 ὅσα
3327 3002 3438 3070 ἐγὼ
3478 3000 3576 3069 μὲν
3609 2999 3714 3051 οὐκ

2059 3070 2103 3131 C
2138 3095 2202 3148 ἂν
2270 3070 2479 3168 quiqu;
2549 3097 2685 3168 μηδὲ
2738 3099 3086 3169 συγχωρήσαι
3149 3098 3279 3160 Θεός
3322 3111 3337 3127 ⁸
3389 3096 3585 3147 ἐκεῖνοι
3651 3089 3712 3143 δὲ

468 3189 682 3253 πάντως
714 3189 899 3259 ἐροῦσι
930 3192 1025 3243 καὶ
1082 3188 1302 3242 πλείονα
1341 3187 1593 3267 λυθέντος
1620 3182 1713 3242 τοῦ
1738 3188 1904 3257 φόϐου
1946 3186 2038 3240 τοῦ
2076 3187 2255 3257 λέγειν
2293 3191 2526 3245 ἕκαστον
2552 3194 2683 3263 περὶ
2703 3192 2820 3257 σοῦ,
2862 3194 3008 3255 ὅπως
3036 3193 3151 3262 ἔχει
3176 3191 3491 3261 φρονήσεως
3520 3202 3534 3215 ·
3570 3186 3708 3239 ὅπου

467 3300 529 3349 γε
560 3283 653 3334 καὶ
686 3281 801 3345 νῦν,
826 3282 912 3334 ἴνα
944 3283 1019 3352 μὴ
1053 3282 1194 3349 λέγω
1223 3282 1444 3347 πάντες,
1473 3283 1609 3335 ἀλλὰ
1646 3283 1852 3346 πολλοὶ,
1886 3284 1961 3344 ὥς
1992 3299 2056 3350 γε
2096 3285 2389 3354 ἀκούομεν,
2421 3288 2518 3340 τοῦ
2554 3289 2650 3342 σοῦ
2680 3286 2832 3352 λαοῦ,
2869 3287 2963 3340 τοῦ
3004 3287 3099 3341 σοῦ
3149 3287 3364 3355 γένους,
3399 3282 3712 3354 μέμφονται

469 3375 562 3427 τοῦ
600 3375 882 3429 ἀπαύστου
911 3374 1173 3443 πολέμου,
1208 3374 1442 3434 καὶτοῖς
1480 3375 1786 3444 γινομένοις
1820 3377 2282 3440 έπιστενάζουσιν.

542 3530 666 3583 Mihi
704 3530 960 3584 conscius
991 3544 1112 3583 sum
1141 3530 1262 3599 plus
1295 3543 1453 3599 aequo
1483 3528 1712 3597 dixisse;
1739 3531 1868 3599 quid
1907 3546 2036 3586 vero

470 3619 661 3687 agam?
697 3618 849 3672 Licet
905 3620 1183 3688 indignus,
1219 3622 1368 3688 pacis
1411 3621 1699 3685 mediator,
1730 3620 1878 3690 pacis
1916 3638 2035 3675 nia-

470 3714 637 3778 gister
667 3724 698 3762 a
731 3709 840 3763 Deo
877 3725 996 3763 sum
1030 3711 1399 3775 constitutus;
1433 3719 1486 3764 et
1512 3711 1686 3766 donec
1730 3711 2033 3781 reSpirabo,

472 3802 605 3855 mihi
640 3818 866 3857 necesse
891 3813 972 3856 est
998 3803 1115 3857 sine
1165 3803 1573 3858 intermissione
1593 3804 1788 3858 eadem
1840 3805 1985 3871 loqui
2018 3821 2032 3869 ;

471 3894 748 3962 praecipue
800 3902 983 3948 autem
1033 3910 1201 3959 nunc,
1248 3897 1467 3965 quando
1520 3897 1738 3965 quidem
1782 3897 1934 3949 liberi
1986 3898 2038 3951 iu

473 3994 746 4053 parentes,
779 3984 975 4040 fratres
1005 3986 1059 4041 in
1103 3986 1296 4041 fratres
1328 3988 1662 4042 insanientes
1716 4002 1775 4042 se
1811 3989 2038 4042 invicem

473 4083 746 4137 mactant;
773 4076 991 4142 quando
1018 4082 1197 4127 ununt‘
1214 4092 1415 4146 corpus
1430 4076 1633 4131 Christi
1658 4087 1711 4132 et
1733 4078 1825 4131 Dei
1849 4079 2041 4145 nostri,

471 4165 626 4232 quasi
653 4165 845 4235 capitis
874 4182 983 4235 quo
1004 4169 1301 4224 adunatqu
1325 4178 1427 4231 est,
1461 4169 1684 4224 oblitum
1722 4170 1772 4222 in
1804 4173 2041 4236 seipsum

2214 3532 2548 3603 Αἰσθάνομαι
2603 3534 2764 3587 πλέον
2810 3535 2904 3588 τοῦ
2950 3534 3162 3595 δέοντος
3232 3531 3439 3584 εἰπών’
3480 3527 3613 3581 ἀλλὰ
3653 3521 3713 3579 τί

2144 3625 2367 3694 πράξως
2406 3626 2496 3686 Ei;
2524 3627 2703 3692 τοῦτο,
2745 3628 2792 3678 εί
2846 3630 2939 3679 καὶ
2967 3624 3206 3689 ἀνάξιος,
3246 3622 3714 3692 προκεχειρισμαι

2145 3715 2247 3767 ὑπὸ
2271 3715 2407 3768 θεοῦ
2443 3717 2676 3784 μεσίτης
2714 3716 2961 3787 εἰρήνης,
2984 3713 3304 3775 διδασκαλος
3325 3711 3568 3781 εἰρήνης.
3600 3708 3717 3760 Καὶ

2147 3808 2339 3877 μέχρις
2374 3810 2438 3860 ἂν
2472 3811 2503 3876 ἡ
2541 3809 2675 3879 πνοὴ
2729 3810 2971 3878 ὲπαρκῇ,
3025 3806 3199 3860 ταῦτά
3240 3820 3329 3874 μοι
3373 3800 3716 3869 φθέγγεσθαι

2142 3899 2356 3969 ἀνάγκη
2413 3899 2499 3952 διὰ
2547 3901 2771 3962 παντὸς,
2812 3902 2905 3954 καὶ
2934 3898 3169 3969 μάλιστα
3212 3895 3308 3950 νῦν
3345 3894 3510 3947 ὁπότε
3540 3892 3715 3944 τέκνα.

2145 3991 2285 4061 πρὸς
2342 3990 2621 4061 πατέρας,
2684 3990 2905 4059 ἀδελφοὶ
2957 3989 3223 4058 ἀδελφοὺς
3269 3986 3391 4040 κατ’
3460 3984 3715 4053 ἀλλήλων

2141 4080 2473 4148 ἐκμανέντες
2535 4082 2977 4149 ἀποσφάττουσιν
3010 4095 3025 4112 ο
3065 4080 3152 4131 ὅτε
3211 4077 3272 4130 τὸ
3305 4077 3363 4128 ἒν
3403 4075 3558 4144 σῶμα
3610 4071 3713 4125 τοῦ

2140 4169 2377 4239 Χριστοῦ
2408 4170 2505 4223 καὶ
2534 4170 2666 4222 Θεοῦ
2715 4171 2897 4240 ἡμῶν,
2933 4170 3123 4239 ὥσπερ
3153 4168 3253 4236 τῆς
3284 4168 3420 4228 ἰδίας
3454 4166 3716 4219 ἐπιλαθό-

472 4258 725 4328 insurgit,
767 4258 1103 4329 insanosque
1128 4262 1379 4315 imitatur
1409 4262 1501 4329 qui
1534 4279 1633 4316 sua
1670 4264 1912 4316 membra
1942 4266 2034 4316 de-

2143 4276 2302 4329 μενον
2355 4261 2596 4330 κεφαλῆς
2644 4262 2730 4329 ἐφ’
2854 4260 3330 4331 συνηρμολογήθη,
3378 4256 3499 4310 καθ’
3542 4258 3713 4309 ἑαυτὸ

472 4364 699 4416 vorant;
752 4368 855 4416 nar,
896 4354 973 4406 tui
1008 4356 1179 4419 gratia
1214 4355 1412 4407 veteris
1436 4364 1490 4406 et
1518 4355 1641 4408 novi
1673 4355 1834 4409 amici
1860 4355 1963 4408 tnei
1987 4364 2040 4407 et

471 4443 590 4503 filii,
629 4444 843 4497 etiamsi
890 4459 997 4496 non
1060 4445 1472 4512 persuaderem,
1514 4445 1729 4499 etiamsi
1790 4445 2038 4515 abjiciar,

471 4548 780 4585 sermonem
825 4534 1137 4601 protrabam
1176 4551 1188 4586 :
1232 4544 1429 4602 exopto
1465 4545 1516 4589 te
1572 4551 1636 4587 ea
1681 4536 1735 4589 in
1787 4538 2040 4605 praesenti

472 4622 576 4674 vita
620 4638 778 4689 agere
812 4638 932 4692 quae
965 4632 1016 4676 te
1048 4623 1197 4677 otnni
1253 4623 1651 4694 vituperatione
1707 4627 1952 4680 eximant
1987 4637 2042 4681 et

469 4728 592 4768 cum
625 4716 829 4769 sanctis
860 4716 913 4769 in
938 4716 1087 4769 beata
1120 4716 1210 4771 illa
1241 4718 1348 4771 vita
1384 4718 1766 4772 connumerari
1818 4718 2036 4773 faciant.

483 4809 811 4862 Mentionem
846 4810 1052 4864 faciunt
1092 4821 1195 4865 tuae
1242 4811 1434 4865 littera:
1458 4804 1535 4866 de
1570 4813 1992 4866 commutatione
2021 4829 2037 4866 :

470 4915 632 4968 quem
673 4900 848 4953 locum
878 4916 1201 4969 percurrens
1234 4902 1399 4956 nimis
1437 4900 1557 4955 flevi
1583 4902 1726 4970 quod
1758 4902 1826 4955 ita
1856 4903 2040 4956 volue-

474 4992 542 5044 rit
572 4991 823 5046 diabolus
864 5002 922 5046 ut
982 4994 1324 5049 Christianos
1356 5009 1454 5063 pro
1498 4993 1824 5048 Christianis
1856 4992 2040 5047 iecerit

467 5085 793 5139 commutari
830 5104 843 5140 :
885 5086 1046 5165 quasi
1103 5087 1343 5142 hominis
1388 5102 1586 5156 corpus
1645 5102 1837 5151 unum,
1876 5087 1929 5140 in
1981 5100 2040 5139 se

469 5178 647 5248 ipsum
708 5179 1021 5249 insurgens,
1070 5182 1413 5250 propriorum
1477 5180 1846 5234 membrorum
1921 5178 2036 5233 lieri

472 5271 936 5325 commutationen
993 5273 1329 5340 postularet;
1366 5271 1499 5341 quid
1532 5271 1712 5325 dicis?
1767 5271 2038 5339 quomodo

475 5361 759 5419 arbitraris
797 5373 1042 5419 nostrum
1076 5372 1241 5433 caput
1271 5363 1548 5437 Christum
1590 5364 1759 5418 Deum
1792 5372 2035 5416 nostrum

476 5449 542 5501 de
578 5450 662 5502 bis
688 5456 943 5509 omnibus
1000 5454 1184 5507 afﬁci?
1236 5453 1341 5521 Ego
1383 5470 1501 5509 reor
1531 5455 1701 5522 magis
1733 5469 1853 5508 eum
1903 5467 2038 5522 prac-

474 5540 722 5597 scntibus
756 5560 917 5613 quam
949 5560 1114 5602 cruce
1155 5546 1409 5601 cruciari.

2141 4351 2443 4415 στασιάζει,
2512 4351 2605 4402 καλ⁵
2656 4351 2724 4404 τὰ
2777 4350 2888 4403 τῶν
2921 4351 3283 4420 μαινομένων,
3328 4348 3379 4401 οἶ
3423 4349 3488 4401 τὰ
3527 4348 3715 4399 οίκεῖα

2138 4440 2481 4493 κατεσθίουσι
2525 4441 2685 4510 μέλη,
2734 4441 3009 4494 ὲπιτελεϊο
3071 4443 3159 4493 ναὶ
3190 4440 3255 4509 δὴ
3301 4438 3394 4490 σοῦ
3420 4440 3579 4507 χάριν
3609 4437 3714 4489 τοῦ

2139 4531 2368 4584 παλαιοῦ
2409 4533 2502 4583 καὶ
2559 4532 2677 4583 νέου
2726 4532 2879 4601 φίλου
2931 4532 3091 4601 ἡμῶν
3149 4534 3242 4583 καὶ
3293 4528 3433 4592 υἱοῦ,
3488 4527 3592 4579 κᾶν
3633 4529 3715 4595 μὴ

2138 4622 2441 4689 πείθωμεν,
2474 4625 2579 4677 κᾶν
2610 4626 2689 4686 εἰς
2725 4624 2787 4675 τὸ
2825 4623 2989 4691 μηδὲν
3034 4622 3381 4691 ριπτώμεθα,
3417 4619 3508 4671 τὸν
3550 4616 3715 4683 λόγον

2139 4716 2459 4785 ἐκτείνομεν
2481 4734 2496 4751 ο
2530 4717 2589 4771 ὃν
2638 4716 2869 4784 εὔχομαι
2904 4716 2997 4767 καὶ
3028 4714 3169 4767 κατὰ
3195 4714 3286 4766 τὸν
3317 4712 3561 4782 παρόντα
3590 4708 3721 4776 βίον

2139 4805 2326 4859 ἐκεῖνα
2395 4806 2682 4877 πράττειν,
2726 4806 2829 4857 ὅσα
2887 4803 3292 4874 μέλλειπάσης
3326 4800 3614 4868 ἐλεύθερόν
3645 4814 3709 4849 σε

2141 4900 2403 4970 μέμψεως
2456 4898 2876 4969 ἀνακηρύττειν,
2932 4898 3026 4950 καὶ
3072 4897 3130 4948 ὲν
3188 4897 3254 4964 τῇ
3297 4892 3544 4962 μακαρία
3595 4890 3717 4941 τῶν

2140 4993 2311 5060 ἁγίων
2339 4991 2449 5063 ζωῇ
2509 4988 3003 5060 συναριθμηθῆναι.
3055 4988 3247 5054 Ἔλεγε
3291 4985 3348 5036 δὲ
3378 4985 3440 5036 τὸ
3472 4984 3720 5051 γράμμα.

2137 5084 2238 5150 τῆς
2269 5083 2423 5151 ὑμῶν
2453 5081 2769 5151 τιμιότητος
2815 5082 2910 5133 καὶ
2953 5080 3085 5149 περὶ
3120 5078 3400 5146 ἀλλαγίου,
3444 5075 3539 5127 καὶ
3562 5073 3725 5140 διερο

2139 5174 2368 5243 χόμενος
2426 5174 2516 5226 τὸν
2577 5172 2741 5224 τόπον
2769 5172 2863 5224 τοῦ
2900 5174 3233 5242 γράμματος
3274 5168 3552 5229 ὲπιπλέως
3588 5166 3725 5219 ἐδά-

2139 5282 2338 5336 κρυσα,
2394 5267 2474 5319 ὅτι
2536 5263 2791 5318 τοσοῦτον
2816 5266 3034 5336 ἴσχυσεν
3059 5266 3088 5317 ὁ
3123 5263 3370 5327 διάϐολος
3397 5261 3539 5316 ὥστε
3574 5261 3727 5330 Χρι-

2142 5357 2390 5418 στιανοὺς
2471 5356 2698 5425 ποιῆσαι
2786 5356 3128 5428 Χριστιανῶν
3202 5351 3668 5409 ἁνταλλὰττεσθαι
3696 5361 3726 5381 ⁸

2139 5448 2329 5519 ὥσπερ
2359 5451 2407 5500 εἰ
2440 5448 2502 5501 τὸ
2532 5448 2590 5501 ἓν
2631 5448 2794 5519 σῶμα
2820 5449 2915 5501 τοῦ
2946 5448 3237 5520 ἀνθρώπου
3271 5449 3403 5503 αὐτὸ
3433 5446 3557 5500 καθ’
3579 5447 3737 5496 ἑαυ-

2122 5540 2235 5593 ’τοῦ
2289 5541 2647 5611 κεκινημένον
2673 5543 2780 5594 τῶν
2812 5541 3009 5594 ἑαυτοῦ
3042 5542 3219 5613 μελῶν
3252 5540 3501 5610 ἐπιζητεῖ
3542 5533 3738 5589 ποιεῖς
