3996 6208
348 246 440 313 131
1018 220 1019 227 Ν
1762 259 1911 319 seu

2018 257 2168 319 lLﬂi.

3473 248 3575 311 138

342 385 457 440 σθαι
488 383 835 455 ἀνταλλαγήν
867 403 880 416 ·
939 386 991 440 τί
1035 385 1257 455 λέγειςς
1330 389 1448 449 πῶς
1517 388 1757 458 νομίζεις
1807 387 1908 458 τὴν
1949 388 2191 457 κεφαλὴν
2218 386 2376 456 ἡμῶν
2436 387 2526 439 τὸν
2549 384 2786 456 Χριστὸν
2819 385 2911 437 καὶ
2956 383 3090 436 Θεὸν
3149 384 3309 453 ἡμῶν
3339 378 3574 435 £11110!)-

341 497 443 542 ςοις
474 479 652 548 ἑχεινς
698 478 841 547 Ἐγὼ
871 480 1077 550 νομίζω
1130 479 1295 533 πλέον
1331 481 1423 535 ἐπὶ
1478 479 1571 533 τοῦ
1608 480 1877 548 παρόντος
1917 478 2188 546 ﬁsi-9.106
2225 478 2460 548 σταυροῦ
2492 478 2786 548 ὑπομένειν
2824 475 2922 539 τὰς
2951 474 3167 538 ὀδύνας.

402 655 549 724 Πλὴν
580 657 704 708 ἐπεὶ
733 656 958 710 τοιαῦτα
987 657 1197 711 ἐλεεινὰ
1218 659 1310 711 καὶ
1327 659 1558 727 δυστυχῆ
1598 658 1903 727 Ῥωμαίους

2078 658 2343 724 Quoniam
2368 666 2549 712 tamen
2592 667 2698 711 tam
2736 657 3039 711 miseranda
3066 665 3120 710 et
3151 657 3343 711 acerba
3373 657 3571 710 Roma-

334 747 424 799 καὶ
455 747 802 818 Βουλγάρους
831 750 1096 802 κατέλαϐε
1132 753 1452 820 πράγματα,
1492 751 1585 803 καὶ
1618 750 1841 802 τοσοῦτο
1879 751 1908 802 ὁ

335 840 571 907 πονηρος
601 839 869 892 κατέλαϐε
898 841 1119 910 κράτος,
1155 844 1251 894 καὶ
1287 841 1433 894 ἐστιν
1469 842 1643 903 ἄλλως
1678 843 1906 913 εἰρήνης

336 928 729 999 μεσιτευούσης
754 931 985 986 ἕκαστον
1014 932 1321 1003 Βούλγαρον
1347 935 1439 987 καὶ
1471 935 1741 1003 Ῥωμαῖον
1765 933 1908 1002 φιλι-

334 1020 446 1082 κῶς
478 1022 570 1073 καὶ
600 1022 1032 1092 ὁδελφοπρεπῶς
1072 1027 1151 1085 είς
1178 1024 1246 1077 τὰ
1282 1026 1456 1077 οἰκεῖα
1485 1025 1822 1084 ἐπανελθεῖν,
1858 1026 1906 1076 εί

332 1111 426 1166 οὖν
473 1113 699 1167 τοσοῦτο
750 1114 939 1187 ὥσπερ
976 1112 1133 1170 εἶπον
1185 1120 1458 1188 ἐκράτησε
1492 1117 1553 1170 τὸ
1596 1118 1767 1170 κακον
1812 1119 1905 1170 καὶ

333 1204 618 1273 ἀμήχανον
660 1206 748 1257 διὰ
789 1207 891 1276 τῆς
949 1208 1108 1277 φίλης
1166 1208 1263 1261 καὶ
1300 1209 1645 1276 γλυκυτάτης
1684 1210 1906 1279 εἰρήνης

334 1296 550 1359 πάντας
580 1298 737 1360 ὅσους
764 1299 798 1366 ἠ
837 1300 931 1351 τοῦ
981 1301 1222 1371 πονηροῦ
1272 1302 1507 1371 ἐπήρεια
1540 1302 1649 1353 τῶν
1688 1301 1906 1353 οἰκείων

330 1389 555 1457 ἐποίησε
584 1391 940 1454 ἀναστάτους,
969 1393 1157 1455 ἁπλῶς
1190 1392 1333 1444 οὕτω
1364 1393 1456 1445 καὶ
1478 1393 1740 1462 ἁδελφικῇ
1768 1392 1906 1444 ἀπο-

328 1479 505 1531 λύσει.
562 1480 699 1549 πρὸς
739 1482 807 1533 τὰ
869 1483 1051 1535 οἰκεῖα
1093 1482 1258 1535 πάλιν
1284 1482 1704 1553 ὲπανατρέχειν.
1743 1481 1904 1533 Ἀλλὰ

324 1570 590 1641 τοιαύτης
643 1572 823 1625 δεῖσθε
879 1574 1249 1642 ἁνταλλαγῆς,
1290 1576 1355 1646 ἢν
1392 1576 1426 1645 ὴ
1461 1574 1571 1625 τῶν
1625 1572 1906 1642 πολεμίων

324 1663 619 1715 ἐπίσταται
647 1663 827 1732 ψῆφος
850 1682 864 1695 ν
894 1666 1214 1735 φρίττοντες
1250 1667 1349 1737 μὲν
1387 1668 1480 1719 καὶ
1511 1667 1665 1729 Θεὸν,
1725 1666 1905 1720 αἰδού-

326 1768 482 1817 μενοι
513 1754 572 1806 δὶ
601 1756 696 1807 καὶ
724 1756 850 1819 τοὺς
884 1758 1179 1826 μετέπειτα
1223 1759 1515 1828 ἐσομένους
1555 1759 1902 1828 ἀνθρώπους,

323 1846 357 1913 ἠ
431 1846 700 1916 Ρωμαῖκὴ
764 1851 1189 1916 συγκαταϐαίνει
1240 1852 1507 1906 πολιτεία.
1562 1853 1905 1923 Προόήσεται

323 1937 385 1989 δε
427 1938 645 2000 πάντως
676 1938 737 1990 τὸ
772 1940 1016 1993 τοιοῦτον
1045 1942 1322 2011 ἁλλὰγιον,
1373 1944 1562 2012 ὥσπερ
1592 1942 1708 1996 ἔστι
1744 1944 1908 2014 νόμος

2008 766 2109 804 nos
2130 765 2191 804 ac
2225 750 2485 819 Bulgaros
2516 750 2656 803 mala
2683 764 3039 818 occupavere,
3072 748 3330 818 quoniam
3371 757 3575 803 tantum

2008 841 2149 895 valet
2190 841 2392 894 diaboli
2456 840 2719 909 potentia,
2775 854 2876 893 nec
2924 839 3006 893 fas
3062 848 3167 904 est,
3232 838 3337 892 alio
3394 839 3580 905 modo,

2011 932 2253 986 instituta
2295 946 2446 1000 pace,
2494 945 2765 1001 quemque
2808 931 3103 1001 Bulgarum
3149 939 3242 983 aut
3271 930 3577 984 Romanum

2009 1026 2184 1079 amice
2220 1024 2568 1093 fraterneque
2610 1025 2675 1078 ad
2726 1023 2942 1093 propria
2988 1023 3207 1086 reverti,
3265 1024 3308 1077 si
3360 1022 3577 1076 tandem

2010 1128 2241 1183 tantum,
2264 1128 2325 1172 ut
2356 1118 2495 1181 dixi,
2532 1117 2759 1171 invaluit
2791 1117 2996 1169 malum
3023 1125 3077 1170 et
3116 1115 3451 1184 impossibile
3473 1123 3578 1179 est,

2008 1224 2103 1279 per
2140 1211 2370 1263 amicam
2417 1219 2470 1262 et
2505 1208 2885 1262 suavissimam
2940 1221 3151 1275 pacem,
3195 1221 3385 1261 omnes
3409 1221 3579 1276 quos-

2010 1315 2226 1369 cunque
2280 1299 2478 1352 diaboli
2521 1298 2759 1368 nequitia
2815 1297 3067 1352 domibus
3114 1297 3390 1361 excitavit,
3445 1299 3577 1351 sim-

2009 1393 2221 1462 pliciter
2242 1402 2291 1446 et
2338 1391 2575 1446 fraterna
2605 1391 2999 1460 paciﬁcatione,
3035 1391 3100 1444 ad
3132 1406 3228 1445 sua
3257 1390 3453 1454 redire,
3487 1391 3579 1444 sed

2011 1482 2179 1534 talem
2244 1480 2538 1550 postulatis
2597 1478 3077 1534 commutationem
3129 1492 3288 1547 quam
3348 1476 3453 1531 fert
3476 1478 3583 1545 ;lex

2009 1574 2156 1637 belli,
2192 1573 2357 1627 Deum
2386 1571 2605 1642 quidem
2636 1572 2888 1627 timentes
2908 1581 2961 1625 et
2994 1580 3243 1640 posteros
3271 1571 3450 1633 veriti,
3473 1585 3579 1623 non

2011 1666 2192 1719 renuit
2233 1663 2509 1718 Romanus
2533 1664 2864 1733 imperator;
2890 1663 3187 1718 secundum
3222 1672 3401 1716 autem
3428 1677 3582 1717 com-

2010 1756 2374 1809 mutationum
2399 1756 2540 1824 leges
2555 1754 2641 1809 (let
2664 1755 2765 1809 ista
2795 1755 3179 1818 commutatio;
3200 1754 3345 1807 unde
3363 1768 3585 1809 necesse

2010 1850 2114 1904 erit
2144 1849 2409 1919 quosdam
2445 1848 2642 1919 evobis
2668 1848 2774 1901 huc
2811 1848 2993 1901 venire
3016 1856 3069 1901 et
3104 1845 3384 1900 Romanos
3414 1860 3582 1914 quos-

2010 1942 2135 1995 dam
2159 1941 2224 1995 ad
2253 1955 2348 1993 vos
2381 1954 2440 1994 se
2478 1938 2745 1999 conferre,
2781 1946 2840 1991 ut
2880 1952 2986 1991 una
3020 1948 3262 2007 spectato
3294 1951 3404 2007 quo
3423 1936 3584 1990 modo

319 2028 423 2095 τῆς
463 2028 575 2080 τῶν
603 2029 878 2098 ἁλλαγίων
907 2034 1297 2093 καταστάσεως
1323 2049 1336 2064 '
1373 2033 1571 2085 οὐκοῦν
1597 2033 1778 2103 δεήσει
1810 2034 1905 2087 καὶ

2018 2033 2331 2088 commutari
2361 2032 2593 2086 debeant
2625 2032 2719 2100 qui
2753 2040 2883 2085 sunt
2914 2031 3285 2085 commutandi
3323 2030 3387 2083 ad
3443 2031 3580 2099 aequi

322 2120 387 2184 ἐξ
415 2121 573 2191 ὑμῶν
618 2140 768 2185 τινας
812 2123 882 2176 τὰ
938 2126 1174 2178 ἐνταῦθα
1226 2126 1575 2190 καταλαὸεῖν,
1611 2127 1704 2181 καὶ
1742 2126 1905 2179 πάλιν

2018 2141 2253 2180 normam
2287 2136 2340 2179 et
2364 2140 2464 2196 pro
2485 2124 2857 2179 Romanorum
2879 2139 2942 2178 ac
2966 2123 3324 2193 Bulgarorum
3355 2123 3585 2177 utilitate

321 2214 462 2284 πρὸς
518 2215 665 2283 ὑμᾶς
718 2217 1119 2286 παραγενέσθαι
1156 2218 1483 2288 Ῥωμαίους,
1536 2216 1677 2270 ὥστε
1712 2218 1902 2288 κοινῆς

2009 2219 2136 2271 talis
2189 2217 2281 2271 liat
2307 2215 2685 2271 commutatio.

324 2308 635 2377 γενομένης
659 2306 903 2375 σκέψεως
930 2308 1027 2361 τοῦ
1062 2309 1177 2371 πῶς
1240 2308 1321 2360 δεῖ
1373 2309 1781 2379 καταλλαγῆναι
1813 2312 1940 2373 τοὺς
1982 2309 2277 2379 μέλλοντας
2329 2305 2790 2372 ὕπαλλάττεσθαι,
2822 2306 2965 2360 κατὰ
3008 2306 3068 2358 τὺ
3144 2304 3322 2368 καλῶς
3345 2305 3468 2375 ἔχον
3491 2302 3584 2358 καὶ

326 2403 622 2473 συμφέρον
649 2407 744 2456 καὶ
772 2404 1104 2472 Βουλγάροις
1136 2406 1231 2457 καὶ
1265 2404 1558 2475 Ῥωμαίοις
1587 2404 1729 2458 οὕτω
1758 2406 2013 2473 γενέσθαι
2038 2407 2132 2459 καὶ
2147 2406 2209 2459 τδ
2236 2402 2512 2472 ἁλλὰγιον.

889 2586 1019 2640 KA'.
1057 2586 1142 2653 Τῷ
1174 2588 1355 2654 αὐτῷ.

404 2767 676 2832 Πολλάκις
698 2768 1045 2840 ἐγράψαμεν,
1073 2771 1269 2824 τέκνον
1303 2769 1595 2842 ἡμῶν,καὶ
1620 2771 1735 2835 πῶς
1770 2773 1910 2825 είπω

324 2860 419 2914 διὰ
467 2860 571 2925 τὰς
624 2862 901 2934 ἁμαρτίας
965 2863 1143 2933 ἡμῶν,
1196 2864 1296 2917 οὐκ
1336 2863 1557 2932 ἐγένετο
1600 2866 1731 2936 ἡμῖν
1765 2867 1905 2918 ἀπο-

323 2951 533 3005 λαῦσαι
574 2952 676 3023 τῆς
728 2951 1000 3020 ὠφελείας
1031 2951 1140 3005 τῶν
1165 2953 1342 3021 λόγων
1366 2969 1380 2984 ·
1430 2953 1695 3017 πολλάκις
1726 2952 1911 3007 ἐσπεί-

325 3060 514 3113 ραμεν
547 3044 627 3105 είς
659 3042 759 3113 τὴν
787 3043 894 3113 γῆν
921 3044 1023 3113 τῆς
1059 3045 1292 3114 καρδίας
1327 3062 1444 3107 σου,
1483 3045 1566 3097 ult
1598 3062 1701 3115 μου
1734 3045 1914 3099 ποθειο

323 3137 547 3201 νὸτστε,
575 3138 672 3190 καὶ
700 3137 862 3189 πάλιν
892 3137 1040 3207 φημὶ
1071 3137 1159 3190 διὰ
1185 3137 1283 3200 τὰς
1319 3137 1595 3208 ἁμαρτίας
1632 3136 1792 3207 ἡμῶν
1811 3136 1912 3189 οὐκ

325 3230 664 3301 ἱθερίσαμεν
698 3228 791 3290 οὓς
842 3230 1150 3299 ὲποθοῦμεν
1189 3229 1476 3300 καρπούς·
1522 3229 1661 3299 πλὴν
1709 3229 1823 3285 ἀλλ’
1848 3230 1909 3282 οὐ

324 3321 419 3373 διὰ
486 3318 651 3373 τοῦτο
712 3321 975 3389 σιωπήσω
1031 3319 1372 3384 ἀπελπίζων,
1421 3318 1558 3371 ἀλλὰ
1588 3319 1786 3388 γράφω
1816 3318 1911 3371 καὶ

324 3411 433 3479 τῆς
456 3410 830 3480 χρηστοτέρας
856 3410 1073 3472 ἐλπίδος
1114 3411 1433 3479 γενόμενος,
1472 3411 1566 3463 καὶ
1610 3410 1793 3480 φέρων
1820 3411 1913 3463 ἐπὶ

324 3500 455 3571 Θεῴ
476 3500 579 3570 τὴν
617 3499 941 3568 πεποίθησιν
971 3500 1044 3561 ὡς
1091 3499 1461 3569 καρπώσομαί
1504 3517 1555 3552 τι
1604 3500 1710 3553 τῶν
1741 3517 1917 3570 σωτη-

326 3592 469 3659 ρίων
529 3594 628 3643 καὶ
674 3590 989 3661 ὠφελίμων.
1020 3593 1129 3645 Καὶ
1158 3591 1242 3661 εἴη
1286 3592 1314 3645 ὁ
1356 3592 1576 3644 πάντων
1608 3591 1781 3653 αἴτιος
1808 3591 1915 3643 τῶν

324 3684 541 3748 σιαλῶν,
593 3686 693 3755 τὴν
749 3685 939 3736 ἐλπίδα
972 3685 1108 3755 πρὸς
1132 3684 1194 3736 τὸ
1223 3685 1375 3746 τέλος
1412 3684 1583 3751 ἄγων,
1621 3685 1713 3736 καὶ
1742 3683 1916 3747 διδοὺς

328 3779 433 3831 καὶ
483 3780 621 3847 ἡμῖν
678 3778 772 3845 ἀφ’
812 3771 889 3831 ὧν
946 3778 1235 3848 γράφομεν
1285 3776 1659 3845 ὠφεληθῆναι,
1691 3776 1787 3829 καὶ
1837 3774 1916 3845 τῷ

332 3870 701 3940 πνευματικῷ
727 3887 828 3940 μου
855 3870 955 3939 υἱῷ
987 3872 1045 3935 ἐξ
1086 3864 1161 3923 ὧν
1205 3858 1317 3931 τοῖς
1352 3869 1444 3921 τοῦ
1489 3868 1704 3938 Πατρὸς
1732 3869 1917 3936 γράμ-

339 3977 479 4028 μασι
508 3959 858 4028 προσομιλεῖ.
912 3959 1283 4028 Ἐκινήθημεν
1336 3959 1393 4010 δὲ
1429 3963 1565 4027 προς
1592 3960 1653 4010 τὸ
1684 3958 1917 4026 γράφειν

336 4050 415 4120 τῷ
438 4051 515 4121 σῷ
532 4053 825 4121 γράμματι
855 4053 1191 4121 ἐντυχόντες,
1234 4052 1330 4103 καὶ
1352 4052 1516 4113 εὐθὺς
1533 4051 1594 4102 ἐκ
1617 4050 1917 4119 προοιμίων

337 4143 593 4213 εὑρόντες
622 4142 983 4212 ἐπαγγελίαν,
1021 4144 1157 4195 Θεοῦ
1178 4143 1512 4197 ταπείνωσιν
1544 4141 1914 4211 μιμουμένην*

343 4232 401 4299 ἐξ
433 4229 509 4288 ὧν
534 4233 721 4301 ἔλεγες
758 4233 865 4299 ὃτι,
893 4233 1233 4304 μιμούμενος
1263 4233 1416 4298 Θεὸν,
1455 4232 1623 4303 ἄνδρα
1660 4232 1918 4285 ταπεινὸν

342 4325 434 4376 καὶ
462 4323 661 4393 εὐτελῆ
689 4324 791 4376 οὐκ
823 4324 1211 4394 ἀπεστράφης,
1252 4322 1390 4377 ἀλλὰ
1428 4325 1571 4375 κατὰ
1625 4322 1917 4393 πρόσωπον

338 4414 567 4483 ἤγαγες,
620 4413 716 4467 καὶ
763 4414 863 4485 τῆς
897 4415 995 4485 σῆς
1038 4414 1277 4484 ἠξίωσας
1330 4412 1570 4483 ὁμιλίας.
1608 4412 1689 4465 Δι’
1725 4407 1785 4466 οὗ
1823 4410 1917 4465 καὶ

340 4508 400 4559 τὸ
441 4507 686 4578 γράμμα
733 4508 870 4578 πρὸς
931 4512 999 4560 τὰ
1061 4506 1295 4562 ἐνταῦθα
1355 4506 1716 4569 ἐπέστειλας*
1777 4503 1917 4575 αὕτη

338 4597 470 4663 γοῦν
524 4600 558 4667 ή
596 4598 905 4667 ἐπαγγελία
962 4598 1064 4665 τῆς
1124 4596 1512 4660 ταπεινώσεως
1544 4595 1919 4667 προετρέψατο

2599 2587 2689 2640 XX
2704 2586 2740 2640 Ι.
2786 2585 2992 2642 Eidem.

2095 2767 2305 2837 Smpius
2327 2767 2394 2822 ad
2422 2776 2493 2831 te,
2522 2781 2556 2822 ο
2582 2766 2681 2831 fili,
2708 2767 2924 2838 scripsi,
2958 2776 3033 2833 et,
3057 2770 3213 2839 culpa
3242 2785 3362 2827 mea
3382 2772 3584 2837 dicam,

2017 2858 2228 2913 nullum
2274 2858 2405 2911 mihi
2446 2873 2513 2912 ex
2545 2857 2792 2928 epistolis
2824 2858 3061 2914 fructum
3094 2861 3374 2931 percipere
3406 2866 3586 2919 conti-

2015 2950 2125 3020 git;
2156 2948 2443 3019 szepius,o
2475 2948 2546 3002 lili
2575 2950 3056 3017 desideratissime,
3092 2954 3264 3010 misso
3302 2954 3354 3008 in
3384 2963 3583 3012 terram

2017 3040 2201 3095 cordis
2246 3042 2320 3096 tui
2358 3040 2589 3106 semine,
2626 3049 2939 3110 exoptatam
2978 3057 3237 3111 messem,
3276 3061 3393 3101 mea
3430 3048 3587 3120 culpa

2017 3130 2219 3195 dicam,
2279 3144 2622 3200 nequaquam
2673 3132 2900 3202 collegi;
2958 3149 3065 3189 non
3120 3144 3298 3190 tamen
3352 3136 3475 3193 ideo
3521 3153 3589 3193 ex

2016 3222 2394 3292 desperatione
2429 3221 2624 3281 silebo.
2652 3222 2745 3277 sed
2778 3222 2974 3277 iterum
3008 3239 3103 3294 spe
3126 3227 3350 3283 meliore
3383 3228 3587 3296 scribo,

2017 3312 2298 3366 conﬁdens
2343 3327 2429 3367 me
2476 3327 2505 3365 a
2543 3311 2652 3366 Deo
2702 3311 2907 3383 aliquid
2944 3316 3183 3370 salutare
3229 3328 3283 3371 et
3316 3319 3448 3373 utile
3494 3334 3589 3374 as-

2020 3413 2389 3473 sumpturum.
2423 3403 2721 3459 Succurrat
2757 3413 2937 3459 autem
2988 3408 3168 3462 omnis
3192 3409 3324 3464 boni
3356 3410 3587 3479 Auctor,

2019 3510 2170 3563 spem
2196 3497 2260 3549 ad
2283 3496 2442 3551 linem
2473 3497 2703 3563 ducens,
2729 3498 3015 3553 utilitatem
3048 3515 3111 3554 ex
3143 3502 3357 3571 scriptis
3384 3504 3587 3575 ferens,

2020 3588 2153 3642 mihi
2184 3599 2239 3643 et
2284 3589 2553 3659 spirituali
2600 3588 2735 3652 filio,
2771 3590 2837 3643 de
2866 3589 2935 3645 iis
2967 3591 3131 3647 rebus
3175 3608 3309 3663 quas
3345 3597 3588 3666 epistolze

2021 3693 2155 3734 mea;
2206 3690 2442 3748 paternae
2489 3688 2853 3735 contrectant.
2917 3682 3155 3751 Epistola
3200 3696 3292 3740 tua
3342 3702 3462 3742 sum
3519 3692 3585 3743 ad

2021 3771 2367 3825 scribendum
2410 3774 2730 3838 submotus,
2780 3774 2891 3828 cito
2926 3790 2989 3828 ex
3034 3777 3259 3830 exordio
3306 3778 3409 3832 hoc
3446 3797 3588 3834 nun-

2022 3865 2210 3917 tiatum
2253 3865 2580 3934 intelligens,
2628 3874 2678 3920 te
2710 3866 2879 3921 fuisse
2926 3868 3315 3939 indulgentiam
3347 3873 3585 3929 divinam

2021 3951 2329 4017 imitatum;
2386 3956 2581 4022 quippe
2624 3956 2716 4024 qui
2752 3956 2889 4010 dicis
2921 3966 2992 4020 te,
3029 3956 3122 4010 Dei
3177 3960 3243 4012 ad
3291 3964 3585 4032 exemplar,

2019 4043 2196 4095 virum
2226 4043 2487 4097 humilem
2519 4051 2574 4097 et
2615 4060 2841 4113 parvum
2876 4061 2984 4100 non
3018 4049 3304 4117 repulisse,
3340 4052 3433 4106 sed
3461 4069 3585 4109 cum

2022 4134 2117 4189 illo
2150 4149 2337 4189 coram
2387 4136 2630 4191 admisso
2678 4151 2802 4191 esse
2834 4138 2983 4208 loqui
3025 4140 3327 4210 dignatum,
3360 4144 3587 4216 ideoque

2020 4227 2306 4296 epistolam
2348 4226 2414 4281 ad
2470 4242 2556 4281 me
2607 4228 2841 4282 misisse.
2876 4228 2994 4294 Quo
3028 4233 3188 4301 igitur
3240 4234 3589 4307 indulgentiae

2025 4327 2130 4373 tum
2178 4319 2372 4373 nuntio
2421 4318 2487 4373 ad
2546 4318 2896 4374 scribendum
2950 4320 3049 4374 tibi
3090 4337 3390 4379 conversus
3443 4340 3587 4393 sum,

2024 4409 2155 4464 illud
2210 4419 2388 4465 mente
2437 4410 2678 4475 volvens,
2722 4411 2869 4481 quod
2917 4412 3134 4466 animus
3180 4422 3306 4468 tuus
3355 4416 3590 4473 humiles

2024 4501 2381 4572 cogitationes
2409 4517 2655 4567 sumens,
2697 4512 2752 4557 et
2781 4504 2846 4558 ad
2878 4502 2971 4560 Dei
3014 4506 3406 4576 indulgentiam
3440 4511 3591 4578 aspi-

2022 4592 2194 4657 ciens,
2221 4594 2607 4664 quodcumque
2628 4596 2861 4663 graviter
2882 4598 2949 4650 ab
2974 4597 3157 4667 aliquo
3179 4612 3372 4667 passus
3404 4600 3588 4663 fuerit.

341 4690 487 4757 ἡμᾶς
510 4689 771 4757 γράφειν,
800 4690 979 4741 έκεῖνο
1025 4686 1433 4758 ἐνθυμηθέντας
1465 4688 1545 4739 ὅτι
1578 4687 1725 4756 ψυχὴ
1766 4686 1911 4752 ἅπαξ

2020 4687 2279 4749 remittet,
2322 4689 2582 4756 omnique
2635 4688 2933 4743 acerbitate
2984 4699 3037 4743 (-t
3084 4691 3266 4761 jurgio
3301 4693 3591 4763 depositis,

341 4776 598 4827 ταπεινὸν
618 4777 877 4846 φρόνημα
903 4777 1245 4845 κτησαμένη,
1274 4778 1370 4830 καὶ
1402 4776 1538 4847 πρὸς
1572 4775 1709 4830 Θεοῦ
1741 4776 1798 4847 μί
1808 4793 1914 4847 μη-

345 4884 427 4919 σιν
474 4869 892 4931 αποὸλέπουσα,
935 4869 1043 4920 πᾶν
1070 4870 1099 4920 ὃ
1128 4886 1181 4920 τι
1235 4867 1333 4921 καὶ
1368 4868 1716 4939 προπέπονθε
1764 4869 1915 4940 παρά

2024 4778 2393 4847 admissaque,
2419 4787 2479 4832 ut
2499 4779 2675 4840 decet.
2704 4780 2937 4843 ratione,
2961 4780 3190 4851 benigne
3215 4784 3285 4836 sit
3306 4784 3591 4839 auditurus

2023 4869 2174 4924 utilia
2206 4870 2577 4940 salutariaque
2603 4880 3016 4941 proponentem.

342 4978 483 5023 τινος
520 4961 789 5033 λυπηρὸν,
813 4961 973 5016 τοῦτο
998 4962 1306 5027 είάσει,καὶ
1336 4963 1397 5015 τὸ
1460 4963 1657 5032 πικρὸν
1684 4963 1783 5033 τῆς
1848 4963 2078 5033 καρδίας
2114 4964 2364 5032 κενώσει,
2386 4965 2482 5018 καὶ
2506 4965 2567 5017 τὸ
2632 4966 2935 5034 φιλόνεικον
2957 4968 3243 5037 ἁποθήσει,
3304 4968 3393 5020 καὶ
3416 4983 3592 5031 κατα-

350 5061 607 5129 στήσεται
657 5061 758 5129 μὲν
803 5061 897 5112 καὶ
951 5061 1043 5128 ἀφ’
1074 5060 1271 5114 ἑαυτοῦ
1312 5060 1406 5114 καὶ
1456 5061 1591 5132 πρὸς
1650 5063 1777 5124 τοὺς
1846 5061 2157 5130 πρέποντας
2225 5061 2543 5131 λογισμοὺς,
2610 5064 2903 5117 ἀκούσεται
2934 5065 2987 5117 δὲ
3010 5066 3321 5133 καὶὲτέρων
3344 5063 3593 5131 εὐμενῶς

343 5154 404 5204 τὰ
445 5151 699 5221 ὠφέλιμα
734 5153 831 5206 καὶ
861 5153 1108 5223 σωτήρια
1131 5152 1569 5223 ὑποτιθεμένων.

408 5337 702 5406 Γρᾶφομεν
739 5333 832 5385 οὖν
873 5332 961 5384 διὰ
984 5332 1159 5386 ταῦτα
1218 5327 1306 5385 οἷα
1355 5333 1674 5402 γράφομεν
1724 5332 1817 5386 καὶ
1865 5335 1915 5386 εί

351 5429 442 5497 μέν
472 5446 554 5490 τις
587 5429 820 5495 γένηται
872 5426 1132 5495 ὠφέλεια,
1168 5427 1643 5497 εὐχαριστὴσομεν
1697 5426 1773 5495 τῷ
1816 5426 1914 5496 τὴν

352 5520 621 5590 ὑμετέραν
682 5518 958 5588 φρονίμην
988 5518 1167 5588 ψυχὴν
1219 5517 1362 5570 οὕτω
1400 5518 1659 5581 διαθέντι,
1691 5517 1788 5570 καὶ
1815 5534 1915 5570 τα-

353 5614 533 5667 πεινοῦ
563 5615 658 5668 καὶ
689 5612 1025 5683 ἁμαρτωλοί)
1076 5612 1383 5682 ἀρχιερέως
1424 5612 1518 5663 καὶ
1554 5612 1767 5681 [ἰατρὸς
1798 5612 1916 5666 πεί-

660 5733 930 5795 Ρλτιωιι.
974 5730 1094 5793 Gn.
1130 5729 1293 5793 CXI.

2094 5336 2277 5404 itaque
2313 5346 2534 5406 propter
2566 5338 2693 5392 talia
2723 5341 2925 5395 scribo.
2954 5338 3009 5393 Si
3045 5354 3151 5410 qua
3180 5340 3422 5394 evenerit
3448 5342 3595 5395 utili-

2024 5437 2131 5492 tas,
2161 5430 2365 5498 gratias
2397 5445 2551 5500 agam
2587 5431 2665 5486 illi
2706 5434 2798 5503 qui
2833 5440 3065 5487 mentem
3098 5443 3246 5489 tuam
3272 5436 3593 5503 prudentem

2022 5522 2282 5589 eﬂecerit,
2337 5522 2722 5595 induxeritque
2768 5534 2827 5580 ut
2878 5524 3003 5580 vilis
3046 5527 3461 5599 peccatorisque
3504 5544 3594 5583 ar-

2024 5614 2358 5686 chiepiscopi
2419 5616 2689 5673 salutares
2740 5617 3081 5675 hortationes
3148 5623 3463 5692 acceperis;
3508 5620 3595 5677 sin

3203 5740 3237 5801 5
