3996 6208
351 251 453 311 139
1477 246 1783 306 NICOLAI
1826 248 1914 307 (ΣΡ

2026 244 2491 304 ATRIARCHJS
3498 236 3603 302 1‘0

347 366 553 427 minus,
586 362 768 416 debito
804 359 1000 425 cilicio,
1047 367 1311 429 quantum
1366 361 1418 411 in
1452 374 1538 411 me
1564 370 1669 420 est.
1699 360 1914 414 functus

2031 376 2184 413 σαντι
2241 357 2497 421 δέξασθαι
2550 357 2871 427 σωτηριὼδη
2934 357 3294 427 παραίνεσινο
3333 356 3380 408 εἰ
3433 354 3488 408 δὲ
3525 355 3605 424 μὴ

344 454 518 508 fuero.
548 454 823 517 Quantum
868 458 1049 505 autem
1080 449 1134 503 in
1169 459 1221 503 te
1262 458 1365 511 est,
1395 464 1547 514 cave,
1586 460 1645 505 ut
1670 450 1755 504 vir
1790 467 1914 519 prn-

2028 452 2427 522 ὠφελήσωμεν,
2458 450 2554 502 καὶ
2581 448 2754 511 οὕτως
2778 449 3066 519 εἴργασται
3094 450 3153 502 τί)
3185 448 3471 520 ἡμέτερον,
3508 448 3605 501 καὶ

344 549 501 609 dens,
543 560 611 599 ne
643 544 749 597 ulla
797 559 885 598 res
921 542 1015 596 tibi
1070 543 1142 596 sit
1182 552 1307 596 ante
1343 541 1515 595 Deum
1556 544 1838 606 damnata,
1872 554 1914 597 el

2029 544 2056 596 ὂ
2080 542 2464 614 χρεωστοῦμεν
2501 542 2841 612 π).ηροῦμεν.
2871 542 2944 593 Τὸ
2976 541 3031 593 δὲ
3068 542 3184 605 σὸν,
3209 545 3398 605 τέκνον
3418 542 3600 610 ἡμῶν,

344 648 469 693 ante
501 638 752 693 homines
780 636 1136 704 reprehensa.
1174 632 1292 689 Hoc
1320 633 1372 687 in
1414 634 1660 703 epistola:
1697 633 1914 688 exordio

2026 635 2099 699 ὡς
2126 635 2391 705 φρόνιμος
2448 634 2726 699 κατανόει,
2757 636 2808 687 ἐξ
2851 633 2967 686 ἐστι
3007 634 3102 685 καὶ
3134 631 3283 700 παρὰ
3310 630 3431 700 Θεῷ
3453 633 3605 684 ἀκα-

341 732 634 803 pulchrum
670 729 850 794 video,
880 728 1053 798 quod,
1093 728 1336 784 divinam
1372 727 1596 783 imitans
1630 728 1914 798 indulgen-

2028 726 2288 795 τάκριτον
2346 727 2441 777 καὶ
2470 725 2627 795 παρὰ
2677 723 2993 795 ἀνθρώποις
3024 723 3391 793 ἀνεπίμωμον
3414 740 3429 755 σ
3465 724 3606 776 ἀλλά

342 827 496 890 tiam,
527 824 687 877 vilem
720 822 997 876 hominem
1026 822 1085 876 in
1108 830 1465 891 conspectum
1499 828 1651 875 tuum
1682 820 1914 875 admise-

2027 815 2167 888 καλὴ
2199 816 2292 868 τοῦ
2329 818 2714 887 γράμματοςή
2751 818 2915 886 ἀρχὴ.
2960 816 3294 870 ταπείνωσιν
3330 818 3605 886 μιμούμε-

342 918 439 981 ris,
479 924 556 980 et,
586 930 693 969 non
727 915 877 970 celso
904 914 1118 983 imperii
1150 912 1318 983 gradu
1351 910 1701 981 superbiens,
1733 911 1927 981 digna-

341 1020 428 1065 tus
479 1008 650 1064 fueris
698 1022 794 1063 ore
846 1005 1073 1077 proprio
1126 1006 1365 1075 colloqui
1425 1019 1550 1059 cum
1612 1004 1704 1057 illo
1758 1019 1921 1073 quem

338 1110 555 1156 tantum
611 1110 705 1154 tua
742 1107 967 1168 superat
1007 1096 1242 1168 gloriosa
1288 1096 1530 1152 celsitas.
1582 1094 1739 1161 Quod
1790 1110 1923 1149 sane

338 1190 633 1247 laudabile.
683 1190 1065 1259 Congruenter
1107 1188 1254 1259 quod
1298 1189 1354 1242 in
1389 1188 1619 1257 epistola
1672 1189 1922 1258 sequitur

336 1283 513 1337 eidem
566 1281 922 1350 indulgentiae
966 1288 1215 1345 assonat,
1269 1277 1478 1349 Deique
1528 1280 1809 1349 exemplo,
1860 1291 1922 1333 ut

336 1375 497 1439 dicis,
528 1374 786 1428 adhaeret.
821 1371 1112 1441 Reliquum
1143 1386 1275 1428 vero
1317 1385 1497 1442 neque
1527 1370 1919 1440 indulgentiam

338 1481 515 1535 neque
555 1465 1027 1527 convenientiam,
1074 1466 1167 1518 sed
1213 1465 1427 1518 animos
1459 1464 1617 1533 longe
1656 1464 1794 1517 alios
1828 1479 1920 1516 ex-

335 1559 551 1626 promit.
608 1556 654 1612 0
699 1558 990 1614 scelestum
1043 1558 1367 1622 daemonem,
1421 1558 1538 1625 qui,
1590 1557 1658 1610 ab
1708 1556 1919 1627 origine

337 1651 514 1705 bonos
560 1664 694 1704 osus
740 1651 1064 1720 pravitatem
1110 1665 1264 1702 suam
1323 1650 1486 1703 rectis
1531 1648 1806 1703 mentibus
1850 1662 1917 1701 ex

2027 924 2114 970 νος
2149 906 2310 971 Θεοῦ,
2361 907 2570 978 ήγαγες
2598 906 2740 960 κατά
2773 908 3068 978 πρόσωπον
3096 906 3385 975 ἄνθρωπον
3412 921 3604 957 ταπει-

2028 997 2140 1061 νὸν,
2174 998 2271 1051 καὶ
2321 997 2421 1050 οὐκ
2449 997 2623 1067 ἐπῇρὲ
2664 1014 2724 1048 σε
2762 996 2823 1048 τὸ
2854 995 3086 1066 μέγεθος
3115 997 3215 1064 τῆς
3252 996 3449 1065 ἀρχῆς,
3480 994 3602 1048 οὐδὲ

2028 1090 2258 1143 σεαυτοῦ
2288 1090 2484 1160 ήγήσω
2507 1089 2726 1155 ἀνάξιον
2761 1090 3020 1159 ὁμιλῆσαι
3052 1089 3239 1158 οἰκείῳ
3262 1090 3492 1156 στόματι
3522 1086 3603 1156 τῷ

2025 1182 2380 1252 ἁσυγκρίτως
2437 1182 2860 1252 ἀπολειπομένῳ
2902 1179 2999 1234 τοῦ
3063 1180 3160 1233 σοῦ
3198 1179 3462 1251 μεγέθους
3496 1181 3601 1250 τῆς

2023 1272 2203 1341 δόξης.
2255 1273 2429 1327 Τοῦτο
2484 1274 2790 1341 ἐπαινετὸν,
2826 1273 2918 1326 καὶ
2965 1268 3033 1345 ἦν
3067 1270 3363 1326 ἀκόλουθον
3392 1271 3487 1323 καὶ
3532 1269 3603 1323 τὰ

2024 1366 2153 1435 ἑξῆς
2174 1365 2268 1419 τοῦ
2301 1366 2634 1437 γράμματος
2669 1369 2735 1437 τῇ
2765 1366 2904 1436 αὐτῇ
2959 1364 3368 1434 συνυφανθῆναι
3407 1381 3601 1416 ταπει-

2023 1462 2230 1529 νότητι,
2266 1461 2359 1512 καὶ
2414 1460 2489 1531 μὴ
2544 1460 2901 1531 παρεξελθεῖν
2923 1459 3024 1529 τῆς
3055 1458 3149 1511 τοῦ
3190 1457 3328 1511 Θεοῦ
3356 1458 3431 1521 ὼς
3464 1458 3601 1527 ἔφης

2026 1553 2341 1623 μιμήσεως.
2386 1552 2501 1605 Νῦν
2539 1552 2597 1606 δὲ
2640 1553 2800 1607 ἄλλον
2833 1552 2946 1622 ἔχει
2989 1542 3421 1622 χαρακτῆρατά
3460 1550 3601 1620 μετά

2021 1646 2195 1698 ταῦτα
2222 1645 2318 1698 τοῦ
2353 1646 2677 1715 γράμματος
2701 1660 2714 1675 ο
2760 1646 2823 1698 οὐ
2863 1645 3270 1714 ταπεινότητος,
3304 1644 3403 1695 οῦκ
3427 1644 3602 1694 επιει-

339 1742 553 1796 invidia.
609 1713 893 1796 contendit
946 1744 1198 1796 miscere.
1251 1739 1449 1795 Multas
1502 1749 1594 1794 tua
1650 1740 1914 1809 epistola,

2023 1739 2199 1804 κείας,
2256 1739 2317 1790 οὐ
2354 1713 2789 1807 φιλανθρωπίας,
2840 1737 2979 1793 ἀλλά
3008 1754 3155 1799 τινος
3192 1735 3388 1805 ἑτέρας
3423 1734 3604 1787 διαθέ-

338 1851 371 1889 o
402 1834 505 1899 ﬁli,
554 1835 815 1905 ambages
852 1835 1119 1896 continet,
1172 1833 1282 1889 huc
1328 1841 1382 1888 et
1415 1832 1547 1887 illnc
1588 1843 1808 1889 vertens
1836 1847 1914 1888 se.

339 1920 454 1979 lloc
481 1924 629 1979 enim
659 1924 912 1979 diabolus
938 1924 1276 1993 propositum
1307 1923 1492 1988 habet,
1526 1933 1583 1978 ut
1608 1924 1769 1979 rebus
1796 1939 1919 1993 quae

337 2033 368 2073 a
410 2018 683 2088 principio
713 2018 808 2073 tibi
845 2017 1068 2073 luerunt
1107 2018 1247 2073 data:
1307 2032 1414 2071 non
1464 2026 1754 2073 contentus
1797 2032 1916 2071 ma-

340 2127 494 2175 neas,
517 2111 838 2181 alienasque
865 2112 1108 2167 metiaris
1134 2111 1412 2177 invadere,
1438 2110 1648 2166 scilicet
1670 2110 1918 2180 proprias

338 2212 556 2272 patrum
589 2203 683 2271 qui
729 2210 1037 2270 genuerunt
1085 2216 1203 2267 vos,
1258 2216 1437 2271 neque
1482 2202 1618 2255 satis
1653 2199 1727 2254 sit
1768 2195 1914 2253 istud

338 2292 501 2363 regiae
527 2293 817 2362 potestatis
848 2291 1218 2362 privilegium,
1260 2306 1370 2361 quo
1411 2290 1704 2345 universus
1734 2286 1914 2356 gentis

335 2394 440 2437 tua:
499 2383 735 2453 populus
781 2381 1012 2453 pedibus
1071 2385 1179 2438 tuis
1227 2383 1462 2452 adjacet.
1510 2379 1668 2434 Nulla
1727 2388 1909 2435 tamen

333 2489 486 2546 gens,
533 2490 603 2530 ex
633 2490 742 2545 quo
784 2475 1155 2530 Romanorum
1206 2474 1448 2544 potentia
1497 2473 1753 2536 innotuit,
1799 2472 1916 2541 glo-

336 2566 469 2620 riari
507 2567 684 2636 potuit
718 2581 824 2620 non
859 2566 1008 2641 illius
1033 2565 1166 2637 jugo
1195 2565 1395 2620 collum
1431 2563 1770 2618 submisisse.

2023 1849 2183 1894 σεως.
2215 1830 2322 1884 Φεῦ
2368 1831 2465 1885 τοῦ
2514 1830 2760 1901 πονηροῦ
2812 1830 3071 1901 δαίμονος
3108 1828 3202 1883 τοῦ
3230 1833 3342 1892 τοῖς
3374 1827 3600 1898 ἀγαθοῖς

2022 1922 2080 1988 ἐξ
2116 1923 2289 1995 ἀρχῆς
2342 1923 2828 1995 διαφθονουμένου,
2872 1923 2969 1977 καὶ
3013 1924 3100 1975 ἀεὶ
3134 1923 3233 1990 τὴν
3256 1923 3462 1975 οἰκείαν
3493 1937 3596 1973 κα-

2022 2016 2151 2071 κίαν
2185 2018 2684 2087 προσεπιμιγνύειν
2740 2016 3177 2086 φιλονεικοῦντος
3203 2017 3314 2078 τοῖς
3348 2014 3597 2082 ἀγαθοῖς.

2022 2109 2132 2162 Καὶ
2192 2106 2395 2171 πολλάς
2450 2109 2551 2178 μὲν
2584 2108 2643 2160 τὸ
2673 2107 2929 2177 γράμμα,
2993 2107 3181 2160 τέκνον
3210 2104 3390 2176 ήμῶν,
3437 2120 3599 2173 περι-

2022 2199 2230 2264 πλοκὰς
2254 2200 2445 2271 ἐδήλου
2477 2202 2634 2271 ἡμῖν,
2669 2202 2763 2252 καὶ
2802 2200 2897 2254 νῦν
2956 2199 3055 2269 μὲν
3088 2196 3345 2250 ἐντεῦθεν
3370 2196 3603 2266 στρέφε-

2021 2307 2137 2356 ται,
2164 2290 2258 2345 νῦν
2305 2291 2363 2344 δὲ
2404 2278 2641 2345 ἐκεῖθεν.
2689 2285 2781 2352 Εἷς
2815 2289 2871 2343 δὲ
2903 2290 2931 2341 ὁ
2962 2288 3163 2351 σκοπὸς
3194 2286 3344 2356 αὐτῷ
3373 2286 3433 2339 τὸ
3459 2285 3603 2355 βού-

2021 2383 2208 2437 λεσθαι
2238 2384 2337 2455 τὴν
2385 2385 2659 2455 ὑμετέραν
2691 2383 3015 2454 προαίρεσιν
3054 2383 3130 2452 μὴ
3166 2380 3457 2453 ἀρκεῖσθαι
3485 2380 3599 2440 τοῖς

2028 2476 2202 2541 ίδίοις,
2257 2477 2379 2547 μηδ’
2444 2477 2707 2547 ἐμμένειν
2757 2479 2871 2538 τοῖς
2951 2475 3008 2541 ἐξ
3066 2473 3242 2545 ἀρχῆς
3294 2470 3601 2540 δεδομένοις

2025 2568 2181 2637 ὑμῖνο
2246 2569 2363 2624 ἀλλ’
2408 2570 2679 2641 ὲπιπηδᾷν
2734 2570 3063 2640 πράγμασιν
3113 2566 3443 2635 ἀλλοτρίοις,
3502 2562 3601 2614 καὶ

336 2661 459 2714 τότε
488 2662 686 2727 τίνων;
741 2660 1005 2729 Παιέρων
1045 2658 1156 2711 τῶν
1214 2659 1597 2728 γεννησάντων
1634 2659 1801 2729 ὑμᾶς,
1840 2663 1933 2713 καὶ
1972 2663 2253 2732 προνομίῳ
2295 2663 2572 2732 βασιλείας
2632 2665 2666 2733 ἢ
2716 2666 2824 2717 πᾶν
2856 2664 3007 2726 ἔθνος
3035 2661 3138 2715 ὑπὸ
3203 2661 3369 2724 πόδας
3399 2659 3598 2728 ἐθηκε’

337 2752 437 2833 καὶ
467 2753 623 2815 οὐδὲν
653 2752 806 2818 ἔθνος
835 2752 903 2819 ἐξ
927 2746 988 2805 οῦ
1027 2750 1315 2821 Ῥωμαίων
1346 2750 1546 2820 κράτος
1577 2752 1909 2823 ἐγνωρίσθη,
1952 2755 2340 2823 καυχήσασθαι
2379 2756 2456 2826 μὴ
2486 2757 2610 2826 οὐχὶ
2635 2758 2725 2810 τὸν
2761 2755 2968 2826 αὐχένα
3000 2753 3181 2809 κλίναι
3214 2754 3384 2824 αὐτῷ.

406 2930 603 2987 Pacem
653 2937 902 2998 exoptas.
956 2926 1193 2982 Pulchre
1227 2926 1481 2996 equidem
1513 2927 1765 2993 dictum;
1819 2929 1914 2983 sed

338 3022 729 3087 convenienter
782 3034 944 3090 agere
987 3028 1091 3075 est.
1146 3018 1257 3073 Pax
1307 3020 1454 3073 enim
1508 3032 1687 3087 neque
1737 3018 1917 3074 aliena

2097 2930 2337 3002 Εἰρήνην
2364 2933 2647 3003 ἐπιζητεῖς
2675 2950 2688 2964 ·
2724 2935 2888 2997 καλὸς
2922 2936 2951 2987 ὁ
2982 2934 3161 3003 λόγος,
3193 2934 3371 2999 δεῖξον
3400 2933 3493 2987 καὶ
3522 2932 3604 3003 τῷ

2023 3023 2172 3094 ἔργῳ
2202 3023 2294 3077 τὸν
2323 3024 2480 3093 λόγον
2504 3025 2819 3081 ἀκόλουθον.
2868 3024 2931 3080 Ἦ
2984 3028 3173 3098 εἰρήνη
3207 3027 3268 3079 οὐ
3301 3026 3408 3079 τῶν
3442 3026 3601 3078 ἀλλο-

340 3116 528 3181 ambit,
565 3120 661 3169 aut
708 3111 936 3177 invadit,
990 3124 1169 3182 neque
1216 3124 1413 3164 manus
1448 3109 1515 3164 ad
1564 3124 1716 3164 arma
1752 3109 1913 3175 tollit,

2023 3114 2191 3184 τρίων
2220 3115 2458 3183 ἐφίεται,
2492 3117 2556 3170 οὑ
2590 3119 2705 3180 τοῖς
2731 3117 2900 3188 μηδὲν
2924 3119 3293 3189 προσήκουσιν
3330 3118 3598 3189 ιπιπηδᾷ,

339 3222 519 3283 neque
541 3206 669 3261 belli
684 3204 1066 3261 excusationes
1092 3201 1401 3273 praatendit,
1426 3216 1604 3271 neque
1630 3202 1914 3272 sanguinis

2023 3207 2079 3261 οὐ
2114 3208 2305 3278 χεῖρας
2354 3208 2503 3280 αἴρει
2556 3210 2691 3281 πρὸς
2733 3210 2896 3275 ὅπλα,
2925 3210 2985 3265 οὐ
3022 3212 3255 3281 παρέχει
3296 3212 3600 3280 προφάσεις

335 3300 602 3357 είῖυείοιιε
633 3295 855 3369 gaudet,
900 3309 1079 3366 neque
1114 3294 1213 3350 scit
1250 3293 1503 3350 homines
1537 3292 1593 3347 in
1626 3293 1913 3362 captivita-

339 3406 446 3450 tem
501 3394 766 3463 redigere.
805 3389 862 3446 Si
896 3389 1061 3444 talem
1108 3395 1336 3457 exoptes
1370 3402 1584 3458 pacem,
1634 3385 1916 3452 Christus,

338 3484 430 3539 ille
482 3481 624 3539 Dens
666 3480 761 3550 qui
811 3479 1136 3549 sanguinem
1176 3486 1352 3533 totum
1400 3492 1502 3547 pro
1539 3492 1673 3549 pace
1722 3478 1915 3535 mundi

335 3573 552 3638 elIudit,
577 3572 913 3628 voluntatem
941 3578 1114 3636 tuam,
1148 3571 1454 3641 praesertim
1487 3581 1541 3624 et
1566 3585 1915 3626 communem

335 3668 698 3740 Bnlgarorum
724 3663 1217 3732 ltomanornmque
1236 3663 1574 3717 voluntatem
1599 3662 1914 3733 adimpleat.

337 3760 397 3813 Si
427 3772 559 3814 vero
588 3757 659 3813 ad
702 3757 847 3813 hanc
879 3770 1068 3827 pacem
1109 3771 1217 3810 non
1271 3756 1529 3827 aspicias,
1572 3756 1704 3827 quid
1749 3755 1915 3812 verba

335 3850 667 3923 proficiunt,
716 3864 841 3905 cum
902 3849 1088 3904 omnia
1144 3847 1347 3905 bellum
1399 3849 1645 3920 spirent?
1696 3848 1916 3920 Depone

335 3959 521 4011 arma;
552 3954 775 4000 cessent
791 3944 1080 4013 sanguinis
1106 3942 1427 4008 eﬂ'usiones,
1455 3944 1915 4015 captivorumque

333 4038 722 4105 calamitates;
796 4045 1015 4092 cessent
1069 4038 1447 4107 orphanorum
1510 4037 1915 4108 viduarumque

335 4132 611 4205 lacrymae,
660 4138 718 4185 et
769 4129 873 4186 ista
917 4129 1041 4200 plus
1078 4129 1340 4197 habendi,
1374 4129 1804 4199 dominandique
1858 4130 1913 4184 in

333 4224 470 4277 alios
499 4221 796 4293 cupiditas.
831 4219 909 4277 Ita
956 4221 1051 4288 sit,
1084 4230 1138 4277 et
1170 4230 1285 4276 tum
1319 4237 1444 4277 vere
1474 4236 1581 4291 pax
1620 4220 1730 4276 Deo
1761 4232 1915 4290 grata

333 4316 724 4371 constituetur.
778 4312 837 4369 Si
872 4329 1005 4371 vero
1044 4315 1201 4370 dicas
1229 4322 1283 4370 te
1327 4323 1536 4384 patres,
1578 4313 1674 4383 qui
1705 4328 1804 4368 vos
1846 4327 1914 4368 ex

2019 3299 2295 3371 πολέμων,
2348 3304 2410 3356 οὐ
2473 3304 2658 3373 χαίρει
2702 3304 2931 3374 χύσεσιν
2983 3306 3256 3375 αἱμάτων,
3302 3305 3403 3356 οὐκ
3455 3298 3601 3356 οἶδεν

2018 3392 2400 3462 αἰχμαλώτους
2425 3395 2522 3448 ἀνθ
2533 3394 2747 3467 ρώπους
2778 3398 2979 3452 ποιεῖν.
2999 3397 3064 3450 El
3093 3397 3351 3466 τοιαύτην
3372 3396 3603 3467 εἰρήνην

2023 3482 2230 3546 ποθεῖς,
2265 3482 2353 3553 εἴη
2401 3485 2636 3555 Χριστὸς
2663 3488 2692 3538 ό
2729 3486 2862 3548 Θεὸς
2885 3485 3043 3557 ήμῶν
3076 3485 3107 3537 ὁ
3139 3485 3199 3537 τὸ
3232 3486 3431 3536 οἰκεῖον
3457 3478 3602 3551 αἷμα.

2024 3575 2166 3647 ὑπὲρ
2187 3577 2284 3646 τῆς
2306 3578 2529 3648 εἰρήνης
2549 3577 2644 3630 τοῦ
2673 3578 2880 3648 κόσμου
2894 3578 3140 3639 κενώσας
3164 3578 3225 3630 τὸ
3244 3577 3335 3630 σὺν
3360 3577 3598 3645 θέλημα,

2027 3668 2229 3738 μᾶλλον
2270 3669 2328 3723 δὲ
2357 3670 2419 3723 τὸ
2468 3669 2647 3725 κοινὸν
2693 3673 2786 3724 καὶ
2818 3671 3147 3741 Βουλγάρων
3178 3669 3272 3724 καὶ
3305 3668 3598 3739 Ῥωμαίων

2022 3760 2338 3831 ἐκπληρῶν·
2364 3760 2484 3816 τίδὲ
2504 3764 2639 3842 πρρς
2663 3764 2874 3833 ταύτην
2897 3764 2958 3816 οὐ
2980 3764 3203 3835 βλέπεις
3225 3763 3325 3833 τὴν
3346 3761 3601 3831 εἰρήνην,

2020 3854 2074 3908 τί
2105 3854 2200 3909 τοῦ
2257 3855 2504 3925 ῥήματος
2539 3857 2756 3926 ὄφελος,
2798 3858 2929 3912 ὅταν
2973 3857 3043 3911 τὰ
3104 3859 3413 3929 πράγματα
3473 3873 3602 3924 τυγ-

2021 3945 2163 4019 χάνῃ
2190 3945 2465 4013 πολέμια;
2509 3948 2763 4012 Κατάθες
2807 3948 2877 4002 τά
2904 3948 3066 4014 ὅπλα,
3099 3949 3463 4004 πανέσθωσαν
3485 3947 3598 4000 τῶν

2019 4037 2272 4106 αἱμάτων
2295 4041 2349 4093 αἱ
2384 4039 2594 4110 χὺσεις,
2623 4040 2735 4093 τῶν
2787 4040 3155 4111 αἰχμαλώτων
3204 4042 3261 4094 αι
3291 4040 3593 4111 συμφοραὶ,

2016 4130 2127 4183 τῶν
2155 4131 2432 4203 ὀρφανῶν,
2481 4134 2590 4188 τῶν
2640 4132 2829 4204 χηρῶν
2877 4135 2949 4187 τὰ
2995 4135 3227 4205 δάκρυα,
3261 4136 3295 4206 ή
3325 4133 3597 4203 ἐπιθυμία

2015 4222 2112 4275 τοῦ
2167 4224 2533 4290 πλεονεκτεῖν,
2575 4225 2669 4279 τοῦ
2700 4226 2811 4281 τῶν
2838 4226 3134 4297 ἀλλοτρίων
3174 4226 3458 4296 βούλεσθαι
3493 4226 3597 4296 ἄρ-

2017 4331 2155 4384 χειν.
2217 4316 2402 4369 Ταῦτα
2454 4318 2718 4385 γενέσθω,
2766 4320 2861 4373 καὶ
2906 4319 3074 4383 ὅντως
3104 4319 3294 4389 εἰρήνη
3323 4318 3442 4387 Θεῷ
3464 4317 3600 4387 ἀρέ-

335 4405 686 4461 tenebrarum
733 4404 999 4460 servitute
1046 4414 1172 4475 post
1216 4406 1386 4460 Deum
1438 4406 1810 4468 redemerunt,
1859 4404 1912 4457 in

2023 4423 2223 4461 σκονσα
2261 4408 2723 4479 βραϐευθήσεται.
2758 4410 2834 4465 'l'b
2874 4412 2931 4466 δὲ
2974 4411 3153 4479 λέγειν
3186 4412 3312 4473 τοὺς
3348 4410 3597 4478 πατέρας

332 4498 594 4553 ditionem
630 4507 779 4552 tuam
823 4496 965 4551 velle
1004 4496 1275 4567 redigere,
1308 4496 1591 4566 quomodo
1620 4496 1728 4550 erit
1766 4494 1914 4564 pax?

2023 4503 2144 4565 τοὺς
2176 4504 2240 4555 ἐκ
2264 4502 2365 4572 τῆς
2393 4503 2635 4568 δουλείας
2660 4503 2754 4557 τοῦ
2780 4506 3007 4570 σκότους
3036 4507 3176 4576 μετά
3202 4522 3265 4575 γε
3287 4505 3416 4559 Θεὸν
3438 4505 3596 4557 ιλευ.

334 4587 523 4647 Nonne
566 4590 711 4643 istud
750 4599 837 4643 est
868 4587 1209 4644 infestissimi
1249 4589 1451 4652 hostis,
1496 4587 1591 4656 qui
1629 4603 1912 4657 nunquam

2023 4593 2366 4665 θερώσαντας
2397 4597 2563 4667 ὑμᾶς,
2589 4597 2813 4661 τούτους
2844 4600 3194 4670 ὑποχειρίους
3226 4600 3434 4663 λαϐεῖν,
3472 4599 3596 4662 πῶς
3631 4625 3643 4632 -

334 4680 488 4736 novit
520 4680 749 4751 pacem?

405 4868 513 4923 Sed
560 4867 720 4931 dicis,
770 4881 805 4921 ο
847 4867 943 4928 ﬁli,
1000 4866 1129 4921 illud
1164 4882 1230 4921 ex
1285 4867 1379 4922 Dei
1432 4868 1716 4924 voluntate
1758 4883 1909 4925 esse.

337 4955 637 5031 dsquequo
684 4958 987 5013 mendaciis
1016 4958 1347 5028 perﬁdorum
1387 4970 1441 5014 tn
1472 4961 1715 5031 prudens
1748 4961 1912 5018 obse-

334 5052 557 5122 queris?
606 5049 860 5118 Quandiu
892 5049 1000 5105 illis
1030 5050 1257 5115 favebis,
1294 5053 1389 5123 qui
1438 5067 1505 5108 ex
1554 5053 1910 5122 inspiratione

333 5147 532 5199 diaboli
592 5143 745 5214 loqui
792 5151 1062 5205 amantes,
1116 5142 1168 5196 in
1218 5159 1382 5199 aures
1430 5152 1555 5200 tuas
1607 5146 1906 5215 nequitiam

333 5235 638 5290 inducunt?
674 5234 833 5299 Illud,
890 5248 924 5287 ο
956 5233 1049 5299 (ili,
1096 5246 1205 5287 non
1246 5246 1330 5289 est
1374 5251 1562 5290 verum
1606 5238 1750 5307 quod
1794 5237 1908 5290 vult

332 5340 442 5380 non
484 5324 652 5393 Deus,
684 5327 781 5386 sed
813 5327 918 5384 iste
940 5342 967 5380 a
1009 5326 1281 5398 principio
1326 5330 1602 5385 homicida
1630 5329 1903 5393 diabolus,

333 5415 794 5485 dissensionibus,
854 5420 1075 5490 praeliis,
1127 5420 1304 5485 bellis,
1353 5420 1593 5477 caedibus
1634 5421 1904 5491 gaudens,

332 5516 386 5562 et
416 5507 568 5563 omni
604 5512 749 5565 malo
779 5513 924 5580 quod
956 5513 1015 5567 in
1052 5527 1193 5568 vana
1225 5512 1509 5569 hominum
1540 5512 1649 5565 vita
1683 5512 1908 5579 conspi-

331 5603 495 5656 citur.
525 5600 619 5655 llle
642 5609 728 5657 est
756 5602 851 5670 qui
885 5603 1009 5671 talia
1040 5604 1333 5660 meditatur
1373 5613 1426 5656 et
1457 5602 1690 5671 perﬁcit,
1721 5618 1749 5655 a
1774 5618 1905 5671 quo,

336 5693 477 5761 proh
525 5690 716 5746 dolor!
787 5689 904 5742 ista:
961 5695 1300 5749 calamitates
1356 5694 1618 5763 Bulgaros
1670 5694 1810 5746 inter
1854 5702 1906 5747 et

2014 4687 2165 4739 ἐστιν
2197 4687 2458 4757 είρήνης;
2506 4687 2650 4741 Ἀλλ’
2680 4688 2802 4758 οὐχὶ
2835 4688 2945 4741 τῶν
2992 4688 3214 4741 πώποτε
3244 4690 3595 4759 πολεμιωτάκ

2011 4793 2143 4845 των,
2185 4777 2282 4831 καὶ
2319 4778 2592 4849 μηδέποτε
2634 4779 2863 4850 εἰρήνην
2885 4779 3149 4847 είδότων;

2095 4866 2257 4920 Ἀλλὰ
2310 4868 2513 4937 λέγεις,
2539 4868 2731 4923 τέκνον
2783 4867 2962 4939 ήμῶν,
2994 4866 3140 4921 οὕτω
3171 4864 3461 4937 βούλεσθαι
3497 4865 3594 4917 τὸν

2011 4959 2168 5013 Θεόν.
2200 4958 2381 5030 Μέχρι
2418 4959 2565 5023 τίνος
2619 4960 2730 5013 τῶν
2777 4958 3115 5014 ἀπατεώνων
3163 4960 3450 5030 προσέξεις
3479 4964 3597 5024 τοῖς·

2011 5052 2204 5123 λήροις
2261 5052 2529 5124 φρόνιμος
2599 5054 2713 5121 div;
2781 5053 2926 5118 Ἕως
2987 5055 3120 5108 πότε
3166 5055 3596 5126 παραχωρήσεις

2011 5148 2125 5208 τοῖς
2182 5145 2474 5213 ἀγαπῶσιν
2527 5147 2593 5198 ὲκ
2637 5144 2732 5199 τοῦ
2784 5145 3029 5218 πονηροῦ
3064 5147 3399 5217 φθέγγεσθαι
3422 5145 3594 5198 πνεύ-

2014 5250 2204 5304 ματος,
2235 5238 2356 5299 ταῖς
2389 5237 2511 5299 σαῖς
2540 5237 2734 5300 ἀκοαῖς
2774 5235 2873 5308 τὴν
2904 5240 3175 5309 πονηρίαν
3203 5238 3383 5291 αὐτῶν
3424 5241 3594 5290 ἐπαν-

2010 5326 2156 5379 τλεῖν
2181 5343 2197 5391 ;
2227 5326 2341 5379 Οὐκ
2389 5326 2507 5382 ἐστι
2551 5327 2731 5395 τοῦτο,
2772 5332 2963 5383 τέκνον
2990 5331 3170 5401 ήμῶν,
3211 5330 3432 5399 ἀληθὲς,
3467 5328 3591 5382 οὐδὲ

2013 5418 2266 5489 βούλεται
2292 5418 2452 5473 τοῦτο
2479 5420 2633 5484 Θεὸς,
2666 5421 2784 5475 ἀλλ’
2810 5426 2837 5476 ὁ
2865 5420 2960 5476 ἀπ’
2998 5424 3174 5493 ἀρχῆς
3201 5423 3590 5493 ἀνθρωποκτό-

2010 5527 2099 5572 νος
2125 5510 2395 5574 ὃιάϐολος,
2433 5512 2463 5563 ὁ
2498 5512 2587 5565 ἀεὶ
2626 5514 2835 5584 χαίρων
2874 5518 2999 5578 ταῖς
3045 5517 3293 5579 στάσεσι,
3328 5520 3450 5579 ταῖς
3480 5518 3589 5584 μά-

2010 5619 2159 5672 χαις,
2192 5605 2307 5669 τοῖς
2351 5604 2645 5676 πολέμοις,
2697 5611 2827 5672 τιιιῖς¹
2878 5610 3284 5679 ἀνδροφονίαις,
3326 5608 3419 5663 καὶ
3451 5611 3505 5663 εἰ
3535 5626 3590 5662 τι

2012 5694 2141 5750 ἀλλο
2176 5698 2344 5752 κακὸν
2370 5700 2427 5751 ἐν
2465 5699 2544 5770 τῷ
2581 5700 2798 5773 ματαίῳ
2830 5702 2929 5774 βίῳ
2973 5705 3084 5759 τῶν
3112 5704 3416 5775 ἀνθρώπων
3444 5720 3588 5770 γνω-
