3996 6208
355 252 458 317 141

1815 259 2226 323 EPISTOLE.

3504 259 3606 323 142

356 374 588 441 ρίζεται.
650 364 820 433 Οὗτός
865 370 1013 423 ἐστιν
1045 371 1074 422 ό
1126 369 1300 423 ταῦτα
1344 372 1438 424 καὶ
1470 372 1791 442 βουλόμενος
1838 373 1932 425 καὶ

2040 372 2316 428 Romanos
2355 373 2661 439 suscitatus,
2695 373 2910 429 scilicet
2960 383 3120 431 natos
3149 375 3286 432 inter
3319 385 3373 433 et
3404 393 3609 447 paren-

350 464 845 533 ὁιαπραττόμενος,
915 463 1126 517 ἐκεῖθεν
1184 464 1381 529 ταῦτα,
1445 469 1592 531 οἴμοι
1628 465 1734 517 τῶν
1777 465 1926 534 ὲμῶν

354 554 568 615 παθῶν,
632 555 924 623 ἐπεισῆλθε
966 557 1032 608 τὰ
1095 556 1245 609 κακὰ
1291 556 1456 625 μέσον
1499 557 1785 626 Ῥωμαίων
1836 557 1930 609 καὶ

353 646 703 715 Βουλγάρων,
736 647 940 715 μεταξὺ
988 647 1096 699 τῶν
1124 647 1377 717 πατέρων
1404 649 1500 700 κοιλ⁸
1528 648 1638 701 τῶν
1702 651 1928 710 τέκνων,

348 737 442 800 οὓς
471 739 572 808 οὐχ
601 733 741 806 αἷμα
788 741 881 791 καὶ
933 740 1090 809 σὰρξ,
1129 739 1263 792 ἀλλὰ
1297 740 1354 792 τὸ
1408 741 1676 808 πανάγιον
1706 740 1929 810 Πνεῦμα

353 834 505 893 υἱοὺς
569 831 664 883 καὶ
704 833 946 901 πατέρας
999 831 1274 895 ἀπέδειξε.
1318 832 1561 885 Θάνατον
1601 835 1710 902 γάρ
1743 836 1770 886 ὁ
1800 833 1928 896 Θεὸς

345 927 453 978 οὐκ
507 925 787 994 ἐποίησεν,
851 922 967 975 ἀλλ’
1018 924 1202 993 ἀπάτη
1237 924 1493 993 δαίμονος
1542 927 1635 978 καὶ
1668 923 1931 994 ἐπιθυμία

351 1015 682 1085 παραλόγως
705 1017 771 1084 τῇ
806 1014 988 1084 ἀπάτῃ
1023 1015 1526 1085 ὲξακολουθήσασα,
1561 1014 1622 1079 ἐξ
1643 1011 1710 1086 ἦς
1736 1016 1830 1070 καὶ
1865 1017 1932 1069 τὰ

347 1107 444 1158 νῦν
475 1107 843 1174 συμϐαίνοντα
885 1107 1096 1175 χαλεπὰ
1156 1107 1430 1178 προῆλθεν
1470 1110 1549 1170 εἰς
1595 1109 1832 1176 γένεσιν.
1870 1110 1931 1160 Εἰ

353 1204 431 1270 μὴ
458 1205 569 1272 γὰρ
596 1203 876 1272 ἄνθρωποι
909 1203 1323 1274 διεφθαρμένοι,
1358 1204 1452 1280 καὶ
1481 1201 1674 1257 πλάνοι
1701 1203 1800 1274 τὴν
1832 1204 1930 1274 σὴν

349 1293 627 1363 φρονίμην
664 1294 845 1364 ψυχὴν
870 1295 1249 1366 ἐξηπάτησαν,
1270 1298 1365 1348 καὶ
1391 1295 1492 1364 τῆς
1524 1296 1588 1347 ὲκ
1615 1295 1723 1347 τῶν
1759 1295 1932 1347 πατέ-

348 1401 460 1453 ρων
491 1383 785 1452 συνηθείας
815 1383 911 1437 τοῦ
945 1386 1062 1454 βίου
1102 1386 1198 1438 καὶ
1247 1387 1346 1454 τῆς
1377 1386 1658 1454 διαγωγῆς
1686 1385 1932 1453 ἀπέστη-

348 1491 476 1539 σαν,
512 1476 614 1528 οὐκ
643 1475 708 1530 ἂν
737 1475 857 1529 οὐδὲ
910 1477 1172 1546 πολεμεῖν
1208 1477 1342 1546 προς
1388 1478 1755 1546 Χριστιανοὺς
1787 1477 1930 1546 ἠγά-

349 1585 536 1636 πησας
584 1568 918 1635 Χριστιανὸς
984 1567 1060 1620 ὢν
1089 1586 1102 1599 ο
1143 1569 1266 1622 οὐδὲ
1297 1570 1546 1622 εῦσεϐεῖν
1574 1569 1760 1640 χάριτι
1793 1570 1930 1622 Θεοῦ

345 1660 656 1729 ὁμολογῶν,
679 1661 933 1723 εὐσεϐεῖς.
958 1654 1140 1722 εἷλκες
1169 1659 1553 1730 αἰχμαλώτους
1577 1675 1589 1688 ⁸
1624 1661 1718 1714 καὶ
1745 1657 1930 1722 ἁπλῶς

2037 475 2139 528 tes,
2172 479 2312 534 quos
2340 481 2518 536 neque
2553 465 2800 537 sanguis,
2840 482 3016 538 neque
3053 482 3206 535 caro,
3238 469 3331 523 sed
3371 472 3609 526 sanctis-

2035 557 2210 611 simus
2245 557 2484 628 Spiritus
2515 557 2589 612 ita
2620 551 3003 627 conjunxerat.
3037 557 3229 612 Mortis
3269 569 3460 615 auctor
3498 577 3605 616 non

2034 660 2118 705 est
2179 649 2365 714 Deus,
2429 651 2524 704 sed
2580 651 2782 704 diaboli
2843 650 3024 715 dolus,
3093 651 3327 722 doloque
3375 652 3610 708 absurde

2037 741 2344 796 inserviens
2371 742 2604 796 humana
2630 722 2923 811 cupiditas,
2957 743 3101 797 unde
3123 752 3242 797 orta
3268 759 3612 814 quaecunque

2036 831 2269 900 pessima
2345 833 2580 886 irruunt.
2659 830 2715 886 Si
2761 833 2904 886 enim
2968 832 3218 887 homines
3265 833 3508 902 corrupti
3557 844 3611 889 et

2037 924 2262 979 fallaces
2296 934 2531 978 mentem
2565 935 2712 979 tuam
2745 927 3065 994 prudentem
3108 941 3216 980 non
3244 927 3606 996 decepissent,

2035 1025 2088 1068 et
2115 1030 2146 1068 a
2176 1024 2418 1084 paternae
2451 1017 2572 1070 vita:
2608 1017 3008 1072 consuetudine
3035 1017 3433 1087 disciplinaque
3456 1033 3612 1073 aver-

2044 1108 2268 1172 tissent,
2326 1122 2428 1161 non
2476 1108 2693 1177 juvaret
2727 1109 3100 1164 Christianum
3141 1113 3404 1167 adversus
3450 1111 3610 1167 Chri-

2055 1200 2264 1255 stianos
2296 1200 2520 1262 bellare,
2553 1217 2750 1271 neque,
2784 1204 2900 1273 qui,
2934 1203 3028 1258 Dei
3055 1205 3250 1274 gratia,
3284 1205 3610 1258 charitatem

2040 1293 2339 1362 prolitcris,
2370 1294 2489 1363 pios
2527 1294 2776 1349 homines
2804 1295 2855 1347 in
2889 1296 3259 1364 captivitatem
3288 1294 3608 1353 abduceres.

2037 1395 2130 1436 aut
2175 1391 2420 1438 vastares
2467 1374 2630 1439 urbes
2678 1395 2731 1439 et
2760 1400 3008 1455 campos,
3035 1386 3090 1440 in
3126 1386 3326 1455 quibus
3367 1385 3610 1440 divinum

2036 1475 2239 1529 Christi
2281 1490 2481 1530 nomen
2525 1476 2956 1546 gloriﬁcabatur.
3003 1479 3108 1532 Sed
3157 1493 3221 1531 ex
3272 1492 3359 1540 ea,
3391 1485 3447 1532 ut
3477 1476 3615 1535 dixi.

2037 1569 2242 1622 diaboli
2304 1569 2766 1638 sequentiumque
2832 1570 3159 1624 diabolicam
3222 1571 3612 1639 malignitatem

2038 1659 2241 1714 invidia
2274 1660 2394 1714 ista:
2432 1660 2780 1716 calamitates
2818 1661 3089 1730 irrupere.

346 1755 526 1807 εἰπεῖν
563 1755 665 1806 οὐκ
720 1754 788 1808 ἂν
828 1754 909 1816 εἰς
953 1753 1192 1824 ἐρημίαν
1252 1755 1598 1823 κατέστησας
1662 1754 1845 1817 οἴκους
1885 1755 1979 1807 καὶ
2017 1754 2239 1816 τόπους,
2269 1755 2328 1806 ἐν
2377 1749 2459 1817 οἷς
2498 1755 2558 1807 τὸ
2587 1754 2679 1808 τοῦ
2758 1753 2996 1825 Χριστοῦ
3047 1756 3192 1808 θεῖον
3225 1754 3398 1826 ὄνομα
3428 1752 3618 1820 ἔδοξά·-

348 1844 497 1908 ζετο,
523 1845 639 1897 ἀλλ’
661 1845 798 1915 ὅπερ
830 1845 966 1915 ἔφην
1001 1846 1253 1898 διαϐόλου
1298 1847 1488 1915 φθόνος
1560 1846 1653 1898 καὶ
1680 1846 1790 1898 τῶν
1853 1847 2065 1901 ἐκείνου
2127 1848 2484 1918 μιμουμένων
2558 1847 2659 1919 τὴν
2720 1849 2920 1902 κακίαν
2970 1847 3277 1920 ἀνθρώπων
3311 1850 3425 1912 τοῖς
3453 1844 3618 1916 χαλε-

351 1939 473 1998 ποῖς
517 1935 733 1998 τούτοις
773 1936 980 1989 ἔδωκαν
1006 1937 1313 2007 προελθεῖν,

439 2072 587 2126 am
617 2073 728 2141 γὰρ
755 2071 848 2124 καὶ
878 2071 1038 2124 τοῦτο
1093 2073 1385 2143 ὲνειρέρετο
1415 2071 1471 2124 ἓν
1511 2073 1587 2142 τῷ
1613 2073 1926 2142 γράμματι,

2106 2070 2344 2139 Epistula
2394 2082 2576 2126 autem
2624 2071 2676 2126 in
2713 2083 2804 2126 tua
2837 2073 3112 2143 scripsisti
3151 2084 3201 2129 te
3238 2075 3377 2130 nihil
3413 2078 3520 2133 nisi
3550 2096 3617 2133 cx

345 2165 426 2228 ὡς
455 2166 689 2234 ἀγαπῶν
746 2165 808 2218 τὸ
840 2164 1121 2235 ὁμόψυχον
1169 2167 1264 2218 καὶ
1294 2169 1354 2218 τὺ
1396 2166 1721 2236 εἰρηνεύειν,
1759 2166 1935 2219 πάντα

347 2261 616 2327 πράττεις
659 2258 694 2312 ἃ
735 2257 1018 2328 πράττεις.
1069 2259 1178 2311 Καὶ
1204 2261 1264 2310 τὸ
1308 2261 1407 2328 μὲν
1433 2259 1712 2330 ὁμόψυχον
1749 2261 1842 2312 καὶ
1874 2258 1935 2313 τὸ

348 2350 658 2421 εἰρηνεύειν
693 2349 852 2420 ἔργον
872 2349 964 2430 τοῦ
987 2350 1219 2418 ἀγαθοῦ,
1241 2351 1373 2404 τὸδὲ
1400 2352 1660 2423 πράττειν
1690 2353 1724 2406 ἂ
1759 2353 1933 2424 πράτ-

350 2441 682 2510 τει;,-ἔργον
734 2440 828 2493 τοῦ
873 2442 1135 2513 πονηροῦ.
1178 2443 1366 2506 Οὐδεὶς
1405 2445 1632 2515 εἰρήνην
1659 2445 1930 2515 ἐπιζητῶν

351 2532 704 2585 ἐπιϐουλεύει
755 2533 967 2586 ἐκείνου
1030 2528 1150 2604 μεθ’
1179 2529 1240 2587 οὗ
1285 2537 1589 2607 εἰρηνεύειν
1639 2537 1930 2606 ἐπιζητεῖ·

349 2625 528 2688 οὐδεὶς
556 2625 833 2695 ὁμόψυχον
876 2625 1018 2695 ἔχειν
1075 2627 1402 2696 βουλόμενός
1451 2646 1593 2692 τινα,
1645 2632 1709 2700 τῇ
1750 2632 1930 2699 σφαγῇ

351 2718 547 2772 τούτου
583 2718 784 2788 μιαίνει
850 2719 949 2782 τὰς
1009 2721 1223 2790 χεῖρας,
1278 2719 1413 2772 ἀλλὰ
1460 2719 1781 2789 θεραπεύει,
1817 2719 1932 2773 ἀλλ’

352 2811 568 2881 ἀγαπᾷ,
606 2810 741 2864 ἀλλὰ
772 2811 940 2864 παντί
998 2813 1187 2881 τρόπρ
1217 2813 1286 2864 τὰ
1312 2814 1412 2882 τῆς
1453 2812 1660 2863 ἐκείνου
1691 2812 1931 2875 ἀνέσεως

350 2905 626 2956 ἐπιτελεῖν
674 2904 1023 2972 ἀγωνίζεται.
1079 2905 1160 2957 Τὰ
1197 2885 1255 2957 δὲ
1290 2905 1531 2976 ὑμέτερα
1571 2906 1631 2957 οὐ
1681 2905 1928 2970 τοιαῦτα,

351 2996 555 3049 οὐκοῦν
604 2995 724 3048 οὐδὲ
777 2995 1094 3066 ὁμοψυχεῖν,
1122 2996 1240 3049 οὲδὲ
1282 2997 1586 3066 εἰρηνεύειν
1616 2995 1934 3065 ἐπιζητούνι

352 3106 488 3153 των,
560 3087 697 3140 ἀλλά
758 3088 1075 3142 τούναντίον
1131 3087 1330 3158 μᾶλλον
1391 3087 1788 3157 ἐχθραινύντων
1839 3089 1934 3140 καὶ

356 3180 706 3249 μαχομένων,
737 3181 832 3232 καὶ
870 3179 991 3250 μηδ’
1043 3180 1202 3232 ὅτιτί
1242 3179 1371 3232 ποτέ
1411 3183 1558 3232 ἐστιν
1585 3180 1776 3249 εἰρήνη
1808 3165 1932 3232 συν-

358 3272 575 3325 ιέντων.
611 3273 720 3325 Καὶ
783 3272 956 3325 ταῦτα
1016 3273 1326 3342 γράφομεν,
1360 3272 1549 3325 τέκνον
1599 3272 1777 3342 ἡμῶν,
1812 3271 1931 3340 οὐχὶ

2041 2180 2233 2218 amore
2275 2167 2582 2220 concordia:
2619 2175 2671 2220 et
2697 2167 2849 2236 pa‘cis
2883 2167 3083 2221 facere.
3117 2165 3294 2238 Opera
3326 2169 3451 2224 boni
3495 2169 3617 2242 Spi-

2041 2255 2180 2310 ritus
2228 2267 2358 2310 sunt
2396 2257 2692 2311 concordia
2734 2269 2785 2313 ct
2823 2275 2962 2329 pax;
3006 2275 3128 2330 quae
3167 2275 3299 2315 vero
3326 2263 3443 2334 agis
3490 2265 3616 2320 mali

2039 2346 2266 2415 spiritus
2319 2361 2469 2402 sunt.
2525 2345 2695 2403 Nemo
2757 2365 2946 2420 pacem
3003 2367 3256 2422 quaerens
3320 2353 3616 2410 insidiatur

2036 2439 2270 2502 homini,
2325 2456 2562 2509 quocum
2613 2443 2665 2496 in
2711 2459 2840 2513 pace
2887 2461 3109 2501 manere
3159 2456 3400 2516 exeptat.
3447 2446 3616 2502 Nemo

2037 2530 2278 2585 hominis
2333 2547 2571 2600 quocum
2626 2536 2678 2588 in
2726 2536 3020 2591 concordia
3055 2538 3169 2591 vult
3217 2538 3420 2602 vivere,
3470 2543 3617 2593 caede

2035 2636 2234 2676 manus
2279 2639 2410 2678 suas
2452 2637 2732 2694 cruentat,
2783 2628 2878 2682 sed
2933 2629 2984 2682 iu
3037 2645 3163 2684 eum
3205 2631 3403 2699 oﬂieia,
3450 2632 3614 2696 bona,

2037 2728 2315 2780 amorem,
2379 2717 2752 2787 gratiamque,
2832 2735 3053 2790 quoquo
3125 2719 3288 2777 modo
3363 2724 3615 2780 conferre

2041 2806 2339 2859 contendit.
2397 2807 2516 2861 Non
2564 2809 2687 2862 talia
2735 2819 2864 2864 sunt
2906 2827 3028 2881 qua:
3069 2813 3253 2884 agitis,
3307 2813 3402 2868 sed
3451 2828 3615 2884 opera

2041 2895 2325 2951 hominum
2360 2901 2474 2968 qui,
2532 2900 2730 2954 nedum
2769 2903 3120 2957 concordiam
3155 2913 3208 2957 et
3239 2919 3426 2974 pacem
3467 2921 3617 2975 qum-

2043 2995 2185 3052 rant,
2217 2988 2340 3042 odia
2372 2998 2426 3044 et
2459 2991 2601 3044 bella
2636 3003 3067 3060 persequuntur,
3101 2995 3212 3049 imo
3248 2994 3378 3064 quid
3412 2996 3483 3050 sit
3514 3013 3616 3068 pax

2041 3077 2315 3149 ignorant.
2342 3079 2496 3135 Talia
2523 3083 2726 3145 scribo,
2758 3100 2863 3138 non
2903 3096 2962 3139 ut
2991 3086 3333 3156 ignorantem
3364 3085 3614 3152 doceam,

2041 3172 2134 3225 sed
2169 3171 2296 3241 quia
2347 3174 2534 3227 nescio
2573 3189 2713 3242 quos
2762 3176 2991 3244 epistola
3045 3177 3300 3233 videatur
3342 3179 3614 3250 decipere.

2040 3259 2171 3315 Mihi
2227 3272 2409 3317 autem
2465 3265 2823 3334 interroganti
2874 3269 3159 3335 responde.
3219 3267 3280 3323 Si
3327 3270 3472 3338 quis,
3525 3281 3618 3324 aut

350 3366 704 3427 διδάσκοντες
729 3364 804 3426 ὡς
857 3366 1177 3432 ἀγνοοῦντα,
1219 3364 1334 3418 ἀλλ’
1381 3365 1462 3418 ὅτι
1493 3364 1582 3417 διὰ
1619 3365 1729 3416 τῶν
1761 3364 1934 3417 τοιού-

2040 3353 2226 3424 frater,
2259 3365 2353 3409 aut
2391 3355 2558 3420 ﬁlius,
2607 3357 2681 3411 ita
2728 3358 2873 3411 omni
2908 3359 3069 3413 modo
3110 3374 3314 3429 ageret,
3349 3372 3404 3414 ut
3438 3361 3618 3416 dOmi-

351 3471 469 3508 των
498 3457 785 3526 ῥημάτων,
804 3455 905 3507 οὐκ
924 3451 1043 3509 οἶδα
1069 3456 1222 3518 τίνας
1249 3455 1398 3508 δοκεῖ
1418 3455 1726 3526 τὸγράμμα
1755 3473 1935 3527 παρα-

350 3548 696 3616 λογίζεσθαι.
745 3547 1076 3618 Ἐρωτῶμέν
1110 3564 1191 3611 σε,
1224 3550 1320 3600 καὶ
1359 3547 1714 3618 ἁποκρίθητι.
1749 3548 1816 3602 EE
1844 3567 1929 3612 τις

352 3637 389 3708 ἢ
433 3637 666 3706 ἁδελφὸς
703 3637 736 3707 ἢ
771 3637 882 3690 τῶν
920 3639 1130 3690 τέκνων
1191 3638 1371 3690 αὐτῶν
1397 3637 1706 3707 παρελθὼν,
1756 3639 1934 3691 πάντα

351 3731 593 3800 πράττοι
653 3730 796 3783 ὥστε
847 3729 1030 3781 λαϐεῖν
1073 3729 1172 3799 τὴν
1222 3727 1320 3798 σὴν
1360 3730 1660 3797 κυριότητα
1694 3731 1791 3782 καὶ
1832 3729 1932 3798 τὴν

349 3822 534 3894 ἀρχὴν
564 3823 658 3876 τοῦ
681 3823 894 3886 ἔθνους,
932 3818 1052 3875 εἷτα
1093 3823 1244 3890 λέγοι
1273 3822 1345 3885 ὼς
1374 3823 1604 3892 Πράττω
1632 3821 1805 3876 ταῦτα
1845 3823 1940 3876 καὶ⁵

349 3915 698 3984 ἀγωνίζομαι
748 3914 911 3984 χάριν
967 3913 1061 3965 τοῦ
1113 3908 1254 3966 εἶναι
1285 3912 1561 3983 ὁμόψυχός
1594 3930 1676 3965 σοι
1727 3911 1937 3966 καὶτοῦ

351 4004 689 4077 εἰρηνεύειν,
714 4001 823 4075 ἆρα
855 4005 1045 4057 τοῦτον
1071 4005 1305 4074 ἀποδέξῃ
1330 4005 1426 4073 τῆς
1454 4003 1710 4074 τοιαύτης
1743 4021 1939 4071 προαι-

354 4101 588 4170 ρέσεως,
629 4099 661 4168 ἢ
698 4098 773 4160 ὡς
800 4097 1086 4151 ἐπίϐουλον
1119 4099 1216 4149 καὶ
1247 4096 1440 4166 ἐχθρὸν
1465 4098 1631 4149 παντί
1650 4097 1835 4166 τρόπῳ
1848 4095 1940 4148 καὶ

350 4194 454 4262 τῆς
481 4194 614 4261 ὅλης
659 4193 822 4245 αὐτὸν
853 4191 1128 4256 exerceat;
1157 4189 1375 4260 χώρας;
1429 4190 1539 4242 Καὶ
1576 4189 1658 4251 τίς
1696 4190 1841 4240 ἐστιν
1883 4188 1940 4250 ὃς

351 4285 519 4339 τοῦτο
556 4287 803 4355 ἀγηοχε;
849 4285 940 4355 Μὴ
967 4283 1142 4336 τοίνυν
1177 4283 1311 4350 μηδὲ
1347 4283 1411 4334 σὺ
1443 4283 1505 4334 ὲκ
1527 4281 1767 4334 τοιούτου
1805 4298 1939 4351 φρο-

358 4378 609 4446 νήματος
652 4375 928 4445 ὁμόψυχος
972 4369 1136 4435 εἶναι,
1181 4372 1318 4442 μηδὲ
1367 4371 1646 4435 ἐπιζητεῖν
1687 4373 1942 4440 τοιαύτην

353 4471 590 4540 εἰρήνην
615 4483 630 4498 ⁸
663 4468 723 4520 τὸ
749 4469 858 4538 γάρ
905 4467 1282 4520 ἰδιοποιείσθαι
1324 4466 1392 4517 τὰ
1423 4466 1703 4536 ἀλλότρια,
1730 4465 1789 4517 τὸ
1820 4465 1944 4536 βού-

353 4560 549 4614 λεσθαι
575 4559 685 4612 τῶν
722 4559 796 4628 μὴ
841 4557 1246 4626 προσηκόντων
1276 4554 1600 4618 ἐπιϐαίνειν,
1630 4555 1940 4626 τυραννίδος

2039 3449 2190 3502 nium
2243 3457 2395 3502 tttttm
2447 3450 2734 3519 gentisque
2785 3459 2892 3505 ture
2943 3451 3232 3520 imperium
3290 3455 3614 3524 subriperet,

2039 3542 2226 3597 direns
2274 3558 2334 3597 se
2374 3542 2511 3596 nihil
2567 3543 2715 3597 aliud
2771 3543 2876 3598 nisi
2925 3561 3115 3613 pacem
3158 3547 3618 3616 concordiamque

2042 3645 2220 3688 tecum
2258 3635 2564 3690 habendam
2622 3636 2779 3701 velle,
2827 3637 3064 3692 istiusne
3123 3648 3330 3709 gratam
3389 3641 3618 3694 haberes

2041 3728 2235 3797 agendi
2278 3729 2582 3783 rationem?
2634 3745 2814 3784 nonne
2861 3732 3044 3799 potius
3087 3733 3250 3786 istum
3283 3733 3440 3802 quasi
3483 3733 3618 3787 insi-

2042 3823 2305 3874 diatorem
2368 3821 2692 3890 hostemque
2743 3839 2805 3875 ex
2857 3833 2946 3878 tua
3001 3824 3226 3893 regione
3267 3824 3615 3893 expelleres?

2044 3913 2244 3983 Ecquis
2299 3913 2372 3967 ita
2415 3916 2557 3986 egit?
2605 3914 2722 3968 Non
2773 3924 2826 3968 tu
2879 3931 3011 3969 sane
3065 3931 3130 3970 ex
3189 3916 3284 3970 tali
3335 3918 3617 3986 proposito

2043 4002 2391 4056 concordiam
2430 4013 2483 4056 et
2523 4018 2708 4072 pacem
2758 4003 2894 4057 velis
2929 4019 3194 4072 quaerere.
3230 4005 3422 4058 Aliena
3471 4005 3616 4059 enirn

2044 4110 2312 4164 occupare
2352 4104 2448 4149 aut
2495 4096 2634 4148 velle
2680 4096 2934 4148 invadere
2970 4097 3275 4166 tyrannidis
3318 4107 3402 4151 est
3444 4097 3618 4152 hosti-

2044 4189 2220 4257 lisque
2263 4188 2515 4251 rationis,
2548 4202 2656 4241 non
2689 4195 2871 4240 autem
2919 4187 3227 4242 concordiae
3271 4189 3619 4258 paciﬁczeque

2046 4280 2438 4334 institutionis.
2491 4277 2691 4333 Nescio
2745 4294 2844 4333 cur
2893 4281 3253 4345 merularum,
3304 4281 3616 4343 simiorum,

2043 4381 2138 4426 aut
2200 4373 2444 4441 picarum
2503 4386 2685 4425 mores
2736 4370 3096 4425 aﬂ'ectaveris.
3150 4370 3327 4425 Homo
3367 4374 3616 4441 equidem

2045 4458 2225 4535 imago
2275 4465 2390 4528 Dei,
2446 4464 2798 4534 divinamque
2848 4464 3072 4519 imitans
3125 4465 3404 4529 virtutem,
3455 4482 3619 4538 supra

2045 4571 2263 4610 omnem
2321 4555 2581 4608 malitiam
2631 4555 2895 4624 exsurgit,
2945 4556 3192 4625 ipseque,
3238 4567 3502 4625 quantum
3566 4559 3618 4612 in

355 4654 479 4704 ἐστὶ
524 4651 622 4704 καὶ
665 4650 978 4720 μαχομένου
1004 4647 1237 4717 τρόπου,
1288 4644 1404 4698 ἀλλ’
1451 4645 1571 4715 ούχί
1611 4643 1934 4714 ἐμοψυχῐας,

2047 4647 2266 4702 homine
2297 4656 2402 4710 est,
2433 4645 2491 4699 lit
2525 4644 2690 4711 Deus,
2721 4646 2786 4700 ad
2812 4646 3046 4716 idipsum
3077 4657 3324 4716 creatus;
3363 4648 3617 4704 animalia

354 4743 483 4797 οὐδὲ
511 4741 799 4813 εἰρηνικῆς
828 4739 1242 4802 καταστάσεως.
1275 4739 1340 4791 Ἢ
1369 4737 1423 4790 δὲ
1453 4739 1579 4805 περὶ
1603 4736 1710 4789 τῶν
1743 4736 1940 4789 κοσσύ-

359 4853 481 4904 φων
540 4837 636 4888 καὶ
686 4837 795 4887 τῶν
832 4834 1083 4903 πιθήκων
1137 4834 1231 4885 καὶ
1274 4831 1382 4884 τῶν
1423 4830 1630 4883 κισσῶν
1660 4830 1816 4900 χρεία
1841 4829 1940 4880 οῦκ

297 4925 304 4935 ’
353 4925 484 4981 οἰδα
515 4930 593 4990 εἰς
635 4929 690 4980 τί
746 4944 829 4981 σοι
889 4925 1282 4997 προϐέϐληται.
1330 4923 1651 4994 Ἀνθρωπος
1687 4923 1784 4993 μὲν
1833 4923 1940 4991 γάρ

353 5024 530 5078 εἰκών
565 5026 682 5076 ἑστι
714 5021 872 5085 Θεοῦ,
907 5021 1002 5074 καὶ
1032 5023 1132 5091 τὴν
1165 5020 1317 5074 θείαν
1352 5018 1688 5089 μιμούμενος
1721 5016 1942 5086 ἀρετὴν,

352 5119 577 5186 γίνεται
617 5119 887 5187 κρείττων
917 5115 1099 5184 πάσης
1132 5113 1350 5177 κακίας,
1381 5112 1476 5166 καὶ
1514 5113 1639 5163 ὅσον
1672 5109 1943 5182 ἀνθρώπῳ

2043 4757 2176 4794 vero
2205 4740 2272 4794 de
2305 4740 2508 4808 quibus
2540 4739 2802 4809 loqueris,
2842 4741 2886 4792 si
2921 4738 3052 4808 quid
3081 4740 3147 4794 ad
3177 4740 3454 4795 hominem
3494 4744 3620 4796 imi-

2051 4831 2275 4897 tatione,
2302 4832 2545 4886 actiones
2569 4840 2748 4886 tamen
2775 4833 3046 4886 humanas
3071 4847 3313 4897 unquam
3339 4833 3580 4888 referunt
3605 4851 3618 4886 :

2047 4925 2248 4994 quippe
2305 4939 2426 4992 quze
2480 4925 2731 4978 humana:
2782 4924 2968 4979 virtuti
3033 4925 3298 4996 imparia,
3369 4926 3619 4980 homines

2048 5017 2234 5070 vacari
2282 5015 2429 5070 nulla
2477 5016 2690 5071 ratione
2718 5027 2973 5086 possunt,
3008 5019 3149 5074 sicut
3198 5019 3385 5084 humo,
3427 5017 3519 5090 qui
3553 5019 3620 5071 ab

2051 5109 2166 5178 ipso
2207 5107 2313 5164 Deo
2349 5110 2535 5164 vocari
2569 5109 2714 5166 Deus
2745 5126 2811 5166 ex
2841 5128 3140 5184 progressu
3186 5114 3406 5182 accipit.

350 5179 586 5265 δυνατὸν
631 5179 786 5273 ὀξὺς,
818 5207 913 5261 καὶ
942 5206 1032 5260 διὰ
1055 5179 1222 5258 ’τοῦτο
1255 5204 1407 5274 παρὰ
1435 5201 1571 5256 Θεοῦ
1606 5179 2069 5273 δεδημιούργηται
2092 5218 2106 5233 ·
2140 5201 2174 5252 ἃ
2225 5201 2268 5254 δ’
2303 5201 2439 5272 ἔφης
2477 5201 2616 5268 ζῶα,
2656 5205 2704 5258 εί
2740 5179 2859 5258 καὶ*
2887 5179 3126 5278 μιμηλόν
3150 5225 3200 5260 τι
3241 5179 3378 5278 πρὸς
3412 5179 3622 5274 ἅνθρω-

352 5319 459 5356 πον
500 5303 894 5364 ἐπιδείκνυται,
962 5299 1080 5353 ἀλλ’
1103 5299 1256 5351 οὐδὲν
1322 5297 1458 5367 πρὸς
1500 5297 1569 5349 τὰ
1615 5294 1934 5366 ἀνθρώπινα
2002 5294 2341 5364 πράγματα’
2408 5293 2534 5348 οὔτε
2582 5296 2692 5368 γὰρ
2744 5297 3036 5369 ἀνθρώπου
3085 5297 3285 5380 ἀρετὴν
3327 5297 3622 5352 ἀναλαϐεῖν

355 5401 526 5463 κανᾶ,
567 5396 692 5450 οὔτε
755 5396 1045 5466 ἄνθρωπος
1096 5392 1355 5462 λέγεσθαι
1401 5390 1849 5461 καθόίονδήποτε
1889 5387 2113 5462 τρόπον,
2170 5388 2360 5461 ὥσπερ
2416 5391 2481 5444 ὲκ
2520 5392 2809 5463 προκοπῆς
2856 5395 2884 5446 ὁ
2936 5393 3224 5463 ἄνθρωπος
3267 5392 3418 5462 παρὰ
3482 5392 3620 5446 Θεοῦ
3672 5411 3678 5418 ’

357 5489 632 5560 λαμϐάνει
663 5488 724 5541 τδ
756 5486 1039 5541 καλεῖσθαι
1080 5485 1236 5549 Θεός.

439 5631 586 5700 Πλὴν
623 5633 718 5687 καὶ
751 5632 933 5693 τοῦτο,
962 5630 1157 5685 τέκνον
1179 5629 1361 5700 ἡμῶν,
1393 5626 1454 5680 τὸ
1489 5625 1843 5715 παράδειγμα
1894 5624 1944 5676 εἰ

2125 5622 2336 5692 Itaque,
2372 5638 2406 5677 ο
2435 5621 2532 5691 ﬁli,
2570 5622 2901 5707 exemplum,
2935 5621 2991 5698 si
3030 5638 3097 5680 ex
3131 5626 3404 5697 prioribus
3456 5629 3618 5687 dictis
