3996 6208
358 283 459 345 H3

1480 278 1529 337 Ν
1543 274 1783 336 ICDLAI
1830 274 1938 333 (ΖΡ.
1981 272 2176 331 ΡΑΊἮ
2195 270 2500 331 ΙΑιὶΟΗᾹΞ

3496 269 3599 331 1H

352 388 606 459 colligere
642 387 796 452 velis,
828 388 1026 444 similia
1069 387 1285 442 suadet.
1322 387 1376 440 Si
1410 387 1461 439 in
1495 386 1596 441 hoc
1622 382 1919 438 Christiani

2032 381 2245 450 βούλοιο
2292 379 2530 452 συνορᾷν
2568 382 2680 442 τοῖς
2713 379 3023 452 ἔμπροσθεν
3067 381 3401 453 εἰρημένοις,
3445 381 3609 452 ὃμοια

351 490 679 541 noscuntur,
734 481 876 550 quod
932 480 1305 551 apostolorum
1354 486 1578 532 servant
1629 482 1922 545 praecepta,

348 586 648 641 pacemque
670 582 875 633 amant,
901 572 1076 641 abjicc
1101 587 1274 632 arma,
1303 570 1503 625 bellum
1530 582 1706 627 cessa,
1729 581 1924 619 manus

350 665 617 735 sanguine
670 664 985 718 Christiano
1030 662 1206 721 laedas
1252 660 1501 729 puriﬁca,
1540 667 1811 713 revertere
1856 657 1923 710 ad

351 757 591 826 priscum
626 762 852 819 statum,
879 769 1114 825 agnosce
1150 762 1333 822 patres
1369 751 1697 819 fratresque,
1731 764 1925 803 rursus

355 848 580 918 capiens
626 863 843 913 sensus,
896 861 1033 916 quos
1067 859 1376 900 communis
1412 845 1463 897 in
1520 842 1716 912 spiritu
1768 843 1923 911 origo

354 938 623 1007 praecipit,
661 946 1013 1006 mentemque
1047 936 1327 1005 deponens
1356 950 1516 1003 quam
1549 931 1750 986 diaboli
1779 932 1921 985 invi-

353 1030 440 1082 dia
501 1009 898 1097 hominumque
962 1027 1201 1097 nequitia
1260 1027 1596 1081 instruxere.
1657 1022 1783 1077 llaec
1838 1032 1922 1076 est

353 1116 639 1175 verissima
700 1135 838 1190 pax,
887 1132 1051 1188 quam
1108 1132 1214 1173 non
1268 1117 1413 1172 valet
1467 1131 1621 1171 error
1666 1113 1917 1177 auferre,

351 1210 562 1265 scilicet
598 1210 756 1264 linem
790 1209 945 1265 bellis
968 1210 1278 1277 imponere,
1301 1208 1583 1278 sanguinis
1606 1206 1921 1261 eﬂ‘usionem

286 1296 289 1299 ⁷
352 1301 622 1364 inhibere,
656 1301 852 1370 opibus
901 1299 1313 1367 honoribusque
1357 1310 1673 1352 contentum
1722 1297 1924 1359 vivere,

352 1408 493 1461 qum,
540 1393 650 1447 Deo
703 1391 1042 1460 providente,
1092 1406 1157 1444 ex
1212 1390 1447 1459 potentia
1497 1399 1552 1443 ct
1593 1404 1621 1441 a
1674 1388 1923 1458 patribus

352 1484 647 1554 accepisti,
712 1484 846 1537 lines
898 1496 1118 1537 servare
1168 1497 1196 1535 a
1256 1482 1506 1551 patribus
1559 1481 1920 1543 constitutos,

356 1592 661 1646 paremque
691 1576 955 1645 Bulgaros
1000 1577 1141 1630 inter
1178 1584 1232 1628 et
1265 1573 1538 1629 Romanos
1573 1576 1760 1630 ictam.
1798 1590 1921 1627 cum

350 1668 419 1721 ad
451 1668 655 1721 Christi
705 1667 908 1737 Deique
945 1668 1223 1721 notionem
1266 1666 1513 1719 venistis.
1546 1664 1656 1720 llas
1690 1670 1734 1719 si
1772 1669 1927 1736 cogi-

352 1758 591 1812 tationes
644 1756 1045 1826 acceperimus,
1094 1772 1201 1810 non
1258 1756 1454 1810 valebit
1499 1755 1747 1810 diabolus
1801 1773 1923 1810 (cum

351 1857 466 1901 toto
488 1851 732 1903 exercitu
768 1864 952 1919 pacem
985 1857 1226 1903 nostram
1262 1848 1495 1902 diruere.
1531 1847 1633 1904 Sed
1661 1851 1924 1918 (inquies)

353 1939 495 1994 0.-υε
528 1942 720 1995 statuit
762 1955 861 1994 nos
908 1939 1215 1995 llomanum
1266 1940 1552 2010 imperium
1591 1952 1928 2013 expugnatu-

353 2046 461 2087 ros.
504 2030 686 2087 Fallax
721 2033 1091 2096 ratiocinium,
1129 2033 1383 2087 indecora
1426 2033 1703 2103 cogitatio,
1746 2037 1926 2089 incer-

352 2130 549 2190 tusque
577 2120 699 2175 linis
732 2120 1069 2190 propositus.
1105 2120 1257 2175 Multi
1295 2137 1483 2191 parum
1513 2125 1755 2177 contenti
1787 2140 1925 2194 pra:-

355 2208 625 2273 sentibus,
678 2210 1052 2281 amplioraqne
1096 2212 1466 2274 obtentantes,
1497 2226 1557 2266 ea
1608 2229 1728 2282 quae
1773 2216 1927 2285 prius

358 2300 724 2369 possederant
749 2299 1121 2370 perdiderunt.
1154 2301 1231 2356 lta
1259 2317 1344 2357 res
1372 2303 1647 2365 humanae,
1681 2302 1926 2370 lubricae,

357 2392 659 2448 instabiles.
691 2392 804 2449 Nisi
838 2393 984 2449 Deus
1014 2395 1171 2449 aliter
1201 2395 1458 2457 voluerit,
1501 2404 1718 2463 oportet
1748 2396 1926 2450 homi-

355 2499 479 2538 nem
508 2486 596 2554 qui
624 2485 851 2541 conlidit
880 2501 939 2541 se
972 2501 1002 2539 a
1036 2484 1146 2540 Deo
1177 2485 1379 2555 aliqqu
1429 2496 1802 2555 accepturum,
1836 2487 1927 2542 Dei

352 2576 616 2648 iudicium
639 2586 975 2648 exspectare.
1005 2576 1083 2631 Ex
1109 2592 1174 2633 co
1199 2578 1375 2631 solum
1400 2586 1613 2645 sperata
1636 2578 1926 2645 obtinebit,

354 2667 552 2722 nedum
594 2667 648 2721 in
695 2667 1082 2733 mactationes,
1114 2666 1312 2733 caedes,
1341 2665 1454 2721 sive
1494 2667 1600 2719 alia
1633 2682 1753 2735 qua-
1792 2669 1930 2722 Deus

354 2758 551 2820 oderit,
584 2767 925 2828 prorumpat.
966 2757 1244 2822 Quosnam
1288 2756 1435 2810 enim
1475 2755 1556 2810 sic
1602 2755 1928 2825 aggredere-

358 2852 473 2906 ris?
524 2850 641 2904 Non
693 2860 883 2919 gentes
917 2847 1010 2900 Dei
1069 2848 1307 2915 ignaras,
1357 2862 1387 2899 a
1432 2845 1654 2900 Christo
1697 2845 1925 2912 alienas,

358 2942 511 2996 vobis
554 2940 803 3006 infestas,
857 2938 947 2991 sed
1010 2946 1216 3007 patres,
1270 2935 1490 3002 fratres,
1538 2936 1786 2991 homines
1832 2937 1925 3004 qui

359 3034 532 3099 vobis,
572 3033 728 3102 quasi
783 3031 913 3085 [iliis
957 3029 1093 3092 suis,
1145 3028 1448 3083 consulturi
1477 3030 1697 3083 fuerunt
1743 3029 1927 3098 positi.

359 3124 517 3179 'l‘ales
557 3123 821 3178 adversus
862 3122 1110 3177 homines
1144 3121 1378 3176 barbaro
1430 3120 1481 3174 in
1518 3120 1679 3175 modo
1725 3121 1926 3175 bellum

358 3215 697 3285 suscepistis,
721 3215 1011 3271 consilium
1036 3214 1359 3284 arripientes
1382 3213 1561 3267 standi
1582 3212 1635 3267 in
1659 3214 1849 3279 armis,
1878 3222 1933 3267 et

361 3306 973 3377 usurpandi'imperium
1005 3304 1302 3361 Christiani
1327 3304 1609 3374 sanguinis
1643 3303 1928 3371 ellusionc,

359 3402 721 3473 impossibilia
757 3403 839 3457 sic
874 3402 1206 3455 adorientes.

2024 476 2287 543 παραινεῖ
2316 490 2331 508 ο
2366 474 2416 527 εί
2454 474 2565 545 γὰρ
2588 475 2646 527 ἐν
2683 475 2861 544 τούτῳ
2878 473 3239 545 γνωρίζονται
3265 475 3610 543 Χριστιανοὶ,

2024 569 2081 617 ὲν
2117 568 2193 636 τῷ
2245 567 2539 635 φυλάττειν
2561 567 2673 619 τῶν
2720 567 3040 621 ἀποστόλων
3084 569 3182 629 τὰς
3213 567 3510 633 διατάξεις,
3553 571 3613 620 ἐν

2026 656 2104 726 τῷ
2169 658 2392 726 ἀγαπᾷν
2450 657 2699 728 εἰρήνην,
2730 658 2886 725 ρίψον
2936 657 3005 709 τὰ
3054 656 3217 724 ὅπλα,
3250 659 3493 711 κατάθου
3522 659 3615 712 τὸν

2028 747 2285 817 πόλεμον,
2342 748 2581 819 κάθαρον
2604 748 2701 811 τὰς
2730 751 2918 818 χεῖρας
2960 751 3024 801 ἐκ
3056 748 3167 801 τῶν
3208 748 3616 818 Χριστιανικῶν

2028 839 2304 907 αἱμάτων,
2358 840 2607 910 ἐπάνηκε
2668 843 2749 901 εἰς
2802 841 2902 909 τὴν
2956 840 3192 911 ἀρχαίαν
3254 840 3657 907 κατάστασιν,2

2027 930 2296 999 ἐπίγνωθι
2358 933 2485 995 τοὺς
2545 933 2789 1003 πατέρας
2835 933 2932 984 καὶ
2992 932 3289 1002 ἀδελφοὺς,
3324 926 3693 1011 ἀναλαϐὼν(
3752 980 3757 983 ,

2028 1023 2272 1076 διάθεσιν
2301 1023 2367 1094 ἢν
2395 1025 2427 1092 ή
2474 1025 2537 1076 ἐκ
2568 1024 2663 1076 τοῦ
2689 1024 3003 1093 πνεύματος
3027 1025 3320 1093 συγγένεια
3341 1024 3612 1094 βούλεται,
3664 1013 3690 1026 ’

2033 1117 2127 1167 καί
2162 1114 2430 1169 κατάλιπε
2470 1115 2568 1186 τὴν
2595 1116 2821 1186 γνώμην
2870 1116 3006 1188 πρὸς
3033 1116 3099 1185 ἢν
3121 1116 3389 1185 βασκανία
3424 1116 3614 1186 δαίμο⁹

2034 1224 2121 1269 νος
2158 1208 2252 1261 καὶ
2307 1208 2617 1278 ἀνθρώπων
2674 1210 2908 1279 πονηρία
2972 1208 3400 1265 κατεσκεύασεν.
3461 1209 3613 1280 Αὕτη

2024 1298 2173 1351 ἐστὶν
2196 1299 2270 1362 ὡς
2290 1300 2507 1369 ἀληθῶς
2530 1301 2744 1370 εἰρήνη,
2768 1300 2834 1370 ἢν
2859 1300 2959 1353 οὐκ
2991 1300 3169 1369 ἰσχύει
3187 1300 3365 1369 πλάνη
3398 1300 3613 1371 ἐξᾶραι,

2029 1389 2090 1439 τὸ
2121 1389 2398 1458 παυθῆναι
2439 1389 2563 1451 τοὺς
2584 1388 2878 1456 πολέμους,
2908 1390 2967 1440 τὸ
2998 1389 3341 1456 ἀνακοπῆναι
3367 1389 3466 1450 τάς
3501 1389 3611 1440 τῶν

2032 1478 2284 1546 αἱμάτων
2325 1479 2536 1548 χύσεις,
2573 1480 2632 1531 τὸ
2678 1478 2967 1548 ἀρκεῖσθαί
2999 1496 3057 1531 σε
3088 1481 3153 1549 τῇ
3197 1479 3349 1549 παρά
3378 1477 3511 1531 Θεοῦ
3554 1478 3615 1542 ἐξ

2035 1571 2209 1640 ἀρχῆς
2243 1570 2339 1623 καὶ¹
2366 1571 2428 1622 ἐκ
2455 1570 2562 1622 τῶν
2593 1572 2846 1641 πατέρων
2870 1570 3133 1640 δεδομένῃ
3157 1587 3239 1623 σοι
3272 1571 3487 1640 ἐξουσίᾳ
3519 1572 3613 1623 καὶ

2031 1666 2189 1733 τιμῇ,
2219 1663 2279 1715 τὸ
2314 1662 2389 1733 μὴ
2417 1663 2768 1734 ὑπερϐαίνειν
2811 1664 2936 1733 ὅρια
2973 1663 3007 1716 ἃ.
3059 1664 3243 1715 ἔθεντο
3282 1665 3331 1715 οἱ
3368 1664 3613 1734 πατέρες

2035 1771 2149 1819 σου,
2187 1755 2280 1808 καὶ
2312 1755 2411 1826 τὴν
2439 1754 2646 1824 μεταξὺ
2684 1755 3010 1823 Βουλγάρων
3051 1755 3144 1808 καὶ
3186 1752 3490 1824 Ῥωμαίων,
3519 1754 3610 1807 ὅτε

2034 1845 2126 1897 τὸν
2184 1848 2420 1915 Χριστὸν
2448 1847 2724 1914 ἐπέγνωτε
2767 1847 2859 1899 καὶ
2888 1846 3044 1908 Θεὸν,
3091 1845 3617 1915 συμπεφωνημένην

2033 1936 2280 2007 εἰρήνην.
2324 1938 2383 1989 Εἰ
2441 1936 2612 2001 οὕτως
2659 1938 2988 2008 φρονοῦμεν,
3027 1938 3196 2000 ὅντως
3232 1936 3353 1990 οὐδὲ
3387 1937 3548 2000 αὐτὸς
3582 1938 3613 1989 ὁ

2030 2028 2278 2091 διάϐολος
2328 2028 2467 2099 μετὰ
2507 2029 2689 2099 πάσης
2734 2029 2901 2083 αὐτοῦ
2940 2033 3041 2101 τῆς
3096 2030 3359 2101 στρατιᾶς
3389 2045 3612 2098 κεκινη-

2040 2122 2203 2189 μένος
2238 2122 2595 2192 παρατρέψαι
2636 2122 2737 2191 τὴν
2755 2122 2893 2193 πρὸς
2920 2122 2977 2175 σέ
3007 2123 3232 2191 εἰρήνην
3268 2121 3424 2192 ἡμῶν
3450 2120 3612 2192 δυνήε-

2034 2226 2213 2263 σεται.
2253 2209 2382 2272 Ναὶ,
2415 2210 2551 2263 ἀλλὰ
2585 2207 2837 2282 βούλημά
2868 2210 3003 2263 Θεοῦ
3043 2210 3141 2281 τὴν
3168 2211 3276 2263 τῶν
3316 2210 3612 2279 Ῥωμαίων

2032 2301 2281 2369 ἐξουσίαν
2317 2303 2462 2373 ὑμᾶς
2506 2302 2694 2356 λαϐεῖν
2715 2320 2727 2332 °
2760 2303 3085 2374 ἐπισφαλεῖς
3123 2305 3172 2356 οἱ
3202 2303 3475 2373 λογισμοὶ,
3508 2303 3611 2355 067.

2030 2390 2311 2461 εὐπρεπὴς
2342 2394 2374 2461 ἡ
2405 2392 2726 2463 ἐνθύμησις,
2762 2394 2955 2464 ἄδηλον
2978 2394 3037 2446 τὸ
3068 2393 3217 2456 τέλος
3247 2394 3327 2457 είς
3347 2393 3374 2445 δ
3401 2410 3606 2446 καταν-

2034 2482 2285 2549 τήσεται.
2312 2483 2504 2535 Πολλοὶ
2528 2486 2637 2546 τοῖς
2661 2484 2797 2547 τέως
2817 2483 3052 2553 παροῦσι
3084 2485 3159 2553 μὴ
3182 2482 3607 2552 ἐπαρκούμενοι,

2037 2570 2174 2622 ἀλλὰ
2219 2572 2358 2642 πρὸς
2389 2572 2615 2626 πλείονα
2648 2574 3127 2644 ὑπερεκτεί.οντες
3166 2575 3417 2639 ἑαυτοὺς,
3445 2572 3539 2626 καὶ
3574 2570 3612 2623 ἃ

2032 2662 2170 2723 τέως
2202 2657 2348 2734 εἶχον
2405 2664 2862 2734 προσαπώλεσαν.
2915 2665 3100 2730 Οὕτως
3142 2667 3261 2719 ἐστὶ
3287 2666 3355 2719 τὰ
3391 2665 3603 2732 ἀνθρώ-

2038 2770 2166 2805 πινα
2188 2732 2511 2824 πράγματα,
2534 2754 2709 2820 οὕτως
2737 2758 3014 2827 ἐπισφαλῆ
3045 2759 3139 2813 καὶ
3176 2757 3434 2813 ἀϐέϐαια·
3470 2759 3611 2828 πλὴν

2036 2844 2085 2895 εί
2125 2842 2378 2917 βούλημα
2401 2847 2562 2913 Θεοῦ,
2594 2848 2676 2901 δεῖ
2700 2849 2792 2902 τὸν
2833 2848 2976 2903 οὕτω
3016 2850 3316 2904 πεποιθότα
3340 2851 3415 2914 ώς
3440 2851 3612 2921 λήψε-

2033 2939 2124 2988 ταί
2170 2954 2220 2989 τι
2255 2938 2408 3009 παρὰ
2459 2939 2622 3006 Θεοῦ,
2665 2940 2878 2995 ἐκείνου
2931 2942 3250 3013 περιμένειν
3281 2942 3379 3014 τὴν
3405 2945 3613 3012 κρίσιν,

2036 3028 2246 3083 ἐκεῖθεν
2287 3030 2607 3101 ἐκδέχεσθαι
2634 3034 2732 3102 τὴν
2756 3034 3033 3105 ἀπόληψιν
3063 3034 3174 3088 τῶν
3208 3033 3611 3104 ἐλπιζομένων.

2039 3121 2175 3175 ἀλλὰ
2219 3123 2293 3193 μὴ
2324 3123 2457 3193 πρὸς
2487 3127 2585 3187 τὰς
2620 3126 2856 3194 σφαγὰς,
2891 3125 3025 3195 πρὸς
3058 3127 3185 3190 τοὺς
3219 3129 3437 3197 φόνους,
3472 3126 3612 3197 πρὸς

2039 3210 2074 3264 ἀ
2104 3213 2414 3282 μεμίσηκεν
2442 3217 2469 3268 ὸ
2500 3214 2630 3278 Θεὸς
2664 3219 2933 3289 ἐφορμᾷν.
2955 3218 3066 3271 Καὶ
3095 3218 3219 3271 τότε
3255 3216 3391 3288 πρὸς
3422 3215 3610 3283 τίνας;

2040 3306 2116 3358 υὺ
2142 3307 2277 3376 πρὸς
2307 3307 2435 3377 ἐθνη
2489 3308 2556 3361 τὰ
2592 3309 2666 3379 μὴ
2698 3310 2875 3362 εἰδότα
2903 3311 3055 3377 Θεὸν,
3093 3311 3155 3363 οὐ
3188 3311 3324 3381 πρὸς
3360 3309 3485 3364 λαὸν
3516 3310 3615 3363 ἀλ-

2040 3398 2255 3468 λότριον
2280 3402 2373 3454 106
2403 3402 2666 3471 Χριστοῦ,
2716 3405 2777 3456 o6
2817 3405 2953 3475 πρὸς
2985 3404 3307 3475 ἀνθρώπους
3335 3402 3615 3472 διακειμέ-

363 3511 487 3560 νους
521 3496 796 3567 πολεμίως
818 3495 955 3565 πρὸς
989 3495 1151 3564 ὑμᾶς,
1182 3493 1316 3547 ἀλλά
1348 3492 1480 3564 πρὸς
1509 3493 1772 3565 πατέρας,
1802 3491 1938 3563 πρὸς
1975 3492 2261 3563 ἀδελφοὺς,
2323 3498 2460 3567 πρὸς
2491 3497 2763 3563 τοιούτους
2839 3499 3182 3571 ἀνθρώπους,
3221 3501 3271 3553 οἳ
3306 3501 3378 3562 ὡς
3405 3499 3613 3551 τέκνων

362 3585 516 3658 ὑμῶν
576 3587 817 3639 ἐτίθεντο
894 3587 1180 3658 πρόνοιαν,
1247 3585 1383 3655 πρὸς
1448 3585 1723 3648 τοιούτους
1784 3584 2293 3656 ἐξεϐαρϐαρώυητε,

2379 3588 2845 3663 ἐξεπολεμώθητε,
2920 3595 3014 3646 καὶ
3087 3593 3363 3664 ἡγήσασθε
3428 3592 3488 3644 τὸ
3550 3591 3611 3642 ἐν

357 3682 470 3741 τοῖς
526 3677 808 3749 ὑμετέροις
858 3676 1043 3742 ὅπλοις
1084 3677 1319 3740 κεῖσθαι,
1364 3680 1455 3730 καὶ
1523 3680 1590 3749 τῇ
1622 3677 1840 3747 ὲκχύσει
1878 3678 1985 3732 τῶν
2026 3680 2425 3751 Χριστιανικῶν
2470 3684 2719 3753 αἱμάτων
2789 3686 3124 3757 παρελέσθαι
3172 3688 3270 3756 τὴν
3303 3684 3474 3756 ἀρχὴν
3510 3688 3610 3738 καὶ

363 3770 661 3840 βασιλείαν,
697 3770 978 3833 ἀδυνάτοις
1010 3773 1106 3840 μὲν
1140 3770 1570 3840 ἐπιχειροῦντες.

430 3948 488 4003 ln
547 3950 729 4002 animo
797 3946 1091 4001 habueram
1145 3947 1358 4017 singula
1406 3963 1638 4018 quaeque
1689 3950 1932 4019 epistolae

360 4051 465 4094 tuae
496 4040 849 4110 perpendere;
888 4041 979 4094 sed
1025 4048 1313 4109 postquam
1355 4039 1503 4096 illius
1544 4043 1926 4097 verbositatem

363 4131 600 4186 intellexi
628 4131 693 4184 ad
729 4146 893 4185 unum
918 4140 970 4184 et
995 4130 1132 4184 idem
1158 4131 1396 4196 tendere,
1432 4132 1573 4200 quod
1607 4133 1699 4186 tibi
1728 4149 1757 4186 a
1782 4135 1927 4202 prin-

361 4224 503 4294 cipio
548 4237 723 4293 usque
779 4222 958 4275 adhuc
1014 4223 1369 4293 proposuisti,
1417 4239 1525 4279 non
1560 4233 1925 4293 opportunum

359 4316 489 4369 duxi
539 4314 850 4385 singulatim
898 4315 1138 4384 epistola:
1194 4314 1542 4385 respondere,
1591 4330 1660 4369 ne
1705 4314 1758 4367 in
1806 4314 1927 4368 loco

2129 3947 2492 4020 Ἐϐουλόμεθα
2518 3950 2857 4004 καθέκαστον
2890 3950 3162 4017 ἐπεξιέναι
3194 3954 3274 4025 τῷ
3296 3956 3605 4027 γράμματι,

2034 4039 2151 4095 ἀλλ’
2184 4039 2267 4093 ὅτι
2304 4039 2621 4110 συνείδομεν
2658 4040 2759 4111 τὴν
2789 4038 2885 4091 τοῦ
2913 4041 3242 4112 γράμματος
3271 4044 3425 4114 ὑμῶν
3455 4046 3610 4098 πολυ-

2033 4133 2222 4202 λογίαν
2241 4132 2377 4203 πρὸς
2406 4132 2503 4185 ἕνα
2524 4133 2620 4185 καὶ
2652 4132 2743 4186 τὸν
2778 4133 2940 4186 αὐτὸν
2971 4136 3172 4189 σκοπὸν
3204 4138 3605 4204 συντείνουσαν,

2034 4228 2202 4295 ὅνπερ
2231 4227 2327 4280 ἀπ’
2357 4227 2537 4298 ἀρχῆς
2556 4228 2652 4282 καὶ
2677 4228 2843 4298 μέχρι
2876 4229 2972 4283 τοῦ
3010 4230 3107 4284 νῦν
3132 4233 3472 4300 άνεδέξασθε,
3506 4234 3609 4287 οὐκ

2035 4316 2212 4380 ἔδοξεν
2245 4317 2389 4387 ἔχειν
2423 4318 2607 4381 καλῶς
2638 4321 2775 4390 πρὸς
2804 4320 3036 4375 ἕκαστον
3066 4323 3463 4395 ἀποκρίνεσθαι
3497 4326 3607 4378 τῶν

359 4405 600 4475 epistola:
631 4407 827 4459 librum
884 4405 1118 4458 scribere
1164 4404 1398 4471 viderer,
1430 4405 1593 4458 nimia
1624 4414 1675 4458 te
1722 4405 1925 4458 verbo-

2036 4408 2459 4479 γεγραμμένων,
2493 4408 2577 4461 ῐνα
2606 4410 2681 4481 μὴ
2709 4412 2829 4464 ἀντὶ
2846 4416 3192 4485 γραμμάτων
3214 4416 3395 4487 βίϐλον
3425 4417 3608 4486 φανῶο

362 4515 482 4553 rum
507 4500 664 4566 copia
690 4499 809 4551 sine
831 4496 1060 4549 utilitate
1080 4494 1399 4564 defatigatis.
1429 4494 1637 4564 Itaque,
1667 4496 1929 4563 prolixius

363 4590 599 4645 scribere
630 4588 922 4651 desistens,
970 4588 1085 4640 haec
1132 4587 1476 4642 solummodo
1525 4587 1700 4642 dicam
1754 4607 1767 4642 :
1818 4588 1931 4643 Meo

362 4686 567 4744 mento,
600 4695 634 4733 ο
666 4678 763 4743 illi,
796 4680 966 4733 istius
1000 4680 1169 4748 elapsi
1216 4682 1499 4750 temporis,
1524 4696 1653 4750 quo,
1695 4681 1932 4750 Spiritus

360 4772 537 4828 sancti
572 4771 791 4825 vinculo
815 4771 1093 4836 astrictus,
1130 4771 1184 4825 in
1205 4786 1392 4826 amore
1425 4772 1594 4842 patris
1621 4783 1673 4828 et
1697 4773 1931 4842 impera-

361 4864 601 4929 toris,ut
652 4862 794 4917 Illius
846 4863 1100 4927 dilectus,
1154 4862 1404 4929 vivebas;
1448 4874 1723 4919 memento
1783 4865 1927 4920 illius

360 4959 510 5023 pacis
543 4955 919 5021 sanctissimae,
952 4969 1073 5024 quae
1100 4964 1250 5010 tanto
1280 4971 1404 5009 cum
1446 4956 1648 5012 honore
1671 4954 1931 5027 Bulgaros

362 5052 500 5105 inter
544 5058 599 5103 et
636 5047 916 5101 Romanos
962 5047 1196 5117 vigebat,
1224 5063 1346 5103 cum
1392 5050 1802 5104 sanctissimum
1837 5051 1926 5105 Dei

364 5155 558 5195 nomen
590 5142 654 5193 ab
688 5152 921 5207 utroque
946 5139 1142 5207 populo
1163 5155 1269 5192 una
1298 5148 1477 5194 mente
1508 5141 1926 5210 glorilicaretur,

360 5234 483 5282 clm:
515 5231 769 5284 diabolus
829 5231 1059 5297 ejusque
1096 5227 1228 5283 socii
1266 5227 1537 5283 daemones
1583 5230 1926 5284 securitatem

362 5332 617 5383 vestram,
641 5324 938 5376 fraternum
975 5333 1239 5381 amorem,
1262 5323 1383 5389 pios
1402 5330 1727 5390 sanctosque
1751 5336 1927 5375 mores

360 5420 641 5478 gemerent
685 5424 737 5466 et
783 5413 1227 5473 lamentarentur,
1279 5424 1400 5462 cum
1443 5409 1726 5479 Bulgaros,
1755 5426 1786 5464 ο
1827 5411 1924 5473 ﬁli,

359 5514 514 5554 suam
566 5509 765 5554 terram
826 5504 1102 5573 ingressos
1148 5498 1376 5553 Romani
1429 5514 1552 5553 cum
1610 5501 1808 5569 gaudio
1868 5510 1922 5554 et

363 5589 695 5656 benignitate
731 5592 1065 5661 exciperent,
1100 5605 1302 5662 vosque
1344 5587 1607 5643 Romanis
1636 5590 1926 5645 advenien-

361 5686 504 5742 tibus
564 5697 686 5737 cum
748 5683 932 5735 laetitia
982 5695 1033 5739 et
1078 5682 1436 5739 exsultatione
1491 5681 1921 5738 ohlectaremini.

2044 4517 2140 4569 μεν
2180 4498 2507 4569 γράφοντες,
2532 4502 2624 4553 καὶ
2655 4503 3056 4570 συγκόπτοντες
3079 4506 3181 4574 μὲν
3206 4507 3266 4560 σὲ
3302 4511 3367 4577 τῇ
3403 4508 3608 4579 πολυρ-

2036 4589 2344 4661 ρημοσύνῃ,
2408 4590 2574 4662 μηδὲν
2609 4592 2664 4644 δέ
2705 4593 2835 4657 ἴσως
2885 4595 3242 4664 ὠφελοῦντες.
3290 4600 3389 4651 Διά
3445 4598 3609 4653 τοῦτο

2034 4680 2431 4745 καταλιπόντες
2460 4682 2520 4736 τὸ
2569 4683 2795 4739 πλείονα
2840 4688 3091 4761 γράφειν,
3123 4689 3283 4744 τοῦτό
3338 4708 3420 4745 σοι
3468 4694 3610 4761 γρά-

2032 4788 2239 4842 φομεν·
2297 4773 2608 4844 Μνήσθητι,
2656 4758 3060 4847 τέκνοντήμῶν,
3110 4782 3331 4853 ἡμερῶν
3360 4758 3607 4855 ἀρχαίων

2033 4863 2285 4927 ἐκείνων,
2337 4864 2424 4917 ὅτε
2452 4864 2530 4934 τῷ
2561 4865 2746 4938 δεσμῷ
2768 4869 2862 4923 τοῦ
2888 4870 3044 4937 άγίου
3072 4872 3387 4943 Πνεὺματος
3414 4874 3606 4927 συνδε-

2031 4952 2256 5021 δεμένος
2278 4953 2575 5025 ἐτύγχανες
2603 4961 2668 5028 τῇ
2704 4961 2799 5011 τοῦ
2850 4963 3057 5032 πατρὸς
3100 4965 3193 5017 καὶ
3227 4964 3489 5035 βασιλέως
3527 4968 3605 5028 ὡς

2034 5046 2150 5110 υίὸς
2172 5046 2420 5112 ποθεινὸς
2447 5050 2668 5121 ἀγάπῃσ
2711 5052 2981 5123 μνήσθητι
3015 5055 3114 5124 τῆς
3160 5057 3334 5128 καλῆς
3385 5058 3607 5125 ἐκείνης

2035 5138 2132 5190 καὶ
2195 5138 2359 5205 ἁγίας
2392 5140 2596 5209 μεταξὺ
2642 5140 2927 5212 Ῥωμαίων
2958 5145 3053 5198 καὶ
3089 5145 3416 5218 Βουλγάρων
3452 5149 3608 5218 είρή-

2031 5247 2152 5301 νης,
2191 5229 2292 5299 τῆς
2350 5231 2609 5298 γλυκείας
2670 5238 3137 5308 συναναστροφῆς,
3186 5240 3286 5308 τῆς
3324 5242 3605 5310 ἀταράχοδ

2030 5320 2200 5390 ζωῆς,
2234 5322 2323 5375 ὅτε
2354 5322 2485 5388 Θεὸς
2519 5325 2802 5391 ἐδοξάζετο
2838 5331 2937 5399 μιᾷ
2970 5331 3064 5382 καὶ
3100 5328 3247 5401 ψυχῇ
3284 5331 3380 5385 καὶ
3406 5332 3602 5404 γνώμῃ

2029 5411 2357 5483 Βουλγάρων
2406 5416 2504 5469 καὶ
2534 5415 2823 5484 Ῥωμαίων
2867 5420 2926 5473 τὸ
2963 5422 3228 5490 πανὰγιον
3258 5422 3429 5493 δνομα
3454 5423 3604 5489 δοξα-

2028 5503 2255 5570 ζῦντων,
2281 5506 2371 5559 ὅτε
2391 5508 2637 5574 διάϐολος
2662 5513 2755 5563 καὶ
2776 5512 2825 5564 οῑ
2852 5513 2949 5563 σὺν
2972 5513 3122 5583 αὖτῷ
3148 5512 3404 5583 δαίμονες
3434 5516 3603 5585 δρῶν-

2026 5614 2117 5660 τες
2149 5600 2246 5668 τὴν
2278 5596 2433 5667 ὑμῶν
2461 5604 2760 5673 σωτηρίαν,
2792 5604 2851 5656 τὸ
2886 5604 3233 5673 φιλάδελφον,
3267 5606 3359 5660 τὸν
3395 5608 3601 5679 εὐσεϐῆ

2028 5690 2119 5742 καὶ
2166 5690 2310 5748 ὅσιον
2377 5694 2603 5764 τρόπον,
2656 5695 2921 5766 ἐθρήνουν
2967 5714 3026 5749 τε
3068 5698 3159 5751 καὶ
3191 5698 3478 5758 ὠδύροντο.
3509 5701 3598 5753 ὅτε
