3996 6208
413 368 511 434 147

1549 384 1854 446 NICOLAI
1897 387 2009 450 (ΣΡ.
2055 390 2568 451 ΡΑΤΒΙΑΒΕΗΕ

3566 391 3664 457 148

407 497 529 550 quae
557 482 611 537 in
637 483 823 539 animo
847 484 1013 540 babes
1039 485 1412 550 manifestare.
1436 489 1538 544 nisi
1561 491 1721 556 duos,
1755 495 1955 548 alterum

2089 501 2495 569 κατεχομένους
2523 499 2866 567 ἀποστεῖλαι,
2907 503 3002 557 καὶ
3049 503 3118 556 δι’
3160 503 3386 558 ἐκείνων
3425 505 3663 575 δηλῶσαι

406 570 597 624 saltem
633 588 756 626 cum
793 575 911 628 viro
941 577 1179 644 quodam
1221 581 1482 635 exstruis.
1519 580 1657 635 Tum
1694 583 1784 636 alii
1833 585 1982 640 missi

405 658 638 716 fuissent
667 679 804 733 quos
864 666 1203 737 interrogare
1252 680 1498 738 exoptas.
1528 671 1680 726 Nunc
1706 689 1835 729 vero
1863 676 1984 730 illos

403 751 640 808 retinere
670 769 807 824 quos
838 757 1090 814 misimus
1121 775 1225 814 non
1264 761 1459 817 suadet
1485 765 1622 818 alios
1653 766 1892 820 mittere.
1925 766 1980 821 Si

403 857 529 898 vero
567 847 716 913 pacis
773 849 1039 904 mediator
1084 849 1337 908 Christus
1387 863 1572 908 noster
1612 855 1752 911 Deus
1782 857 1876 912 tibi
1925 859 1978 912 in

399 947 634 993 mentem
669 950 855 994 sancta
901 943 968 996 de
1000 957 1130 1011 pace
1170 945 1399 998 consilia
1432 945 1665 1010 induxit,
1699 947 1980 1002 remittan-

399 1038 488 1082 tur
525 1045 662 1097 quos
726 1033 948 1097 retines,
981 1043 1074 1088 aut
1103 1050 1168 1089 ex
1200 1035 1414 1092 duobus
1441 1053 1607 1091 unum
1630 1053 1752 1094 cum
1794 1039 1978 1110 aliquo

395 1134 461 1174 ex
519 1130 794 1189 potestate,
848 1133 939 1179 tua
991 1126 1411 1196 gloriosissima.
1444 1129 1580 1183 Cum
1631 1131 1973 1197 advenerint,

396 1212 747 1286 rationesque
833 1218 936 1273 sibi
1019 1221 1350 1276 commissas
1431 1224 1786 1291 protulerint,
1843 1225 1970 1282 binc

395 1304 703 1381 mittentur.
742 1306 839 1380 qui
886 1313 1060 1367 nostri
1099 1328 1129 1366 a
1187 1313 1297 1368 Deo
1327 1316 1575 1370 coronati
1601 1317 1965 1384 imperatoris.

392 1407 726 1470 senatusque
755 1405 982 1459 consilia
1014 1407 1286 1462 nuntient.

2083 591 2152 642 τὰ
2184 589 2448 644 δοκοῦντα
2485 608 2498 621 ·
2538 593 2588 645 εἰ
2619 592 2676 644 δὲ
2708 593 2781 663 μὴ
2810 595 2936 658 τοὺς
2983 595 3099 662 δύο,
3149 598 3288 660 τέως
3329 597 3423 650 τὸν
3470 599 3659 669 ἕτερον
3691 668 3696 672 Ι

2085 683 2225 750 μετὰ
2282 699 2428 747 τινος
2491 683 2780 755 ἀνθρώπου
2839 687 3017 757 ὑμῶν,
3083 689 3176 741 καὶ
3200 690 3320 741 τότε
3379 688 3561 756 ἕτεροι
3596 687 3662 741 ἂν

2080 774 2470 844 ἀπεστάλησαν
2498 777 2592 840 οὓς
2623 777 2908 850 ἐπιζητεῖν
2949 779 3265 848 ἐγνώκειτε.
3317 779 3433 834 Νῦν
3489 779 3546 832 δὲ
3600 779 3660 834 τὸ

2079 862 2408 931 κατέχεσθαι
2443 864 2576 934 παρ’
2617 867 2770 936 ὑμῶν
2822 868 2950 932 τοὺς
3003 867 3549 938 προαποσταλέντας,
3595 866 3657 919 οὐ

2080 953 2265 1008 δίδωσι
2297 954 2483 1026 χώραν
2515 957 2575 1010 τὸ
2621 959 2842 1029 ἑτέρους
2891 960 3405 1024 ἐξαποστέλλεσθαι.
3450 961 3510 1012 Ei
3562 956 3656 1011 οὖν

2079 1043 2299 1114 ἀληθῶς
2319 1047 2347 1098 6
2377 1047 2475 1117 τῆς
2505 1048 2730 1118 είρήνης
2755 1049 2982 1120 μεσίτης
3015 1049 3247 1120 Χριστὸς
3278 1051 3305 1102 6
3340 1049 3470 1111 Θεὸς
3499 1049 3657 1118 ήμῶν

2075 1137 2371 1206 λογισμοὺς
2405 1141 2596 1206 ἁγίους
2624 1141 2754 1211 περὶ
2782 1142 2884 1212 τῆς
2908 1143 3134 1214 εἰρήνης
3159 1142 3432 1194 ὑπέϐαλεν
3489 1143 3545 1192 ὲν
3585 1142 3652 1209 τῇ

2077 1232 2143 1300 σῇ
2180 1230 2347 1300 ψυχῇ,
2404 1232 2872 1303 ἁποσταλήτωταν
2924 1235 2973 1287 oi
3022 1235 3402 1305 κατεχόμενοι,
3462 1235 3495 1307 ἢ
3543 1233 3653 1284 τῶν

2073 1321 2168 1376 δύο
2191 1324 2218 1375 6
2241 1323 2433 1395 ἕτερος
2490 1326 2631 1392 μετὰ
2679 1325 2972 1394 ἀνθρώπου
3025 1327 3124 1396 τῆς
3160 1327 3256 1396 σῆς
3288 1325 3652 1397 μεγαλοδόξου

2074 1415 2269 1486 ἀρχῆς,
2303 1418 2398 1470 καὶ
2434 1419 2968 1490 καταλαμϐανόντων
3026 1419 3232 1483 αὐτῶν,
3261 1413 3357 1472 καὶ
3397 1419 3524 1480 τοὺς
3561 1419 3650 1471 λό-

393 1505 524 1555 γους
597 1493 1085 1565 ἀποκομιζόντων,
1125 1497 1221 1562 οὓς
1282 1499 1350 1552 ἂν
1431 1500 1788 1572 ἐπιτρέψητε,
1832 1503 2371 1579 ὲξαποσταλήσοντσι
2422 1512 2470 1564 οί
2516 1511 2582 1564 τὰ
2617 1512 2766 1582 παρὰ
2824 1512 2919 1564 τοῦ
2972 1511 3299 1581 θεοστεφοῦς
3386 1511 3655 1582 βασιλέως

391 1584 550 1654 ἡμῶν
573 1586 668 1638 καὶ
691 1588 792 1656 τῆς
821 1591 1131 1662 συγκλήτου
1161 1592 1630 1661 ἀπαγγελοῦντες.

979 1770 1144 1824 XXII.
1185 1772 1391 1829 Eidem.

457 1945 534 2004 Ex
566 1962 635 2003 eo
664 1950 961 2021 doluimus,
994 1955 1463 2016 desideratissime
1513 1963 1614 2027 ﬁli,
1640 1965 1785 2034 quod
1828 1980 1858 2019 a
1904 1973 1956 2020 te

385 2037 592 2094 nullam
627 2046 1001 2113 acceperimus
1038 2050 1362 2120 epistolam;
1395 2062 1468 2117 et,
1512 2063 1572 2109 ut
1594 2058 1771 2121 decet,
1801 2072 1962 2125 repu-

387 2129 622 2190 tavimus
656 2150 756 2191 nos
805 2140 856 2193 in
910 2152 1276 2214 contemptum
1315 2154 1466 2201 tuum
1517 2148 1761 2215 venisse,
1809 2148 1957 2204 ideo-

384 2237 492 2290 que
541 2232 593 2279 tc
631 2229 788 2283 nobis
841 2236 1081 2288 scribere
1124 2237 1386 2293 noluisse.
1433 2238 1575 2304 Quid
1624 2241 1768 2295 enim
1810 2242 1957 2296 aliud

383 2323 636 2382 reputare
679 2323 1087 2385 potuissemus?
1131 2325 1248 2383 Non
1284 2329 1339 2382 in
1375 2340 1598 2399 accepto
1640 2341 1725 2386 est
1766 2333 1960 2399 lilium,

382 2410 480 2474 qui
532 2419 736 2478 patrem
767 2417 858 2484 pio
891 2433 1078 2474 amore
1110 2423 1482 2492 prosequitur,
1524 2425 1766 2494 epistolae
1796 2442 1959 2496 quam

383 2503 553 2559 abeo
609 2509 884 2578 acceperit
929 2511 1066 2566 nihil
1119 2515 1438 2572 rescribere.
1473 2517 1745 2581 Attamen,
1781 2532 1814 2571 ο
1864 2517 1958 2582 liti,

381 2597 636 2664 quamvis
670 2599 735 2656 ad
773 2615 859 2654 me
897 2617 1005 2656 non
1049 2604 1127 2659 sis
1174 2605 1431 2674 dignatus
1475 2608 1824 2677 respondere,
1860 2623 1960 2678 ego

380 2687 577 2744 iterum
613 2692 818 2761 scribo,
849 2711 1191 2767 nequaquam
1218 2715 1284 2754 ex
1322 2701 1640 2771 deceptione
1672 2710 1959 2771 paternum

377 2795 506 2850 erga
559 2792 611 2840 te
661 2800 903 2842 amorem
959 2800 1199 2853 mutans,
1253 2795 1434 2847 salvos
1483 2803 1675 2848 contra
1732 2809 1958 2849 servans

381 2884 578 2926 sensus
633 2875 957 2947 animosque
1002 2883 1139 2948 patri
1168 2895 1293 2949 erga
1334 2880 1502 2935 tilium
1547 2882 1953 2936 convenientes.

1997 1695 2046 1754 B

2623 1780 2750 1832 KB'.
2790 1778 2872 1844 Τῷ
2903 1779 3083 1845 αὐτῷ.

2147 1957 2530 2028 Ἐλυπήθημεν
2585 1957 2662 2029 μὴ
2723 1958 3012 2028 δεξάμενοι
3075 1958 3312 2028 γράμμα
3371 1958 3464 2011 τοῦ
3517 1960 3651 2028 ήμιν

2071 2051 2457 2121 πεποθημὲνου
2480 2053 2698 2115 τέκνου,
2729 2053 2824 2105 καὶ
2862 2051 2939 2115 ὡς
2972 2052 3120 2114 εἰκὸς
3155 2051 3522 2123 ἐλογισάμεθα
3565 2053 3649 2105 δτι

2069 2146 2127 2198 ἐν
2161 2144 2693 2216 καταπεφρονημένῃ
2729 2145 2895 2215 μοίρᾳ
2925 2145 3159 2214 κείμεθα
3211 2146 3359 2214 παρὰ
3408 2145 3512 2210 σοὶ,
3550 2147 3646 2197 καὶ

2063 2239 2151 2292 διὰ
2174 2237 2333 2292 τοῦτο
2360 2240 2451 2291 καὶ
2481 2238 2720 2308 γράφειν
2757 2239 2895 2306 πρὸς
2932 2239 3080 2306 ἡμᾶς
3116 2238 3214 2290 οὐκ
3264 2236 3524 2308 ἠξίωσας.
3582 2236 3649 2288 Τί

2063 2330 2173 2400 γὰρ
2201 2347 2268 2400 με
2298 2329 2426 2383 ἄλλο
2471 2330 2578 2382 ἔδει
2635 2327 2989 2396 λογίζεσθαι;
3026 2329 3162 2380 Οὐδὲ
3210 2327 3321 2398 γὰρ
3371 2327 3650 2396 ἐνδέχεται

2064 2424 2177 2476 υἱὸν
2237 2425 2538 2491 ἀγαπῶντα
2606 2423 2824 2490 πατέρα
2876 2423 2967 2474 καὶ
3018 2421 3256 2491 στοργὴν
3294 2419 3650 2482 ἁποτώζοντα

2062 2517 2159 2586 τὴν
2189 2515 2572 2585 ὀφειλομένην,
2616 2516 2930 2586 γράμματα
2955 2514 3108 2583 παρὰ
3134 2513 3228 2565 τοῦ
3259 2512 3466 2582 πατρὸς
3496 2511 3650 2580 6:er-

2066 2625 2247 2678 μενον,
2278 2607 2352 2676 μὴ
2376 2606 2538 2659 πάλιν
2569 2605 2938 2673 ἀντιπέμπειν
2961 2604 3031 2657 τὰ
3061 2604 3192 2672 παρ’
3219 2602 3415 2655 ἑαυτοῦ
3451 2600 3640 2670 γράμο

2066 2720 2230 2772 ματα.
2257 2702 2450 2770 Ὅμως
2486 2699 2602 2757 οὖν.
2671 2701 2866 2752 τέκνον
2918 2698 3098 2766 ἡνιῶν,
3148 2698 3195 2749 εί
3220 2697 3314 2748 καὶ
3342 2696 3404 2748 σὺ
3434 2693 3646 2763 γράψαι

2061 2794 2202 2863 πρὸς
2234 2793 2380 2862 ἡμᾶς
2428 2792 2554 2853 οὐκ,
2590 2790 2852 2860 ἠξίωσας,
2911 2791 3074 2858 ἡμεῖς
3110 2790 3205 2840 καὶ
3236 2787 3402 2840 πάλιν
3433 2785 3646 2856 γράφοι

2067 2901 2188 2952 μεν,
2222 2883 2374 2935 οὐδέν
2425 2899 2479 2935 τι
2523 2883 2613 2935 διὰ
2649 2883 2710 2934 τὸ
2761 2881 3239 2950 παραλογισθῆναι
3291 2879 3391 2950 τὴν
3417 2877 3553 2947 πρὸς
3584 2878 3644 2930 σε

379 2963 656 3035 πατρικὴν
674 2970 910 3038 στοργήν
934 2969 1356 3036 ἀλλοιώσαντες,
1391 2973 1509 3028 ἀλλ’
1529 2974 1659 3043 ὑγιῆ
1687 2973 1952 3038 σώζοντες
1989 2973 2087 3044 τὴν
2117 2974 2304 3044 σχέσιν
2337 2976 2368 3044 ἡ
2379 2973 2497 3044 μῶν
2517 2973 2617 3045 τὴν
2648 2973 2785 3043 προς
2814 2973 2895 3040 σὲ,
2921 2976 3013 3026 καὶ
3074 2974 3172 3042 τὴν
3233 2972 3403 3042 πατρὶ
3430 2969 3510 3039 ἐφ’
3543 2965 3644 3034 υίῷ

381 3059 702 3128 πρέπουσαν
731 3064 996 3122 διάθεσιν.

452 3243 686 3301 Litteras
761 3247 871 3318 regi
953 3252 1186 3318 scriptas
1253 3267 1316 3305 ex
1396 3253 1615 3308 fortuna
1680 3256 1948 3322 legimus,

2097 3271 2106 3280 ·
2141 3251 2500 3322 Ἐνετὺχομεν
2531 3251 2646 3312 τοῖς
2677 3247 2980 3318 βασιλικοῖς
3004 3247 3320 3314 γράμμασι,
3352 3245 3444 3296 καὶ
3478 3261 3638 3296 κατε-

380 3339 691 3410 bonumque
737 3341 1120 3406 intelleximus
1153 3346 1441 3400 consilium
1483 3349 1658 3416 quod,
1694 3349 1802 3403 Deo
1830 3365 1955 3418 pro-

381 3433 562 3500 bante,
594 3435 833 3489 decrevit
864 3447 955 3490 tua
989 3452 1142 3492 mens
1164 3438 1399 3493 humana
1428 3449 1483 3494 et
1513 3452 1823 3504 mansueta,
1850 3443 1958 3496 sci-

377 3523 504 3578 licet
548 3525 702 3580 bellis
733 3528 1083 3598 caedibusque
1141 3530 1298 3585 finem
1335 3533 1638 3601 imponere,
1702 3535 1951 3604 sanguini

377 3629 619 3683 parcere,
697 3632 995 3687 pacemque
1053 3620 1329 3676 Romanos
1388 3622 1528 3678 inter
1587 3633 1640 3678 et
1691 3623 1954 3694 Bulgaros

378 3721 660 3774 renovare,
709 3724 872 3780 quam
911 3726 941 3765 a
974 3712 1191 3767 Christo
1226 3713 1445 3783 Deoque
1473 3725 1666 3771 nostro
1695 3718 1950 3772 donatam

373 3801 630 3859 diabolus
677 3818 742 3858 ex
771 3804 975 3859 invidia
1035 3818 1281 3876 ruperat,
1307 3815 1366 3862 ut
1416 3823 1481 3864 ex
1526 3823 1586 3863 ea
1640 3811 1955 3865 haereditate

373 3890 637 3962 Bulgaros
679 3903 733 3949 et
794 3895 1075 3952 Romanos
1110 3913 1176 3952 eo
1230 3900 1638 3971 praecipitaret,
1695 3903 1839 3957 unde
1897 3905 1948 3956 in

373 3995 638 4054 praesente
685 3990 794 4044 vita
834 4005 1042 4062 magna:
1073 3993 1348 4048 orirentur
1395 3994 1736 4050 dimcultates
1771 3997 1953 4066 perni-

369 4078 624 4148 ciesque,
659 4096 938 4151 nunquam
988 4083 1053 4136 ad
1106 4085 1302 4139 melius
1352 4101 1670 4142 recessura}.
1731 4087 1950 4143 Gratias

375 4173 540 4238 igitur
571 4173 784 4242 agimus
812 4174 940 4235 Deo.
978 4177 1070 4246 qui
1110 4179 1216 4232 tale
1264 4181 1555 4235 consilium
1587 4182 1814 4252 egregiae
1846 4193 1951 4236 ture

373 4265 675 4333 prudentiae
751 4267 1066 4336 inspiravit,
1155 4273 1535 4340 concessitque
1611 4273 1950 4340 salutaribus

371 4358 526 4425 pacis
566 4359 838 4414 fructibus
887 4361 1167 4416 Romanos
1197 4375 1249 4416 et
1279 4363 1542 4432 Bulgaros
1577 4365 1945 4434 congaudere,

371 4451 436 4503 ad
475 4451 559 4505 sui
595 4451 833 4505 nominis
879 4452 1132 4519 gloriam,
1164 4452 1229 4505 ad
1264 4453 1525 4506 honorem
1559 4454 1660 4517 tui,
1707 4453 1780 4507 ﬁli
1811 4469 1946 4508 con-

369 4550 548 4594 stante
583 4542 848 4596 memoria
897 4542 1271 4607 dilectissime,
1326 4552 1381 4598 et
1438 4545 1505 4598 ad
1566 4544 1944 4600 confusionem

2060 3349 2340 3415 νοήσαμεν
2370 3347 2428 3398 ὲν
2458 3344 2641 3406 αὐτοῖς
2669 3343 2766 3412 τὴν
2796 3341 2895 3411 σὴν
2927 3339 3139 3409 ἀγαθὴν
3164 3339 3509 3409 προαίρεσιν,
3543 3338 3640 3390 καὶ

2056 3439 2138 3492 ὅτι
2167 3438 2302 3491 Θεοῦ
2333 3437 2681 3500 εὐδοκοῦντος
2706 3437 2961 3506 φρόνημα
2991 3433 3231 3502 κατέστη
3256 3433 3467 3485 τοιοῦτο
3501 3434 3529 3498 ἠ
3567 3431 3633 3500 σὴ

2059 3532 2442 3600 φιλάνθρωπος
2481 3531 2574 3582 καὶ
2596 3528 2928 3597 ἡμερωτάτη
2958 3527 3104 3596 ψυχή
3142 3543 3157 3557 ο
3192 3523 3333 3579 ὥστε
3362 3524 3637 3594 παυθῆναι

2057 3624 2182 3685 τοὺς
2217 3621 2511 3692 πολέμους,
2566 3619 2725 3689 λῆξαι
2786 3619 2886 3681 τὰς
2939 3618 3178 3686 σφαγὰς,
3223 3616 3502 3687 ἠρεμῆσαι
3541 3616 3638 3675 τὰς

2055 3715 2164 3767 τῶν
2203 3714 2455 3783 αἱμάτων
2487 3712 2690 3782 χύσεις,
2728 3711 2824 3763 καὶ
2852 3710 3304 3779 ἁνακαινισθῆναι
3340 3708 3500 3761 πάλιν
3531 3708 3633 3776 τὴν

2059 3807 2156 3878 σὴν
2184 3808 2408 3877 εἰρήνην
2437 3803 2640 3876 μεταξὺ
2683 3803 2978 3873 Ῥωμαίων
3018 3803 3114 3856 καὶ
3153 3801 3502 3871 Βουλγὰρων,
3566 3800 3635 3869 ἢν

2057 3901 2258 3954 ἔδωκεν
2295 3899 2394 3969 μὲν
2432 3899 2460 3950 6
2497 3897 2731 3968 Χριστὸς
2757 3897 2850 3948 καὶ
2881 3895 3014 3958 Θεὸς
3047 3895 3202 3966 ήμῶν
3235 3897 3263 3947 6
3289 3895 3466 3956 κοινὸς
3521 3893 3634 3944 Πα-

2052 3995 2180 4063 τὴρ,
2239 3995 2266 4046 6
2316 3992 2541 4044 πάντων
2583 3988 2881 4057 Δεσπότης,
2936 3987 3317 4056 ἐφιλονείκησε
3344 3987 3400 4038 δὲ
3455 3987 3482 4037 6
3533 3985 3633 4037 ἀπ’

2053 4083 2227 4154 ἀρχῆς
2257 4078 2706 4148 ἀνθρωποκτόνος
2737 4077 2981 4139 διάϐολος
3010 4075 3194 4139 λύσαι,
3245 4076 3339 4128 καὶ
3374 4076 3494 4127 ἀντὶ
3532 4073 3634 4143 τῆς

2054 4172 2420 4243 κληρονομίας
2478 4169 2693 4237 ἐκείνης
2767 4169 3109 4236 καταστῆσαι
3177 4167 3257 4228 είς
3328 4166 3634 4234 πράγματα

2055 4266 2396 4332 Βουλγὰρους
2441 4264 2536 4315 καὶ
2592 4260 2920 4331 Ῥωμαίους,
2951 4259 3018 4313 δι’
3052 4257 3126 4312 ὧν
3173 4263 3266 4312 καὶ
3307 4260 3365 4312 ἐν
3394 4261 3456 4327 τῇ
3490 4273 3636 4327 παρ-

2063 4356 2201 4428 ούσῃ
2264 4355 2376 4425 ζωῇ
2410 4354 2578 4424 πολλὴ
2606 4354 2886 4423 ἀπήντησε
2913 4353 3219 4422 χαλεπότης
3241 4353 3334 4404 καὶ
3357 4349 3630 4412 ἀπώλεια,

2058 4448 2360 4518 μεταϐολὴν
2384 4450 2463 4512 εἰς
2496 4448 2554 4498 τὸ
2586 4449 2834 4517 κρεῖττον
2868 4447 2966 4498 οὐκ
2999 4446 3221 4516 ἔχουσα.
3257 4444 3631 4516 Εὑχαριστοῦ-

2057 4558 2156 4609 μεν
2215 4535 2309 4592 οὖν
2361 4539 2438 4608 τῷ
2492 4538 2612 4608 Θεῷ
2671 4539 2749 4607 τῷ
2819 4538 3083 4607 λογισμὸν
3141 4538 3385 4590 τοιοῦτον
3440 4541 3496 4591 ἐν
3564 4539 3631 4606 τῇ

367 4634 599 4697 diaboli,
631 4634 723 4704 qui
775 4651 873 4689 sua
914 4636 1249 4705 malignitate
1301 4654 1396 4705 per
1436 4648 1514 4693 tot
1567 4653 1740 4692 annos
1772 4653 1946 4707 usque

2063 4632 2290 4703 ἔμφρονί
2331 4649 2423 4684 σου
2459 4633 2553 4682 καὶ
2599 4631 2943 4699 συνετωτάτη
3013 4630 3211 4698 καρδίᾳ
3249 4629 3486 4697 θεμένῳ,
3539 4629 3636 4679 καὶ

369 4726 436 4778 ad
485 4724 727 4780 furorem
778 4727 1072 4782 concitavit
1105 4729 1452 4784 Christianos
1488 4730 1752 4785 adversus
1781 4729 1940 4784 Cbri-

370 4820 599 4882 stianos,
633 4822 844 4877 amicos
877 4821 1144 4878 adversus
1175 4825 1407 4888 amicos,
1435 4840 1546 4879 uno
1601 4825 1792 4888 verbo,
1834 4824 1948 4879 fra-

371 4919 484 4967 tres
559 4911 826 4966 adversus
892 4912 1128 4978 fratres,
1193 4914 1332 4969 ﬁlios
1409 4915 1675 4970 adversus
1740 4923 1945 4984 patres.

370 5005 534 5060 Deum
583 5005 954 5074 eximiamque
1022 5016 1169 5059 tuam
1217 5009 1604 5063 cmuscientiam
1665 5023 1945 5076 rogamus,

368 5097 471 5150 ista
499 5101 648 5165 pacis
705 5097 954 5158 consilia,
1008 5106 1066 5153 ut
1117 5115 1264 5152 llilllc
1316 5100 1572 5153 videntur
1603 5099 1827 5165 exoriri,
1865 5101 1946 5154 sic

368 5187 559 5243 lumini
626 5191 811 5246 cordis
881 5190 955 5244 tui
1007 5207 1182 5260 usque
1234 5192 1300 5246 ad
1361 5194 1523 5247 linem
1557 5194 1662 5246 vim
1720 5193 1942 5247 addere.

369 5278 635 5342 Quoniam
659 5293 863 5342 autem.
894 5298 927 5338 ο
960 5284 1052 5348 liii,
1080 5292 1170 5338 tua
1203 5285 1527 5352 signiﬁcavit
1553 5287 1780 5356 cpistola
1810 5287 1944 5340 mis-

367 5387 488 5424 sum
521 5372 688 5433 fuisse
716 5380 1013 5439 hominem.
1051 5395 1144 5448 per
1175 5395 1337 5448 quem
1367 5382 1465 5470 tibi
1493 5392 1634 5436 nota:
1658 5384 1764 5436 sint
1793 5383 1940 5452 pacis

367 5462 708 5522 conditiones
731 5511 746 5534 ,
786 5481 847 5526 ut
897 5471 1031 5525 nihil
1069 5472 1121 5524 in
1157 5462 1554 5526 inecrtovnobis
1578 5473 1938 5542 relinquatur,

369 5557 531 5609 bomo
593 5571 754 5624 quem
815 5564 1064 5618 misimus
1124 5580 1265 5618 unus
1311 5571 1467 5619 este
1526 5566 1730 5619 nostris
1795 5564 1940 5625 ﬁliis,

368 5645 653 5702 nobiscum
719 5664 748 5700 ε
808 5656 1104 5708 tenerrima
1153 5665 1311 5710 aetate
1363 5663 1633 5717 versatus,
1684 5671 1712 5707 a
1777 5653 1944 5706 nobis

371 5738 666 5800 educatus,
735 5738 1044 5811 dignusque
1103 5747 1350 5817 angelico
1425 5747 1748 5801 vestimvnto
1799 5745 1946 5813 judi-

367 5839 544 5897 catus,
573 5832 665 5904 qui
715 5850 745 5890 e
779 5842 965 5890 nostra
1017 5837 1106 5892 vili
1140 5856 1301 5895 manu
1347 5842 1940 5912 arrbiprrsbytcratum

2049 4721 2343 4792 εὐχόμεθα,
2397 4723 2444 4774 εί
2499 4721 2592 4773 καὶ
2642 4721 2983 4791 ἁμαρτωλοὶ,
3033 4717 3112 4770 ἔτι
3135 4720 3230 4771 καὶ
3259 4717 3339 4770 ἔτι
3367 4718 3443 4786 τῷ
3470 4719 3631 4786 είρη-

2051 4814 2186 4884 νικῷ
2213 4815 2492 4882 πνεύματι
2540 4812 2638 4884 τήν
2691 4811 2788 4882 σὴν
2821 4812 3010 4881 τιμίαν
3063 4811 3242 4882 ψυχὴν
3266 4809 3629 4880 ἐμπνέεσθαι,

2050 4910 2144 4963 καὶ
2177 4909 2359 4962 δοῦναι
2392 4908 2502 4959 τῶν
2538 4908 2828 4976 σωτηρίων
2851 4905 3084 4974 καρπῶν
3113 4907 3214 4973 τῆς
3261 4906 3484 4974 εἰρήνης
3516 4919 3633 4955 κοι-

2051 5003 2158 5063 νῶς
2216 5001 2523 5053 ἀπολαῦσαι
2587 4999 2898 5067 Ῥωμαίους
2958 4999 3053 5050 καὶ
3108 4997 3487 5066 Βουλγάρους,
3551 4998 3636 5060 εἰς

2058 5095 2214 5159 δόξαν
2253 5093 2351 5163 μὲν
2405 5092 2498 5144 τοῦ
2552 5091 2753 5145 οἰκείου
2796 5090 3081 5160 ὀνόματος,
3111 5092 3190 5154 είς
3221 5090 3380 5156 δόξαν
3405 5089 3462 5141 δὲ
3510 5089 3633 5162 σήν,

2056 5192 2247 5242 τέκνον
2273 5204 2374 5256 μου
2406 5186 2765 5256 ἠγαπημένον
2795 5186 3144 5256 ἀείμνηστον,
3185 5187 3278 5237 καὶ
3309 5187 3388 5246 είς
3439 5185 3632 5254 αἰσχύ-

2058 5300 2156 5353 νην
2185 5280 2280 5333 τοῦ
2308 5281 2565 5349 δαίμονος
2602 5279 2659 5343 ὃς
2690 5283 2757 5352 τῇ
2788 5279 2985 5332 ἑαυτοῦ
3034 5280 3376 5349 κακοτροπίᾳ
3414 5279 3508 5331 ἐπὶ
3545 5297 3636 5332 το-

2057 5377 2268 5441 σούτοις
2299 5377 2475 5430 ἔτεσιν
2507 5377 2742 5448 ἐξέμηνε
2787 5379 2908 5429 κατ’
2957 5376 3230 5445 ἀλλήλων,
3264 5378 3634 5448 Χριστιανοὺς

2055 5471 2190 5543 πρὸς
2253 5471 2636 5541 Χριστιανοὺς,
2690 5468 2876 5538 φίλους
2927 5468 3066 5536 πρὸς
3118 5469 3327 5536 φίλους,
3393 5467 3486 5519 καὶ
3540 5467 3624 5518 ἵνα

2053 5565 2330 5633 συντόμως
2361 5563 2520 5623 εἴπω»
2553 5561 2818 5629 ἀδελφοὺς
2848 5562 2988 5629 πρὸς
3020 5561 3306 5628 ἀδελφοὺς,
3342 5562 3435 5613 καὶ
3458 5561 3620 5613 τέκνο

2050 5655 2183 5724 πρὸς
2209 5655 2471 5723 πατέρας.
2505 5653 2688 5706 Ταῦτα
2722 5653 2995 5722 εὐχόμεθα
3027 5653 3122 5705 καὶ
3156 5651 3498 5718 πεποίθαμεν
3533 5651 3626 5701 καὶ

2048 5745 2167 5816 Θεῷ
2194 5747 2286 5798 καὶ
2315 5748 2378 5815 τῇ
2412 5748 2476 5815 σῇ
2513 5743 2689 5814 ἀγαθῇ
2724 5744 3049 5814 συνειδήσει,
3082 5743 3164 5795 ὅτι
3195 5744 3242 5794 οἱ
3278 5743 3376 5810 τῆς
3400 5743 3627 5810 εἰρήνης

2045 5839 2300 5910 λογισμοὶ
2362 5842 2418 5890 ἐν
2469 5841 2531 5908 τῇ
2591 5841 2656 5907 σῇ
2700 5839 2896 5909 καρδίᾳ
2945 5836 3131 5906 ὥσπερ
3193 5834 3286 5889 νῦν
3338 5835 3619 5904 φαίνονται
