3996 6208
448 337 547 404 119
1882 339 2038 400 ΕΡῙΕ

2157 333 2285 412 us.
2464 406 2471 412 _
3580 319 3682 385 150

440 449 844 515 ἀνατέλλοντες,
877 451 1022 506 οὕτω
1049 455 1142 507 καὶ¹
1169 453 1227 507 τδ
1254 451 1453 508 οἰκεῖον
1486 453 1601 523 φῶς
1625 451 1829 505 τέλειον
1860 449 2010 503 διαυ-

2151 462 2345 532 ecepit,
2377 476 2537 532 quem
2580 461 2684 516 sub
2729 457 2901 515 oculis
2953 457 3156 513 nostris
3200 456 3374 526 gratia
3417 452 3683 524 spirituali
3734 450 3741 457 '

441 544 723 612 γὲἱσουσιν.
770 545 990 618 Ἐπειδὴ
1023 546 1102 611 δὲ,
1139 546 1330 599 τέκνον
1389 544 1570 616 ἡμῶν,
1611 545 1672 598 τὺ
1717 547 1808 598 σὺν
1855 543 2011 617 ἔλεγε
2116 553 2452 610 ornavimus.

439 636 677 707 γράμμα
698 638 790 692 καὶ
820 638 1109 711 ἄνθρωπον
1162 639 1561 710 ἀποσταλῆναι,
1626 641 1694 694 δι’
1761 639 1820 698 οὗ
1867 643 1896 694 ό
1957 647 2158 719 τρόπος
2188 652 2288 717 τῆς
2355 651 2583 720 εἰρήνης
2651 646 2874 712 τελείως
2911 663 2992 700 σοι
3035 643 3498 716 γνωρισθήσεται,
3554 637 3717 721 πρὸς,

437 729 501 782 τὸ
529 729 798 800 μηδαμῶς
854 731 936 785 έτι
989 733 1323 803 ἀμφιϐολίαν
1372 733 1493 787 τινὰ
1519 735 1783 806 ὑπάρχειν
1819 737 1972 804 ἡμῖν,
2013 739 2420 812 ἀπεστείλαμεν
2480 742 2770 812 ἄνθρωπον
2795 741 2854 806 ὃς
2917 741 3108 794 τέκνον
3129 737 3290 808 ἡμῶν
3313 733 3517 789 οἰκεῖον
3555 733 3689 786 κεθ-

438 823 637 892 ἑστηκε
664 841 678 854 ο
717 824 810 878 καὶ
867 826 975 894 γὰρ
1018 826 1112 878 καὶ
1143 826 1349 896 ὀνύχων
1375 824 1434 891 ἐξ
1462 828 1686 881 ἁπαλῶν
1724 831 1858 899 ἡμῖν
1915 833 2254 900 συνεγένετο,
2321 834 2423 887 καὶ·
2445 834 2576 904 παρ’
2641 832 2799 903 ἡμῶν
2852 831 3280 887 έκπεπαίδευται
3351 825 3570 882 καὶτοῦ
3594 826 3684 890 ἀγ-

437 917 656 984 γελικοῦ
691 919 970 989 σχήματος
994 919 1243 991 ἠξίωται,
1304 921 1399 974 καὶ
1442 921 1502 975 τὸ
1532 917 1671 975 εἶναι
1715 923 2005 994 ἀρχιερεὺς
2047 926 2106 978 έν
2177 925 2320 995 ἁγίῳ
2375 925 2657 996 Πνεύματι
2745 927 2895 996 παρά
2945 925 3048 994 τῆς
3105 923 3382 995 ἡμετέρας
3424 919 3680 986 ταπεινῆς

437 1014 617 1083 χειρὸς
685 1013 926 1079 ἐδέξατο,
982 1017 1076 1070 καὶ
1150 1015 1340 1080 ἁπλῶς
1368 1016 1580 1070 τοιοῦτό
1642 1019 1758 1070 ἐστι
1813 1019 2004 1072 τέκνον
2041 1019 2201 1089 ἡμῶν
2260 1016 2373 1074 οἷον
2441 1023 2498 1074 ὲν
2559 1022 2715 1074 νυκτὶ
2775 1023 2870 1074 καὶ
2935 1019 3121 1092 ἡμέρᾳ
3187 1018 3295 1086 πρὸ
3331 1014 3444 1069 τῶν
3476 1012 3694 1067 οἰκείων

437 1107 654 1176 ἔχοντες
686 1107 1001 1179 ὀφθαλμῶν,
1033 1108 1132 1178 τὴν
1159 1109 1248 1162 ἐπ’
1281 1108 1433 1179 αὐτῷ
1480 1109 1858 1180 πνευματικὴν
1904 1110 2080 1181 χαρὰν
2110 1112 2452 1183 κεκτήμεθα.

509 1289 714 1343 Τοῦτον
740 1286 856 1351 οὖν,
880 1290 1068 1361 ἐπειδὴ
1105 1292 1474 1364 ὲπεζήτησας,
1503 1294 1794 1368 ἄνθρωπον
1821 1299 2013 1352 πιστὸν

2189 1299 2346 1356 lianc
2368 1302 2554 1371 igitur,
2579 1299 2838 1370 quoniam
2866 1299 3180 1368 postulasti,
3211 1297 3484 1350 hominem
3505 1294 3696 1351 (idum.

438 1385 535 1438 καὶ
584 1384 758 1454 μηδὲν
810 1384 916 1450 ἔξω
970 1385 1071 1454 τῆς
1125 1385 1388 1456 ἀληθείας
1443 1387 1779 1456 φθέγγεσθαι
1807 1393 2010 1458 εἰδότα,

2147 1393 2367 1464 nihilque
2417 1391 2523 1448 nisi
2552 1407 2744 1448 verum
2771 1391 2957 1447 dicere
2988 1391 3252 1446 scientem
3283 1389 3558 1453 misimus,
3605 1388 3701 1456 qui

437 1473 866 1546 ἀπεστείλαμεν,
895 1476 983 1530 ἵνα
1021 1479 1203 1531 πᾶσαν
1235 1477 1335 1546 τὴν
1369 1477 1630 1548 ἀλήθειαν
1681 1482 1872 1546 ἁπλῶς
1924 1486 2018 1538 καὶ

2147 1505 2174 1542 ιι
2227 1495 2336 1542 tota
2387 1486 2639 1550 veritate,
2673 1484 2794 1540 sine
2846 1484 2970 1539 dolo
3006 1491 3061 1538 et
3112 1481 3452 1552 simpliciter
3489 1480 3701 1542 doceat,

436 1569 908 1640 ἀπανουργεύτως
937 1572 1069 1641 παρ’
1103 1570 1270 1624 αὑτοῦ
1332 1572 1533 1644 μάθῃς,
1567 1575 1717 1639 ὅπως
1762 1577 2017 1649 περὶτῆς

2147 1581 2399 1652 ιιιοιιιοᾱο
2441 1593 2631 1650 pacem
2681 1593 2808 1634 cum
2860 1578 2974 1633 Deo
3012 1577 3136 1632 sitis
3196 1574 3454 1640 habituri,
3513 1581 3568 1628 et
3609 1589 3708 1628 vos

440 1663 539 1715 σὺν
562 1660 681 1731 Θεῷ
714 1661 1018 1732 μελλούσης
1064 1662 1256 1717 ἔσεσθε
1309 1665 1536 1737 εἰρήνης
1573 1666 1635 1719 οἵ
1657 1685 1714 1721 τε
1765 1669 2021 1740 λαχόντες

2147 1693 2357 1750 ’ρκηιιιιι
2413 1677 2614 1742 sortiti,
2656 1683 2706 1731 et
2741 1683 2967 1731 senatus
3015 1681 3197 1729 vester
3255 1670 3349 1742 qui
3409 1668 3706 1725 consilium

437 1753 535 1808 τοῦ
563 1756 894 1826 βασιλεύειν,
928 1757 1023 1812 καὶ
1054 1759 1208 1812 πᾶσα
1240 1760 1270 1829 ἡ
1318 1760 1629 1830 σύγκλητος
1677 1766 1884 1830 αὐτῶν,
1934 1767 2030 1819 καὶ

2147 1778 2422 1840 acceptum
2481 1767 2549 1824 ad
2603 1767 3062 1837 perpetrationem
3123 1765 3256 1821 estis
3307 1761 3552 1826 ducturi,
3603 1760 3708 1814 nisi

441 1847 642 1918 βουλὴν
667 1846 876 1910 ἔθεντο,
906 1851 999 1902 καὶ
1021 1849 1122 1921 τὴν
1155 1850 1354 1923 βουλὴν
1405 1857 1486 1917 είς
1521 1855 1685 1928 ἔργον
1739 1859 2030 1929 μέλλουσιν

2147 1858 2302 1911 homo
2351 1856 2489 1926 ipse,
2517 1871 2550 1911 ο
2583 1855 2678 1920 iiii,
2707 1855 2853 1926 quod
2914 1853 3058 1909 Deus
3113 1852 3356 1908 avertat!
3389 1850 3536 1906 aliud
3578 1849 3708 1921 quid

438 1939 619 2007 ἄγειν,
649 1939 696 1991 εί
735 1940 809 2009 μή
838 1956 890 1993 τι
922 1940 1106 2006 αὐτὸς,
1140 1942 1332 1997 τέκνον
1363 1946 1544 2015 ἡμῶν,
1575 1949 1713 2020 ὅπερ
1769 1951 1844 2020 μὴ
1907 1951 2026 2023 δοίη

2147 1949 2374 2018 reperiat
2433 1948 2678 2002 futurum
2733 1946 2885 2017 pacis
2911 1945 3385 2015 impedimentum.
3445 1941 3550 1997 Sed
3602 1956 3710 1996 nou

438 2029 595 2093 Θεὸς,
621 2030 755 2083 ἄλλο
779 2047 830 2084 τι
864 2031 1178 2105 διανοηθείη
1215 2035 1480 2106 ἐμπόδιον
1505 2042 1569 2109 τῇ
1597 2041 1799 2114 εἰρήνῃ
1831 2043 2028 2113 ἐσόμεσ-

440 2135 558 2173 νον.
598 2118 761 2173 Ἀλλά
790 2120 964 2175 ταῦτα
997 2123 1098 2194 μὲν
1122 2126 1226 2178 οὐκ
1259 2127 1355 2180 ἐπὶ
1409 2128 1686 2185 τοσοῦτον.
1740 2133 1915 2186 Αὑτὸν
1969 2135 2026 2187 δὲ

439 2211 534 2264 τον
579 2211 802 2266 πάντων
831 2213 1044 2286 Κύριον
1079 2218 1173 2271 καὶ
1198 2218 1332 2272 Θεὸν
1359 2219 1453 2274 καὶ
1485 2220 1714 2291 βασιλέα
1742 2225 2025 2294 ἐνορκίζο-

443 2303 549 2373 μέν
578 2321 637 2357 σε
667 2306 760 2358 τοῦ
808 2306 885 2377 μὴ
917 2311 1214 2379 κατασχεῖν
1256 2311 1441 2380 αὐτὸν,
1480 2314 1620 2383 μηδὲ
1669 2315 1915 2387 λυπῆσαι
1967 2318 2030 2370 τὺ

441 2398 622 2468 γῆρας
645 2397 800 2469 ημῶν
827 2401 923 2453 ἐπὶ
957 2403 1024 2472 τῇ
1067 2405 1398 2475 κατασχέσει
1433 2405 1622 2471 αὐτοῦ,
1673 2408 1813 2463 ἀλλά
1858 2409 2027 2480 μέχρι

443 2491 612 2542 πέντε
643 2491 735 2543 καὶ
763 2491 897 2546 δέκα
933 2492 1160 2564 ἡμερῶν
1181 2494 1218 2548 ἀ
1263 2494 1444 2562 βούλει
1471 2499 1599 2568 περὶ
1645 2497 1748 2568 τῆς
1800 2501 2030 2570 εἰρήνης

443 2583 916 2638 ἀνακοινώσασθαι
958 2585 1130 2656 αὐτῷ,
1187 2585 1304 2648 καὶ,
1366 2587 1467 2659 τῆς
1534 2590 2030 2661 πεντεκαιδεκάτης

445 2677 661 2747 ἡμέρας
692 2677 754 2730 τὸ
781 2678 935 2742 τέλος
967 2678 1381 2750 λαμϐανούσης,
1420 2680 1741 2748 ἀκωλύτως,
1774 2683 2026 2747 ἀλύπως,

447 2770 720 2834 ἀόλαὸὦς,
754 2772 1076 2827 ἀποστεῖλαι
1115 2773 1282 2826 αὐτὸν
1306 2773 1442 2842 πρὸς
1469 2777 1640 2846 ἡμᾶς.
1671 2777 1801 2839 Ναὶ,
1834 2777 2029 2832 τέκνον

451 2879 578 2931 μου,
608 2863 772 2917 αὐτὸν
804 2865 1159 2935 δυσωπήθητι
1184 2865 1280 2918 τὸν
1313 2866 1548 2936 ούρανοῦ
1576 2870 1669 2922 καὶ
1697 2870 1800 2940 γῆς
1858 2873 2029 2942 Ποιη-

450 2955 572 3022 τὴν,
616 2954 716 3024 τὴν
769 2955 928 3025 ἡμῶν
988 2956 1097 3009 τῶν
1141 2957 1421 3010 ταπεινῶν
1469 2959 1610 3029 πρὸς
1658 2961 1723 3014 σὲ-
1766 2965 2027 3035 στοργήν.

453 3046 845 3118 ιιροσθήσομεν
864 3049 914 3102 εἰ
943 3048 1122 3117 βούλει
1154 3051 1250 3103 καὶ
1277 3051 1378 3121 τὴν
1400 3050 1770 3122 λειτουργίαν,
1821 3057 1888 3127 ἢν
1919 3057 2028 3110 λει-

447 3139 797 3210 τουργοῦμεν
814 3142 1217 3211 παριστάμενοι
1248 3141 1326 3213 τῷ
1357 3142 1733 3217 θυσιαστηρίῳ
1751 3145 1846 3200 τοῦ
1865 3147 2026 3201 Θεοῦ·

447 3231 544 3285 ναὶ
569 3231 634 3302 δὴ
663 3231 759 3284 καὶ
796 3232 857 3285 τὸ
878 3233 1137 3286 ταπεινὸν
1169 3233 1330 3304 ἡμῶν
1363 3235 1562 3306 γῆρας,
1589 3239 1683 3290 καὶ
1720 3238 1794 3309 μὴ
1841 3237 2024 3312 λυπή-

453 3339 558 3394 σῃς
588 3325 736 3394 ἡμᾶς
764 3341 779 3356 ⁸
815 3326 874 3378 ὲν
899 3326 1074 3397 Πατρὶ
1098 3326 1193 3379 καὶ
1228 3325 1345 3397 Υἰῷ
1397 3329 1493 3382 καὶ
1550 3330 1692 3400 ἁγίῳ
1747 3331 2031 3400 Πνεύματι

450 3417 521 3485 τῇ
547 3415 660 3468 τῶν
683 3417 820 3470 ὅλων
839 3418 1161 3490 δημιουργῷ
1189 3419 1405 3491 Τριάδι,
1437 3420 1639 3490 δεσμὸν
1665 3423 2033 3494 ὲπιδάλλομέν

2137 2057 2225 2098 res
2255 2057 2320 2097 eo
2346 2041 2574 2111 periculi
2627 2040 2792 2095 venit.
2819 2029 2921 2094 Per
2944 2039 3122 2108 ipsum
3145 2036 3390 2090 omnium
3420 2033 3711 2088 Dominum

2137 2136 2302 2191 Deum
2343 2143 2397 2191 et
2429 2148 2610 2204 regem
2669 2132 3029 2202 deprecamur
3063 2137 3132 2195 te,
3163 2143 3235 2184 ne
3280 2127 3428 2183 hunc
3451 2125 3711 2189 retineas,

2137 2240 2313 2296 neque
2357 2223 2640 2280 retinendo
2671 2230 3009 2278 senectutem
3044 2235 3218 2275 meam
3253 2221 3552 2276 contristes
3573 2259 3592 2285 ,
3622 2219 3715 2273 sed

2137 2329 2195 2374 ut
2242 2316 2660 2388 perquindeeim
2687 2317 2806 2372 dies
2830 2329 2954 2370 cum
2990 2315 3106 2380 illo,
3134 2323 3193 2369 ut
3221 2312 3562 2385 plaeebit,de
3584 2326 3716 2382 pace

2135 2411 2496 2480 colloquaris,
2517 2419 2571 2464 et
2588 2407 2947 2480 quindecimo
2971 2408 3059 2463 die
3081 2407 3286 2476 elapso,
3307 2421 3431 2460 eum
3456 2405 3725 2468 liberum,

2135 2501 2460 2571 injuriaeque
2483 2510 2539 2555 et
2567 2500 2876 2554 detrimenti
2897 2499 3193 2553 immunem
3222 2496 3288 2550 ad
3316 2511 3417 2551 nos
3437 2495 3714 2550 remittas.

2137 2595 2300 2660 Sane,
2347 2607 2380 2647 o
2429 2592 2527 2654 (ili,
2563 2593 2740 2661 ipsum
2773 2577 3074 2646 reverearis
3113 2588 3241 2644 ωτιιί
3275 2596 3328 2643 et
3359 2599 3520 2660 terrae
3545 2587 3716 2641 Crea-

2138 2693 2332 2746 torem,
2394 2682 2613 2752 meique
2658 2681 2782 2736 vilis
2826 2694 2952 2750 erga
2993 2689 3045 2734 te
3083 2694 3348 2734 amorem.
3382 2677 3715 2738 OII‘eremns.

2134 2775 2179 2828 si
2199 2773 2453 2837 volueris,
2469 2776 2588 2843 (pro
2611 2773 2685 2842 te)
2707 2787 2922 2828 sacrum
2949 2769 3276 2827 sacriﬁcium
3301 2770 3442 2840 quod
3465 2771 3530 2823 ad
3551 2770 3720 2824 altare

2135 2866 2232 2922 Dei
2286 2865 2574 2936 (quotidie)
2624 2865 2989 2920 celebramus.
3047 2863 3233 2934 Neque
3278 2864 3437 2918 vilem
3471 2869 3716 2917 nostram

2135 2967 2494 3023 senectutem,
2534 2973 2710 3028 neque
2745 2957 3194 3016 noscontristes.
3231 2954 3286 3011 In
3316 2955 3476 3012 Patre
3504 2953 3719 3010 etFilio
3779 3022 3788 3028 .

2136 3061 2191 3107 et
2219 3061 2411 3107 sancto
2433 3051 2666 3122 Spiritu,
2703 3049 2966 3104 Triuitate
2995 3048 3236 3105 omnium
3286 3048 3566 3111 Creatore,
3600 3049 3721 3100 vin-

2140 3144 2320 3201 culum
2371 3144 2467 3198 tibi
2525 3143 2820 3212 injieimus.
2855 3140 2932 3195 Ne
2964 3155 3127 3211 cogas
3164 3154 3265 3194 nos
3303 3138 3566 3193 continuo
3596 3151 3722 3206 pro-

2140 3247 2258 3308 pter
2305 3245 2355 3290 te
2401 3235 2608 3299 dolere,
2638 3241 2691 3286 et
2722 3233 2788 3286 ad
2826 3230 2992 3286 Deum
3027 3244 3336 3293 recurrere,
3373 3228 3615 3300 quandiu
3665 3229 3718 3281 in

2144 3330 2394 3400 praesenti
2454 3328 2561 3380 vita
2624 3323 3006 3387 versabimur,
3064 3321 3359 3376 vanitatem
3440 3322 3730 3376 actionum-

2145 3423 2517 3480 humanarum
2543 3417 2975 3473 considerantes.

451 3525 542 3562 σοι
571 3526 586 3540 °
625 3510 761 3580 μηδὲ
827 3512 1061 3585 ποιήσῃς
1119 3515 1269 3582 ἡμᾶς
1329 3515 1610 3579 στενάζειν
1651 3515 1740 3568 διά
1784 3519 1983 3579 παντὸς
2021 3515 2162 3570 κατὰ
2192 3515 2286 3570 σοῦ
2328 3516 2420 3569 καὶ
2448 3505 2945 3588 προσεντυγχάνειν
2977 3509 3120 3580 Θεῷ,
3153 3508 3347 3579 μέχρις
3419 3507 3485 3561 ἂν
3555 3507 3612 3560 ὲν
3652 3506 3721 3575 τῇ

451 3600 573 3672 ζωῇ
622 3601 796 3673 ταύτῃ
831 3604 1326 3674 ἀναστρεφώμεθα,
1369 3608 1463 3660 καὶ
1490 3608 1589 3678 τὴν
1618 3608 1960 3682 ματαιότητα
1988 3608 2092 3662 τῶν
2121 3606 2484 3676 ἀνθρωπίνων
2504 3604 2859 3675 ςπραγμάτων
2881 3599 3329 3672 ἀναθεωροῦντες
3360 3596 3719 3669 ὑπάρχωμεν.

1015 3744 1138 3797 KF'.
1180 3742 1268 3809 Τῷ
1294 3744 1472 3810 αὐτῷ.

541 3854 685 3922 Ἐγὼ
711 3856 1099 3927 καὶπρότερον
1154 3858 1396 3929 ἔγραφον
1449 3862 1514 3928 τῇ
1571 3861 1869 3930 τιμιότητί
1917 3878 2034 3924 σου,

451 3947 650 4001 τέκνον
681 3950 860 4019 ἡμῶν,
889 3953 981 4003 καὶ
1003 3951 1232 4021 γράφων
1266 3953 1611 4022 παρειχόμην
1656 3929 2036 4024 πληροςρορίαν

452 4046 526 4114 τῇ
563 4044 780 4097 συνέσει
817 4062 934 4106 σου,
972 4045 1055 4098 ὅτι
1084 4048 1183 4115 οὐχ
1215 4046 1403 4100 ἕνεκεν
1447 4047 1546 4118 τῆς
1580 4048 1689 4100 τῶν
1747 4049 2038 4119 Ῥωμαίων

453 4134 784 4212 κακώσεως,
820 4134 958 4189 ἀλλά
989 4138 1149 4206 χάριν
1175 4136 1276 4206 τῆς
1306 4137 1495 4208 κοινῆς
1544 4139 1822 4208 σωτηρίας
1874 4139 2037 4192 Βουλ-

451 4227 652 4297 γάρων
680 4227 778 4279 καὶ
836 4225 1130 4297 Ῥωμαίων
1176 4229 1301 4292 τοὺς
1352 4228 1550 4297 λόγους
1595 4229 1891 4301 ποιοῦμαι·
1943 4233 2040 4285 καὶ

452 4319 584 4372 τότε
612 4320 740 4382 ἴσως
763 4319 985 4373 ἐδόκουν
1031 4319 1236 4372 ἄπιστα
1293 4319 1474 4390 λέγειν
1501 4322 1654 4392 ύμῖν,
1721 4323 1821 4376 καὶ
1856 4322 1952 4376 νῦν
1982 4323 2039 4377 δὲ

455 4505 640 4574 αὐτὴν
687 4504 826 4576 ἔχων
903 4506 1236 4576 κηδεμονίαν
1303 4507 1444 4578 ὑπὲρ
1496 4508 1765 4578 ἑκατέρου
1824 4509 2041 4573 γένους,

454 4592 793 4663 Βουλγάρων
823 4595 968 4663 φημὶ
1000 4594 1096 4648 καὶ
1137 4594 1466 4664 Ῥωμαίων·
1518 4597 1626 4659 ἵνα,
1688 4598 1736 4650 εί
1789 4599 2042 4663 δυνατὸν,

457 4687 602 4755 ὅπερ
633 4684 692 4750 ἐξ
717 4684 891 4753 ἀρχῆς
922 4683 1030 4736 ἔδει
1059 4684 1340 4753 γενέσθαι,
1369 4687 1606 4758 ἐπηρείᾳ
1652 4688 1708 4741 δὲ
1737 4688 1834 4741 τοῦ
1852 4689 2045 4760 δαίμο-

460 4793 556 4840 νος
578 4779 640 4830 ού
666 4777 882 4846 γέγονε,
918 4777 1021 4831 κᾶν
1074 4777 1170 4832 νῦν
1203 4777 1426 4850 δέξηται
1477 4781 1718 4847 γένεσιν.
1773 4783 1935 4836 Ποῖον
1981 4785 2044 4852 δὴ

459 4868 662 4935 τοῦτος
710 4869 856 4939 Φημὶ
906 4869 1006 4939 τῆς
1070 4871 1296 4940 εἰρήνης
1347 4870 1410 4922 τὸ
1467 4871 1612 4940 μέγα
1673 4874 1931 4941 πρᾶγμα,
1985 4873 2047 4925 τὸ

459 4961 836 5031 ἀγαπώμενον
869 4961 1060 5032 καὶτῷ
1116 4963 1342 5033 Χριστῷ
1398 4966 1494 5017 καὶ
1548 4964 1667 5034 Θεῷ
1718 4965 1897 5035 ἡμῶν,
1955 4966 2050 5020 καλ⁸

463 5057 608 5129 πρὸς
635 5055 914 5126 συμφέρον
979 5057 1240 5126 ἐσόμενον
1290 5059 1406 5122 τοῖς
1438 5057 1603 5127 μέχρι
1654 5057 1750 5109 τοῦ
1783 5057 2050 5129 παρόντος

463 5150 725 5213 ἐλεεινῶς
751 5151 846 5202 καὶ
880 5147 1082 5211 ἀθλίως
1102 5150 1194 5203 τὸν
1229 5150 1344 5220 βίον
1392 5149 1764 5218 διεξανύσασι,
1801 5152 1864 5204 τὺ
1891 5150 2050 5220 λῆξαι

457 5241 577 5295 τῶν
601 5239 852 5309 αἱμάτων
886 5239 988 5303 τὰς
1017 5239 1204 5310 χύσεις
1233 5243 1356 5296 ὅσαι
1383 5241 1536 5311 παρά
1573 5241 1918 5312 Χριστιανῶν
1971 5243 2051 5300 εἰς

467 5332 837 5401 Χριστιανοὺς
869 5331 1245 5401 ὲνεργοῦνται.
1275 5334 1384 5387 Kal
1416 5333 1590 5388 ταῦτα
1644 5332 1888 5404 ἔγραφον
1949 5333 2047 5401 μὲν

472 5423 764 5492 πρότερον,
789 5423 866 5494 ὡς
902 5422 1076 5487 εἷπον,
1121 5425 1238 5494 μετ’
1274 5425 1468 5494 ὀδύνης
1497 5424 1751 5493 καρδίας,
1801 5425 1899 5480 καὶ
1955 5424 2052 5476 νῦν

472 5515 781 5568 ἐπιστέλλω
811 5515 952 5585 μετά
982 5517 1209 5587 κέντρου
1270 5516 1372 5584 τῆς
1422 5517 1617 5587 ὀδύνης
1668 5517 2051 5586 πληκτικωτέο

477 5621 598 5672 ρον.
628 5605 803 5658 Πόθεν
823 5606 879 5660 δὲ
909 5607 970 5660 τὸ
1004 5607 1176 5661 αἴτιον
1198 5607 1294 5661 τοῦ
1329 5607 1423 5661 νῦν
1469 5608 1831 5680 σφοδρωτέρῳ
1887 5607 2054 5677 πλήτ-

467 5696 671 5750 τεσθαι
699 5699 842 5766 ἡμᾶς
863 5699 1102 5768 κέντρῳ,
1134 5700 1300 5753 ἄκουέ
1327 5717 1451 5769 μου,
1485 5700 1815 5770 ἠγαπημένε
1848 5718 1859 5731 ·
1921 5715 2051 5766 συγσ

475 5787 702 5857 κίνησις
737 5790 1110 5861 δυνατωτάτη,
1157 5791 1453 5846 ὅσονὲστιν
1483 5791 1583 5863 ἐμὲ
1634 5792 1946 5856 ὑπολαϐεῖν,
1992 5793 2055 5844 ἐκ

2706 3741 2897 3796 XXIII.
2937 3739 3141 3794 Eidem.

2211 3855 2455 3911 Primum
2501 3869 2600 3925 ego
2667 3853 3003 3908 excellentiae
3063 3863 3170 3906 tuae
3233 3850 3464 3919 seripsi,
3514 3864 3547 3904 ο
3607 3847 3722 3912 liii,

2137 3951 2495 4019 scribensque
2526 3946 2870 4017 prudentiam
2917 3955 3064 4000 tuam
3121 3944 3459 4008 obtestabar,
3492 3959 3577 3996 me
3612 3959 3720 3997 non

2140 4041 2398 4095 Romanae
2428 4038 2646 4093 malitiae
2673 4037 3080 4099 inservientem,
3115 4037 3210 4091 sed
3255 4036 3536 4090 communi
3590 4033 3720 4088 Bul-

2147 4147 2399 4204 garorum
2450 4141 2504 4187 et
2554 4129 2927 4184 Romanorum
2960 4127 3117 4182 saluti
3149 4127 3314 4182 verba
3351 4127 3553 4181 facere.
3581 4124 3721 4180 Tum

2149 4226 2286 4280 forte
2334 4223 2500 4279 dubia
2554 4221 2776 4276 videbar
2810 4221 3024 4282 dicere;
3068 4232 3214 4271 nunc
3247 4219 3300 4271 in
3345 4219 3536 4272 eodem
3571 4234 3725 4272 mens

2150 4317 2378 4373 consilio
2413 4324 2518 4381 est,
2550 4313 2795 4370 eamdem
2827 4313 3060 4368 duarum
3091 4311 3334 4380 gentium
3364 4309 3723 4379 Bulgarorum

345 4439 360 4451 '
456 4413 662 4480 γράφω
701 4412 802 4482 τῆς
827 4412 998 4482 αὐτῆς
1043 4413 1423 4484 προαιρέσεως
1456 4390 1745 4485 ύπάρχων,
1789 4414 1886 4469 καὶ
1939 4416 2038 4486 τὴν

2148 4419 2200 4463 et
2224 4407 2595 4462 Romanorum
2627 4421 2817 4461 curam
2852 4403 3089 4469 habens,
3121 4390 3198 4469 ut,
3233 4402 3276 4456 si
3319 4401 3462 4473 quod
3506 4418 3533 4452 a
3577 4400 3725 4470 prin-

2143 4501 2284 4572 cipio
2306 4515 2430 4556 esse
2452 4501 2704 4566 debebat,
2739 4498 3073 4568 malignitate
3105 4505 3286 4552 autem
3308 4495 3576 4550 dseruonis
3605 4495 3720 4547 lieri

2150 4611 2259 4651 non
2311 4597 2512 4665 potuit,
2565 4595 2693 4648 illud
2728 4595 2921 4650 saltem
2972 4609 3116 4648 nunc
3157 4592 3443 4647 exordium
3472 4590 3722 4660 accipiat.

2148 4689 2320 4755 Quale
2371 4695 2453 4744 est
2508 4687 2680 4742 illud?
2733 4687 2985 4757 Magnum
3035 4686 3185 4756 pacis
3235 4685 3512 4756 negotium
3577 4683 3719 4744 (lien,

2149 4782 2366 4838 Christo
2408 4781 2626 4850 Deoque
2681 4781 3146 4849 acceptissimum,
3177 4788 3232 4835 et
3297 4786 3456 4832 tanta}
3501 4775 3717 4830 utilitati

2153 4875 2395 4929 futurum
2448 4875 2553 4929 illis
2608 4873 2700 4943 qui
2751 4887 2925 4940 usque
2960 4872 3025 4926 ad
3053 4872 3194 4927 hanc
3242 4873 3384 4926 diem
3426 4868 3718 4922 infaustam

2153 4968 2518 5036 miseramque
2593 4966 2758 5020 vitam
2809 4965 3076 5034 degerunt
3135 4980 3150 5018 :
3206 4962 3541 5017 eessatinnes
3601 4960 3724 5013 dico

2152 5058 2476 5113 clitisionum
2513 5055 2814 5126 sanguinis,
2854 5072 2974 5126 qua
3004 5049 3008 5052 ’
3033 5072 3063 5109 a
3110 5053 3438 5110 Christianis
3479 5052 3533 5105 in
3559 5050 3722 5105 Chri-

2154 5151 2362 5204 stianos
2411 5149 2661 5203 saeviunt.
2694 5148 2800 5204 Ista
2847 5151 3064 5219 quidem
3113 5147 3346 5217 primum
3393 5143 3721 5199 scribebam.

2156 5250 2214 5294 ut.
2256 5240 2388 5304 dixi,
2422 5253 2548 5294 cum
2605 5239 2750 5294 luctu
2801 5240 3002 5301 cordis,
3033 5248 3086 5292 et
3140 5252 3284 5291 nunc
3326 5249 3514 5288 rursus
3546 5237 3726 5290 scribo

2155 5351 2276 5390 eum
2308 5335 2521 5391 acriore
2546 5334 2753 5391 doloris
2770 5335 3041 5390 acumine.
3075 5332 3230 5387 Unde
3259 5344 3404 5384 nunc
3427 5331 3725 5385 vehemen-

2156 5428 2294 5482 tiore
2351 5427 2602 5482 actnnine
2637 5426 2928 5497 transﬁgar
2979 5425 3104 5478 audi
3138 5439 3166 5477 a
3209 5438 3317 5484 me,
3342 5436 3375 5475 ο
3407 5419 3483 5475 liii
3507 5422 3721 5476 dilecte.

2158 5520 2501 5576 Validissima
2555 5521 2868 5579 commotio,
2922 5533 2986 5572 ex
3017 5507 3126 5585 quo
3160 5515 3402 5571 meditati
3458 5525 3587 5571 sunt
3626 5518 3726 5567 ῐιιιο

2157 5618 2434 5678 peratores
2468 5619 2660 5662 contra
2694 5618 2838 5661 tuam
2881 5604 3168 5675 gentisque
3239 5615 3343 5661 tua:
3379 5613 3725 5676 potestatem,

2158 5711 2250 5754 aut
2284 5713 2466 5770 parata
2506 5701 2625 5766 fuit,
2683 5709 2773 5752 aut
2831 5698 3134 5768 parabitur,
3169 5696 3610 5752 Roxolanornm?
3637 5694 3723 5742 Si-

2160 5796 2380 5862 mulque
2426 5791 2897 5853 I’atzinacitarum,
2955 5801 3006 5846 et
3055 5791 3372 5846 Alanorum,
3421 5787 3727 5840 occidenta-
