3996 6208
378 342 474 409 151

1504 356 1554 417 Ν
1567 356 1815 417 [COLAI
1856 358 1962 417 (ΞΡ.
2010 356 2524 418 PATRIARCHxﬁ

3540 350 3643 416 152

376 459 616 527 liumque
662 456 985 526 Turcorum,
1024 461 1141 530 qui,
1196 462 1335 516 idem
1385 464 1707 528 sentientes,
1741 464 1939 519 bellum

2051 468 2149 536 τῆς
2204 465 2492 535 βασιλικῆς
2542 464 2780 534 σπουδῆς
2841 464 2981 518 κατὰ
3029 463 3128 531 τῆς
3189 462 3460 532 ὑμετέρας
3490 463 3641 526 ἐξου-

376 549 637 604 adversus
668 557 716 602 te
749 563 1098 617 paraverunt.

2060 556 2179 617 σίας
2211 556 2303 606 καί
2336 552 2431 605 τοῦ
2456 552 2551 607 σοῦ
2586 553 2799 621 γένους.
2828 552 2861 619 ἢ
2892 550 3416 619 παρεσκεύασται,ἢ
3455 565 3636 616 παρα-

374 642 831 713 σκευασθήσεται,
868 644 974 695 τῶν
1006 661 1062 695 τε
1101 645 1263 707 Ῥῶς,
1307 645 1399 698 καὶ
1430 648 1526 699 σὺν
1561 647 1790 710 ἐκείνοις
1865 647 1975 725 τῶν
2016 644 2471 715 Πατζηνακιτῶν,
2500 644 2583 697 ἔτι
2612 644 2669 697 δὲ
2712 644 2810 697 καλ.
2883 641 3138 705 Ἀλανῶν,
3172 644 3265 695 καλ⁵
3312 640 3420 694 τῶν
3449 642 3511 693 ὲκ
3536 639 3636 709 τῆς

375 738 590 802 Δύσεως
622 737 904 807 Τούρκων,
941 738 1159 790 πάντων
1206 741 1724 811 όμοφρονησάντων,
1754 744 1848 794 καὶ
1876 741 2130 795 arma
2165 741 2257 793 σοῦ
2283 740 2520 808 πόλεμον
2540 739 2857 808 ἀραμένων.

442 877 738 946 Postquam
798 877 897 930 ista
966 877 1031 931 ad
1095 894 1257 933 aures
1337 893 1486 934 meas
1563 892 1949 949 pervenerunt,

369 971 594 1024 omnino
612 970 901 1025 Conflictns
928 974 1348 1039 sum,c0piosas
1375 974 1642 1044 lacrymas
1669 974 1951 1031 effundens

374 1047 657 1117 breveslet
690 1064 861 1117 malos
908 1064 1030 1118 vitae
1080 1080 1213 1118 mem
1265 1065 1395 1118 mihi
1424 1066 1541 1120 dies
1587 1067 1949 1135 exprobrans,

370 1154 513 1223 quod
541 1170 714 1223 usque
743 1155 809 1208 ad
851 1156 1040 1209 talimn
1096 1173 1272 1209 rerum
1299 1167 1576 1220 eventum,
1606 1167 1660 1212 et
1701 1156 1768 1209 ad
1801 1158 1951 1209 dolo-

370 1261 482 1299 rem
541 1262 605 1300 ex
666 1247 733 1300 iis
788 1261 884 1300 cor
936 1249 1279 1301 invadentem
1331 1250 1438 1303 vita
1470 1251 1601 1303 mihi
1635 1250 1951 1319 prolongata

372 1339 587 1403 fuisset,
636 1341 898 1409 priusque
953 1356 1057 1393 non
1091 1351 1340 1395 mortuus
1370 1341 1619 1405 fuissem,
1648 1358 1811 1411 quant
1841 1342 1943 1396 ista

369 1432 777 1493 accidissent,et
794 1432 1089 1487 audiissem
1111 1450 1231 1502 quae
1246 1433 1311 1487 de
1333 1435 1398 1487 iis
1417 1435 1557 1487 dicta
1576 1444 1721 1490 sunt.
1742 1435 1950 1489 Interea

368 1522 698 1577 Christianis
733 1524 935 1578 nostris
972 1525 1394 1591 imperatoribus
1427 1542 1549 1593 qua:
1584 1527 1717 1580 mihi
1748 1526 1953 1580 condo—

371 1615 486 1668 lens
522 1616 786 1670 suadebat
816 1616 998 1671 dicere
1051 1633 1160 1671 non
1212 1618 1478 1680 dubitavi,
1520 1627 1575 1671 et
1630 1619 1695 1670 ad
1739 1629 1789 1672 te
1830 1635 1952 1689 qua:

370 1705 611 1759 scribere
660 1706 918 1760 ardebam
973 1708 1173 1760 scribo.
1210 1706 1340 1772 Qua:
1369 1717 1549 1759 autem
1596 1707 1662 1760 ad
1703 1708 1824 1762 illos
1856 1709 1947 1777 qui

2126 876 2311 929 Ταῦτα
2335 875 2525 944 ἐπειδὴ
2574 879 2695 938 ταῖς
2726 878 2887 945 ἐμαῖς
2912 878 3104 937 ἀκοαῖς
3144 873 3470 942 προσῆλθον,
3499 872 3633 931 ὅλως

2052 969 2377 1038 συνεχύθην,
2414 970 2507 1021 καὶ
2533 970 2748 1039 πλήρης
2780 970 3049 1039 ἐγενόμην
3080 968 3364 1037 δακρύων,
3413 968 3505 1018 καὶ
3538 968 3636 1027 τὰς

2048 1063 2232 1130 ὀλίγας
2262 1062 2357 1114 καὶ
2385 1062 2626 1130 πονηρὰς
2652 1062 2753 1130 τῆς
2786 1064 2925 1131 ἐμῆς
2957 1061 3103 1130 ζωῆς
3135 1058 3476 1128 ἐμεμψάμην
3498 1060 3636 1127 ἡμέ-

2054 1173 2171 1225 ρας,
2209 1156 2289 1207 ὅτι
2321 1155 2460 1223 προς
2492 1153 2770 1221 σύμϐασιν
2798 1154 3060 1206 τοιούτων
3103 1151 3475 1222 πραγμάτων,
3541 1152 3637 1203 καὶ

2048 1248 2145 1318 τὴν
2178 1248 2233 1313 ἐξ
2265 1247 2448 1299 αὑτῶν
2472 1247 2743 1315 ἀλγηδόνα
2775 1247 2875 1315 τῆς
2899 1247 3036 1316 ἐμῆς
3053 1245 3281 1315 καρδίας
3316 1244 3639 1311 παρέτεινεν

2051 1343 2080 1393 ὁ
2106 1342 2217 1407 βίος
2250 1340 2429 1411 ἡμῶν,
2470 1341 2565 1392 καὶ
2612 1341 2674 1392 οὑ
2713 1339 3123 1409 προαπολώλειν
3148 1336 3258 1390 οὐδ’
3291 1336 3536 1398 ἀπῆλθον
3573 1337 3637 1386 ἐκ

2050 1436 2151 1502 τῆς
2182 1433 2467 1502 παρούσης
2494 1435 2641 1501 ζωῆς
2670 1436 2797 1503 πρὶν
2825 1432 2856 1501 ἢ
2887 1433 3061 1484 ταῦτα
3090 1428 3367 1498 γενέσθαι.
3403 1429 3491 1479 καὶ
3519 1430 3639 1482 ταῖς

2052 1530 2210 1596 ἐμαῖς
2250 1528 2443 1589 ἀκοαῖς
2478 1529 2606 1589 τοὺς
2634 1528 2763 1595 περὶ
2792 1526 2975 1577 αὐτῶν
3034 1522 3358 1593 προσελθεῖν
3406 1520 3633 1587 λόγουςο

2049 1617 2219 1680 οὕτως
2248 1615 2343 1671 οὖν
2376 1617 2788 1686 διατεθειμένος
2814 1618 2909 1669 καί
2933 1618 3046 1678 τοῖς
3078 1613 3452 1684 φιλοχρίστοις
3476 1611 3635 1678 ἡμῶν

2054 1711 2384 1781 βασιλεῦσιν,
2413 1712 2447 1765 ἃ
2474 1712 2533 1764 τὸ
2557 1712 2720 1778 ἄλγος
2749 1711 2847 1779 τῆς
2882 1709 3024 1779 ὲμῆς
3075 1708 3349 1775 ἐπέτρεπε
3404 1703 3636 1774 καρδίας

374 1795 482 1848 Deo
512 1798 725 1851 volente
758 1795 1046 1866 impezium
1081 1799 1386 1854 sortiuntur
1414 1800 1547 1864 dixi,
1578 1817 1700 1869 quae
1734 1801 1936 1870 suppli-

2047 1806 2367 1874 προσειπεῖν
2435 1805 2535 1856 οὑκ
2597 1803 2927 1871 ἀπώκνησα.
2972 1801 3065 1853 καὶ
3129 1799 3265 1868 πρὸς
3289 1798 3436 1868 ὑμᾶς
3489 1794 3547 1847 δὲ
3599 1793 3636 1850 ἃ

369 1888 509 1950 cavi,
560 1900 693 1957 qum
746 1888 848 1943 feci
889 1890 1301 1944 adhortationes
1355 1892 1420 1945 ad
1468 1893 1519 1945 id
1574 1893 1818 1957 fuerunt,
1874 1909 1942 1947 ne

371 1979 445 2032 illi
472 1980 679 2033 diutius
712 1980 844 2034 istas
866 1991 1055 2051 gentes
1083 1982 1345 2037 adversus
1370 2000 1462 2038 vos
1486 1988 1775 2039 convenire
1805 1986 1941 2039 tole-

368 2082 572 2133 rarent.
620 2087 935 2143 quanquam
1001 2090 1030 2127 a
1085 2075 1239 2129 vobis
1289 2077 1471 2144 gravia
1528 2078 1805 2139 tulissent,
1877 2095 1944 2133 ne

366 2164 660 2218 acerbitate
687 2176 737 2218 et
770 2166 1140 2235 indignatione
1172 2166 1338 2221 animi
1376 2183 1439 2222 ex
1490 2168 1705 2222 fortuna
1734 2180 1943 2224 averte-

368 2264 556 2307 rentur
591 2254 660 2308 ab
693 2254 795 2308 hoc
843 2256 993 2324 justo
1044 2256 1400 2326 Bulgarorum
1440 2259 1589 2328 genti
1635 2262 1943 2328 praestando

365 2345 589 2410 auxilio,
626 2357 880 2402 caventes
917 2364 985 2402 ne
1033 2349 1101 2403 ab
1133 2349 1312 2418 impiis
1353 2351 1668 2406 nationibus
1723 2352 1942 2421 frange-

368 2448 555 2492 rentur
614 2441 795 2509 p0pu1i
862 2456 926 2494 ex
999 2442 1221 2496 Christo
1275 2444 1494 2513 Deoque
1552 2447 1940 2514 cognominati,

366 2529 493 2584 licet
555 2531 659 2586 sibi
725 2533 932 2588 inimici
994 2534 1288 2605 infestique
1352 2537 1676 2606 perniciosis
1735 2539 1939 2594 diaboli

364 2623 611 2678 consiliis
639 2624 786 2680 facti.

2053 1896 2288 1965 γράφειν
2316 1894 2710 1966 προεθυμήθην
2735 1894 2955 1962 γράφω.
2992 1894 3057 1944 Ἀ
3088 1892 3188 1960 μὲν
3217 1888 3309 1943 οὖν
3349 1887 3487 1958 πρὸς
3509 1886 3636 1947 τοὺς

2052 1992 2115 2041 ὲκ
2149 1988 2283 2043 Θεοῦ
2310 1989 2578 2058 λαχόντας
2604 1988 2699 2041 τοῦ
2746 1987 3040 2057 Ῥωμαίων
3090 1982 3399 2055 βασιλεύειν
3438 1981 3635 2047 γένους

2048 2080 2422 2151 ἐφθεγξάμην,
2467 2081 2503 2135 ἆ
2545 2082 2896 2149 ὲδυσώπησα,
2927 2081 3059 2145 ὅσην
3092 2076 3414 2146 παραίνεσιν
3441 2076 3634 2139 ἐποιη-

2050 2175 2253 2245 σάμην,
2290 2175 2463 2227 ταῦτά
2507 2177 2656 2227 ἐστιν
2691 2191 2705 2203 ⁸
2734 2160 3135 2242 ἐπισχεῖκίτῶν
3188 2168 3358 2221 ἐθνῶν
3406 2165 3635 2218 ἐκείνων

2046 2266 2146 2335 τὴν
2179 2265 2302 2319 καθ’
2330 2266 2487 2336 ὑμῶν
2514 2266 2841 2334 συγκίνησιν
2900 2264 3355 2345 μακροθυμῆσαι,
3425 2261 3519 2310 καὶ
3552 2257 3634 2309 ἔτι

2047 2361 2139 2412 ἐπὶ
2171 2361 2338 2412 πᾶσιν
2372 2354 2453 2423 οἷς
2496 2359 2813 2427 ὑπέστησαν
2844 2359 2973 2427 παρ’
3007 2358 3165 2427 ὑμῶν
3196 2355 3439 2424 ἀνιαροῖς
3473 2367 3489 2382 ⁸
3528 2365 3633 2419 μην

2049 2452 2106 2505 δὲ
2128 2452 2381 2505 τοσοῦτον
2409 2450 2701 2521 κινηθῆναι
2732 2452 2929 2522 πικρίᾳ
2953 2449 3133 2521 ψυχῆς
3170 2448 3261 2500 καὶ
3316 2442 3632 2513 ἀγανακτή-

2052 2562 2133 2596 σει
2156 2544 2319 2613 τυχὸν
2381 2545 2590 2614 εὐλόγῳ
2645 2545 2740 2597 τοῦ
2790 2543 3064 2614 τοσαύτην
3122 2543 3337 2611 ἄμυναν
3392 2537 3527 2608 πρὸς
3569 2534 3634 2589 τδ

2050 2636 2378 2705 Βωλγάρων
2407 2636 2786 2700 ἐπιδείξασθαι
2821 2637 3005 2703 γένος.
3059 2636 3201 2688 ὥστε
3227 2635 3389 2685 παντὶ
3438 2630 3628 2700 τρόπῳ

362 2720 554 2791 φέρειν
590 2721 826 2791 σπουδὴν
858 2722 950 2775 τοῦ
985 2720 1113 2790 ἔθνη
1136 2722 1297 2792 song
1320 2723 1570 2788 συζῶντα
1641 2726 1969 2794 συγκόπτειν
2008 2731 2308 2801 ἐπιτρέψαι
2333 2734 2461 2795 τοὺς
2495 2733 2725 2802 ὀνόματι
2797 2732 2896 2801 μὲν
2931 2731 3025 2784 τοῦ
3061 2729 3303 2799 Χριστοῦ
3358 2726 3453 2780 καὶ
3491 2720 3628 2776 Θεοῦ

445 2837 520 2872 ων

360 2821 520 2886 ἡμῶν
612 2821 1105 2889 ιπικεκλημένους,
1163 2821 1427 2887 ἀδελφοὺς
1483 2823 1540 2874 δὲ

360 2913 441 2974 εἰς
470 2911 700 2981 ἐχθροὺς
736 2913 828 2965 καὶ
861 2912 1156 2977 πολεμίους
1191 2916 1559 2968 κατέστησαν.

434 3058 585 3112 Talia
618 3064 672 3110 et
701 3054 829 3117 alia.
864 3072 984 3124 qua!
1015 3056 1066 3109 in
1094 3056 1322 3125 epistola
1370 3056 1621 3112 conferre
1677 3074 1936 3129 super-vr

612 2820 1105 2889 ιπικεκλημένονς.
1163 2819 1427 2887 ἀδελφοὺς
1483 2823 1540 2874 δὲ
1605 2825 1699 2876 καὶ
1756 2823 1922 2877 τέκνα
1989 2828 2361 2899 ὑπάρχοντας,
2397 2832 2443 2881 εἰ
2479 2831 2573 2882 καὶ
2633 2827 2882 2883 διαϐόλου
2947 2827 3313 2897 ἐπινοήμασιν
3366 2821 3630 2891 ὀλεθρίοις

2119 3060 2357 3116 Τοιαῦτα
2388 3062 2483 3117 καὶ
2521 3062 2621 3114 ὅσα
2687 3060 2824 3114 ἄλλα
2865 3060 3119 3129 περιττόν
3151 3060 3267 3111 ἐστι
3321 3057 3397 3126 τῷ
3443 3058 3626 3127 γράμ-

361 3166 545 3212 rnnm,
573 3149 635 3201 ad
660 3147 942 3218 religiosos
975 3147 1332 3219 imperatores
1353 3149 1489 3213 dixi,
1514 3151 1604 3218 qui
1637 3151 1865 3219 benigne
1888 3164 1939 3207 rt

2049 3172 2180 3224 ματι
2207 3156 2544 3219 συντάττειν,
2569 3154 2705 3222 πρὸς
2736 3154 2864 3213 τοὺς
2897 3152 3179 3217 φιλοθέους
3221 3153 3379 3220 ἡμῶν
3430 3150 3627 3220 ἐφθεγ-

359 3250 640 3296 mansuete
673 3240 817 3294 illico
842 3240 907 3294 ad
936 3241 1099 3294 verba
1129 3258 1248 3295 mea
1275 3244 1647 3308 attenderuut,
1671 3261 1781 3299 non
1806 3245 1937 3299 mihi

360 3334 795 3388 contradicentes
829 3333 895 3386 de
928 3331 1150 3386 ferendo
1189 3332 1434 3402 Bnlgaris
1473 3344 1681 3388 tantum
1736 3334 1936 3390 Roma-

362 3443 444 3482 na:
500 3426 753 3497 potestati
819 3424 1242 3479 adversantibus
1276 3427 1501 3481 auxilio.
1536 3427 1605 3481 At
1636 3439 1826 3497 contra
1870 3429 1936 3483 ad

358 3535 545 3590 pacem
604 3517 946 3587 imploratam
984 3519 1209 3572 omnino
1239 3518 1381 3573 ﬂecti
1426 3519 1528 3572 visi
1574 3531 1722 3583 sunt,
1775 3530 1829 3575 et
1859 3523 1939 3576 sic

363 3611 495 3664 mihi
535 3610 935 3680 responderunt
967 3628 978 3662 :
1022 3628 1039 3660 ι
1066 3609 1108 3665 Ο
1139 3613 1321 3681 gregis
1357 3612 1653 3666 Christiani
1694 3621 1847 3682 pater
1887 3622 1942 3668 et

360 3712 567 3772 pastor,
597 3717 705 3755 non
740 3713 918 3755 mente
967 3702 1178 3771 excepit
1217 3718 1379 3772 quam
1430 3703 1594 3755 ninlta
1643 3704 1939 3772 graviaque

360 3812 391 3850 a
439 3790 796 3864 BulgarOrum
841 3804 999 3864 gente
1055 3796 1226 3849 simus
1284 3796 1549 3865 perpessi.
1582 3794 1698 3849 Non
1756 3805 1935 3850 tamen

359 3889 627 3941 rationem
676 3886 940 3941 habemus
992 3887 1278 3957 sanguinis
1327 3888 1500 3941 nostri
1546 3891 1613 3939 ah
1655 3904 1718 3941 ea
1754 3888 1935 3950 eﬂ'usi,

357 3989 680 4032 exterarum
715 3977 954 4031 cladium
977 3987 1211 4045 quantas
1243 3978 1310 4031 ab
1335 3993 1397 4031 ea
1425 3978 1686 4032 incitante
1714 3978 1935 4032 diabolo

360 4072 527 4125 nostri
560 4086 840 4139 accepere,
873 4071 1283 4137 aggressionum
1315 4071 1515 4138 quibus
1548 4086 1574 4122 a
1618 4080 1767 4124 tanto
1796 4080 1937 4124 tem-

358 4180 487 4233 pore
526 4163 792 4218 fuerimus
825 4163 1062 4217 lacessiti
1100 4178 1274 4233 usque
1297 4163 1362 4216 ad
1395 4163 1623 4217 istarum
1648 4180 1766 4232 qua:
1792 4178 1937 4216 nunc

357 4257 503 4312 illam
547 4264 861 4327 oppugnant
883 4255 1124 4325 gentiqu
1168 4265 1385 4319 motus,
1424 4264 1520 4309 aut
1551 4270 1670 4323 quae
1717 4270 1810 4323 per
1859 4262 1937 4307 tot

358 4366 533 4405 annos
590 4349 643 4403 in
723 4357 999 4420 posterum
1066 4348 1178 4403 sint
1234 4349 1451 4401 futurze.
1504 4347 1612 4400 Sed
1674 4346 1931 4415 quoniam

358 4443 503 4497 illius
554 4442 725 4511 gratia
771 4451 1013 4495 nostram
1054 4442 1309 4493 invocare
1340 4440 1746 4507 imperatoriam
1781 4446 1933 4506 pote-

354 4545 549 4605 statem
605 4535 658 4586 in
719 4534 904 4587 animo
960 4532 1221 4594 habuisti,
1289 4532 1356 4584 ad
1411 4546 1615 4601 regem,
1666 4530 1709 4583 si
1774 4529 1930 4592 velis,

358 4626 531 4686 mitte,
560 4623 652 4693 qui
683 4624 735 4675 in
766 4623 885 4676 loco
933 4623 1058 4677 belli
1089 4631 1143 4676 et
1198 4623 1424 4677 etedium
1470 4637 1657 4692 pacem
1718 4630 1935 4689 petant;

358 4732 460 4772 nos
490 4726 670 4770 autem
702 4714 847 4784 preci
882 4723 1009 4779 tum,
1037 4716 1079 4769 si
1114 4715 1265 4768 illum
1298 4730 1623 4784 persuasum
1658 4714 1934 4776 habueris.

363 4826 468 4865 non
505 4807 733 4862 habebis
774 4808 1235 4862 contradicentes.
1279 4827 1296 4858 ι
1336 4805 1439 4861 lsta
1479 4816 1606 4860 sunt
1636 4822 1757 4875 qua:
1786 4807 1938 4859 benia

355 4918 459 4972 gue
517 4900 848 4971 pulchreque
894 4899 1044 4968 pacis
1090 4900 1360 4955 desiderio
1413 4900 1553 4969 capti
1602 4900 1668 4953 ad
1725 4907 1940 4953 nostras

354 5008 547 5063 preces
595 4990 1017 5061 responderunt.
1055 4990 1321 5045 Ca’terum
1366 4993 1709 5045 hortationes
1762 4991 1828 5043 ad
1882 5001 1933 5043 te

356 5101 524 5151 meas,
572 5101 604 5139 ο
646 5084 744 5149 fili,
806 5083 980 5148 addo;
1029 5094 1102 5145 et,
1149 5085 1289 5138 sicut
1331 5100 1359 5138 a
1397 5084 1686 5153 principio,
1740 5084 1842 5138 hoc
1881 5092 1934 5137 et

356 5192 499 5231 nunc
546 5193 670 5231 cum
716 5176 919 5245 gemitu
967 5185 1021 5229 et
1065 5176 1284 5243 planctu
1340 5176 1570 5230 scribo:
1604 5177 1822 5231 attende
1865 5175 1931 5229 ad

358 5268 505 5334 pacis
537 5268 738 5323 bonum
770 5279 825 5324 et
859 5270 922 5322 ad
953 5278 1057 5323 tua:
1080 5269 1255 5338 gentis
1284 5269 1551 5334 salutem;
1597 5285 1663 5323 ne
1713 5270 1765 5323 in
1814 5285 1937 5336 pes-

358 5356 498 5408 sima
549 5374 769 5413 maneas
818 5360 1017 5414 invidia
1046 5376 1060 5423 ;
1094 5374 1158 5412 ne
1196 5358 1435 5413 cadibus
1464 5400 1479 5422 ,
1512 5360 1760 5414 ell‘nsioni
1810 5376 1935 5413 san-

312 5506 319 5525 ;
358 5443 559 5514 guinis,
603 5457 655 5500 et
714 5465 1045 5516 sponsorum
1098 5449 1446 5519 filiorumque
1518 5454 1683 5520 stragi
1722 5464 1813 5506 aut
1848 5470 1940 5505 va-

356 5535 519 5589 statis
559 5538 715 5591 terris
749 5552 1044 5610 postpouas
1101 5543 1363 5611 praeclara
1419 5542 1935 5613 jucundissimaquc

358 5629 497 5683 bona
521 5666 536 5690 ,
594 5643 715 5695 qua:
755 5628 1014 5687 Romanis
1046 5642 1100 5687 et
1127 5632 1380 5704 Bulgaris
1413 5649 1475 5687 ex
1512 5648 1643 5701 pace
1692 5637 1933 5690 venient.

2044 3245 2225 3314 ξάμην
2264 3244 2521 3314 βασιλεῖς,
2556 3246 2648 3296 καὶ
2684 3245 2744 3295 τό
2774 3258 2837 3310 γε
2860 3241 3249 3311 φιλάνθρωπον
3297 3241 3477 3293 αὑτῶν
3528 3244 3621 3294 καὶ

2041 3336 2284 3396 ἐπιεικὲς
2343 3334 2543 3387 αὐτίκα
2613 3333 2722 3384 τῶν
2786 3331 3073 3402 ἡμετέρων
3128 3331 3401 3400 προσέσχε
3426 3330 3624 3398 λόγων,

2041 3430 2136 3481 καὶ
2161 3429 2261 3479 οὑκ
2294 3428 2547 3479 ἀντεῖπον
2571 3425 2679 3477 οὐδ’
2707 3423 3131 3493 ἐφιλονείκησαν
3167 3424 3304 3493 πρὸς
3336 3427 3486 3492 ἡμᾶς
3524 3425 3618 3476 τοῦ

2040 3524 2255 3592 ἄμυναν
2290 3522 2544 3590 γενέσθαι
2577 3537 2589 3549 ·
2626 3520 2761 3587 πρὸς
2788 3519 3135 3588 Βουλγάρους
3193 3520 3318 3580 τοὺς
3349 3518 3492 3571 οὑτω
3524 3537 3627 3571 κα-

2040 3615 2323 3676 κώσαντας
2352 3613 2450 3683 τὴν
2491 3613 2806 3681 Ῥωμαϊκὴν
2848 3613 3123 3677 ἐξουσίαν,
3162 3611 3297 3664 ἀλλά
3337 3612 3474 3680 πρὸς
3524 3612 3625 3680 τὴν

2040 3709 2100 3775 ἐξ
2129 3709 2302 3777 ἀρχῆς
2336 3706 2467 3777 παρ’
2503 3707 2680 3758 αὑτῶν
2707 3703 3153 3775 ἐπιζητουμένην
3204 3706 3427 3774 εἰρήνην
3490 3705 3624 3772 ὅλην

2039 3803 2137 3873 τὴν
2182 3799 2501 3870 προαίρεσιν
2549 3798 2812 3869 ὤφθησαν
2871 3799 3271 3860 ἐπικλίναντες.
3323 3801 3413 3850 καὶ
3466 3796 3623 3851 εἷπον

2038 3889 2261 3943 τοιαῦτα
2288 3889 2421 3957 πρὸς
2442 3890 2591 3958 ἡμᾶς
2616 3905 2630 3919 ’
2662 3907 2680 3939 ι
2722 3884 2792 3939 *Ω
2842 3889 3017 3956 πάτερ
3044 3889 3138 3940 καὶ
3169 3891 3371 3957 ποιμὴν
3398 3889 3495 3956 τῆς
3527 3889 3625 3941 τοῦ

2039 3977 2278 4048 Χριστοῦ
2313 3977 2573 4046 ποίμνης,
2604 3977 2704 4029 οὑκ
2738 3976 3035 4045 ἐξέστημεν
3078 3979 3175 4045 τῆς
3231 3980 3442 4040 οἰκείας
3482 3978 3623 4046 γνὼ-

2044 4087 2177 4139 μης,
2204 4069 2380 4121 ὁπόσα
2406 4069 2449 4121 δ’
2477 4068 2543 4121 ἂν
2571 4069 2631 4120 τὸ
2665 4067 2998 4136 Βουλγάρων
3023 4069 3180 4136 γένος
3201 4072 3499 4139 εἰργάσατο
3536 4072 3620 4134 εἰς

2041 4164 2187 4232 ἡμᾶς
2242 4160 2476 4232 χαλεπὰ,
2514 4160 2635 4213 οὑδὲ
2689 4160 3026 4228 λογιζόμεθα
3080 4165 3147 4215 τὰ
3179 4166 3457 4232 κεχυμένα
3488 4168 3622 4229 παρ’

2041 4256 2221 4308 αὑτῶν
2272 4256 2480 4323 αἵματα
2534 4253 2628 4305 τοῦ
2680 4254 2957 4323 ἡμετέρου
3009 4255 3142 4307 λαοῦ
3198 4258 3295 4308 καὶ
3320 4256 3421 4324 τὴν
3452 4256 3621 4323 ἄλλην

2042 4344 2445 4413 πανωλεθρὶαν,
2478 4344 2611 4412 ὅσην
2638 4343 2715 4411 τῷ
2739 4345 2963 4413 πονηρῷ
2985 4345 3201 4413 δαίμονι
3229 4348 3620 4416 ἐνεργούμενοι

2042 4436 2186 4490 κατὰ
2244 4436 2354 4488 τῶν
2406 4438 2690 4505 ἡμετέρων
2718 4436 3048 4505 εἰργάσαντο
3079 4439 3361 4508 ὑπηκόων,
3402 4442 3461 4492 οὑ
3505 4441 3617 4510 μὴν

2038 4529 2154 4582 ἀλλ’
2214 4510 2334 4581 οὐδὲ
2378 4530 2471 4598 τὴν
2527 4529 2881 4597 καινοτομίαν
2938 4532 3071 4599 ὅσην
3133 4531 3452 4602 ὑπέστημεν
3511 4533 3623 4586 ὑπὸ

2038 4620 2251 4690 χρόνοις
2274 4619 2552 4682 τοσούτοις
2578 4622 2658 4681 εἰς
2689 4620 2788 4692 τὴν
2820 4621 2928 4673 τῶν
2961 4622 3056 4673 νῦν
3125 4623 3427 4692 ἀποκεκινη
3442 4625 3622 4692 μένων

2038 4713 2206 4765 ἐθνῶν
2235 4712 2588 4781 ἀποκίνησιν,
2626 4712 2739 4764 οὐδ’
2767 4712 2868 4765 ὅσα
2897 4712 2993 4781 ἔτη
3043 4712 3314 4783 μέλλομεν
3371 4731 3622 4767 καινοτο-

2043 4803 2285 4872 μείσθαι,
2324 4806 2400 4865 εἰς
2438 4804 2676 4873 ἀριθμοῦ
2719 4804 2879 4872 λόγον
2932 4805 3258 4874 ποιούμεθα.
3308 4807 3449 4860 Ἀλλ’
3496 4809 3620 4861 ἐπεὶ

2038 4896 2210 4950 ταῦτα
2262 4896 2361 4967 τὴν
2405 4897 2566 4965 ἡμῶν
2586 4896 2872 4965 διενοήθης
2915 4898 3261 4967 παρακαλεῖν
3313 4899 3617 4968 βασιλείαν,

2038 4991 2230 5059 ἐκείνῳ
2264 4992 2312 5042 εἰ
2340 4989 2519 5059 βούλει
2552 4989 2880 5045 ὲπίστειλον.
2913 4991 3033 5041 ἀντὶ
3062 4991 3155 5043 τοῦ
3219 4994 3457 5061 πολέμου
3522 4995 3620 5045 καὶ

2039 5084 2147 5134 τῶν
2178 5083 2404 5150 σφαγῶν
2453 5081 2553 5151 τὴν
2601 5084 2831 5151 εἰρήνην
2875 5085 3228 5152 ἐπιζητῆσαι,
3290 5088 3384 5139 καὶ
3446 5088 3500 5138 εἷ
3551 5104 3614 5155 γε

2039 5175 2223 5236 λαὸοις
2253 5174 2414 5227 αὑτὸν
2439 5156 2686 5237 τοῖςσοῖς
2710 5176 3034 5237 πειθόμενον
3061 5177 3263 5243 λόγοις,
3287 5182 3435 5247 ἡμᾶς
3464 5180 3615 5248 ἔχεις

2039 5272 2103 5337 τῇ
2130 5271 2193 5334 σῇ
2226 5268 2571 5337 παρακλήσει
2604 5268 2678 5338 μὴ
2704 5269 3106 5333 ἀντιλέγοντας.
3146 5291 3161 5320 ι
3209 5272 3393 5323 Ταῦτα
3433 5274 3530 5340 μὲν
3579 5274 3619 5327 ἃ.

2044 5362 2071 5429 ἡ
2102 5360 2326 5412 ἐκείνων
2348 5361 2672 5430 χρηστότης.
2716 5363 2869 5431 καὶὴ
2904 5361 2999 5414 τοῦ
3059 5363 3226 5415 καλοῦ
3286 5367 3619 5434 πράγματος

2035 5454 2134 5520 τῆς
2156 5453 2379 5521 εἰρήνης
2416 5455 2599 5519 ἔφεσις
2627 5454 2763 5522 πρὸς
2795 5455 2894 5521 τὴν
2918 5456 3196 5524 ἡμετέραν
3223 5458 3616 5524 ὑπεφθέγξατο

2033 5545 2241 5613 δέησιν.
2277 5545 2351 5597 Τὸ
2383 5545 2567 5598 λοιπὸν
2599 5549 2692 5599 ἐπὶ
2734 5548 2792 5598 σὲ
2832 5549 3021 5599 τέκνον
3044 5549 3205 5615 ἡμῶν
3232 5552 3618 5620 προϐαλλομαι

2033 5636 2131 5706 τὴν
2162 5637 2540 5704 παράκλησιν,
2580 5641 2675 5691 καὶ
2709 5641 2847 5708 ὅπερ
2876 5639 2935 5704 ἐξ
2962 5644 3157 5711 ἀρχῆς,
3191 5643 3352 5695 τοῦτο
3388 5648 3482 5694 καὶ
3514 5644 3613 5695 νῦν

354 5722 552 5793 γράφω
584 5720 727 5792 μετά
759 5719 973 5793 θρήνων
1001 5728 1094 5780 καὶ
1128 5728 1415 5799 ὀδυρμῶν·
1477 5729 1781 5798 ἀπόϐλεψον
1845 5732 1979 5801 πρὸς
2017 5730 2078 5784 τὸ
2110 5732 2209 5802 τῆς
2278 5734 2502 5804 εἰρήνης
2527 5733 2751 5801 ἀγαθὸν,
2814 5735 3120 5809 ἀπόϐλεψον
3176 5737 3311 5805 προς
3367 5738 3468 5807 τὴν
3520 5738 3615 5791 τοῦ

358 5816 453 5871 σοῦ
482 5815 673 5887 γένους
712 5817 1009 5888 σωτηρίαν,
1036 5821 1484 5897 μηδ’ὲπιμείνης
1538 5825 1630 5881 ἔπι
1685 5831 1750 5899 τῇ
1790 5830 2021 5899 κακίστη
2087 5830 2408 5900 φιλονεικιᾳ,
2476 5831 2601 5900 μεδὲ
2666 5834 3013 5901 προτιμήσης
3077 5834 3174 5896 τὰς

3120 5834 3131 5848 ἱ

3245 5851 3347 5901 agat
3366 5833 3459 5900 τὰς
3528 5840 3615 5889 καὶ
