3996 6208
306 401 414 469 153

1754 429 1878 490 ΕΡῘ
1888 430 2074 493 STOL
2087 434 2143 493 Ε
2152 478 2167 495 .

3466 437 3570 512 154

301 515 376 568 τὰ
399 515 627 623 αἵματα,
661 519 758 623 τας
785 523 1037 623 χηρείας,
1071 526 1170 623 τὰς
1203 526 1518 593 ἀπαιδείας,
1555 532 1741 598 ἁπλῶς
1807 538 1905 608 τῆς
1940 541 2043 610 γῆς
2074 540 2175 611 τὴν
2203 543 2464 614 ἐρημίαν,
2506 544 2614 599 τῶν
2665 545 2848 599 καλῶν
2925 548 3269 620 πραγμάτων
3307 552 3400 604 καλ
3450 553 3571 623 act.

466 611 566 663 ὅσα
589 612 653 664 ἐκ
672 614 771 683 τῆς
803 615 1028 689 είρήνης
1072 621 1367 692 Ῥωμαίοις
1402 629 1745 696 περιγίνεται
1778 632 1873 686 καὶ
1912 611 2324 706 Βουλγάροιςί
2365 678 2368 682 -

372 705 612 806 Γίνωσκε
661 709 772 779 γὰρ
819 714 962 782 φημὶ
1025 718 1116 768 καὶ
1171 719 1335 771 πάλιν
1367 722 1422 775 εί
1461 740 1514 775 τι
1538 723 1650 792 ἐγὼ
1677 727 1747 780 τὰ
1778 729 1857 797 τῆι

2053 731 2254 796 Nosce,
2291 732 2486 786 iterum
2513 734 2843 799 enim‘dico,
2869 734 2913 789 si
2947 736 3077 802 quid
3110 751 3212 806 ego
3237 753 3301 790 ex
3337 736 3542 805 impera

299 798 584 868 βασιλικῆς
615 803 886 872 κινήσεως
931 806 1053 858 καθ’
1084 809 1237 877 ὑμῶν
1272 814 1580 884 κατενόησα
1620 819 1885 886 πράγμα-

297 907 388 952 τα,
419 893 530 944 πᾶν
581 892 740 960 γένος
789 899 851 948 οὐ
903 900 976 965 μὴ
1035 901 1276 969 λήξωσιν
1331 907 1413 968 είς
1448 907 1540 960 τὸν
1566 909 1689 962 καθ’
1717 911 1875 979 ὑμῶν

295 985 526 1053 ὄλεθρον
558 990 970 1057 συγκινοῦντες,
1007 995 1132 1048 οὔτε
1179 997 1479 1066 Τούρκους,
1536 1001 1660 1056 οὔτε
1717 1004 1880 1059 Ἀλασ-

264 1123 277 1163 ,_
296 1080 446 1141 νοὺς,
483 1078 608 1133 οὔτε
641 1082 1077 1153 Πατζηνακίτας,
1107 1088 1230 1142 οὔτε
1266 1090 1422 1154 Ῥῶς,
1457 1092 1582 1146 οὔτε
1632 1095 1700 1148 τὰ
1743 1097 1882 1152 ἄλλα

295 1167 544 1224 Σκυθικὰ
590 1172 746 1243 γένη.
773 1173 967 1244 μέχρις
997 1178 1064 1231 ἂν
1090 1179 1150 1232 τὸ
1185 1183 1294 1234 τῶν
1322 1183 1648 1254 Βουλγάρων
1672 1188 1752 1250 εἰς
1789 1189 1880 1241 τέ-

255 1314 261 1336 ;
290 1262 389 1322 λος
411 1262 790 1328 ἐξαπολέσωσι
827 1266 1005 1335 γένος.
1035 1271 1146 1324 Καὶ
1168 1273 1268 1327 οὐκ
1299 1274 1406 1344 ἔχω
1435 1277 1554 1338 πῶς
1599 1279 1692 1331 ἐπὶ
1721 1279 1880 1334 τοῦτο

289 1355 602 1422 ἀμφίϐολον
632 1357 988 1428 ἀναλήψομαι
1016 1363 1271 1434 γνώμην,
1295 1367 1378 1418 ὅτι
1415 1367 1490 1437 μὴ
1537 1369 1677 1439 πρὸς
1717 1369 1877 1440 ἔργον

292 1446 480 1514 ήκαθ’
515 1448 756 1517 ἑκάστην
802 1451 987 1515 αὐτοῖς
1035 1453 1452 1528 σπουδαζομένη
1513 1459 1716 1531 μελέτη
1775 1463 1876 1517 οὐκ

278 1539 658 1610 ἀποϐήσεται.
700 1543 761 1595 El
794 1543 895 1611 μὲν
914 1545 1024 1615 γὰρ
1059 1547 1247 1618 ἐώρων
1302 1550 1370 1603 τὰ
1438 1552 1506 1606 σὰ
1569 1555 1875 1624 πράγματα

292 1632 436 1702 μετὰ
461 1633 556 1686 τοῦ
592 1633 800 1688 δικαίου
821 1638 1183 1706 τυγχάνοντα,
1218 1643 1314 1694 καὶ
1353 1643 1491 1714 πρὸς
1550 1644 1688 1698 Θεοῦ
1739 1647 1872 1717 ἀρέ-

286 1742 485 1778 σκειαν
513 1726 1045 1798 προϐαίνοντα,τόιχα
1077 1730 1146 1784 διν
1171 1735 1300 1804 περὶ
1331 1736 1429 1805 τῆς
1458 1737 1569 1790 τῶν
1601 1738 1869 1806 βασιλέων

285 1816 416 1867 καθ’
459 1817 614 1885 ὑμῶν
645 1819 885 1888 σπουδῆς
912 1823 1005 1874 καὶ
1036 1822 1137 1890 τῆς
1166 1825 1527 1896 ἐπικρατείας
1579 1830 1735 1900 ἔσχον
1784 1833 1872 1885 λο-

284 1911 525 1978 γισμοὺς
579 1912 918 1980 ἀμφιϐόλους
961 1915 1325 1984 παρέχοντας,
1380 1920 1456 1983 ὡς
1513 1925 1675 1993 τυχὸν
1745 1924 1868 1978 οὔτε

285 2000 400 2052 τῶν
433 2002 606 2055 ἐθνῶν
642 2005 674 2073 η
712 2007 1060 2075 συγκίνησις,
1123 2010 1247 2062 οὕτε
1310 2013 1370 2065 τὸ
1411 2015 1509 2082 τῆς
1552 2015 1869 2088 Ῥωμαϊκῆς

286 2094 577 2162 βασιλείας
629 2097 893 2165 ἐπιμελὲς
965 2102 1060 2154 καὶ
1134 2107 1608 2175 πεφροντισμένον
1657 2109 1868 2180 ἰσχύσει

283 2190 429 2239 κατὰ
465 2187 818 2259 Βουλγάρων,
861 2191 962 2260 τῆς
1020 2193 1373 2267 δικαιοσύνης
1430 2203 1868 2272 συστρατευομέ-

279 2297 381 2348 vn;
421 2281 698 2348 summa
743 2283 843 2352 τῆς
901 2285 1071 2357 ἄλλης
1124 2289 1277 2358 παρὰ
1327 2289 1464 2343 Θεοῦ
1520 2293 1654 2363 παρ’
1711 2294 1864 2362 ὑμῶν

280 2373 737 2444 θεραπευομένης
767 2378 964 2448 ῥοπῆς.
999 2377 1172 2431 Ὅταν
1201 2380 1262 2441 δέ
1295 2383 1374 2443 είς
1393 2381 1694 2454 ἐνθύμησιν
1719 2384 1860 2438 ἔλθω

279 2465 674 2517 τῶντοσούτων
726 2466 1031 2537 ἐκκλησιῶν
1096 2470 1192 2522 τοῦ
1232 2471 1370 2524 Θεοῦ
1396 2472 1499 2542 τῆς
1544 2491 1862 2542 καταστρο-

278 2559 411 2627 φῆς,
440 2556 551 2609 τῶν
582 2557 974 2625 ἐπισκοπείων,
999 2562 1110 2614 τῶν
1143 2578 1388 2632 μοναστη
1400 2565 1550 2630 ρίων,
1576 2564 1671 2618 τοῦ
1701 2565 1863 2634 φόνου

277 2650 386 2703 τῶν
415 2649 634 2719 ἱερέων,
668 2651 768 2720 τῆς
797 2650 1004 2723 φθορᾶς
1037 2653 1148 2706 τῶν
1180 2653 1498 2722 παρθένων,
1533 2657 1642 2708 τῶν
1692 2674 1861 2726 μονα-

275 2741 483 2806 ζόντων
528 2741 629 2811 τῆς
652 2740 886 2811 ὕϐρεως,
926 2745 1011 2806 τίς
1046 2746 1166 2796 ἐστι
1209 2744 1494 2814 λογισμὸς,
1543 2747 1627 2798 ὅτι
1684 2746 1860 2800 ταῦτα

281 2832 592 2903 παρόψεται
625 2833 653 2885 ὁ
683 2832 854 2900 Θεός;
887 2834 983 2886 καὶ
1031 2836 1154 2905 ούχὶ
1176 2835 1278 2903 τὴν
1333 2836 1723 2907 μακροθυμίαν
1795 2840 1861 2909 ἦν

272 2925 602 2990 ἐπεδείξατο
661 2926 823 2996 μέχρι
855 2927 949 2979 τοῦ
989 2928 1286 2996 παρόντος,
1329 2928 1413 2999 ὼς,
1453 2929 1858 3002 φιλάνθρωπος,

269 3018 348 3079 ὡς
383 3016 712 3082 ἀνεξίκακος
743 3017 926 3086 ζητῶν
961 3018 1122 3088 ἡμῶν
1154 3019 1256 3088 τὴν
1319 3019 1686 3092 ἐπιστροφὴν,
1738 3021 1859 3091 οὐχ).

263 3109 412 3180 πρὸς
442 3109 616 3181 ὀργὴν
677 3110 774 3163 καὶ
828 3110 1000 3180 θυμὸν
1054 3111 1146 3166 τὸν
1172 3112 1314 3167 κατὰ
1359 3113 1690 3184 Βουλγάρων
1736 3116 1859 3169 ἐπι-

265 3201 524 3272 στρέψει,
589 3202 684 3256 καὶ
735 3203 837 3274 την
885 3203 1172 3274 ἐκδίκησιν
1210 3205 1308 3275 τῆς
1361 3205 1634 3276 τοσαύτης
1657 3205 1854 3270 ἐπάξει

261 3295 626 3366 μιαιφονίαςς
654 3294 858 3360 Ταῦτα,
899 3297 986 3349 υἱέ
1040 3315 1143 3366 μου
1170 3298 1444 3369 ἀγαπητέ,
1479 3300 1507 3350 ό
1552 3299 1688 3363 Θεὸς
1744 3298 1856 3369 γὰρ

1986 831 2164 877 torum
2184 833 2386 879 .contra
2432 841 2531 880 vos
2565 826 2794 896 inceptis
2825 827 3090 893 intellexi,
3147 828 3351 881 nullam
3385 844 3571 884 cessa-

1987 926 2163 971 turam
2216 925 2430 986 gentem
2478 933 2506 971 a
2542 928 2722 973 vestra
2773 920 3016 988 pernicie
3075 920 3356 988 paranda,
3389 934 3568 987 neque

1983 1007 2217 1072 Turcas,
2251 1023 2426 1080 neque
2464 1009 2891 1076 Alanos,neque
2939 1009 3332 1073 Patzinacitas,
3389 1026 3568 1079 neque

1982 1101 2332 1156 ltoxolanos?
2385 1118 2560 1171 neque
2616 1101 2900 1174 Scythicas
2954 1103 3090 1157 alias
3133 1103 3330 1162 tribus,
3383 1104 3564 1158 donec

1981 1187 2336 1258 Bulgarorum
2398 1191 2612 1245 ruinam
2657 1193 3183 1246 consummaverint.
3252 1191 3364 1246 Nec
3427 1193 3562 1245 mihi

1981 1283 2121 1335 unde
2153 1282 2378 1337 dubium
2415 1285 2486 1336 sit
2521 1284 2736 1338 illorum
2782 1284 3064 1339 ardentius
3099 1284 3152 1337 in
3201 1285 3314 1338 dies
3363 1284 3563 1354 incepti

1979 1375 2224 1428 studium
2257 1391 2496 1444 unquam
2529 1376 2710 1430 mitius
2751 1375 3047 1431 facturum.
3081 1376 3364 1445 Siquidem
3413 1386 3463 1430 te
3493 1393 3560 1430 ex

1973 1463 2182 1533 justitia
2229 1475 2286 1518 et
2331 1465 2396 1518 ad
2436 1465 2529 1519 Dei
2561 1465 2893 1519 voluntatem
2950 1473 3199 1533 agentem
3258 1465 3563 1531 proceden-

1979 1565 2200 1626 temque
2252 1557 2517 1620 viderem,
2543 1567 2796 1624 suscepta
2832 1557 3095 1610 adversus
3137 1570 3233 1610 vos
3266 1557 3562 1623 imperato-

1979 1665 2100 1702 rum
2153 1649 2385 1703 consilia
2420 1648 2676 1714 viresque
2722 1647 3056 1718 recogitans,
3097 1648 3150 1701 in
3191 1647 3365 1702 dubio
3394 1648 3564 1702 bal-e-

1977 1756 2091 1794 rem
2137 1749 2320 1794 utrum
2373 1738 2616 1794 futurum
2654 1739 2747 1802 sit,
2783 1754 2882 1793 nec
2931 1755 3018 1800 ne,
3057 1748 3114 1793 ut
3150 1739 3390 1808 gentium
3426 1753 3560 1792 ron-

1977 1841 2196 1897 ventus,
2229 1834 2594 1902 meditataque
2650 1832 3040 1900 imperaturum
3083 1831 3312 1886 consilia
3366 1841 3558 1885 contra

1975 1923 2236 1994 Bulgaros
2258 1924 2723 1994 valeant,justitia
2765 1925 3045 1978 vobiscum
3081 1936 3373 1993 pugnante,
3421 1924 3557 1977 alio--

1974 2033 2080 2086 que
2107 2016 2198 2070 Dei
2225 2016 2582 2072 snbveniente
2613 2017 2838 2070 auxilio.
2869 2017 2973 2070 Sed
3000 2031 3125 2070 cum
3165 2017 3328 2072 menti
3362 2031 3558 2070 occur-

1976 2118 2103 2163 runt
2158 2118 2235 2164 ιυι
2293 2110 2490 2178 templa
2551 2109 2665 2173 Dei,
2705 2118 2784 2162 tot
2836 2095 3218 2178 episcoporum
3276 2107 3477 2162 domus
3505 2118 3560 2161 et

1972 2199 2299 2252 monasteria
2350 2199 2645 2264 destructa,
2694 2200 3005 2253 sacerdotes
3049 2199 3198 2265 caesi,
3227 2199 3553 2253 violentiam

1972 2289 2208 2358 virgines
2262 2303 2468 2358 passae,
2519 2290 2770 2345 monachi
2831 2290 3031 2358 injuria
3076 2289 3279 2352 alii-eti,
3315 2304 3555 2360 quanam

1969 2395 2247 2450 sperarem
2285 2383 2496 2438 ratione
2556 2383 2723 2438 Deum
2773 2384 2876 2438 ista
2903 2383 3232 2445 obliturum,
3257 2393 3312 2437 et
3351 2400 3458 2437 non
3487 2399 3557 2438 ex

1969 2473 2403 2542 longanimitate.
2437 2490 2600 2544 quam
2629 2492 2692 2530 ex
2715 2476 2988 2530 eharitate
3005 2474 3341 2552 patientique
3361 2481 3558 2527 vestra:

1967 2565 2348 2619 conversionis
2369 2565 2641 2620 desiderio
2667 2581 2839 2635 usque
2869 2567 2937 2619 ad
2970 2567 3111 2619 hanc
3137 2565 3280 2619 diem
3306 2564 3554 2632 protulit,

1967 2656 2019 2709 in
2045 2656 2386 2710 iracundiam
2414 2658 2676 2711 adversus
2701 2672 2799 2711 vos
2826 2667 3140 2716 venturum,
3161 2671 3337 2727 neque
3365 2669 3555 2725 pinnas

1968 2758 2046 2802 tot
2099 2748 2330 2802 caedium
2391 2747 2786 2816 repetiturum?
2825 2750 2958 2814 Ista,
3021 2748 3096 2802 ﬁli
3150 2747 3368 2810 dilecte,
3406 2747 3548 2800 Deus

1964 2843 2110 2895 enim
2141 2841 2246 2895 scit
2281 2855 2378 2895 vos
2410 2857 2440 2894 a
2474 2855 2560 2894 me
2592 2842 2766 2910 diligi,
2802 2841 3061 2896 humilem
3099 2841 3340 2895 animam
3371 2853 3548 2893 meam

1963 2929 2224 2995 lacerant,
2277 2939 2329 2983 et
2356 2929 2486 3000 quia
2520 2940 2728 2985 tantam
2756 2930 2920 2984 audio
2945 2939 3132 2984 contra
3163 2945 3261 2984 vos
3289 2929 3372 2998 agi
3402 2942 3556 2982 com-
3589 2915 3592 2918 ’

1963 3020 2259 3077 motionem
2293 3021 2557 3090 gentium.
2599 3019 2716 3074 Non
2760 3021 2933 3076 solum
2990 3030 3208 3091 propter
3243 3022 3550 3079 Romanos.

1961 3113 2057 3168 sed
2107 3114 2274 3166 etiam
2311 3123 2536 3182 propter
2584 3110 2851 3180 Bulgaros
2889 3113 3128 3179 crucior,
3162 3129 3264 3178 ne,
3301 3112 3550 3183 qumsitis

1960 3207 2119 3262 hellis
2152 3207 2730 3278 contentionibusque,
2765 3209 3022 3277 pereatis,
3077 3216 3136 3261 ut
3172 3224 3315 3278 saepe
3361 3207 3551 3262 multis

1963 3298 2277 3354 nationibus
2327 3299 2565 3364 accidit,
2623 3315 2744 3366 qua:
2797 3299 2862 3353 ad
2925 3310 3139 3368 tempus
3197 3308 3546 3360 crescentes,

255 3385 410 3441 οἶδεν
442 3378 525 3441 δτι
556 3389 754 3458 ἀγαπῶ
789 3390 956 3459 ὑμᾶς,
987 3391 1087 3460 τὴν
1121 3392 1385 3462 ταπεινήν
1454 3409 1555 3459 μου
1603 3392 1854 3460 σπαράσ-

1964 3393 2024 3446 ad
2056 3393 2306 3446 ultimum
2351 3392 2546 3446 bellico
2571 3392 2747 3447 ductae
2779 3392 2959 3447 studio
2991 3391 3289 3461 perniciem
3323 3391 3550 3445 invene-

257 3500 351 3535 σει
376 3483 586 3552 ψυχὴν,
639 3485 734 3536 καὶ
782 3484 866 3535 ὅτι
902 3483 1164 3553 μανθάνω
1195 3485 1290 3537 καὶ
1321 3484 1418 3536 νῦν
1435 3485 1534 3548 τὴν
1571 3484 1848 3552 τοσαύτην

1961 3493 2113 3538 runt.

257 3575 597 3642 συγκίνησιν
621 3575 728 3626 τῶν
754 3575 874 3627 καθ’
907 3574 1061 3645 ὑμῶν
1119 3576 1614 3647 ἀποκεκινημένων
1659 3576 1830 3630 ἐθνῶν
1858 3593 1872 3606 ο
1919 3578 2014 3629 καὶ
2086 3575 2237 3643 ἀλγῶ
2286 3574 2471 3637 καθὼς
2533 3575 2676 3645 ὑπὲρ
2743 3575 2852 3629 τῶν
2917 3573 3230 3645 Ῥωμαίων,
3277 3574 3422 3628 οὓτω
3453 3591 3548 3643 καὶ

252 3672 411 3744 ὑπὲρ
467 3671 576 3723 τῶν
634 3671 981 3743 Βουλγὰρων,
1028 3673 1104 3743 μή
1188 3690 1318 3726 ποτε
1391 3673 1846 3742 φιλονεικούντων
1917 3673 2073 3742 ὑμῶν
2129 3672 2224 3725 καὶ
2258 3671 2341 3724 ἔτι
2400 3673 2497 3724 καλ
2559 3671 2832 3742 πολέμους
2885 3670 3292 3742 ἐπιζητούντων
3338 3671 3547 3724 ἀναλω-

254 3761 420 3836 θῆτε,
481 3761 571 3816 οἶα
629 3764 892 3827 πολλάκις
974 3764 1174 3834 συνέϐη
1223 3767 1283 3818 ἐν
1338 3765 1554 3832 πολλοῖς
1604 3766 1837 3828 ἔθνεσιν,
1879 3762 2109 3834 αὒξησιν
2139 3763 2240 3834 μὲν
2301 3763 2441 3816 κατὰ
2501 3762 2733 3834 χρόνους
2799 3762 3098 3827 λαϐόντων,
3131 3765 3198 3833 τῇ
3237 3763 3294 3816 δὲ
3319 3763 3546 3832 φιλοπο-

249 3865 416 3932 λέμῳ
448 3863 770 3932 προαιρέσει
796 3859 1011 3912 τελείαν
1044 3861 1362 3929 δεξαμένων
1405 3862 1707 3916 ἀπώλειαν.

330 3954 579 4009 Τοιαῦτα
613 3956 711 4023 μὲν
737 3953 908 4007 πολλὰ
938 3956 1031 4007 καὶ
1066 3955 1326 4018 πολλάκις
1353 3955 1496 4009 κατὰ
1518 3959 1645 4019 τοὺς
1679 3957 1843 4017 ἰδέους

256 4046 466 4115 συνέϐη
500 4045 748 4116 καιρούς.
782 4044 897 4098 Νῦν
932 4045 988 4098 δὲ
1040 4046 1415 4116 ἀπευχόμενος
1451 4048 1524 4116 μὴ
1553 4046 1711 4099 τοῦτο
1749 4045 1844 4098 καὶ

255 4140 343 4206 ἐφ’
385 4139 521 4206 ὑμῖν
559 4137 856 4206 συμϐῆναι,
909 4137 1045 4208 μηδέ
1092 4139 1456 4207 Χριστιανοὺς
1490 4139 1636 4206 ὑμᾶς
1681 4138 1843 4202 δντας

253 4233 398 4302 πρὸς
432 4230 675 4282 τοιοῦτον
707 4230 1042 4297 καταντῆσαι
1079 4229 1250 4293 τέλος,
1282 4230 1374 4282 ἐπὶ
1405 4231 1570 4282 πᾶσιν
1599 4225 1680 4292 οἷς
1713 4246 1848 4296 προς

250 4323 450 4376 λαϐὼν
476 4323 578 4390 τὴν
605 4322 705 4390 σὴν
735 4321 1010 4391 φρονίμην
1039 4321 1133 4373 καὶ
1172 4323 1380 4392 ἥμερον
1417 4321 1600 4392 ψυχὴν
1639 4320 1838 4374 ἐδυσὼ·

2026 3947 2266 4002 Plurima
2301 3949 2522 4019 quidem
2578 3959 2631 4004 et
2667 3965 2810 4019 sape
2846 3949 2899 4003 in
2949 3951 3153 4004 nostris
3209 3953 3544 4020 temporibus

1952 4043 2031 4096 sic
2077 4051 2399 4096 evenerunt.
2431 4040 2584 4096 Nune
2639 4053 2818 4096 autem
2863 4057 3058 4107 precor
3089 4058 3156 4096 ne
3181 4043 3312 4096 illud
3355 4045 3536 4109 vobis,

1953 4148 2021 4188 ne
2055 4133 2374 4196 Christiani.
2403 4143 2463 4187 ut
2509 4135 2668 4199 estis,
2708 4137 2867 4189 talem
2919 4137 3079 4189 tinem
3131 4139 3432 4191 incurrant.
3471 4136 3544 4191 De

1953 4226 2211 4284 munibus
2275 4226 2383 4280 illis
2434 4227 2639 4289 rebus,
2692 4236 2910 4295 propter
2989 4243 3126 4296 quas
3200 4229 3542 4297 praeveniens

1947 4319 2271 4389 prudentem
2323 4318 2622 4386 mitemque
2683 4327 2918 4372 mentem
2952 4328 3102 4370 tuam
3143 4319 3357 4386 rogavi,
3393 4335 3540 4375 nunc

253 4434 434 4487 πησα,
478 4416 576 4468 καὶ
611 4414 710 4467 νῦν
741 4413 1000 4477 δυσωπῶ,
1033 4414 1130 4467 καὶ
1158 4413 1234 4476 ὡς
1258 4412 1451 4484 παρὼν
1471 4413 1849 4484 ’περιπτύσσο-

1964 4420 2001 4464 ει
2033 4424 2201 4477 rugo;
2243 4418 2293 4462 te
2327 4407 2484 4478 quasi
2523 4423 2765 4478 prmsetls
2823 4408 3143 4478 amplector,
3196 4417 3249 4463 et
3293 4418 3352 4462 ut
3404 4407 3541 4463 dile-

257 4527 383 4578 μαι,
412 4509 508 4560 καὶ
541 4507 616 4570 ὡς
649 4507 750 4576 υἱῷ
769 4507 1118 4576 ἠγαπημένῳ
1149 4504 1219 4560 τὰ
1264 4504 1615 4577 συμφέροντα
1643 4523 1845 4576 παραι-

1947 4510 2095 4553 ctum
2157 4498 2326 4551 lilium
2377 4512 2502 4566 quae
2546 4506 2674 4552 sunt
2723 4497 3108 4552 convenientia
3161 4496 3453 4553 admoneo:
3494 4496 3540 4550 0

253 4571 350 4652 νῶ·
380 4598 577 4650 τέκνον
607 4571 1057 4667 ἡμωνίαρκετδς
1151 4571 1360 4669 χρόνος.
1391 4571 1462 4650 δν-
1497 4571 1848 4667 ἐξωρχήσατο

1964 4595 2027 4648 ﬁli
2065 4594 2174 4663 jam
2210 4611 2240 4647 ιι
2270 4595 2436 4664 longo
2465 4595 2598 4648 satis
2630 4602 2873 4662 tempore
2922 4602 3115 4646 contra
3161 4592 3444 4648 Romanos
3483 4603 3539 4647 et

253 4693 400 4744 κατὰ
455 4691 565 4743 τῶν
623 4689 915 4758 Ῥωμαίων
969 4689 1063 4742 καὶ
1100 4691 1209 4743 τῶν
1254 4690 1580 4760 Βουλγὰρων
1608 4691 1636 4742 ὁ
1669 4691 1848 4755 κοινὸς

253 4783 551 4845 ἐπίϐουλος
584 4785 680 4835 καὶ
706 4783 919 4853 ἐχθρὸς,
957 4783 1119 4854 ἱκανὴ
1147 4785 1277 4855 παρ’
1307 4785 1475 4838 αὑτοῦ
1504 4785 1537 4853 ἡ
1571 4786 1844 4854 γενομένη

250 4877 513 4943 ὲπήρεια,
571 4877 732 4944 ἀρκεῖ
775 4875 843 4928 τὰ
886 4875 1049 4944 μέχρι
1082 4874 1178 4928 τοῦ
1226 4876 1491 4946 παρόντος
1528 4878 1606 4934 εἰς
1657 4877 1844 4946 κοινὴν

249 4968 535 5020 ἀπώλειαν
591 4967 938 5036 γεγενημένα
1001 4965 1329 5036 Βουλγάρων
1386 4967 1482 5020 καὶ
1533 4965 1840 5036 Ῥωμαίων,

248 5059 346 5112 καὶ
379 5060 460 5120 εἰς
508 5057 784 5126 ἀλγηδόνα
828 5055 922 5110 τοῦ
976 5056 1214 5126 Χριστοῦ
1271 5059 1366 5110 καλ
1404 5058 1541 5112 Θεοῦ
1576 5061 1736 5131 ήμῶν
1775 5058 1834 5114 οὗ

244 5167 395 5210 τινος
452 5150 548 5201 καὶ
611 5147 880 5218 Ῥωμαῖοι
938 5149 1033 5200 καὶ
1082 5147 1381 5218 Βούλγαροι
1423 5150 1583 5220 σῶμα
1635 5155 1840 5223 τυγχά-

241 5256 435 5292 νουσιν
462 5239 537 5302 ὡς
563 5240 694 5309 μιᾶς
723 5237 986 5306 κεφαλῆς.
1019 5233 1151 5290 Οἶδα
1186 5239 1267 5291 ὅτι
1299 5237 1422 5292 καθ’
1457 5241 1700 5306 ἑκάστην
1720 5245 1835 5304 τοῖς

238 5327 536 5393 ζωοποιοῖς
565 5328 772 5394 νάμασι
799 5326 899 5395 τῆς
921 5325 1273 5387 διδασκαλίας
1301 5326 1411 5380 τῶν
1435 5327 1532 5380 τοῦ
1558 5329 1834 5400 μακαρίου

252 5419 592 5472 Ἀποστὸλου
627 5419 728 5489 τὴν
779 5420 878 5486 σὴν
905 5417 1077 5488 καλὴν
1106 5419 1413 5491 καταρδεύῃ
1452 5421 1652 5494 ψυχήψ
1697 5443 1714 5474 ι
1745 5424 1836 5494 Μὴ

237 5508 387 5559 νικῶ
421 5509 526 5562 ὑπὸ
575 5509 670 5560 τοῦ
723 5508 918 5571 κακοῦ,
957 5507 1096 5560 ἀλλὰ
1153 5509 1280 5560 νῖκαι
1332 5511 1389 5563 ἐν
1426 5513 1502 5582 τῷ
1556 5512 1744 5584 ἀγαθῷ
1775 5515 1838 5567 τὸ

234 5595 445 5661 κακὸν,
475 5599 504 5650 ὁ
555 5597 711 5665 ἣλιος
748 5601 825 5667 μὴ
874 5595 1146 5650 ἐπιδυέτω
1195 5595 1295 5646 ἐπὶ
1349 5598 1426 5666 τῷ
1470 5604 1838 5675 παροργισμῷ

238 5686 432 5756 ὑμῶν.
462 5708 481 5738 ι
543 5687 610 5740 Τί
662 5687 859 5754 τοῦτο;
920 5687 1038 5751 πῶς
1076 5683 1252 5737 ταῦτα
1307 5691 1585 5761 μελετῶν;
1620 5693 1736 5760 πῶς
1771 5698 1836 5749 ἐκ

330 5843 348 5874 ‘
376 5841 530 5899 Rom.
567 5862 662 5911 xu,
698 5846 790 5902 2t.
865 5850 882 5879 ²
907 5849 1110 5917 Ephcs.
1142 5865 1215 5917 tv,
1251 5849 1343 5904 9.6.

1951 4687 2212 4756 Bulgaros
2256 4686 2494 4741 exsultat
2543 4685 2853 4741 communis
2885 4685 3176 4740 insidiator
3228 4693 3283 4739 et
3328 4685 3537 4752 hostis;

1949 4791 2031 4834 sat
2061 4778 2154 4832 ditt
2218 4782 2362 4832 inter
2415 4793 2509 4832 eos
2559 4778 2891 4832 discordiam
2927 4776 3149 4844 injecit;
3182 4777 3318 4830 salis
3356 4786 3537 4830 artum

1957 4885 2134 4939 usque
2161 4869 2340 4922 adhuc
2381 4870 2432 4922 in
2469 4868 2823 4938 Bulgarorum
2858 4866 3345 4933 Romanorumque
3415 4877 3539 4931 per-

1946 4967 2144 5021 niciem
2176 5007 2190 5029 ,
2220 4975 2274 5020 et
2329 4965 2382 5019 in
2425 4963 2891 5019 contristationem
2942 4959 3145 5013 Christi
3193 4955 3287 5009 Dei
3336 4953 3532 5015 nostri,

1948 5055 2125 5125 cujus,
2157 5065 2217 5109 ut
2251 5054 2414 5108 unius
2467 5053 2657 5121 capitis
2695 5048 2921 5104 Romani
2964 5059 3019 5102 et
3067 5044 3286 5114 Bulgari
3325 5056 3534 5109 corpus

1948 5161 2094 5203 sunt.
2132 5145 2260 5200 Scio
2305 5155 2356 5200 te
2408 5143 2654 5215 quotidie
2702 5143 2755 5196 in
2791 5141 3024 5195 vivificis
3076 5136 3340 5192 doctrinae
3386 5132 3530 5186 beati

1945 5239 2188 5309 Apustoli
2218 5238 2458 5292 futilibus
2497 5237 2736 5290 animam
2763 5245 2909 5289 tuam
2947 5234 3150 5286 lavare.
3183 5247 3201 5279 ι
3231 5227 3355 5282 Noli
3383 5225 3529 5279 vinei

1947 5347 1974 5384 a
2011 5332 2184 5395 malo;
2220 5331 2313 5386 sed
2344 5331 2396 5384 in
2429 5329 2574 5384 bono
2609 5329 2764 5382 vince
2797 5325 3064 5387 malum‘,
3109 5336 3175 5375 ne
3207 5319 3289 5374 sol
3315 5317 3532 5373 occidat

1939 5439 2106 5493 super
2157 5425 2290 5477 iram
2331 5433 2478 5475 tuam
2496 5423 2538 5475 ’.
2581 5440 2599 5472 ι
2635 5419 2776 5484 Quid
2807 5427 2891 5472 est
2923 5413 3110 5470 istud?
3139 5411 3320 5477 Quare
3356 5409 3520 5464 talem

1939 5514 2245 5570 doctrinam
2274 5515 2478 5570 curas?
2502 5527 2674 5584 quare
2704 5511 2792 5564 illa
2817 5525 2844 5561 a
2876 5521 3044 5576 puero
3074 5501 3223 5560 fuisti
3248 5502 3531 5558 nutritus?

1941 5606 2069 5662 Scio
2103 5608 2340 5662 animam
2373 5617 2548 5673 tuam,
2583 5603 2736 5674 quasi
2773 5601 3012 5672 plantam
3061 5598 3114 5651 in
3149 5597 3340 5652 rivulis
3373 5595 3529 5650 ﬂori-

1938 5697 2086 5768 dam,
2153 5698 2243 5753 illa
2303 5699 2554 5754 doctrina
2611 5692 2873 5749 nutritam
2933 5687 3123 5744 fuisse.
3154 5683 3311 5743 Unde
3372 5693 3521 5740 tanta
