3996 6208
452 392 557 454 155

1582 392 1629 450 N
1640 392 1657 448 Ι
1670 389 1891 449 COLAI
1931 390 2045 450 ΟΡ.
2084 389 2360 450 PATRIA
2373 387 2593 447 RCHE

3581 369 3686 434 156
3728 394 3743 445 ν

444 501 679 556 invaluit
702 500 868 556 animi
900 500 975 555 tui
1002 500 1311 556 acerbitas?
1338 500 1490 556 Unde
1514 500 1650 555 adeo
1679 501 2023 570 perstititira,
2054 560 2056 567 ς

2164 498 2383 553 ςαιδόθεν
2439 496 2649 559 τούτοις
2704 492 3029 565 ὲντραιρείςς
3071 488 3202 543 Οἶδα
3249 487 3355 556 γὰρ
3387 488 3468 539 δτι
3499 485 3687 555 ὥσπερ

449 602 504 647 et
562 592 663 645 soli
712 601 820 645 tam
855 591 946 645 diu
1012 591 1323 646 miseranda
1372 591 1623 647 dedimus
1682 592 2020 661 spectacula,

2128 590 2295 659 φυτὸν
2329 590 2389 642 ἐν
2422 588 2680 655 διεξόδοις
2712 585 2920 640 ὑδάτων
2959 580 3203 645 εὐθαλὲς,
3249 578 3391 631 οὕτω
3416 576 3511 629 καὶ
3552 577 3586 645 ή
3622 575 3690 645 σὴ

448 682 651 750 quibus
726 682 926 737 accidit
954 692 1034 759 “ut
1119 682 1489 737 Romanorum
1555 682 2025 754 Bulgarorumque

2164 700 2185 733 ν
2213 679 2425 743 τούτοις
2447 677 2727 749 ἀνετράφη
2757 676 2924 747 ψυχή.
2975 673 3073 726 Διά
3097 672 3149 725 τί
3175 669 3429 725 τοσοῦτον
3450 666 3693 759 ἐκράτησ-

448 773 923 840 infestainvicem
968 788 1116 828 arma
1150 774 1397 828 videret?

2129 789 2222 825 σεν
2247 773 2280 841 ἡ
2306 772 2405 841 τῆς
2427 770 2604 840 ψυχῆς
2633 768 2862 840 πικρίας
2892 764 2979 818 διὰ
3000 763 3052 817 τί
3085 763 3179 817 ἐπὶ
3208 760 3463 814 τοσοῦτον
3489 755 3694 822 ἑξέτει-

450 868 778 938 νενήόργὴ,
811 868 908 922 καὶ
940 867 1158 937 βλέπειν
1192 868 1475 938 ἐδώκαμεν
1525 867 1601 937 τῷ
1665 868 1800 937 ἡλίῳ
1860 868 1955 922 ἐπὶ
1996 865 2252 919 τοσοῦτον
2320 862 2531 934 μακρὸν
2569 861 2760 932 χρόνον
2797 858 2865 911 τά
2918 855 3128 909 ἐλεεινὰ
3183 852 3352 907 ταῦτα
3419 848 3690 919 θεάματα,

448 965 554 1019 ὅσα
580 966 650 1017 τὰ
679 964 978 1034 κινούμενα
996 964 1135 1016 ὅπλα
1167 964 1372 1033 μεταξὺ
1409 962 1695 1031 Ῥωμαίων
1722 963 1817 1015 καὶ
1844 961 2179 1033 Βουλγάρων
2204 956 2502 1012 θεάσασθαι
2532 953 2807 1023 παρέσχεν
2840 948 3021 1018 αὐτῷς

528 1056 820 1112 Sufficiunt
845 1072 966 1124 qua:
992 1070 1163 1125 usque
1192 1055 1373 1109 adhuc
1397 1054 1713 1108 calamitosa
1745 1052 2030 1119 tristiaque

456 1149 743 1219 Spectavit.
781 1146 1133 1208 Convertere,
1171 1153 1232 1198 ut
1277 1146 1649 1198 Christianum
1679 1143 2028 1212 prudentem-

457 1256 565 1309 que
593 1241 768 1293 virum
800 1239 974 1293 decet.
1008 1237 1294 1292 Revertere
1319 1235 1384 1290 ad
1418 1237 1632 1306 planam
1664 1235 1815 1304 pacis
1862 1233 2028 1288 semi-

2215 1048 2403 1117 ’Δρκεί
2432 1044 2525 1098 οὖν
2557 1046 2655 1097 ὅσα
2690 1043 2851 1111 μέχρι
2894 1038 2988 1092 τοῦ
3027 1035 3121 1091 νῦν
3166 1034 3428 1087 ἐθεάσατο
3480 1034 3716 1104 πονηρὶι.

2128 1142 2220 1195 καὶ
2254 1139 2464 1208 χαλεπά
2492 1136 2816 1206 πράγματα.
2857 1129 3041 1195 Δεῖξον
3083 1126 3389 1197 μεταϐολὴν
3427 1124 3526 1193 τὴν
3560 1126 3693 1194 πρέ-

2126 1247 2334 1285 πουσαν
2372 1225 2794 1297 Χριστιανισμῷ
2847 1224 2942 1277 καὶ
2998 1223 3063 1290 τῇ
3121 1221 3187 1288 σῇ
3242 1222 3527 1286 φρονήσει·
3577 1218 3696 1268 ἐπι-

458 1341 589 1391 tam.
626 1332 767 1386 viam
804 1332 926 1385 belli
984 1344 1233 1399 asperam
1277 1330 1559 1392 deserens,
1593 1329 1807 1397 plenam
1854 1325 2028 1395 spinis

2164 1317 2400 1389 τράφηθι
2458 1316 2597 1382 πρὸς
2649 1314 2751 1383 τὴν
2800 1311 3011 1381 ὁμαλὴν
3058 1309 3157 1378 τῆς
3210 1306 3436 1375 είρήνης
3483 1305 3691 1375 τρίϐον·

456 1434 513 1477 et
548 1423 854 1478 homicidiis
886 1424 1187 1483 horridam,
1218 1437 1381 1490 quam
1430 1422 1762 1475 indicaverat
1813 1418 2028 1473 invidus

456 1514 731 1573 diabolus,
780 1514 883 1568 iste
918 1512 988 1566 ab
1034 1512 1242 1581 origine
1267 1511 1532 1566 scelestus
1561 1510 1849 1563 homicida.
1875 1506 2031 1561 Nunc

2134 1411 2400 1465 κατάλιπε
2439 1408 2538 1476 τὴν
2568 1407 2826 1476 τραχεῖαν
2856 1401 2949 1457 τοῦ
2990 1401 3230 1470 πολέμου
3260 1398 3377 1452 όδδν
3408 1399 3504 1450 καὶ
3526 1398 3698 1451 ἀκαν-

2136 1500 2386 1570 θοφόρον,
2432 1498 2632 1568 μᾶλλον
2662 1496 2721 1548 δὲ
2768 1491 3250 1563 ἀνθρωποφθόρον,
3304 1491 3369 1560 ῆν
3417 1490 3446 1542 ό
3494 1487 3588 1541 τοῦ
3641 1486 3702 1551 ἐξ

458 1604 625 1658 etiam
655 1604 945 1673 imperator
978 1578 1303 1658 Cltristicola
1354 1613 1605 1671 prompte
1643 1617 1703 1656 se
1733 1601 1831 1654 tibi
1868 1600 2029 1654 veluti

2164 1591 2310 1662 ερχῆς
2349 1590 2448 1643 ἀνθ
2459 1587 2799 1659 ρωποκτόνου
2824 1585 2919 1639 καὶ
2944 1581 3182 1653 πονηροῦ
3210 1581 3462 1650 δαίμονος
3487 1578 3703 1631 ὑπέδει-

460 1694 573 1749 lilio
604 1704 699 1748 aut
733 1694 909 1757 fratri,
956 1694 1171 1747 vinculo
1204 1693 1353 1763 pacis
1400 1692 1677 1762 colligabit
1705 1702 1756 1746 et
1790 1692 1844 1745 in
1882 1689 2029 1746 omni

2134 1685 2193 1751 ξε
2242 1683 2451 1752 φθόνος.
2509 1681 2631 1733 Ἔτι
2684 1677 2776 1731 καὶ
2825 1677 2918 1729 νῦν
2965 1677 2995 1729 δ
3051 1674 3396 1743 φιλόχριστος
3450 1669 3704 1739 βασιλεὺς

464 1794 520 1838 et
554 1785 799 1853 qualibet
823 1784 1114 1839 occasione
1160 1762 1505 1838 convenienti
1545 1784 1755 1838 ratione
1778 1791 1831 1837 et
1861 1783 2032 1852 gratia

2164 1777 2361 1845 ἱτοιμος
2410 1771 2488 1842 τῷ
2519 1770 2801 1839 συνδέσμῳ
2830 1768 2931 1837 τῆς
2980 1767 3204 1835 εἰρήνης
3251 1765 3325 1826 ὡς
3360 1763 3462 1831 υἱῷ
3496 1779 3576 1814 σοι
3612 1762 3708 1853 καλ

465 1876 699 1943 imperio
738 1884 832 1930 tuo
864 1884 1171 1930 succurret.
1196 1875 1279 1929 Ne
1306 1873 1417 1941 jam
1452 1873 1775 1944 perniciosis
1804 1874 2037 1931 velimus

2164 1864 2354 1936 ιδελνρῷ
2422 1861 2794 1919 συνδεδέσθαι.
2853 1859 2949 1913 καὶ
2997 1858 3175 1911 πάντα
3231 1853 3552 1924 χαρίζεσθαι
3611 1852 3711 1904 καὶ

467 1965 673 2018 instare
707 1966 979 2032 consiliis;
1040 1980 1238 2034 neque,
1274 1965 1401 2018 dum
1444 1972 1525 2019 tot
1558 1974 1831 2035 tantaeque
1860 1966 2037 2018 natio-

2141 1959 2404 2030 πράττειν
2445 1957 2546 2009 ὅσα
2600 1955 2739 2023 μετὰ
2768 1949 2863 2004 τοῦ
2904 1950 3204 2020 πρέποντος
3243 1946 3403 2011 λόγου
3446 1946 3545 2012 τὴν
3576 1942 3712 2010 ὑμε-

468 2071 569 2110 nes
626 2066 719 2110 aut
770 2073 830 2111 se
886 2057 1032 2125 ipsas
1065 2057 1307 2126 perdere.
1345 2066 1438 2110 aut
1484 2065 1693 2125 gentem
1751 2055 2037 2125 Bulgaram

2164 2053 2309 2123 πέραν
2358 2046 2468 2103 οἶδε
2506 2046 2833 2117 θεραπεύειν
2885 2043 3151 2110 ἐξουσίαν.
3211 2039 3304 2110 Μὴ
3360 2036 3713 2107 βουληθῶμεν

469 2148 686 2213 abolere
739 2149 1088 2209 meditemur.
1142 2148 1504 2203 anteferamus
1530 2149 1675 2203 inter
1707 2164 1805 2203 nos
1851 2148 2041 2202 conﬂi-

471 2248 592 2294 ctus
643 2249 697 2293 ct
741 2240 877 2295 bella
932 2254 1268 2307 penuanere.
1304 2241 1359 2293 In
1399 2240 1633 2294 obscuro
1668 2238 1790 2293 belli
1823 2237 2039 2303 exitus;

2144 2141 2427 2212 ἐπιμένειν
2459 2142 2580 2202 ταῖς
2613 2136 2964 2190 ὲπιϐλαϐέσιν
3026 2134 3289 2193 ἐπινοίαις
3316 2148 3332 2163 ο

2143 2234 2413 2288 τοσούτων
2449 2231 2651 2301 πλῆθος
2678 2229 2845 2283 ἐθνῶν
2869 2227 3100 2295 ἑτοίμων
3131 2225 3320 2287 όντων,
3368 2222 3400 2291 ἦ
3436 2221 3536 2283 τὰς
3585 2221 3715 2272 ὲαυ⁶

3392 2129 3524 2199 μηδὲ
3576 2131 3715 2199 πρὸς

469 2329 564 2384 sed
588 2332 769 2398 potius
794 2344 893 2384 nos
912 2330 967 2384 in
992 2331 1248 2395 obscuro,
1269 2339 1535 2398 quantum
1557 2329 1682 2383 licet
1712 2343 1777 2381 ex
1803 2327 2041 2380 humano

2164 2327 2255 2381 τῶν
2310 2328 2532 2395 ἀφεῖναι
2585 2326 2786 2393 ψυχὰς,
2827 2321 2860 2392 ἢ
2895 2321 3140 2387 παγγενῆ
3182 2316 3427 2381 ἐξολέσαι
3479 2311 3721 2378 Βουλγά-

472 2421 765 2475 ratiocinio
825 2420 1196 2477 advertentem
1250 2421 1342 2475 Dei
1394 2420 1693 2475 vindictam
1747 2416 2042 2485 conjicere.

470 2511 719 2567 Certiora
752 2498 1126 2575 attendamus,
1153 2526 1329 2581 neque
1374 2511 1640 2565 adversus
1694 2510 1813 2562 illas
1861 2517 2046 2578 gentes

2153 2438 2298 2492 ρους,
2329 2417 2747 2489 προαιιρεθῶμεν
2775 2413 3109 2486 παρατάξεις
3142 2409 3400 2478 συνιστᾷν
3433 2405 3526 2459 καὶ
3552 2404 3719 2456 πολέ-

2152 2532 2307 2584 μους.
2362 2511 2594 2581 Ἀδηλος
2645 2513 2683 2578 ἠ
2711 2509 2806 2562 τοῦ
2839 2508 3078 2573 πολέμου
3134 2501 3379 2563 ἔκϐασις·
3420 2496 3617 2567 μᾶλλον
3656 2496 3717 2547 δὲ

472 2601 531 2655 in
579 2601 935 2665 discrimina,
983 2601 1169 2671 prmlia
1224 2609 1546 2669 stragesque
1606 2602 1918 2660 irruamus,
1981 2612 2047 2651 ne

2164 2606 2249 2659 ›ύκ
2273 2604 2486 2675 ἄδηλος,
2504 2604 2625 2655 ὅσον
2646 2603 2761 2654 ἐστὶ
2777 2599 2874 2653 καὶ
2895 2594 3248 2667 ἀνθρωπίνως
3274 2590 3601 2659 λογίζεσθαι,
3625 2589 3722 2639 καὶ

474 2693 651 2761 forte,
687 2704 972 2763 postquam
1027 2693 1429 2759 devicerimusj,
1472 2693 1524 2745 in
1585 2708 1765 2746 rerum
1811 2690 2049 2761 pericula

2164 2696 2288 2765 πρὸς
2327 2696 2425 2763 τὴν
2454 2693 2547 2746 τοῦ
2579 2692 2714 2745 Θεοῦ
2758 2691 2970 2742 δικαίαν
3019 2688 3239 2756 νέμεσιν
3269 2681 3587 2751 ἀφορῶντας
3631 2678 3721 2728 ὲ)-

472 2787 709 2850 inciilas.
766 2787 910 2843 unde
959 2786 1307 2856 vituperatio,
1340 2785 1641 2854 ignominia
1691 2794 1743 2838 et
1774 2784 2050 2852 pwniten-

476 2881 550 2934 tia
597 2880 964 2935 exorirentur.
995 2869 1193 2934 Nescio
1225 2888 1406 2933 autem
1436 2894 1506 2931 an
1546 2878 1757 2932 etiamsi
1796 2887 1845 2931 te
1878 2876 2051 2945 pretii-

478 2973 668 3031 tuerit.
741 2972 811 3026 ab
856 2973 1042 3041 aliquo
1120 2981 1336 3040 potente
1404 2970 1705 3039 quamlibet
1781 2969 2048 3023 malorum

479 3065 789 3133 urgentium
828 3076 877 3119 te
906 3064 1342 3120 consolationem
1373 3064 1449 3117 sis
1485 3063 1835 3118 obtenturus.

2155 2788 2352 2851 πίζειν.
2386 2785 2722 2855 Σκεψώμεθα
2767 2782 2830 2834 τὸ
2879 2780 3143 2849 ἀσφαλὲς,
3193 2777 3289 2829 καὶ
3324 2774 3403 2843 μὴ
3432 2768 3722 2841 προπετῶς

2157 2878 2417 2948 ὲμϐῶμεν
2448 2879 2526 2938 εἰς
2556 2877 2656 2937 τάς
2700 2874 2833 2943 πρὸς
2858 2872 3106 2933 ἐκείνους
3140 2865 3471 2936 συμπλοκὰς
3503 2859 3726 2920 καὶτὰς

2160 2970 2336 3040 μάχας
2365 2969 2460 3021 καὶ
2486 2967 2585 3029 τὰς
2620 2966 2858 3034 σφαγὰς,
2893 2966 2966 3035 μή
3012 2978 3144 3015 ποτε
3189 2960 3307 3030 μετ’
3358 2955 3583 3009 ἔκείνων
3624 2950 3730 3019 τῆς

2157 3060 2317 3128 νίκης
2344 3058 2648 3127 γενομένης
2675 3055 2980 3126 περιπέσῃς
3036 3052 3307 3112 κινδύνοις
3342 3051 3434 3101 καὶ
3466 3044 3733 3116 πράγμα-

479 3173 585 3219 σιν,
624 3155 686 3219 ἑξ
718 3150 792 3210 ὧν
834 3154 1062 3225 ὕστερον
1112 3157 1488 3223 ἀπαντήσεται
1518 3157 1618 3225 μὲν
1646 3154 1816 3224 βλάϐη
1858 3155 1951 3206 καὶ
2016 3154 2245 3222 αἰσχύνη
2277 3152 2371 3205 καὶ
2410 3148 2764 3221 μεταμέλεια.
2819 3148 2934 3200 Οὐκ
2995 3142 3109 3199 οἶδα
3146 3145 3202 3198 δὲ
3263 3143 3311 3195 εί
3357 3140 3454 3194 καὶ
3488 3151 3733 3208 μεταμε-

476 3246 704 3316 λόμενος
731 3248 992 3319 ἐπιτεύξῃ
1021 3250 1164 3312 τινὸς
1201 3250 1310 3301 τῶν
1330 3247 1645 3317 δυναμένων
1699 3246 2058 3316 παραμυθίαν
2090 3247 2213 3300 τινὰ
2236 3245 2345 3299 τῶν
2392 3241 2913 3314 περιστοιχιςόντων
2943 3238 3194 3308 χαλεπῶν
3260 3227 3731 3304 περιποιήσασθαι

483 3342 632 3410 ὑμῖν.

552 3439 682 3502 lsta,
712 3452 744 3490 ο
772 3438 866 3503 lili,
901 3437 1101 3505 scripsi
1137 3438 1271 3490 ﬂens
1302 3446 1355 3489 et
1386 3451 1629 3505 gemens,
1656 3436 2040 3503 anxietateque
2081 3439 2124 3495 c

482 3546 549 3585 ac
594 3542 740 3583 metu
789 3529 1067 3597 perfusus,
1117 3544 1185 3582 ne
1220 3544 1444 3599 quoquo
1496 3530 1659 3582 modo
1711 3528 1764 3580 in
1797 3542 1857 3580 ca
1910 3528 2050 3580 mala

483 3634 619 3689 gens
672 3617 904 3688 Bulgara
970 3618 1241 3681 incurrat,
1301 3619 1353 3671 in
1408 3633 1532 3686 quae
1585 3626 1691 3671 tam
1746 3616 1921 3674 multi.
1959 3615 2053 3684 qui

486 3720 775 3781 postquam
812 3712 878 3764 ad
912 3719 1124 3778 tempus
1150 3710 1290 3764 bona
1342 3710 1417 3763 uti
1453 3709 1668 3762 fortuna
1699 3708 2055 3762 existimave-

488 3812 639 3866 rant,
669 3800 735 3853 ad
761 3802 919 3855 linem
954 3802 1010 3854 in
1039 3800 1309 3869 pessimos
1349 3815 1509 3854 casus
1544 3799 1870 3854 inciderunt.
1901 3798 2058 3851 Anti-

490 3910 595 3961 qua
663 3903 928 3963 praetereo
983 3892 1230 3960 exempla
1288 3907 1410 3961 qua:
1472 3890 1762 3945 historiam
1826 3890 2061 3957 legentes

489 3986 824 4055 accepimus;
874 3984 969 4041 sed
1000 3985 1241 4039 recentia
1282 3983 1543 4048 referam,
1586 3998 1820 4051 quarunt
1859 3980 2058 4034 famam

490 4079 558 4133 ad
602 4088 724 4132 tuas
756 4093 921 4132 aures
964 4077 1279 4147 pervenisse
1319 4076 1558 4140 conﬁdo,
1597 4074 1704 4129 Leo
1739 4076 1828 4129 ille
1867 4073 2062 4143 Tripo-

492 4173 720 4230 litantis.
771 4171 862 4240 qui
925 4169 1333 4224 Thessalonica:
1375 4169 1591 4223 excidio
1645 4168 1807 4235 culpa
1876 4178 2062 4220 nostra

493 4271 704 4318 tantum
761 4262 863 4316 sibi
917 4277 1112 4315 nomen
1158 4260 1327 4325 fecit.
1384 4272 1438 4316 et
1495 4277 1562 4315 eo
1612 4259 1901 4328 superbia,
1957 4273 2065 4325 quo

494 4356 679 4408 nescio
702 4369 771 4405 an
809 4352 962 4417 alter,
1004 4353 1346 4413 ascenderat,
1402 4352 1706 4405 exercitum
1740 4349 1908 4403 movit
1940 4348 2065 4399 talia

490 4442 761 4511 jactans:
821 4461 839 4493 ι
893 4441 1005 4510 Ego
1068 4457 1242 4510 usque
1299 4442 1365 4494 ad
1421 4440 1826 4509 imperatoriam
1883 4439 2066 4492 urbem

497 4533 839 4602 progrediar,
876 4533 1138 4599 illamque
1188 4546 1256 4585 ex
1290 4530 1507 4585 fortuna
1562 4530 1910 4598 expugnabo.
1972 4526 2066 4581 Sin

500 4633 714 4686 contra,
750 4624 885 4678 satis
917 4624 1102 4691 gloriae
1133 4640 1266 4678 mea:
1285 4624 1551 4693 eritquod
1589 4622 1846 4690 usquead
1882 4622 2067 4676 urbem

498 4714 713 4783 imperii
748 4715 959 4769 romani
996 4725 1160 4784 caput
1194 4717 1558 4783 pervenerim,
1602 4715 1817 4782 telaque
1847 4715 1899 4766 in
1952 4715 2071 4782 ejus

2228 3427 2435 3488 Ταῦτα,
2470 3426 2658 3478 τέκνον
2691 3423 2871 3492 ἡμῶν,
2919 3418 3135 3489 ἔγραψα
3178 3415 3427 3484 δακρύων
3481 3413 3576 3466 καὶ
3608 3414 3737 3466 ὀδυ-

2159 3521 2389 3591 ρόμενος
2421 3516 2518 3571 καὶ
2544 3514 2793 3584 ἀγωνιῶν
2827 3513 2921 3564 καὶ
2949 3511 3098 3579 φόϐῳ
3141 3506 3324 3576 πολλῷ
3346 3505 3736 3574 συνεχόμενος,

2160 3614 2233 3681 μὴ
2263 3626 2377 3671 πως
2404 3607 2700 3661 καταλάϐοι
2727 3605 2786 3657 τὸ
2809 3600 3131 3669 Βουλγάρων
3161 3599 3315 3666 γένος
3337 3595 3559 3649 τοιαῦτα
3584 3596 3737 3666 πάθη

2158 3697 2247 3756 οἷα
2286 3701 2513 3761 πολλοὺς
2549 3696 2839 3758 κατέλαϐε,
2897 3692 3154 3765 δόξαντας
3194 3690 3291 3758 μὲν
3351 3688 3486 3757 πρὸς
3518 3687 3744 3755 καιρὸν

2161 3792 2412 3863 εὐτυχίαν
2444 3789 2566 3843 τινά
2610 3784 3023 3855 περιϐαλέσθαι,
3090 3781 3389 3851 μετέπειτα
3434 3780 3489 3831 δὲ
3524 3781 3588 3848 τῇ
3639 3779 3740 3829 ἐσ-

2168 3887 2307 3958 χάτῃ
2352 3881 2615 3952 δυστυχίᾳ
2653 3878 3079 3949 περιπεσόντας.
3126 3873 3355 3942 Ἀιρίημι
3391 3874 3457 3925 τὰ
3502 3871 3746 3936 παλαιὰ,

2165 3980 2259 4032 καὶ
2304 3971 2377 4030 ὧν
2414 3976 2473 4040 ἐξ
2508 3974 2753 4043 ἱστορίας
2809 3970 2903 4024 καὶ
2958 3967 3321 4034 ἀναγνώσεως
3380 3965 3477 4035 τὴν
3529 3964 3746 4029 γνῶσιν

2166 4068 2509 4139 κεκτήμεθα,
2542 4064 2657 4121 ἀλλ’
2690 4066 2824 4133 ὅπερ
2868 4061 2963 4115 νῦν
2993 4061 3207 4127 γέγονε,
3250 4057 3465 4117 πάντως
3496 4055 3551 4106 δὲ
3581 4054 3744 4122 νομί-
3824 4101 3829 4103 _

2168 4164 2245 4227 ζω
2278 4164 2371 4214 καὶ
2424 4162 2587 4229 μέχρι
2617 4156 2724 4209 τῶν
2781 4154 2889 4207 σῶν
2948 4152 3127 4204 ἀκοῶν
3160 4150 3359 4217 φθάσαι
3410 4147 3503 4198 τὸν
3557 4146 3743 4212 λόγον.

2170 4254 2319 4304 Λέων
2344 4253 2548 4310 ἐκεῖνος
2576 4249 2603 4300 ό
2626 4244 2953 4315 Τριπολίτης
2978 4242 3005 4293 ὁ
3038 4241 3131 4291 ἐπὶ
3154 4242 3218 4309 τῇ
3258 4237 3454 4291 ἁλώσει
3486 4237 3583 4303 τῆς
3610 4236 3750 4287 Θεσ.

2174 4340 2471 4408 σαλονίκης
2512 4336 2589 4407 (i)
2620 4337 2709 4388 διὰ
2734 4335 2833 4396 τὰς
2878 4330 3158 4402 ἁμαρτίας
3204 4328 3357 4398 ἡμῶν
3393 4326 3566 4394 ὄνομα
3604 4342 3747 4394 κτη-

2175 4432 2410 4499 σάμενος
2486 4430 2651 4498 μέγα,
2709 4425 2803 4478 καὶ
2850 4420 3211 4490 ἀναϐεϐηκὼς
3266 4418 3402 4486 πρὸς
3446 4416 3618 4484 ὀφρῦν
3665 4417 3751 4477 εἰς

2173 4521 2291 4573 οἷαν
2314 4520 2416 4572 οὐκ
2448 4516 2566 4572 οἶδα
2594 4518 2648 4570 εί
2669 4533 2751 4579 τις
2777 4515 2935 4576 ἄλλος
2966 4514 3022 4565 ἐν
3055 4515 3176 4570 ταῖς
3208 4509 3445 4581 ἡμέραις
3481 4505 3744 4570 ταύταις,

2176 4613 2566 4681 ἐξεστράτευσε
2622 4608 2851 4661 τοιαῦτα
2909 4599 3457 4673 καυχησάμενος,ὼς
3517 4597 3753 4664 (Μέχρι

2177 4708 2276 4777 τῆς
2306 4703 2576 4775 βασιλίδος
2604 4701 2873 4769 ἀφίξομαι
2919 4696 3148 4757 πόλεως,
3199 4694 3291 4745 καὶ
3320 4690 3482 4761 τυχὸν
3515 4690 3616 4760 μὲν
3642 4690 3754 4741 ἐλῶ

503 4808 705 4861 ιιιωιιίιι
738 4807 1014 4877 jaculatus
1054 4808 1273 4863 fuerim.
1326 4826 1343 4859 ι
1379 4809 1473 4863 llle
1515 4780 1739 4869 tanu-n,
1771 4808 1861 4874 qui
1924 4780 2056 4861 tant:

2178 4799 2404 4867 ταύτην·
2436 4797 2485 4847 εί
2517 4794 2581 4847 δὲ.
2608 4792 2682 4863 μὴ
2710 4791 2887 4855 τοῦτο,
2923 4786 3108 4842 ἱκανόν
3139 4803 3229 4855 μοι
3261 4780 3640 4852 καυχήσασθαι
3667 4782 3757 4832 ὅτι

503 4902 894 4968 somniarerat,
924 4911 1253 4972 tantumque
1283 4918 1342 4957 se
1389 4901 1709 4963 extollebat,
1754 4916 2073 4968 progressus

505 4996 728 5065 quidem
762 5003 849 5051 est
892 4997 1032 5049 adeo
1085 5011 1261 5065 usque
1292 4994 1471 5065 quoad
1503 4994 1652 5050 illum
1694 4993 1950 5046 voluntas
1979 4991 2073 5047 υ.τὶ

505 5087 853 5156 compressit.
884 5086 1063 5143 Locus
1086 5098 1171 5143 est
1192 5088 1450 5143 insularis
1474 5086 1707 5142 Lemnos
1729 5085 1964 5138 nomine.
1986 5084 2077 5137 Ille

2179 4888 2313 4958 :95;
2341 4886 2441 4958 τὴν
2496 4884 2739 4955 βασιλίδα
2788 4884 2886 4950 τῆς
2939 4876 3252 4945 Ῥωμαῖκῆς
3286 4872 3539 4936 ἐξουσίας
3580 4887 3758 4939 παρεο

2172 4979 2413 5046 γενόμην
2457 4975 2633 5035 πόλιν,
2692 4976 2785 5025 καὶ
2823 4970 2963 5047 βέλη
2988 4968 3108 5020 κατ’
3157 4963 3329 5030 αὐτῆς
3359 4960 3690 5027 ἐξεκένωσα.
3736 4979 3753 5008 ι

2185 5070 2346 5125 ’Λλλά
2380 5070 2493 5139 γὰρ
2536 5058 2693 5128 οὗτος
2725 5065 2753 5116 ὁ
2802 5061 3061 5130 τοιαύτην
3117 5057 3299 5111 λαϐὼν
3351 5051 3682 5123 φαντασίαν,
3730 5054 3762 5103 ὁ

506 5198 571 5235 eo
606 5181 925 5244 adveniens,
964 5181 1113 5247 talia,
1147 5192 1203 5235 ut
1235 5181 1370 5243 dixi.
1403 5178 1708 5242 somnians,
1742 5177 1946 5246 justam
1980 5174 2054 5228 De

2171 5162 2344 5223 οὕτως
2401 5158 2729 5230 ἐπηρμένος,
2770 5141 2946 5225 ’ῆλασε
3007 5149 3105 5220 μὲν
3156 5148 3349 5219 μέχρις
3398 5143 3457 5196 οὗ
3490 5141 3681 5245 τοῦτον
3718 5141 3761 5211 ἡ

510 5272 1007 5328 remunerationem
1043 5272 1277 5327 invenit.
1327 5272 1395 5325 Et
1421 5270 1607 5325 videas
1636 5268 1896 5339 quamdiu
1934 5266 2075 5320 Deus

509 5375 830 5426 exsmectans
861 5361 1297 5432 longanimisque
1326 5370 1429 5424 est,
1460 5376 1493 5414 ο
1530 5359 1604 5413 (ili
1628 5360 1847 5414 dilecte.
1876 5354 2078 5408 Traus-

514 5454 662 5517 ιζτωὶ
685 5457 829 5512 enim
864 5458 1228 5527 potuitusque
1252 5453 1318 5508 ad
1353 5452 1641 5522 septimum
1677 5458 1768 5502 aut
1823 5457 2076 5501 octavum

516 5551 574 5599 et
620 5542 893 5602 decimum
953 5562 1190 5613 annum;
1230 5546 1363 5609 sed,
1411 5550 1535 5614 post
1566 5550 1771 5595 tantam
1816 5536 2082 5604 temporis

517 5632 862 5696 dilationem.
915 5653 1021 5692 non
1049 5637 1239 5704 cli‘ugit
1272 5635 1364 5689 Dei
1398 5631 1687 5703 judicium,
1715 5640 1890 5696 neque
1913 5625 2083 5679 licen-

2184 5252 2278 5306 τοῦ
2305 5251 2440 5304 Ε)εοῦ
2494 5249 2765 5319 συνήλασε
2812 5245 3011 5314 ψῆφος.
3051 5244 3208 5295 Ἔστι
3238 5240 3281 5293 δ’
3316 5240 3342 5291 ὁ
3376 5237 3541 5298 τόπος
3589 5234 3763 5303 νῆσος

2188 5344 2221 5410 ἡ
2274 5341 2540 5410 λεγομένη
2601 5338 2839 5408 Λῆμνος’
2874 5337 2989 5387 ἐκεῖ
3022 5332 3203 5385 τοίνυν
3252 5324 3595 5389 καταλαϐὼν,
3661 5324 3765 5376 καὶ

2192 5435 2593 5503 φανταζόμενος
2622 5425 2716 5484 οἷα
2749 5424 3100 5498 ὲφαντάξετο,
3139 5423 3293 5492 έτυχε
3330 5422 3427 5491 τῆς
3471 5419 3623 5487 παρά
3656 5415 3768 5469 τοῦ

2190 5525 2326 5580 Θεοῦ
2378 5524 2597 5586 δικαίας
2643 5519 3075 5579 ἀνταποδόσεως.
3137 5516 3245 5569 Καὶ
3300 5514 3400 5584 ὅρα
3448 5529 3539 5583 μοι
3571 5513 3696 5573 ὅσος
3731 5511 3768 5561 ὁ

2192 5617 2381 5687 χρόνος
2438 5613 2541 5683 τῆς
2594 5612 2688 5666 τοῦ
2752 5611 2887 5664 Θεοῦ
2941 5607 3138 5677 ἀνοχῆς
3206 5607 3302 5660 καὶ
3352 5602 3766 5673 μακροθυμίας,

591 5796 666 5869 (Ι)
701 5796 775 5853 De
810 5798 909 5852 hoc
940 5797 1341 5855 Thessalonica:
1376 5796 1588 5854 excidio
1612 5798 1829 5851 exstant
1870 5786 1991 5843 Joh.
2016 5781 2348 5839 Catucniatae
2398 5790 2450 5835 et
2484 5776 2737 5833 Demetrii
2769 5773 2992 5843 Cydonii
3030 5770 3271 5825 historim
3327 5765 3612 5834 lugubres.
