3996 6208
288 387 390 451 157

1747 398 2161 462 EPIS’I‘OLIE.

3461 407 3569 473 158

285 503 480 558 Ιτέκνον
518 519 622 574 μου
669 503 1054 576 ἠγαπημένον
1094 505 1190 561 καὶ
1222 509 1338 580 γὰρ
1391 508 1738 581 ύπερήλασεν
1767 511 1886 576 ἔτος

2000 514 2120 568 tiam
2156 514 2314 570 vanis
2362 513 2788 585 cogitationibus
2834 517 3104 590 gloriandi
3157 518 3349 574 habuit
3397 535 3572 591 usque

291 613 394 648 που
427 595 657 649 δέκατον
692 598 786 651 καὶ
815 598 910 650 ἐπὶ
941 597 1102 652 τοῦτο
1150 599 1386 671 ἕϐδομον
1415 601 1447 671 ἢ
1485 602 1697 672 ὄγδοον·
1741 603 1878 658 ἀλλά

284 686 394 757 γὰρ
428 687 570 756 μετὰ
598 687 697 758 τὴν
731 688 1007 759 τοσαύτην
1052 690 1337 762 παρολκὴν
1377 691 1472 745 τοῦ
1506 692 1726 764 χρόνου,
1781 696 1882 749 οὐκ

286 775 527 843 ἐξέφυγε
562 775 658 828 τοῦ
692 776 828 829 Θεοῦ
867 780 970 848 τὴν
1030 781 1236 850 κρίσιν,
1266 781 1376 836 οὐδ’
1405 785 1486 845 εἰς
1517 785 1677 846 τέλος
1721 802 1881 839 συνε-

282 864 514 936 χωρήθη
584 869 697 930 τοῖς
772 869 1027 938 ματαίοις
1107 873 1390 942 λογισμοῖς
1474 876 1878 946 ἔγκαυχᾶσθαι.

289 955 537 1026 Πλοῖμου
575 959 682 1026 γὰρ
713 961 902 1012 στόλου
933 961 1028 1014 νῦν
1067 961 1154 1016 ἐπ’
1207 965 1370 1019 αὐτὸν
1401 966 1882 1035 ἐξαποσταλέντος,

284 1045 608 1115 ἀπήντησεν
639 1048 790 1118 αὐτῴ
820 1053 1043 1123 τοιαύτη
1078 1053 1493 1126 ἀπροσδόκητος
1523 1060 1882 1132 καταστροφὴ

287 1135 386 1186 καὶ
416 1135 684 1205 ἀπώλεια·
734 1141 825 1191 καί
860 1141 970 1211 γὰρ
1007 1145 1036 1194 ὀ
1089 1144 1188 1213 μὲν
1223 1146 1282 1196 ἐν
1335 1148 1400 1217 τῇ
1440 1148 1667 1221 ῥηθείσῃ
1733 1151 1880 1222 νήσῳ

282 1226 526 1297 διέτριϐε
551 1231 768 1298 πορθῶν
799 1233 892 1285 καὶ
925 1234 1251 1306 ληϊζόμενος
1279 1239 1454 1301 ἀδεῶς
1487 1241 1558 1295 τὰ
1599 1243 1742 1296 κατὰ
1773 1245 1874 1316 τὴν

1998 609 2064 662 ad
2107 608 2293 664 tinent.
2327 608 2516 672 Classe
2551 611 2700 666 enim
2731 618 2923 666 contra
2948 626 3076 666 eum
3118 611 3312 677 missa,
3346 611 3461 669 haec
3492 614 3568 667 illi

1988 701 2232 755 occurrit
2273 712 2469 771 preter
2541 704 3006 773 exspectationem
3080 705 3306 761 rniuosa
3356 705 3574 760 destru-

1991 794 2124 846 ctio.
2166 792 2376 848 Dictum
2412 795 2650 850 insulam
2687 797 2910 868 impune
2955 799 3043 853 hic
3085 809 3141 853 et
3177 798 3287 852 illic
3323 797 3571 851 vastabat

1988 885 2055 937 ad
2094 883 2342 950 libitum;
2393 887 2486 941 sed
2537 889 2668 942 dum
2720 890 2879 960 culpa
2931 900 3120 946 nostra
3185 890 3572 960 triumpharet.

1995 975 2264 1044 vanisque
2287 979 2487 1032 mentis
2517 978 2838 1036 libidinibus
2858 980 3188 1050 indulgeret,
3219 995 3348 1035 ecce
3375 977 3573 1048 appul-

1991 1082 2050 1122 sa
2111 1067 2484 1126 Romanorum
2536 1074 2732 1130 classis
2795 1075 2942 1130 illius
2981 1091 3167 1138 naves,
3215 1075 3430 1144 copias.
3464 1085 3574 1125 uno

1989 1160 2179 1226 verbo,
2224 1171 2388 1217 tutam
2425 1167 2726 1234 potentiam
2754 1206 2767 1230 ,
2803 1179 3136 1238 procurante
3165 1167 3375 1223 ccelesti
3418 1166 3574 1220 heni-

1986 1251 2217 1321 gnilate,
2245 1253 2500 1326 iustaque
2537 1257 2631 1312 Dei
2657 1261 3029 1325 miseratione,
3067 1261 3358 1316 destruxit;

285 1337 476 1421 χωξαν
515 1337 736 1425 απξιντξ
766 1322 839 1387 ὡς
866 1325 1342 1396 ἐνόμιξεο’Τούτου
1369 1331 1424 1384 δὲ
1457 1331 1632 1398 οὕτως
1666 1335 1754 1389 διὰ
1811 1339 1912 1402 τὰς
1954 1343 2238 1413 ἡμετέρας
2289 1348 2672 1418 ὲντρυφῶντος
2745 1352 3025 1425 ἁμαρτίας
3059 1355 3154 1409 καὶ
3177 1365 3576 1420 φαντασιοσκο-

290 1423 623 1521 ποῗνῖος.τ⁴²
663 1434 775 1521 ’ξων
842 1421 1062 1475 οἰκείων
1119 1425 1421 1495 λογισμῶν,
1469 1431 1881 1501 καταλαμϐάνει
1917 1439 1944 1489 ὁ
1978 1440 2213 1510 πλόῖμος
2277 1445 2389 1497 τῶν
2431 1446 2722 1516 Ῥωμαίων
2755 1448 2967 1510 στόλος,
3031 1449 3126 1502 καὶ
3158 1448 3368 1510 πάντας
3395 1446 3571 1498 ἐκεῖσε

285 1509 386 1612 καξ
421 1507 576 1612 πλοῖς
605 1509 1006 1612 ξεῖ-μαχητὰς.
1062 1517 1158 1570 καὶ
1202 1517 1389 1582 ἅπλῶς
1419 1521 1520 1592 τὴν
1576 1524 1864 1596 ἀγαρηνὴν
1900 1530 2115 1603 ἐκείνην
2177 1537 2417 1609 δύναμιν
2453 1540 2592 1609 μετά
2641 1541 2741 1610 τῆς
2775 1540 2982 1594 ἄνωθεν
3045 1541 3336 1612 εὐμενείας
3365 1539 3456 1591 καὶ
3498 1536 3576 1588 δι-

285 1601 454 1664 ara-'1;
480 1603 573 1654 τοῦ
605 1602 742 1655 Θεοῦ
782 1605 1126 1677 ὲπιϐλέψεως
1155 1611 1232 1681 τῷ
1262 1613 1481 1691 ὀλέθρῳ
1522 1619 1869 1688 παρέδωκαν.

377 1696 559 1764 Ὁρᾷς,
595 1697 676 1748 υίέ
701 1713 805 1764 μου
835 1698 1112 1771 ἁγαπητὲ,
1161 1705 1302 1774 μετά
1337 1708 1504 1762 πόσου
1535 1711 1729 1780 χρόνου
1759 1713 1883 1766 διὰ-

289 1785 452 1838 6ασιν
506 1789 598 1842 τὸν
649 1790 890 1856 ἀλαζόνα
930 1792 1027 1847 καὶ
1080 1794 1404 1867 ύπέροφρυν
1437 1801 1808 1855 ἐταπείνωσεν
1860 1804 1888 1855 ὁ

288 1878 466 1944 Θεός;
523 1880 764 1952 Τοιαύτη
807 1883 918 1955 γὰρ
964 1886 997 1952 ἡ
1033 1885 1155 1940 θεία
1221 1890 1555 1960 χρηστότης,
1605 1895 1636 1962 ἡ
1699 1895 1890 1961 φιλανθ

291 1972 539 2042 θρωπία·
578 1975 680 2029 οὐκ
729 1977 931 2030 αὐτίκα
979 1979 1078 2047 τὴν
1130 1980 1299 2034 αὑτοῦ
1357 1986 1636 2054 ῥομφαίαν
1684 1986 1886 2054 ἐπάγει

290 2069 432 2117 κατὰ
462 2065 575 2117 τῶν
603 2068 992 2140 ἐπαιρομένων
1025 2073 1121 2125 καὶ
1151 2073 1456 2141 ἀλαζόνων,
1493 2079 1630 2131 άλλά
1672 2080 1883 2134 στίλϐει
1913 2055 1960 2114 Β

297 2158 400 2226 μὲν
432 2156 632 2226 αὐτὴν,
661 2160 850 2228 ἐπέχει
876 2161 932 2213 δὲ
967 2163 1068 2232 τὴν
1100 2164 1440 2237 ἐπιστροφὴν
1469 2170 1759 2239 ἀναμένων
1789 2171 1886 2225 καὶ⁵

291 2250 393 2314 τὴν
427 2249 526 2300 ἐπὶ
585 2251 652 2304 τά
702 2253 1051 2324 χρηστότερα
1089 2257 1396 2329 μεταϐολὴν
1427 2259 1538 2314 τῶν
1567 2261 1706 2325 τέως
1747 2265 1880 2330 ἀγα-

291 2338 528 2394 πώντων
558 2343 628 2394 τὰ
659 2342 962 2416 πλημμελῆ
993 2349 1278 2419 πράττειν,
1314 2353 1412 2406 καὶ
1446 2353 1517 2406 τά
1545 2356 1758 2409 ἐκεῖνον
1790 2356 1886 2408 λυ-

293 2433 530 2489 ποῦντα.
556 2436 650 2504 Μὴ
685 2439 897 2506 γένοιτο
916 2441 996 2504 δὲ,
1042 2444 1136 2496 καὶ
1171 2445 1440 2516 πρότερον
1487 2448 1743 2519 ηὐχόμην
1791 2453 1887 2502 καὶ

293 2525 390 2581 νῦν
413 2527 670 2600 εὔχομαι,
707 2535 802 2585 καὶ
831 2533 1152 2602 διά.παντὸς
1188 2543 1285 2610 τὴν
1316 2540 1482 2610 εὐχὴν
1513 2542 1721 2615 ταύτην
1740 2543 1890 2613 ποιήδ

298 2636 482 2686 σομαι,
533 2622 756 2676 τοιαῦτα
797 2627 944 2696 ὑμᾶς
974 2630 1334 2697 καταλαϐεῖν,
1363 2633 1501 2687 ἀλλά
1528 2636 1889 2705 παρασχεθῆ-

302 2729 391 2764 ναι
432 2712 534 2782 μὲν
571 2715 703 2785 ὑμῖν
757 2717 864 2771 ὑπὸ
919 2720 1056 2773 Θεοῦ
1107 2724 1202 2776 ἐπὶ
1246 2723 1512 2796 λογισμὸν
1555 2726 1735 2780 ἐλθεῖν
1790 2727 1890 2798 τῆς

291 2803 523 2874 ἀγάπης
551 2810 648 2862 καὶ
673 2809 766 2863 τοῦ
801 2811 969 2866 πόθου
999 2815 1096 2882 τῆς
1130 2817 1379 2887 εἰρήνης,
1411 2813 1502 2871 val.
1538 2817 1746 2888 Χριστὲ
1778 2819 1894 2871 Σῶ-

294 2914 395 2967 τερ
431 2899 594 2968 ἡμῶν
629 2903 726 2955 καὶ
761 2903 886 2971 Θεὲ,
922 2907 1016 2960 καὶ
1052 2907 1356 2976 σϐεσθῆναι
1389 2911 1487 2978 μὲν
1517 2911 1617 2982 τὴν
1663 2911 1890 2982 ἔχθραν,

295 2991 648 3061 ἀπελαθῆναι
678 2994 736 3049 δὲ
781 2998 896 3050 τὸν
934 2999 1301 3071 φιλοπόλεμον
1357 3003 1615 3072 δαίμονα,
1653 3003 1748 3058 καὶ
1804 3002 1895 3056 διὰ

292 3083 397 3149 τῆς
441 3085 717 3158 ὑμετέρας
748 3091 1090 3162 ἐπιστροφῆς
1126 3095 1264 3174 προς
1294 3096 1362 3150 τὰ
1391 3096 1534 3151 καλά
1570 3096 1668 3150 καὶ
1705 3095 1888 3166 σωτή-

299 3191 393 3242 ρια
435 3178 688 3240 γενέσθαι
737 3183 1119 3253 ἀποστρόφους
1148 3187 1211 3238 ὲκ
1253 3186 1348 3239 τοῦ
1389 3187 1511 3240 καθ’
1545 3187 1699 3257 ὑμῶν
1732 3187 1893 3240 πολέε-

293 3284 428 3336 μου,
468 3272 596 3333 τοὺς
625 3271 771 3326 οὕτω
801 3277 1236 3347 συγκινηθὲντας
1266 3281 1362 3332 καὶ
1389 3279 1470 3332 ἔτι
1495 3281 1879 3348 συγκινεῖσθαι

295 3359 426 3410 καθ’
463 3361 618 3429 ὑμῶν
673 3365 994 3433 μέλλοντας,
1026 3370 1120 3422 καὶ
1147 3370 1490 3442 ἀπειράτους
1540 3373 1892 3443 συντηρηοἦ’

2071 1717 2330 1801 Vidi-sne,
2371 1733 2406 1772 ο
2441 1720 2535 1783 lili,
2575 1727 2838 1788 quantam
2872 1728 2995 1789 post
3017 1719 3281 1787 temporis
3310 1719 3579 1787 traiectio-

1999 1827 2119 1866 nem
2155 1813 2298 1867 Deus
2326 1814 2623 1882 superbum
2671 1823 2725 1867 et
2765 1823 3021 1868 ovantem
3066 1811 3474 1866 humiliaverit?
3504 1813 3577 1866 Ea

1990 1905 2138 1960 enim
2177 1905 2361 1960 divina
2396 1906 2616 1960 bonitas
2663 1915 2718 1960 et
2748 1905 3086 1976 benignitas.
3135 1904 3253 1959 Non
3282 1903 3573 1959 confestim

1989 1996 2243 2065 superbis
2274 2011 2522 2065 vanaque
2547 1996 2881 2064 iactantibus
2913 1995 3153 2066 gladium
3204 1993 3420 2059 incutit,
3479 1994 3574 2048 sed

1991 2089 2282 2158 suspendit
2318 2088 2566 2152 vibrans,
2613 2097 3054 2157 exspectansqne
3088 2087 3498 2140 conversionem
3527 2095 3579 2137 et

1991 2180 2057 2233 ad
2101 2180 2326 2235 meliora
2378 2180 2744 2234 mutationem
2800 2179 3020 2232 illorum
3071 2176 3168 2247 qui.
3220 2176 3574 2247 pertinaciter

1995 2274 2135 2328 male
2151 2274 2405 2328 ordinata
2439 2273 2727 2342 ipsumque
2755 2270 3142 2326 contristanlia
3181 2285 3338 2339 agere
3367 2278 3574 2321 amant.

1993 2365 2115 2421 Jam
2147 2365 2356 2421 dudum
2386 2365 2664 2436 deprecati
2703 2379 2898 2419 sumus
2934 2373 2987 2418 et
3023 2363 3185 2418 hodie
3218 2364 3576 2429 deprecamur

1991 2467 2046 2511 et
2075 2458 2392 2510 nuutimodo
2447 2456 2872 2526 deprecabimur
2926 2454 3206 2508 Christum
3286 2451 3452 2504 Deum
3522 2458 3578 2502 et

1995 2550 2338 2604 Salvutorem
2382 2560 2656 2612 nostrum,
2693 2565 2758 2603 ne
2789 2548 2914 2601 talia
2964 2547 3119 2600 vobis
3152 2543 3428 2603 accidant,
3482 2540 3575 2596 sed

1996 2650 2055 2694 ut
2099 2642 2282 2710 potius
2333 2648 2548 2695 mentes
2596 2649 2812 2694 vestras
2853 2639 2918 2690 ad
2968 2635 3258 2692 amandum
3305 2641 3575 2702 exoptan-

1991 2732 2231 2801 damque
2288 2747 2476 2801 pacem
2511 2729 2756 2794 inducat,
2806 2731 2929 2785 odia
2977 2729 3335 2796 exstinguat,
3368 2726 3576 2778 dmino-

1996 2839 2120 2878 nem
2155 2824 2424 2878 bellorum
2457 2830 2738 2878 auctorem
2766 2822 3020 2892 expellat,
3071 2830 3144 2885 et,
3170 2834 3265 2872 vos
3309 2818 3374 2871 ad
3433 2820 3573 2871 bona

1997 2915 2374 2983 salutariaqne
2399 2915 2794 2978 convertenda,
2829 2930 2858 2967 a
2890 2914 3048 2968 bellis
3088 2913 3371 2968 vobiscum
3413 2923 3578 2978 agen-

1997 3007 2082 3061 dis
2109 3015 2320 3062 avertat
2342 3007 2573 3076 populos
2595 3006 2688 3075 qui
2722 3009 2802 3061 sic
2830 3021 2938 3059 una
2978 3006 3106 3059 ιιιοιί
3140 3016 3270 3059 sunt
3301 3018 3361 3055 ac
3395 3013 3578 3055 move-

1997 3098 2329 3166 buntur;.ut
2363 3102 2589 3153 demum
2623 3115 2722 3154 vos
2751 3107 2927 3153 servet
2955 3098 3026 3152 ab
3061 3097 3319 3152 omnibus
3349 3091 3574 3149 calami-

1999 3190 2222 3255 tatibus,
2273 3205 2421 3260 quas-
2471 3191 2621 3244 novit
2667 3189 2870 3245 bellum
2926 3189 3178 3243 incutere
3249 3189 3298 3239 vi
3351 3183 3572 3255 propria

2000 3282 2108 3336 illis
2148 3283 2242 3350 qui
2297 3296 2580 3338 armorum
2634 3280 2743 3337 fato
2819 3281 2872 3336 in
2924 3279 3166 3350 peiorem
3226 3287 3427 3332 sortem
3494 3274 3575 3326 iu-

1997 3376 2202 3432 cidunt.

291 3469 390 3504 ναι
424 3455 571 3521 ὑμᾶς
603 3455 786 3526 πάσης
809 3457 1012 3529 βλάϐης
1040 3461 1136 3516 καὶ
1166 3462 1565 3534 χαλεπότητος,
1605 3464 1740 3533 ὅσην
1784 3463 1878 3517 τοῦ
1937 3467 2179 3536 πολέμου
2218 3463 2360 3523 οἶδεν
2415 3470 2447 3538 ἡ
2485 3468 2649 3537 φύσις
2709 3468 2998 3538 ἐπιφέρειν
3050 3468 3165 3529 τοῖς
3221 3463 3316 3517 ἐπὶ
3375 3461 3576 3532 μοῖραν

294 3546 746 3620 δυστυχεστέραν
775 3551 865 3605 διὰ
902 3553 1010 3605 τῶν
1035 3555 1218 3608 ὃπλων
1256 3557 1770 3628 κατακλινομένοις.

871 3691 990 3745 KA'.
1029 3691 1117 3758 Τῷ
1146 3695 1326 3759 αὐτῷ.

374 3827 647 3890 Πολλάκις
673 3828 893 3901 ἔγραψα
924 3832 1060 3901 πρὶς
1093 3831 1204 3886 υἱὸν
1241 3835 1638 3903 ἀγαπωμενον,
1677 3851 1752 3898 ως
1788 3851 1888 3886 πα-

295 3922 409 3990 τὴρ
456 3921 761 3992 ἐϐουλόμην
809 3925 985 3977 εἰπεῖν
1030 3925 1419 3997 ἀγαπώμενος,
1474 3927 1595 3980 ἀλλ’
1631 3927 1692 3980 ού
1735 3925 1891 3987 δίδως

296 4029 398 4082 μοι
424 4015 684 4083 τοιαύτην
711 4016 1003 4070 ἀναλαὸεῖν
1034 4019 1367 4090 παρρησίαν,
1408 4021 1503 4072 καὶ
1536 4019 1695 4072 τοῦτο
1718 4019 1890 4086 φθέγ-

297 4105 531 4170 ξασθαι,
585 4106 656 4158 δι’
701 4108 873 4180 ἄλλην
905 4109 1167 4180 οὐδεμίαν
1193 4111 1375 4164 αἰτίαν
1405 4111 1479 4174 ὡς
1511 4109 1717 4173 ἔοικεν,
1742 4109 1774 4178 ἢ
1803 4109 1892 4161 διὰ

297 4199 405 4260 τὰς
430 4199 574 4268 ἐμὰς
613 4200 912 4270 ἁμαρτίας.
957 4203 1160 4275 Γράφω
1190 4204 1286 4258 καὶ
1311 4203 1403 4257 νῦν
1439 4202 1535 4272 τὴν
1575 4202 1747 4271 αὐτὴν
1788 4200 1892 4254 σώ-

297 4289 417 4353 ζων
439 4290 540 4357 τῆς
567 4291 788 4358 ἀγάπης
820 4293 957 4361 πρὸς
985 4293 1070 4358 σὲ,
1097 4293 1289 4346 τέκνον
1312 4293 1493 4363 ἡμῶν,
1515 4292 1778 4358 διάθεσιν,
1796 4293 1892 4346 καὶ

300 4382 408 4449 τὴν
443 4380 617 4449 αὐτὴν
662 4384 922 4454 φροντίδα
950 4386 1090 4454 ἔχων
1115 4387 1172 4438 ὲν
1205 4389 1271 4456 τῇ
1301 4386 1412 4456 ἐμῇ
1474 4387 1707 4457 ταπεινῇ
1745 4385 1890 4454 ψυχῇ

302 4477 434 4535 περὶ
458 4478 554 4543 τῆς
590 4475 686 4543 σῆς
718 4475 880 4546 δόξης
909 4476 1003 4529 καὶ
1028 4480 1126 4547 τῆς
1150 4478 1428 4548 σωτηρίας
1455 4481 1554 4547 τῆς
1585 4477 1774 4546 κοινῆς
1799 4477 1890 4530 τοῦ

301 4574 504 4631 γένους
536 4566 640 4619 τῶν
671 4567 998 4637 Βουλγάριυν
1029 4571 1123 4622 καὶ
1163 4569 1450 4639 Ῥωμαίων
1484 4571 1744 4633 ἀνέσεως,
1797 4570 1892 4622 καὶ

299 4657 416 4710 τῶν
474 4659 662 4711 κακῶν
693 4661 1086 4724 ἀποπαύσεως.
1119 4663 1194 4713 Οὐ
1228 4662 1463 4730 δύναμαι
1481 4664 1537 4717 δὲ
1567 4665 1779 4734 σιωπᾷν
1801 4665 1894 4717 ἐπὶ

301 4753 511 4814 κοινοῖς
540 4751 756 4817 πάθεσι,
788 4751 856 4805 δι’
884 4745 962 4805 ὧν
992 4755 1052 4806 οὐ
1088 4754 1247 4822 μόνον
1276 4755 1582 4826 ἠπαροῦσα
1634 4754 1750 4826 ζωὴ
1798 4755 1893 4808 τοῦ

305 4846 493 4896 κοινοῦ
519 4846 708 4910 γένους
743 4845 1073 4914 ἀφανίζεται
1119 4847 1408 4918 Ῥωμαίων
1424 4849 1517 4901 καὶ
1542 4849 1890 4920 Βουλγάρων,

302 4935 444 4988 ἀλλὰ
500 4936 652 5007 καὶὴ
684 4937 955 5006 μέλλουσα
1009 4939 1125 5010 ζωὴ
1155 4941 1472 5011 ἀλλοτρίους
1507 4942 1888 4997 ἀποδείκνυσιν

2574 3696 2761 3751 XXIV.
2799 3696 3010 3751 Eidem.

2074 3832 2287 3902 Saepius
2353 3835 2418 3888 ad
2461 3833 2632 3888 lilium
2671 3833 2932 3888 dilectum
2979 3831 3202 3902 scripsi,
3239 3833 3457 3901 iuvaret
3491 3834 3578 3887 di-

2002 3939 2126 3979 cere
2162 3935 2221 3978 ut
2264 3936 2418 3992 pater
2453 3924 2705 3988 dilectus,
2749 3924 2843 3980 sed
2878 3933 3084 3979 tantam
3129 3924 3382 3993 loquendi
3416 3925 3580 3978 liber-

2000 4024 2163 4069 tatem
2239 4031 2351 4070 non
2404 4015 2609 4085 arripui
2681 4016 2788 4072 alia
2844 4017 2950 4072 nisi
3003 4017 3178 4086 culpa:
3226 4032 3358 4071 meae
3389 4032 3578 4071 causa.

2002 4106 2198 4163 Scribe
2233 4106 2394 4161 hodie
2423 4109 2674 4162 eumdem
2719 4123 2947 4163 servans
2978 4109 3183 4163 amoris
3215 4123 3343 4176 erga
3379 4117 3429 4160 te
3448 4108 3580 4163 all‘e—

2000 4213 2170 4266 ctum,
2200 4199 2562 4269 eamdemque
2597 4199 2650 4252 in
2689 4199 2882 4256 humili
2912 4200 3100 4253 animo
3151 4215 3337 4255 curam
3371 4199 3581 4254 habens

1997 4293 2186 4364 gloriae
2213 4302 2318 4348 tuze
2356 4292 2778 4360 communisque
2819 4289 3174 4358 Bulgarorum
3218 4301 3273 4344 et
3303 4290 3578 4342 Romano-

1999 4402 2119 4442 rum
2157 4386 2371 4448 salutis,
2409 4383 2791 4452 malorumque
2822 4381 3168 4437 remissionis
3199 4396 3262 4435 ac
3309 4383 3579 4435 cessatio-

1999 4482 2107 4536 nis.
2142 4477 2259 4533 Non
2315 4492 2538 4548 possum
2600 4477 2666 4531 de
2726 4476 3116 4532 communibus
3171 4475 3577 4531 calamitatibus

1998 4577 2185 4639 silere,
2223 4573 2425 4643 quibus
2460 4572 2688 4627 Romani
2736 4583 2790 4630 et
2830 4571 3074 4642 Bulgari,
3107 4570 3278 4640 gloria
3328 4570 3381 4624 in
3434 4585 3576 4638 prae-

1999 4667 2146 4724 senti
2178 4665 2410 4740 perdita,
2461 4663 2530 4720 ab
2560 4664 2875 4721 haereditate
2915 4679 3012 4719 sua
3043 4663 3097 4718 in
3128 4663 3316 4717 futuro
3369 4661 3578 4717 exclusi

2001 4760 2353 4820 videbuntur,
2383 4767 2437 4812 et
2486 4759 2538 4812 in
2589 4768 2765 4814 morte
2813 4767 3016 4812 aeterna
3049 4766 3381 4812 vanescant:
3429 4755 3576 4826 quod

2001 4852 2345 4908 scilicetcsta
2368 4864 2537 4920 regno
2568 4847 2662 4902 Dei
2699 4849 2991 4918 cecidisse,
3027 4849 3177 4905 illius
3205 4850 3419 4902 dulcem
3440 4862 3579 4917 pra:-

2000 4945 2231 5000 sentiam
2258 4943 2578 5012 perdidisse,
2607 4951 2661 4996 et
2684 4942 2748 4997 ad
2780 4951 3042 4998 :rternum
3061 4941 3309 4996 damnari
3341 4952 3578 4994 toren-

308 5029 517 5091 αὐτοὺς
545 5029 642 5098 τῆς
669 5031 808 5092 ἰδίας
842 5031 1102 5101 μετοχῆς,
1131 5035 1228 5086 καὶ
1261 5033 1489 5096 θάνατος
1515 5034 1783 5087 καλύπτει
1803 5035 1889 5087 ού-

2001 5047 2138 5090 ιιιιη.
2167 5034 2284 5089 Νοιι
2321 5035 2466 5089 enim
2489 5043 2562 5093 te.
2592 5050 2625 5088 ο
2646 5034 2717 5090 lili
2736 5035 2950 5097 dilecte,
2977 5033 3109 5104 fugit
3143 5033 3429 5102 pessimam
3453 5045 3577 5085 esse

307 5123 506 5177 δεποτε
529 5123 684 5178 λύσιν
708 5125 1080 5198 δεχόμενοςοή
1140 5127 1250 5200 γάρ
1304 5130 1404 5200 τῆς
1447 5129 1542 5182 τοῦ
1572 5129 1708 5182 Θεοῦ
1741 5129 1894 5199 βασι-

308 5219 468 5280 λείας
501 5217 778 5282 ἔκπτωσις
825 5221 920 5274 καὶ
946 5221 1045 5288 τῆς
1075 5221 1337 5289 γλυκείας
1361 5222 1524 5280 αὑτοῦ
1548 5223 1902 5286 ἀπολαύσεως

309 5312 870 5385 άτοστέρησις,καὶή
899 5315 1036 5386 πρὸς
1060 5315 1282 5373 κόλασιν
1303 5317 1525 5371 αἰώνιον
1549 5318 1898 5388 κατάκρισιςτ

310 5401 484 5467 οἶδας,
505 5406 697 5458 τέκνον
718 5421 822 5475 μου
842 5406 1156 5474 ἀγαπητὸν,
1178 5408 1262 5460 ὅτι
1298 5407 1532 5470 θάνατός
1552 5409 1700 5460 ἐστιν
1723 5408 1905 5476 ἀμαρο

314 5498 508 5550 τωλῶν
540 5499 802 5570 πονηρός.
851 5499 951 5553 Διὰ
979 5499 1141 5552 τοῦτο
1182 5501 1276 5555 καὶ
1325 5500 1421 5554 νῦν
1450 5501 1635 5554 sum
1661 5500 1899 5570 γράφειν

321 5592 643 5659 κεκίνημαι,
683 5592 942 5658 δεόμενος
976 5593 1072 5647 καὶ
1099 5593 1490 5663 προσπίπτων,
1525 5594 1753 5649 καὶτῶν
1785 5593 1896 5648 σῶν

315 5683 562 5750 γονάτων
591 5683 906 5752 ἁπτόμενος
937 5683 1173 5738 ἀκοῦσαι
1221 5685 1328 5739 κᾶν
1372 5684 1474 5753 ὀψέ
1529 5701 1662 5744 ποτε
1693 5685 1788 5737 καὶ
1823 5684 1898 5754 μὴ

313 5776 585 5842 ἀτιμάσαι
605 5777 707 5844 τὴν
745 5775 931 5846 δέησιν
963 5775 1146 5846 ἡμῶν,
1192 5776 1328 5829 ἀλλὰ
1385 5779 1689 5846 παρασχεῖν
1723 5776 1901 5845 Πατρὶ

531 5868 554 5880 η

321 5868 564 5936 ταπεινῷ
617 5867 699 5920 ἔτι
734 5869 960 5940 παρόντι
1017 5887 1106 5942 μοι
1142 5873 1197 5923 ἐν
1240 5870 1314 5941 τῷ
1349 5870 1448 5941 βίῳ
1509 5870 1637 5922 ἰδεῖν
1693 5869 1896 5938 μεταξὺ

2005 5139 2355 5200 peccatorum
2412 5137 2667 5183 mortem.
2727 5127 2912 5198 Itaque
2963 5129 3030 5184 ad
3089 5125 3439 5182 scribendum
3474 5124 3578 5179 tibi

2003 5228 2186 5272 motus
2221 5233 2363 5281 sum,
2388 5218 2849 5287 'provolutusqne
2886 5227 3011 5272 ante
3049 5228 3103 5273 te
3153 5227 3206 5272 et
3250 5223 3424 5285 genua
3461 5231 3580 5269 am-

2004 5312 2246 5381 plectens
2298 5324 2396 5362 oro
2430 5321 2488 5364 ut
2543 5326 2645 5370 me,
2677 5309 2805 5364 licet
2858 5310 3089 5370 tardius.
3143 5309 3358 5372 audias,
3404 5323 3581 5377 neque

2003 5419 2155 5458 meas
2186 5402 2459 5473 despicias
2495 5418 2703 5473 preces.
2761 5402 2890 5458 Milli
2923 5401 3161 5456 concede
3208 5401 3349 5468 patri
3387 5402 3580 5458 humili

2008 5509 2200 5566 pacem
2243 5495 2384 5548 inter
2421 5493 2698 5550 Romanos
2731 5501 2786 5550 et
2834 5491 3102 5560 Bulgaros
3147 5490 3334 5545 videre
3367 5499 3422 5546 et
3476 5507 3584 5546 non

2007 5591 2268 5660 deinceps
2294 5588 2667 5647 Christianum
2701 5587 3025 5656 sanguinem
3077 5600 3242 5639 manu
3268 5586 3584 5641 Christiana

2001 5683 2228 5741 ell‘nndi.
2262 5683 2338 5737 Ne
2364 5683 2521 5746 velis,
2559 5682 2632 5737 ﬁli
2670 5679 2892 5752 dilecte,
2936 5693 3022 5734 me
3065 5678 3176 5748 iam
3210 5680 3275 5734 ad
3309 5681 3580 5734 tumulum

2002 5773 2322 5828 inclinatum
2357 5789 2386 5826 e
2415 5772 2665 5842 praesenti
2705 5771 2815 5824 vita
2847 5771 3030 5840 egredi
3066 5770 3575 5826 dolentelacerato-

2003 5883 2110 5936 quc
2140 5865 2302 5922 corde
2350 5874 2569 5935 propter
2632 5874 2839 5920 tantam
2902 5867 3212 5921 communis
3261 5861 3470 5919 Christi
3517 5869 3575 5914 et
