3996 6208
285 280 359 343 Ilii

1698 232 2104 336 Erls'routi.

3400 279 3501 342 16'!

282 397 397 459 λιις,
456 395 539 446 uti
573 412 698 463 μου,
740 394 855 448 ἀλλ’
886 390 1001 448 οἴδα
1043 392 1245 446 δτιούκ
1302 391 1690 462 ἀμφιϐάλλεις,
1750 391 1827 454 ὼς

1953 401 2103 446 uates
2160 390 2574 459 incomparabili
2640 393 2868 447 horrore
2938 393 3174 465 agitari?
3231 377 3491 450 Attamen

282 487 355 539 tul.
379 485 591 549 τούτοις
616 486 863 556 μεγάλην
892 485 1108 555 ὀδύνην,
1139 485 1253 546 καὶ,
1282 482 1369 536 ἵνα
1401 483 1562 546 εῑπω,
1600 483 1824 551 μείζονα

1960 485 2164 549 udicio,
2216 485 2361 555 quod
2406 487 2577 551 novit,
2604 502 2663 541 se
2698 487 2989 557 benignum
3043 497 3097 542 et
3133 488 3500 559 longanimetn

280 578 370 629 τῶν
410 579 503 629 ἐπὶ
560 576 801 646 σταυροῦ
858 578 1005 646 ἥλων
1039 578 1065 629 ό
1093 574 1329 644 Χριστὸς
1382 576 1476 627 καὶ
1504 573 1634 636 Θεὸς
1668 573 1828 642 ἡμῶν

1955 578 2137 631 irazbet
2165 616 2179 639 .
2222 586 2274 631 et
2310 578 2490 633 adhuc
2536 594 2752 647 pinnam
2794 580 3013 640 retinet,
3065 596 3504 651 suspensumque

282 670 546 738 ὑπομένει,
578 669 673 722 καὶ
721 669 1115 738 σκυθρωπότης
1173 667 1505 737 ἀσύγκριτος
1531 667 1629 729 τὰς
1660 668 1830 733 ἀγγε-

1940 682 2102 736 super
2158 666 2336 736 ipsum
2379 669 2766 725 contristantes
2800 670 3038 739 gladium
3092 687 3199 725 non
3242 673 3503 726 demittit.

282 758 415 821 λικὰς
470 761 783 832 περιτρέχει
838 761 1140 831 δυνάμειςς
1200 761 1262 813 El
1318 761 1412 813 καὶ
1450 759 1716 830 κρίμασιν
1756 754 1838 821 οἷς
1888 752 1995 812 εἶδε
2041 758 2399 829 χρηστεύεται
2462 763 2557 814 καὶ
2599 764 2963 834 μακροθυμεῖ,
3028 765 3122 820 καὶ
3155 764 3291 828 τέως
3323 767 3508 837 ἀνέχει

280 852 362 918 τὴν
388 853 676 920 τιμωρίαν,
706 855 800 911 καὶ
829 852 926 923 τὴν
953 853 1360 922 ὲστιλϐωμένην
1389 850 1553 903 αὐτοῦ
1582 851 1861 920 ῥομφαίαν
1893 850 2035 903 κατὰ
2065 851 2173 902 τῶν
2208 852 2526 905 λυπούντων
2573 855 2673 906 οὐκ
2726 856 3012 923 ἐπαφίησι.

341 942 398 994 Τί
440 959 506 1012 με
530 943 613 996 δεῖ
643 943 804 996 πλέον
841 944 979 1014 πρὸς
1006 942 1292 1013 ἄνθρωπον
1334 942 1518 1011 χάριτι
1564 939 1701 991 Θεοῦ
1736 958 1834 992 πε-

2007 940 2146 1005 Quid
2186 943 2338 1009 plura
2374 942 2489 996 viro
2510 942 2685 995 dicam
2706 944 2880 1013 gratia
2919 943 3011 999 Dei
3044 946 3509 1013 prudentissimo?

281 1033 628 1103 πληρωμένον
662 1037 980 1103 φρονήσεως
1015 1035 1249 1105 γράφειν
1279 1051 1293 1099 ;
1344 1032 1557 1085 Οὐκοῦν
1600 1030 1836 1084 ἐνταῦθα

1964 1040 2125 1097 taque
2164 1030 2253 1084 hic
2292 1039 2541 1085 tacuero.
2591 1029 2646 1084 Si
2683 1032 2826 1085 enim
2862 1033 3102 1089 volueris
3136 1035 3202 1089 ad
3244 1046 3392 1092 tuam
3423 1039 3509 1095 bc-

283 1122 638 1193 πεπαύσομαι·
682 1127 775 1179 καὶ
823 1129 930 1197 γὰρ
958 1130 1005 1178 εί
1040 1128 1201 1195 μόνον
1237 1124 1560 1195 βουληθείης
1611 1122 1744 1192 πρὸς
1778 1121 1838 1174 τὸ

1955 1120 2255 1189 tignitatem
2314 1120 2907 1192 mansuetudinemque
2943 1125 3161 1190 reverti,
3196 1141 3306 1181 non
3342 1130 3508 1182 modo

282 1220 361 1271 σὺν
382 1218 590 1289 ἥμερον
636 1222 727 1272 καὶ
758 1221 1143 1290 φιλάνθρωπον
1189 1219 1538 1279 ἐπανελθεῖν,
1577 1217 1637 1270 ού
1677 1216 1837 1286 μόνον

1953 1227 2055 1280 tua:
2095 1211 2245 1274 dixi,
2285 1212 2378 1265 sed
2438 1211 2761 1266 humaniora
2808 1214 3147 1285 melioraque
3198 1232 3293 1286 per
3327 1227 3379 1271 te
3423 1218 3505 1286 ip—

280 1306 458 1371 ταῦτα,
524 1307 659 1360 ἀλλὰ
711 1309 846 1361 πολὺ
898 1308 1365 1378 ἁνθρωπινὼτερα
1418 1307 1512 1359 καὶ
1549 1306 1834 1375 κρείττονα

279 1398 407 1451 κατὰ
468 1398 693 1451 σεαυτὸν
746 1400 841 1452 καὶ
895 1400 1205 1470 ἀνασκέψῃ,
1253 1399 1349 1452 καὶ
1386 1397 1485 1469 τὴν
1538 1396 1596 1462 ἐξ
1651 1396 1834 1450 αὐτῶν

276 1490 533 1559 ὠφέλειαν
584 1491 1015 1564 ἀναθεωρήσεις.
1050 1492 1149 1546 Διὰ
1186 1491 1342 1544 τοῦτο
1381 1488 1731 1560 προσκείσθω
1766 1486 1833 1558 ἢν

276 1582 355 1634 δια
382 1582 585 1644 παντὸς
616 1584 965 1653 ἀναφέρομεν
1016 1583 1181 1654 εὐχὴν
1231 1582 1307 1653 τῷ
1350 1581 1490 1652 Θεῷ,
1540 1580 1635 1633 καὶ
1671 1579 1831 1632 πλέον

1941 1318 2059 1357 sum
2096 1303 2411 1372 perspicies,
2458 1312 2510 1357 et
2538 1319 2699 1367 quam
2757 1304 2912 1359 utilia
2953 1304 3064 1359 sint
3112 1309 3504 1363 considerabis.

1942 1394 2128 1464 Itaque
2180 1394 2526 1448 solummodo
2574 1397 2944 1464 precationem
2992 1398 3299 1453 addiderim
3341 1416 3506 1469 quam

1942 1486 2060 1540 sine
2094 1485 2498 1540 intermissione
2527 1487 2639 1540 Deo
2657 1487 2846 1544 olIero.
2882 1489 3023 1543 Deus
3053 1500 3107 1543 et
3137 1489 3296 1545 Pater
3324 1491 3508 1545 Domi-

1940 1578 1993 1631 ni
2031 1578 2201 1632 nostri
2227 1575 2355 1631 Jesu
2380 1577 2608 1643 Christi,
2652 1580 2741 1650 qui
2786 1579 2936 1633 illum
2972 1581 3123 1635 misit
3155 1582 3207 1635 in
3241 1584 3505 1638 mundum

273 1672 435 1726 οὐδέν·
468 1676 497 1727 ό
520 1675 651 1737 Θεὸς
685 1675 781 1726 καὶ
818 1675 1006 1745 Πατὴρ
1038 1675 1133 1728 τοῦ
1189 1675 1392 1743 Κυρίου
1440 1671 1600 1744 ημῶν
1656 1672 1836 1741 Ἰησοῦ

1953 1676 2001 1721 at
2039 1667 2149 1721 odii
2195 1682 2414 1721 murum
2445 1667 2789 1735 destrueret,
2827 1681 3139 1740 cunctaque
3176 1673 3504 1740 paciﬁcaret,

274 1764 525 1835 Χριστοῦ,
558 1767 586 1819 ό
619 1769 697 1827 είς
738 1767 829 1819 τὸν
878 1768 1083 1836 κόσμον
1124 1765 1512 1832 ἐξαποστείλας
1542 1764 1705 1817 αὑτὸν
1746 1764 1833 1816 ῖνα

274 1853 403 1926 λύσῃ
426 1855 487 1908 τὸ
519 1857 838 1927 μεσότοιχον
859 1857 957 1928 τῆς
991 1856 1194 1928 ἔχθρας
1220 1856 1308 1910 διὰ
1332 1856 1425 1909 τοῦ
1450 1856 1695 1925 ἀἵματος
1736 1854 1831 1909 τοῦ

278 1945 398 1998 Υίοῦ
442 1948 633 2011 αὑτοῦ,
663 1946 760 2001 καὶ
787 1949 1184 2021 είρηνοποιήσῃ
1211 1948 1280 2000 τὰ
1314 1948 1513 2013 πάντα,
1555 1948 1719 2008 αὐτὸς
1740 1946 1834 2001 καὶ

273 2037 363 2087 νῦν
399 2034 683 2104 βραϐεύων
714 2038 937 2108 είρήνην
969 2040 1028 2091 ὲν
1085 2041 1151 2109 τῇ
1202 2040 1267 2108 σῇ
1314 2037 1518 2109 καρδίᾳ
1553 2034 1834 2105 συντρίψοι

1941 1760 2079 1828 ipse,
2116 1775 2303 1829 pacem
2337 1762 2487 1816 cordi
2517 1772 2608 1816 tuo
2634 1760 2941 1830 imponens.
2984 1763 3241 1816 Satanam
3281 1765 3384 1818 sub
3416 1781 3510 1834 pe-

1940 1851 2099 1906 dibus
2130 1852 2237 1908 tuis
2296 1863 2584 1919 conterat,
2633 1865 2686 1908 et
2742 1854 2794 1907 in
2850 1854 2999 1909 illius
3030 1865 3194 1924 caput
3224 1867 3407 1911 natam
3439 1873 3506 1912 ex

1940 1944 2215 2000 scandalis
2259 1946 2534 2002 Romanos
2586 1946 2729 2000 inter
2766 1955 2821 2001 et
2854 1946 3116 2017 Bulgaros
3144 1956 3345 2018 pestem
3374 1964 3510 2005 cons

1941 2044 2144 2101 vertat;
2187 2036 2558 2106 concedatque
2609 2053 2742 2104 nos,
2800 2048 2857 2092 ut
2895 2039 2948 2093 in
3006 2040 3302 2114 principio,
3330 2041 3509 2097 dulcis

273 2126 359 2179 τὸν
389 2129 634 2182 Σατανᾶν
666 2130 771 2183 ὑπὸ
795 2132 919 2193 τοὺς
944 2131 1113 2193 πόδας
1142 2130 1318 2200 ὑμῶν,
1354 2130 1448 2183 καὶ
1481 2128 1705 2198 στρέφοι
1736 2127 1837 2197 τὴν

1953 2126 2151 2181 rinculo
2186 2128 2337 2198 pacis
2368 2127 2565 2181 iterum
2600 2128 2844 2198 colligari
2876 2138 2931 2184 et
2974 2129 3027 2183 in
3060 2145 3149 2193 eo,
3186 2130 3277 2199 qui
3322 2140 3509 2199 patres

273 2219 377 2272 ἀπὸ
435 2221 544 2274 τῶν
596 2221 911 2275 σκανδάλων
969 2222 1268 2291 γενομένην
1322 2221 1567 2274 κάκωσιν
1633 2217 1838 2288 μεταξὺ

1953 2228 2152 2272 nostros
2184 2218 2361 2283 decet,
2405 2233 2589 2273 amore
2614 2220 2871 2284 restitui;
2910 2236 3119 2291 nosque
3157 2222 3223 2275 ab
3258 2221 3360 2275 hac
3398 2222 3507 2276 vita

281 2309 566 2381 Ῥωμαίων
598 2314 690 2365 καὶ
724 2313 1052 2389 Βουλγάρων
1083 2316 1161 2376 είς
1196 2314 1294 2383 τὴν
1331 2313 1541 2366 ἐκείνου
1573 2311 1836 2382 κεφαλήν·

271 2405 364 2457 καὶ
390 2405 509 2474 δοίη
542 2405 703 2458 πάλιν
745 2405 819 2475 τῷ
851 2406 1134 2476 συνδέσμῳ
1159 2404 1261 2473 τῆς
1302 2404 1560 2473 γλυκείας
1611 2405 1838 2471 εἰρήνης

1935 2324 2241 2364 aerumnosa
2278 2326 2567 2375 revocans,
2612 2312 2770 2365 vobis
2807 2312 2897 2367 hic
2940 2311 3120 2382 longis
3149 2313 3341 2367 diebus
3367 2322 3420 2367 et
3453 2314 3506 2365 in

1938 2399 2077 2455 coelo
2103 2410 2300 2455 aeterna
2335 2400 2593 2457 felicitate
2627 2402 2736 2456 frui
2769 2404 2993 2459 tribuat.

253 2497 342 2560 ,ὡς
367 2502 425 2549 τὸ
452 2499 548 2550 ἀπ’
579 2498 753 2567 ἀρχῆς
786 2499 1055 2567 ἑνωθῆναι
1103 2499 1270 2567 ὑμᾶς·
1334 2498 1429 2551 καὶ
1466 2494 1854 2549 ἀποκαθιστῶν
1886 2496 1964 2557 είς
1996 2495 2093 2563 τὴν
2147 2496 2465 2563 πρέπουσαν
2540 2495 2781 2565 πατράσι
2838 2496 2933 2547 καὶ
2980 2496 3188 2558 τέκνοις
3228 2496 3322 2548 καὶ
3357 2497 3510 2550 ἀδελ-

273 2592 388 2657 φοῖς
417 2591 638 2659 ἀγάπην
671 2607 726 2641 τε
758 2592 851 2642 καὶ
889 2591 1146 2661 στοργὴν,
1180 2591 1353 2653 οὕτως
1386 2590 1532 2660 ἡμᾶς
1597 2588 1695 2657 μὲν
1734 2586 1833 2657 τῆς
1872 2584 2225 2654 ταλαιπώρου
2281 2584 2483 2653 ταύτης
2534 2586 2744 2652 ἐξάγων
2792 2587 2959 2656 ζωῆς,
2998 2588 3125 2656 ὑμῖν
3152 2587 3208 2639 δὲ
3244 2589 3383 2658 μετὰ
3411 2589 3509 2660 τῆς

270 2684 493 2753 εἰρήνης
529 2685 844 2757 μσκρότητα
886 2685 1109 2755 ἡμερῶν
1153 2685 1434 2755 παρέχων,
1470 2684 1565 2737 καὶ
1618 2684 1717 2754 τῆς
1753 2682 1960 2736 ἐκεῖθεν
2018 2682 2237 2734 αἰωνίου
2287 2679 2432 2749 ζωῆς
2458 2679 2556 2751 τὴν
2593 2679 2910 2736 ἀπόλαυσιν.

826 2818 948 2871 KE'.
990 2817 1072 2883 Τῷ
1100 2813 1279 2881 αὐτῷ.

2520 2809 2688 2868 XXV.
2728 2811 2937 2867 Eidem.

343 2947 521 3021 Ὅπερ
551 2952 608 3004 ὲν
632 2953 755 3014 ταῖς
781 2954 989 3015 κοιναῖς
1028 2948 1339 3019 συντυχίαις
1372 2948 1483 3020 ὁρῶ
1516 2949 1832 3017 συμϐαῖνον,

2012 2946 2166 3012 Quod
2208 2945 2261 3000 in
2295 2948 2683 3002 communibus
2718 2948 2951 3004 fortuna:
2996 2950 3216 3006 casibus
3256 2954 3506 3012 accidere

270 3042 459 3095 τέκνον
497 3058 600 3109 μου
623 3040 967 3111 θεοτίμητον,
988 3042 1114 3093 ὅταν
1138 3038 1399 3100 πολλάκις
1420 3036 1645 3106 θόρυϐος
1678 3054 1843 3108 προσ-

270 3133 491 3184 πίπτων
527 3133 647 3193 ταῖς
698 3132 889 3192 ἀκοαῖς
941 3131 1034 3181 τὸν
1058 3128 1215 3196 λόγον
1245 3126 1341 3179 τοῦ
1379 3126 1843 3197 προσομιλοῦντος

268 3221 329 3273 ού
364 3224 638 3292 συγχωρεῖ
684 3217 1062 3287 ἐξακούεσθαι,
1103 3217 1263 3270 τοῦτο
1311 3217 1407 3270 καὶΙ
1452 3216 1538 3286 ἐφ’
1566 3218 1725 3288 ἡμῶν
1752 3234 1841 3285 γι-

268 3313 500 3381 νόμενον
530 3309 798 3365 κατανοῶ.
842 3309 951 3363 Καὶ
979 3308 1087 3377 γὰρ
1116 3308 1208 3360 καὶ
1247 3306 1343 3361 νῦν
1380 3307 1454 3370 ὼς
1496 3307 1674 3361 ἔοικεν
1695 3308 1724 3359 ό
1755 3306 1845 3359 θό-

270 3404 441 3473 ρυϐος
480 3403 591 3455 τῶν
630 3402 779 3471 ὲμῶν
824 3399 1107 3470 ἁμαρτιῶν
1155 3398 1465 3451 ἀποκωλύει
1498 3398 1624 3461 τοὺς
1657 3399 1848 3467 λόγους

266 3495 433 3565 ἡμῶν
464 3497 587 3557 ταῖς
645 3497 766 3557 σαῖς
806 3491 1127 3563 προσελθεῖν
1169 3491 1380 3553 ἀκοαῖς,
1421 3490 1520 3545 καὶ
1560 3491 1629 3545 δι’
1664 3492 1843 3546 αὐτῶν

266 3587 353 3649 είς
375 3586 478 3656 τὴν
507 3585 716 3657 ἦμερόν
744 3601 840 3638 σου
859 3584 953 3637 καὶ
983 3580 1363 3653 φιλάνθρωπον
1390 3582 1566 3652 ψυχὴν
1594 3583 1841 3638 διελθεῖν.

265 3678 332 3730 Et
359 3680 470 3746 γὰρ
501 3677 577 3747 μὴ
605 3675 763 3730 τοῦτο
800 3672 890 3747 ἦν,
923 3674 1039 3737 πῶς
1084 3674 1194 3744 ἔχει
1238 3673 1395 3741 λόγον
1427 3674 1525 3737 τὰς
1574 3674 1845 3738 τοσαύτας

264 3769 433 3838 ἡμῶν
457 3769 668 3838 δεήσεις
690 3768 831 3834 ὑπὲρ
856 3765 951 3820 τοῦ
972 3766 1135 3817 καλοῦ
1165 3766 1257 3818 καὶ
1281 3766 1653 3835 συμφέροντος
1681 3766 1847 3818 Βουλ-

267 3864 473 3933 γάροις
507 3863 603 3912 καὶ
642 3859 935 3929 Ῥωμαίοις
963 3857 1265 3928 ἀνηνύτους
1299 3860 1462 3928 μέχρι
1489 3859 1582 3910 καλ⁸
1607 3859 1848 3927 σήμερον

262 3956 586 4022 διαμεῖναις
618 3953 761 4013 Πλὴν
794 3953 888 4005 καὶ
916 3950 1089 4013 οὕτως
1124 3951 1341 4021 ἔχοντος
1371 3950 1465 4003 τοῦ
1500 3950 1847 4020 πράγματος,

264 4047 466 4115 ἐπειδὴ
496 4048 711 4114 ἀνάγκη
764 4062 855 4114 μοι
898 4044 1174 4095 ἐπίκειται
1208 4042 1283 4113 μὴ
1318 4043 1549 4110 σιωπᾷν,
1580 4041 1704 4094 οὐαὶ
1735 4041 1847 4110 γάρ

268 4156 369 4207 μοι
412 4139 561 4191 ἐστὶν
593 4139 689 4191 ἐὰν
713 4138 775 4191 τὸ
803 4137 1110 4206 μεσιτεύειν
1141 4136 1280 4204 ὑπὲρ
1303 4136 1401 4205 τῆς
1431 4134 1655 4203 είρήνης
1682 4150 1849 4186 κατα-

1944 3036 2122 3102 video,
2155 3037 2228 3091 fili
2261 3038 2422 3091 chare
2462 3037 2592 3105 Deo,
2618 3040 2749 3093 illud
2782 3042 2909 3094 mihi
2938 3042 3205 3096 accidisse
3239 3044 3507 3117 intelligo,

1947 3130 2155 3184 scilicet
2213 3130 2504 3184 tumultum
2580 3135 2778 3201 sacpius
2826 3132 3040 3187 obstare
3100 3151 3166 3189 ne
3223 3138 3289 3190 ad
3348 3154 3511 3196 aures

1946 3221 2109 3275 verba
2143 3222 2528 3276 concianantis
2561 3223 2896 3291 perveniant.
2934 3223 3089 3280 Nunc
3126 3229 3293 3292 enim,
3348 3240 3406 3283 ut
3439 3231 3516 3284 vi-

1943 3310 2119 3378 detur,
2159 3320 2501 3381 peccatorum
2539 3328 2781 3368 meorum
2819 3314 2976 3369 turba
3007 3315 3186 3370 obstat
3208 3319 3507 3386 quominus

1956 3406 2116 3460 verba
2147 3421 2264 3459 mea
2301 3404 2366 3460 ad
2420 3420 2580 3460 aures
2633 3414 2776 3469 tuas,
2813 3416 2866 3461 et
2901 3423 2995 3477 per
3029 3424 3124 3464 eas
3169 3411 3236 3464 ad
3278 3422 3512 3467 mentem

1948 3507 2287 3552 mansuetam
2349 3498 2745 3569 benignamque
2777 3512 2922 3554 tuam
2972 3504 3340 3570 pervenerint.
3396 3504 3514 3560 Nisi

1950 3588 2166 3657 quidem
2209 3593 2279 3643 ita
2311 3598 2479 3654 esset,
2529 3605 2637 3659 qua
2698 3591 2909 3647 ratione
2967 3594 3134 3648 irritae
3178 3596 3514 3653 mansissent

1948 3693 2165 3749 preces,
2208 3696 2347 3748 quas
2378 3680 2445 3734 de
2488 3683 2765 3735 communi
2817 3682 3174 3750 Bulgarorum
3222 3696 3276 3740 et
3310 3687 3516 3742 Roma-

1953 3784 2144 3823 norum
2185 3770 2417 3824 utilitate
2455 3771 2700 3841 protuli?
2733 3770 2869 3825 Cum
2929 3773 3001 3826 ita
3056 3790 3112 3828 se
3141 3790 3225 3829 res
3261 3776 3515 3841 habeant,

1948 3859 2341 3928 incumbatque
2374 3860 2628 3930 loquendi
2670 3865 2989 3929 necessitas,
3024 3879 3100 3918 vae
3134 3864 3291 3930 mihi,
3335 3866 3380 3920 si
3418 3882 3518 3936 pro

1948 3966 2083 4019 pace
2118 3953 2454 4008 intercedere
2477 3956 2825 4008 cessaverim.
2859 3956 3059 4010 lterum
3095 3958 3279 4012 scribo
3314 3961 3519 4014 indesi-

1954 4051 2253 4111 nenterque
2281 4044 2514 4097 scribam
2548 4060 2648 4099 nec
2690 4061 2798 4100 non
2830 4046 2997 4101 Deum
3036 4051 3246 4117 precari
3273 4050 3517 4106 desinam

1949 4135 2074 4189 dum
2103 4133 2422 4202 paucissimi
2457 4134 2562 4188 mei
2602 4135 2656 4188 in
2689 4137 2944 4205 praesenti
2971 4138 3077 4191 vita
3104 4140 3445 4207 perstabunt.

263 4232 468 4301 λείψω,
501 4234 595 4284 καὶ
634 4230 795 4284 πάλιν
823 4229 1020 4300 γράφω
1058 4228 1151 4281 καὶ
1194 4228 1255 4280 οὑ
1281 4228 1559 4296 παύσομαι
1587 4228 1845 4298 γράφειν,
1879 4225 2206 4296 ὥσπεροπε
2234 4224 2327 4278 τοῦ
2360 4224 2572 4279 δέεσθαι
2592 4225 2686 4279 τοῦ
2743 4226 2900 4292 Θεοῦ,
2931 4227 3155 4299 έμέχρις
3218 4230 3284 4282 ἂν
3318 4231 3376 4283 al
3411 4231 3519 4285 ὀλί-

263 4342 371 4396 γαι
427 4327 523 4395 τῆς
574 4324 720 4393 ζωῆς
760 4323 917 4394 ἡμῶν
952 4322 1159 4391 ἡμέραι
1192 4320 1487 4394 διατρίϐειν
1514 4323 1647 4392 ἡμῖν
1671 4323 1730 4374 ὲν
1755 4321 1833 4392 τῷ
1872 4321 2099 4391 παρόντι
2128 4318 2227 4391 βίῳ
2256 4317 2482 4371 διδόασι.

345 4419 562 4471 Τέκνον
610 4416 763 4484 ἐμὸν,
822 4414 1130 4483 σπλάγχνον
1164 4415 1313 4484 ἐμὸν,
1365 4415 1447 4467 υίὲ
1476 4413 1844 4476 ποθεινότατε,

2025 4412 2068 4464 0
2116 4411 2210 4473 ﬁli,
2268 4425 2387 4465 mea
2438 4410 2672 4475 viscera,
2723 4409 2797 4464 illi
2848 4409 3330 4477 desideratissime,
3385 4415 3521 4471 illud

266 4510 422 4579 μετὰ
453 4509 552 4576 τῆς
579 4506 745 4574 ἄλλης
773 4504 843 4574 ἢν
867 4505 1014 4574 ἔχεις
1038 4504 1147 4557 τῶν
1172 4504 1283 4557 σῶν
1322 4503 1578 4575 πράξεων
1612 4505 1856 4559 ἀναθεω-

271 4602 525 4670 ρήσεως,
561 4597 657 4651 καὶ
684 4595 845 4649 τοῦτο
911 4595 1228 4664 ἐπίσκεψαι,
1272 4597 1356 4649 ὃτι
1379 4596 1472 4663 ἀφ’
1506 4590 1567 4648 οἵ»
1601 4595 1661 4649 τὸ
1692 4595 1858 4647 Βουλ-

268 4696 474 4760 γαρων
511 4688 670 4756 γένος
720 4687 815 4740 τδν
847 4687 1052 4757 αὐχένα
1103 4685 1358 4739 ύπέκλινε
1392 4686 1470 4756 τῷ
1509 4686 1732 4757 Χριστῷ
1762 4686 1856 4740 καὶ

269 4782 403 4850 Θεῷ
428 4780 614 4849 ἡμῶν,
646 4779 899 4848 δεύτερος
945 4779 1012 4830 σὺ
1056 4778 1344 4848 τυγχάνεις
1369 4779 1397 4829 ό
1424 4778 1631 4831 τούτων
1665 4777 1860 4830 δεσπο-

264 4873 439 4928 τείαν
492 4871 995 4940 ἐγκεχειρισμένος.
1058 4869 1166 4921 Καὶ
1211 4868 1422 4922 δίκαιόν
1473 4871 1621 4921 ἐστιν
1670 4867 1859 4937 ὥσπερ

270 4964 626 5034 κληρονόμος
670 4962 905 5030 γέγονας
948 4962 1048 5030 τῆς
1099 4962 1272 5033 ἀρχῆς
1320 4961 1416 5015 τοῦ
1462 4961 1555 5013 σοῦ
1586 4960 1857 5032 μακαρίου

269 5055 521 5126 πατρὸς,
553 5053 696 5105 οὕτω
726 5053 824 5107 καὶ
875 5051 975 5119 τῆς
1022 5053 1233 5106 ἑκείνου
1269 5052 1605 5122 κληρονόμον
1636 5048 1774 5104 εἷναί
1801 5068 1859 5102 σε

268 5144 576 5217 εἰρηνικῆς
602 5144 804 5215 ψυχῆς,
846 5147 940 5196 καί
969 5146 1069 5212 τῆς
1092 5144 1259 5214 ἄλλης
1289 5143 1667 5213 χριστιανικῆς
1693 5160 1861 5195 κατα-

269 5241 556 5298 στάσεως.
602 5237 838 5299 Ἐκεῖνος
860 5236 1030 5308 ἔπηξε
1074 5238 1177 5293 σὺν
1220 5236 1339 5305 Θεῷ
1371 5236 1461 5289 τὸν
1497 5236 1766 5306 θεμέλιον,
1801 5235 1859 5286 σὲ

272 5330 507 5398 πρέπον
540 5328 691 5380 ἐστὶν
717 5318 1049 5398 οἰκοδομεῖν,
1088 5329 1202 5382 ἀλλ’
1237 5329 1360 5398 οὐχὶ
1403 5328 1714 5393 καταλύειν,
1741 5329 1859 5381 οὐδὲ

269 5422 373 5473 τὸν
402 5420 667 5491 θεμέλιον
700 5421 1018 5489 ὲξορύσσειν
1045 5438 1057 5452 ·
1104 5422 1309 5483 ἐκεῖνος
1365 5422 1621 5491 συνέδησε
1657 5419 1747 5474 τὸν
1777 5420 1861 5472 δε-

273 5514 428 5583 σμὸν
488 5512 589 5580 τῆς
648 5512 788 5582 πρὸς
852 5513 1158 5583 Ῥωμαίους
1218 5513 1472 5583 ἀγάπης,
1516 5515 1580 5566 σὺ
1627 5511 1861 5581 ὀφείλεις

276 5604 652 5673 στσφίγγειν,
694 5604 796 5671 ὅση
841 5602 1104 5673 δύναμις,
1167 5603 1282 5657 ἀλλ’
1331 5604 1451 5673 οὐχὶ
1514 5602 1858 5671 διατέμνεινο

278 5702 498 5763 ἐκεῖνος
514 5697 605 5751 διὰ
623 5696 723 5764 τῆς
749 5696 953 5751 ἄνωθεν
982 5700 1266 5762 ἐπιπνοίας
1284 5696 1595 5766 ἀπέστρεψε
1623 5694 1691 5749 τὰ
1720 5696 1859 5749 ὅπλα

1958 4504 2121 4559 etiam
2148 4503 2294 4558 inter
2315 4502 2559 4557 actiones
2585 4510 2706 4556 tuas
2729 4502 3034 4569 considera,
3064 4503 3205 4572 quod
3239 4514 3296 4559 tu
3324 4520 3389 4560 ex
3415 4522 3525 4577 quo

1960 4611 2093 4666 gens
2140 4594 2366 4664 Bulgara
2402 4595 2589 4664 jugum
2642 4591 2846 4647 Christi
2893 4591 2986 4647 Dei
3020 4594 3190 4648 nostri
3236 4597 3423 4662 subiit,
3469 4597 3524 4651 in

1959 4688 2202 4744 secundo
2232 4689 2351 4741 loco
2380 4688 2526 4741 illius
2556 4685 2848 4755 imperium
2873 4684 3135 4741 tenueris.
3171 4684 3413 4757 Equum
3442 4700 3526 4743 est

1963 4789 2034 4845 te,
2086 4787 2144 4832 ut
2196 4779 2364 4847 patris
2416 4778 2644 4833 illustris
2687 4778 2860 4832 haeres
2909 4775 3083 4832 lactus
3130 4791 3211 4843 es,
3259 4778 3335 4832 ita
3380 4779 3526 4835 illius

1965 4870 2161 4925 mentis
2211 4869 2448 4939 pacifica:
2500 4869 2871 4938 virtutumque
2921 4867 3353 4923 Christianarum
3403 4885 3525 4924 esse

1964 4960 2255 5016 haeredem.
2279 4959 2372 5015 Ille
2403 4958 2624 5013 favente
2656 4956 2767 5013 Deo
2790 4957 3202 5015 fundamentum
3235 4960 3445 5031 posuit;
3477 4968 3527 5015 te

1962 5053 2116 5107 decet
2163 5052 2449 5107 aedilicium
2489 5061 2720 5117 struere,
2749 5067 2857 5106 non
2891 5061 3067 5105 autem
3114 5050 3525 5107 fundamentum

1965 5143 2186 5198 diruere
2229 5152 2282 5198 et
2325 5143 2663 5214 dispergere.
2711 5142 2804 5197 Ille
2849 5158 2972 5196 cum
3029 5140 3286 5196 Romanis
3326 5142 3525 5195 amoris

1966 5234 2245 5290 vinculum
2298 5235 2523 5299 nexuit;
2558 5243 2765 5300 oportet
2819 5242 2869 5289 te
2916 5233 3047 5287 illud
3084 5232 3375 5301 stringere,
3419 5247 3526 5284 non

1965 5328 2193 5381 solvere.
2221 5326 2331 5389 Ille,
2353 5326 2493 5379 casio
2517 5326 2837 5393 inspirante,
2862 5340 3010 5377 arma
3035 5338 3062 5375 a
3089 5321 3528 5376 Christianomm

1967 5428 2147 5487 strage
2175 5417 2445 5483 dimovit;
2494 5424 2709 5486 oportet
2743 5424 2795 5471 te
2826 5416 3127 5484 legitimum
3162 5413 3333 5483 patris
3361 5414 3526 5467 Itono-

1967 5509 2069 5563 rati
2106 5509 2296 5573 lilium,
2335 5508 2657 5577 piorumqtte
2691 5507 2836 5561 illius
2864 5502 3077 5559 morum
3118 5504 3407 5566 haeredem,
3439 5504 3528 5557 ila

1965 5600 2211 5658 omnino,
2273 5600 2430 5667 quasi
2495 5601 2547 5652 in
2610 5598 2703 5652 tali
2764 5612 2925 5665 opere
2984 5596 3223 5662 inutilia,
3272 5600 3528 5667 abjict-re.

1969 5688 2172 5746 Eadem
2206 5700 2255 5745 te
2294 5691 2446 5747 decet
2489 5692 2748 5761 cogitare,
2784 5688 2932 5743 omni
2965 5697 3185 5745 externa
3215 5692 3528 5745 considera.

2090 5772 2229 5781 ~v~<--
2244 5772 2308 5780 w-
