3996 6208
449 269 555 334 163

1577 255 1888 320 NICOLAI
1931 254 2040 312 CP.
2083 251 2595 312 PATRIARCH/E

3595 250 3694 311 164

437 384 585 438 tione
646 386 845 440 amota,
892 373 1192 438 eademque
1247 376 1441 440 agere,“
1479 379 1532 422 et
1583 385 1690 426 non
1744 370 1846 422 ista
1900 381 2020 435 quae

2127 363 2224 429 τῆς
2283 363 2426 416 κατά
2481 361 2823 432 Χριστιανῶν
2879 362 3118 431 σφαγῆς,
3164 363 3228 416 σὺ
3273 363 3348 425 ὼς
3392 361 3568 430 τιμῶν
3604 363 3693 414 τὸν

439 485 610 540 nuper
650 463 957 521 miserrima
989 471 1107 515 acta
1152 468 1303 515 sunt.
1341 458 1418 514 Te
1459 460 1734 528 interrogo
1767 477 1778 511 :
1810 457 1893 511 fac
1927 471 2011 507 re-

439 574 699 632 sponsum
736 553 1159 609 mansuetudine
1192 561 1246 605 et
1276 549 1612 621 benignitate
1646 561 1736 604 tua
1766 551 2013 620 dignum.

437 655 493 709 Si
530 653 582 705 in
616 650 719 702 hac
745 648 855 700 vita
888 655 1032 701 esset
1062 645 1167 714 qui'
1203 659 1349 696 nunc
1391 659 1510 695 cum
1544 643 1753 695 sanctis
1794 643 1842 694 in
1877 643 2015 696 caelo

439 743 588 808 vivit,
621 751 781 810 teque
817 746 1029 807 strages
1051 745 1104 790 et
1132 737 1272 791 bella
1311 736 1389 788 uti
1419 735 1559 805 agis,
1594 743 2014 802 persequentem

439 836 665 896 videret,
712 831 843 901 quid
902 829 970 884 ad
1021 839 1073 882 te
1125 825 1370 882 diceret?
1410 825 1556 890 Quas
1612 825 1688 878 illi
1737 825 1791 876 in
1836 835 2016 878 mente

439 937 595 993 putas
634 921 992 993 cogitationes
1037 917 1318 972 orituras?
1369 915 1562 970 Nonne
1603 916 1876 985 lacrymas
1923 930 2011 967 co-

438 1018 588 1085 piose
633 1010 977 1066 effunderet?
1022 1005 1213 1062 Nonne
1257 1007 1406 1059 illum
1449 1003 1710 1058 maestitia
1747 1011 1800 1057 et
1847 1003 2015 1058 rubor

440 1102 798 1160 invaderent?
855 1098 1048 1155 Nonne
1103 1097 1179 1152 illi
1237 1095 1602 1150 intolerabilis
1664 1096 1771 1148 vita
1829 1095 2016 1149 esset?

441 1197 630 1252 Nonne
665 1194 890 1263 capillos
947 1192 1283 1258 barbamque
1317 1187 1530 1243 duabus
1581 1186 1832 1241 manibus
1873 1187 2016 1241 evel-

442 1292 561 1344 lens
583 1286 934 1343 lamentando
962 1283 1291 1338 exclamaret
1319 1299 1331 1335 :
1359 1279 1499 1346 Quid
1530 1281 1666 1349 agis,
1709 1294 1742 1332 ο
1773 1279 1876 1332 (ili?
1906 1278 2016 1334 Cur

442 1382 669 1453 gloriam
715 1394 890 1434 meam
937 1373 1236 1446 inquinas?
1265 1370 1375 1428 Cur
1407 1386 1544 1440 opus
1576 1370 1836 1434 deStruis,
1868 1369 2015 1439 quod

445 1475 558 1526 Deo
593 1473 885 1540 adjuvantc
914 1476 1207 1522 exsecutus
1238 1479 1384 1527 sum,
1416 1474 1469 1516 et
1497 1463 1563 1517 de
1587 1463 1824 1531 quo'ego
1854 1475 2016 1530 gens-

443 1581 550 1635 que
606 1579 723 1617 mea
785 1557 1192 1629 gloriabantur?
1239 1557 1351 1610 Cur
1396 1554 1743 1616 luetationes,
1795 1562 2016 1621 prapter

2121 454 2373 524 πατέρα,
2429 453 2503 516 ὼς
2560 453 2770 506 ἐκείνου
2823 454 3086 524 ὑπάρχων
3157 455 3380 525 γνήσιος
3425 454 3538 515 υἱὸς
3605 453 3691 504 καὶ

2120 545 2458 614 κληρονόμος
2486 546 2578 597 τοῦ
2605 544 2857 612 φιλοθέου
2881 547 3110 616 τρόπου,
3148 546 3382 613 ὀφείλεις
3417 544 3696 608 παντελῶς

2122 637 2262 688 αὐτὰ
2296 637 2511 707 ῥίπτειν
2546 637 2622 698 ὡς
2660 637 2938 708 ἀχρησίαν
2983 637 3082 708 τῆς
3111 637 3366 707 τοιαύτης
3391 637 3696 708 ἐνεργείας.

2120 726 2289 779 Τοῦτο
2342 728 2621 796 προσῆκόν
2667 728 2785 781 ἐστι
2836 731 3057 798 φρονεῖν
3105 733 3171 798 τῇ
3241 733 3304 796 σῇ
3353 729 3700 798 μεγαλοδόξῳ

2120 820 2313 888 ἀρετῇ,
2344 819 2504 870 τοῦτο
2538 822 2713 871 ποιεῖν
2761 821 2856 872 καὶ
2884 821 3056 890 χωρὶς
3085 820 3182 888 τῆς
3211 820 3482 890 ἑτέρωθεν
3513 837 3697 885 παρα-

2118 910 2386 978 κλήσεως,
2452 911 2566 963 ἀλλ’
2615 911 2735 980 οὐχὶ
2784 911 3009 964 τοιαῦτα
3064 903 3154 964 οἷά
3191 929 3296 982 περ
3333 913 3426 964 νῦν
3482 912 3694 965 ἐλεεινά

2121 1002 2430 1070 πράγματα
2487 1003 2718 1070 γίνεται.
2777 1002 2996 1072 Ἐρωτῶ
3037 1021 3116 1066 σε,
3168 1004 3356 1055 τέκνον
3404 1005 3558 1072 ἐμὸν,
3599 1007 3696 1056 καὶ

2117 1098 2446 1168 ἁποκρίθητι
2474 1095 2640 1161 ἀξίως
2673 1098 2769 1166 τῆς
2808 1098 2905 1167 σῆς
2945 1098 3245 1160 ἐπιεικείας
3285 1099 3379 1151 καὶ
3424 1099 3698 1168 άγαθότη-

2116 1205 2242 1252 τος·
2273 1188 2427 1256 είτῷ
2459 1189 2560 1260 βίῳ
2609 1191 2690 1242 ἔτι
2731 1192 2912 1264 παρῆν
2960 1196 2988 1245 ὁ
3027 1191 3122 1246 νῦν
3174 1193 3315 1262 μετά
3375 1194 3483 1246 τῶν
3518 1195 3692 1261 ἁγίων
3739 1235 3752 1242 -

2118 1281 2178 1333 ἐν
2232 1282 2482 1352 οὐρανοῖς
2532 1284 3012 1355 συνδιαιτώμενος,
3075 1287 3171 1339 καὶ
3228 1287 3398 1339 ταῦτα
3445 1287 3594 1346 ἐώρα
3635 1304 3694 1340 σε

2115 1373 2606 1445 διαπραττόμενον,
2647 1381 2742 1431 καὶ
2773 1381 2871 1442 τάς
2905 1382 3122 1448 σφαγὰς
3147 1381 3241 1434 καὶ
3263 1381 3390 1444 τοὺς
3423 1382 3695 1450 πολέμους

2118 1466 2470 1536 ἐνεργοῦντα,
2511 1469 2666 1532 τίνας
2688 1472 2754 1523 ἂν
2785 1471 2892 1542 ἔφη
2930 1473 3068 1541 πρὸς
3095 1474 3153 1527 σὲ
3183 1474 3377 1540 λόγους
3407 1492 3420 1540 ;
3450 1475 3568 1536 ne;
3594 1475 3695 1527 οῑει

2119 1558 2310 1611 τοῦτον
2357 1561 2726 1616 διατεθεῖσθαι
2751 1565 2848 1635 τὴν
2887 1566 3068 1634 ψυχήν
3096 1583 3110 1630 ;
3146 1562 3275 1637 'Ap'
3305 1569 3404 1619 οὐκ
3431 1567 3495 1619 ἂν
3525 1566 3695 1636 ἐπλη-

444 1671 580 1723 quas
630 1654 876 1709 homines
941 1668 1027 1705 me
1075 1660 1127 1704 et
1183 1660 1396 1717 gentem
1454 1662 1630 1700 meam
1697 1645 2013 1700 beatiﬁcare

2128 1649 2285 1720 ροῦτο
2354 1652 2640 1722 δακρύων;
2726 1657 2861 1725 Οὐχὶ
2927 1658 3386 1728 σκυθρωπότητος
3449 1661 3697 1726 ἐγεγόνει

443 1748 732 1806 debebunt,
773 1759 941 1798 vanas
987 1741 1178 1806 ellicis,
1232 1739 1422 1808 sicque
1453 1738 1708 1792 damnum
1752 1735 1912 1791 nobis
1958 1747 2012 1791 et

2127 1713 2334 1812 πλήρης
2369 1713 2472 1795 καὶ.
2513 1713 2844 1813 κατηφείας,
2887 1749 2980 1802 καὶ
3010 1713 3243 1802 ἀέίωτον
3269 1713 3384 1818 ἑιχέ
3415 1713 3506 1801 τὸν
3535 1713 3686 1816 θίονς

446 1839 540 1892 tibi
575 1837 805 1906 inﬂigis?

2127 1836 2236 1903 οὐκὶ
2267 1835 2367 1899 τὰς
2418 1838 2606 1906 τιμίας
2637 1839 2833 1908 τρίχας
2873 1843 2973 1910 τῆς
3011 1842 3255 1912 κεφαλῆς
3293 1842 3387 1894 καὶ
3439 1842 3532 1894 τοῦ
3581 1840 3698 1893 πὼ-

453 1947 614 1997 ίωνος
641 1931 834 1984 τίλλων
863 1928 1202 2000 ἀμφοτέραις
1225 1926 1383 1996 χερσὶ
1411 1923 1572 1994 μετὰ
1611 1921 1810 1994 θρήνου
1833 1923 2056 1978 τοιαῦτα
2094 1928 2397 1998 ἐκέκραγεο
2457 1931 2522 1981 Τί
2575 1931 2772 1997 ποιεῖς,
2823 1934 3010 1987 τέκνον
3059 1936 3225 2004 res»;
3278 1933 3330 1987 τί
3388 1934 3488 2003 τὴν
3542 1933 3700 1996 δόξαν

449 2024 600 2094 ἡμῶν
633 2021 956 2096 καθαιρεῖς;
1007 2025 1072 2076 Τί
1125 2024 1184 2076 τὸ
1219 2019 1432 2092 ἕργονδ
1465 2020 1560 2073 σὺν
1596 2019 1716 2090 θεῷ
1777 2020 2150 2092 εἰργασάμην,
2223 2028 2317 2078 καὶ
2361 2027 2447 2093 ἐφ’
2499 2021 2545 2095 ᾧ
2590 2027 2652 2079 τὸ
2723 2028 2988 2099 καύχημα
3039 2025 3107 2100 ἦν
3163 2032 3290 2098 ἐμοὶ
3341 2032 3436 2083 καὶ
3492 2030 3577 2080 σοὶ
3605 2027 3702 2080 καὶ

445 2117 612 2167 παντὶ
655 2113 733 2185 τῷ
764 2115 1016 2186 ἡμετέρῳ
1067 2114 1216 2182 γένει
1262 2111 1561 2170 καταλύεις
1588 2125 1602 2172 ;
1632 2111 1696 2162 Τί
1759 2111 1885 2173 τοὺς
1929 2113 2231 2182 ἡμετέρους
2255 2115 2470 2182 ἀγῶνας
2499 2117 2567 2170 δι’
2603 2111 2680 2171 ὧν
2726 2121 2754 2172 ὁ
2805 2119 3030 2190 σύμπας
3101 2122 3210 2174 τῶν
3255 2120 3560 2191 ἀνθρώπων
3587 2119 3701 2188 βίος

445 2206 639 2277 ἔμελλε
709 2207 1034 2278 μακαρίζειν
1081 2205 1182 2273 ἐμέ
1235 2221 1294 2256 τε
1345 2202 1440 2256 καλ⁸
1501 2204 1600 2270 τὴν
1652 2200 1790 2271 ἒμὴν
1821 2202 2015 2269 γενεὰν
2056 2205 2248 2268 κενοὺς
2299 2207 2613 2279 ἀπεργάζῃ,
2661 2211 2754 2263 καὶ⁸
2837 2211 3044 2281 ζημίαν
3098 2212 3273 2276 οὕτως
3361 2215 3699 2282 ἀσύγκριτον

448 2299 659 2368 σεαυτῷ
695 2300 788 2351 καὶ
813 2299 947 2369 ἡμῖν
988 2295 1215 2363 ἐπάγεις
1245 2312 1260 2359 ;

518 2478 658 2546 Quid
709 2479 873 2547 ergo?
913 2477 972 2530 Si
1021 2477 1239 2546 quidem
1289 2477 1379 2531 hic
1431 2487 1598 2542 esset,
1648 2478 1836 2532 vivens
1890 2493 2018 2532 cum

449 2570 789 2634 hominibus,
821 2570 904 2623 sic
935 2569 1217 2640 cogitaret,
1251 2568 1332 2622 sic
1361 2569 1710 2622 lamentando
1741 2569 2023 2622 exclanm-

448 2671 552 2716 ret.
590 2660 743 2715 Nunc
778 2670 957 2713 autem
1011 2674 1136 2712 eum
1186 2660 1389 2713 sanctis
1441 2675 1625 2713 curam
1678 2658 1788 2714 Deo
1833 2669 2019 2724 stans,

450 2757 652 2824 dignus
678 2754 896 2823 eopio.~a
929 2753 1364 2806 remuneratione
1397 2751 1674 2820 judicatus
1702 2763 1922 2820 propter
1957 2766 2018 2804 ea

450 2861 592 2915 quae,
630 2844 739 2898 Deo
768 2845 1132 2912 praecedente,
1170 2841 1524 2909 Bulgarnrum
1557 2843 1730 2911 gratia
1761 2850 2022 2910 operatus

451 2946 556 3001 est,
602 2943 820 3004 propter
852 2934 1267 2986 fundamentum
1319 2931 1464 2995 ﬁdei,
1523 2943 1577 2986 et
1627 2930 1752 2986 inde
1802 2931 2020 3001 quidem

451 3024 858 3079 venerationem
898 3031 1113 3085 nactus,
1149 3037 1332 3076 nonne
1375 3037 1500 3076 cum
1534 3033 1726 3076 cuncta
1772 3021 1859 3076 bis
1887 3037 2021 3077 con-

451 3116 617 3171 traria
651 3115 946 3185 perspiciat
989 3129 1178 3177 sensu,
1258 3129 1361 3167 non
1409 3113 1518 3182 jam
1572 3115 1808 3176 dubitas,
1845 3129 1876 3167 ο
1925 3115 2021 3180 (ili,

451 3211 584 3279 quin
617 3209 788 3263 sancti
835 3208 890 3262 in
923 3207 1062 3261 ctelo
1114 3223 1200 3261 res
1227 3221 1348 3276 quae
1384 3207 1437 3260 in
1470 3215 1611 3260 terra
1645 3207 1782 3260 ﬁunt
1825 3221 2026 3277 cogno-

452 3311 629 3366 scant,
679 3301 790 3363 ille,
838 3299 1120 3369 superiore
1154 3299 1263 3352 vita
1310 3299 1520 3363 vivens,
1561 3299 1732 3353 multo
1769 3301 2020 3369 graviore

452 3393 639 3446 dolore
673 3391 896 3452 dolebit,
928 3400 981 3443 et
1016 3389 1180 3443 simul
1227 3388 1487 3443 iuell'abili
1522 3388 1782 3442 maestitia
1816 3388 2023 3442 videbi-

452 3494 542 3536 tur
563 3481 864 3546 confectus,
892 3480 1055 3534 modo
1081 3495 1220 3550 opus
1250 3494 1409 3533 suum
1441 3479 1770 3548 recogitans,
1798 3494 1896 3548 pro
1919 3493 2025 3548 quo

453 3575 619 3628 vitam
651 3583 930 3644 posuerat,
955 3588 1269 3642 quanquam
1305 3571 1417 3626 Deo
1450 3580 1765 3642 protegente
1804 3571 2026 3625 interfe-

453 3675 635 3720 ctores
671 3665 1033 3734 superaverit,
1070 3665 1234 3717 modo
1265 3663 1537 3718 sollicitus
1571 3665 1636 3716 de
1667 3671 1718 3716 te
1753 3660 1865 3714 tilio
1900 3676 2022 3726 suo,

455 3756 739 3828 Deumque
791 3774 1022 3828 precans
1090 3775 1148 3812 ut
1206 3758 1301 3813 tibi
1363 3759 1590 3828 gloriam
1647 3767 1700 3812 et
1770 3758 2022 3812 virtutem

445 3849 740 3911 .concedat,
771 3849 1045 3916 donetque
1071 3858 1255 3916 postea
1281 3847 1524 3902 caelestis
1563 3846 1751 3917 gloria:
1777 3846 2024 3900 obtinere

456 3935 872 3991 ltwreditatetn?
945 3936 1099 3990 Illum
1161 3937 1256 3990 tibi
1309 3938 1486 4007 ipsum
1552 3937 1743 3991 adesse
1794 3935 2022 4007 clliuge,

455 4045 489 4082 ο
519 4027 614 4092 illi,
656 4033 734 4082 sic
767 4028 1113 4082 miseratione
1141 4027 1342 4082 factum
1374 4029 1624 4098 dignum,
1654 4037 1708 4082 et
1738 4043 1843 4081 non
1873 4043 1902 4081 a
1938 4044 2024 4082 me

457 4121 550 4175 sed
591 4122 660 4174 ab
691 4122 809 4189 ipso
847 4121 989 4174 dicta
1037 4137 1157 4191 qua:
1203 4121 1299 4174 tibi
1346 4121 1662 4176 scribimus.
1700 4120 1835 4186 Quis
1877 4122 2022 4175 enim

456 4211 665 4266 dubitet
707 4213 836 4280 quin
887 4212 973 4267 ille
1023 4213 1127 4278 vir,
1161 4213 1254 4283 qui
1309 4227 1377 4268 ex
1426 4212 1556 4276 Deo,
1595 4227 1658 4266 ex
1691 4213 1856 4267 rebus
1902 4227 2023 4280 quae

459 4319 604 4358 nunc
647 4320 675 4357 ιι
710 4315 762 4357 te
795 4315 923 4358 sunt
958 4303 1119 4358 facta:
1149 4303 1545 4358 contristetur?
1577 4304 1787 4372 Itaque,
1822 4302 1868 4356 si
1905 4301 2020 4356 ﬁeri

2196 2479 2260 2531 Τί
2292 2478 2512 2542 οὒν;Εί
2555 2480 2654 2548 μὲν
2703 2478 2938 2533 ἐνταῦθα
2993 2482 3176 2550 παρῆν
3218 2480 3312 2534 καὶ
3363 2481 3460 2533 σὺν
3491 2481 3705 2552 ἀνθρώ-

2124 2586 2247 2631 ποις
2303 2565 2418 2638 εἶχε
2467 2571 2567 2640 τὴν
2623 2570 2921 2640 διαγωγὴν,
2978 2570 3151 2632 οὕτως
3200 2569 3266 2622 ἂν
3316 2570 3555 2640 διετέθη,
3605 2575 3700 2626 καὶ

2123 2659 2350 2714 τοιαῦτα
2384 2659 2600 2730 θρηνῶν
2618 2662 2912 2730 ἐκεκράγει
2934 2677 2947 2691 ⁸
2981 2661 3074 2714 νῦν
3096 2660 3150 2713 δὲ
3175 2664 3286 2723 τοῖς
3315 2661 3491 2729 ἁγίοις
3523 2663 3700 2718 συνὼν

2124 2752 2218 2804 καὶ
2242 2752 2361 2822 Θεῷ
2385 2753 2813 2822 παριστάμενος,
2851 2753 2944 2804 καὶ
2981 2753 3184 2822 πολλῆς
3217 2753 3492 2824 ἀποδοχῆς
3523 2755 3695 2822 ἠξιω-

2129 2843 2287 2911 μένος
2339 2843 2525 2895 ἓνεκεν
2577 2844 2670 2895 τοῦ
2713 2843 2897 2912 ἔργου,
2927 2843 2954 2895 ὃ
2996 2845 3135 2910 μετά
3188 2844 3322 2897 Θεὸν
3367 2845 3699 2917 Βουλγάροις

2126 2932 2443 3001 εἰργάσατο,
2502 2935 2595 2986 καὶ
2624 2932 2719 2986 τοῦ
2771 2933 3028 3001 θεμελίου
3066 2937 3165 3005 τῆς
3195 2935 3453 2999 πίστεως,
3488 2938 3582 2990 καὶ
3622 2939 3702 2990 εἰ-

2126 3023 2299 3085 κότως
2321 3023 2409 3075 ἐπ’
2440 3023 2590 3093 αύτῷ
2613 3026 3033 3094 σεμνυνόμενος,
3067 3026 3288 3080 καὶτῶν
3317 3027 3410 3079 νῦν
3439 3028 3701 3081 ἐναντίων

2129 3117 2476 3186 πραγμάτων
2509 3116 2803 3186 λαμϐάνων
2829 3118 2928 3186 τὴν
2951 3119 3229 3190 αἴσθησιν,
3268 3120 3485 3184 πάντως
3518 3122 3572 3174 δὲ
3598 3122 3702 3175 οὐκ

2128 3204 2514 3274 ἀμφιϐάλλεις,
2571 3205 2760 3258 τέκνον
2802 3208 2974 3276 ἐμὸν,
3022 3208 3096 3268 ὡς
3149 3209 3268 3262 ἐστι
3329 3214 3441 3272 τοῖς
3490 3211 3701 3265 ἐκεῖθεν

2129 3297 2339 3368 βιοῦσιν
2361 3299 2541 3366 άγίοις
2570 3301 2601 3366 ἡ
2629 3299 2736 3350 τῶν
2769 3299 2826 3351 ὲν
2864 3299 3056 3370 κόσμῳ
3089 3303 3392 3370 γινομένων
3424 3302 3702 3372 αἴσθησις,

2125 3393 2188 3444 οὐ
2243 3390 2424 3458 πολλῷ
2479 3391 2642 3444 πλέον
2671 3391 2765 3443 καί
2803 3409 2884 3443 τοι
2926 3391 3105 3462 λύπης
3139 3393 3376 3463 ἁπάσης,
3421 3395 3701 3464 άνωτέρας

2125 3481 2223 3550 τῆς
2281 3481 2495 3535 ἐκεῖθεν
2550 3481 2696 3548 ζωῆς
2748 3482 3145 3552 τυγχανούσης,
3200 3483 3554 3553 δδυνὴσεται,
3603 3483 3702 3537 καὶ

2130 3570 2338 3638 μεταξὺ
2360 3571 2462 3640 τῆς
2490 3571 2895 3640 ἀνεκδιηγήτου
2935 3572 3149 3642 ἐκείνης
3184 3573 3540 3644 φαιδρότητος
3566 3590 3702 3626 σκυ-

2128 3661 2438 3732 θρωπάζων
2489 3662 2824 3731 ὀφθήσεται;
2881 3663 3052 3716 Τοῦτο
3107 3662 3226 3733 μὲν,
3265 3665 3358 3717 καὶ
3407 3665 3467 3716 τὸ
3502 3666 3704 3717 οίκείον

2125 3753 2287 3824 ἔργον
2322 3753 2466 3824 ὑπὲρ
2497 3749 2558 3806 οὗ
2591 3755 2689 3823 τὴν
2741 3753 2920 3825 ψυχὴν
2966 3753 3128 3816 αὐτὸς
3162 3754 3380 3822 έθηκεν,
3421 3757 3468 3807 εἰ
3497 3756 3589 3808 καὶ
3614 3754 3706 3808 διά

2123 3846 2224 3912 τῆς
2264 3846 2415 3908 θείας
2443 3846 2728 3914 δυνάμεως
2783 3847 3089 3917 ὑπέρτερος
3128 3848 3319 3914 γέγονε
3359 3847 3468 3898 τῶν
3501 3865 3699 3916 φονευ-

2123 3937 2267 3991 τῶν·
2308 3937 2468 3990 τοῦτο
2522 3938 2578 3990 δὲ
2608 3939 2704 3990 καὶ
2739 3938 2879 4008 ὑπὲρ
2929 3937 3022 3991 τοῦ
3054 3938 3256 3991 οἰκείου
3307 3939 3521 4000 τέκνου,
3558 3940 3703 4010 ὑπὲρ

2123 4024 2184 4084 οὗ
2233 4029 2476 4082 δυσωπεῖ
2526 4027 2619 4082 τὸν
2653 4029 2806 4090 Θεὸν,
2856 4031 2983 4093 πᾶν,
3025 4031 3080 4081 εί
3102 4048 3154 4083 τι
3183 4031 3349 4083 καλὴν
3377 4033 3469 4083 καὶ
3500 4031 3703 4100 ἀρετῆς

2124 4120 2350 4190 ἔνδειξιν
2381 4121 2524 4190 ἕχον,
2559 4121 2976 4192 παρασχεθῆναί
3003 4139 3108 4186 σοι,
3141 4125 3236 4176 καὶ
3274 4125 3412 4193 μετά
3428 4123 3585 4175 τοῦτο
3608 4127 3704 4175 καὶ

2124 4211 2223 4273 τῆς
2254 4212 2368 4265 ἄνω
2398 4211 2555 4282 δόξης
2591 4214 3144 4282 προσεπικτήσασθαι
3173 4215 3272 4285 τὴν
3305 4215 3699 4285 κληρονομίαν.

2131 4301 2304 4352 Λύτὸν
2329 4301 2678 4368 παρεῖναίσοι
2709 4303 2925 4368 νόμιζε,
2949 4303 3139 4356 τέκνον
3164 4305 3316 4372 ἐμὸν,
3333 4305 3504 4366 οὕτως
3533 4304 3705 4357 ἐλεει-

457 4402 644 4464 posset
688 4394 839 4447 illutn
885 4410 950 4448 ex
993 4394 1149 4447 beata
1200 4394 1311 4447 vita
1343 4394 1409 4445 ad
1441 4393 1582 4445 hanc
1616 4393 1869 4446 miseram
1923 4403 2020 4442 no-

2129 4391 2232 4452 νῶς
2293 4391 2720 4460 διατεθειμένον,
2790 4394 2884 4445 καὶ
2927 4394 2963 4447 ἃ
3020 4395 3309 4464 γράφομεν
3373 4397 3449 4466 μὴ
3512 4396 3707 4464 λόγους

459 4495 626 4538 stram
661 4486 826 4538 vitam
855 4483 1075 4544 reverti.
1110 4498 1219 4536 non
1251 4483 1423 4537 solum
1454 4483 1519 4536 ad
1552 4492 1603 4536 te
1635 4483 1819 4548 verba,
1850 4481 2020 4550 qualia

2129 4481 2430 4551 ἡμετέρους
2459 4475 2622 4546 εἶναι,
2658 4481 2776 4534 ἀλλ’
2807 4483 3017 4536 ἐκεῖνον
3039 4483 3114 4545 ὡς
3155 4485 3368 4554 ἀληθῶς
3407 4485 3582 4538 ταῦτα
3622 4502 3710 4541 σοι

459 4589 582 4642 ego,
619 4577 711 4628 sed
760 4575 930 4628 multo
962 4573 1118 4643 plura
1150 4574 1340 4629 dicens
1369 4574 1666 4638 videretur,
1700 4573 1898 4641 quippe
1937 4573 2020 4640 qui

2127 4572 2493 4640 διαλέγεσθαι.
2533 4573 2631 4636 Τίς
2689 4574 2798 4643 γάρ
2841 4573 2979 4636 ὅλως
3038 4575 3390 4644 ἀμφιϐάλλει,
3425 4575 3502 4639 ὡς
3532 4579 3562 4630 δ
3609 4579 3708 4632 τοῦ

461 4675 793 4732 magnopere
827 4663 1022 4728 valeat,
1078 4678 1217 4717 vana
1257 4664 1562 4718 mobilitate
1607 4662 1890 4722 liberatus.
1940 4675 2020 4714 su-

2127 4663 2262 4718 Θεοῦ
2287 4663 2576 4732 ἄνθρωπος
2613 4667 2822 4728 ἐκεῖνος
2855 4666 2948 4731 ἐπὶ
2979 4669 3090 4728 τοῖς
3123 4667 3364 4736 σήμερον
3397 4669 3709 4738 γινομένοις

460 4769 647 4825 prenta
699 4769 820 4808 cum
887 4755 1244 4826 intelligentia
1301 4768 1657 4822 conversans,
1715 4753 2020 4821 luminequv

2129 4755 2284 4825 παρά
2309 4754 2404 4807 σοῦ
2454 4755 2517 4807 οὐ
2572 4756 2819 4827 σφοδρῶς
2867 4752 3120 4822 ἀνιάτως
3157 4758 3268 4810 Καὶ
3293 4759 3346 4810 εί
3387 4775 3448 4826 γε
3479 4759 3706 4812 δυνατὸν

461 4848 654 4914 plenus
675 4846 880 4900 divino.

2127 4841 2194 4917 ἦν
2229 4847 2293 4900 ὲκ
2317 4845 2419 4915 τῆς
2449 4846 2662 4900 ἐκεῖθεν
2698 4849 2977 4918 μακαρίας
3021 4848 3168 4919 ζωῆς
3210 4850 3349 4920 προς
3377 4851 3478 4921 τὴν
3511 4851 3705 4904 ἀθλίαν

460 4939 666 5011 ταύτην
722 4940 818 4993 καὶ
867 4940 1145 5010 ἡμετέραν
1209 4939 1640 5010 παραγενέσθαι,
1689 4935 1822 5011 ἧκεν
1858 4938 1924 4992 ἂν
1971 4940 2032 4994 οὐ
2071 4938 2231 5010 μόνον
2287 4939 2509 4995 τοιαῦτα
2536 4938 2672 5009 πρὸς
2726 4935 2921 5005 σὲ,οἷα
2957 4942 3170 5012 ἔφημεν
3226 4942 3576 5010 λέγων,άλλὰ
3608 4945 3707 4997 καὶ

460 5031 596 5084 πολὺ
629 5029 798 5083 πλείω
821 5029 1045 5097 τούτων,
1079 5030 1115 5084 ἆ
1137 5047 1196 5082 τε
1227 5034 1320 5084 καὶ
1354 5031 1554 5100 πολλὴν
1581 5031 1720 5100 ἔχων
1744 5031 2030 5102 εὐπορίαν,
2093 5029 2170 5091 ὡς
2209 5030 2634 5100 ἀπηλλαγμένος
2692 5032 2792 5099 τῆς
2859 5032 3097 5100 ματαίας
3149 5033 3356 5104 ταύτης
3408 5050 3702 5106 περιστρο.

463 5125 588 5194 φῆς,
623 5125 720 5178 καὶ
777 5121 857 5194 τῷ
903 5123 1107 5192 πρώτῳ
1151 5121 1233 5177 νοῒ
1270 5124 1607 5195 πλησιάζων,
1643 5124 1739 5178 καὶ
1765 5125 1900 5187 ὅλως
1930 5125 2026 5192 τῆς
2060 5122 2271 5174 ἐκεῖθεν
2311 5123 2745 5192 πεπληρωμένος
2771 5123 3117 5195 ὲλλάμψεως.

533 5284 670 5348 Tua,
695 5297 726 5335 ο
751 5281 844 5346 lili,
869 5296 1031 5349 quem
1057 5279 1200 5334 Deus
1227 5280 1486 5344 honorat,
1513 5295 1768 5348 magnum
1797 5277 2028 5348 epistola

464 5375 666 5429 Mosem
702 5375 990 5444 allegabat,
1022 5383 1076 5426 et
1108 5372 1253 5440 quod
1304 5374 1595 5442 scripsisti,
1629 5372 1761 5425 illud
1814 5386 1878 5423 ex
1911 5371 2030 5438 ejus

467 5468 738 5520 mentione
765 5465 1058 5535 scripsisti.
1098 5464 1202 5519 Sed
1230 5463 1361 5534 quid
1391 5464 1558 5532 Moysi
1592 5472 1646 5516 et
1675 5462 1880 5517 nobis?
1910 5476 2031 5530 qua:

467 5572 500 5610 a
534 5554 640 5608 Deo
671 5559 890 5611 oracula
921 5557 1219 5627 accepisti?
1248 5557 1348 5612 Ubi
1385 5557 1624 5610 divinam
1653 5553 2031 5623 contemplasti

470 5649 696 5721 gloriam
759 5661 808 5702 te
860 5651 925 5703 ad
977 5652 1104 5706 talia
1163 5651 1366 5722 agenda
1423 5650 1809 5705 inducentem?
1861 5647 2032 5716 Cujus

2200 5277 2535 5347 Προέφερεν,
2595 5277 2678 5330 υἱέ
2742 5295 2845 5348 μου
2901 5278 3214 5349 θεοτίμητε,
3249 5281 3310 5333 τὸ
3337 5280 3426 5332 σὺν
3469 5283 3704 5350 γράμμα

2129 5367 2221 5418 τὸν
2261 5367 2433 5436 μέγαν
2493 5367 2722 5436 Μωσῆν,
2749 5369 2844 5420 καὶ
2878 5372 2943 5440 τῇ
2980 5370 3190 5422 ἐκείνου
3225 5372 3417 5443 μνήμῃ
3458 5371 3703 5442 ἔγραψας

2130 5454 2218 5512 οἷα
2251 5460 2314 5527 δὴ
2355 5460 2448 5512 καὶ
2480 5459 2750 5530 ἔγραψας.
2785 5462 2893 5512 Καὶ
2921 5462 3045 5514 τίνα
3077 5461 3210 5532 πρὸς
3241 5463 3329 5514 τὸν
3350 5465 3554 5532 Μωσῆν
3589 5465 3703 5533 ἔχει

2131 5551 2200 5604 τὰ
2229 5552 2471 5622 ἡμέτερα
2529 5552 2845 5617 κοινωνίαν;
2897 5553 3087 5614 Ποίους
3140 5553 3305 5619 ἐδέξω
3360 5557 3509 5624 παρά
3562 5556 3700 5608 Θεοῦ

2133 5643 2450 5714 χρησμούςς
2497 5644 2604 5698 1Ιοῦ
2632 5644 2686 5696 δὲ
2717 5643 2814 5712 τὴν
2854 5643 3005 5697 θείαν
3043 5646 3254 5699 έθεάοω
3281 5647 3438 5710 δόξαν
3472 5649 3693 5702 τοιαῦτα
