3996 6208
289 225 392 288 165

1746 233 1866 292 ΕΡΙ
1877 232 2154 292 ετοωῑ.

3439 239 3546 301 166

284 343 459 395 ποιεῖν
490 340 939 410 προτρεπομένην
965 336 1052 393 οἶα
1079 343 1340 412 πράττεις
1366 360 1379 408 ;
1418 345 1580 408 Ποίας
1601 346 1835 408 δουλείας

1942 344 2257 408 servitutis
2301 355 2394 398 aut
2427 344 2753 401 calamitatis
2780 345 3048 401 liberator
3066 350 3269 418 populo
3299 350 3396 406 Dei
3441 369 3538 422 ap-

281 436 445 495 ποίας
487 431 784 496 κακώσεως
836 433 1130 505 λυτρωτὴς
1186 423 1578 506 ἀνεφάνηςτῷ
1619 437 1732 507 λαῷ
1763 439 1856 492 τοῦ

281 525 464 590 Θεοῦ;
505 525 608 576 Ἐὦ
664 526 770 593 γάρ
825 526 1032 593 λέγειν,
1076 527 1197 579 ἐπεὶ
1257 529 1518 591 πολλάκις
1551 530 1721 591 αύτάς
1773 530 1858 593 ἐξ·

282 618 772 688 ετραγῳδήσαμεν,
805 619 928 671 ὅσαι
965 619 1237 681 κακώσεις
1269 621 1402 690 παρ’
1424 621 1576 690 ὑμῶν
1599 623 1694 674 καὶ
1724 639 1857 674 κατ-

281 709 475 762 έλαὸον
516 710 613 761 καὶ
645 708 1137 778 καταλαμϐάνουσι
1172 710 1294 762 καθ’
1323 711 1558 778 ἑκάστην
1605 712 1693 764 τὸν
1732 713 1858 764 λαὸν

277 805 374 855 τοῦ
404 802 539 856 Θεοῦ
563 817 576 830 ⁸
615 803 715 873 μὴ,
764 805 955 857 τέκνον
992 806 1172 876 ήμῶν,
1221 808 1322 859 ούκ
1367 807 1482 859 ἐστι
1513 806 1688 860 ταῦτα
1718 805 1856 858 Θεοῦ

275 896 624 964 προτροπῆς,
659 895 770 947 οὐδ’
805 898 1139 966 ἀποστολῆς,
1180 899 1297 950 ἀλλ’
1332 898 1682 969 ἀνθρωπίνης
1709 899 1856 967 οἴμοι

274 987 396 1049 πῶς
453 987 592 1041 εἴπω
645 989 915 1058 ἐπηρείας
969 991 1063 1041 καὶ
1112 989 1380 1059 πράττειν
1426 991 1727 1042 ἀπεναντία
1757 989 1852 1041 τοῦ

273 1077 461 1131 θεῖκοῦ
499 1079 808 1148 θελήματος
865 1085 1328 1152 προαιρουμένης.
1359 1083 1552 1150 Ἔλεγε
1585 1083 1640 1137 δὲ
1671 1086 1766 1136 καὶ
1795 1085 1854 1136 τὸ

271 1173 512 1241 γράμμα
537 1175 634 1226 καὶ
679 1174 762 1225 ὅτι
790 1173 900 1225 τῶν
935 1175 1301 1246 προπατόρων
1334 1176 1430 1228 καὶ
1460 1177 1715 1245 πατέρων
1755 1194 1853 1229 πε-

267 1268 613 1333 πονηκότων,
641 1269 804 1337 ἡμεῖς
839 1267 1190 1338 ἀπολαύομεν
1239 1268 1350 1322 τῶν
1382 1269 1609 1323 ἐκείνων
1638 1271 1815 1320 πόνων
1834 1282 1849 1298 °

265 1358 486 1421 καλῶς’
543 1361 634 1412 καὶ
674 1356 741 1431 ἦν
793 1361 1058 1430 ἁρμόδιον
1086 1401 1099 1422 ,
1159 1361 1348 1414 τέκνον
1395 1362 1579 1431 ήμῶν,
1610 1361 1707 1415 τοῦ
1753 1359 1848 1414 σοῦ

264 1449 427 1516 ἀγίου
463 1450 678 1518 [ἰατρὸς
713 1453 771 1502 ἐν
824 1453 936 1513 τοῖς
967 1451 1106 1518 ὑπὲρ
1145 1452 1245 1518 τῆς
1279 1454 1504 1522 εἰρήνης
1557 1452 1850 1520 πράγμασι

260 1541 364 1608 τῆς
398 1540 604 1609 μεταξὺ
651 1541 936 1609 Ῥωμαίων
956 1544 1050 1595 καὶ
1080 1543 1412 1612 Βουλγὰρων
1442 1543 1615 1595 πολλά
1643 1542 1852 1612 καμόνει

257 1645 358 1690 τος
391 1629 691 1682 ἀπολαύειν
721 1631 867 1701 ὑμᾶς
911 1631 1223 1694 ἀκολούθως
1261 1629 1370 1682 τῶν
1417 1631 1628 1682 ἐκείνου
1662 1627 1846 1699 καμά-

1961 434 2231 502 paruisti?
2260 433 2464 489 Omitto
2509 436 2654 488 enim
2688 436 2892 499 dicere,
2939 438 3200 505 quoniam
3228 443 3437 509 smpius
3471 447 3538 497 de

1961 527 2071 582 illis
2106 530 2313 599 tragice
2347 530 2792 594 disseruerimus,
2826 542 2958 600 quot
2988 533 3331 589 calamitates
3366 552 3541 604 pepu-

1960 618 2046 674 lus
2083 619 2178 673 Dei
2223 630 2334 674 ate
2381 636 2577 688 passus
2626 621 2694 676 sit
2743 631 2796 676 et
2834 623 3111 691 patiatur:
3147 641 3269 693 quae
3315 641 3421 680 non
3475 645 3538 682 ex

1959 709 2144 763 divina
2199 712 2515 766 incitatione
2563 722 2617 766 ct
2671 715 2958 776 missione,
3021 717 3116 770 sed
3179 733 3247 770 ex
3299 719 3538 772 humana

1960 805 2261 872 litigatione
2309 817 2498 860 contra
2549 807 2642 860 Dei
2681 810 3016 863 voluntatem
3068 827 3231 878 agere
3278 814 3540 883 eligentc.

1959 895 2018 948 ln
2052 898 2283 964 epistola
2325 897 2594 965 scripsisti
2639 914 2742 953 nos
2789 915 3012 954 avorum
3049 914 3380 972 patrumque
3415 915 3537 958 tun-

1957 1002 2077 1040 rum
2110 988 2389 1041 laboribus
2423 988 2554 1041 frui.
2585 989 2729 1045 Sane
2762 993 3068 1061 scriptum;
3114 996 3298 1063 itaque
3330 1013 3533 1050 conve-

1957 1077 2112 1131 niens
2168 1089 2305 1141 erat,
2355 1094 2480 1132 cum
2539 1091 2695 1148 pater
2742 1090 2868 1137 tuns
2926 1095 3151 1139 sanctus
3195 1096 3404 1139 tantum
3465 1090 3533 1143 ad

1954 1182 2142 1236 pacem
2191 1167 2469 1224 Romanos
2505 1171 2645 1224 inter
2678 1184 2732 1226 et
2784 1171 3048 1242 Bulgaros
3091 1181 3534 1232 constituendam

1953 1257 2307 1324 laboraverit,
2363 1275 2461 1313 nos
2521 1261 2666 1314 illius
2720 1263 3009 1318 laboribus
3056 1266 3184 1328 frui,
3246 1283 3423 1335 neque
3474 1269 3533 1323 in.

1954 1350 2291 1402 contrarium
2328 1350 2545 1404 animos
2593 1363 2814 1406 nostros
2861 1363 3096 1420 vertere,
3147 1367 3239 1408 aut
3276 1356 3395 1409 illas
3441 1372 3535 1412 res

1954 1453 2218 1492 renovare
2273 1437 2573 1508 felicesque
2627 1443 2982 1510 existimare,
3040 1462 3178 1514 quas
3238 1446 3360 1508 ille,
3422 1447 3537 1500 Deo

1947 1533 2199 1602 juvaute,
2262 1536 2481 1591 abolere
2535 1538 2854 1607 aggrediens
2908 1548 3015 1592 tam
3074 1541 3263 1610 loiigos
3310 1543 3535 1596 labores

1951 1626 2239 1682 sustinuit.

255 1737 392 1784 των,
439 1721 557 1773 ἀλλ’
592 1721 715 1791 οὐχὶ
753 1724 890 1792 πρὸς
949 1723 1203 1776 ἐναντίαν
1249 1724 1548 1794 τρέπεσθαι
1594 1725 1843 1792 γνώμην,
1873 1719 1989 1773 οὐδ’
2023 1723 2082 1772 ἐν
2145 1719 2377 1782 ἐκείνοις
2427 1720 2756 1790 στρέφεσθαι
2811 1723 2903 1775 καὶ
2959 1723 3202 1792 νομίζειν
3231 1726 3532 1778 ἀπόλαυσιν

256 1812 405 1881 ὑπὲρ
426 1805 500 1864 ὢν
533 1814 760 1878 ἐκεῖνος,
798 1815 886 1866 ἵνα
929 1815 1027 1868 σὺν
1051 1815 1171 1886 Θεῷ
1195 1817 1546 1887 καταργηθῇ,
1581 1815 1829 1887 μακροὺς
1864 1813 2166 1878 ἐνεδείξατο
2190 1813 2405 1874 πόνους.

333 1900 504 1956 Εἶπον
532 1903 707 1958 ταῦτα
738 1907 801 1958 ἐκ
834 1906 928 1958 τοῦ
955 1907 1016 1959 τὸ
1050 1908 1142 1960 σὺν
1174 1907 1539 1977 ἀναλέγεσθαι
1584 1908 1835 1978 γράμμα,

2021 1902 2098 1956 Ea
2130 1913 2261 1956 sunt
2299 1919 2440 1972 quzc,
2489 1904 2720 1973 perlecta
2772 1916 2862 1958 tua
2905 1907 3157 1974 epistola,
3195 1912 3532 1978 respondens

257 1996 436 2059 διδοὺς
484 1998 586 2065 τὴν
635 1997 976 2070 ἀπόκρισιν·
1036 1999 1274 2070 λέγομεν
1333 2000 1389 2052 δὲ
1442 2000 1626 2066 πάλιν,
1667 1998 1703 2052 ἃ.
1748 2001 1842 2052 καὶ

259 2088 533 2156 πρότερον
598 2087 861 2150 πολλάκις
935 2090 1266 2160 εἰρήκαμεν,
1332 2088 1517 2158 Ῥίψον
1566 2089 1636 2142 τὰ
1681 2087 1840 2150 ὅπλα,

256 2180 449 2232 τέκνον
521 2181 656 2248 ἐμόν
679 2196 692 2210 °
728 2181 940 2233 παῦσον
985 2182 1111 2244 τοὺς
1151 2182 1424 2252 πολέμους
1462 2184 1557 2234 καὶ
1589 2182 1692 2242 τὰς
1728 2180 1839 2232 τῶν

259 2272 511 2340 αἱμάτων
540 2273 750 2340 χύσεις,
801 2271 1036 2342 ζήτησον
1073 2274 1300 2343 εἰρήνην
1343 2275 1436 2325 καὶ
1464 2270 1652 2338 δίωξον
1675 2270 1845 2340 αὐτὴν

260 2367 402 2433 μετά
431 2363 521 2416 τοῦ
547 2367 823 2435 μακαρίου
859 2367 1167 2437 προφήτου,
1193 2367 1243 2418 εί
1277 2365 1372 2419 καὶ
1398 2366 1617 2428 ἀνάξιος
1641 2379 1842 2434 παραι-

260 2454 360 2518 νῶ,
395 2456 492 2507 καὶ
530 2456 657 2508 ἀντὶ
699 2455 901 2527 ταύτης
949 2458 1048 2526 τῆς
1096 2457 1471 2528 προαιρέσεως
1513 2455 1842 2526 ἐπιζήτησον

260 2547 297 2600 ἃ
322 2550 454 2610 ἴσως
483 2550 581 2602 καὶ
614 2550 674 2601 σὲ
704 2550 912 2602 δίκαιον
942 2548 1150 2614 λαϐεῖν,
1198 2551 1291 2602 καὶ
1325 2548 1584 2616 Ῥωμαῖοι
1612 2547 1841 2598 δώσουσι

252 2639 580 2708 προθύμως.
608 2640 822 2708 Χρυσὸν
873 2642 922 2692 εἰ
956 2639 1137 2709 βούλει
1183 2638 1279 2692 καὶ
1309 2638 1574 2708 ἄργυρον,
1611 2637 1713 2707 γῆς
1742 2635 1840 2706 τὴν

243 2732 619 2800 ἐνδεχομένην
664 2731 1000 2802 ἀπόμοιραν,
1055 2730 1230 2784 ἄλλων
1285 2730 1448 2782 τινῶν
1495 2728 1839 2799 πραγμάτων

239 2823 452 2888 δόσεις,
514 2824 615 2875 ὅσα
647 2826 743 2876 καὶ
795 2823 1139 2894 Βουλγάρους
1172 2819 1530 2892 εὐφρανοῦσι,
1560 2821 1658 2872 καὶ
1706 2817 1839 2872 Ῥω-

241 2915 439 2985 μαίοις
471 2915 574 2967 ούκ
624 2914 835 2983 ἐστιν.ιῆ¹
861 2915 1007 2978 δόσις
1035 2914 1309 2984 ἀφόρητος
1335 2923 1351 2939 ⁸
1383 2912 1641 2979 γεγόνασι
1683 2906 1837 2960 πλει-

237 3008 443 3068 στάκις
478 3006 576 3060 καὶ
644 3007 883 3076 Πέρσαις
917 3007 1146 3075 πόλεμοι
1192 3004 1330 3076 πρὸς
1378 3004 1710 3073 Ῥωμαίους,
1740 3003 1836 3055 καὶ

233 3097 595 3166 Βουλγάροις
629 3100 740 3159 τοῖς
774 3096 928 3164 ὑμῶν
978 3095 1287 3167 προγόνοις,
1318 3093 1585 3155 ὡσαύτως
1617 3093 1709 3145 καὶ
1739 3092 1834 3144 ἐπὶ

231 3190 460 3260 χρόνοις
492 3191 586 3243 νῦν
618 3192 715 3260 μὲν
740 3191 958 3242 πλείοσι
979 3189 1076 3242 νῦν
1092 3189 1147 3241 δὲ
1172 3189 1450 3242 ἐλάττοσιν
1471 3205 1485 3217 ·
1511 3186 1648 3240 ἀλλὰ
1679 3186 1833 3248 τέλος

1951 1996 2102 2062 dixi;
2137 1997 2228 2050 sed
2268 2012 2479 2060 rursus,
2517 2012 2638 2066 quae
2670 2001 2867 2067 sacpius
2912 2007 3095 2064 antea,
3126 2001 3251 2055 dico
3285 2020 3298 2056 :
3331 2004 3524 2074 Abjice

1949 2101 2124 2151 arma,
2154 2101 2186 2140 ο
2218 2088 2328 2152 iiii;
2363 2087 2505 2141 bella
2549 2097 2602 2142 et
2635 2090 2922 2158 sanguinis
2966 2090 3286 2146 clIusionei
3331 2109 3530 2162 cessa;

1947 2192 2142 2246 pacem
2200 2179 2455 2247 inquire,
2517 2194 2748 2248 eamque
2817 2196 2939 2234 cum
3004 2193 3195 2238 sancto
3249 2185 3527 2256 Propheta

1947 2285 2296 2341 persequere,
2346 2272 2476 2326 licet
2535 2274 2772 2344 indigum
2823 2276 2934 2328 sint
2987 2275 3335 2332 hortationes
3369 2296 3527 2346 metu,

1946 2360 2360 2431 infaustumque
2419 2364 2667 2418 abnuens
2713 2365 3026 2432 consilium,
3077 2383 3198 2434 quae
3242 2369 3368 2437 jure
3425 2374 3526 2426 tibi

1945 2453 2256 2522 recipienda
2305 2463 2436 2509 sunt
2487 2465 2656 2524 pete:
2693 2457 2924 2511 Romani
2977 2459 3144 2513 alacri
3195 2461 3380 2514 animo
3425 2466 3526 2516 da-

1944 2543 2102 2598 bunt.
2159 2545 2369 2598 Aurum
2414 2546 2462 2600 si
2495 2547 2627 2600 velis
2661 2560 2718 2601 et
2758 2559 3066 2617 argentum,
3111 2553 3525 2608 convenientem

1947 2636 2103 2682 terra:
2135 2629 2462 2697 portionem,
2516 2642 2610 2685 aut
2655 2648 3020 2702 quaecumque
3055 2637 3107 2690 in
3149 2643 3292 2694 votis
3324 2641 3525 2713 Bulga-

1944 2736 2127 2773 rnrum
2180 2736 2298 2776 esse
2334 2724 2569 2790 possint,
2623 2726 2862 2781 Ruinani
2920 2732 3151 2786 libenter
3199 2735 3524 2790 concedent.

1944 2807 2096 2880 Sxpe
2138 2812 2274 2865 bella
2313 2813 2545 2868 Romani
2581 2819 2958 2873 suStinuerant
3003 2821 3268 2877 adversus
3301 2823 3524 2887 Persas,

1941 2911 2036 2956 aut
2097 2901 2361 2972 ltulgaros
2426 2921 2660 2974 proavos
2711 2920 2950 2974 vestros,
3019 2929 3176 2981 qua,
3233 2926 3524 2986 postquam

1941 2994 2192 3063 pluribus
2231 3004 2328 3049 aut
2371 2998 2726 3064 paucioribus
2778 3004 2939 3058 annis
2976 3004 3138 3058 linem
3182 3005 3524 3074 habuerunt,

1940 3095 2201 3154 certoque
2229 3087 2438 3141 tributo
2470 3088 2586 3144 sive
2620 3088 2881 3146 Romanis
2911 3093 2980 3148 ab
3010 3094 3157 3159 istis,
3187 3097 3305 3152 sive
3335 3099 3456 3154 istis
3485 3115 3522 3153 δ

1942 3177 2205 3232 Romanis
2248 3193 2532 3245 concesso,
2581 3181 2648 3234 ad
2702 3183 2928 3250 paciﬁca
2978 3197 3242 3241 venerunt
3287 3189 3517 3246 fmdera.

229 3280 462 3347 ἱλαϐον,
497 3281 594 3332 καὶ
637 3280 773 3348 πρὸς
843 3280 1074 3341 σπονδάς
1131 3279 1482 3348 κατήντησαν
1526 3273 1831 3346 εἰρηνικὰς,

1943 3266 2017 3321 Ita
2055 3267 2200 3321 enim
2245 3279 2327 3322 est
2353 3267 2421 3322 de
2453 3269 2630 3325 bellis.
2664 3268 2768 3325 Sed
2801 3272 2992 3327 aliena:
3023 3275 3199 3344 gentis
3230 3277 3521 3346 imperium

228 3375 573 3443 ὡρισμένων
601 3371 770 3425 τελῶν
805 3371 1256 3443 χορηγουμένων,
1295 3371 1428 3424 ποτέ
1463 3370 1563 3439 μὲν
1586 3369 1647 3433 ἐξ
1675 3368 1826 3421 ἐκείο

227 3481 347 3518 νων
370 3464 514 3534 πρὸς
556 3465 884 3535 Ῥωμαίους,
913 3464 1046 3516 ποτέ
1082 3464 1138 3516 δὲ
1176 3463 1467 3533 Ῥωμαίων
1493 3458 1822 3515 ὑποτελούν-

225 3573 347 3610 των
381 3557 642 3618 ἐκείνοις.
676 3557 782 3608 Καὶ
811 3557 884 3620 ὡς
920 3557 1012 3608 ἐπὶ
1047 3556 1107 3608 τὸ
1157 3555 1414 3607 πλεῖστον
1449 3552 1677 3622 τοιαύτη
1705 3549 1827 3604 ἐστὶ

227 3649 352 3701 ⁸τῶν
383 3650 646 3717 πολέμων
681 3651 717 3719 ή
764 3649 944 3718 φύσις.
985 3648 1060 3700 Τὸ
1089 3648 1146 3701 δέ
1177 3646 1506 3717 φιλονεικεῖν
1536 3642 1822 3706 παντελῶς

228 3745 418 3813 ἀρχὴν
450 3741 640 3794 λαϐεῖν
665 3743 976 3813 ἀλλοτρίαν,
1010 3742 1104 3796 καὶ
1126 3739 1330 3810 Κύριον
1352 3737 1515 3793 αὐτὸν
1541 3736 1824 3807 καταστῆ-

231 3845 332 3880 σαι
378 3827 480 3880 τοῦ
542 3829 662 3881 ὅλου
698 3830 887 3897 γένους
919 3831 1016 3882 καὶ
1060 3829 1160 3899 τῆς
1215 3827 1489 3895 ἐξουσίας,
1528 3829 1688 3881 τοῦτο
1715 3827 1824 3880 τῶν

230 3923 380 3975 πάνυ
413 3921 885 3992 δυσχερεστάτων,
915 3923 1051 3993 πρὸς
1078 3923 1134 3975 δὲ
1168 3921 1268 3994 τὴν
1307 3922 1627 3992 Ῥωμαϊκήν
1664 3921 1822 3993 βασι-

1936 3374 2252 3429 expugnare
2276 3360 2414 3414 velle
2441 3360 2699 3431 illiusque
2722 3378 2886 3433 opum
2917 3363 3222 3419 dominium
3252 3384 3521 3439 occupare

1935 3453 2063 3523 quid
2099 3461 2182 3506 est
2232 3452 2337 3506 nisi
2385 3453 2758 3509 infestissimis
2806 3456 3091 3526 hominis‘?
3131 3455 3288 3522 Quod
3328 3470 3514 3516 tamen

1936 3545 2086 3598 nullo
2136 3545 2299 3600 modo
2335 3545 2536 3616 aliquis
2567 3541 2758 3617 posset
2808 3551 3035 3618 exsequi
3077 3560 3266 3606 contra
3316 3553 3523 3607 Roma-

1934 3653 2054 3691 nos.
2092 3635 2418 3707 Quanquam
2453 3640 2553 3693 ista
2586 3641 2652 3694 ad
2687 3652 2738 3695 te
2780 3641 2983 3710 saepius
3023 3631 3362 3714 scripserim,
3406 3662 3516 3702 non

1932 3729 2224 3786 scribenda
2283 3742 2463 3786 tamen
2523 3733 2707 3788 denuo
2765 3743 2959 3800 erant,
3018 3723 3113 3792 sed
3175 3737 3401 3795 brevius
3457 3741 3513 3795 in

1933 3822 2129 3877 litteris
2184 3825 2686 3878 commemoranda.
2739 3823 2921 3880 Unum
2976 3839 3159 3882 tamen
3207 3831 3511 3900 proferant,

1928 3920 2221 3979 antequam
2261 3911 2540 3966 scribendi
2570 3911 2765 3966 faciam
2801 3914 2985 3969 linem.

227 4017 390 4069 λείαν
429 4016 527 4069 καὶ
564 4017 846 4081 παντελῶς
896 4018 1177 4073 ἀδύνατον.
1219 4017 1432 4073 Ταῦ-τοτ’
1468 4021 1656 4092 ἐπειδὴ
1717 4021 2036 4083 πλειστάκις
2110 4021 2351 4090 ἐγράφη,
2401 4023 2534 4084 ίσως
2577 4023 2670 4074 καὶ
2735 4024 2829 4077 νῦν
2895 4028 2997 4081 οὐκ
3045 4029 3153 4084 ἔδει
3211 4030 3513 4103 γραφῆναι,

230 4113 350 4165 ἀλλ’
375 4115 530 4182 ὅμως
563 4113 624 4167 τὸ
646 4115 880 4186 γράμμα
908 4115 995 4170 διὰ
1029 4116 1278 4187 βραχέων
1299 4117 1815 4188 ἀπεμνημόνευσεν·
1853 4117 1910 4170 ἓν
1935 4117 1991 4170 δὲ
2027 4117 2283 4187 προσθεὶς
2309 4116 2390 4170 ἐτι
2423 4117 2522 4170 τοῦ
2548 4119 2781 4187 γράφειν
2809 4121 3184 4192 πεπαύσομαι.

307 4208 484 4260 Οὐδὲν
522 4207 697 4271 οὕτως
747 4209 921 4279 ἀρχῆς
987 4211 1082 4263 καὶ
1136 4211 1382 4275 ἐξουσίας
1437 4212 1589 4278 ἴδιον,
1643 4213 1719 4276 ὡς
1767 4214 1830 4266 τὸ

236 4302 519 4372 ἀτάραχον
552 4301 649 4354 καὶ
683 4303 980 4372 γαληναῖον
1013 4303 1112 4374 τῆς
1141 4303 1323 4374 ψυχῆς
1347 4304 1443 4357 καὶ
1475 4305 1535 4357 τὸ
1559 4303 1820 4376 καθάριον

2007 4209 2151 4266 Nihil
2204 4212 2483 4266 hominem
2541 4211 2839 4280 principem
2895 4221 3281 4281 potentemque
3337 4216 3516 4284 magis

1928 4300 2104 4366 decet,
2151 4316 2316 4372 quam
2352 4299 2752 4370 tranquillitas,
2789 4302 3062 4357 serenitas
3111 4303 3514 4373 sinceritasque

233 4393 291 4446 ἐν
312 4412 370 4447 τε
402 4394 592 4460 λόγοις
622 4394 719 4446 καὶ
749 4394 1007 4464 πράξεσι.
1040 4397 1142 4448 Διά
1176 4396 1231 4448 τί
1266 4393 1380 4463 οὖν,
1408 4397 1600 4450 τέκνον
1638 4398 1818 4469 ἡμῶν,

1942 4394 2120 4458 mimi,
2151 4409 2247 4450 seu
2277 4393 2556 4462 loquatur,
2587 4407 2682 4447 seu
2728 4401 2872 4464 agat.
2912 4393 3063 4449 Unde
3110 4395 3293 4464 igitur,
3325 4395 3512 4466 digni-

201 4487 440 4550 -ἀνάξια
477 4482 650 4537 ποιῶν
699 4488 798 4555 τῆς
850 4486 952 4556 σῆς
1009 4488 1184 4559 ἀρχῆς
1215 4489 1552 4560 ὑδριστικῶς
1585 4489 1824 4560 γράφεις

229 4578 370 4644 προς
405 4576 538 4636 τοὺς
573 4575 1088 4646 ἐγκεχειρισμένους
1129 4576 1234 4631 ὑπὸ
1278 4577 1379 4648 τῆς
1407 4577 1613 4648 ἄνωθεν
1639 4577 1820 4648 ψήφου

228 4666 334 4734 τὴν
385 4664 701 4733 βασιλείαν,
750 4664 818 4734 ήν
875 4663 1044 4733 μόνην
1090 4665 1120 4715 ὁ
1150 4664 1282 4728 Θεὸς
1319 4663 1704 4717 ἀκατάλυπτον
1732 4664 1823 4717 ἐπὶ

230 4754 342 4825 γῆς
394 4754 642 4825 ἐπηξενς
712 4755 775 4807 Εἰ
811 4755 908 4807 καὶ
944 4755 1208 4826 κρίμασιν
1253 4750 1332 4819 οἷς
1362 4752 1470 4809 οἶδε
1505 4755 1826 4826 παραχωρεῖ

228 4852 352 4912 τοῖς
385 4847 709 4919 νομίζουσιν
735 4847 1096 4912 ἐπιτίθεσθαι,
1132 4847 1324 4918 μέχρις
1348 4849 1413 4902 ἂν
1435 4851 1462 4902 ὁ
1492 4849 1624 4918 παρ’
1654 4845 1821 4902 αὑτοῦ

223 4940 613 5012 διωρισμένος
665 4939 857 5011 καιρὸς
912 4940 1150 5009 ἐπιστῇ·
1200 4938 1324 4992 καθ’
1363 4939 1423 4992 ὃν
1475 4940 1682 5002 πάντες
1727 4936 1824 4989 καὶ

230 5034 466 5097 ἑκόντες
517 5032 615 5085 καὶ
668 5031 895 5095 ἄκοντες
948 5031 1298 5087 ὐποκλινοῦσι
1343 5031 1437 5086 τὸν
1464 5031 1689 5101 αὐχένα,
1729 5030 1820 5082 καὶ

223 5127 338 5196 τὴν
380 5127 560 5194 αὐτῆς
617 5127 939 5197 κυριότητα,
972 5127 1068 5180 καὶ
1112 5127 1510 5197 ὁμολογήσουσι
1537 5125 1632 5179 καὶ⁵
1655 5141 1822 5194 προσ-

223 5222 546 5292 κυνήσουσι
565 5235 580 5250 ⁸
622 5220 856 5290 γράφεις
889 5220 963 5282 ὡς
993 5219 1138 5283 εἰκὸς
1163 5219 1230 5284 ἃς
1265 5222 1315 5274 οἱ
1343 5219 1588 5291 πολέμιοι
1611 5220 1822 5274 ἀντιλο-

223 5313 362 5378 γίας
393 5313 798 5384 προϐάλλονται
821 5331 836 5343 ·
875 5313 1057 5384 γράφε
1097 5314 1399 5381 ἀντιλέγων
1429 5314 1524 5366 καὶ
1562 5311 1638 5384 μὴ
1669 5313 1822 5381 ύσρίο

232 5408 372 5471 ζων,
408 5405 552 5459 ἀλλά
579 5405 870 5474 φυλάττων
910 5406 1010 5473 τὴν
1043 5405 1102 5470 ἐξ
1149 5404 1326 5476 ἀρχῆς
1364 5405 1683 5475 πρέπουσαν
1710 5406 1821 5469 τοῖς

239 5499 469 5569 ἄρχουσι
501 5499 1002 5568 μεγαλοπρέπειαν,
1053 5499 1147 5554 καὶ
1188 5497 1266 5569 μὴ
1314 5497 1653 5571 καταϐαίνεις
1685 5498 1822 5568 πρὸς

240 5593 296 5641 τὶ
342 5591 562 5655 εὐτελὲς
600 5593 695 5645 καὶ
733 5593 991 5644 ταπεινὸν
1021 5591 1122 5662 τῆς
1157 5589 1256 5661 σῆς
1290 5589 1540 5654 ἐξουσίας
1573 5590 1820 5662 ἀνάρμο-

231 5695 383 5740 στον.
428 5683 681 5738 Εὑτελῶν
705 5683 815 5754 γὰρ
835 5683 1137 5754 ἀνθρώπων
1156 5684 1426 5760 ὑϐρίζειν,
1451 5684 1544 5739 καὶ
1580 5683 1647 5737 ἵν’
1679 5682 1819 5740 είπω

1928 4495 2036 4540 tate
2061 4495 2153 4538 tua
2189 4483 2413 4555 indigna
2439 4483 2708 4552 injuriose
2731 4483 3002 4554 scripsisti
3038 4482 3146 4538 illis
3173 4485 3266 4552 qui
3308 4485 3508 4542 volun-

1927 4587 2036 4634 tate
2067 4577 2252 4631 divina
2307 4576 2483 4630 solum
2531 4577 2586 4632 in
2617 4585 2763 4630 terra
2810 4577 3190 4634 indissolubile
3235 4586 3512 4646 occupant

1926 4665 2261 4737 imperium?
2313 4665 2640 4736 Quanquam
2699 4681 2764 4719 ex
2824 4665 3042 4735 iudiciis
3098 4665 3168 4721 ab
3239 4681 3308 4720 eo
3358 4668 3510 4721 notis

1933 4761 2207 4830 quosdam
2251 4760 2398 4813 sinat
2445 4759 2894 4830 aggressionibus
2953 4773 3133 4826 usque
3173 4757 3242 4837 ad
3293 4767 3513 4830 tempus

1928 4860 2192 4905 statutum
2241 4849 2553 4919 praevalere,
2607 4849 2700 4918 qui
2752 4864 2943 4904 omnes
3007 4851 3162 4905 ultro.
3207 4860 3303 4902 aut
3352 4849 3507 4904 inviti

1927 4945 2126 4999 collum
2156 4941 2508 5006 submittent,
2540 4939 3026 5008 Romanorumque
3048 4941 3350 4996 dominium
3379 4955 3504 4996 cum

1924 5036 2274 5091 veneratione
2299 5033 2722 5089 conﬁtebuntur.
2741 5031 2998 5098 Quaedam
3024 5033 3145 5102 jure
3170 5033 3366 5088 scribis
3385 5046 3508 5102 qua:

1925 5127 2111 5182 hostes
2147 5141 2420 5196 opponere
2451 5125 2652 5180 solent.
2687 5122 2879 5179 Scribe
2907 5125 3206 5189 eotitraria,
3248 5122 3342 5177 sed
3393 5122 3504 5176 noli

1926 5219 2218 5288 upprobria
2267 5217 2504 5279 addere,
2571 5231 2837 5284 servaque
2889 5215 3220 5286 dignitatem
3281 5213 3500 5281 regibus

1925 5311 2362 5373 convenientem,
2425 5325 2533 5363 non
2590 5309 2928 5365 descendens
2988 5308 3057 5363 ad
3114 5308 3220 5363 ista
3267 5307 3500 5362 consilia

1925 5404 2250 5458 auctoritate
2277 5411 2368 5457 tua
2393 5403 2637 5472 indigna.
2664 5402 2874 5472 Abjecti
2900 5401 3046 5458 enim
3074 5412 3158 5456 est.
3189 5399 3392 5470 ingenii
3419 5410 3496 5465 et,

1924 5507 1986 5553 ut
2031 5499 2104 5554 ita
2141 5499 2341 5562 dicam,
2375 5498 2745 5552 urbanitatem
2795 5494 3100 5566 ignorantis
3130 5509 3252 5551 esse
3297 5503 3496 5550 contu-

1924 5591 2237 5657 meliosum,
2288 5605 2392 5646 non
2427 5599 2611 5644 autem
2655 5587 2950 5643 eminentis
2981 5586 3104 5650 viri,
3155 5594 3494 5655 eazterosque

1924 5684 2151 5746 scicntis
2195 5683 2263 5740 ad
2299 5685 2594 5740 honestum
2645 5680 2942 5736 adducere.
2987 5678 3302 5749 lgnorasne,
3336 5693 3370 5735 ο
3396 5675 3498 5742 illi,
