3996 6208
437 290 537 352 167

1577 279 1885 340 NICOLAI
1927 279 2039 338 ΟΡ.
2084 275 2594 335 ΡᾹΤΒΙΑιὶΕΗιλΕ

3594 267 3694 328 168

431 414 625 455 omnes
662 413 769 452 non
804 395 967 451 modo
1001 392 1290 462 imperium
1341 389 1587 452 sortitos,
1625 390 1717 443 sed
1749 398 2021 459 quotquot

2143 390 2202 458 ιὴ
2234 388 2615 458 γνωριζόντων
2664 385 3103 456 εὐσχημοσύνην,
3146 384 3259 439 ἀλλ’
3283 381 3403 451 οὐχὶ
3425 381 3531 432 τῶν
3566 384 3699 432 ἀνα·

431 494 668 548 aliormn
703 491 1113 546 venerationem
1155 485 1434 547 all‘ectant,
1469 483 1834 537 contumelias
1857 481 2014 550 quasi

435 584 762 657 spurcitiam
806 582 1069 653 repellere
1114 588 1167 633 et
1208 576 1545 640 abhorrere,
1620 584 1876 628 curantes
1948 586 2015 625 ne

432 680 647 749 linguae,
680 676 997 737 verborum,
1028 669 1298 741 imprimis
1329 665 1529 721 mentis
1551 665 1874 720 munditiam
1920 678 2016 732 per

432 771 725 837 spurcitias
763 764 1023 822 trahant?

2117 480 2429 551 ϐεϐηκότων
2451 481 2546 532 καὶ
2562 479 2779 533 εἰδότων
2798 477 3002 548 ἑτέρως
3022 478 3367 546 εὐσχήμονας
3385 471 3696 527 ἀποτελεῖν.

2122 575 2193 625 Ἢ
2225 575 2464 641 ἀγνοεῖς,
2497 572 2687 625 τέκνον
2732 572 2911 642 ἡμῶν,
2947 570 3030 623 ὅτι
3082 570 3157 630 ὡς
3196 569 3399 621 ἐπίπαν
3430 568 3490 619 οὐ
3518 567 3698 635 μόνων

2117 664 2227 717 τῶν
2282 663 2470 735 ἄρχειν
2526 663 2823 735 λαχόντων,
2885 661 3023 715 ἀλλὰ
3082 663 3177 713 καὶ
3220 664 3335 713 ὅσοι
3376 660 3485 712 τῶν
3521 660 3699 712 ἄλλων

2118 757 2427 826 ἀνθρώπων
2490 757 2823 826 σεμνότητος
2872 753 3302 815 ἀντιποιοῦνται,
3359 753 3460 814 τὰς
3514 750 3701 821 ῦϐρεις

432 859 623 932 ὥσπερ
656 878 707 913 τι
744 859 1012 929 ρύπασμα
1042 852 1370 909 διωθοῦνται
1416 851 1513 904 καὶ
1587 848 2050 917 ἀποστρέφονται,
2111 852 2202 903 καὶ
2245 851 2518 920 φείδονται
2570 850 2633 902 τὺ
2710 848 2974 917 καθάριον
3028 846 3127 915 τῆς
3170 844 3417 915 γλώττης
3461 847 3553 898 καὶ
3590 846 3703 898 τῶν

432 956 605 1023 λόγων
637 952 732 1005 καὶ
762 950 868 1021 πρό
892 966 955 1017 γε
990 947 1199 1001 τούτων
1228 945 1329 1014 τῆς
1359 942 1587 1014 γνώμης
1623 943 1680 993 ἐν
1710 939 1787 1010 τῷ
1823 942 2146 1010 ρυπάσματι
2188 942 2512 1013 περισύρειν
2541 942 2650 994 τῶν
2672 941 2885 1011 ὕϐρεων
2911 957 2925 1004 ;

507 1048 650 1115 Quid
676 1044 842 1101 refert
870 1052 1080 1098 veteres
1111 1049 1165 1094 et
1193 1048 1441 1094 recentes
1472 1038 1734 1105 allegare,
1800 1034 2018 1098 Persas,

435 1140 748 1210 Agarenos,
782 1137 1051 1205 aliosque,
1074 1133 1274 1203 quibus
1300 1141 1456 1185 antea
1489 1130 1839 1199 magistratus
1867 1141 2020 1181 com-

435 1232 626 1288 missi?
658 1232 783 1298 Qui,
828 1243 997 1300 quum
1044 1227 1182 1281 bella
1218 1225 1359 1279 inter
1390 1238 1451 1278 se
1477 1230 1747 1293 gererent,
1783 1236 1869 1275 res
1907 1220 2021 1274 bel-

435 1325 570 1379 licas
622 1323 876 1392 agebant,
937 1317 1283 1375 contumeliis
1329 1328 1457 1370 vero
1509 1314 1738 1383 pulchre
1781 1327 1845 1365 ac
1875 1311 2020 1381 regie

438 1417 722 1486 sapientes
753 1412 1120 1467 abstinebant.
1159 1409 1237 1463 Ita
1282 1421 1456 1477 usque
1486 1406 1551 1459 ad
1602 1419 1725 1459 nos.
1759 1402 2021 1473 Agareni,

438 1509 880 1577 quotiescunque
931 1517 1115 1557 rerum
1182 1499 1478 1555 discrimen
1531 1496 1733 1560 turbet,
1783 1494 2019 1548 debitam

439 1610 621 1654 tamen
656 1596 1045 1659 reverentiam,
1077 1593 1324 1649 debitum
1358 1591 1519 1661 regiae
1551 1587 1823 1658 maiestati
1849 1587 2023 1639 hono-

2200 1037 2264 1087 Τί
2294 1054 2361 1105 με
2408 1036 2493 1089 δεῖ
2528 1034 2708 1102 λέγειν
2748 1033 3016 1105 ἀρχαίους
3046 1049 3106 1084 τε
3142 1034 3235 1085 καὶ
3265 1033 3438 1098 νέους,
3465 1034 3705 1103 Πέρσας,

2142 1128 2509 1198 Ἀγάρηνοὺς,
2568 1129 2760 1191 ἄλλους
2820 1128 2927 1198 πρὸ
2958 1124 3187 1186 τούτων,
3218 1126 3333 1178 ὅσοι
3378 1128 3550 1195 ἀρχὰς
3580 1130 3707 1181 ἐπι-

2129 1220 2465 1292 στεύθησαν;
2509 1222 2598 1283 Ὠς
2624 1221 2883 1282 πολλάκις
2912 1221 3164 1291 πολέμων
3184 1220 3497 1290 ἁναμεταξὺ
3524 1237 3707 1273 κινου-

2133 1316 2332 1385 μένων,
2398 1314 2467 1367 τά
2513 1315 2613 1385 μὲν
2662 1312 2756 1366 τοῦ
2789 1313 3029 1383 πολέμου
3073 1314 3361 1381 ἐνήργουν,
3399 1310 3610 1381 ὕϐρεων
3646 1311 3704 1364 δὲ

2129 1406 2309 1469 καλῶς
2340 1405 2697 1476 καὶζάρχικῶς
2710 1405 3033 1476 φρονοῦντες
3058 1404 3366 1473 ἀπείχοντο.
3400 1404 3507 1456 Καὶ
3540 1402 3703 1472 μέχρι

2129 1498 2225 1551 τοῦ
2268 1498 2363 1551 νῦν
2393 1498 2517 1550 οὕτε
2554 1499 2749 1568 ὁρᾶται
2780 1498 3089 1565 γινόμενον.
3122 1497 3434 1566 Γράφουσιν
3470 1496 3707 1566 Ἀγαρηο

2131 1594 2211 1645 νοὶ
2242 1594 2309 1645 τὰ
2336 1592 2436 1663 μὲν
2491 1593 2624 1645 ἄλλα
2670 1594 2772 1645 ὅσα
2811 1591 3174 1645 ὑποϐάλλουσι
3222 1590 3330 1643 τῶν
3362 1591 3705 1659 πραγμάτων

438 1704 552 1743 rem
584 1693 823 1741 servant.
848 1684 929 1739 Tu
958 1698 1195 1753 quoque,
1226 1696 1258 1735 o
1304 1681 1401 1744 fili,
1447 1680 1862 1733 convenientem
1908 1691 2023 1729 ma-

2143 1688 2187 1740 ιί
2216 1687 2529 1750 ὑποθέσεις,
2575 1686 2675 1756 τὴν
2711 1685 3074 1754 ὀφειλομένην
3117 1683 3171 1737 δὲ
3207 1685 3300 1736 καὶ
3332 1684 3710 1753 προσηγορίαν

439 1779 766 1848 gniﬁcentia:
794 1789 901 1830 ture
944 1784 1182 1827 mentem
1235 1785 1463 1824 servans
1505 1768 1716 1822 absrine
1745 1774 2028 1820 contume-

443 1871 553 1933 liis,
583 1884 753 1939 quum
796 1867 1018 1930 scribis,
1063 1880 1230 1934 qmnn
1272 1863 1576 1933 praesertim
1625 1859 1691 1913 ad
1744 1872 1797 1913 te
1847 1857 2030 1913 missae

442 1962 806 2032 imperatoria:
833 1959 1080 2029 epistolae
1111 1955 1243 2010 nihil
1272 1952 1729 2009 contumeliosum
1767 1949 2028 2015 aﬂerunt,

442 2054 798 2119 debitumque
823 2049 921 2103 tibi
936 2050 1199 2103 honorem
1225 2045 1493 2099 tribuunt.
1512 2041 1628 2097 Non
1654 2041 1801 2095 enim
1830 2051 1879 2094 te
1898 2039 2032 2099 fugit

444 2149 565 2203 illos
598 2149 691 2218 qui
721 2147 1034 2202 Romanum
1065 2144 1356 2214 imperium
1391 2149 1608 2211 regunt,
1652 2141 1697 2193 si
1724 2137 1853 2208 quid
1880 2135 1945 2190 ad
1980 2142 2033 2189 te

442 2242 666 2311 gravius
691 2240 1037 2310 scripserint,
1070 2252 1176 2291 non
1207 2252 1235 2292 ιι
1268 2252 1325 2290 se
1350 2234 1483 2304 ipsis
1511 2240 1689 2287 motos
1715 2231 1905 2293 fuisse,
1938 2227 2032 2283 sed

444 2353 471 2385 ιι
520 2342 595 2395 te,
647 2333 742 2403 qui
786 2332 895 2385 illis
947 2344 1142 2399 aspere
1224 2326 1541 2389 scribebas,
1598 2334 1650 2378 et
1688 2323 1769 2378 sic
1823 2320 2031 2391 asperis

444 2426 663 2495 scriptis
696 2425 805 2478 tuis
838 2438 968 2478 suas
1003 2421 1262 2492 epistolas
1287 2418 1707 2473 accommodare
1737 2415 1907 2469 fuisse
1936 2429 2031 2469 co-

445 2526 598 2571 actos
633 2534 646 2569 :
686 2516 759 2569 ita
793 2524 854 2569 ut
899 2529 1091 2570 eorum
1149 2511 1422 2580 asperitas
1477 2524 1507 2563 e
1539 2508 1645 2563 tuis
1685 2507 2033 2562 contumeliis

448 2608 751 2678 eruperit.’
797 2606 1200 2675 Imperatorum
1263 2611 1445 2655 autem
1507 2601 1764 2666 animus,
1807 2600 2030 2654 sibimet

447 2710 732 2763 constans,
776 2708 827 2752 te
856 2696 1083 2753 fratrem
1113 2710 1176 2750 ac
1204 2693 1443 2748 amicum
1477 2692 1735 2762 appellat,
1769 2691 2036 2763 quidquid

447 2786 790 2846 amori'sweri
843 2804 907 2844 ac
955 2787 1265 2843 dilectionis
1302 2787 1623 2851 observans,
1653 2794 1727 2851 et,
1766 2794 1824 2838 ut
1854 2786 2036 2839 omnia

449 2883 651 2949 dicam,
748 2894 783 2935 ρ’
817 2879 1049 2948 benigne
1101 2876 1259 2947 quasi
1315 2888 1469 2945 pater
1528 2876 1698 2929 lilium
1757 2876 2036 2946 amplecti-

449 2984 560 3034 αυτ.
650 2982 663 2989 ’

2133 1783 2228 1834 καὶ
2266 1779 2435 1851 τιμὴν
2491 1778 2865 1844 ἀποσώζοντες
2892 1782 2957 1849 τῇ
3002 1777 3267 1848 βασιλείᾳ.
3298 1775 3454 1831 Οὕτω
3486 1777 3579 1828 καὶ
3615 1778 3706 1840 σε),

2135 1872 2323 1925 τέκνον
2350 1871 2528 1941 ήμῶν,
2569 1870 2630 1922 τὸ
2662 1870 2875 1940 πρέπον
2903 1872 2967 1940 τῇ
3018 1871 3083 1939 σῇ
3124 1867 3571 1938 μεγαλοπρεπείᾳ
3605 1867 3713 1918 odio

2137 1964 2264 2027 ζων,
2304 1964 2509 2032 ἀπέχου
2549 1962 2656 2014 τῶν
2703 1961 2951 2033 ὕϐρεων,
2999 1961 3128 2013 ὅταν
3174 1960 3425 2031 γράψῃς·
3477 1958 3715 2027 μάλιστά

2136 2073 2196 2123 γε
2233 2055 2323 2124 ντὶ
2351 2056 2443 2108 τοῦ
2473 2055 2607 2125 πρὸς
2646 2050 2703 2107 σὲ
2737 2052 3094 2123 στελλομένου
3131 2050 3408 2122 βασιλικοῦ
3446 2052 3714 2122 γράμμα-

2133 2165 2222 2210 τος
2263 2147 2428 2217 μηδὲν
2458 2145 2773 2215 ὑϐριστικὸν
2810 2145 3046 2214 ἔχοντος,
3096 2143 3213 2197 ἀλλ’
3249 2143 3508 2206 ἐπιεικῶς
3543 2159 3713 2214 προσ-

2135 2239 2545 2308 διαλεγομένου,
2575 2239 2669 2293 καὶ
2691 2239 2791 2309 τὴν
2824 2237 3181 2307 ὀφειλομένην
3218 2254 3297 2289 σοι
3324 2236 3487 2308 τιμὴν
3515 2236 3715 2304 διαφυ-

2137 2328 2444 2392 λάττοντος.
2502 2330 2614 2383 Καὶ
2655 2328 2764 2398 γάρ
2825 2325 2972 2390 οἶδας
3007 2328 3082 2391 ὡς
3133 2328 3184 2379 εί
3226 2343 3279 2378 τι
3308 2328 3399 2378 καί
3448 2325 3717 2387 πολλάκις

2138 2420 2274 2491 πρὸς
2296 2421 2354 2473 σὲ
2380 2422 2714 2493 τραχύτερον
2745 2422 2793 2473 oi
2825 2419 2922 2492 τὴν
2959 2420 3271 2491 Ῥωμαϊκὴν
3293 2419 3567 2489 βασιλείαν
3604 2418 3720 2470 διέ-

2138 2532 2335 2578 ποντες
2368 2515 2463 2567 σὺν
2491 2514 2610 2585 Θεῷ
2658 2515 2929 2585 ἔγραψαν,
2951 2515 3012 2567 οὐ
3056 2515 3184 2585 παρ’
3210 2513 3415 2565 ἑαυτῶν
3441 2512 3521 2574 είς
3553 2509 3719 2565 τοῦτο

2140 2608 2486 2678 κεκίνηνται,
2536 2607 2673 2660 ἀλλὰ
2734 2606 2830 2659 σοῦ
2876 2606 3186 2677 γράψαντος
3230 2604 3265 2660 ὃ.
3308 2605 3384 2676 μὴ
3431 2602 3716 2677 προσῆκον

2141 2697 2379 2769 ὑπῆρχε,
2407 2697 2501 2751 καὶ
2533 2698 2685 2751 αὐτοὶ
2730 2698 2867 2768 πρὸς
2897 2698 2957 2752 τὸ
2999 2698 3335 2769 τραχύτερον
3374 2694 3718 2750 διατυπῶσαι

2139 2789 2200 2840 τὸ
2225 2789 2465 2857 γράμμα
2494 2785 2927 2858 ὲξεϐιάσθησαν⁶
2966 2787 3107 2840 ὥστε
3142 2789 3175 2859 ή
3208 2787 3307 2858 μὲν
3346 2787 3620 2859 τραχύτης
3652 2788 3718 2838 ὲκ

2141 2879 2251 2930 τῶν
2282 2879 2389 2931 σῶν
2415 2878 2626 2951 ὕϐρεων
2651 2880 2919 2950 λαμϐάνει
2950 2881 3049 2952 τὴν
3064 2881 3338 2953 ἀφορμήν.
3393 2879 3457 2933 Ἠ
3481 2880 3536 2940 δὲ
3562 2879 3719 2950 βασι-

2142 2971 2274 3040 λικὴ
2324 2970 2565 3034 διάθεσις
2613 2972 2953 3036 διασώζουσα
2999 2974 3060 3025 τὸ
3117 2976 3340 3037 οἰκεῖον,
3387 2972 3617 3040 ἀδελφόν
3657 2987 3720 3024 σε

448 3062 702 3133 ὀνομάζει
760 3062 855 3115 καὶ
911 3062 1066 3130 φίλον
1100 3060 1481 3131 ἠγαπημένον,
1523 3058 1617 3114 καὶ
1645 3060 1746 3113 ὅσα
1792 3062 2028 3134 στοργῆς
2058 3064 2155 3117 καὶ
2187 3065 2407 3143 ἀγάπης
2463 3066 2613 3118 ἐστὶν
2666 3065 2966 3137 ἀληθινῆς·
3014 3068 3107 3121 καὶ
3158 3069 3245 3121 ἵνα
3296 3067 3357 3121 τὸ
3417 3069 3525 3121 πᾶν
3551 3067 3718 3136 είπω,

449 3153 861 3224 ἀγκαλιζομένη
901 3153 1243 3223 φιλοφρόνως
1283 3147 1372 3205 οἷα
1409 3153 1594 3223 πατὴρ
1638 3153 1839 3206 οἰκεῖον
1883 3154 2019 3208 υίόν.

523 3250 645 3305 Tibi
702 3251 865 3322 igitur
914 3251 1055 3305 idem
1114 3250 1333 3303 animus
1390 3249 1733 3303 exhibendus
1794 3259 1899 3305 est.
1958 3248 2033 3303 De

2206 3250 2327 3319 Χρὴ
2358 3245 2451 3303 οὖν
2481 3250 2573 3303 καὶ
2609 3248 2668 3302 σὲ
2695 3249 2793 3318 τὴν
2818 3249 3266 3321 ὁμοίανδιάθεσιν
3285 3254 3717 3323 ἐπιδείκνυσθαι,

450 3347 594 3403 bello
626 3356 684 3401 ut
718 3345 852 3409 dixi,
888 3360 1011 3414 qua:
1045 3344 1284 3399 volueris
1312 3347 1530 3411 scribe;
1561 3344 1653 3398 sed
1683 3343 2037 3397 contumeliis

452 3442 687 3505 abstine,
726 3439 1092 3507 eumdemque
1144 3437 1406 3493 honorem
1456 3439 1508 3492 in
1557 3437 1805 3507 epistolis
1854 3451 2035 3502 serva,

453 3547 564 3597 quo
592 3541 643 3582 te
672 3528 895 3598 dignum
938 3527 1006 3579 ab
1044 3526 1373 3595 imperatore
1413 3527 1771 3597 judicandum
1805 3537 2040 3595 praeten-

452 3622 558 3676 dis.
593 3619 718 3674 Huic
752 3620 874 3680 tibi.
914 3634 947 3673 ο
987 3620 1083 3685 liii,
1119 3621 1389 3682 scribens,
1424 3628 1615 3672 notum
1653 3618 1795 3673 facio
1829 3617 1947 3672 fore
1983 3627 2041 3671 ut

453 3728 578 3781 ego,
617 3712 775 3782 quasi
818 3722 971 3781 pater
1014 3727 1138 3766 vere
1191 3727 1405 3778 amans,
1462 3721 1567 3766 tua:
1620 3712 1805 3782 gloriae
1854 3712 2042 3780 tuique

456 3805 681 3861 honoris
717 3804 1019 3869 studiosus,
1055 3813 1232 3858 tacere
1264 3804 1555 3866 noluerim,
1590 3806 1635 3858 si
1694 3803 1824 3873 quid
1858 3801 2043 3871 gloria:

457 3908 563 3953 tua:
601 3898 938 3952 contrarium
982 3896 1483 3967 inconveniensque
1532 3895 1821 3950 audierim.
1880 3891 2040 3948 Omni

457 4001 649 4047 contra
692 3991 925 4057 ratione,
966 3999 1233 4060 quantum
1267 3990 1319 4043 in
1374 4004 1460 4043 me
1504 3988 1627 4053 erit,
1665 3988 1863 4041 l'alnam
1892 3988 1959 4042 de
1993 3997 2045 4042 te

458 4085 656 4138 bonam
692 4082 911 4136 ﬁrmare
958 4080 1222 4135 conabor.
1268 4079 1411 4135 Deus
1472 4090 1653 4134 autem
1682 4077 1889 4150 gloriae,
1920 4078 2045 4132 vitae

457 4176 742 4247 pt'a'sentis
768 4184 959 4229 auctor
988 4188 1051 4228 ac
1096 4172 1291 4226 futura:
1320 4171 1689 4242 quiidcunque
1722 4171 1789 4224 ad
1810 4171 2044 4224 dedecus

467 4266 609 4336 rapit
663 4267 943 4335 impediat,
997 4274 1052 4319 et
1114 4264 1412 4336 ignominia
1463 4264 1663 4317 alliciat
1715 4261 2042 4326 daemonem,

460 4365 553 4434 qui
582 4364 651 4418 ab
681 4362 896 4433 origine
925 4377 1099 4431 usque
1126 4362 1308 4416 adhuc
1355 4377 1464 4415 non
1502 4369 1682 4415 cessat
1722 4360 2042 4413 honoratam

465 4454 559 4509 Dei
587 4464 894 4509 creaturam
938 4454 1004 4507 ad
1035 4454 1388 4523 ignominiam
1426 4452 1658 4504 trahere.
1710 4450 1849 4516 Quin
1882 4450 2044 4503 etiam

463 4546 727 4597 concedat
790 4545 932 4596 Deus
976 4556 1077 4595 nos
1128 4556 1158 4595 e
1215 4550 1483 4611 praesente
1515 4540 1646 4604 vita,
1686 4555 1811 4593 cum
1857 4548 2048 4593 sancto

2142 3343 2236 3395 καὶ
2265 3342 2339 3404 ὡς
2373 3337 2528 3394 εἷπον
2561 3342 2629 3395 τὰ
2660 3342 2757 3413 μὲν
2788 3342 2922 3395 ἄλλα
2953 3342 3046 3396 τοῦ
3090 3346 3329 3416 πολέμου
3365 3349 3597 3418 γράφειν
3628 3343 3718 3401 οἷα

2143 3431 2346 3501 βούλει,
2378 3431 2474 3495 τὰς
2497 3432 2553 3485 δὲ
2583 3431 2772 3502 ὕϐρεις
2802 3433 3046 3501 ἀφιέναι,
3073 3435 3168 3488 καὶ
3203 3438 3508 3506 προσάγειν
3533 3438 3720 3492 τοιαύ-

2142 3540 2243 3593 την
2278 3524 2449 3594 τιμὴν
2492 3524 2549 3575 ἐν
2609 3524 2688 3592 τῷ
2746 3523 2824 3595 σῷ
2850 3525 3162 3596 γράμματι,
3210 3529 3401 3594 ὁποίας
3442 3533 3531 3583 καὶ
3557 3532 3717 3595 αὐτὸς

2146 3617 2294 3686 παρά
2330 3616 2425 3668 τοῦ
2454 3615 2720 3686 βασιλέως
2752 3617 3075 3688 ἀξιούμενος
3112 3621 3499 3679 διαδείκνυσαι.
3532 3625 3721 3679 Ταῦτά

2146 3725 2227 3760 σοι
2282 3709 2502 3778 γράςςω,
2542 3709 2733 3762 τέκνον
2789 3710 2945 3779 ἐμὸν,
2986 3712 3072 3773 ἵνα
3120 3715 3213 3767 καὶ
3252 3715 3341 3768 διά
3366 3716 3523 3769 τοῦτο
3549 3718 3718 3785 γνῷς,

2145 3800 2228 3852 ὅτι
2260 3798 2333 3862 ὼς
2365 3801 2549 3869 πατὴρ
2579 3801 2796 3871 ἀληθῶς
2825 3802 3017 3872 φιλῶν,
3058 3806 3277 3877 καὶτῆς
3309 3810 3407 3877 σῆς
3436 3809 3593 3878 δόξης
3627 3813 3725 3863 καὶ

2144 3891 2311 3962 τιμῆς
2363 3893 2684 3965 κηδόμενος,
2730 3897 2787 3948 ὲν
2851 3890 2935 3959 οἷς
2972 3913 3025 3950 τι
3077 3900 3332 3951 κατανοῶ
3372 3902 3437 3969 τῇ
3466 3904 3531 3969 σῇ
3595 3900 3725 3972 δόξῃ

2146 3984 2393 4053 ἀπρεπὲς
2424 3987 2515 4038 καὶ
2556 3986 2899 4057 ἀνάρμοστον
2930 3988 2991 4041 οὕ
3022 3988 3286 4060 βούλομαι
3319 3993 3549 4062 σιωπᾷν,
3585 3992 3724 4045 ἀλλὰ

2150 4078 2316 4130 παντὶ
2347 4078 2535 4147 τρόπῳ
2576 4079 2698 4131 ὅσον
2726 4079 2806 4140 είς
2849 4079 2991 4150 ἐμὴν
3022 4076 3156 4151 ἧκεν
3185 4081 3411 4151 δύναμιν
3444 4083 3724 4153 πειρῶμαι

2146 4169 2245 4240 τὴν
2291 4170 2565 4241 ὑμετέραν
2595 4174 2871 4243 ⁸συνιστξιν
2932 4174 3201 4239 εὐδοξίαν.
3244 4174 3300 4227 Ὀ
3354 4176 3410 4228 δὲ
3442 4176 3571 4239 Θεὸς
3622 4178 3721 4245 τῆς

2148 4262 2305 4331 δόξης
2348 4267 2375 4317 ὁ
2423 4265 2521 4335 τῆς
2577 4266 2862 4337 παρούσης
2922 4266 3017 4319 καὶ
3065 4267 3163 4336 τῆς
3211 4264 3511 4336 μελλούσης
3577 4267 3727 4336 ζωῆς

2149 4355 2406 4426 χορηγὸς,
2459 4357 2621 4421 αὐτὸς
2676 4360 2858 4412 πᾶσαν
2911 4357 3112 4431 πρᾶξιν
3153 4359 3253 4430 ὅσῃ
3314 4357 3451 4429 πρὸς
3504 4358 3727 4423 ἀδοξίαν

2151 4449 2356 4514 ἀπάγει
2405 4450 2686 4519 ποιήσειεν
2747 4451 3027 4514 ἐκποδὼν,
3080 4450 3172 4503 καὶ
3224 4450 3584 4520 καταισχύνοι
3633 4454 3729 4504 τὶν

2153 4539 2389 4610 πονηρὸν
2440 4540 2694 4611 δαίμονα,
2747 4541 2805 4606 ὃς
2855 4542 2914 4606 ἐξ
2967 4544 3143 4614 ἀρχῆς
3178 4541 3464 4612 καὶμέχρι
3495 4541 3588 4596 τοῦ
3632 4541 3728 4595 νῦν

466 4634 613 4687 illius
665 4634 888 4688 decreto
943 4633 1062 4687 dies
1123 4633 1375 4697 instabit,
1443 4632 1561 4687 sine
1628 4631 2034 4700 reprehensione

2151 4634 2539 4701 καταισχύνειν
2565 4634 2665 4687 οὐκ
2706 4634 2944 4688 ἐλλείπει
2995 4635 3453 4706 διαγωνιζόμενος
3494 4636 3555 4688 τὸ
3581 4652 3731 4689 τετυο

468 4723 725 4793 migrare,
763 4733 818 4779 et
845 4740 969 4780 cum
1014 4725 1270 4779 omnibus
1314 4739 1452 4794 quos
1488 4723 1556 4777 ab
1601 4721 1903 4777 aternitate
1933 4721 2043 4791 glo-

471 4815 649 4872 rihcat
674 4818 729 4871 in
755 4817 1154 4889 incorruptibili
1192 4816 1478 4887 splendore
1503 4815 1769 4869 habitare.

2152 4723 2357 4793 γμένον
2411 4723 2505 4776 τοῦ
2558 4725 2693 4777 Θεοῦ
2727 4724 2952 4796 πλάσμα
2975 4742 2987 4756 ·
3024 4727 3116 4779 καὶ
3155 4726 3271 4797 δοίη
3312 4726 3542 4792 εὐδόξως
3578 4727 3725 4795 ὑμᾶς

2155 4815 2250 4869 καὶ
2284 4815 2384 4884 τῆς
2417 4816 2698 4885 παρούσης
2730 4820 3064 4893 μεταστῆναι
3101 4816 3247 4889 ζωῆς
3272 4818 3366 4870 καὶ
3386 4817 3540 4885 δόξης
3563 4814 3725 4867 ὁπότε

472 4912 551 4981 τῷ
604 4913 744 4983 ἁγίῳ
799 4910 968 4965 αὐτοῦ
1017 4912 1320 4984 βουλήματι
1370 4916 1646 4984 παραστῇ,
1687 4912 1781 4966 καὶ
1824 4913 1905 4977 είς
1952 4911 2053 4984 τὴν
2121 4914 2440 4982 ἀμάραντον
2480 4911 2638 4974 δόξαν
2705 4912 3130 4981 κατασκηνῶσαι
3177 4917 3274 4965 σῦν
3320 4916 3453 4966 πᾶσι
3484 4916 3594 4976 τοῖς
3626 4906 3729 4964 ἀπ’

474 5010 670 5072 αίῶνος
705 5010 799 5063 ὑπ’
827 5008 992 5061 αὐτοῦ
1023 5007 1421 5079 δοξαζομένοις.

1045 5147 1237 5204 XXVI.
1272 5148 1476 5206 Eidem.

548 5262 869 5332 Quanquam
910 5262 1235 5330 saepissime,
1267 5279 1299 5317 ο
1332 5264 1426 5327 liii,
1478 5266 1546 5320 de
1593 5266 1869 5321 communi
1912 5280 2047 5335 pace

482 5369 546 5405 ac
575 5354 749 5408 salute
795 5353 1033 5407 ﬁliorum
1093 5354 1298 5409 Christi
1351 5356 1444 5410 Dei
1489 5359 1658 5412 nostri
1714 5360 2049 5427 scripserim,

484 5444 578 5496 filii
607 5447 749 5499 enim
789 5446 907 5516 ejus
940 5454 1069 5501 sunt
1095 5447 1327 5501 Romani
1366 5460 1419 5503 et
1448 5449 1691 5519 Bulgari,
1729 5452 1901 5519 pretio
1926 5464 2052 5504 san-

485 5534 664 5602 guinis
701 5551 732 5588 e
775 5537 943 5593 latere
986 5539 1141 5594 eﬂ'usi
1185 5541 1486 5611 redempti,
1547 5554 1773 5610 uterque
1818 5544 2052 5611 populus

484 5626 605 5695 ejus
640 5626 938 5683 salvatione
972 5642 1360 5697 consecratus;
1405 5648 1717 5701 quanquam
1754 5633 2053 5701 saepissime

488 5716 557 5775 de
580 5717 859 5773 communi
885 5720 1170 5794 utriusque
1192 5723 1430 5781 nationis
1459 5722 1687 5779 utilitate
1717 5724 2051 5795 scripserim,

2703 5140 2845 5210 κεῖ.
2878 5142 2961 5208 Τῷ
2992 5144 3173 5209 αὐτῷ.

2228 5265 2286 5316 Εἰ
2328 5264 2425 5316 καὶ
2476 5260 2797 5324 πλειστάκις
2851 5260 3088 5331 ἔγραψα,
3140 5261 3332 5312 τέκνον
3367 5263 3546 5331 ἡμῶν,
3585 5267 3728 5338 ὑπὲρ

2152 5356 2249 5423 τῆς
2281 5353 2469 5422 κοινῆς
2517 5355 2742 5423 εἰρήνης
2794 5354 2889 5404 καὶ
2929 5351 3203 5420 σωτηρίας
3235 5352 3340 5404 τῶν
3359 5354 3453 5406 τοῦ
3488 5357 3729 5428 Χριστοῦ

2154 5451 2249 5502 καὶ
2279 5449 2413 5501 Θεοῦ
2442 5451 2472 5519 ἠ
2484 5450 2597 5519 μῶν
2623 5450 2846 5512 τέκνων,
2883 5449 3049 5500 τέκνα
3080 5451 3188 5518 γάρ
3215 5449 3427 5502 ἐκείνου
3467 5451 3727 5521 Ῥωμαῖοι

2152 5541 2250 5594 καὶ
2286 5542 2607 5612 Βούλγαροι,
2670 5543 2764 5594 καὶ
2820 5540 2895 5610 τῷ
2935 5540 3102 5611 τιμίῳ
3128 5542 3242 5611 ,τῆς
3285 5543 3524 5615 πλευρᾶς
3560 5544 3727 5598 ato-:95

2155 5632 2351 5702 αἵματι
2406 5632 2857 5705 ἑξηγορασμένοι,
2912 5631 3006 5683 καὶ
3050 5630 3178 5694 λαὸς
3224 5634 3374 5704 αὐτῷ
3415 5636 3729 5708 περιούσιος

2157 5724 2573 5796 ἀνατεθειμένοι
2593 5743 2605 5757 ο
2631 5726 2766 5780 ἀλλὰ
2794 5726 2903 5795 γὰρ
2954 5726 3002 5778 εί
3033 5724 3126 5778 καὶ
3151 5724 3473 5790 πλειστάκις
3511 5727 3729 5795 ἔγραψα
