3996 6208
313 353 412 418 169

1687 413 1693 421 _
1762 347 2174 408 EPISTOLE.

3474 346 3574 410 170

301 464 436 533 περὶ
468 461 564 516 τοῦ
596 426 751 531 κοινῇ
798 456 1175 528 συμφέροντος
1219 458 1469 529 ἑκατέρῳ
1504 456 1671 524 γένει,
1698 458 1791 510 καὶ
1814 462 1891 519 εἰς

2002 472 2050 514 et
2097 475 2219 529 quae
2274 459 2468 527 scripsi
2526 471 2623 526 pro
2662 456 2830 509 nihilo
2884 453 3087 509 fuerint
3140 455 3342 519 habita,
3401 474 3578 527 neque

302 556 457 608 οὐδὲν
518 552 776 621 ἐλογίσθη
832 551 903 604 τά
954 552 1088 620 παρ’
1145 549 1303 620 ἡμῶν
1348 548 1741 618 γεγραμμένα,
1788 550 1889 601 ούκ

306 649 618 718 ἀφίσταμαι
651 645 744 698 τοῦ
773 645 1035 715 γράφειν,
1074 644 1184 697 οὐδ’
1226 644 1616 711 ἀποστήσομαι
1666 644 1726 694 τὸ
1764 644 1889 711 ἐμοὶ

307 738 793 809 κεχρεωστημένον
820 736 1070 807 πληρῶν,
1102 736 1195 789 καὶ
1224 735 1346 787 ὅσον
1386 734 1512 802 ἐμοὶ
1540 734 1763 787 δυνατὸν
1793 733 1891 801 τῆς

308 829 544 900 ἀπειλῆς
571 830 788 897 ἐκείνης
806 828 911 892 ἔξω
940 827 1211 881 καθιστῶν
1240 826 1478 895 ἐμαυτὸν
1505 827 1604 896 τῆς
1634 824 1888 878 ἀπειλού-

309 941 411 993 σης
438 922 514 991 τῷ
553 924 779 974 σκοπεῖν
814 920 1162 989 τεταγμένῳ,
1201 921 1332 971 ὅταν
1356 918 1431 988 μὴ
1460 920 1559 988 τὴν
1588 918 1893 989 ἐπερχομέ-

306 1035 408 1086 νην
429 1017 706 1086 ῥομφαίαν
736 1014 1039 1082 ἀναγγείλῃ
1057 1013 1199 1066 κατά
1216 1012 1310 1065 τοῦ
1338 1012 1543 1080 ταύτην
1574 1012 1889 1079 δεχομένιυ,

305 1108 369 1173 ἐξ
397 1106 565 1161 αὐτοῦ
600 1105 662 1159 τὸ
706 1100 849 1175 αἷμα
902 1106 1186 1177 ζητεῖσθαι
1215 1105 1310 1158 τοῦ
1344 1106 1433 1158 διὰ
1467 1105 1567 1172 τῆς
1614 1104 1891 1173 ῥομφαίας

306 1199 672 1263 ἀπολωλότος.
708 1192 878 1260 Οὗτος
923 1200 951 1251 6
981 1197 1147 1268 φόϐος
1181 1198 1277 1251 καὶ
1332 1198 1600 1268 πρότερον
1648 1195 1742 1247 καὶ
1796 1193 1892 1246 νῦν

308 1294 479 1355 ποιεῖ,
499 1292 690 1343 τέκνον
717 1308 820 1361 μου
853 1291 1238 1361 ⁴ἠγαπημένον,
1279 1288 1352 1359 μὴ
1385 1290 1598 1357 σιωπᾷν
1625 1304 1636 1318 ·
1682 1288 1800 1355 ἅμα
1834 1286 1892 1338 δὲ

306 1388 404 1437 καὶ
434 1384 695 1454 λογισμός
743 1400 829 1446 τις
871 1384 965 1436 ἐπὶ
1000 1381 1093 1436 τοῦ
1119 1382 1387 1453 παρόντος
1422 1379 1641 1449 εἰσῆλθέ
1686 1395 1778 1447 με,
1808 1379 1891 1430 ὅτι

236 1524 239 1525 ν
306 1480 360 1531 εί
417 1481 512 1531 καὶ
573 1480 648 1548 μὴ
702 1477 990 1548 πρότερον,
1033 1476 1174 1530 ἀλλά
1214 1492 1278 1544 γε
1309 1474 1404 1528 νῦν
1439 1472 1566 1544 ήσὴ
1593 1472 1734 1543 καλὴ
1797 1472 1892 1525 καὶ

303 1572 517 1642 ἥμερος
552 1569 724 1640 ψυχὴ,
774 1570 877 1621 ὃσα
933 1568 1044 1637 ἐγὼ
1080 1567 1178 1638 τὴν
1212 1568 1311 1638 σὴν
1357 1566 1521 1636 φύσιν
1563 1567 1763 1635 ἐνόησα
1792 1564 1892 1632 τὴν

303 1663 499 1732 ὀλίγην
532 1662 748 1732 ἐκείνην
774 1660 925 1732 ὥραν
952 1662 1010 1712 ὲν
1114 1658 1381 1730 ἑνωθῆναι
1421 1657 1657 1729 ὑπῆρξε,
1679 1657 1892 1722 δέξεται

308 1756 517 1825 πατρὸς
542 1754 633 1807 τὸν
659 1756 775 1807 υἱὸν
804 1753 1131 1821 ἀγαπῶντος
1182 1753 1526 1822 παραίνεσιν,
1564 1750 1662 1805 καὶ
1706 1750 1892 1802 σϐέσει

306 1848 373 1900 τὸ
403 1848 517 1918 πῦρ
550 1846 645 1899 καὶ
697 1848 798 1916 τὴν
830 1846 1004 1915 φλόγα
1035 1844 1320 1918 τὴν-τέως
1353 1842 1619 1897 ἀνάπτειν
1654 1842 1893 1912 φιλονει-

309 1916 515 1994 nam
568 1944 659 1995 καὶ
706 1916 1209 2010 διαλυμαινομένην
1254 1936 1565 2006 Ῥωμαίους
1605 1934 1702 1989 καὶ
1727 1935 1891 1989 Βουλ-

307 2036 537 2104 γάρους.
601 2034 769 2088 Πάλιν
822 2033 917 2087 οὖν
963 2031 1221 2095 δυσωπῶ,
1292 2027 1455 2081 πάλιν
1486 2022 1579 2080 οὖν
1617 2026 1894 2097 παραινῶ,

306 2126 475 2179 πάλιν
510 2126 708 2197 αἵματι
751 2126 975 2195 δακρύω
1018 2126 1089 2176 τὰ
1131 2120 1376 2192 παρόντα
1418 2118 1728 2189 γράμματα
1770 2119 1894 2170 ἐπι-

309 2221 572 2274 στέλλων.
612 2221 722 2272 Καὶ
761 2220 870 2290 γὰρ
910 2219 958 2270 εί
987 2217 1252 2286 δάκρυσιν
1298 2212 1419 2267 ἀντὶ
1472 2211 1704 2282 μέλανος
1738 2210 1901 2264 δυνα-

305 2313 403 2365 τὸν
433 2314 651 2383 ὑπῆρχε
703 2312 916 2382 γράψαι
955 2311 1025 2363 τὰ
1079 2308 1411 2381 γράμματα,
1451 2305 1660 2358 ἐθεάσω
1698 2303 1765 2358 ἂν
1794 2304 1895 2373 τὴν

305 2407 418 2458 τῶν
450 2407 600 2475 ἐμῶν
629 2403 886 2474 δακρύων
922 2401 1086 2470 φύσιν
1118 2400 1195 2463 ὡς
1234 2399 1296 2452 ού
1338 2398 1495 2468 παρὰ
1547 2396 1683 2450 πολὺ
1703 2396 1921 2482 ,αἵμαε

308 2516 401 2557 to;
440 2497 753 2550 ἀποδέουσι.
785 2495 893 2547 Καὶ
916 2494 1033 2555 πῶς
1072 2493 1180 2561 γὰρ
1226 2490 1288 2544 ού
1330 2490 1510 2560 μέλλω
1552 2488 1779 2542 τοιαύτα
1807 2487 1900 2539 δά·

307 2608 459 2659 κρνα
518 2590 727 2658 φέρειν,
760 2590 890 2641 ὅταν
946 2588 1039 2639 ἐπὶ
1078 2584 1205 2638 νοῦν
1234 2581 1606 2650 ἀνανήψωμαι
1639 2581 1707 2633 τὰ
1741 2578 1891 2647 πάθη

307 2686 411 2737 καὶ
443 2685 540 2745 τὰς
603 2681 913 2753 συμφορὰς,
970 2680 1072 2749 τὴν
1124 2678 1224 2731 οὐκ
1266 2676 1497 2745 ἔχουσαν
1546 2672 1900 2743 παράδειγμα

306 2778 421 2830 τῶν
456 2777 643 2829 κακῶν
672 2775 1005 2845 τραγῳδίαν,
1050 2772 1115 2843 ἦν
1152 2768 1563 2839 ἐφιλονείκησεν
1601 2767 1628 2818 6
1656 2767 1903 2827 Σατανᾶς

1998 553 2260 617 scribere,
2293 554 2503 605 scilicet
2532 550 2715 605 debito
2750 548 2900 618 fungi
2936 563 3163 602 munere
3197 551 3458 617 cessabo;
3502 564 3578 617 et,

1996 654 2262 711 quantum
2297 644 2349 697 in
2384 661 2471 698 me
2519 643 2644 707 erit,
2682 641 3169 695 comminationem
3205 640 3459 712 effugiam
3494 643 3571 697 illi

1996 739 2087 806 qui
2121 736 2377 805 vigilandi
2410 736 2571 788 habet
2591 734 2826 788 ollicium
2884 733 3119 795 illatam,
3145 733 3353 787 scilicet
3382 738 3580 804 ipsum,

1997 847 2120 885 cum
2182 831 2421 900 gladium
2467 846 2498 884 ο
2542 846 2706 883 manu
2760 829 2996 882 tenentis
3048 838 3423 897 erumpentem
3479 846 3586 884 non

1997 922 2344 983 indicaverit,
2380 921 2663 991 sanguinis
2716 920 2958 974 hominis
2993 920 3087 989 qui
3146 922 3369 989 perierit
3417 923 3587 977 ratio-

1997 1030 2123 1068 nem
2162 1014 2526 1068 redditurum.
2564 1013 2721 1079 Quod
2758 1023 3014 1067 metuens
3055 1013 3289 1082 primum
3331 1015 3582 1079 clamavi,

1996 1121 2029 1159 ο
2064 1106 2135 1159 tili
2190 1105 2420 1168 dilecte,
2466 1113 2520 1157 et
2565 1118 2710 1158 nunc
2751 1105 2961 1169 clamo;
3018 1103 3297 1173 simulque
3334 1106 3448 1161 lucc
3498 1123 3587 1162 me

1995 1194 2363 1249 consideratio
2408 1195 2630 1258 invasit,
2698 1204 2935 1248 mentem
2997 1205 3144 1249 tuam
3196 1196 3485 1251 honestam
3532 1208 3588 1253 et

1997 1297 2363 1352 mansuetam,
2397 1296 2457 1341 ut
2488 1288 2607 1357 ejus
2641 1297 2893 1341 naturam
2935 1304 3031 1356 per
3064 1289 3324 1357 exiguum
3370 1299 3588 1360 tempus

1996 1396 2106 1449 quo
2141 1390 2319 1433 tecum
2352 1379 2579 1449 c0utigit
2627 1381 2835 1434 versari
2887 1381 3152 1449 cognovi,
3204 1382 3544 1437 hortationes
3569 1420 3585 1444 .

1996 1472 2098 1527 etsi
2127 1472 2281 1541 prius
2309 1488 2417 1525 non
2458 1473 2751 1541 acceperit,
2799 1472 2970 1540 patris
3002 1472 3170 1527 lilium
3199 1474 3473 1543 diligentis
3496 1491 3589 1529 ao-

1996 1577 2281 1633 cepturam
2309 1580 2453 1630 esse,
2486 1567 2781 1634 ignemque
2814 1565 3226 1629 restinctnram,
3271 1567 3366 1635 qui
3397 1568 3591 1620 ιιοιιιαο

1999 1673 2100 1711 nos
2136 1672 2200 1712 ac
2252 1657 2520 1728 Bulgaros
2577 1657 2775 1710 misere
2825 1656 3162 1727 aggreditur.
3212 1659 3411 1712 Iterum
3455 1676 3589 1729 sup-

1999 1750 2140 1819 plico
2161 1789 2176 1814 ,
2205 1750 2403 1804 iterum
2459 1750 2666 1814 hortor,
2723 1753 2920 1806 iterum
2951 1753 3279 1823 sanguineas
3316 1753 3588 1829 lncrynias

1995 1841 2243 1907 elIundo,
2278 1852 2581 1911 praesentes
2613 1846 2824 1898 litteras
2856 1846 3101 1899 mittens.
3134 1843 3190 1899 Si
3223 1846 3369 1899 enim
3407 1848 3588 1917 lacry-

1995 1928 2101 1983 mis
2162 1929 2281 1984 loco
2336 1932 2621 1985 atramenti
2664 1933 2956 1987 scribendo
3009 1934 3086 1988 uti
3152 1950 3404 2004 possem,
3440 1938 3590 1992 vide-

1996 2036 2084 2076 res
2114 2021 2382 2092 lacrymas
2421 2039 2568 2079 meas
2593 2025 2738 2079 haud
2787 2027 3019 2081 multum
3056 2029 3348 2084 atramenti
3392 2040 3587 2085 natura

1998 2113 2319 2168 dissimiles.
2359 2114 2424 2168 Et
2458 2116 2734 2183 quomodo
2767 2116 2902 2171 tales
2954 2117 3228 2189 lacrytnas
3268 2134 3378 2173 non
3415 2120 3591 2175 eﬂ‘nn-

1998 2206 2146 2271 dam,
2183 2222 2307 2261 cum
2346 2206 2400 2259 in
2434 2216 2667 2261 mentem
2716 2222 2916 2263 revoco
2971 2210 3281 2266 horrendos
3323 2220 3585 2277 eventus.

1995 2297 2156 2352 istam
2193 2299 2352 2368 cujus
2386 2315 2493 2353 non
2526 2301 2832 2371 exemplum
2862 2310 2946 2357 est
2975 2303 3353 2359 calamitosam
3386 2313 3591 2376 tragic-

1996 2392 2167 2459 diam,
2201 2408 2364 2461 quam
2418 2394 2653 2449 Satanas
2687 2394 2996 2451 Christiano
3051 2398 3338 2467 sanguine,
3389 2411 3444 2453 et
3485 2415 3589 2454 cx—

1996 2482 2182 2549 dibus,
2218 2494 2271 2538 et
2299 2494 2447 2538 tanta
2485 2486 2880 2555 cpiscOpalium
2916 2489 3357 2555 domiciliorum,
3392 2505 3588 2544 mona-

1998 2575 2310 2640 steriorum,
2365 2577 2815 2647 privatarumque
2862 2581 3151 2633 domorum
3216 2582 3589 2639 destruetione

2000 2672 2056 2722 in
2078 2668 2245 2721 vitam
2285 2668 2631 2724 introducere
2664 2681 2895 2727 conatus
2924 2682 3028 2737 est,
3054 2674 3264 2741 tristem
3295 2676 3373 2731 sic.
3397 2676 3591 2732 futurae

2001 2761 2341 2830 generationi
2377 2776 2572 2827 parans
2611 2762 2937 2818 historiam?

307 2870 368 2935 ἐξ
408 2869 659 2937 αἱμάτων
688 2865 1110 2937 Χριστιανικῶν,
1138 2863 1233 2916 καὶ
1269 2860 1517 2930 σφαγῶν,
1574 2858 1670 2911 καὶ
1721 2855 1950 2925 ὀλέθρου
1994 2852 2255 2905 τοσούτου
2316 2852 2715 2917 ἐπισκοπείων,
2789 2857 3211 2925 μοναστηρίωνς
3299 2860 3588 2941 Ξδιωτικιὶν

305 2964 498 3028 οἴκων,
532 2964 612 3025 εἰς
672 2961 762 3014 τὸν
819 2960 932 3030 βίον
979 2958 1317 3043 εἰσαγαγεῖν,
1350 2954 1447 3019 καὶ
1477 2951 1554 3022 τῷ
1599 2951 1902 3021 μετέπειτα
1935 2947 2091 3014 γένει
2119 2945 2220 3013 τὴν
2260 2946 2519 3015 τοιαύτην
2590 2948 2958 3018 παραπέμπει
3011 2950 3331 3021 διήγησινςατ
3402 2984 3409 2995 ι

382 3134 485 3186 Διά
551 3133 732 3198 τοῦτο,
799 3133 882 3185 υἱέ
949 3148 1049 3201 μου
1102 3131 1457 3201 ἡγαπημένε,
1502 3128 1539 3182 ἃ.
1581 3127 1720 3198 πρὸς
1771 3125 1898 3187 τοὺς

2078 3126 2271 3197 Itaque
2295 3166 2309 3191 ,
2347 3128 2420 3182 ﬁli
2451 3130 2668 3195 dilecte,
2699 3146 2821 3200 qua:
2851 3148 2981 3189 cum
3032 3133 3457 3203 imperatoribus
3495 3154 3593 3191 no-

309 3223 628 3290 θεοστεφεῖς
659 3220 815 3291 ήμῶν
849 3220 1088 3291 βασιλεῖς
1145 3219 1366 3291 γλώσσῃ
1418 3217 1898 3289 προσφθέγγομαι,

308 3313 488 3367 ταῦτα
512 3315 607 3367 καὶ
628 3314 715 3367 σοὶ
738 3312 813 3383 τῷ
842 3314 1134 3384 γράμματι
1161 3311 1506 3381 διαλέγομαι.
1526 3308 1898 3377 Ἀποδλέψατι

310 3407 452 3475 πρὸς
478 3406 540 3459 τὸ
566 3406 662 3474 τῆς
703 3406 929 3475 εἰρήνης
975 3404 1203 3473 ἀγαθὸν,
1235 3402 1583 3471 ἀποϐλέψατε
1630 3400 1770 3470 πρὸς
1803 3400 1901 3470 τὴν

309 3514 425 3548 των
464 3496 729 3566 ὑπηκόων
765 3495 1067 3564 σωτηρίαν,
1106 3496 1182 3564 μὴ
1209 3494 1533 3563 ἐπιμείνητε
1569 3495 1634 3562 τῇ
1664 3491 1900 3562 κακίστη

313 3589 646 3659 φιλονεικίᾳ.
711 3589 846 3657 μηδὲ
900 3587 1283 3658 προτιμήσητε
1327 3586 1425 3648 τὰς
1461 3585 1676 3653 σφαγὰς
1710 3583 1805 3636 καὶ
1834 3583 1901 3637 τὰ

313 3683 549 3750 αἵματα,
583 3682 681 3743 τὰς
746 3681 995 3750 χηρείας,
1026 3681 1122 3743 τὰς
1165 3678 1451 3741 ἀπαιδείας
1475 3694 1488 3708 ·
1517 3676 1900 3747 ἀναμνήσθητε

314 3774 428 3823 τῶν
483 3772 668 3824 καλῶν
725 3775 1067 3842 πραγμάτων
1121 3772 1215 3824 καὶ
1263 3772 1516 3841 ἡδίστων,
1565 3771 1667 3823 ὃσα
1705 3771 1767 3822 ὲκ
1801 3771 1902 3839 τῆς

317 3867 544 3934 εἰρήνης
608 3865 907 3933 Ῥωμαίοις
982 3864 1076 3917 καὶ
1134 3862 1466 3933 Βουλγάροις
1534 3864 1898 3932 περιεγίνετο.

330 3956 474 4010 Ἀλλ’
504 3958 556 4009 οἱ
600 3958 698 4024 μὲν
732 3958 838 4008 τῶν
880 3955 1168 4025 Ῥωμαίων
1204 3953 1443 4023 βασιλεῖς
1484 3972 1650 4021 φασιν
1692 3955 1899 4023 ἕτοιμοι

320 4050 647 4120 πειθαρχεῖν
679 4052 745 4120 τῇ
775 4049 1122 4119 παραινέσει,
1159 4048 1254 4100 καὶ
1292 4048 1543 4116 δέχονται
1590 4048 1688 4115 τὴν
1725 4048 1901 4117 παρά-

320 4142 538 4212 κλησιν,
575 4142 670 4193 καὶ
722 4142 782 4193 οὗ
834 4138 1269 4209 μνησικακοῦσιν
1299 4138 1409 4190 οὐδ’
1443 4136 1767 4206 ἐπιζητοῦσι
1810 4140 1901 4189 τὸν

322 4235 559 4304 πόλεμον
588 4234 690 4295 ἔτι,
723 4231 825 4285 κάν
856 4232 1005 4284 δεινά
1031 4232 1183 4302 παρὰ
1215 4230 1542 4300 Βουλγάρων
1573 4228 1899 4291 πεπόνθασι,

320 4322 423 4375 κᾶν
455 4322 650 4374 ἐλπίδα
684 4312 944 4391 φέρουσιν
970 4320 1030 4384 ἐξ
1064 4315 1138 4373 ὧν
1163 4319 1366 4382 ἀδίκως
1423 4318 1740 4388 ὑπέστησαν
1770 4316 1901 4388 παρ’

320 4415 498 4484 ὑμῶν,
529 4415 621 4467 καὶ
651 4413 710 4477 ἐξ
751 4408 824 4466 ὧν
868 4412 1044 4466 ἱκανοὶ
1091 4413 1326 4483 μάλιστα
1371 4414 1511 4483 μετὰ
1558 4412 1656 4482 τῆς
1691 4411 1900 4466 ἀνωθεν

320 4507 695 4578 δικαιοσύνης,
742 4506 1141 4559 ἀνακαλεῖσθαι
1187 4508 1286 4577 τὴν
1340 4507 1553 4561 ἑαυτῶν
1605 4504 1680 4570 ὡς
1745 4509 1902 4578 ὑμεῖς

320 4600 574 4669 νομίζετε
638 4599 904 4652 κάκωσιν.
951 4598 1019 4651 Σὲ
1053 4598 1110 4651 δὲ
1156 4598 1294 4669 πρὸς
1339 4599 1439 4667 τὴν
1481 4598 1677 4668 ὁμοίαν
1729 4616 1901 4652 κατα·

325 4693 519 4761 στῆναι
557 4690 783 4761 γνώμην
810 4691 1067 4755 δυσωπῶ,
1096 4694 1188 4743 καὶ
1228 4690 1520 4745 ἀναλαϐεῖν
1548 4692 1905 4763 ὅμοιον-φρό-

323 4799 510 4851 νηεια,
570 4784 666 4835 καὶ
730 4782 1067 4852 ἁρκεσθῆναι
1142 4785 1255 4845 τοῖς
1317 4783 1560 4851 φθάσασι
1622 4784 1899 4852 χαλεποῖς.

335 4874 541 4936 Ἱκανὸς
582 4874 691 4943 γὰρ
730 4873 757 4925 6
789 4871 1184 4942 παρεληλυθὼς
1232 4872 1444 4943 χρόνος,
1479 4872 1681 4942 μᾶλλον
1723 4872 1778 4924 δὲ
1811 4872 1905 4925 καὶ

326 4968 477 5035 πέρα
496 4962 592 5018 τοῦ
628 4964 819 5018 ἱκανοῦ
849 4964 1121 5027 τοσαύτας
1159 4965 1576 5035 δημιουργήσας
1619 4965 1904 5035 συμφορὰς

231 5089 235 5093 -
324 5060 722 5129 ὰνεπιλήστονς
784 5057 990 5127 μεταξὺ
1055 5055 1348 5126 Ῥωμαίων
1399 5057 1493 5109 καὶ
1553 5055 1902 5124 Βουλγάρων.

337 5152 740 5223 Ἐνθυμήθητι,
768 5154 959 5204 τέκνον
997 5168 1119 5221 μου,
1149 5153 1259 5203 τῶν
1293 5149 1633 5218 Ἐκκλησιῶν
1655 5149 1748 5202 τοῦ
1767 5148 1904 5202 Θεοῦ

325 5248 423 5316 τὴν
482 5245 802 5309 ἀπώλειαν,
838 5244 959 5297 ὅσαι
1007 5244 1087 5306 είς
1142 5243 1296 5307 τάξιν
1340 5244 1733 5307 ὲπισκοπείων,
1782 5243 1905 5297 ὅσαι

328 5337 734 5407 μοναστηρίων,
789 5336 882 5387 τὸν
941 5336 1104 5405 φόνον
1160 5336 1268 5388 τῶν
1307 5336 1518 5406 ἱερέων,
1553 5335 1653 5403 τὴν
1699 5334 1905 5405 φθορὰν

324 5429 433 5480 τῶν
464 5425 897 5495 παρθένων,τῶν
929 5422 1384 5495 μοναζόντωντὴν
1409 5420 1589 5493 ὓϐριν.
1613 5422 1705 5493 Μὴ
1734 5422 1904 5476 ταῦτα

328 5522 642 5591 παρόψεται
675 5520 702 5570 6
724 5517 888 5583 336;;
929 5517 1058 5588 Οὐχὶ
1113 5518 1213 5587 τὴν
1245 5515 1630 5587 μακροθυμίαν
1676 5516 1744 5587 ἢν
1775 5518 1906 5568 ἒπε-

327 5615 539 5680 δείξατο
613 5614 778 5683 μέχρι
854 5612 948 5663 τοῦ
1006 5612 1275 5680 παρόντος
1335 5610 1411 5673 ὡς
1498 5608 1902 5680 φιλάνθρωπος,

330 5707 401 5768 ιῖςς
454 5704 778 5768 ἀνεξίκακος
846 5702 946 5772 τὴν
1006 5703 1343 5772 ἐπιστροφὴν
1406 5701 1716 5769 ἀναμένων,
1773 5702 1906 5771 πρὸς

331 5799 496 5869 ὀργὴν
542 5795 946 5865 ἐκκαύσῃςκαὶ
1004 5794 1104 5864 τὴν
1145 5794 1427 5863 ἐκδίκησιν
1484 5794 1583 5865 τῆς
1636 5793 1907 5865 τοσαύτης

694 5896 963 5955 Ρλτιιοι..
1007 5896 1124 5954 Gn.
1171 5891 1331 5955 CXI.

2004 3218 2136 3272 stris
2167 3234 2197 3273 a
2241 3219 2350 3275 Deo
2383 3222 2659 3276 coroitatis
2684 3221 2918 3292 loquens
2951 3225 3193 3293 profero,
3222 3228 3410 3282 eadem
3443 3245 3588 3284 nunc

2006 3317 2186 3363 tecum
2226 3311 2496 3381 epistulis.
2545 3313 2820 3381 Respicite
2849 3314 2916 3368 ad
2948 3314 3101 3385 pacis
3153 3314 3383 3383 bonum,
3419 3319 3592 3388 reSpi-

2005 3400 2112 3455 cite
2144 3400 2209 3454 ad
2243 3401 2589 3456 subditorum
2632 3404 2888 3470 salutem,
2929 3420 3105 3475 nrque
3134 3407 3332 3472 credes,
3363 3410 3590 3477 sangui-

2005 3507 2151 3557 nem,
2202 3492 2515 3557 viduitates,
2561 3496 2940 3565 orhitatesque
2985 3500 3359 3568 anteponatis.
3409 3499 3592 3555 llonr-

2006 3593 2215 3638 starum
2256 3594 2650 3654 gratarumque
2708 3603 2891 3641 rerum
2936 3601 3290 3654 mementote,
3356 3608 3478 3661 qua)
3523 3609 3590 3647 οι

2004 3690 2139 3743 pace
2170 3674 2434 3730 Romanis
2464 3684 2528 3731 ac
2550 3675 2800 3747 Bulgaris
2822 3681 3124 3750 contigere.
3157 3682 3384 3738 Romani
3424 3689 3591 3754 proli-

2006 3775 2188 3821 tentur
2208 3766 2573 3837 imperatores
2592 3786 2651 3825 se
2671 3770 3076 3829 bortationibus
3099 3776 3588 3847 obtemperaturos,

2003 3863 2168 3915 verba
2198 3871 2387 3917 nostra
2420 3875 2769 3933 acerapturos,
2803 3865 3038 3938 injurias
3069 3868 3357 3936 oblituros,
3414 3890 3591 3944 neque

2004 3952 2205 4006 bellum
2239 3953 2448 4009 diutius
2479 3958 2836 4024 quaesituros,
2879 3976 3193 4033 quanquam
3227 3981 3257 4018 a
3287 3967 3441 4022 vobis
3468 3985 3591 4038 gra-

2004 4045 2089 4098 via
2121 4046 2265 4114 passi
2310 4046 2442 4111 sint,
2498 4063 2761 4119 spemque
2800 4052 3039 4107 habeant
3094 4070 3153 4110 se
3198 4072 3263 4110 ex
3303 4058 3372 4112 iis
3402 4060 3589 4126 rebus,

2003 4153 2141 4206 quas
2172 4153 2202 4191 a
2228 4142 2383 4193 vobis
2429 4140 2631 4209 injuste
2654 4154 2780 4196 sunt
2805 4146 3033 4213 experti,
3062 4142 3442 4215 sufﬁcientem,
3473 4168 3588 4207 cm-

2006 4229 2124 4283 Iesti
2162 4230 2438 4301 imprimis
2482 4233 2696 4303 justitia
2736 4236 3057 4306 adjuvante,
3100 4255 3193 4305 per
3226 4242 3374 4296 illam
3410 4246 3587 4314 ipsam

2004 4338 2168 4390 quam
2230 4339 2453 4392 pravam
2514 4326 2844 4383 existimatis
2903 4333 3235 4400 potentiam,
3291 4335 3588 4392 vind.ctam

2006 4424 2348 4485 sumpturos.
2379 4415 2455 4472 Te
2479 4426 2660 4473 autem
2689 4421 2936 4490 supplico
2958 4435 3015 4478 ut
3038 4426 3228 4482 eadem
3250 4439 3429 4483 mente
3455 4440 3589 4495 stes,

1941 4513 1980 4564 D
2012 4507 2260 4562 eamdem
2298 4509 2495 4565 induas
2538 4513 2915 4580 prudentiam,
2970 4519 3353 4589 prmteritaque
3394 4523 3590 4577 damna

2010 4601 2148 4654 satis
2179 4601 2403 4657 habeas.
2436 4603 2584 4657 Satis
2615 4604 2759 4659 enim
2792 4619 2847 4661 et
2893 4608 3014 4677 plus
3037 4625 3201 4678 quam
3241 4614 3378 4668 satis
3404 4628 3594 4684 praue-

2012 4694 2178 4747 rituni
2240 4703 2458 4765 tempus
2496 4707 2604 4761 est,
2655 4713 2765 4768 quo
2817 4708 2896 4754 tot
2955 4701 3056 4757 ista
3111 4714 3240 4758 sunt
3277 4706 3591 4765 discimina

2012 4782 2290 4841 Romanos
2327 4788 2471 4842 inter
2518 4798 2573 4843 et
2605 4789 2887 4861 Bulgaros,
2925 4809 3048 4863 qua:
3084 4812 3247 4852 nemo
3277 4814 3408 4854 sane
3453 4804 3591 4857 obli-
3670 4860 3673 4863 ,

2013 4876 2271 4932 viscetur.
2308 4878 2543 4949 Reputa,
2577 4897 2609 4934 ο
2654 4883 2730 4937 ﬁli
2762 4883 3132 4942 Ecclesiarum
3173 4888 3287 4956 Dei,
3318 4908 3441 4945 cum
3474 4896 3593 4959 cpi-

2013 4970 2336 5037 scopalium,
2354 4980 2467 5025 tum
2483 4975 2945 5029 monasterialium
2959 4980 3326 5044 eversionem,
3342 4985 3593 5037 sacerdo-

2015 5071 2129 5115 tum
2161 5062 2358 5130 cazdes,
2394 5064 2671 5134 virginum
2725 5072 3121 5138 stuprationes,
3152 5073 3443 5147 illatasque
3478 5092 3593 5130 mo.

2013 5153 2205 5208 nachis
2267 5154 2519 5223 injurias.
2566 5156 2731 5213 ‘Num
2803 5160 2951 5218 Deus
3024 5164 3126 5219 ista
3181 5167 3591 5235 pmtermittet?

2012 5241 2224 5312 Nonne,
2261 5262 2423 5316 quam
2461 5250 2733 5323 benignus
2775 5256 3133 5326 patiensque,
3175 5260 3588 5317 conversionem

2013 5340 2420 5408 exspectando,
2468 5343 2748 5410 ostendit,
2806 5346 3270 5417 longanimitatem
3332 5348 3386 5403 in
3452 5351 3589 5408 iram

2014 5430 2307 5486 accendet?
2350 5430 2542 5488 Nonne
2576 5435 2837 5492 ultionem
2871 5447 2979 5492 tam
3013 5450 3365 5497 cruentarum
3397 5456 3590 5501 conta-

2015 5524 2374 5579 minationuin
2408 5530 2801 5598 persequetur?
2838 5530 2975 5596 Quis
3024 5531 3091 5585 de
3143 5532 3263 5590 istis
3305 5552 3413 5592 non
3454 5554 3590 5593 con-

2016 5614 2237 5681 sentiat,
2256 5615 2552 5671 dummodo
2574 5619 2646 5672 illi
2671 5620 2834 5674 salvae
2854 5621 2967 5674 sint
2990 5622 3127 5676 ratio
3152 5634 3205 5677 et
3224 5629 3592 5684 conscientia?

2014 5706 2154 5759 Audi
2211 5722 2319 5770 me,
2362 5723 2394 5762 ο
2448 5706 2543 5762 Dei
2601 5722 2878 5775 creatura,
2922 5715 3047 5767 audi
3103 5717 3345 5782 Patrem,
3400 5721 3492 5789 qui
3538 5733 3587 5776 te

2015 5806 2276 5867 tuamque
2323 5806 2537 5867 gentem
2592 5800 2784 5871 diligit.
2834 5801 2976 5860 Deus
3024 5807 3170 5863 enim
3230 5811 3332 5864 scit
3373 5827 3459 5864 me
3491 5825 3586 5864 vos

3236 5906 3268 5964 6
