3996 6208
403 364 502 431 Ῑῖι

1527 335 1835 415 Νιοοίλι
1880 355 1992 414 cr.
2033 349 2541 412 PATtuAnmn;

3537 337 3640 404 ΓΞ

393 479 639 548 diligere,
667 483 740 537 et,
773 481 832 526 ut
872 469 938 523 de
991 466 1283 528 Romanis,
1336 465 1413 520 sic
1451 466 1519 519 de
1556 464 1807 536 Bulgaris
1864 467 1956 520 do-

2076 464 2263 529 ἐπάξει
2322 463 2675 531 μιαιφονίας;
2724 461 2833 514 Καὶ
2872 462 2952 523 τίς
3004 461 3071 513 ἀν
3138 460 3362 531 λογικὴν
3424 457 3642 509 σύνεσιν

392 564 522 625 lere.

2070 555 2373 619 ἀποσώζων
2416 556 2475 606 οὐ
2533 553 2889 623 συνθήσεται;
2961 553 3300 607 Ἐπάκουσον
3337 550 3518 623 ήμῶν,
3552 548 3647 604 ἆν-

389 665 572 733 aptans
635 655 729 711 τοῦ
792 653 950 718 Θεοῦ,
999 651 1234 704 ἄκουσον
1295 648 1508 719 Πατρὸς
1560 648 1887 716 ἀγαπῶντος
1947 664 2006 701 σε
2033 648 2128 700 καὶ
2176 648 2233 699 τδ
2287 646 2379 698 σὺν
2426 644 2616 707 ἔθνοςι
2685 645 2713 696 ὁ
2756 642 2888 707 Θεὸς
2942 642 3050 713 γὰρ
3098 639 3242 697 οἶδεν
3296 643 3382 696 ὃτι
3440 642 3647 711 ἀγαπῶ

383 759 556 828 ὑμᾶς,
587 755 680 805 καὶ
712 748 865 817 ἀλγῶ
895 745 1076 809 καθὼς
1111 744 1251 816 ὑπὲρ
1294 743 1404 796 τῶν
1447 743 1759 811 Ῥωμαίων,
1794 742 1969 806 οὕτως
2001 743 2096 795 καὶ
2127 740 2267 810 ὑπὲρ
2291 739 2640 809 Βουλγάρων,

455 852 707 902 Attamen
741 843 807 897 de
837 838 1096 894 Romanis
1122 837 1320 890 bonam
1350 837 1645 905 quamdam
1677 852 1827 904 spem
1868 837 1967 889 ha.

388 945 513 1000 beo.
558 952 681 992 cum
718 935 838 988 illos
871 930 1164 987 considero
1211 928 1414 993 iniusta
1458 928 1754 997 patientes,
1790 926 1969 980 sciens

299 1024 305 1043 ¹
388 1036 556 1089 Deum
617 1032 822 1100 injuste
884 1024 1221 1096 patientibus
1279 1022 1332 1075 in
1410 1020 1682 1074 auxilium
1744 1019 1965 1083 venire,

386 1125 605 1197 quando
617 1138 681 1177 ex
703 1114 1333 1189 sapientissimojudicio
1351 1112 1547 1182 placet.
1565 1121 1620 1166 et
1637 1110 1968 1180 quandoque

387 1218 597 1273 diutius
628 1220 967 1282 exspectare,
1022 1216 1082 1261 ut
1128 1207 1435 1261 revelentur
1463 1204 1780 1274 patientium
1826 1204 1967 1273 inju—

387 1312 502 1365 riae.
548 1307 621 1361 De
653 1304 901 1371 Bulgaria
923 1316 1052 1355 vero
1086 1299 1294 1353 nullam
1326 1297 1545 1359 bonam,
1575 1295 1677 1350 etsi
1710 1294 1965 1349 conside-

387 1413 584 1462 ratam,
623 1414 771 1468 spem
803 1398 995 1450 habeo.
1024 1392 1283 1461 Undique
1317 1391 1461 1444 enim
1499 1389 1653 1443 vobis
1682 1387 1963 1442 fortunam

386 1497 571 1551 favere
599 1492 948 1563 praasumitis.
978 1486 1118 1553 Quid
1164 1494 1345 1537 autem
1386 1497 1475 1537 res
1526 1496 1799 1552 prospera:
1851 1481 1970 1534 sine

383 1589 610 1659 justitize
670 1582 874 1638 auxilio
912 1582 1057 1635 Asiae
1116 1576 1271 1631 fuere
1321 1585 1530 1646 gentes,
1560 1590 1681 1644 qua:
1711 1587 1972 1643 prospere

388 1684 454 1737 ad
489 1692 700 1749 tempus
732 1691 817 1730 res
841 1689 970 1728 suas
993 1678 1266 1742 gerentes,
1295 1669 1424 1722 dum
1465 1668 1801 1721 incrementa
1831 1678 1969 1718 nova

386 1780 709 1844 sperarent,
782 1768 915 1836 ipsis
968 1766 1185 1818 demum
1245 1758 1854 1826 bellatoriisieonsiliis
1918 1756 1971 1810 in

2150 833 2314 884 Ἀλλὰ
2348 833 2475 899 περὶ
2516 831 2615 900 μὲν
2643 828 2753 882 τῶν
2786 829 3077 901 Ῥωμαίων
3108 831 3217 901 ἔχω
3246 829 3400 893 τινὰς
3423 831 3647 895 ἐλπίδας

2069 924 2465 995 χρηστοτέρας,
2536 923 2869 976 ἀποϐλέπων
2920 924 2996 986 ὼς
3036 924 3200 978 ἄδικα
3230 924 3523 993 πάσχουσι,
3554 927 3651 976 καὶ

2068 1017 2227 1081 εἰδὼς
2255 1017 2337 1069 ὅτι
2377 1016 2465 1068 ἀεὶ
2494 1018 2607 1077 τοῖς
2642 1015 3029 1083 ἀδικουμένοις
3058 1014 3193 1077 θεὸς
3225 1015 3487 1085 ὑπερέχει
3518 1015 3650 1085 βοη-

2070 1109 2221 1172 θείας
2270 1112 2450 1177 χεῖρα,
2512 1109 2672 1161 ὁπότε
2724 1110 2984 1177 παραστῇ
3019 1110 3085 1178 τῇ
3120 1108 3314 1161 τούτου
3352 1109 3652 1179 ὑπερσὸιρῳ

2072 1202 2273 1273 κρίσει.
2313 1202 2423 1253 Καὶ
2447 1200 2619 1254 ἐνίοτε
2639 1201 3007 1255 ἀναϐάλλεται
3028 1202 3128 1271 τὴν
3151 1200 3451 1271 ὑπομονὴν,
3479 1202 3652 1253 ἐκκα-

2074 1293 2300 1346 λύπτειν
2336 1293 2664 1362 βουλόμενος
2704 1293 2814 1346 τῶν
2840 1293 3257 1364 πασχόντων.τά
3297 1293 3480 1346 ἄδικα.
3516 1294 3653 1365 Περὶ

2075 1386 2404 1455 Βουλγάρων
2426 1386 2527 1439 οὐκ
2564 1386 2674 1456 ἔχω
2714 1386 2839 1439 τινὰ
2879 1386 3261 1456 χρηστοτέραν
3288 1385 3480 1437 ἐλπίδα
3515 1386 3654 1438 θεω-

2070 1480 2379 1552 ρουμένην·
2437 1482 2656 1546 ἐδόξατε
2708 1483 2820 1553 γὰρ
2869 1482 3129 1551 εὐτυχίαν
3171 1482 3293 1534 τινά
3365 1480 3655 1550 περιϐαλέ-

2070 1576 2218 1631 σθαι.
2264 1574 2427 1628 Ἀλλὰ
2448 1574 2503 1627 τί
2543 1575 2604 1628 τὸ
2636 1575 2945 1647 εὐτύχημα,
2980 1576 3111 1628 ὅταν
3138 1577 3238 1627 οὐκ
3271 1573 3384 1644 ἔχει
3415 1592 3653 1644 στρατη-

2069 1666 2273 1736 γοῦσαν
2289 1668 2388 1737 τὴν
2413 1667 2795 1737 δικαιοσύνην;
2829 1667 3033 1738 Συνέϐη
3071 1667 3162 1720 καὶ
3193 1667 3329 1721 ἄλλα
3360 1667 3490 1738 ἔθνη
3516 1669 3656 1721 κατὰ

2070 1761 2309 1830 καιρούς
2338 1778 2491 1824 τινας
2533 1762 2854 1831 εὐτυχῆσαι,
2894 1762 3099 1839 καὶ-ὼς
3142 1761 3403 1831 ὲνὸμισαν
3426 1758 3657 1829 αῦξηοίν

387 1869 603 1922 ruinam
636 1870 765 1916 sunt
810 1858 1099 1929 prolapsae,
1132 1863 1187 1908 et
1217 1869 1285 1907 ne
1314 1854 1555 1922 ipsarum
1599 1851 1821 1921 quidem
1869 1864 1970 1903 no-

2076 1871 2197 1909 τινα
2229 1854 2583 1923 προσλαϐεῖν,
2634 1855 2771 1907 άλλά
2815 1857 2879 1925 τῇ
2925 1853 3276 1923 φιλοπολέμῳ
3328 1852 3658 1923 προαιρέσει

383 1975 512 2013 men
542 1966 731 2010 notum
765 1950 1086 2005 hominibus
1108 1946 1397 2014 reliquere,
1423 1944 1525 1998 nisi
1559 1944 1653 2013 qui
1678 1940 1968 2003 historias,

387 2053 654 2121 colligunt
700 2059 892 2100 earum
945 2039 1268 2095 memoriam
1313 2037 1645 2106 quandoque
1688 2042 1969 2088 revocant.

392 2146 521 2200 Scio
558 2153 630 2206 te,
652 2156 683 2193 ο
716 2137 789 2191 ﬁli
823 2137 1020 2190 dilecte
1047 2131 1291 2187 scientiae
1320 2138 1673 2196 veterumque
1708 2124 1971 2178 librorum

390 2236 708 2292 studiosum
731 2245 794 2284 ea
824 2241 945 2297 quae
983 2224 1280 2279 scribimus
1331 2234 1442 2274 non
1483 2219 1752 2289 ignorare.
1806 2216 1975 2285 Igitur

390 2343 515 2382 cum
571 2337 715 2378 metu
765 2323 1057 2389 deprecor,
1110 2330 1197 2379 ne,
1232 2314 1361 2367 dum
1416 2310 1655 2366 caedibus
1706 2309 1973 2378 bellisque

386 2416 784 2479 incubueritis,
826 2411 962 2465 nihil
1032 2418 1154 2460 vota
1209 2414 1389 2460 vestra
1452 2400 1764 2473 profecerit,
1809 2401 1973 2455 male—

388 2527 499 2582 que
529 2512 599 2564 sit
644 2506 822 2559 vobis.
876 2500 992 2555 Non
1040 2501 1113 2554 ita
1161 2499 1254 2561 sit,
1291 2511 1471 2566 neque
1504 2494 1661 2550 vobis
1707 2493 1869 2548 talem
1917 2494 1971 2547 in

394 2607 556 2660 ﬁnem
584 2599 803 2656 eveniat
859 2597 1163 2655 incurrere,
1217 2593 1310 2646 sed
1355 2600 1548 2645 contra
1586 2603 1616 2643 e
1650 2588 1830 2643 medio
1866 2589 1971 2669 tul-

392 2703 576 2755 lantur
609 2693 817 2750 inimici
862 2689 1145 2751 scandala,
1184 2688 1566 2755 seminataque
1610 2683 1681 2738 ab
1708 2684 1802 2737 illo
1832 2684 1974 2736 ziza-

392 2798 500 2850 nia.
528 2792 887 2860 Bulgarorum
925 2800 1057 2853 gens
1104 2796 1296 2835 rursus
1346 2778 1550 2832 Christi
1610 2790 1797 2846 pacem
1852 2788 1974 2826 am-

391 2892 656 2959 plectens,
684 2900 710 2935 a
737 2880 959 2934 Christo
997 2876 1105 2928 Deo
1157 2883 1345 2926 nostro
1392 2870 1568 2938 capite
1596 2868 1783 2931 unico,
1815 2866 1972 2934 cujus

392 2977 626 3037 Romani
659 2984 713 3027 et
743 2969 962 3040 Bnlgari
993 2981 1195 3033 corpus
1239 2973 1387 3029 sunt,
1423 2964 1476 3017 iu
1504 2960 1836 3030 benignitate
1860 2973 1973 3014 ser-

391 3084 514 3128 vata
546 3078 600 3123 et
634 3077 792 3121 aucta
836 3065 991 3118 beate
1024 3060 1190 3112 vitam
1221 3056 1408 3126 degat.

2069 1946 2420 2017 κατέστησαν
2457 1949 2539 2010 είς
2584 1948 2801 2001 τελείαν
2852 1946 3155 2010 ἀπώλειαν,
3208 1946 3302 2000 καὶ
3335 1946 3446 1999 ουδ’
3483 1946 3658 2016 ὄνομα

2069 2042 2452 2113 περιλείπεται
2485 2046 2667 2098 αὐτῶν
2707 2045 2776 2097 τὰ
2810 2044 2905 2097 νῦν
2945 2047 3002 2097 ἐν
3031 2043 3344 2115 ἀνθρώποις
3387 2043 3658 2113 γινωσκό-

2075 2153 2260 2205 μενον,
2293 2137 2433 2207 πλὴν
2468 2138 2568 2191 ὅσα
2598 2139 2647 2191 οἱ
2689 2138 2786 2201 τὰς
2828 2139 3071 2209 ἱστορίας
3118 2138 3511 2207 ἀναλεγόμενοι
3558 2137 3660 2206 τὴν

2077 2228 2303 2299 μνήμην
2341 2229 2522 2281 αὐτῶν
2569 2230 2983 2299 περιφέρουσιν.
3043 2229 3170 2283 Οἶδα
3211 2231 3292 2282 ὅτι
3340 2232 3434 2282 καὶ
3467 2230 3655 2291 αὐτὸς,

2071 2322 2154 2373 υἱέ
2193 2339 2293 2392 μου
2322 2322 2675 2392 ἡγαπημένε,
2700 2323 3005 2395 φιλομαθὴς
3033 2323 3107 2376 ὢν
3134 2323 3231 2375 καὶ
3260 2325 3370 2375 τῶν
3406 2323 3659 2377 παλαιῶν

2071 2412 2424 2484 διερχόμενος
2458 2416 2557 2476 τὰς
2598 2412 2817 2484 βίϐλους
2855 2414 3241 2482 ἐπιγινώσκεις
3272 2414 3309 2469 ἃ
3340 2416 3656 2486 γράφομεν.

2085 2505 2426 2576 Ἀπεύχομαι
2474 2506 2681 2569 τοίνυν,
2729 2508 3003 2578 φοϐοῦμαι
3040 2509 3097 2560 δὲ
3151 2510 3248 2580 μὴ,
3286 2510 3659 2579 ἐπιμενόντων

2073 2598 2231 2668 ὑμῶν
2275 2601 2396 2661 ταῖς
2446 2601 2687 2668 σφαγαῖς
2730 2601 2825 2653 καὶ
2852 2603 2965 2663 τοῖς
2993 2599 3274 2671 πολέμοις,
3306 2602 3587 2672 ἄπρακτος
3621 2605 3655 2671 ή

2073 2691 2208 2762 εὺχὴ
2234 2695 2507 2761 καταστῆ,
2527 2691 2688 2745 τοῦτο
2714 2693 2808 2745 καὶ
2831 2692 2914 2760 ἐφ’
2938 2693 3070 2762 ὑμῖν
3105 2694 3469 2763 συμϐήσεται.
3491 2695 3657 2747 Ἀλλὰ

2076 2785 2151 2853 μὴ
2210 2784 2298 2853 εἴη
2372 2784 2607 2847 τοῦτο,’
2643 2785 2780 2855 μηδὲ
2840 2786 3105 2854 γένηται,
3178 2787 3302 2858 μηδ’
3364 2788 3660 2860 ἀπαντήσῃ

2072 2875 2424 2943 Χριστιανοῖς
2474 2872 2626 2929 οὖσιν
2676 2876 2806 2946 ὑμῖν
2846 2878 2982 2947 πρὸς
3035 2878 3278 2932 τοιοῦτον
3319 2879 3656 2949 καταντῆσαι

2071 2960 2246 3025 τέλος,
2281 2960 2415 3013 ἀλλά
2447 2962 2652 3029 μᾶλλον
2688 2965 2752 3015 ἐκ
2785 2964 2955 3034 μέσου
2997 2967 3249 3035 γενέσθαι
3275 2970 3345 3021 τὰ
3384 2969 3659 3022 σκάνδαλα

2071 3050 2108 3104 ἃ
2139 3051 2414 3105 ὑπέϐαλεν
2473 3056 2499 3106 ὁ
2532 3056 2794 3127 πονηρὸς,
2838 3058 2936 3111 καὶ
2975 3060 3072 3128 τῆς
3108 3063 3318 3125 σπορᾶς
3347 3060 3560 3113 ἐκείνου
3588 3061 3657 3112 τὰ.

394 3162 648 3229 ζιζάνια.
705 3159 800 3213 καὶ
850 3156 912 3209 τδ
961 3154 1288 3225 Βωλγάρων
1327 3151 1481 3211 ἔθνος
1533 3150 1697 3204 πάλιν
1764 3150 1864 3219 τὴν
1902 3147 1997 3201 τοῦ
2052 3148 2293 3220 Χριστοῦ
2374 3151 2597 3221 εἰρήνην
2661 3152 3091 3222 ὲπανελομένους
3158 3156 3215 3206 ἐν
3274 3155 3562 3227 εὐπαθείᾳ,
3601 3159 3659 3215 ἐν

396 3258 599 3325 εὐζωία
619 3252 885 3308 διατελεῖν
912 3251 980 3323 τῇ
1012 3248 1111 3319 μιᾷ
1141 3244 1351 3317 κεφαλῇ
1396 3243 1474 3316 τῷ
1496 3242 1720 3317 Χριστῷ
1749 3243 1842 3295 καὶ
1872 3240 1991 3312 Θεῷ
2020 3243 2201 3312 ἡμῶν,
2253 3237 2464 3305 οὗτινος
2517 3244 2610 3295 καὶ
2669 3245 2931 3315 Ῥωμαῖοι
2990 3247 3084 3299 καὶ
3161 3247 3462 3318 Βούλγαροι
3499 3252 3659 3320 σῶμα

395 3356 763 3428 τυγχάνουσι,
837 3348 936 3402 καὶ
1004 3344 1443 3414 φυλαττομένους
1504 3338 1596 3392 καὶ
1669 3337 2087 3407 αὐξανομένους.

962 3482 1181 3539 XXV”.
1218 3482 1426 3536 Eidem.

472 3625 699 3694 Quoties
744 3619 811 3675 ad
841 3628 915 3683 te,
950 3617 1023 3671 lili
1062 3618 1348 3678 honorate,
1392 3611 1633 3687 scribere
1663 3610 1974 3681 aggredior,

400 3736 523 3791 spes
555 3716 746 3771 melior
773 3727 870 3767 cor
904 3710 1114 3764 invadit
1143 3706 1530 3773 benignitatem
1562 3715 1619 3759 et
1665 3703 1976 3757 humanita-

400 3825 506 3869 tcm
558 3820 702 3864 tuam
762 3803 992 3875 epistola
1042 3814 1162 3854 mea
1208 3797 1437 3854 omnino
1492 3796 1838 3860 flectendum,
1907 3796 1975 3849 ad

400 3918 588 3977 pacem
622 3895 1012 3956 inclinantlam,
1034 3906 1228 3961 meque
1253 3892 1414 3944 linem
1447 3888 1851 3959 deprecatidnis
1882 3902 1975 3942 as-

402 4006 745 4054 secuturum.
768 3988 923 4043 Dulci
952 3984 1188 4056 quodam
1211 3998 1374 4038 sensu
1400 3982 1632 4045 allicior,
1650 3981 1827 4035 levato
1859 3980 1978 4033 ani-

403 4105 506 4145 ma:
541 4088 757 4145 dolore,
792 4083 885 4156 qui
912 4096 996 4134 me
1041 4078 1107 4133 de
1127 4076 1514 4131 communibus
1540 4073 1814 4129 Romanos
1837 4073 1980 4127 inter

402 4194 455 4239 et
496 4181 761 4249 Bulgaros
798 4176 867 4229 ab
905 4171 1103 4227 infesto
1134 4170 1351 4223 diabolo
1384 4167 1670 4223 suscitatis
1702 4166 1976 4220 discrimi-

403 4275 565 4328 nibus
600 4275 833 4338 occupat
889 4282 905 4320 :
968 4263 1157 4332 sicque
1211 4260 1458 4315 anxietas
1488 4270 1542 4314 et
1569 4258 1786 4313 alﬂictio
1823 4256 1980 4327 quasi

393 4375 727 4425 evanescere
758 4358 1031 4411 videntur.
1071 4351 1302 4420 Quando
1334 4364 1517 4406 autem
1548 4350 1837 4421 epistolam
1861 4349 1981 4419 glo-

405 4455 722 4511 rioaissimae
761 4460 863 4503 tua:
897 4447 1207 4515 maiestatis
1250 4446 1490 4513 perlego,
1526 4443 1809 4512 multiplex
1846 4440 1981 4495 mihi

405 4549 671 4607 attxietas,
723 4552 777 4596 et
816 4544 871 4593 in
908 4538 1352 4607 profundioribus
1386 4536 1790 4605 desperationis
1829 4543 1983 4588 teneo

406 4638 520 4691 bris
549 4635 765 4688 animus
809 4639 1090 4687 curvatus.
1147 4628 1222 4683 lta
1263 4643 1395 4682 sane
1441 4637 1546 4681 cst.
1581 4627 1655 4682 Ut
1691 4627 1835 4681 enim
1865 4626 1981 4679 chi-

407 4742 626 4796 rursus,
678 4724 949 4792 applicato
1000 4722 1170 4791 plaga:
1216 4719 1634 4780 medicamento,
1668 4716 1979 4771 inﬂamma-

2643 3480 2770 3534 KZ’.
2803 3478 2884 3544 Τῷ
2913 3481 3095 3546 αὐτῷ.

2159 3616 2381 3682 ὐσάκις
2418 3619 2485 3672 ἂν
2515 3622 2748 3690 ὁρμήσω
2777 3621 2910 3690 προς
2966 3622 3048 3687 σὲ,
3074 3622 3156 3674 υἰέ
3192 3641 3293 3692 μου
3345 3622 3655 3695 θεοτίμητε,

2078 3710 2333 3781 γράφειν,
2364 3711 2576 3775 ἐλπίδες
2628 3714 2992 3784 χρηστότεραι
3018 3714 3117 3787 τὴν
3145 3717 3284 3788 ἐμὴν
3315 3717 3658 3787 περιλαμϐά-

2078 3815 2227 3851 νουσι
2252 3797 2453 3868 ψυχὴν,
2481 3800 2562 3852 ὅτι
2588 3801 2803 3863 πάντως
2819 3802 2916 3872 τὴν
2950 3802 3380 3876 σὴνὴμερότητα
3412 3809 3503 3859 καὶ
3532 3804 3655 3875 φιλο

2078 3890 2395 3959 ανθρωπίαν
2426 3892 2480 3943 τὸ
2524 3892 2760 3963 γράμμα
2791 3896 3185 3965 παρακαλέσει,
3218 3898 3311 3949 καὶ
3342 3899 3479 3968 πρὸς
3508 3901 3656 3971 είρή·

2082 4000 2184 4053 νην
2204 3983 2593 4048 ὲκκαλέσεται,
2616 3986 2709 4037 καὶ
2732 3985 2792 4039 τὸ
2822 3988 2995 4057 πέρας
3023 3991 3121 4058 τῆς
3143 3991 3410 4062 αἰτήσεως
3437 3991 3658 4062 ἕξομεν,

2082 4074 2274 4142 ὥσπερ
2321 4076 2473 4140 τινος
2526 4079 2791 4144 γλυκείας
2844 4080 3171 4149 αἰσθάνομαι
3199 4082 3511 4147 διαθέσεως,
3560 4085 3659 4139 καὶ

2080 4169 2178 4238 τὴν
2215 4167 2396 4240 ψυχὴν
2458 4170 2837 4241 ἐλαφρύνομαι
2878 4172 2975 4241 τῆς
3031 4172 3223 4243 ὀδύνης
3286 4174 3353 4245 ἣν
3414 4178 3505 4228 ἐπὶ
3537 4180 3657 4239 ταῖς

2081 4263 2289 4324 κοιναῖς
2321 4268 2635 4331 συμφοραῖς
2675 4265 2970 4334 Ῥωμαίων
2999 4268 3093 4317 καὶ
3125 4266 3452 4336 Βουλγάρων
3481 4270 3653 4336 φέρω,

2079 4353 2147 4417 ἃς
2176 4357 2203 4406 ὁ
2228 4355 2617 4424 μισάνθρωπος
2673 4355 2885 4423 δαίμων
2917 4358 2998 4417 εἰς
3034 4357 3197 4425 μέσον
3250 4356 3429 4408 αὐτῶν
3478 4358 3658 4429 ἀπέῥσο

2084 4448 2234 4519 ptes,
2273 4448 2367 4499 καὶ
2394 4448 2454 4498 τὸ
2507 4446 2831 4517 σκυθρωπὸν
2863 4448 2957 4499 καὶ
2990 4450 3021 4517 ἡ
3056 4448 3327 4517 κατήφεια
3355 4450 3387 4517 ἡ
3416 4449 3505 4500 ἐπὶ
3534 4452 3658 4503 τού-

2082 4556 2197 4600 τοις
2214 4537 2404 4607 ὦσπερ
2421 4536 2571 4588 δοκ.ἰ
2596 4536 3040 4593 ἀναστέλλεσθαι.
3077 4538 3243 4590 Ὅταν
3261 4539 3318 4591 δὲ
3336 4541 3396 4593 τὸ
3417 4542 3657 4613 γράμμα

2082 4629 2181 4699 τῆς
2213 4627 2311 4695 σῆς
2350 4628 2707 4696 μεγαλοδόξου
2758 4629 2934 4699 ἀρχῆς
2989 4630 3383 4696 ἀναγινώσκων
3430 4634 3657 4706 διέρχω-

2088 4738 2207 4789 μαι,
2236 4720 2771 4783 πολλαπλασιὰζεταί
2802 4738 2893 4792 μοι
2924 4724 2983 4775 τὸ
3015 4723 3201 4791 ἄλγος,
3237 4726 3329 4778 καὶ
3356 4726 3654 4797 βαθύτερος

406 4820 555 4874 tione
609 4823 790 4870 autem
834 4822 1135 4871 crescente.
1187 4811 1442 4879 desperat
1473 4825 1537 4863 ac
1595 4809 1869 4873 turbatur,
1902 4809 1974 4862 sic

2087 4813 2114 4864 ὁ
2145 4813 2342 4881 γνόφος
2377 4813 2474 4880 τῆς
2503 4812 2741 4883 ἀθυμίας
2773 4814 2872 4883 τὴν
2898 4815 3037 4886 ἐμὴν
3077 4817 3422 4887 ὲπικάμπτει
3453 4819 3650 4891 ψυχήν.

404 4919 460 4967 et
491 4926 590 4964 nos
640 4906 896 4967 humiles,
940 4906 1182 4973 quando,
1232 4903 1477 4958 consiliis
1526 4902 1637 4958 Deo
1666 4903 1841 4967 notis,
1893 4916 1981 4955 re.

410 5004 646 5057 taedium
684 4998 841 5053 malis
872 4998 1178 5050 animarum
1210 4996 1565 5065 applicantes,
1599 5009 1784 5060 curas,
1811 5010 1984 5063 quan-

409 5108 493 5151 tas
528 5105 846 5165 possumus,
869 5089 1000 5143 nihil
1027 5089 1290 5157 prolicere
1317 5089 1581 5153 videmus,
1604 5088 1698 5143 sed
1731 5089 1983 5152 vulnera,

410 5188 501 5242 hei
529 5186 664 5241 mihi
698 5183 934 5239 misero!
966 5191 1170 5250 quanta
1196 5182 1417 5234 vulnera
1453 5182 1465 5234 l
1502 5182 1555 5234 in
1586 5182 1739 5251 pejus
1767 5184 1983 5247 cadere,

412 5285 543 5331 tunc
597 5272 908 5336 amictiona,
961 5270 1181 5324 triStitia
1226 5278 1280 5326 et
1334 5274 1527 5335 turba,
1590 5277 1761 5344 magis
1814 5288 1977 5343 quam

414 5368 523 5423 dici
560 5378 771 5434 potest,
800 5366 1107 5434 implemur,
1142 5380 1207 5421 eo
1239 5367 1408 5436 magis
1443 5364 1591 5435 quod
1631 5378 1799 5430 tuam,
1837 5384 1869 5421 ο
1908 5368 1977 5420 illi

416 5472 454 5510 ο,
478 5458 584 5509 lleo
612 5458 896 5522 honorate,
918 5458 1232 5526 praeclaram
1261 5456 1675 5522 intelligentiam
1705 5471 1811 5509 non
1838 5455 1981 5508 fama

417 5543 514 5599 sed
545 5554 730 5598 nostra
754 5546 1088 5614 experientia
1116 5547 1428 5609 noscimus;
1458 5557 1674 5613 tempus
1703 5546 1843 5597 enim
1874 5560 1982 5613 quo

415 5635 576 5692 simul
616 5637 923 5689 conversati
962 5653 1175 5698 sumus.
1210 5636 1339 5692 licet
1390 5636 1577 5699 breve,
1609 5636 1766 5690 nobis
1800 5646 1980 5688 tamen

417 5727 714 5798 perlectum
748 5726 988 5778 animum
1027 5738 1181 5781 tuum
1215 5740 1402 5782 notum
1436 5728 1587 5783 fecit.

416 5819 563 5875 ἔστιν
609 5819 805 5886 εἰπεῖν,
836 5818 961 5872 ὅσου
994 5820 1382 5894 πληρούμεθα·
1437 5824 1670 5894 μάλιστα
1732 5825 1830 5893 μὲν
1880 5826 1978 5895 τὴν

2084 4905 2193 4955 Καὶ
2237 4905 2344 4974 γὰρ
2394 4904 2566 4968 οὕτως
2600 4905 2735 4975 ἔχει.
2782 4906 2935 4960 Ἐπεὶ
2966 4908 3058 4959 καὶ
3122 4909 3302 4980 ἰατρὸς
3362 4911 3654 4983 φάρμακον

2082 4994 2343 5055 ἐπιτιθεὶς
2374 4994 2516 5045 κατά
2545 4995 2880 5064 τραύματος,
2911 4998 3006 5051 καὶ
3047 4997 3261 5068 βλέπων
3292 5003 3390 5073 τὴν
3420 5004 3658 5074 φλεγμο-

2082 5084 2179 5153 νὴν
2230 5086 2323 5137 ἐπὶ
2358 5086 2518 5139 πλέον
2573 5089 3025 5161 ἀγριαινομένην,
3086 5093 3386 5166 πληροῦται
3418 5095 3656 5167 ἀθυμίας

2083 5177 2177 5229 καὶ
2210 5177 2524 5247 συγχύσεως
2550 5198 2563 5211 ο
2595 5181 2686 5232 καὶ
2712 5183 2873 5252 ἡμεῖς
2899 5180 2991 5238 οὖν
3009 5187 3056 5238 οἱ
3084 5190 3356 5252 ταπεινοὶ,
3390 5191 3656 5259 κρίμασιν

2086 5261 2167 5328 οἷς
2198 5268 2491 5322 ἐπίσταται
2518 5270 2544 5320 ὁ
2580 5270 2734 5335 Θεὸς,
2785 5276 2864 5336 εἰς
2903 5275 2963 5328 τὸ
2992 5276 3060 5327 τὰ
3109 5277 3218 5329 τῶν
3273 5278 3460 5347 ψυχῶν
3507 5282 3653 5353 παθη

2087 5357 2415 5427 θεραπεύειν
2476 5365 2935 5431 κατασταθέντες,
2982 5370 3212 5439 ἐπείπερ
3276 5372 3495 5441 ὁρῶμεν
3556 5375 3657 5444 τὴν

2084 5453 2225 5505 κατά
2259 5454 2489 5523 δύναμιν
2519 5460 2936 5529 προσαγομένην
2973 5459 3275 5528 θεραπείαν
3334 5463 3655 5530 ὠφελοῦσαν

2083 5546 2257 5607 οὐδὲν,
2283 5547 2421 5598 ἀλλὰ
2452 5548 2511 5600 τὸ
2546 5549 2787 5619 τραῦμα,
2819 5551 2963 5620 οἴμοι
2998 5550 3075 5620 τῷ
3106 5552 3296 5635 ἀθλίῳ,
3330 5556 3424 5607 καὶ
3471 5557 3657 5627 ἡλίκον

2084 5637 2328 5708 τραῦμα,
2362 5641 2455 5692 ἐπὶ
2488 5643 2547 5693 τὸ
2577 5645 2761 5712 χεῖρον
2811 5644 3140 5712 προκόπτον,
3182 5646 3318 5709 ὅλως
3355 5650 3657 5719 κατηφείας

2084 5732 2179 5782 καὶ
2241 5733 2700 5803 σκυθρωπότητος
2736 5736 2829 5788 καὶ
2870 5735 3209 5805 συγχύσεως,
3241 5737 3511 5807 οῠμενουν
3559 5742 3660 5795 οὐκ

2038 5827 2157 5898 σὴν,
2208 5829 2288 5879 υίέ
2331 5847 2432 5899 μου
2471 5831 2781 5900 θεοτίμητε,
2837 5832 3083 5903 μεγάλην
3132 5834 3420 5905 φρόνησιν,
3455 5836 3515 5887 οὐ
3550 5838 3659 5907 φή-
