4038 6204
435 336 537 400 175

1574 336 1888 395 NICOLAI
1929 336 2038 397 ΕΡ.
2084 338 2360 396 l'ATRlA
2375 337 2597 395 RCIL’E

3590 331 3692 392 176

430 452 475 505 si
510 465 697 521 pacem
731 460 954 525 exoptes
984 464 1227 523 propone
1265 448 1515 519 pacitlca,
1560 458 1613 501 et
1650 448 1837 501 damni
1866 446 2008 515 qttod

2121 451 2273 519 παρὰ
2328 450 2569 520 Χριστοῦ
2607 450 2703 502 τοῦ
2763 450 2862 519 τὴν
2917 453 3138 520 εἰρήνην
3198 449 3591 519 δωρησαμένου
3622 445 3702 510 τῷ

428 558 457 595 a
480 541 743 597 Romanis
774 558 970 612 passus
994 558 1052 597 es
1081 542 1567 610 compensationes
1591 550 1793 607 repete,
1822 540 2013 608 quales

426 649 526 702 ego
574 648 706 687 sane
757 634 891 698 dixi,
944 634 1154 687 scilicet
1211 631 1616 700 auri,argenti,
1651 643 1744 683 aut
1775 631 2008 683 aliarum

430 741 611 779 rerum
666 724 1022 795 stipendium,
1080 735 1174 777 aut
1233 721 1471 777 fortasse
1523 720 1678 774 fundi
1734 720 2014 774 terrestris

424 819 772 883 cessionem,
830 828 883 871 at
939 833 1047 871 non
1109 815 1519 885 impossibilia,
1587 826 1649 867 ut
1711 813 2012 882 protulisti.

428 908 614 980 Neque
662 911 805 965 enim
877 910 1209 965 concedetur
1264 908 1419 962 urbis
1479 907 1781 971 introitus,
1837 920 2016 973 neque

428 1005 595 1059 altera
627 1021 711 1059 res
742 1020 905 1073 quam
938 1004 1097 1073 petis.
1152 1000 1347 1055 Totius
1379 999 1744 1054 occidentalis
1774 1002 2013 1070 regionis

427 1098 735 1151 dominium
792 1096 1167 1150 llomanorum
1211 1102 1318 1147 est.
1364 1092 1555 1161 Itaque
1613 1092 1717 1145 ista
1768 1093 2011 1155 mittens,

426 1203 548 1257 qua:
592 1187 707 1240 fieri
756 1196 987 1257 possunt
1033 1202 1316 1257 propone,
1366 1196 1420 1243 et
1458 1188 1555 1242 tibi
1599 1189 1823 1243 utilitati
1855 1200 2017 1245 erunt

423 1295 548 1349 qua
596 1279 690 1332 Dei
735 1280 1015 1333 voluntate
1049 1280 1385 1348 obtigerunt,
1444 1281 1578 1335 ttulli
1616 1290 1774 1335 antea
1808 1282 1915 1351 iqui
1961 1291 2015 1337 te

431 1383 827 1439 ptmcesserunt
865 1389 1037 1441 neque
1073 1374 1170 1427 tibi
1210 1373 1313 1443 ipsi
1348 1390 1520 1442 usque
1552 1374 1735 1429 adhuc
1771 1390 2011 1444 unquam

428 1480 458 1517 ιι
490 1464 757 1517 Romanis
788 1478 1070 1518 concessa.
1108 1465 1420 1519 Concedent
1448 1474 1630 1519 tamen
1660 1467 2016 1535 imperatores

430 1566 483 1609 et
516 1566 739 1609 senatus
766 1556 997 1611 libenter
1032 1558 1267 1612 consilio
1318 1559 1566 1613 unanimi
1595 1575 1611 1624 ;
1659 1568 1734 1623 et,
1790 1558 1902 1614 Deo
1934 1557 2015 1613 fa-

430 1656 609 1709 vente,
675 1647 903 1701 Romani
957 1664 1021 1703 ac
1083 1648 1301 1718 Bulgari
1352 1651 1534 1703 denuo
1592 1650 1810 1705 vinculo
1861 1652 2013 1722 pacis

431 1742 905 1810 constringentur.
958 1742 1015 1795 ln
1068 1742 1247 1811 fugam
1295 1740 1530 1797 Satanas
1563 1752 1847 1810 vertetur;
1885 1759 2016 1814 gau-

430 1834 580 1886 debit
615 1832 867 1886 Christus
902 1832 1044 1886 Deus
1075 1842 1256 1886 noster
1280 1842 1332 1887 et
1373 1842 1640 1904 quotquot
1680 1834 1798 1903 ejus
1838 1844 2020 1905 partes

431 1928 640 1984 tenent,
672 1921 960 1989 priscaque
988 1920 1204 1975 fortUna
1232 1938 1295 1975 ac
1316 1921 1541 1977 felicitas
1570 1924 1844 1979 llomanos
1874 1924 2015 1980 inter

430 2022 485 2067 ct
509 2013 768 2082 Bnlgaros
796 2014 1084 2069 iucrcscct.

2082 588 2087 591 .
2118 545 2309 613 κόσμῳ
2335 544 2434 612 τὴν
2459 544 2641 614 ἀρχὴν
2672 544 2768 594 τοῦ
2800 544 3001 595 οἰκείου
3038 543 3224 605 ἔθνους
3267 540 3471 603 λαϐὼν,
3509 542 3577 592 τὰ
3602 541 3699 607 τῆς

2117 638 2343 707 εἰρήνης
2389 636 2688 704 ἐπιζητῶν,
2749 636 3040 705 εἰρηνικὰς
3101 634 3390 706 προτείνου
3451 634 3544 685 καὶ
3599 633 3701 696 τὰς

2119 730 2259 798 ὑπὲρ
2294 722 2368 781 ὧν
2420 730 2686 781 ἔπταισαν
2727 730 2806 791 είς
2844 730 2903 779 σὲ
2946 727 3208 795 Ῥωμαῖοι
3260 727 3575 788 ἀποτίσεις*
3608 726 3702 781 λέι
3746 782 3755 787 ,

2120 838 2292 890 γομεν
2318 822 2374 874 δὲ
2407 815 2493 873 οἷα
2525 822 2617 874 καὶ
2646 821 2816 875 πάλαι
2853 821 3202 890 προεγράφη,
3238 819 3460 890 χρυσίου
3492 822 3704 871 συνεισο

2123 914 2335 983 φοράν,
2387 913 2659 985 ἀργύρου,
2711 914 3014 982 χρημάτων
3049 913 3245 977 ἄλλων,
3276 912 3436 982 τυχὸν
3487 911 3583 963 καὶ
3607 911 3705 980 pe-

2122 1018 2251 1069 ρους
2276 1003 2423 1066 τινος
2473 1004 2579 1071 γῆς
2635 1006 3043 1072 ἀποκλήρωσιν,
3094 1001 3191 1055 κα)⁸
3234 1002 3309 1072 μὴ
3342 1002 3565 1055 τοιαῦτα
3610 995 3702 1055 οἷα

2121 1093 2453 1165 προϐάλλεις
2491 1095 2752 1148 ἀδύνατα.
2789 1097 2898 1148 Καὶ
2927 1096 3035 1167 γὰρ
3064 1093 3188 1147 οὕτε
3222 1097 3255 1164 ἡ
3284 1095 3365 1157 είς
3408 1095 3507 1164 τὴν
3545 1094 3704 1146 πόλιν

2118 1185 2325 1249 εἴσοδος
2386 1188 2610 1259 ἀνεκτὴ,
2664 1187 2789 1241 οὔτε
2826 1188 2888 1240 το
2938 1188 3124 1256 ἕτερον
3178 1188 3314 1259 ὅπερ
3354 1187 3561 1253 λέγεις·
3599 1188 3701 1256 τῆς

2122 1276 2305 1347 πάσης
2348 1279 2907 1351 Δύσεωςήκυριότης
2961 1282 3026 1350 τῇ
3106 1278 3388 1349 Ῥωμαῖκῇ
3456 1277 3703 1349 βασιλεία

2120 1372 2401 1439 τυγχάνει.
2444 1371 2607 1423 Ὥστε
2652 1370 2827 1424 ταῦτα
2854 1370 3194 1436 καταλιπὼν,
3236 1370 3304 1423 τά
3334 1370 3537 1423 δυνατά
3564 1387 3703 1439 προ-

2123 1458 2317 1523 δαλοῦ,
2382 1462 2475 1513 καὶ
2508 1460 2544 1514 ἃ
2580 1463 2677 1514 σῦν
2735 1462 2851 1531 Θεῷ
2881 1463 2974 1514 καὶ
3001 1461 3062 1513 σε
3083 1461 3436 1532 θεραπεύσει,
3484 1462 3705 1523 πάντως

2121 1554 2233 1623 γὰρ
2259 1553 2616 1627 θεραπεύσει,
2657 1555 2843 1607 ἐκεῖνά
2888 1571 2971 1607 σοι
3000 1554 3448 1625 προσγενόμεναο
3486 1555 3521 1608 ἃ
3566 1556 3702 1626 μήτε

2119 1647 2167 1698 οἱ
2201 1646 2306 1715 πρὸ
2333 1646 2426 1699 σοῦ
2464 1645 2564 1715 τὴν
2607 1645 2923 1716 Ῥωμαϊκὴν
2972 1646 3255 1716 βασιλείαν
3310 1646 3470 1716 ἔσχον
3507 1648 3705 1701 ὑποτε-

2119 1737 2356 1804 λοῦσαν,
2407 1740 2546 1808 μήτε
2609 1739 2986 1824 ὑμεῖςθμέχρι
3039 1739 3131 1793 τοῦ
3180 1741 3452 1808 παρόντος
3505 1742 3701 1811 καιροῦ

2121 1830 2351 1883 τοιαῦτα
2374 1830 2543 1901 κέρδη
2591 1831 2949 1901 ἐγνωρίσατε.
2991 1831 3298 1901 Παρέξουσι
3333 1832 3390 1884 δὲ
3436 1833 3527 1884 καὶ
3568 1834 3615 1884 οἱ
3643 1832 3705 1885 τὸ

2126 1921 2440 1993 βασιλεύειν
2471 1922 2731 1991 λαχόντες
2772 1922 2914 1992 καὶὴ
2940 1923 3146 1976 τούτων
3200 1924 3498 1995 σύγκλητος
3531 1926 3705 1996 χωρὶς

2126 2015 2431 2098 βαρύτητος
2480 2017 2575 2070 καὶ
2620 2016 2716 2086 ὅλῃ
2777 2019 3133 2086 προαιρέσει·
3184 2019 3279 2070 καὶ
3326 2019 3421 2071 σὺν
3452 2019 3570 2089 Θεῷ
3600 2018 3703 2086 τῆς

431 2104 594 2171 ἁγίας
628 2104 854 2173 εἰρήνης
884 2104 951 2157 τὰ
974 2103 1149 2173 δεσμά
1178 2104 1340 2158 πάλιν
1409 2105 1708 2175 συνάψουσι
1741 2107 2044 2179 Βούλγαροι
2087 2108 2184 2160 καὶ
2227 2106 2493 2178 Ῥωμαῖοι
2515 2123 2529 2138 ο
2578 2108 2673 2159 καὶ
2743 2108 3034 2178 γενήσεται
3067 2110 3093 2161 ὁ
3117 2110 3362 2173 Σατανᾶς
3408 2111 3503 2180 μὲν
3541 2112 3707 2161 ὲκποσ

429 2198 559 2266 δῶν,
607 2200 1051 2271 εὐφρανθήσεται
1096 2200 1152 2252 δὲ
1184 2201 1210 2251 ὁ
1246 2202 1481 2271 Χριστὸς
1517 2204 1612 2254 καὶ
1663 2203 1793 2266 Θεὸς
1829 2203 2008 2275 ήμῶν,
2053 2206 2147 2259 καὶ
2212 2207 2328 2260 ὅσοι
2363 2206 2464 2275 τῆς
2509 2206 2721 2260 ἐκείνου
2754 2206 2971 2277 μερίδος
3009 2206 3101 2259 καὶ
3128 2206 3160 2272 ἡ
3201 2205 3260 2269 ἐξ
3325 2204 3497 2273 ἀρχῆς
3524 2205 3706 2256 5261'.-

434 2297 598 2367 μονία
630 2298 727 2349 καὶ
761 2298 988 2365 γλυκεῖα
1041 2298 1383 2360 κατάστασις
1428 2300 1591 2351 πάλιν
1626 2300 1832 2369 μεταξὺ
1874 2302 2164 2371 Ῥωμαίων
2199 2304 2291 2356 καὶ
2319 2303 2647 2373 Βουλγάρων
2681 2303 3143 2371 πλατυνθήσεται.

503 2389 562 2444 1η
619 2391 813 2446 litteris
859 2406 1031 2460 nuper
1081 2392 1284 2453 missis.
1338 2402 1390 2446 ct
1421 2393 1473 2446 in
1538 2394 1644 2449 illis
1669 2410 1807 2464 quas
1859 2396 2010 2466 prius

431 2482 728 2552 scripsisti,
757 2483 896 2551 petis
916 2483 1184 2551 quosdam
1228 2482 1390 2544 mitti,
1425 2484 1517 2553 qui
1559 2496 1735 2539 tecum
1781 2487 1846 2539 de
1878 2502 2009 2556 pace

432 2574 740 2628 consulant.
796 2572 909 2627 lloc
957 2574 1240 2642 proposito
1300 2575 1497 2629 missus
1530 2583 1634 2637 est,
1679 2574 1770 2629 Dei
1812 2577 2005 2646 gratia,

431 2667 516 2719 vir
569 2667 789 2735 quidam
838 2664 1106 2735 prudente
1166 2667 1477 2736 talentique
1534 2668 1767 2738 ingenio,
1824 2679 2008 2725 custos

431 2760 849 2828 supellectilium
889 2758 1073 2827 templi
1131 2760 1198 2812 de
1250 2759 1600 2824 Blaehernis,
1641 2762 1691 2812 in
1743 2762 2009 2815 honorent

429 2851 620 2906 Matris
654 2850 747 2903 Dei
788 2860 842 2903 et
890 2851 1132 2905 Domina:
1186 2860 1387 2905 nostra:
1426 2852 1621 2906 erecti.
1656 2851 1731 2915 ε1Ξί
1780 2852 2013 2921 benigne

431 2951 656 3010 excepto
684 2956 804 3010 quin
836 2942 972 2994 velis
1004 2942 1288 3010 significa;
1320 2952 1392 3004 et,
1430 2955 1719 3011 postquam
1760 2958 2014 2999 reversus

433 3033 615 3096 fuerit,
647 3034 690 3086 si
732 3033 1005 3086 humanus
1039 3031 1293 3100 mitisque
1327 3042 1455 3088 tuus
1490 3035 1711 3089 animus
1767 3043 1914 3090 totus
1947 3036 2012 3089 ad

2196 2402 2451 2471 Περιείχε
2487 2400 2542 2453 δὲ
2576 2400 2667 2452 καὶ
2727 2401 2787 2453 τὸ
2826 2399 2921 2451 νῦν
2952 2399 3258 2452 ἀποσταλὲν
3305 2400 3536 2469 γράμμα
3578 2418 3698 2465 σου,

2116 2494 2303 2547 τέκνον
2328 2494 2514 2564 ἡμῶν,
2542 2496 2634 2547 καὶ
2661 2494 2764 2562 πρὸ
2802 2494 2987 2547 τούτου
3046 2494 3211 2564 ἕτερα
3255 2495 3583 2563 γράμματα,
3621 2494 3700 2557 ὡς

2118 2585 2495 2655 ἀποσταλῆναί
2510 2602 2663 2647 τινας
2679 2586 2731 2664 οἵ
2746 2590 2872 2655 περὶ
2886 2586 2987 2655 τῆς
3006 2587 3226 2656 εἰρήνης
3253 2585 3699 2655 συνομιλήσουσιν

2117 2677 2248 2743 ὑμῖν
2269 2694 2281 2709 ⁶
2320 2680 2414 2731 καὶ
2436 2679 2717 2748 ἀπεστάλη
2738 2680 2829 2731 ἐπὶ
2856 2678 3027 2747 τούτῳ
3061 2680 3343 2748 ἄνθρωπος
3363 2679 3481 2749 θεία
3514 2680 3696 2747 χάριτι

2114 2771 2209 2822 καὶ
2225 2768 2402 2832 συζῶν
2419 2770 2675 2839 εὐλαϐείᾳ
2696 2772 2788 2823 καὶ
2809 2771 3106 2839 ἀρετῇ,κ;ιὶ
3129 2771 3226 2840 τῆς
3245 2771 3586 2841 Θεομήτορος
3604 2772 3699 2825 καὶ

2124 2860 2424 2931 Δεσποίνης
2452 2860 2611 2928 ἡμῶν
2640 2860 2733 2911 τοῦ
2767 2863 2823 2913 ἐν
2850 2861 3185 2931 Βλαχέρναις
3238 2862 3367 2915 ναοῦ
3424 2863 3695 2931 σκευοφό-

2115 2950 2235 3016 λαξ,
2271 2950 2330 3003 ὃν
2376 2951 2769 3021 ὑποδεχόμενος
2818 2954 2886 3005 τά
2941 2953 3209 3007 δοκοῦντά
3263 2972 3345 3007 σοι
3400 2956 3693 3025 γνώρισον·

2125 3041 2219 3093 καὶ
2279 3042 2418 3110 μετὰ
2470 3040 2570 3112 τὴν
2618 3043 2830 3096 ἐκείνου
2878 3045 3325 3116 ὲπαναστροφὴν,
3378 3048 3577 3115 εἴγεή
3631 3049 3697 3116 σὴ

431 3122 572 3176 bona
610 3122 759 3191 pacis
814 3122 1118 3189 reapexerit
1146 3165 1160 3184 ,
1211 3123 1499 3177 mittentur
1535 3124 1635 3178 viri
1671 3124 1726 3177 in
1768 3123 2008 3179 Ecclesia

2121 3135 2302 3204 ἀγαθὴ
2333 3138 2427 3187 καὶ
2454 3136 2664 3205 ἥμερος
2689 3137 2838 3208 ψυχὴ
2873 3138 3009 3203 πρὸς
3034 3138 3095 3190 τὸ
3118 3140 3281 3192 καλὸν
3331 3140 3430 3207 τῆς
3473 3142 3695 3209 εἰρήνης

432 3223 486 3268 et
516 3214 791 3283 republica
848 3214 1131 3283 praecipui,
1172 3230 1268 3283 per
1309 3231 1452 3285 quos
1494 3216 1657 3270 verba
1702 3215 1768 3269 ad
1802 3217 2011 3287 aliquid

434 3304 575 3357 tirmi
626 3304 869 3372 certique
921 3306 1281 3359 adducentur.
1326 3306 1580 3361 Christus
1622 3316 1828 3372 autem,
1867 3307 2012 3362 Deus

432 3404 640 3457 noster,
671 3397 758 3450 cui
788 3410 844 3448 ιιι
870 3397 1008 3456 scio,
1032 3396 1238 3450 servire
1274 3412 1488 3467 semper
1520 3398 1572 3451 in
1599 3400 1786 3453 animo
1820 3400 2010 3462 habes,

432 3489 672 3543 cmlestis
722 3488 844 3557 ejus
892 3488 1076 3555 gloriae
1115 3501 1384 3559 exeptans
1422 3491 1595 3544 hreres
1647 3491 1761 3545 fieri
1800 3510 1810 3519 ·
1872 3493 2009 3545 nihil

427 3582 583 3634 enim
624 3591 840 3634 terrena
869 3580 1038 3649 gloria
1072 3580 1173 3634 nisi
1210 3582 1309 3636 flos
1340 3583 1664 3645 Iterbaceus,
1698 3583 2011 3639 meditatio-

425 3672 598 3726 .uibus
651 3672 761 3726 tuis
822 3672 1049 3738 pacifica
1106 3674 1335 3742 inspiret
1379 3682 1433 3727 et
1483 3674 1725 3730 inducet.
1762 3676 2012 3732 Christus

429 3763 573 3815 enim
639 3774 858 3833 propter
919 3779 1105 3834 pacem
1183 3779 1379 3834 purum
1462 3780 1619 3819 suum
1692 3767 2007 3838 sanguinem

429 3854 636 3918 ctl‘udit,
692 3866 996 3925 cateraque
1054 3864 1323 3911 tormenta
1385 3873 1581 3927 passus
1632 3870 1748 3925 est,
1791 3868 1849 3913 ut
1895 3861 2011 3916 dia-

428 3946 560 4012 boli,
590 3948 681 4017 qtti
712 3948 821 4003 odii
853 3957 1006 4019 pater
1030 3959 1131 4013 est,
1162 3949 1445 4019 imperium
1476 3950 1738 4007 aboleret.

958 4296 1198 4353 XXVIII.
1244 4297 1455 4355 Eidem.

497 4409 708 4467 Rursus
733 4412 800 4466 ad
843 4412 1012 4466 filium
1041 4412 1296 4467 dilectum
1314 4412 1628 4478 scribimus,
1663 4414 1787 4469 licet
1813 4430 2002 4484 parum

2122 3225 2217 3295 ὅλῃ
2249 3224 2395 3295 ψυχῇ
2430 3226 2758 3295 ἀποδλέψει,
2790 3229 3265 3299 ἀποσταλήσονται
3318 3235 3409 3283 καὶ
3432 3230 3533 3299 τῆς
3576 3232 3695 3282 Ἐκη

2120 3317 2348 3385 κλησίας
2375 3317 2652 3387 ἄνθρωποι
2687 3320 2781 3372 καὶ
2808 3321 2908 3389 τῆς
2935 3322 3209 3385 πολιτείας
3232 3322 3338 3375 τῶν
3357 3325 3692 3393 προκρίτων,

2120 3403 2281 3461 δι’ὦν
2308 3410 2357 3463 οί
2417 3410 2565 3478 λόγοι
2619 3413 2680 3466 τὸ
2740 3414 2957 3482 βέϐαιον
3020 3417 3114 3467 καὶ
3174 3417 3370 3483 πάγιον
3409 3417 3691 3487 λήψονται.

2122 3503 2219 3572 Εῖη
2253 3502 2307 3555 δὲ
2333 3504 2571 3572 Χριστὸς
2594 3506 2623 3557 ό
2652 3506 2785 3568 Θεὸς
2813 3508 2990 3577 ημῶν,
3022 3506 3081 3559 ὃν
3114 3502 3229 3561 οἶδα
3257 3511 3339 3562 ὅτι
3370 3510 3696 3581 θεραπεύειν

2120 3597 2347 3667 γνώμην
2397 3599 2743 3652 ἀδιάλειπτον
2798 3600 2965 3669 ἔχεις,
3027 3602 3101 3664 ὡς
3142 3603 3242 3672 τῆς
3297 3604 3503 3656 ἐκείνου
3535 3604 3694 3671 δόξης

2118 3691 2405 3762 ἐφιεμενος
2428 3694 2633 3747 ἐκεῖθεν
2663 3695 2998 3766 κληρονόμος
3032 3696 3309 3765 γενέσθαι,
3341 3701 3371 3769 ἡ
3407 3700 3512 3769 γὰρ
3550 3717 3692 3769 παρ-

2116 3783 2255 3837 οῦσα
2319 3785 2445 3850 δόξα
2497 3786 2656 3849 ἄνθος
2694 3791 2914 3858 χόρτου,
2964 3790 3149 3841 ἐκεῖνα
3199 3791 3473 3858 ἐμπνέων,
3511 3792 3691 3844 ἐκεῖνα

2118 3878 2197 3939 εἰς
2229 3876 2524 3948 λογισμούς
2557 3896 2650 3930 σου
2679 3881 2886 3951 φέρων,
2919 3880 3019 3934 ὅσα
3044 3882 3145 3952 τὴν
3178 3883 3404 3953 εἰρήνην
3452 3882 3691 3953 βραϐεύ-

2121 3985 2238 4021 σει·
2294 3970 2434 4041 ὑπὲρ
2486 3966 2553 4041 ἧς
2584 3972 2644 4023 τό
2688 3973 2958 4042 ἄχραντον
3012 3973 3179 4026 αὑτοῦ
3241 3968 3381 4043 αἷμα
3440 3976 3691 4037 κάκεῖνος

2118 4062 2319 4131 ἐξέχεε,
2350 4064 2445 4117 καὶ
2476 4066 2544 4117 τὰ
2572 4064 2733 4117 λοιπά
2786 4066 2994 4136 ὑπέστη
3027 4066 3199 4136 παθη,
3246 4067 3313 4119 δι’
3353 4060 3428 4119 ὧν
3466 4068 3556 4119 τὸν
3590 4085 3691 4121 πα-

2118 4154 2253 4224 τέρα
2281 4155 2380 4224 τῆς
2422 4156 2623 4226 ἔχθρας
2661 4159 2982 4228 κατήργησε
3020 4160 3111 4211 τὸν
3133 4159 3399 4213 διάϐολον.

2680 4294 2811 4350 κη’.
2850 4295 2933 4361 Τῷ
2966 4296 3143 4361 αὐτῷ.

2186 4406 2356 4460 Πάλιν
2403 4407 2690 4477 γράφομεν
2724 4408 2859 4477 πρὸς
2890 4407 3006 4459 υίὸν
3052 4405 3417 4474 ἀγαπώμενον
3456 4406 3587 4478 παρ’
3627 4410 3690 4478 ἡ.

425 4504 677 4557 docilem.
722 4505 938 4557 Amoris
966 4506 1110 4557 cnim
1142 4505 1458 4572 parentibus
1487 4518 1517 4557 a
1548 4505 1689 4558 natis
1722 4506 1885 4559 debiti
1922 4522 2007 4559 ra-

2115 4496 2255 4567 μῶν,
2288 4500 2335 4550 εἰ
2397 4501 2488 4551 καὶ
2550 4498 3033 4568 παραλογιζόμεθα
3080 4496 3185 4548 ὑπὸ
3226 4496 3320 4549 τοῦ
3375 4497 3515 4564 υἱοῦ,
3550 4499 3687 4554 ἀλλὰ

428 4595 626 4645 tionem
662 4592 943 4657 habemus,
961 4602 1174 4662 tuaeque
1199 4609 1323 4663 erga
1350 4609 1449 4648 nos
1472 4594 1833 4663 despicientia:
1854 4596 2011 4664 igno-

426 4682 653 4735 scimus.
684 4682 989 4737 Scribimus
1015 4693 1192 4736 autem
1227 4691 1338 4737 tum
1367 4685 1585 4754 proprio
1616 4693 1787 4747 motu,
1810 4692 1924 4740 tum
1954 4695 2009 4740 et

416 4770 935 4841 jsanctissimiPapa:
964 4773 1213 4839 consilio,
1240 4775 1421 4829 fratris
1448 4784 1501 4829 et
1526 4776 1884 4830 comministri
1916 4791 2010 4832 no-

411 4824 661 4934 zstri.Qui
687 4864 930 4917 omnium
949 4864 1000 4917 in
1021 4865 1351 4920 clamoribus
1366 4875 1581 4934 prapter
1602 4866 1861 4921 miserum
1882 4866 2007 4921 Bul-

426 4908 494 4918 υ-.
513 4908 548 4919 ..
566 4908 661 4931 η...
689 4908 930 4917 -......-.-.
1024 4908 1215 4920 -.-....,.
1233 4908 1572 4934 ..,...,,,..,,...,.
1602 4908 1861 4921 ..............
1882 4908 1978 4921 υ...

406 4908 584 5023 ,‘garos
619 4957 758 5010 inter
783 4963 944 5024 atque
991 4954 1267 5011 Romanos
1297 4971 1479 5009 rerum
1510 4964 1711 5011 statum
1747 4958 1999 5023 sublatis,

426 5050 541 5101 suis
569 5047 785 5115 quidem
826 5046 1002 5101 oculis
1044 5061 1153 5100 non
1183 5048 1319 5101 vidit
1349 5047 1594 5117 ingentes
1644 5048 1998 5117 calamitates,

426 5140 820 5208 captivitatem,
865 5138 1140 5201 incendia,
1198 5139 1552 5194 ecclesiarum
1616 5142 2000 5208 vastationem,

426 5230 697 5297 virginum
760 5230 1189 5295 deflorationem,
1272 5230 1485 5295 viduas,
1544 5234 1844 5302 orphanos;
1907 5237 2001 5289 sed

424 5319 621 5374 vulnus
651 5323 904 5376 acerbum
967 5322 1018 5375 in
1072 5322 1233 5377 corde
1298 5336 1515 5392 gerens,
1576 5324 1721 5378 viros
1785 5337 2003 5381 sanctos

494 5499 568 5570 (ί)
605 5502 728 5554 Erat
754 5503 838 5557 hic
863 5501 1141 5557 Johannes
1168 5500 1236 5565 Χ,
1269 5515 1425 5572 papa.
1448 5499 1637 5557 Exstat
1661 5512 1862 5572 autem.
1891 5518 1996 5556 non

424 5570 543 5624 sine
583 5572 951 5641 varietatibus,
982 5573 1224 5641 epistolae
1256 5570 1417 5641 hujus
1448 5586 1573 5640 pars
1622 5572 1765 5641 apud
1821 5570 1994 5625 Baro—

422 5645 574 5695 n'tum
626 5639 693 5693 ad
740 5656 831 5693 an.
885 5639 1149 5708 CMXVII,
1209 5643 1298 5696 cui
1328 5639 1539 5696 'tradita
1570 5639 1675 5695 fuit
1706 5657 1771 5696 ex
1805 5643 1994 5699 codice

423 5708 603 5782 Loliiti
637 5710 972 5782 bellonensis
1002 5713 1266 5782 episcopi,
1290 5713 1378 5767 ubi
1414 5713 1516 5765 hoc
1536 5712 1654 5765 loco
1680 5712 1930 5781 sequitur
1947 5708 1990 5780 ᾧ

422 5780 668 5835 ἀπειθεῖν
696 5779 954 5849 ἀθέμιτον
979 5779 1260 5853 κρίνομεν,
1319 5782 1405 5837 cui
1459 5782 1674 5837 minime
1725 5779 1986 5846 obtempe-

2117 4592 2404 4662 γράφομεν
2438 4591 2572 4660 πρὸς
2599 4591 2697 4661 τὴν
2716 4592 2939 4659 ἀγάπην
2968 4588 3173 4659 μᾶλλον
3203 4589 3303 4659 τὴν
3334 4606 3690 4663 κεχρεωστη-

2115 4684 2281 4754 μένην
2324 4685 2437 4745 τοῖς
2488 4683 2728 4752 πατράσι
2762 4681 2896 4752 πρὸς
2946 4682 3015 4733 τὲι
3064 4680 3233 4734 τέκνα
3257 4682 3683 4746 ἀποϐλέποντες,

2109 4775 2224 4831 ἀλλ’
2254 4776 2313 4828 οὐ
2349 4775 2483 4845 πρὸς
2516 4777 2611 4828 τὸν
2662 4776 2751 4827 σὺν
2796 4775 3237 4846 παραλογισμὸν,
3268 4773 3327 4827 ὃν
3370 4778 3497 4845 ποιῇ
3549 4775 3684 4846 πρὸς

2113 4868 2287 4937 ἡμᾶς’
2325 4870 2613 4936 γράφομεν
2665 4866 2722 4919 δὲ
2756 4866 2815 4918 τὸ
2853 4866 2955 4935 μέν
2995 4883 3049 4919 τι
3101 4868 3413 4937 κινούμενοι
3472 4865 3529 4931 ἐξ
3556 4868 3683 4920 ὲαυ-

2107 4960 2239 5022 τῶν,
2294 4959 2355 5010 τὸ
2395 4958 2451 5010 δέ
2486 4976 2538 5011 τι
2572 4960 2665 5011 καὶ
2710 4960 2862 5029 παρά
2919 4958 3014 5011 τοῦ
3063 4959 3373 5026 ἀγιωτάτου
3407 4960 3569 5012 Πάπα
3601 4956 3679 5027 (Ι)

2106 5050 2202 5104 τοῦ
2257 5051 2489 5121 ἀδελφοῦ
2548 5051 2709 5121 ἡμῶν
2731 5051 2827 5105 καὶ
2862 5052 3305 5123 συλλειτουργοῦ.
3343 5046 3509 5114 Οὗτος
3542 5051 3674 5121 γὰρ,

2108 5142 2300 5213 ἐπειδὴ
2330 5144 2466 5213 πρὸς
2503 5145 2687 5195 πᾶσαν
2743 5142 3038 5213 ὲξηπλώθη
3074 5144 3172 5215 τὴν
3208 5146 3313 5215 γῆν
3353 5146 3445 5198 καὶ
3468 5162 3681 5198 παντα-

2107 5233 2205 5303 χοῦ
2240 5234 2485 5286 λαλείται
2536 5236 2603 5288 τὰ
2650 5235 2856 5304 μεταξὺ
2892 5234 3221 5307 Βουλγάρων
3253 5238 3347 5289 καὶ
3393 5237 3682 5305 Ῥωμαίων

2107 5327 2317 5380 ἐλεεινὰ
2382 5329 2727 5398 πράγματα,
2776 5326 2967 5383 Stoico:
3041 5331 3116 5399 μὴ
3180 5332 3519 5401 θεασάμενος
3564 5331 3680 5393 τοῖς

2100 5520 2216 5556 rare
2247 5504 2391 5572 nefas
2423 5515 2501 5558 est
2530 5522 2547 5559 :
2574 5504 2697 5576 quae
2730 5509 2892 5563 verba
2920 5526 3041 5566 cum
3093 5523 3284 5564 recens
3337 5512 3541 5566 codicis
3577 5528 3677 5563 no-

2096 5578 2194 5628 stri
2228 5577 2878 5647 scriptor_schismaticus
2906 5581 3049 5635 ferre
3075 5595 3181 5634 non
3212 5592 3416 5647 posset,
3469 5583 3677 5636 substi-

2094 5646 2194 5697 tuit
2226 5646 2413 5700 titulos
2453 5645 2641 5723 fratris
2676 5663 2721 5704 et
2755 5652 3107 5706 comministri
3136 5645 3343 5717 nostri;
3390 5667 3496 5723 qua
3547 5652 3675 5720 fide,

2092 5730 2253 5771 nemo
2290 5732 2396 5771 non
2431 5718 2594 5773 videt.
