4038 6204
358 270 464 337 177

1815 305 2225 375 EPISTOL/E.

3503 339 3606 410 173

346 387 649 459 ὀφθαλμοῖς
682 393 780 465 τὴν
834 399 1101 471 τοσαύτην
1161 407 1468 478 συμφορὰν,
1520 411 1617 481 τὴν
1643 414 1906 486 αἱχμαλω

346 479 471 517 ηιηυ
531 481 630 517 si...
672 491 950 517 -..κη-ει..
1006 492 1106 517 ...ιη
1144 496 1318 517 1-..,
1594 506 1607 517 .
1695 506 1712 517 .
1832 508 1855 517 -

3505 387 3600 410 ιιυ

2030 424 2245 496 Deoque
2279 441 2555 499 acceptos,
2594 436 2734 492 inter
2764 455 2902 510 quos
2942 444 3320 517 episcoporum
3376 470 3600 513 suorum

344 479 493 543 σξαν,
531 481 630 552 τὴν
672 491 973 557 πυρκαϊὰν,
1004 492 1107 560 τὴν
1138 496 1417 555 ἀπώλειαν
1445 519 1552 557 των
1591 506 1921 578 ἐκκλησιῶν,

342 567 441 637 τὴν
473 569 773 643 διαφθορὰν
814 578 923 631 τῶν
953 583 1263 652 παρθένων,
1286 588 1385 658 τὴν
1416 593 1670 662 χηρείαν,
1707 567 1807 667 τὴν
1828 567 1923 668 ὀρλ

341 661 564 760 μανίαν,
612 666 687 735 μὴ
719 668 1056 741 θεασάμενος
1087 677 1285 741 ταῦτα,
1329 681 1446 733 ἀλλ’
1481 661 1589 737 ἀπὸ
1628 661 1795 758 μόνη-ς
1822 661 1921 760 τῆς

338 753 512 851 dia-toi};
536 755 719 820 ὀξεῖαν
767 761 949 830 φέρων
984 767 1043 819 ἐν
1072 771 1141 837 τῇ
1182 772 1381 844 καρδίᾳ
1410 775 1511 845 τὴν
1549 753 1788 851 eum},

338 843 416 911 μὴ
443 845 746 936 δυνάμενος
770 853 869 916 τὰς
896 855 1153 926 δριμείας
1202 843 1499 935 ὑποφέρειν
1527 843 1741 936 ὀδύνας,
1776 843 1919 927 ⁷ἀπέ-

339 934 786 1029 στ-ειλενᾼίεροὺς
830 944 999 999 αὐτοῦ
1064 934 1396 1021 ἀνθρώπους
1447 934 1733 1029 ἀρχιερεῖς
1779 964 1921 1016 κατὰ

337 1025 521 1080 πάντα
550 1026 669 1098 Θεῷ
700 1032 1056 1103 εὐαρέστους,
1094 1040 1185 1093 τὸν
1220 1042 1319 1111 μὲν
1351 1046 1566 1115 πρῶτον
1598 1051 1919 1121 ὑπάρχοντα

337 1117 454 1169 τῶν
484 1121 679 1175 ἐαυτοῦ
703 1124 1042 1185 ἐπισκόπων.
1072 1132 1449 1201 Θεοφύλακτος
1482 1141 1538 1194 δὲ
1559 1135 1716 1207 οὗτος
1738 1146 1920 1200 καλεί-

331 1226 457 1263 ται·
490 1212 677 1284 ἕτερον
736 1217 790 1270 δὲ
846 1221 941 1272 καὶ
996 1223 1163 1277 αὑτὸν
1208 1228 1513 1284 ἐπίσκοπον
1539 1233 1604 1286 ού
1645 1235 1781 1290 πολὺ
1817 1239 1917 1309 τῆς

330 1301 549 1356 ἐκείνου
579 1305 903 1379 λειπόμενον
931 1314 1157 1381 τάξεως,
1190 1320 1371 1389 Κάρος
1408 1325 1503 1377 καὶ
1538 1319 1698 1390 οὗτος
1733 1330 1916 1383 καλεῖ⁹

327 1408 467 1491 ται.Δ
506 1396 669 1451 Ἀλλά
699 1401 809 1491 γὰρ
839 1403 1066 1471 τούτους
1112 1409 1391 1466 ἐπέστειλε
1426 1416 1563 1485 πρὸς
1593 1417 1650 1470 σὲ
1677 1422 1911 1491 γράμμα

330 1485 686 1580 κομίζοντας,
740 1487 801 1580 οῦ
842 1495 870 1547 ὁ
908 1498 1113 1562 σκοπὸς
1142 1502 1235 1554 καὶ
1276 1504 1535 1577 ἡσπουδὴ
1578 1508 1644 1560 τὰ
1689 1485 1909 1580 indici-rit

326 1570 506 1625 ταῦτα
533 1574 600 1627 τά
632 1578 837 1645 μεταξὺ
883 1583 1212 1656 Βουλγάρων
1244 1570 1337 1642 καὶ
1404 1570 1783 1663 Ῥιομαίωνιέκ
1809 1601 1908 1669 μέ·-

327 1678 425 1715 σου
445 1668 715 1735 γενέσθαι,
738 1673 833 1749 καὶ
854 1675 942 1728 τὸν
962 1680 1173 1750 πατέρα
1186 1682 1295 1735 τῶν
1310 1686 1496 1738 κακῶν
1516 1688 1761 1743 διάϐολον
1784 1711 1915 1746 κατ-

324 1758 711 1852 αιηυνθῆναι,
739 1767 965 1837 είρήνην
1013 1769 1071 1821 δὲ
1113 1771 1505 1845 βραϐευθῆναι,
1537 1780 1605 1848 ἢν
1632 1782 1920 1852 ἐχαρίσατο
1954 1782 2000 1842 Β

322 1851 447 1910 τοῖς
483 1852 940 1925 ἐπικεκλημένοις
986 1860 1065 1932 τῷ
1094 1863 1186 1916 τοῦ
1206 1866 1446 1935 Χριστοῦ
1481 1869 1711 1941 ὀνόματι
1760 1874 1921 1940 αὐτὸς

323 1940 356 1990 ὁ
404 1941 639 2010 Χριστὸς
703 1947 901 2017 ήμῶν,
946 1953 978 2020 ή
1039 1954 1386 2027 ὑπερέχουσα
1441 1962 1618 2015 πάντα
1662 1965 1786 2018 νοῦν
1840 1969 1921 2019 εί-

326 2031 469 2131 ρὲιπιη
493 2037 565 2131 ,ὁ
593 2038 718 2131 Δτῆς
753 2038 959 2112 ἔχθρας
1002 2045 1337 2121 καθαιρὲτης
1388 2054 1483 2106 καὶ
1525 2054 1603 2123 τῷ
1638 2056 1920 2131 συνδέσμῳ

320 2124 425 2219 τῆΑς
499 2127 721 2199 ἀγάπης
799 2135 1221 2208 συνδεδεμένους
1317 2139 1459 2196 εἶναι
1549 2124 1915 2219 βουλόμενος,

318 2215 453 2279 τοὺς
510 2219 716 2274 ἐκεῖνον
769 2225 1168 2295 ὁμολογοῦντας
1217 2234 1493 2307 Δεσπότην
1547 2239 1639 2291 καὶ
1690 2242 1914 2311 Κύριον.

334 2305 485 2400 ’ἀλλ’
534 2310 673 2382 ὅπερ
725 2310 880 2369 εἷπον
924 2319 1100 2384 οὕτως
1146 2323 1209 2374 ἐκ
1256 2305 1570 2397 μόνηςντῆς
1617 2305 1790 2400 ἀκοῆς
1816 2350 1916 2384 πε-

324 2396 645 2468 πληγμένος
697 2406 796 2475 τὴν
853 2411 1102 2480 καρδίαν,
1136 2415 1163 2467 ό
1194 2415 1302 2467 τῶν
1343 2396 1636 2487 Ῥωμαίων
1672 2396 1916 2490 ἁγιώτα-

324 2504 419 2551 τος
444 2492 759 2565 ἀρχιερεὺς,
803 2502 899 2553 καὶ
952 2504 1155 2569 πάντες
1197 2508 1247 2559 οἱ
1292 2509 1579 2575 τελοῦντες
1612 2513 1703 2565 ὑπ’
1748 2517 1913 2569 αὑτὸν

324 2578 659 2654 ὑποχείριοι,
717 2590 1051 2648 ἀπέστειλαν
1095 2598 1232 2669 πρὸς
1289 2602 1439 2671 ἡμᾶς
1470 2602 1785 2675 γράψαντες
1817 2608 1912 2661 καὶ

321 2672 463 2767 ἡμίν
515 2678 735 2745 τούτους
777 2687 941 2739 παντὶ
997 2690 1186 2761 τρόπῳ
1222 2672 1911 2767 δι’,ἡμῶννέκπεμφθῆναι

322 2763 469 2861 πρὸς
520 2767 881 2861 Βουλγαρίαν,
926 2778 1239 2845 ἐλπίζοντες
1261 2783 1335 2846 ὡς
1378 2785 1599 2848 πάντως
1635 2763 1911 2861 πεισθήσῃ

319 2854 353 2921 ῆ
391 2858 456 2925 τῇ
487 2858 712 2914 ἐκείνων
740 2868 1085 2935 παραινέσει,
1131 2871 1163 2942 ἢ
1214 2873 1290 2936 τῷ
1318 2874 1523 2946 δεσμῷ.
1562 2878 1910 2947 Παρεκελεύ-

321 2961 460 2999 σατο
481 2950 589 3021 γὰρ
618 2953 711 3005 καὶ
738 2955 900 3010 τοῦτο
931 2962 1044 3023 τοῖς
1090 2962 1283 3015 ἑαυτοῦ
1333 2965 1655 3032 ἀποστόλοις
1681 2970 1709 3022 ὁ
1732 2971 1907 3040 ἁγιώ-

318 3054 483 3101 uti;
517 3043 767 3119 ‘ﬂa'tmtg,
812 3049 897 3101 ἵνα
951 3052 1046 3105 ἐὰν
1101 3071 1205 3126 περ
1260 3056 1397 3127 πρὸς
1446 3058 1544 3130 τὴν
1584 3062 1904 3132 παραίνεσιν

2030 521 2350 591 principem,
2384 525 2849 599 TlteOpbylacmm
2902 536 3139 602 nomine,
3187 551 3239 594 et
3281 542 3476 601 Carum
3527 550 3604 604 illi

2023 627 2311 683 supparem
2369 620 2544 687 quoad
2580 622 2917 692 dignitatem,
2954 627 3021 681 ad
3056 631 3193 684 mala
3231 632 3475 691 lenienda
3504 641 3604 694 mi-

2024 706 2116 755 Sll.
2170 708 2233 755 ΕΙ.
2258 709 2517 755 (ΙρΙρίγΩνίΙ
2553 716 2769 755 nitidam
2802 719 2898 755 Imc
2952 720 3097 755 ινῖηιο
3138 724 3200 755 ..Α
3234 734 3282 755 ιη
3314 743 3431 755 λη...
3462 730 3574 755 ιιι...
3642 670 3667 755 (

2024 706 2116 758 sit.
2169 708 2233 761 Et
2258 709 2522 781 delegavit
2553 716 2770 784 quidem
2802 719 2900 773 bos
2952 720 3099 777 viros
3136 724 3201 778 ad
3233 734 3283 780 te
3312 743 3432 783 cum
3462 730 3605 786 litte-

2025 796 2098 849 ris
2130 802 2396 856 suasoriis
2445 814 2503 858 ut
2536 808 2776 863 dissidiis
2812 810 3073 881 Bulgaros
3116 814 3263 870 inter
3292 828 3345 872 et
3398 822 3603 875 Roma-

2023 904 2123 945 nos
2170 891 2296 946 linis
2360 895 2766 966 imponeretur;
2827 904 3070 959 omnium
3137 922 3302 976 porro
3335 911 3603 967 malorum

2020 990 2196 1049 pater,
2234 982 2486 1041 diabolus
2508 988 2974 1062 confunderetur;
3016 1012 3118 1066 pax
3148 999 3385 1070 denique
3440 1008 3602 1060 resti-

2022 1086 2299 1143 tueretur,
2333 1095 2497 1148 quam
2526 1081 2775 1140 Christus
2815 1088 2930 1156 ipse
2967 1089 3232 1162 impertiit
3267 1111 3464 1151 nomen
3495 1100 3601 1154 sibi

2020 1169 2313 1239 dantibus;
2352 1189 2563 1243 pacem,
2604 1178 2847 1249 inquam,
2904 1198 3025 1252 qua:
3056 1201 3274 1242 omnem
3332 1192 3597 1265 rationem

2020 1279 2260 1339 superat.
2312 1259 2570 1329 Christus
2628 1292 2862 1348 namque
2895 1280 3211 1340 inimicitias
3258 1259 3595 1343 destruendo

2019 1377 2111 1418 eos
2145 1364 2237 1432 qui
2279 1364 2455 1433 ipsum
2508 1366 2795 1424 Dominum
2845 1373 3173 1435 confitentur
3219 1381 3423 1434 amoris
3459 1381 3602 1436 inter

2018 1469 2077 1508 se
2109 1455 2329 1510 vinculo
2357 1474 2528 1528 usque
2560 1462 2789 1517 adunari
2833 1466 3049 1535 satagit.
3090 1466 3216 1535 Sed,
3255 1478 3313 1524 ut
3341 1470 3600 1536 diximus,

2018 1545 2397 1602 sanctissimus
2461 1547 2835 1606 Romanorum
2895 1556 3182 1625 episc0pus
3214 1568 3266 1611 et
3305 1560 3353 1613 ei
3398 1560 3600 1614 subditi

2017 1634 2317 1703 presbyteri
2353 1638 2515 1694 rebus
2549 1639 2697 1696 hisce
2736 1658 2831 1712 per
2861 1644 3032 1698 solam
3066 1645 3268 1701 famam
3306 1650 3596 1719 perceptis,

2029 1741 2151 1779 cum
2186 1728 2352 1783 animi
2389 1732 2606 1787 tristitia
2635 1735 2698 1788 ad
2726 1751 2824 1790 nos
2856 1737 3194 1807 scripserunt
3231 1754 3513 1798 monentes
3539 1755 3599 1799 ut
3648 1754 3649 1757 ‘

2028 1819 2103 1875 illi
2148 1822 2247 1876 viri
2311 1825 2376 1878 ad
2436 1824 2690 1896 Bulgaros
2730 1829 3092 1896 mitterentur,
3126 1831 3178 1885 id
3209 1844 3512 1901 sperantes,
3548 1847 3599 1892 te

2026 1922 2139 1967 tum
2174 1914 2414 1984 ipsorum
2434 1919 2818 1988 exbortationi,
2838 1931 2949 1976 tum
2978 1923 3231 1978 amicitia:
3258 1925 3597 1980 interceden-

2024 2007 2091 2061 tis
2149 2009 2268 2064 voci
2302 2011 2609 2066 audientem
2653 2012 2788 2067 fore.
2820 2013 2873 2068 ld
2892 2015 3033 2069 enim
3054 2017 3432 2071 sanctissimus
3452 2017 3595 2087 Papa

2022 2099 2213 2168 legatis
2283 2102 2399 2156 suis
2464 2103 2785 2174 impertivit,
2847 2108 2906 2160 ut
2952 2118 3024 2173 te,
3083 2108 3173 2163 ubi
3241 2110 3595 2166 iusinuationi

2020 2177 2181 2243 aures
2247 2204 2353 2242 non
2397 2193 2715 2260 praebueris,
2774 2193 3013 2271 Spiritus,
3054 2199 3227 2252 sancti
3298 2198 3592 2254 indissolu-

2018 2278 2111 2333 bili
2180 2280 2427 2335 vinculo.
2461 2285 2913 2355 perstringerent.
2973 2285 3084 2342 Ilos
3135 2290 3354 2344 eosdem
3409 2291 3592 2360 itaque

2020 2369 2167 2426 viros
2234 2372 2302 2426 ad
2357 2382 2407 2427 te
2457 2389 2675 2444 quoque
2712 2379 2928 2432 mittere
2986 2379 3144 2434 nobis
3179 2381 3232 2433 in
3270 2381 3454 2434 animo
3491 2380 3593 2434 fuit

2017 2464 2267 2531 quamvis
2298 2474 2686 2533 gmetueremus
2740 2484 2826 2535 ne,
2879 2470 3041 2525 rebus
3100 2486 3383 2540 perperam
3441 2471 3592 2541 judi-

2015 2552 2174 2614 catis,
2235 2555 2620 2621 apocrisiarios
2655 2558 2837 2612 minus
2883 2559 3020 2613 bene
3073 2569 3290 2625 tractes,
3336 2561 3385 2614 id
3442 2563 3587 2631 quod

2014 2656 2099 2698 est
2166 2645 2322 2713 plane
2384 2659 2571 2701 contra
2615 2648 2706 2716 jus
2790 2652 3029 2719 gentium
3096 2652 3181 2705 vel
3265 2652 3587 2707 inlidelium.

2015 2734 2183 2805 Aigre
2243 2740 2386 2792 enim
2424 2755 2649 2807 prorsus
2689 2739 2983 2807 ferremus,
3020 2744 3066 2797 si
3107 2744 3285 2813 dignis
3314 2744 3422 2799 illis
3458 2747 3588 2804 viris

2012 2839 2135 2897 post
2195 2830 2297 2885 iter
2360 2830 2651 2886 diflieulter
2712 2833 2964 2889 ell'ectnm
3013 2876 3027 2901 ,
3089 2851 3267 2889 rerum
3334 2839 3584 2907 angustia

2012 2923 2216 2989 pressis
2253 2923 2528 2979 cruciatus
2560 2926 2830 2979 subeundi
2866 2925 3064 2981 forent.
3096 2925 3245 2982 llanc
3293 2930 3455 2983 etiam
3514 2932 3585 2984 ob

2011 3051 2230 3090 causam
2255 3038 2480 3106 epistola
2523 3041 2617 3094 tibi
2647 3041 2714 3094 ab
2749 3042 2865 3111 ipso
2893 3042 3036 3112 Papa
3068 3050 3233 3099 missa
3267 3044 3403 3112 fuit;
3441 3045 3586 3102 viros

317 3130 551 3202 κῗείσῃς
580 3137 647 3188 τὰ
678 3156 812 3203 ωτα,
837 3141 1025 3214 δεσμῷ
1059 3146 1241 3217 ἀλύτῳ
1288 3166 1345 3200 σε
1382 3150 1477 3202 τοῦ
1535 3152 1692 3219 ἁγίου
1734 3155 1904 3209 Πνεύ-

2013 3130 2161 3199 ipsos
2192 3130 2334 3198 apud
2354 3146 2453 3185 nos
2473 3132 2796 3188 retinuimus
2819 3145 3123 3192 metuentes
3145 3152 3211 3191 ne
3237 3138 3583 3207 iniuriarum,

322 3242 498 3292 ματος
533 3231 971 3304 συνδεσμήσωσι.
1002 3241 1237 3305 Τούτους
1258 3238 1351 3297 οὖν
1371 3245 1464 3298 ἐπὶ
1481 3247 1657 3318 τούτῳ
1683 3248 1820 3319 πρὸς
1849 3250 1909 3303 σὲ

314 3318 787 3392 ἀπεσταλμένους,
823 3329 1200 3404 ἐϐουλήθημεν
1239 3336 1330 3389 καὶ
1348 3338 1510 3407 ἡμεῖς
1534 3341 1666 3409 πρδς
1690 3318 1750 3393 σέ
1769 3344 1908 3395 ἁποο

316 3410 558 3463 στεῖλαι·
621 3415 736 3467 ἀλλ’
791 3420 970 3474 ἐκεῖνο
1032 3424 1456 3496 ἐνθυμηθέντες,
1505 3429 1582 3492 ὡς
1638 3431 1738 3483 οὐκ
1791 3430 1907 3486 οἶδα

314 3501 506 3565 πόἿεν,
563 3507 755 3561 τέκνον
803 3512 1184 3584 ἠγαπημένον,
1247 3524 1384 3589 μετὰ
1421 3498 1530 3574 τῶν
1585 3523 1764 3577 ἄλλων
1792 3526 1890 3579 καὶ

315 3593 480 3648 tsi-co
505 3603 681 3651 ποιεῖν
713 3602 941 3671 διέγνως
979 3609 1038 3661 οὐ
1075 3611 1277 3676 καλῶς,
1308 3612 1366 3665 τὸ
1396 3616 1528 3679 τοὺς
1572 3616 1902 3688 ἀποκρισια-

316 3687 471 3752 ρίους
498 3693 773 3761 κατέχειν,
798 3698 937 3769 ὅπερ
978 3702 1036 3753 ἐν
1066 3701 1240 3756 οὐδενὶ
1264 3704 1372 3758 τῶν
1392 3706 1566 3760 ἄλλων
1590 3707 1760 3762 ἐθνῶν
1792 3711 1900 3766 οὐδ’

314 3780 372 3831 ἐν
392 3785 506 3845 τοῖς
526 3785 778 3851 ἀπίστοις
792 3793 980 3859 ὁρᾶται
1024 3794 1328 3865 γινόμενον,
1352 3798 1628 3871 ὑπεστάλη
1639 3819 1737 3871 μεν
1759 3803 1899 3856 ὥστε

317 3874 567 3968 μὴντοὺς
617 3878 819 3949 ἄνδρας
873 3886 1012 3953 μετᾶ
1038 3886 1139 3957 τῆς
1164 3888 1331 3959 ἄλλης
1382 3891 1785 3965 ταλαιπωρίας.
1821 3899 1888 3968 ἢν

318 3965 637 4038 ὑπέστησαν
665 3969 923 4029 τοσοῦτον
966 3979 1139 4049 μῆκος
1185 3982 1306 4036 ὀδοῦ
1342 3985 1769 4057 ἐκπονήσαντες,
1804 3990 1898 4044 κοιλ¹

310 4056 393 4117 εἰς
414 4058 516 4127 τὴν
582 4062 735 4132 παρὰ
764 4064 859 4118 σοῦ
911 4072 1277 4141 στενοχωρίαν
1334 4077 1430 4128 καὶ
1484 4077 1731 4133 κάκωσιν
1801 4082 1899 4150 ἐμ-

312 4151 527 4242 πεσεῖν.
561 4152 662 4206 Διά
706 4155 865 4210 τοῦτο
898 4159 957 4212 τὸ
980 4160 1080 4229 μὲν
1119 4164 1331 4234 γραφὲν
1363 4167 1499 4237 πρὸς
1553 4170 1612 4221 σὲ
1662 4171 1898 4242 γράμμα

317 4240 469 4329 παρὰ
532 4243 628 4296 τοῦ
670 4245 978 4314 ἁγιωτάτου
1040 4253 1202 4307 Πάπα
1263 4256 1615 4329 ἐξεπέμφθη⁹
1682 4240 1791 4315 τῶν
1824 4240 1895 4318 .δέ

313 4328 622 4399 ἀνθρώπων
664 4339 983 4407 φεισάμενοι
1035 4343 1135 4413 τῆς
1164 4347 1483 4414 κακώσεως,
1521 4350 1610 4404 ἵνα
1645 4352 1719 4423 μὴ
1752 4354 1893 4423 λέγω

314 4419 406 4525 τοῦ
430 4424 689 4531 balistae,
729 4432 830 4500 τῆς
868 4432 1006 4501 πρὸς
1051 4434 1111 4486 σὲ
1164 4437 1403 4504 ἀφίξεως
1456 4419 1766 4514 ἐπέσχομεν
1797 4419 1893 4498 αὐ·
1924 4472 1973 4531 D

312 4510 459 4607 τούς.
487 4516 553 4607 ἶΐί
595 4517 689 4571 οῦν
742 4539 910 4591 φημι,
957 4525 1147 4580 ’τέκνον
1193 4529 1385 4598 ὴμῶνς
1424 4510 1627 4586 Σκόπει
1666 4510 1768 4587 *καὶ
1817 4537 1891 4607 μὴ

314 4598 580 4675 βουληθῇς
613 4608 804 4680 ὥσπερ
842 4613 999 4683 ἡμῶν
1022 4620 1461 4689 καταφρονῆσαι,
1507 4622 1650 4676 οὕτω
1681 4626 1772 4677 καὶ
1799 4627 1894 4679 τοῦ

314 4690 405 4743 νῦν
436 4695 577 4763 πρὸς
617 4698 676 4750 σὲ
727 4701 1039 4770 γράψαντος
1088 4706 1183 4759 τοῦ
1230 4706 1518 4779 Ῥωμαίων
1564 4713 1893 4783 ἀρχιερέως.

327 4784 465 4838 Ἀλλ’
490 4790 539 4840 εί
571 4791 665 4842 καὶ
688 4793 841 4861 ἡμᾶς
866 4796 923 4846 ἐν
955 4796 1134 4849 οὐδενὶ
1186 4797 1314 4851 ἔθου
1344 4801 1438 4852 καὶ
1486 4806 1583 4864 τὰς
1613 4805 1891 4874 ἡμετέρας

312 4881 699 4950 παραινέσεις,
738 4885 973 4956 τίμησον
1030 4890 1241 4942 ἐκείνου
1298 4893 1396 4961 τὴν
1459 4894 1760 4959 νουθεσίαν,
1813 4900 1886 4969 μή

251 4999 285 5053 ι,
316 4987 440 5023 ποτε
495 4974 901 5047 ἀτιμαζομένου
969 4981 1135 5035 αὑτοῦ
1166 5022 1183 5049 ,
1247 4983 1457 5036 οἰκείαν
1496 4987 1544 5037 οἱ
1597 4991 1888 5057 κορυφαῖοι

270 5062 275 5067 ’
314 5063 602 5119 ἀπόστολοι
634 5069 732 5139 τὴν
760 5072 984 5141 ἀτιμίαν
1015 5077 1398 5146 ποιησάμενοι,
1429 5077 1503 5139 ὡς
1525 5079 1583 5128 ἐν
1610 5080 1765 5133 νυκτὶ
1794 5082 1889 5134 καὶ

312 5156 496 5226 ἡμέρᾳ.
531 5159 745 5224 τούτοις
778 5163 1316 5237 ὲξυπηρετουμένου,
1358 5168 1527 5240 δριμὺ
1582 5170 1887 5241 emanet.)-

313 5263 395 5298 σιν
428 5249 522 5299 ἐπὶ
575 5252 665 5302 σὲ·
708 5256 803 5306 καὶ
840 5256 938 5309 οὐκ
990 5255 1113 5312 οἶδα
1156 5261 1202 5312 εί
1230 5260 1503 5330 δυνηθήσῃ
1544 5260 1643 5329 τὴν
1694 5260 1891 5332 δριμύ-

311 5354 446 5405 τητα
483 5342 806 5412 ὑποστῆναι.
878 5347 1223 5416 Ἀναλόγισαι
1272 5352 1498 5420 Πέτρον,
1534 5352 1679 5414 ὅπως
1732 5354 1891 5406 Ἀνα-

313 5427 429 5479 νίαν
453 5435 549 5483 καὶ
573 5434 671 5504 τὴν
702 5437 911 5490 ἐκείνου
937 5430 1275 5510 σύζυγοντῷ
1305 5442 1521 5513 θανάτῳ
1576 5443 1892 5513 παρέδωκεν

315 5520 373 5571 ἐκ
409 5524 575 5593 μόνης
592 5526 1019 5600 ἀγανακτήσεως
1041 5550 1054 5565 ·
1089 5535 1425 5606 ἐνθυμήθητι
1452 5535 1683 5603 Παῦλον,
1745 5538 1893 5602 ὅπως

392 5725 406 5755 ³
451 5730 569 5782 Act.
616 5742 668 5781 ν,
748 5731 766 5761 ²
808 5730 929 5783 Act.
964 5746 1092 5785 xvii.

2014 3221 2123 3275 imo
2155 3221 2346 3278 mortis
2378 3222 2549 3290 ipsius
2587 3222 3179 3295 discrimengsubirent.
3210 3228 3349 3292 Quid
3382 3231 3534 3297 plura
3563 3229 3585 3281 ἲ

2011 3310 2066 3367 id
2099 3328 2219 3383 age,
2254 3314 2326 3367 mi
2378 3314 2478 3379 liii,
2531 3330 2599 3369 ne
2650 3313 2875 3384 Papam,
2918 3326 2977 3370 ut
3027 3332 3148 3382 nos,
3192 3312 3346 3372 ﬂocci
3387 3319 3579 3376 facias.

2010 3403 2165 3470 Quod
2220 3406 2263 3460 si
2305 3422 2403 3461 nos
2433 3406 2583 3476 ipsos
2613 3421 2718 3476 pro
2751 3406 2922 3462 nihilo
2961 3408 3130 3464 habes
3159 3419 3211 3463 et
3246 3410 3583 3465 exhortatio-

2009 3513 2106 3555 nes
2132 3507 2350 3553 nostras
2383 3499 2780 3570 tergiversaris,
2831 3508 2885 3553 at
2918 3500 3063 3555 illius
3097 3502 3285 3555 saltem
3331 3503 3581 3557 consiliis

2009 3591 2247 3644 attende.
2282 3590 2383 3646 Ubi
2421 3593 2562 3646 enim
2595 3590 2752 3660 Papae
2781 3592 3079 3648 auctoritas
3129 3596 3430 3664 spernitur,
3467 3610 3583 3649 me-

2007 3681 2264 3734 tuendum
2300 3692 2379 3736 est
2406 3697 2472 3737 ne
2501 3683 2702 3736 summi
2742 3684 2994 3753 apostoli,
3028 3681 3186 3752 Papae
3214 3685 3434 3738 nomine
3460 3699 3582 3739 sese

2004 3771 2243 3827 offensos
2266 3772 2613 3840 arbitrantes,
2640 3773 2840 3843 iniquis
2882 3784 2932 3829 te
2969 3775 3139 3830 oculis
3170 3776 3463 3845 aspiciant,
3492 3783 3579 3829 tu-

2004 3880 2108 3930 que
2162 3864 2274 3933 ipsc
2329 3866 2556 3934 turpiter
2612 3866 2925 3921 occumbas.
2982 3866 3121 3921 Ante
3163 3868 3352 3922 oculos
3394 3868 3580 3937 ponito

2003 3956 2221 4012 Petrum
2258 3959 2350 4027 qui
2396 3959 2664 4013 Ananiam
2720 3960 2947 4030 ejusque
2985 3974 3252 4026 uxorem,
3305 3961 3386 4015 ira
3444 3976 3579 4015 con-

2003 4050 2164 4116 citus,
2216 4060 2392 4103 morte
2439 4049 2706 4104 multavit.
2778 4048 2836 4104 lu
2891 4062 3129 4106 mentem
3182 4066 3376 4107 revoca
3432 4052 3576 4107 Pau-

2000 4141 2111 4196 lum
2146 4144 2237 4212 qui
2261 4143 2462 4212 Elymac
2493 4143 2635 4213 magi
2665 4144 2854 4199 oculos
2877 4144 3189 4215 occaecavit,
3222 4146 3362 4214 quod
3398 4144 3577 4214 Apos-

2004 4233 2113 4289 tolo
2154 4235 2400 4290 infensus
2440 4250 2559 4289 esse
2596 4234 2898 4289 videbatur.
2936 4233 3061 4289 Hazc
3108 4235 3327 4304 quidem
3393 4240 3576 4290 animo

2000 4324 2304 4387 considera,
2340 4324 2413 4377 mi
2468 4323 2564 4390 lili,
2621 4338 2800 4392 neque
2849 4321 2902 4377 id
2957 4324 3290 4389 committas,
3326 4331 3383 4377 ut
3414 4323 3574 4394 Papa-

1999 4431 2153 4486 aeque
2179 4431 2242 4470 ac
2272 4415 2931 4491 nostrastiadmonitiones
2961 4414 3135 4469 ventis
3169 4416 3385 4481 tradas;
3425 4417 3572 4485 quod

1999 4526 2063 4564 eo
2101 4510 2283 4564 minus
2320 4508 2512 4574 facies,
2547 4508 2671 4577 quia
2713 4515 2773 4562 ut
2831 4507 3147 4574 didicimus,
3195 4509 3377 4578 magni
3434 4507 3569 4564 facis

1994 4602 2266 4671 principes
2294 4610 2509 4657 sanctos
2531 4600 2914 4670 Apostolorum
2949 4617 2966 4664 ;
2996 4615 3136 4671 quos
3180 4600 3225 4656 si
3256 4615 3446 4669 reapse
3478 4616 3572 4655 vc-

1996 4694 2228 4759 ncraris,
2264 4710 2388 4749 eum
2425 4696 2613 4764 utique
2644 4694 3015 4758 veneraberis,
3056 4693 3149 4763 qui
3210 4694 3440 4749 istorum
3480 4710 3569 4749 se-

1995 4791 2117 4842 dem
2181 4798 2431 4857 occupat.
2500 4786 2625 4841 Hmc
2683 4796 2862 4841 autem
2928 4786 3245 4852 scribimus,
3284 4797 3339 4841 et
3382 4787 3572 4842 Roma:

2004 4882 2334 4935 mentionem
2400 4880 2631 4935 facimus
2687 4879 2757 4934 ob
2789 4879 2994 4949 legatos
3025 4879 3092 4933 ad
3142 4889 3194 4934 te
3257 4882 3569 4935 mittendos.

2003 4973 2176 5027 Probe
2203 4976 2364 5027 etiam
2391 4974 2597 5029 scimus
2633 4987 2732 5042 per
2785 4973 2879 5027 Dei
2927 4972 3181 5041 gratiam,
3215 4973 3357 5041 quod
3397 4974 3440 5026 si
3499 4973 3571 5026 ob

1999 5080 2223 5140 quartas
2251 5072 2468 5140 nuptias
2504 5070 2821 5126 scandalum
2853 5072 2906 5125 in
2950 5069 3194 5127 Ecclesia
3246 5072 3568 5137 surrexerit,

1998 5165 2095 5217 viri
2128 5165 2301 5218 sancti
2367 5164 2419 5217 in
2450 5164 2598 5219 omni
2631 5163 2938 5218 humilitate
2968 5162 3316 5218 anathemate
3350 5161 3399 5214 id
3440 5177 3567 5229 pro-

1993 5258 2299 5327 pulsarunt.
2330 5258 2705 5326 Quodcunque
2733 5258 2876 5313 enim
2911 5256 3200 5313 sanatione
3229 5270 3365 5323 opus
3402 5256 3565 5312 babe-

1994 5350 2106 5411 bat,
2134 5358 2384 5404 sanatum
2419 5350 2541 5404 fuit.
2599 5351 2868 5406 Caeterum
2908 5351 3085 5404 sacris
3122 5362 3340 5417 operam
3374 5350 3566 5403 damus

1994 5443 2288 5513 mysteriis,
2335 5452 2389 5497 et
2442 5442 2845 5499 communionis
2900 5456 3089 5496 eorum
3140 5456 3205 5496 ac
3258 5442 3566 5498 sanctiﬁca-

1996 5536 2160 5591 tionis
2188 5536 2600 5608 pa'rticipamus,
2657 5538 2799 5593 unde
2824 5535 3082 5593 Romanis
3114 5551 3327 5608 quoque
3354 5545 3406 5593 et
3430 5536 3563 5592 Cun-
