4038 6204
398 249 500 309 179
1524 247 1834 308 NICOLAI
1874 247 1985 306 ce.
2026 200 2543 304 mmmam-Le
3539 238 3640 301 180

395 358 892 430 stantinopolitante
925 358 1178 415 Ecclesia:
1205 359 1333 414 unio
1372 360 1640 429 speranda
1700 368 1804 412 est.
1839 356 1965 412 ll.ee

2083 355 2290 424 Ἐλύμα
2352 353 2448 407 τοῦ
2501 353 2677 424 μάγου
2732 357 2859 419 τοὺς
2909 355 3220 427 ὀφθαλμοὺς
3284 355 3640 425 ἠμαύρωσεν,

393 454 459 508 ad
491 461 543 507 te
572 453 915 522 scripsimus,
983 461 1039 522 ut
1066 461 1120 506 et
1179 452 1314 522 ipse,
1361 453 1503 506 sicut
1531 465 1654 514 nos,
1711 451 1777 504 de
1822 458 1964 506 statu

2077 445 2261 513 ἐπειδὴ
2319 445 2480 514 μόνον
2528 443 2710 509 ἔδοξεν
2753 445 2781 497 ό
2819 447 3168 517 ταλαίπωρος
3239 447 3444 506 ἐκεῖνος
3496 444 3633 512 πρὸς
3681 502 3690 522 '

337 553 362 562 "
393 545 746 600 ecclesiarum
795 543 1058 616 gaudeas.
1107 533 1431 601 Persuasum
1493 543 1637 598 enim
1674 542 1961 609 habemus,

2077 541 2422 607 ἐναντιότητα
2483 538 2742 608 φέρεσθαι
2799 538 2894 592 τοῦ
2963 539 3308 592 Ἀποστόλου.
3338 538 3522 590 ταῦτα
3550 536 3644 590 οῦν
3683 547 3691 612 ξ

397 647 447 690 te
496 644 682 703 utpote
741 625 942 687 Christi
973 632 1184 685 ﬁdelem
1221 635 1288 686 de
1335 633 1476 686 bono
1537 632 1791 690 Ecclesiae
1820 641 1961 686 statu

2077 627 2432 698 ἐνθυμήθητι,
2491 631 2679 680 τέκνον
2739 629 2918 696 ἡμῶν,
2978 628 3074 681 καὶ
3134 628 3297 681 πάλιν
3329 628 3492 702 φημὶ,
3551 623 3691 678 καί“

395 725 590 788 lzetari,
617 725 768 778 nulla
800 723 987 780 habita
1048 723 1265 777 ratione
1303 723 1776 792 perturbationum
1820 738 1961 792 quae,

2077 722 2277 791 φρίκην
2333 720 2428 772 καὶ
2488 719 2655 788 φόϐον
2717 719 2991 772 ἀνα).αόοῦ
3032 721 3112 782 είς
3157 720 3220 771 τὸ
3258 719 3441 781 καθὼς
3471 719 3642 786 ἡμᾶς.

393 818 611 872 diabolo
642 824 922 887 operante,
976 815 1120 870 inter
1160 814 1422 885 Bulgaros
1450 829 1514 869 ac
1547 812 1822 870 Romanos
1877 814 1962 867 in-

2077 811 2215 864 οὕτω
2275 811 2369 863 καὶ
2413 810 2506 862 τοῦ
2563 809 2729 864 Πάπα
2786 810 2886 881 τὴν
2926 810 3278 864 διδασκαλίαν
3343 808 3644 879 παραλογί-

394 913 702 977 tercedunt.

2077 903 2309 955 σασΘαιο
2345 903 2578 970 μάλιστα
2627 903 2708 954 ὅτι
2756 902 2851 956 καὶ
2902 902 3062 964 αὐτὸς
3123 902 3186 954 σὺ
3226 900 3300 963 ὣς
3336 917 3398 968 γε
3439 898 3648 970 μανθά-

395 1035 559 1087 νομεν
588 1021 717 1090 περὶ
776 1018 970 1076 πολλοῦ
1014 1021 1144 1091 ποιῇ
1173 1017 1267 1072 τοῦ
1302 1020 1472 1090 τιμᾷν
1499 1016 1632 1081 τοὺς
1679 1016 1866 1085 ἁγίους
1902 1015 1998 1068 καὶ
2059 1014 2391 1088 κορυφαίους
2439 1013 2550 1067 τῶν
2607 1014 2883 1086 μαθητῶν,
2925 1013 3020 1078 οὓς
3076 1014 3125 1074 εί
3187 1014 3401 1085 άληθῶς
3457 1013 3647 1082 τιμᾷς,

395 1099 612 1180 παντως
647 1118 747 1174 οὐκ
808 1117 1099 1187 ἀτιμάσεις
1155 1116 1247 1174 τὸν
1289 1116 1346 1172 ἐν
1389 1115 1469 1186 τῷ
1530 1116 1704 1186 θρόνῳ
1765 1115 1971 1168 τούτων
2023 1112 2354 1182 καθήμενον.
2408 1111 2570 1164 Ἀλλά
2631 1112 2803 1164 ταῦτα
2863 1111 2960 1182 μὲν
3013 1113 3300 1180 γράφομεν
3364 1112 3493 1178 περὶ
3540 1110 3649 1164 τῶν

407 1211 699 1279 Ῥωμαίων
739 1209 901 1262 ἕνεκα
950 1209 1048 1279 τῆς
1095 1208 1230 1279 πρὸς
1267 1206 1328 1260 σὲ
1385 1207 1712 1276 ἀποστολῆς.
1764 1204 2110 1276 Γνωρίζομεν
2161 1203 2220 1256 δέ
2253 1221 2334 1256 σοι
2386 1203 2481 1256 καὶ
2537 1201 2716 1267 τοῦτο,
2771 1204 2854 1256 ὃτι
2883 1202 3064 1273 χάριτι
3117 1199 3251 1254 Θεοῦ
3293 1203 3362 1253 τά
3415 1198 3649 1262 ἐνταῦθα

394 1300 820 1366 καταλαϐόντες,
874 1301 928 1356 εί
980 1317 1034 1354 τι
1077 1301 1372 1356 σκάνδαλον
1440 1301 1504 1354 ἑκ
1536 1299 1630 1356 τοῦ
1673 1299 1936 1370 τετάρτου
1989 1297 2168 1366 γάμου
2204 1297 2262 1347 ἐν
2308 1298 2375 1368 τῇ
2417 1294 2715 1365 Ἐκκλησία
2757 1293 3096 1370 συμδέδηξιε.
3151 1291 3311 1345 τοῧτο
3359 1291 3497 1362 μετά
3549 1291 3646 1361 τῆς

391 1393 552 1462 ἡμῶν
584 1394 972 1466 ταπεινότητος
1008 1391 1085 1464 τῷ
1114 1392 1418 1462 ἀναθέματι
1454 1366 1873 1461 παραδεδώκασι
1910 1388 2010 1457 (Ι),
2049 1389 2143 1442 καὶ
2181 1366 2360 1443 πάντα
2404 1389 2506 1440 ὃσα
2544 1387 2712 1453 ἐδεῖτο
2744 1366 3061 1455 θεραπείας,
3101 1385 3256 1456 ἔτυχε
3287 1388 3387 1455 τῆς
3435 1384 3648 1454 ὀφειλο-

395 1485 564 1557 μινης
620 1485 837 1549 ἰάσεως,
871 1485 964 1538 καὶ
1015 1483 1202 1540 λοιπδν
1233 1485 1387 1555 κοινῇ
1440 1486 1551 1544 τοῖς
1593 1483 1883 1554 ἀκράντοις
1942 1481 2366 1551 ὑπηρετήσαμεν
2424 1478 2773 1548 μυστηρίοις,
2829 1477 2923 1531 καὶ
2981 1478 3079 1547 τῆς
3139 1477 3423 1538 κοινωνίας
3468 1477 3649 1529 αὐτῶν

397 1575 732 1646 μετέσχομεν
764 1574 859 1627 καὶ
888 1573 998 1642 ,τοῦ
1050 1573 1350 1644 ἁγιασμοῦ,
1394 1574 1489 1627 καὶ
1533 1573 1725 1640 γέγονε
1785 1571 1970 1624 λοιπὸν
2025 1574 2058 1642 ὴ
2098 1571 2387 1640 Ῥωμαίων
2423 1570 2516 1620 καὶ
2560 1568 3292 1638 ⁷ί],Κωνσταντινουπολιτῶν
3355 1566 3651 1637 Ἐκκλησία

395 1670 526 1738 μιᾶς
594 1667 896 1738 συμπνοίας
931 1667 1027 1726 καὶ
1084 1666 1358 1736 ὁμονοίας.
1403 1663 1761 1736 Ἐγράψαμεν
1802 1663 1895 1718 οῦν
1927 1664 2018 1718 καὶ
2045 1662 2175 1733 περὶ
2200 1661 2410 1726 τούτου,
2447 1660 2542 1713 τοῦ
2581 1660 2679 1727 μὲν
2735 1661 2821 1713 ἵνα
2885 1661 2981 1713 καὶ
3041 1659 3204 1724 αὐτὸς
3256 1661 3468 1738 χαίρειν
3497 1660 3649 1732 ἔχῃς,

394 1761 583 1831 ὥσπερ
614 1762 708 1820 καὶ
728 1761 907 1831 ἡμεῖς,
940 1759 1032 1813 ἐπὶ
1056 1761 1123 1829 τῇ
1147 1761 1484 1812 καταστάσει
1507 1757 1616 1814 τῶν
1639 1756 1964 1827 ἐκκλησιῶν.
1997 1752 2127 1809 Οἶδα
2161 1755 2269 1824 γάρ
2316 1755 2398 1806 ὅτι
2429 1769 2536 1822 περ
2599 1753 2648 1808 εἰ
2674 1752 2769 1804 καὶ⁹
2833 1754 2860 1805 ὁ
2892 1753 3138 1816 Σατανᾶς
3175 1753 3242 1805 τὰ
3290 1736 3442 1812 ἄλλα
3467 1753 3650 1816 κακῶς

391 1850 608 1921 διέθηκε
657 1851 860 1920 μεταξὺ
922 1852 1215 1920 Ῥωμαίων
1305 1851 1396 1903 καὶ
1458 1850 1806 1920 Βουλγάρων,
1876 1849 1987 1908 ἀλλ’
2043 1849 2191 1916 ὅμως
2257 1847 2330 1909 61:
2378 1845 2470 1898 τοῦ
2537 1842 2774 1917 Χριστοῦ
2822 1845 3144 1916 λατρευτὴς,
3201 1849 3412 1917 χαίρεις
3455 1848 3546 1901 ἐπὶ
3583 1851 3650 1920 τῇ

393 1947 724 2022 καταστάσει
748 1948 846 2024 τῆς
877 1946 1042 2006 αὐτοῦ
1079 1945 1406 2018 Ἐκκλησίας
1441 1946 1541 2018 (2).

463 2105 596 2162 [llud
654 2105 847 2170 miror,
895 2118 928 2157 ο
973 2103 1071 2168 lili,
1123 2103 1267 2175 quod
1303 2113 1454 2157 tanta
1506 2102 1794 2172 prudentia
1844 2117 1976 2172 prae-
2007 2108 2049 2162 Β

396 2207 550 2252 stans
585 2213 697 2253 rem
729 2204 820 2252 tua
855 2195 1146 2266 prudentia
1183 2195 1458 2266 indignam
1494 2192 1684 2248 facias.
1734 2191 1970 2262 Recepta

393 2290 462 2342 ab
499 2288 604 2342 illis
641 2288 734 2356 qui
770 2283 864 2342 Dei
915 2285 1258 2356 providentia
1303 2286 1592 2355 imperium
1628 2292 1820 2338 tenent
1854 2282 1974 2351 epi-

395 2381 560 2445 stola,
597 2380 676 2434 eis
709 2394 814 2436 non
854 2379 1176 2448 restiondes,
1223 2379 1316 2433 sed
1368 2378 1604 2443 senatui,
1660 2377 1805 2446 quod
1839 2391 1970 2430 sane

396 2477 694 2539 insuetum,
718 2475 1016 2544 audituque
1037 2473 1378 2538 indecorum,
1400 2473 1452 2526 in
1479 2483 1531 2527 te
1547 2471 1875 2540 vituperium
1905 2483 1974 2523 ne

396 2566 708 2622 suscitaret.
745 2563 880 2631 Quis
914 2566 1058 2619 enim
1093 2565 1257 2618 homo
1289 2564 1428 2618 inter
1457 2577 1647 2616 omnes
1679 2561 1964 2632 epistolam

398 2657 467 2710 ah
522 2658 827 2725 imperante
875 2656 1188 2726 accipiens,
1241 2671 1365 2710 eum
1430 2655 1690 2727 negligit,
1745 2652 1968 2706 scribit-

397 2761 505 2818 que
559 2746 624 2801 ad
668 2747 793 2805 illos
849 2748 942 2818 qui
991 2749 1094 2803 sub
1143 2748 1262 2816 ejus
1311 2745 1578 2816 potestate
1621 2747 1789 2800 sunt?
1837 2745 1974 2810 Quis

397 2856 636 2909 unquam
685 2854 864 2910 regem
909 2838 1191 2911 negligens
1230 2839 1316 2891 cui
1365 2846 1605 2907 potestas
1639 2836 1975 2906 approbandi

396 2941 491 2983 aut
520 2930 857 2998 improbandi
884 2925 1006 2998 quae
1037 2929 1179 2982 dicta
1211 2936 1358 2990 sunt,
1394 2943 1517 2983 cum
1556 2928 1820 2982 ministris
1852 2928 1975 2997 ejus

398 3021 791 3085 communicat,
827 3027 880 3074 et
917 3021 985 3074 ab
1035 3019 1144 3074 illis
1177 3018 1487 3089 opinionem
1541 3018 1822 3072 sciscitare
1868 3033 1974 3072 non

398 3113 764 3184 dedignatur?
805 3112 1034 3166 Ubinam
1072 3111 1312 3183 gentium
1367 3110 1498 3165 illud
1553 3109 1754 3166 factum
1805 3109 1975 3166 fuisse

398 3203 656 3259 audisti?
725 3203 862 3258 lllttd
918 3203 1116 3257 rationi
1180 3217 1312 3258 sane
1373 3201 1638 3257 absonum
1705 3216 1972 3270 nusquam

398 3311 572 3367 usque
609 3292 788 3350 adhuc
816 3294 1019 3357 evenit,
1052 3307 1228 3363 neque
1255 3301 1341 3346 est
1379 3293 1469 3360 qui
1506 3291 1737 3346 audiens
1767 3292 1847 3345 sic
1883 3307 1976 3345 co-

397 3390 657 3462 gitantem
709 3403 819 3443 non
861 3388 1208 3442 condemnet.
1259 3385 1448 3454 Abjice
1493 3399 1649 3454 ergo,
1683 3398 1715 3436 ο
1745 3384 1840 3448 tili,
1871 3385 1975 3437 tale

2161 2101 2368 2154 Ἐκεῖνο
2401 2100 2457 2154 δὲ
2501 2095 2790 2167 θαυμάζω,
2822 2096 3012 2148 τεκνον
3041 2093 3220 2164 ἡμῶν,
3246 2094 3386 2167 πῶς,
3411 2096 3649 2163 τοσαύτῃ

2075 2192 2293 2245 συνέσει
2317 2191 2666 2259 διαπρέπων,
2702 2189 2936 2258 πρᾶγμα
2962 2189 3137 2250 ποιεῖς
3170 2185 3390 2250 ἀνάξιον
3425 2187 3522 2256 τῆς
3551 2187 3650 2256 σῆς

2075 2284 2369 2348 συνέσεως.
2415 2284 2715 2354 Δεχόμενος
2773 2283 2879 2352 γὰρ
2923 2281 3160 2350 γράμμα
3215 2279 3366 2350 παρὰ
3417 2281 3526 2334 τῶν
3555 2280 3652 2331 λα-

2073 2378 2280 2449 χόντων
2335 2379 2400 2429 ὲκ
2462 2374 2599 2429 Θεοῦ
2637 2375 2948 2446 βασιλεύειν
2985 2373 3079 2426 τοῦ
3130 2371 3441 2441 Ῥωμαϊκοῦ
3497 2373 3652 2446 λαοῦ,

2074 2470 2436 2541 άντιγράφεις
2464 2469 2526 2523 οὐ
2566 2469 2702 2539 πρὸς
2747 2466 3012 2532 ἐκείνους,
3043 2466 3179 2519 ἀλλὰ
3217 2466 3348 2536 πρὸς
3388 2467 3485 2536 τὴν
3515 2464 3650 2532 σύγε

2077 2565 2298 2634 κλητον,
2326 2563 2364 2626 ,ὃ
2403 2562 2499 2616 καὶ
2528 2561 2834 2633 παράδοξον
2863 2561 3096 2613 ἀκοῦσαι
3125 2561 3220 2613 καὶ
3254 2559 3521 2632 ἀπρεπὲς,
3554 2561 3651 2614 καὶ

2078 2659 2139 2712 σὲ
2175 2659 2254 2721 εἰς
2289 2657 2496 2728 μέμψιν
2542 2655 2830 2725 ὲμὸάλλον.
2875 2655 2969 2715 Τίς
3002 2655 3109 2725 γάρ
3141 2671 3270 2706 ποτε
3297 2654 3405 2710 τῶν
3434 2653 3651 2706 πάντων

2075 2749 2406 2818 ἀνθρώπων,
2445 2750 2508 2800 ὲκ
2537 2747 2630 2800 τοῦ
2664 2747 2921 2816 λαχόντος
2943 2746 3131 2816 ἄρχειν
3151 2747 3386 2814 γράμμα
3425 2744 3650 2814 δεχόμεο

2076 2856 2188 2901 νος,
2223 2839 2438 2891 ἐκεῖνον
2473 2837 2574 2905 μὲν
2627 2835 2973 2898 καταλείπει,
3007 2838 3211 2906 γράφει
3265 2836 3321 2888 δὲ
3354 2835 3489 2910 πρὸς
3520 2835 3646 2893 τοὺς

2077 2931 2182 2984 ὑπὸ
2211 2934 2367 3001 χεῖρα
2395 2929 2683 2990 τελοῦντας
2705 2947 2719 2992 ς
2739 2929 2835 2991 Τίς
2885 2945 3037 2990 ποτε,
3067 2930 3156 2980 τὸν
3179 2927 3448 2997 δεσπότην
3467 2927 3649 2996 άςρεὶς,

2075 3023 2134 3084 ὃς
2179 3025 2368 3093 κύριος
2410 3020 2649 3092 ὑπάρχει
2682 3021 2812 3089 περὶ
2846 3020 2954 3072 τῶν
2994 3020 3307 3088 λεγομένων
3347 3019 3440 3070 καὶ
3482 3035 3653 3070 κατα·

2077 3117 2256 3169 νεύειν
2314 3115 2408 3168 καὶ
2470 3114 2565 3184 μὴ,
2617 3115 2729 3177 τοῖς
2755 3112 2963 3172 δούλοις
3006 3111 3338 3180 διαλέγεται,
3397 3111 3492 3162 καὶ
3523 3109 3652 3179 παρ’

2079 3209 2307 3262 ἐκείνων
2339 3206 2480 3270 άξιοϊ
2509 3205 2736 3275 γνώμην
2782 3204 3084 3274 λαμϐάνειν
3111 3220 3125 3270 ;
3175 3203 3281 3255 Ιιοῦ
3317 3200 3475 3254 τοῦτο
3503 3201 3652 3268 γινόο

2081 3318 2244 3372 μενον
2267 3301 2510 3371 ἤκουσας
2540 3300 2598 3350 ὲν
2625 3299 2790 3350 πᾶσιν
2807 3295 3120 3369 ἀνθρώποις
3137 3314 3150 3358 ;
3170 3296 3244 3347 Οὐ
3267 3293 3459 3361 γέγονε
3490 3292 3651 3364 μέχρι

2078 3395 2174 3448 καὶ
2203 3392 2298 3446 νῦν
2333 3390 2572 3462 οὐδαμοῦ
2605 3390 2664 3443 τὸ
2703 3390 3014 3462 παράλογον
3041 3388 3220 3452 τοῦτο,
3247 3386 3357 3440 οὐδ’
3389 3387 3538 3438 ἔστιν
3565 3385 3649 3451 ὃς,

399 3460 762 3550 propositum,
818 3478 963 3548 quod
1016 3477 1253 3547 iocantis
1287 3485 1392 3540 est,
1447 3491 1554 3529 non
1585 3476 1686 3530 viri
1719 3476 1871 3529 serii.
1913 3477 1968 3530 ‘c’i

2080 3485 2238 3538 τοῦτο
2269 3483 2539 3549 ἀκούσας,
2599 3483 2719 3552 οὐχὶ
2767 3481 2969 3551 πολλὴν
3004 3481 3351 3548 κατάγνωσιν
3390 3478 3532 3533 κατὰ
3557 3477 3651 3530 τοῦ

400 3589 550 3636 vero,
585 3572 697 3626 Deo
729 3572 967 3636 alliante,
1017 3572 1328 3626 meditando
1367 3570 1565 3625 ductus
1595 3571 1672 3626 sis
1712 3571 1778 3623 ad
1824 3569 1972 3623 dam~

398 3665 577 3718 nanda
629 3664 1084 3733 abhorreudaqne
1139 3680 1201 3718 ea
1276 3680 1397 3733 quae
1451 3664 1718 3733 patrasti,
1766 3665 1976 3719 scilicet

399 3754 596 3817 aedes,
623 3753 841 3808 urbium
864 3754 1138 3818 incendia,
1165 3762 1496 3822 cmterasque
1539 3754 1891 3817 vastationes,
1920 3765 1974 3808 et

399 3844 466 3897 ad
485 3846 623 3898 bona
647 3845 796 3914 pacis
813 3845 1082 3902 advertas.
1102 3846 1280 3900 scribe
1298 3845 1362 3899 ad
1379 3862 1474 3900 eos
1496 3845 1586 3915 qui
1615 3861 1643 3898 a
1672 3847 1776 3899 Deo
1797 3853 1979 3900 tenent

395 3936 682 4006 imperium
703 3939 997 4008 populique
1015 3953 1199 3992 curam
1227 3955 1242 4006 ;
1270 3947 1346 4006 et,
1370 3939 1416 3993 si
1445 3939 1676 4004 videtur,
1701 3939 1878 3995 locum
1904 3938 1981 3994 itt-

397 4031 516 4085 dica
552 4032 602 4087 in
659 4048 820 4100 quem
855 4033 1178 4088 convenient
1207 4035 1298 4110 qui
1327 4034 1394 4087 de
1425 4049 1556 4102 pace
1578 4032 1884 4088 consulent.

2075 3576 2304 3630 τοιαῦτα
2329 3574 2654 3648 φρονοῦντος
2678 3575 2986 3644 ποιήσεται.
3014 3573 3296 3626 Κατάλιπε
3320 3571 3434 3638 οὖν,
3462 3572 3653 3624 τέκνον

2079 3667 2256 3738 ἡμῶν,
2291 3667 2390 3738 τὴν
2411 3666 2667 3738 τοιαύτην
2701 3667 2947 3720 ἐπίνοιαν
2969 3684 2982 3698 ’
3025 3667 3088 3719 ού
3129 3666 3237 3733 γάρ
3263 3667 3378 3716 ἐστι
3420 3663 3652 3716 σπουδα-

2077 3761 2300 3826 ζόντων,
2319 3758 2452 3812 ἀλλὰ
2471 3757 2794 3822 παιζόντων.
2815 3759 2925 3811 Καὶ
2950 3757 3013 3809 σὺ
3037 3755 3153 3817 οὖν,
3175 3759 3223 3810 εἴ
3238 3773 3300 3824 γε
3327 3755 3510 3808 λαϐὼν
3536 3754 3655 3806 Θεό-

2079 3851 2171 3903 Θεν
2199 3850 2438 3904 διάνοιαν
2465 3851 2546 3911 εἰς
2577 3851 2924 3916 κατάγνωσιν
2943 3845 3107 3918 ἦλθες
3152 3851 3247 3900 καὶ
3290 3845 3654 3917 μεταμέλειαν

2083 3943 2191 3994 τῶν
2233 3943 2386 4012 παρὰ
2416 3941 2510 3994 σοῦ
2538 3941 2863 4010 γενομένων,
2881 3941 2990 3994 τῶν
3019 3941 3215 4008 φόνων,
3243 3940 3350 3991 τῶν
3373 3956 3443 3990 πυ
3453 3936 3655 4007 ρπολήο

2085 4050 2240 4097 σεων,
2282 4033 2384 4100 τῆς
2419 4031 2585 4100 ἄλλης
2637 4031 2990 4102 ἐρημώσεως,
3034 4033 3127 4103 καί
3191 4032 3259 4082 τά
3291 4031 3392 4099 τῆς
3429 4030 3653 4099 εἰρήνης

397 4127 616 4196 φρονεῖς
644 4124 880 4197 άληθῶς,
899 4125 1079 4198 γράφε
1109 4126 1245 4198 πρὸς
1280 4129 1403 4190 τοὺς
1429 4126 1692 4189 λαϐόντας
1724 4125 1872 4194 παρὰ
1911 4124 2044 4178 Θεοῦ
2071 4125 2164 4178 καὶ
2185 4125 2284 4195 τὴν
2323 4124 2601 4194 βασιλείαν
2640 4126 2736 4177 καὶ
2765 4123 2862 4194 τὴν
2892 4125 3150 4201 πρόνοιαν
3179 4125 3272 4178 τοῦ
3296 4124 3425 4178 λαοῦ
3449 4119 3615 4176 αὐτοῦ
3637 4141 3649 4153 ·

397 4221 493 4283 καὶ
516 4220 569 4274 εἴ
617 4239 681 4292 γε
739 4223 900 4277 τοῦτο
931 4223 1100 4287 δοκεῖ,
1167 4221 1379 4276 καὶτὸν
1441 4221 1608 4275 τόπον
1667 4223 1724 4274 ὲν
1764 4214 1808 4289 ᾧ
1844 4220 2281 4292 συναφοὴσονται
2319 4223 2368 4274 οἱ
2407 4221 2473 4273 τὰ
2496 4220 2597 4290 τῆς
2625 4221 2851 4291 εἰρήνης
2888 4219 3298 4290 συνθησόμενοι.

473 4379 536 4431 lit
585 4378 630 4432 si
679 4386 736 4433 tu
787 4378 906 4447 ipse
949 4379 1246 4433 convenire
1277 4379 1433 4442 velis,
1472 4380 1707 4433 deelara.
1763 4376 1826 4429 Et
1872 4390 1974 4447 ego

399 4468 644 4530 humilis,
675 4469 776 4523 etsi
815 4483 983 4526 senex
1026 4483 1092 4522 ac
1135 4467 1348 4531 debilis,
1403 4467 1758 4522 nihilominus
1825 4469 1890 4520 ad
1926 4478 1976 4520 te

2157 4375 2266 4436 Καὶ
2293 4377 2340 4428 εἰ
2377 4376 2482 4445 μὲν,
2517 4376 2679 4438 αὐτὸς
2711 4375 2892 4446 βούλει
2937 4377 3027 4442 διά
3074 4373 3304 4430 σεαυτοῦ
3340 4374 3653 4446 παραγενέ-

2085 4468 2230 4533 σοαι,
2281 4468 2574 4527 καὶτοῦτο
2627 4469 2856 4540 ποίησον
2915 4470 3111 4539 δῆλον·
3169 4468 3311 4522 ὥστε
3359 4472 3454 4522 καὶ
3511 4471 3653 4539 ἐμὴν

400 4557 726 4625 congrediar
755 4573 881 4612 ctnn
933 4558 1258 4626 proceribus
1302 4574 1446 4626 quos
1500 4558 1674 4611 nostri
1721 4567 1973 4614 amantes

2078 4562 2470 4631 ταπεινότητα,
2516 4563 2566 4614 εἰ
2597 4563 2692 4615 καὶ
2720 4563 2900 4632 γέρων
2931 4561 3026 4616 καὶ
3067 4561 3322 4632 ἀσθενὴς,
3362 4562 3479 4616 ἀλλ’
3503 4563 3650 4633 ὅμως

401 4645 676 4698 Christum
704 4642 1052 4712 imperatoris
1077 4645 1427 4716 delugabunt.
1463 4647 1554 4701 Sic
1585 4663 1706 4714 age,
1739 4649 1784 4702 si
1830 4665 1976 4715 vere,

397 4735 536 4792 bella
567 4744 622 4789 et
652 4735 830 4802 credes
872 4737 1074 4803 oderis,
1126 4739 1170 4794 si
1223 4740 1374 4808 pacis
1411 4741 1712 4796 desiderico
1774 4745 1980 4797 teneari

399 4830 495 4885 Sin
539 4837 729 4888 contra
759 4845 882 4900 qua
905 4831 1102 4887 scribis
1134 4848 1241 4887 non
1274 4833 1376 4888 viri
1410 4849 1537 4889 vere
1567 4835 1787 4890 solliciti
1824 4845 1978 4903 sunt,

400 4937 576 4990 neque
602 4936 787 4991 pacem
822 4926 1148 4992 appetentis,
1201 4927 1294 4981 sed
1351 4943 1504 4982 vana:
1549 4928 1900 4998 allegationes
1925 4940 1980 4984 et

396 5015 560 5069 verba
613 5015 676 5069 ad
710 5015 897 5086 joeum
948 5030 1230 5086 expressa,
1282 5020 1464 5088 pntius
1515 5028 1599 5075 est
1646 5021 1698 5074 in
1752 5021 1971 5078 silentio

398 5121 639 5174 manere,
693 5109 970 5172 ηεαιλιίβ
1019 5111 1280 5177 scribere,
1327 5129 1505 5182 neque
1558 5130 1655 5169 nos
1714 5115 1779 5168 ad
1830 5129 1969 5169 vana

400 5200 554 5254 Vallis
601 5201 822 5271 scrip-lis
844 5203 1192 5265 rescribeuda
1241 5219 1560 5273 provocare.
1610 5207 1880 5265 Caeterum
1918 5219 1971 5262 te

399 5288 636 5346 validum
699 5295 957 5360 Christus
1001 5294 1143 5357 Deus
1184 5307 1374 5355 uoster
1423 5298 1719 5364 custodiat,
1795 5315 1972 5370 eoque

475 5488 551 5557 tl)
590 5489 822 5566 Deerant
849 5498 1065 5562 verbaa
1097 5481 1256 5550 τοῦτο
1312 5500 1377 5552 ad
1441 5498 1858 5566 παραδεδώκασι
1911 5500 1964 5553 in

400 5561 694 5628 exemplari
755 5579 862 5627 quo
897 5583 1030 5622 usus
1059 5569 1159 5621 fuit
1193 5569 1481 5622 Baronins.
1525 5561 1660 5619 Num
1696 5569 1808 5623 hac
1834 5569 1960 5622 item

403 5637 528 5684 sunt
577 5629 755 5716 addita
819 5647 846 5686 a
880 5635 1101 5692 librario
1153 5637 1338 5694 Grzcco
1382 5649 1439 5694 ut
1489 5638 1772 5698 damnatas
1805 5653 1833 5693 a
1863 5638 1968 5698 Ilo—

2078 4654 2356 4723 ύπεριὸεἰν
2405 4656 2611 4708 τούτων
2645 4655 2741 4714 καὶ
2776 4655 2908 4726 πρὸς
2955 4656 3013 4708 σὲ
3060 4656 3494 4726 παραγενέσθαι,
3529 4655 3652 4725 μεθ’

2075 4740 2151 4800 ὦν
2202 4746 2267 4800 ἃν
2315 4747 2661 4816 δοκιμάσωσι
2718 4748 3030 4818 προκρίτων
3098 4749 3197 4816 τῆς
3266 4748 3548 4811 πολιτείας
3601 4749 3652 4800 οἱ

2078 4839 2417 4909 φιλόχριστοι
2443 4839 2688 4910 βασιλεῖς
2719 4838 2900 4910 ἡμῶν.
2943 4838 3116 4892 Τοῦτο
3148 4838 3398 4910 ποίησον,
3434 4843 3482 4893 εἰ
3513 4840 3650 4905 exn.

2079 4929 2185 4992 Θῶς
2241 4931 2556 5001 μεμίσηκας
2589 4931 2860 5000 πολέμους
2887 4931 3118 4995 καὶτὰς
3161 4933 3395 5000 σφαγὰς,
3428 4932 3519 4986 καὶ
3551 4932 3652 5001 τῆς

2080 5022 2304 5090 εἰρήνης
2334 5023 2391 5074 ἐν
2437 5021 2704 5092 ἐπιθυμία
2735 5022 3030 5093 κατέστης.
3059 5023 3125 5077 Εἰ
3152 5023 3197 5076 δ’
3228 5023 3264 5081 ἃ
3292 5023 3524 5094 γράφεις
3553 5022 3653 5074 οὐκ

2080 5116 2196 5168 ἔστι
2220 5117 2644 5184 σπουδάζοντος,
2677 5118 2798 5171 οὐδὲ
2845 5119 2944 5190 τὴν
2987 5120 3212 5191 εἰρήνην
3239 5118 3651 5190 ἐπιζητοῦντος,

2078 5197 2216 5262 ἄλλα
2246 5213 2552 5282 προφάσεις
2583 5212 2678 5266 καὶ
2703 5212 2852 5281 λόγοι
2867 5214 3058 5287 παιδιᾷ
3092 5214 3442 5284 μεμιγμένοι,
3471 5215 3655 5283 κρεῖτ-

2076 5303 2168 5356 τόν
2214 5305 2332 5356 ἐστι
2392 5304 2606 5374 σιωπὴν
2675 5307 3022 5375 κτήσασθαι,
3074 5307 3170 5359 καὶ
3229 5307 3365 5376 μήτε
3418 5305 3653 5375 γράφειν

2077 5515 2238 5554 mana
2263 5516 2491 5609 piloque
2526 5503 2769 5559 Ecclesia
2812 5511 3038 5572 quartas
3063 5482 3280 5571 nuptias
3329 5502 3465 5556 falso
3511 5501 3649 5563 allir-

2077 5583 2242 5609 ΙὶὶσὶΙἿὶΙ

2074 5583 2280 5625 uiaret!

2147 5640 2226 5714 (2)
2263 5641 2531 5698 Hactenus
2564 5644 2706 5715 apud
2742 5642 3055 5701 Barouium.
