4038 6204
338 279 429 356 181
1348 322 1354 337 ο
1785 302 2193 364 EPISTOLzE.
2430 333 2435 337 -
3494 299 3598 383 132

336 392 578 475 τοιαῦτά,
613 408 754 479 μήτε
815 409 939 465 ἀντὶ
972 411 1369 480 ματαιολογίας
1409 412 1539 483 παρ’
1589 414 1746 484 ὑμῶν
1782 431 1919 486 γρα-

2043 418 2195 487 uagis
2230 418 2509 484 extendat,
2563 417 3143 482 succurrendi-causa,
3194 433 3442 483 manum,
3488 434 3597 489 quo

341 499 595 569 φ’μένης,
620 502 1058 573 ἀντιγράφεσθαί
1088 522 1171 558 σοι
1193 506 1588 574 ματαιολογίας
1617 507 1919 576 ἐπιζητεῖν.

2043 511 2245 580 gravius
2275 511 2674 565 mundanorum
2726 506 3069 580 negotiorum
3121 525 3264 565 onus
3313 510 3597 580 imposuit,

338 585 414 639 Ἰἀ
442 586 486 639 δ’
511 587 647 640 ἄλλα
678 590 991 661 ἐρρωμένον
1026 610 1085 646 σε
1117 592 1438 663 διαφυλάξοι
1461 596 1701 667 Χριστὸς
1737 601 1764 653 ὁ
1787 599 1920 661 Θεὸς

2043 616 2206 672 teque
2246 603 2527 672 permittat
2575 602 2687 657 vim
2743 602 2821 656 tui
2866 603 3035 657 animi
3082 601 3188 656 isto
3220 616 3387 669 onere
3437 601 3601 666 ﬂecti,

341 680 510 749 ἡμῶν,
554 680 719 735 πλέον
754 682 1087 739 ἐπεκτείνων
1117 686 1215 757 τὴν
1250 690 1513 757 χεῖραλείς
1544 689 1795 760 βοήθειαν
1824 691 1919 745 τοῦ

2043 695 2215 765 sicque
2267 695 2332 749 ad
2386 696 2644 750 indecora
2678 694 2899 759 deferri,
2956 694 3102 763 quod
3141 696 3342 763 saepius
3405 694 3605 747 accidit

340 772 516 835 καλῶς
574 774 668 827 τὸν
726 774 841 844 βίον
891 778 1128 848 περάσαι
1188 780 1285 832 καὶ
1338 782 1745 849 ἀκατακρίτως,
1808 784 1918 856 ὅσῳ

2043 786 2127 841 llis
2155 786 2248 855 qui
2280 786 2523 857 imperiis
2570 796 2829 856 praesunt,
2855 796 2909 841 et
2941 787 3141 857 quibus
3174 787 3229 839 in
3262 785 3366 840 hoc
3403 785 3607 841 mundo

340 859 497 913 πλέον
554 862 686 933 ὑμῖν
732 864 794 916 τὸ
831 868 1055 935 φορτίον
1093 869 1203 923 τῶν
1250 872 1536 941 κοσμιγῶν
1572 874 1918 945 πραγμάτων

2047 888 2272 937 potestas
2307 881 2717 950 auctoritasque
2746 879 2899 935 fuere
2929 878 3260 933 commissm.
3623 869 3631 931 ἕ

338 954 590 1020 ἐπέθηκε,
615 957 708 1009 καὶ
734 958 809 1029 μὴ
845 965 1194 1035 συγχωρήσαι
1227 966 1305 1036 τῷ
1327 968 1535 1022 τούτων
1575 970 1732 1042 βάρει
1764 969 1860 1025 τοῦ
1921 971 2014 1026 νοῦ
2054 976 2398 1047 χαλασθῆναι
2427 978 2487 1030 τὸ
2514 977 2750 1040 ἔντονον,
2777 976 2871 1031 καὶ
2901 974 2990 1029 διὰ
3023 974 3181 1029 τοῦτο
3203 974 3342 1045 πρὸς
3380 972 3609 1042 ἀπρεπῆ

341 1048 646 1118 πράγματα
673 1051 1052 1124 ἐξενεχθῆναι,
1095 1057 1233 1130 ὅπερ
1274 1059 1350 1124 ὡς
1377 1061 1448 1115 τὰ
1481 1062 1651 1116 πολλὰ
1689 1063 1980 1134 συμϐαίνει
2040 1072 2153 1132 τοῖς
2180 1069 2279 1133 τὰς
2348 1068 2528 1139 ἀρχὰς
2556 1069 2824 1135 διέπουσι,
2889 1070 2988 1123 καὶ
3061 1070 3380 1125 δυναστείαν
3414 1083 3612 1135 κοσμι-

337 1143 439 1214 κὴν
472 1148 570 1202 καὶ
599 1148 849 1213 ἐξουσίαν
878 1154 1414 1229 ἐγκεχειρισμένοις.

891 1338 1023 1396 ΚΘ⁹.
1062 1342 1147 1408 Τῷ
1179 1345 1361 1411 αὐτῷ.

417 1493 868 1566 Ἐσιωπήσαμεν,
886 1498 1080 1553 τέκνον
1107 1500 1139 1571 ἡ
1149 1500 1268 1569 μῶν
1290 1520 1354 1555 πε
1365 1503 1502 1573 ποθή
1513 1504 1692 1573 μένον,
1724 1506 1918 1575 χρόνον

339 1586 547 1649 ἱκανὸν,
590 1590 685 1641 καὶ
721 1589 1139 1675 συνεστάλημεν
1166 1594 1262 1647 τοῦ
1296 1596 1437 1665 πρὸς
1472 1597 1618 1667 ὑμᾶς
1661 1599 1917 1668 γράφειν,

336 1678 498 1732 τοῦτο
553 1679 654 1749 μὲν
700 1680 901 1755 βαρείᾳ
948 1684 1261 1755 πιεζόμενοι
1329 1687 1537 1757 θλίψει,
1573 1690 1659 1743 ὅτι
1708 1691 1772 1743 ἐκ
1809 1691 1921 1744 τῶν

2585 1348 2778 1404 XXIX.
2810 1348 3019 1403 Eidem.

2098 1504 2247 1561 Satis
2281 1504 2535 1559 siluimus
2557 1544 2572 1569 ,
2625 1520 2658 1558 ο
2692 1504 2765 1559 (ili
2802 1503 3136 1572 desiderate,
3175 1514 3230 1561 et
3258 1521 3286 1560 a
3320 1507 3615 1564 scribendo

2028 1596 2423 1661 abstinuimus,
2486 1595 2707 1666 gravius
2758 1596 3006 1653 dolentes
3051 1597 3199 1668 quod
3234 1613 3301 1653 ex
3353 1598 3612 1668 frequen-

2031 1687 2179 1742 tibus
2266 1702 2404 1757 quas
2476 1686 2543 1740 ad
2598 1694 2651 1741 te
2721 1687 3050 1757 scripsimus
3135 1689 3337 1745 litteris
3407 1692 3613 1747 nullam

342 1770 552 1840 συχνῶν
615 1775 986 1843 γραμμάτων,
1041 1767 1117 1828 ῶν
1180 1780 1614 1851 προεγράψαμεν
1666 1781 1924 1851 οὐδεμίαν

2043 1780 2327 1836 orocedere
2372 1779 2660 1833 utilitatem
2688 1778 3038 1844 videremus,
3093 1780 3367 1851 simulque
3407 1782 3472 1835 ad
3522 1782 3615 1838 Fi-

342 1864 557 1934 εἶδομεν
604 1866 879 1935 ὠφέλειαν
931 1872 1351 1941 ἀπαντήσασαν,
1381 1874 1538 1927 τοῦτο
1580 1874 1635 1927 δὲ
1666 1876 1761 1929 καὶ
1786 1875 1922 1947 πρὸς

348 1955 439 2006 τδν
459 1956 554 2008 τοῦ
581 1957 720 2010 Θεοῦ
752 1960 845 2011 τὸν
860 1959 963 2030 τῆς
988 1962 1215 2032 εἰρήνης
1237 1963 1414 2015 αἴτιον
1437 1965 1528 2017 καὶ
1554 1965 1791 2034 χορηγὸν
1823 1968 1923 2028 τὰς

343 2050 611 2113 ταπεινὰς
686 2051 848 2121 ἡμῶν
892 2052 1109 2125 δεήσεις
1172 2055 1595 2120 ἀνατεθεικότες
1640 2058 1735 2110 καὶ
1786 2056 1925 2128 πρὸς

344 2140 520 2209 μόνην
565 2142 666 2213 τὴν
696 2144 829 2215 παρ’
866 2146 1080 2200 ἐκείνου
1122 2147 1440 2217 ἀφορῶντες
1476 2148 1789 2219 εὐμένειαν,
1830 2142 1935 2204 καῖ

341 2233 441 2303 τὴν
478 2237 796 2308 σωτηριώδη
824 2238 1105 2308 πρόνοιαν,
1129 2240 1251 2310 ἥτις
1282 2241 1371 2294 ἐπ’
1396 2242 1575 2296 οὐδενὶ
1604 2242 1774 2312 ἄλλῳ,
1800 2243 1927 2298 ὅσον

342 2323 441 2376 ἐπὶ
475 2328 540 2395 τῇ
576 2326 671 2379 τοῦ
734 2328 943 2399 κόσμου
989 2330 1361 2402 θεραπεύεται
1413 2334 1629 2408 εἰρήνῃ.
1686 2334 1801 2388 Νῦν
1847 2333 1923 2400 δὲ,

344 2416 532 2470 τέκνον
586 2420 766 2491 ἡμῶν,
824 2423 1015 2494 ἐπειδὴ
1066 2424 1257 2496 ὥσπερ
1281 2425 1346 2480 τὸ
1391 2427 1527 2480 πολὺ
1559 2427 1723 2497 βάρος
1751 2429 1927 2483 ἐκεῖνο

345 2508 441 2577 τῆς
465 2508 700 2579 θλίψεως
739 2516 804 2567 ἐκ
827 2516 925 2585 τῆς
958 2517 1189 2587 καρδίας
1224 2518 1383 2588 ἡμῶν
1431 2520 1922 2590 ἀπογεγενημὲνον

344 2600 648 2670 ᾐσθόμεθα,
682 2606 776 2658 καὶ
835 2610 974 2679 πρὸς
1025 2609 1248 2673 ἐλπίδας
1283 2610 1497 2677 ἀγαθὰς
1548 2612 1925 2681 κατέστημεν,

346 2694 439 2745 καὶ
468 2696 552 2766 εῐη
582 2699 659 2765 μὴ
689 2698 1082 2773 διαψευσθῆναι
1114 2703 1262 2772 ἡμᾶς
1292 2703 1390 2772 τῆς
1425 2702 1636 2757 ἄνωθεν
1678 2703 1928 2763 εὐδοκίας

344 2787 508 2841 τοῦτο
557 2793 1049 2865 προμηθουμὲνης,
1098 2796 1263 2849 πάλιν
1311 2796 1405 2851 ἐπὶ
1439 2796 1497 2850 τὸ
1527 2796 1762 2865 γρᾲφειν
1795 2796 1930 2866 πρὸς

274 2942 291 2959 .
344 2882 447 2953 τήν
470 2883 626 2954 ὑμῶν
650 2888 1014 2956 μεγαλόδοξος)
1036 2888 1380 2960 ὡρμήσαμεν
1396 2892 1709 2958 τιμιότητα,
1741 2888 1929 2941 τέκνον

345 2974 529 3042 ἡμῶν,
572 2977 655 3029 υἱέ
688 2994 792 3045 μου
829 2979 1082 3050 ἀγαπητέ
1105 2996 1117 3010 ⁸
1152 2980 1460 3050 ἀγαπῶμεν
1487 2982 1596 3050 γάρ
1627 2998 1709 3042 σε,
1740 2980 1835 3033 καὶ
1865 2978 1929 3032 σὺ

343 3066 440 3120 τὸν
500 3067 718 3139 πατέρα
754 3071 855 3123 οὐκ
889 3046 1111 3141 ἀγαπᾷς
1133 3087 1147 3102 ·
1186 3046 1234 3125 εί
1262 3046 1375 3142 γὰρ
1416 3046 1661 3141 ἠγάπας.
1691 3071 1932 3142 ἡκουσας
1972 3046 1995 3083 ᾖ

2031 1872 2165 1926 lium
2216 1870 2335 1939 Dei,
2384 1871 2535 1940 pacis
2568 1878 2845 1925 auctorem
2879 1880 2934 1925 et
2969 1871 3289 1941 magistrum
3336 1874 3617 1929 humiliter

2033 1974 2253 2020 nostras
2324 1978 2517 2033 preces
2573 1964 2898 2018 extollentes
2974 1974 3225 2034 respectu
3299 1966 3414 2020 solo
3469 1965 3617 2022 illius

2033 2056 2458 2121 benevolentiae,
2492 2056 2860 2126 salutarisque
2904 2056 3296 2125 providentiae,
3358 2074 3478 2129 qua:
3534 2058 3618 2113 ni-

2035 2145 2111 2200 hil
2171 2160 2326 2215 mque
2392 2148 2457 2200 ac
2522 2160 2710 2215 pacem
2748 2144 2937 2201 mundi
2985 2155 3163 2204 curat.
3212 2148 3370 2205 Nunc
3413 2159 3617 2217 autem,

2034 2236 2209 2300 olili,
2259 2236 2519 2307 quoniam
2570 2235 2832 2303 majorem
2905 2237 3086 2306 gravis
3153 2240 3339 2299 oneris
3410 2255 3618 2311 partem

2036 2327 2328 2384 evanuisse
2363 2326 2655 2393 sentimus,
2704 2337 2758 2381 et
2785 2327 2848 2382 ad
2884 2343 3035 2398 spem
3088 2329 3289 2385 bonam
3333 2332 3619 2397 rediimus,

2035 2421 2240 2475 utinam
2293 2421 2348 2475 in
2399 2436 2666 2488 errorem,
2692 2421 2903 2478 caelesti
2942 2422 3278 2492 benignitate
3304 2425 3618 2495 adjuvante,

2036 2529 2149 2568 non
2200 2513 2376 2569 simus
2423 2514 2673 2571 inducti!
2729 2513 2919 2571 Denuo
2962 2516 3029 2577 ad
3067 2518 3415 2587 magniﬁcum
3464 2526 3619 2573 tuum

2038 2605 2302 2661 benorcm
2335 2606 2578 2661 scribere
2606 2607 2963 2683 suscipimus,
2993 2624 3026 2663 ο
3054 2608 3150 2673 ﬁli,
3190 2609 3264 2669 fili
3296 2610 3369 2665 mi
3400 2609 3621 2666 dilecte.

2037 2696 2114 2751 Te
2137 2697 2281 2752 enim
2308 2697 2715 2768 diligiinns,qui
2739 2706 2949 2767 patrem
2989 2716 3097 2759 non
3150 2701 3354 2772 diligis.
3382 2700 3439 2757 Si
3475 2704 3620 2759 enim

2039 2790 2318 2859 diligeres,
2364 2796 2621 2858 paternas
2665 2790 3081 2849 adhortationes
3126 2794 3450 2850 audivisses.
3489 2794 3621 2858 Sed.

2038 2883 2077 2938 li
2126 2884 2198 2937 mi
2230 2882 2426 2940 dilecte
2453 2924 2468 2947 ,
2498 2899 2788 2954 quousque
2816 2885 2953 2940 tales
3003 2885 3238 2949 erimus.
3274 2888 3438 2943 Deum
3491 2903 3627 2943 con-

2041 2975 2324 3032 tristantes
2359 2974 2537 3040 malis,
2574 2976 2775 3045 quibus
2803 2975 3126 3045 perniciem,
3154 2992 3278 3035 cum
3301 2988 3493 3033 nostro
3527 2980 3624 3034 de-

2042 3068 2239 3124 decore
2257 3108 2272 3133 ,
2299 3077 2503 3123 sanctae
2523 3067 2642 3137 ejus
2663 3068 2963 3124 haereditati
2984 3068 3263 3127 alferimus
3284 3071 3432 3127 ?Nos
3455 3072 3621 3135 cutim.

346 3160 416 3211 ἂν
469 3162 848 3230 παραινέσεως
876 3164 1171 3234 πατρικῆς.
1220 3163 1403 3229 Ἀλλὰ,
1441 3164 1632 3217 τέκνον
1663 3181 1766 3230 μου
1799 3164 1936 3232 ἡγα-

2043 3168 2248 3232 quauto
2278 3176 2344 3214 ex
2388 3168 2635 3230 tempore
2682 3159 2987 3216 Christiani
3041 3178 3165 3220 sese
3211 3165 3420 3219 mutuis
3458 3165 3625 3220 caedi-

348 3254 617 3324 πημένον,
661 3258 823 3327 μέχρι
862 3256 1004 3319 τίνος
1032 3257 1178 3313 οὕτω
1196 3256 1611 3327 διακεισόμεθα,
1633 3256 1938 3319 λυποῦντες

347 3347 451 3415 μὲν
485 3346 643 3411 Θεὸν,
665 3350 751 3418 ἐφ’
778 3345 859 3412 οἷς
886 3350 1108 3420 ὄλεθρον
1144 3349 1596 3421 προξενοῦμεντῇ
1626 3350 1761 3421 ἁγίᾳ
1800 3349 1933 3402 τού-

2039 3255 2141 3310 bus
2178 3253 2405 3317 foedant.
2461 3269 2528 3309 ne
2554 3252 2819 3322 judicium
2857 3254 3078 3324 quidem
3134 3257 3226 3311 Dei
3273 3259 3621 3314 metuendmn

2037 3347 2491 3418 recogitavimus.

342 3461 445 3499 του
502 3443 866 3517 κληρονομία,
907 3449 988 3509 εἰς
1030 3445 1233 3509 ὄνειδος
1274 3447 1332 3500 δὲ
1380 3446 1615 3513 ἑαυτῶν,
1650 3446 1733 3499 ὅτι
1780 3446 1973 3519 χρόνον
2012 3445 2107 3499 ἐπὶ
2167 3443 2426 3498 τοσοῦτον
2454 3445 2574 3507 ταῖς
2597 3444 2716 3497 κατ’
2747 3443 2992 3515 ἀλλήλων
3033 3446 3272 3515 σφαγαῖς
3304 3444 3625 3516 Χριστιανοὶ

346 3540 698 3609 μολύνονται,
729 3539 829 3595 οὐκ
883 3541 1222 3611 ἐννοήσαμεν
1265 3542 1328 3595 τὺ
1365 3540 1597 3613 φοϐερὸν
1628 3540 1919 3611 κριτήριον
1957 3540 2052 3594 τοῦ
2081 3538 2253 3606 Θεοῦ;

420 3715 559 3776 Οἶδα
615 3722 719 3786 ὅτι,
785 3722 880 3776 ἐὰν
934 3722 1124 3797 βούλῃ,
1157 3725 1374 3789 οὐδενὸς
1418 3725 1529 3780 τῶν
1555 3724 1652 3779 ἐπὶ⁸
1678 3726 1941 3796 φρονήσει

346 3814 745 3885 διαϐοωμένων
767 3816 827 3868 τὸ
864 3815 960 3869 τοῦ
988 3818 1215 3888 ιΚριτοῦ
1265 3817 1561 3888 γινώσκεις
1593 3818 1940 3888 κατάκριμα.

352 3908 506 3974 Ἕως
576 3910 708 3963 πότε
759 3910 1131 3981 προστίθεμεν
1181 3913 1329 3965 κακὰ
1381 3915 1494 3975 τοῖς
1527 3913 1761 3975 κακοῖς;
1796 3910 1943 3973 Ἕως

351 4002 503 4065 τίνος
578 4004 1061 4074 παραχωρήσομεν
1135 4005 1522 4076 κατορχεῖσθαι
1579 4003 1658 4074 τῷ
1693 4002 1944 4071 διαϐόλῳ

353 4100 475 4158 ταῖς
500 4097 613 4149 τῶν
634 4097 978 4167 Χριστιανῶν
1007 4098 1128 4151 κατ’
1160 4098 1406 4169 ἀλλήλων
1430 4099 1668 4167 σφαγαῖς
1695 4113 1710 4162 ;
1754 4096 1939 4149 Ἐνθυ-

357 4191 592 4261 μήθητι,
620 4192 813 4243 τέκνον
845 4191 1023 4263 ήμῶν,
1054 4193 1137 4246 ὅτι
1160 4193 1303 4261 τάχα
1330 4191 1426 4245 καὶ
1454 4191 1555 4260 τῆς
1592 4189 1740 4259 ζωῆς
1774 4189 1935 4260 ήμῶν

350 4287 383 4338 ό
418 4289 610 4357 χρόνος
644 4286 954 4361 παρήλασε,
998 4288 1094 4341 καὶ
1131 4288 1263 4350 ἴσως
1291 4288 1352 4339 ού
1398 4286 1589 4356 μακρά
1626 4284 1938 4356 προθεσμία

351 4372 451 4428 τοῦ
502 4373 822 4445 διαλυθῆναι
869 4376 969 4446 τὴν
1018 4376 1200 4447 ψυχήν
1235 4377 1299 4430 ἐκ
1340 4376 1433 4429 τοῦ
1465 4376 1737 4446 σώματος.
1800 4369 1936 4428 Εἶτα

360 4469 504 4535 μετά
542 4468 706 4531 ποίας
752 4469 1063 4540 ἀπαίρομεν
1093 4464 1454 4541 συνειδήσεως
1503 4472 1567 4523 ἐκ
1601 4469 1696 4540 τῆς
1724 4468 1935 4539 παρούο

357 4577 462 4629 σης
491 4559 657 4627 ζωῆς,
685 4560 780 4613 ἐὰν
808 4560 969 4614 τοῦτο
987 4563 1171 4633 συμϐῇ
1207 4556 1297 4614 οἷα
1320 4562 1389 4615 τὰ
1415 4561 1739 4632 ἀνθρώπινα
1772 4579 1787 4626 ;
1823 4560 1940 4613 Κᾶν

353 4655 578 4718 ἐλπίδες
604 4655 859 4709 ἀπατῶσι
895 4656 1155 4719 πολλάκις
1200 4657 1447 4726 μάταιαι,
1480 4657 1563 4709 ὅτι
1592 4654 1940 4725 προσμενοῦ-

361 4768 466 4821 μεν
500 4750 596 4805 ἐπὶ
631 4751 820 4803 πλεῖον
850 4754 917 4822 τῇ
952 4751 1209 4824 παρούσῃ
1239 4750 1353 4821 ζωῇ
1378 4766 1394 4781 ⁸
1419 4750 1470 4803 τί
1514 4748 1751 4821 ἐροῦμεν
1780 4749 1938 4813 τότε;

357 4843 428 4895 Τί
499 4843 909 4917 διανοηθῶμεν,
956 4844 1044 4897 ὅτε
1094 4843 1281 4907 στενὸς
1316 4846 1346 4897 ό
1377 4844 1586 4914 καιρὸς,
1634 4845 1727 4897 καλ⁸
1751 4844 1801 4896 οἱ
1842 4842 1943 4913 τὴν

354 4936 542 5007 ψυχὴν
583 4934 949 4999 ἀπαιτοῦντες
1007 4934 1228 5005 ἄγγελοι
1296 4937 1689 5009 ἐφεστήκασιν,
1748 4936 1831 4990 ὅτι
1880 4937 1942 4989 οὐ

305 5016 329 5055 ³⁵
362 5030 528 5096 μόνον
585 5026 792 5093 ζῶντες
851 5029 1194 5099 ἐπράξαμεν,
1230 5026 1319 5084 οἷα
1376 5030 1733 5101 ἐπράξαμενς
1776 5025 1943 5096 Οἶδας

356 5121 417 5172 δὲ
449 5122 670 5182 πάντως
698 5115 787 5173 οἵα
818 5121 1093 5192 ἐπράχθη,
1155 5124 1257 5193 ὅση
1302 5124 1633 5194 Βουλγάρων
1669 5125 1759 5179 καί
1802 5125 1943 5179 Ῥω·-

361 5215 545 5283 μαίων
622 5216 895 5279 ἀπώλεια,
959 5215 1070 5268 τῶν
1115 5217 1546 5289 υἱοθετηθέντων
1581 5218 1698 5289 Θεῷ
1727 5218 1816 5272 διὰ
1848 5218 1942 5272 τοῦ

361 5308 744 5379 βαπτίσματος
769 5326 783 5341 ’
814 5311 912 5380 ὅση
944 5308 1055 5363 τῶν
1093 5311 1399 5381 ἐκκλησιῶν
1430 5313 1522 5365 τοῦ
1554 5312 1691 5365 Θεοῦ
1715 5312 1941 5383 ἐρημία,

362 5402 462 5455 καὶ
483 5402 580 5469 τῆς
611 5403 824 5455 ἐκείνου
864 5400 1178 5468 δοξολογίας
1208 5404 1301 5456 καὶ
1332 5403 1441 5456 τῶν
1472 5405 1813 5475 τελουμένων
1846 5421 1946 5472 μυο

338 5469 610 5585 ἰστηρξων
632 5496 711 5556 είς
735 5493 1116 5563 ἀποκάθαρσιν
1136 5495 1245 5548 τῶν
1275 5497 1563 5566 ἁμαρτιῶν
1591 5496 1770 5566 ἡμῶν,
1801 5496 1946 5565 οἴμοι

366 5586 480 5639 τῶν
514 5568 667 5657 ἐμῶν
704 5586 895 5639 παθῶν
922 5586 982 5638 τὸ
1004 5586 1330 5656 βαρύτατον,
1362 5591 1667 5659 ἀφανισμὸς
1694 5591 1787 5642 καὶ
1811 5588 1947 5641 ἁπό-

370 5695 597 5741 παυσις.
683 5678 1036 5748 ’Δναλογίζου
1092 5697 1182 5749 μοι
1245 5680 1356 5733 τῶν
1413 5680 1794 5753 μοναστηρίων
1845 5682 1945 5751 τὴν

371 5769 672 5836 ἀπώλειαν,
706 5771 814 5825 τῶν
852 5771 1223 5825 ἐπισκοπείων
1266 5772 1365 5841 τήν
1408 5771 1803 5842 ἐξολόθρευσιν,
1840 5770 1948 5826 τῶν

2112 3720 2391 3785 Concedo,
2428 3721 2477 3775 si
2511 3720 2675 3787 velis,
2708 3730 2759 3777 te
2787 3721 2961 3776 ullum
2984 3735 3048 3776 ex
3072 3721 3320 3777 consiliis
3343 3737 3465 3793 quae
3481 3724 3626 3781 circa

2042 3812 2435 3868 conscientiam
2490 3820 2645 3868 tuam
2679 3815 3002 3871 volutantur
3050 3828 3078 3867 a
3127 3829 3389 3884 supremo
3437 3815 3627 3886 judice

2044 3901 2344 3972 improbari
2374 3903 2738 3973 ignoravisse.
2788 3904 2898 3960 Sed
2953 3921 3243 3975 quousque
3277 3906 3438 3961 malis
3483 3909 3627 3963 male

2042 3996 2455 4065 congeremus?
2501 3995 2803 4066 Quousque
2851 3998 3075 4054 diabolo
3106 4000 3360 4055 dabimus
3414 4001 3624 4057 mutuis

2043 4072 2485 4142 Christianorum
2513 4088 2754 4147 caedibus
2793 4091 3110 4146 exsultare?
3148 4092 3433 4165 Recogita,
3466 4109 3500 4149 o
3529 4094 3626 4157 ﬁli.

2050 4186 2263 4247 tempus
2299 4178 2424 4234 vita:
2458 4190 2659 4236 nostra:
2687 4181 2936 4237 celeriter
2957 4166 3199 4249 eﬂluere,
3256 4201 3318 4240 ac
3354 4201 3461 4240 non
3492 4188 3629 4240 mul-

2050 4279 2162 4325 tum
2192 4270 2387 4327 abesse
2407 4272 2551 4327 diem
2578 4288 2689 4343 quo
2715 4281 2980 4329 statutum
3008 4283 3093 4330 est
3119 4277 3355 4332 animam
3380 4290 3625 4335 nostram

2045 4377 2250 4432 corpus
2309 4364 2641 4435 relinquere.
2691 4396 2763 4406 ——
2802 4368 2873 4422 Et
2920 4375 3057 4423 tunc
3103 4368 3249 4438 quali
3293 4372 3627 4427 conscientia

2046 4471 2114 4513 ex
2174 4456 2281 4513 hac
2333 4458 2440 4513 vita
2494 4459 2773 4523 cedemus,
2812 4461 2860 4516 si
2907 4476 3017 4527 res,
3063 4470 3122 4515 ut
3175 4462 3336 4528 solet,
3395 4464 3625 4531 accidat,

2046 4565 2358 4620 quanquam
2415 4567 2552 4607 vana
2606 4567 2703 4622 spe
2748 4553 3197 4620 illudamur,nos
3260 4554 3377 4610 dies
3438 4557 3629 4630 longos

2046 4643 2175 4697 vitae
2204 4643 2530 4701 habituros?
2577 4645 2719 4711 Quid
2749 4645 3022 4712 dicemus,
3069 4647 3199 4718 quid
3232 4658 3414 4704 mente
3447 4650 3629 4706 volve-

2048 4752 2191 4802 mus,
2221 4752 2345 4792 cum
2382 4753 2484 4794 nos
2532 4737 2663 4792 hora
2729 4739 2997 4809 stringet,
3050 4740 3338 4812 angelique
3390 4745 3625 4799 animam

2046 4840 2399 4898 reposcentes
2470 4829 2602 4901 (non
2658 4831 2823 4886 modo
2869 4847 2992 4901 qua:
3032 4833 3279 4890 viventes
3334 4836 3625 4896 fecerimus

2046 4922 2357 4991 exquirent,
2411 4924 2506 4979 sed
2547 4924 2819 4994 qualia‘)?
2872 4923 2981 4980 Sed
3037 4941 3145 4981 non
3182 4938 3233 4983 te
3279 4928 3411 4999 fugit
3441 4932 3625 5000 qualia

2047 5013 2186 5069 facta
2221 5016 2443 5086 fuerint,
2494 5028 2698 5088 quanta
2744 5016 3118 5075 Romanorum
3166 5030 3219 5077 et
3263 5021 3621 5095 Bulgarorum

2050 5106 2425 5179 interemptio,
2460 5123 2598 5178 quos
2630 5108 2774 5165 Deus
2806 5126 2901 5180 per
2932 5112 3202 5183 baptisma
3250 5114 3624 5185 adoptaverat,

2049 5219 2171 5274 qua:
2222 5203 2574 5258 ecclesiarum
2646 5206 2918 5270 vastatio,
2972 5206 3158 5277 hymni
3224 5209 3399 5275 ipsum
3463 5210 3627 5276 glori-

2052 5300 2281 5353 ticantes
2313 5296 2613 5366 suppressi,
2653 5298 3026 5369 mysteriaque
3045 5298 3159 5367 jam
3195 5312 3302 5351 non
3335 5300 3387 5351 in
3438 5316 3629 5369 pecca-

2051 5399 2229 5444 torum
2263 5397 2577 5443 nostrorum
2610 5392 2990 5446 remissionem
3028 5389 3323 5445 celebrata.
3382 5391 3625 5464 Supputa

2052 5498 2264 5539 meeum
2316 5483 2649 5539 monasteria
2698 5484 2997 5547 destructa,
3053 5482 3391 5552 episcopales
3439 5487 3630 5541 domos

2052 5594 2293 5641 eversas,
2328 5577 2711 5645 desolatasque
2745 5577 2905 5639 alias,
2963 5585 3232 5646 quotquot
3294 5579 3348 5632 in
3409 5582 3628 5651 regione

2053 5675 2291 5738 Stabant,
2335 5672 2616 5733 ecclesias,
2653 5678 2819 5741 atque
2871 5669 3202 5725 crstinctum
3258 5673 3487 5737 cultum,
3537 5674 3627 5742 qui

2054 5771 2108 5826 in
2140 5769 2249 5825 illis
2281 5768 2345 5823 ad
2374 5767 2603 5838 gloriam
2638 5764 2732 5821 Dei
2770 5764 2951 5822 fuerat
3004 5766 3307 5825 institutus.
3344 5768 3461 5821 Alia
3493 5783 3628 5837 pne-
