4038 6204
432 300 533 364 183

1557 298 1866 361 NICOLAI
1903 299 2018 360 cp.
2057 266 2581 360 PATRIARCH/E

3584 299 3682 364 18!

430 415 695 480 terntitto,
746 413 955 470 scilicet
984 412 1254 480 virginum
1294 410 1721 479 stuprationem,
1762 411 1982 465 debitan

2109 411 2286 466 ἄλλων
2316 413 2438 466 ὅσαι
2462 410 2605 466 κατὰ
2632 413 2813 482 χώρας
2845 413 3090 483 ὑπῆρχον
3116 410 3426 480 ἐκκλησίαι,
3472 413 3564 465 καί
3588 414 3688 481 τῆς

428 508 713 566 monachis
750 515 986 559 amotam
1022 503 1405 566 reverentiam,
1452 517 1782 572 sacrumque
1815 517 2001 558 sacer-

425 602 612 655 dotum
667 597 760 651 Dei
810 596 1054 650 ordinem
1110 596 1442 663 captivitate,
1470 605 1529 649 ut
1561 595 1718 657 solet,
1752 595 2005 648 humana:

424 689 785 745 institutionis
828 690 1020 749 instar,
1084 686 1138 739 in
1178 686 1637 754 contemptionem
1673 684 1943 754 dejeetum
1983 702 1997 737 :

423 778 554 845 Quae
586 778 766 832 omnia
814 776 1073 833 scandala
1122 777 1279 845 quasi
1331 791 1436 829 non
1470 775 1603 829 satis
1649 772 1883 829 fuissent
1932 772 1999 828 ad

422 870 856 925 centristandum
893 868 1171 924 Christum
1208 866 1376 921 Deum
1405 847 1675 926 nostrum,
1706 865 1893 931 etiam,
1949 872 2002 920 te

422 973 661 1027 mortuo,
708 964 827 1017 sine
857 978 952 1033 spe
976 961 1339 1032 reparationis
1370 960 1688 1030 persistent.
1731 957 2001 1014 Juventus

417 1057 528 1126 jam
569 1067 658 1111 tua
717 1057 888 1111 evasit
935 1074 949 1110 :
1007 1056 1156 1123 atqui
1212 1054 1347 1124 ipsis
1390 1053 1685 1121 juvenibus
1739 1066 1865 1121 spes
1916 1052 1999 1105 vi-

424 1145 579 1200 vendi
637 1148 868 1201 incerta.
922 1144 1053 1209 Sed,
1103 1159 1264 1208 cum,
1322 1144 1609 1213 juventute
1663 1141 1871 1211 elapsa,
1928 1142 1996 1196 ad

417 1237 817 1306 sexagesimum
868 1252 1070 1290 annum
1117 1235 1450 1300 accedimus,
1471 1242 1527 1287 tu
1571 1232 1715 1286 enim
1760 1233 1994 1291 accedis.

416 1339 509 1380 aut
562 1328 753 1383 saltem
810 1344 917 1382 non
975 1327 1207 1381 multum
1265 1326 1333 1379 ab
1368 1339 1435 1380 eo
1482 1324 1681 1385 distas,
1731 1322 1861 1393 quid
1914 1331 1998 1377 est

417 1422 830 1486 repulandum?
876 1421 957 1475 Ad
991 1419 1453 1490 septuagesimum
1486 1417 1593 1470 rari
1630 1415 1992 1492 perveniunt;

417 1527 545 1564 nam
603 1513 907 1583 smpissime
964 1513 1214 1568 videmus
1270 1511 1572 1565 humanum
1634 1522 1805 1578 genus
1860 1508 1995 1561 citra

412 1602 536 1659 vitae
573 1609 840 1662 terminos
879 1607 1053 1661 linire.

2113 506 2171 557 ἐν
2214 506 2407 571 αὑταῖς
2466 506 2765 576 γινομένης
2817 508 2897 570 εἰς
2931 506 3090 571 δόξαν
3114 505 3254 559 θεοῦ
3296 506 3559 576 λατρείας
3587 507 3688 574 τὴν

2111 598 2478 669 ἐξερήμωσιν.
2523 599 2627 651 Ἐῶ
2678 600 2749 652 τὰ
2774 598 2932 663 ἄλλα,
2976 601 3074 668 τὴν
3117 597 3687 669 φθορὰντῶνπαρηέ-

2110 706 2237 754 νων,
2290 694 2392 761 τῆς
2443 691 2801 763 ὀφειλομένης
2859 691 3188 761 μονάζουσιν
3244 690 3533 752 εὐλαϐείας
3584 689 3685 758 τὴν

2105 780 2404 847 ἔκπτωσιν,
2472 784 2581 835 τῶν
2626 785 2820 854 ἱερέων
2850 783 2947 837 τοῦ
2982 782 3119 835 Θεοῦ
3152 782 3271 853 τὴν,
3303 782 3378 845 ὼς
3421 780 3569 843 εἰκὸς
3596 780 3684 832 διὰ

2102 869 2202 941 τὴν
2228 872 2632 942 αἰχμαλωσίαν,
2673 867 2763 927 οἶα
2790 873 2857 926 τὰ
2892 871 3236 943 ἀνθρώπινα,
3263 870 3361 937 τῆς
3396 868 3685 939 ἱερατικῆς

2100 961 2311 1027 τάξεως
2344 966 2760 1034 καταφρόνησιν
2783 981 2796 994 ·
2835 964 2931 1017 καὶ
2982 963 3193 1016 τούτων
3222 962 3462 1026 πάντων,
3490 960 3684 1029 ὥσπερ

2100 1053 2200 1125 οὑχ
2228 1057 2429 1108 ἱκανῶν
2452 1056 2813 1126 ὑπαρχόντων
2850 1057 2932 1119 εἰς
2962 1054 3144 1123 θλίψιν
3164 1053 3259 1106 τοῦ
3298 1051 3539 1122 Χριστοῦ
3586 1053 3683 1102 καί

2100 1142 2238 1196 Θεοῦ
2268 1144 2447 1214 ἡμῶν,
2481 1146 2646 1198 πάλιν
2678 1146 2818 1216 μετὰ
2845 1144 2945 1215 τὴν
2979 1145 3078 1214 σὴν
3110 1143 3417 1197 ἀποδίωσιν
3447 1141 3554 1194 ὑπὸ
3583 1139 3680 1193 σοῦ

2097 1234 2664 1304 καταλιμπανομένων
2704 1235 3018 1289 σκανδάλων
3065 1236 3307 1288 ἀνιάτων
3344 1234 3440 1286 καὶ
3481 1232 3682 1299 ἀθερα-

2097 1326 2335 1380 πεὺτων.
2378 1329 2517 1398 ’Ἤδη
2548 1328 2648 1399 τὴν
2670 1329 2897 1398 νεότητα
2914 1328 3290 1398 ὑπερήλασας’
3324 1326 3557 1386 ἄπιστος
3581 1323 3681 1392 μὲν

2098 1418 2206 1488 γὰρ
2228 1422 2444 1489 νεότητι
2480 1421 2541 1471 τὸ
2578 1421 2925 1490 παραμένειν
2967 1420 3043 1490 τῷ
3094 1420 3195 1489 βίῳ
3228 1421 3259 1489 ἡ
3294 1416 3450 1479 ἐλπίς
3474 1433 3485 1445 ·
3516 1415 3680 1469 ὁπότε

2094 1510 2153 1562 δὲ
2182 1511 2283 1581 τὴν
2329 1513 2560 1581 νεότητα
2618 1513 2969 1583 ὑπερϐῶρεν,
3001 1512 3093 1563 καὶ
3145 1510 3381 1581 μάλιστα
3423 1507 3559 1576 πρὸς
3591 1506 3678 1569 ἐξα

2025 1595 2072 1654 Β
2102 1606 2335 1674 ηκοστὸν
2399 1606 2829 1676 καταντήσωμεν
2875 1603 3016 1669 ἔτος,
3044 1597 3199 1671 ᾧτινι
3236 1603 3331 1656 καὶ
3360 1603 3424 1655 σὺ
3444 1598 3606 1668 τυχὸν
3644 1596 3675 1665 ἢ

411 1698 558 1765 πλησ
586 1699 805 1769 άζειςῆ
863 1701 923 1752 οὑ
973 1700 1107 1752 πολὺ
1165 1698 1356 1769 πόρρω
1416 1697 1759 1766 ἀφέστηκας,
1816 1695 1868 1748 τί
1914 1694 1995 1747 δεῖ
2031 1696 2343 1766 λογίζεσθαι
2371 1716 2384 1764 ;
2413 1698 2558 1768 Πρὸς
2617 1699 2725 1772 γὰρ
2751 1697 2810 1751 τὸ
2844 1697 3260 1771 ,ἑϐδομηκοστὸν
3325 1694 3546 1748 σπάνιοι
3568 1692 3681 1745 τῶν

409 1793 716 1864 ἀνθρώπων
765 1795 1175 1861 ἀναϐαίνουσιν,
1206 1794 1281 1865 ὡς
1322 1794 1414 1846 ἐπὶ
1444 1793 1696 1849 πλεῖστον
1733 1794 1790 1854 δὲ
1840 1792 2060 1863 ὁρῶμεν
2123 1795 2183 1848 τὺ
2245 1795 2593 1866 ἀνθρώπινον
2628 1798 2785 1864 γένος
2840 1797 3090 1851 κάτωθεν
3154 1794 3345 1848 τούτου
3402 1792 3503 1859 τὴν
3534 1788 3680 1856 ζωὴν

408 1885 811 1954 καταστρέφον.

390 2052 411 2069 κ
483 2041 624 2107 Quid
672 2040 767 2095 tibi
813 2038 1035 2110 prodest
1086 2040 1140 2094 in
1193 2040 1351 2095 istam
1400 2040 1732 2095 descendere
1808 2041 1987 2109 perni-

407 2133 546 2188 ciem
581 2133 703 2186 belli
750 2132 1029 2187 Romanos
1076 2131 1218 2186 inter
1252 2140 1308 2186 et
1342 2132 1604 2202 Bulgaros
1649 2131 1988 2202 perstantis?

409 2224 550 2292 Quid
581 2225 726 2280 aluid
759 2224 994 2288 eveniet,
1044 2225 1150 2279 nisi
1189 2239 1291 2279 nos
1337 2239 1444 2278 non
1476 2224 1638 2279 modo
1671 2232 1894 2293 propter
1923 2238 1985 2277 ea

409 2335 531 2389 qua:
560 2320 722 2383 male,
775 2320 904 2374 dum
954 2321 1285 2381 viveremus,
1332 2317 1645 2383 fecerimus,
1701 2316 1843 2387 apud
1894 2330 1987 2371 su-

414 2416 645 2479 pernum
696 2411 789 2466 Dei
832 2411 1101 2481 judicium
1160 2412 1213 2465 in
1266 2426 1487 2466 causam
1540 2412 1715 2464 simus
1743 2411 1982 2475 venturi,

405 2504 498 2559 sed
523 2505 685 2560 etiam
717 2514 944 2575 prapter
970 2521 1032 2561 ea
1067 2520 1188 2576 quae
1208 2504 1300 2561 alii
1338 2514 1460 2574 post
1482 2514 1710 2558 mortem
1741 2513 1983 2557 nostram

409 2597 744 2665 patraverint
788 2612 978 2668 pmnas
1030 2597 1203 2652 simus
1259 2596 1458 2651 daturi.
1498 2596 1704 2665 Itaque,
1767 2594 1840 2649 ﬁli
1888 2596 1981 2661 mi,

404 2690 561 2756 quasi
604 2705 845 2758 praasens
879 2698 1006 2744 ante
1035 2698 1105 2753 te,
1149 2689 1369 2744 osculor
1402 2705 1465 2743 os
1491 2699 1670 2753 tuum,
1705 2688 1898 2743 oculos
1932 2698 1987 2742 et

404 2790 578 2836 totum
617 2792 698 2848 te;
748 2783 1048 2852 amplector
1099 2797 1290 2851 genua,
1340 2781 1644 2850 deprecans
1697 2790 1753 2834 ut
1802 2782 1981 2833 anima

406 2884 495 2926 tua
546 2872 960 2943 benignissima,
1002 2872 1263 2941 quoniam
1314 2887 1496 2924 rerum
1557 2871 1800 2939 nequitia
1833 2870 1977 2923 illam

2168 2038 2265 2099 Τίς
2290 2031 2385 2090 οὖν
2417 2030 2658 2106 ὠφέλεια
2690 2038 2747 2088 ἐν
2781 2036 2857 2105 τῷ
2895 2054 2951 2088 σε
2985 2036 3293 2104 καταϐῆναι
3339 2038 3419 2099 εἰς
3453 2036 3678 2107 διαφθο-

2099 2129 2197 2196 ρὰν
2242 2130 2335 2182 τοῦ
2387 2131 2509 2182 κατ’
2563 2127 2814 2198 ἀλλήλων
2872 2127 3114 2197 πολέμου
3151 2126 3443 2196 Ῥωμαίων
3490 2145 3548 2180 τε
3582 2129 3676 2181 καὶ

2094 2220 2422 2291 Βουλγάρων
2450 2220 2555 2289 τῆς
2589 2219 2954 2290 παραμονῆς;
2984 2218 3048 2271 Τί
3078 2218 3208 2272 ἄλλο
3250 2218 3283 2289 ἦ
3318 2220 3379 2271 τὸ
3408 2219 3484 2289 μὴ
3515 2221 3677 2288 μόνον

2092 2316 2152 2368 ἐν
2200 2317 2265 2385 τῇ
2332 2314 2444 2386 ζωῇ
2494 2314 2655 2384 ἡμῶν
2701 2313 2812 2367 τῶν
2866 2313 3055 2376 κακῶς
3089 2312 3475 2382 γεγενημένων
3504 2313 3563 2363 ὲν
3592 2313 3676 2382 τῷ

2091 2406 2303 2459 ἐκεῖθεν
2330 2406 2423 2460 τοῦ
2447 2405 2585 2459 Θεοῦ
2613 2405 2886 2477 κριτηρίῳ
2907 2406 3005 2469 τὰς
3028 2406 3182 2467 δίκας
3222 2406 3497 2475 ὑποσχεῖν,
3530 2405 3670 2456 ἀλλὰ

2092 2498 2187 2551 καὶ
2236 2499 2344 2550 τῶν
2405 2500 2545 2568 μετὰ
2587 2499 2821 2551 θάνατον
2870 2498 3053 2560 ἄλλοις
3095 2498 3490 2566 πραττομένων
3518 2495 3670 2564 ἡμᾶς

2092 2590 2398 2659 ὑποστῆναι
2441 2589 2539 2660 τὴν
2576 2588 2835 2656 κόλασινς
2869 2588 2970 2641 Διὰ
3022 2588 3203 2653 τοῦτο,
3248 2589 3436 2641 τέκνον
3487 2588 3668 2657 ἡμῶν,

2089 2678 2177 2737 οἷα
2202 2682 2396 2752 παρὼν
2420 2682 2903 2752 προσπτύσσομαι,
2924 2681 3210 2750 καταφιλῶ
3239 2682 3300 2733 τὸ
3325 2682 3521 2750 στόμα,
3543 2680 3670 2743 τοὺς

2087 2776 2423 2846 ὀφθαλμοὺς,
2456 2774 2552 2828 καὶ
2606 2776 2715 2827 πᾶν
2767 2774 2897 2828 ἄλλο
2937 2774 3099 2844 μέλος
3125 2789 3139 2803 ·
3196 2773 3515 2843 ἐφάπτομαι
3558 2774 3669 2825 τῶν

2086 2868 2336 2935 γονάτων
2368 2867 2460 2919 καὶ
2490 2865 2728 2918 δυσωπῶ
2756 2866 3174 2935 ὲπικαμφθῆναι
3206 2867 3305 2937 τὴν
3329 2866 3427 2934 σὴν
3450 2867 3671 2935 ήμερωο

404 2979 435 3015 c
462 2962 726 3030 peculiari
759 2968 947 3014 natura
979 2962 1240 3022 excussit,
1268 2960 1333 3014 ad
1366 2974 1557 3028 pacem
1590 2958 1975 3013 seseinclinet.

2087 2959 2253 3029 τάτην
2287 2959 2503 3029 ψυχὴν,
2567 2959 2616 3010 εἰ
2667 2960 2763 3011 καὶ
2806 2960 3151 3029 πραγμάτων
3215 2961 3387 3012 κακία
3460 2957 3668 3026 ταύτην

406 3051 556 3106 Satis
603 3052 713 3106 sint
763 3066 883 3121 qua
927 3051 1291 3122 jamai'unesta
1343 3051 1696 3115 acciderunt;
1768 3061 1982 3105 cessent

2087 3051 2343 3122 ὲξέστησε
2383 3050 2476 3103 τοῦ
2518 3050 2725 3103 οἰκείου
2773 3051 2948 3119 αὑτῆς
3013 3050 3332 3121 ἰδιώματος,
3383 3050 3518 3121 πρὸς
3568 3049 3668 3119 τὴν

402 3143 844 3198 Christianorum
895 3143 1035 3198 bella
1089 3153 1144 3205 et
1189 3142 1407 3210 caedes;
1472 3158 1651 3213 neque
1704 3144 1982 3213 relinquas

2087 3146 2346 3214 εἰρήνην·
2404 3142 2742 3214 ἀρκεσθῆναι
2791 3144 2904 3205 τοῖς
2960 3142 3061 3212 ἠδη
3112 3142 3510 3212 γεγενημένοις
3546 3140 3668 3192 ὀλε-

405 3235 775 3290 miserandum
812 3237 1322 3307 cxsecrandumque
1346 3245 1788 3307 monumentum,
1822 3236 1981 3303 quale

2087 3236 2251 3303 θρίοις
2280 3235 2626 3306 πράγμασιν,
2659 3234 2933 3301 ἀπολῆξαι
2956 3236 3080 3297 τοὺς
3114 3235 3234 3287 κατ’
3268 3233 3517 3303 ἀλλήλων
3550 3233 3663 3285 τῶν

407 3326 631 3383 Simeon
663 3329 771 3394 ille,
797 3328 891 3398 qui
924 3346 987 3384 ex
1018 3345 1216 3400 genere
1239 3328 1388 3383 omni
1426 3328 1748 3397 prudentiae,
1780 3328 1980 3395 judieii

2087 3326 2424 3396 Κριστιανῶν
2450 3326 2724 3396 πολέμους
2764 3326 2983 3388 καὶτὰς
3017 3326 3253 3393 σφαγὰς,
3300 3327 3434 3395 μηδὲ
3495 3342 3667 3379 κατα⁴

398 3417 728 3489 virtutisque
776 3419 939 3475 laude
982 3420 1294 3489 perclarus,
1343 3428 1397 3473 et
1448 3419 1603 3489 quasi
1663 3418 1755 3473 lux
1800 3418 1977 3488 gentis

400 3508 669 3579 Bulgarae,
716 3526 902 3579 pacem
924 3510 1294 3574 conculcavit,
1330 3524 1452 3579 qua:
1496 3511 1566 3564 ab
1619 3511 1794 3580 ipsius
1825 3519 1977 3579 patre

400 3602 507 3656 icta
536 3601 736 3665 fuerat,
773 3600 1102 3671 fmderaque,
1161 3602 1495 3669 jnramenta,
1527 3611 1581 3656 et
1609 3604 1977 3673 quodcunque

402 3703 617 3761 pactum
646 3709 771 3747 cum
808 3693 1070 3749 Romanis
1101 3695 1343 3759 violavit,
1392 3697 1472 3752 sic
1500 3697 1773 3751 crudelior
1802 3697 1976 3752 hostis

400 3782 576 3836 tactus
605 3798 768 3850 quam
800 3775 1037 3851 majores
1066 3783 1156 3854 qui
1196 3783 1482 3839 Christum
1520 3786 1687 3841 Deum
1724 3797 1972 3843 nostrum

402 3888 507 3928 non
566 3873 889 3930 noscebant.
941 3874 1059 3930 Non
1113 3877 1276 3931 modo
1333 3877 1458 3932 talis
1494 3880 1640 3933 visus
1691 3890 1795 3944 est,
1847 3880 1976 3935 dum

404 3964 627 4030 viveret,
660 3967 754 4021 sed
787 3966 953 4021 etiam
983 3978 1104 4039 post
1138 3981 1369 4025 mortem
1399 3970 1599 4026 bellum
1637 3972 1982 4042 implacabile

2082 3421 2259 3473 λιπεῖν
2318 3419 2667 3491 μνημόσυνον
2693 3418 2927 3471 ἐλεεινὸν
2956 3419 3051 3471 καὶ
3093 3420 3342 3488 κατάρας
3368 3418 3540 3484 ἄξιον,
3574 3420 3660 3471 ὃτι

2084 3509 2311 3578 Συμεὼν
2364 3511 2571 3572 ἐκεῖνος
2608 3512 2635 3562 ὁ
2664 3509 2808 3563 κατὰ
2851 3508 2952 3579 τὴν
3004 3509 3200 3561 ἑαυτοῦ
3226 3510 3425 3577 γενεὰν
3454 3510 3552 3562 ὅσα
3598 3524 3662 3575 γε

2084 3602 2153 3654 τὰ
2182 3602 2245 3652 ὲκ
2274 3600 2613 3669 φρονήσεως,
2647 3599 2717 3652 τά
2748 3599 2808 3664 ἐξ
2840 3600 3010 3670 ὀρθῆς
3042 3598 3303 3671 κρίσεως,
3336 3603 3404 3653 τὰ
3433 3603 3497 3653 ἐκ
3526 3616 3664 3653 παν·

2084 3692 2177 3753 τὸς
2232 3692 2404 3754 εἴδους
2456 3692 2659 3763 ἀρετῆς
2703 3692 2993 3763 γενόμενος
3043 3693 3521 3763 ὑπερθαὺμαστος.
3569 3693 3667 3746 καὶ

2084 3779 2196 3837 οἷον
2226 3785 2453 3853 φωστὴρ
2479 3786 2574 3836 τοῦ
2611 3782 2935 3855 Βουλγάρων
2965 3784 3183 3851 γένους,
3218 3782 3392 3847 οὑτως
3427 3786 3667 3837 κατεπάο

2077 3894 2213 3948 τησε
2240 3878 2338 3948 τὴν
2364 3878 2591 3947 εἰρήνην
2624 3876 2724 3948 τὴν
2754 3877 2862 3930 ὑπὸ
2893 3875 2991 3929 τοῦ
3022 3877 3228 3930 οἰκείου
3256 3876 3466 3946 πατρὸς
3508 3893 3663 3944 γενο-

2083 3970 2275 4042 μένην,
2334 3968 2604 4039 ὴθέτησεν
2649 3972 2826 4024 οἰκεῖα
2874 3968 3147 4038 σύμφωνα
3195 3971 3287 4021 καὶ
3327 3971 3527 4040 ὅρκους
3567 3970 3663 4022 καὶ

402 4057 644 4126 reliquit,
676 4059 884 4115 strictis
909 4059 1283 4115 Romanorum
1317 4070 1370 4115 et
1395 4060 1757 4131 Bulgarorum
1788 4063 1982 4132 gladiis

2087 4062 2386 4132 συμϐάσεις
2416 4062 2554 4129 πρὸς
2593 4062 2721 4125 τοὺς
2768 4060 3098 4133 Ῥωμαίους,
3134 4064 3229 4117 καὶ
3259 4064 3454 4131 γέγονε
3496 4063 3663 4114 πολέ-

399 4150 704 4219 stragisque
740 4166 997 4207 cruorem
1030 4153 1368 4209 stillantibus
1404 4154 1653 4225 gavisus.

2087 4174 2208 4224 μιος
2249 4156 2624 4225 ἁπηνέστερος
2678 4156 2787 4211 τῶν
2822 4157 3188 4228 προπατόρων
3238 4157 3429 4222 αὑτοῦ,
3471 4155 3520 4208 οἳ
3569 4155 3661 4208 τὸν

400 4247 639 4316 Χριστὸν
694 4248 790 4301 καὶ
846 4248 980 4303 Θεὸν
1012 4250 1169 4321 ἡμῶν
1229 4251 1331 4304 οὑκ
1385 4250 1713 4320 ἐγνώρισαν.
1772 4252 1883 4304 Καὶ
1911 4252 1971 4304 οὐ
2017 4251 2178 4321 μόνον
2209 4252 2269 4303 ἐν
2327 4255 2442 4316 τοῖς
2470 4252 2635 4316 ζῶσιν
2690 4252 2951 4323 ὑπάρχων
3017 4252 3258 4315 τοιοῦτος
3308 4250 3486 4320 ὤφθη,
3522 4248 3660 4303 ἀλλὰ

398 4341 494 4393 καὶ
522 4340 659 4410 μετὰ
717 4340 808 4394 τὸν
852 4343 1049 4398 ἑαυτοῦ
1106 4344 1338 4397 θάνατον
1388 4344 1655 4398 ἄσπονδον
1704 4344 1971 4398 κατέλιπε
2012 4346 2273 4415 πόλεμον,
2302 4348 2395 4400 καὶ
2418 4346 2517 4416 τὴν
2558 4346 2680 4400 κατ’
2744 4344 2993 4417 ἀλλήλων
3048 4347 3323 4416 μάχαιραν
3366 4342 3660 4415 Ῥωμαίων

399 4437 493 4489 καὶ
523 4435 853 4507 Βουλγάρων
882 4438 976 4491 τοῦ
1002 4441 1101 4509 τῆς
1130 4442 1347 4508 σφαγῆς
1375 4438 1612 4506 αἵματος
1634 4440 1968 4505 ἀποστάζειν
2009 4440 2291 4511 ἠγάπησε.

470 4595 574 4647 Ista
610 4595 703 4648 tibi
732 4596 946 4663 scripsi,
1002 4610 1034 4648 ο
1064 4594 1161 4657 ﬁli,
1209 4596 1514 4651 lamentans
1548 4596 1865 4665 dolensque,
1918 4608 1971 4653 et

2150 4598 2338 4653 Ταῦτά
2378 4616 2459 4651 σοι
2522 4595 2761 4666 ἔγραψα,
2809 4570 2999 4649 τέκνον
3048 4595 3242 4666 ἡμῶν,
3294 4594 3513 4667 θρηνῶν
3560 4597 3658 4649 καὶ

398 4700 562 4755 super
592 4702 697 4744 me.
751 4688 878 4755 quia
926 4687 1137 4759 longior
1171 4697 1425 4744 senectus
1476 4704 1595 4744 mea
1638 4704 1817 4742 rerum
1860 4698 1969 4743 tam

399 4776 981 4839 iniserandarumxfuit
1015 4780 1188 4843 testis,
1222 4788 1276 4833 et
1306 4794 1468 4848 super
1496 4790 1547 4835 te
1581 4795 1643 4833 ac
1668 4778 1969 4843 Romanos,

318 4876 323 4879 ’
399 4879 619 4942 propter
672 4884 735 4924 ca
792 4885 913 4939 quae
979 4871 1212 4925 invicem
1270 4872 1533 4927 bellantes
1588 4871 1859 4941 patimini,
1916 4882 1970 4926 ct

397 4972 618 5035 propter
662 4961 1019 5016 aeternitatem
1047 5001 1063 5026 ,
1091 4964 1144 5023 in
1186 4980 1289 5034 qua
1338 4979 1623 5033 nunquam
1670 4964 1971 5018 eessaturis

397 5057 573 5121 limitis
606 5053 934 5118 aﬂiciemini,
987 5055 1187 5125 quippe
1253 5056 1343 5125 qui
1396 5071 1493 5125 pro
1546 5055 1717 5107 nibilo
1761 5054 1970 5109 habue-

397 5149 519 5203 ritis
535 5148 737 5204 Christi
769 5145 860 5202 Dei
898 5147 1067 5203 nostri
1100 5148 1444 5216 sanguinem,
1486 5163 1580 5217 per
1606 5163 1769 5217 quem
1805 5148 1965 5215 salvi,

395 5248 449 5292 et
483 5241 599 5307 ejus
640 5240 871 5310 popttlus
924 5238 1051 5293 facti
1079 5255 1291 5294 sumus.
1344 5240 1595 5301 Attamen
1654 5238 1825 5294 nostri
1868 5239 1969 5292 im-

396 5341 676 5401 peratores
728 5349 756 5386 a
815 5331 921 5387 Deo
974 5332 1246 5396 coronati,
1311 5340 1369 5384 ut
1402 5346 1572 5399 sche,
1615 5333 1686 5385 ita
1734 5340 1787 5385 et
1828 5346 1974 5386 nunc

397 5436 585 5491 pacem
631 5422 907 5486 invocant,
954 5424 1212 5495 omnique
1253 5426 1414 5478 modo
1446 5424 1585 5478 mala
1618 5440 1645 5477 a
1679 5424 1974 5492 majoribus

400 5512 547 5565 illata
609 5513 789 5567 levare.
849 5527 1070 5571 strenue
1129 5516 1428 5570 enituntur.
1499 5514 1864 5579 Quamobrem
1920 5522 1974 5567 et

400 5620 543 5671 nunc
597 5605 847 5662 homines
904 5612 1189 5671 miserunt,
1243 5609 1335 5679 qui
1387 5607 1453 5662 de
1504 5622 1636 5676 pace
1691 5605 1970 5660 vobiscum

400 5696 801 5764 colloquantur.
853 5694 1026 5751 Tuum
1079 5699 1240 5768 igitur
1290 5710 1370 5754 est
1423 5708 1634 5766 tumque
1684 5695 1970 5764 perfectis-

2080 4691 2411 4759 ὀδυρόμενος
2456 4688 2671 4760 πρῶτον
2695 4690 2795 4758 μὲν
2823 4688 3079 4758 ἐμαυτὸν,
3103 4689 3185 4740 ὅτι
3211 4688 3375 4758 μέχρι
3398 4687 3656 4741 τοσούτου

2079 4783 2368 4854 παρέτεινε
2415 4782 2476 4835 τὸ
2531 4783 2664 4851 ἐμὸν
2730 4780 2915 4834 ἄθλιον
2972 4780 3186 4850 γῆρας,
3244 4782 3340 4833 καὶ
3393 4779 3656 4834 τοιούτων

2081 4877 2330 4930 ἐλεεινῶν
2356 4875 2700 4946 πραγμάτων
2727 4875 2999 4943 ἐγενόμην
3026 4874 3083 4925 ὲν
3126 4874 3343 4945 ἱστορίᾳ
3373 4889 3388 4904 ·
3436 4873 3654 4944 θρηνῶν

2081 4971 2140 5023 δὲ
2182 4970 2275 5023 καὶ
2305 4970 2472 5039 ὑμᾶς,
2522 4968 2610 5021 ναὶ
2662 4968 2728 5036 δὴ
2777 4970 2872 5019 καὶ
2915 4965 2976 5023 τὸ
3030 4965 3326 5032 Ῥωμαίων
3356 4964 3533 5032 γένος,
3580 4957 3655 5017 ὧν

2081 5062 2245 5116 ἕνεκα
2272 5063 2372 5116 καὶ
2436 5061 2530 5114 νῦν
2575 5060 2697 5113 κατ’
2754 5060 3005 5128 ἀλλήλων
3033 5059 3348 5126 κινούμενοι
3386 5058 3655 5127 πάσχετε.

2081 5155 2176 5207 καὶ
2210 5158 2287 5217 εἰς
2340 5154 2434 5207 τὸν
2475 5153 2738 5221 μέλλοντα
2772 5151 2969 5217 αἰῶνα,
2999 5151 3088 5204 ὅτε
3116 5151 3184 5205 τὰ
3228 5149 3377 5220 πάθη
3408 5150 3507 5202 οὑκ
3536 5148 3654 5219 ἔχει

2078 5246 2412 5310 ἁπόπαυσιν,
2435 5247 2660 5315 πικραῖς
2680 5242 3131 5313 ὑποδληθὴσεσθε
3156 5240 3564 5310 τιμωρίαι;,ὡς
3593 5242 3656 5295 τδ

2072 5327 2216 5403 αἷμα
2248 5333 2341 5384 τοῦ
2374 5333 2610 5402 Χριστοῦ
2644 5334 2736 5385 καὶ
2757 5333 2894 5385 Θεοῦ
2922 5333 3103 5402 ἡμῶν,
3141 5331 3212 5383 δι’
3251 5324 3312 5384 οῦ
3339 5331 3653 5402 ἠγοράσθη-

2077 5443 2198 5495 μεν,
2256 5426 2351 5477 καὶ
2400 5426 2529 5488 λαὸς
2559 5425 2725 5477 αὑτοῦ
2759 5424 3133 5493 γεγενήμεθα,
3177 5424 3259 5485 εἰς
3307 5422 3465 5475 οὐδὲν
3503 5423 3653 5491 λογι-

2072 5515 2311 5585 ζόμενοι.
2354 5515 2501 5585 Πλὴν
2528 5516 2577 5568 οἰ
2612 5515 2926 5584 θεοστεφεῖς
2967 5514 3124 5583 ἡμῶν
3158 5512 3427 5583 βασιλεῖς.
3459 5514 3649 5580 καθὼς

2072 5607 2353 5673 πολλάκις,
2388 5607 2530 5662 οὑτω
2556 5608 2651 5663 καλ⁸
2676 5607 2771 5663 νῦν
2793 5607 2893 5679 τὴν
2919 5609 3144 5686 είρῄνην
3176 5609 3518 5678 ἐπιζητοῦσι,
3554 5613 3648 5663 καὶ

2073 5699 2236 5753 παντὶ
2301 5702 2487 5771 τρόπῳ
2548 5702 2614 5752 τὰ
2648 5702 2709 5753 ἐκ
2758 5700 2865 5752 τῶν
2900 5698 3284 5768 προλαϐόντων
3337 5700 3647 5763 ἁνθοὼπων
