4038 6204
250 313 352 378 185
1702 315 2110 378 ΕΡΙΞΤΟΙΗΕ.
3189 338 3196 342 ·
3394 312 3495 382 186

246 427 808 498 παρακολουθήσαντα
856 431 1149 500 σφάλματα
1201 433 1607 504 θεραπευθῆναι
1640 449 1809 486 σπου-

1918 431 2063 484 sima:
2103 425 2401 498 prudentie
2426 442 2765 498 quaecunque
2795 436 2920 484 sunt
2953 429 3350 494 convenientia,
3384 429 3494 486 Deo

247 521 484 581 όάζουσι.
516 521 614 573 Διά
645 521 805 575 τοῦτο
836 525 931 575 καὶ
969 523 1064 575 νῦν
1098 525 1428 579 ἀπέστειλαν
1470 525 1813 597 ἀνθρώπους,

1918 522 2176 593 iucunda,
2209 521 2472 592 utiliaque
2517 521 2778 575 liuiuauis
2809 538 2912 575 una
2937 532 2991 575 et
3015 521 3285 591 Bulgaris,
3320 522 3489 577 inire:

245 611 292 662 οἳ
348 612 600 679 περὶτῆς
650 615 875 684 εἰρήνης
923 615 1053 682 ὑμῖν
1099 616 1496 687 συλλαλήσουσι
1526 633 1542 647 ·
1574 618 1668 670 καὶ
1700 617 1816 670 ἔστι

1918 615 1988 668 ita
2021 624 2076 668 ut
2106 612 2399 677 Satanam,
2435 613 2818 668 scatulalorum
2876 622 2930 666 et
2979 612 3244 665 bellorum
3298 621 3492 666 aucto-

255 696 343 749 σὺν
379 703 471 750 καὶ
511 701 608 769 τῆς
637 702 735 768 σῆς
762 701 1113 774 τελειοτάτης
1150 705 1418 769 συνέσεως
1450 708 1527 770 εἰς
1557 706 1657 770 τὰς
1686 723 1816 775 πρε-

1918 721 2052 767 rem,
2091 704 2384 774 ignominia
2416 704 2711 760 allicientes
2735 745 2749 767 ,
2798 705 2956 758 istam
2985 720 3148 773 quam
3182 703 3250 756 ab
3278 703 3491 772 origine

247 788 454 852 πνύσας
479 791 786 860 συμϐάσεις
817 794 912 845 καὶ
945 794 1064 866 Θεῷ
1115 795 1463 865 εὐαρέστους,
1496 797 1594 849 καὶ
1623 798 1816 861 κοινῶς

1919 797 2060 854 Deus
2091 807 2473 867 composuerat
2504 797 2684 852 denuo
2724 797 2988 857 habeatis,
3038 811 3247 864 vosque
3290 793 3492 847 Roma-

247 881 634 952 συμφερούσας
669 883 963 955 Ῥωμαίοις
1006 888 1100 939 καὶ
1134 888 1466 958 Βουλγάροις
1501 889 1811 943 συνελθεῖν·

1920 903 2054 954 nos,
2102 897 2160 941 ut
2207 888 2325 952 lilii,
2383 897 2567 956 patres
2599 888 2932 958 agnoscatis,
2981 887 3233 957 aquibus
3261 887 3491 954 gratiam

247 973 330 1025 ἵνα
360 976 458 1026 καὶ
486 977 515 1027 6
550 975 797 1039 Σατανᾶς
835 978 864 1028 ὁ
894 979 1002 1030 τῶν
1037 981 1348 1034 σκανδάλων
1387 973 1486 1034 καὶ
1515 981 1626 1033 τῶν
1653 981 1814 1034 πολέα

1920 979 2263 1050 baptismatis
2292 981 2617 1049 aecepistis;
2655 979 2888 1034 Romani
2937 989 3143 1045 autem,
3201 989 3260 1033 ut
3287 989 3491 1048 patres,

246 1083 359 1135 μων
385 1067 564 1131 αττιος
596 1073 989 1141 καταισχυνθῇ,
1032 1071 1126 1124 καὶ
1151 1072 1226 1136 ὡς
1252 1073 1312 1125 τὸ
1338 1072 1400 1138 ἐξ
1429 1073 1608 1144 ἀρχῆς
1645 1074 1816 1145 £695:-

1918 1073 2179 1142 Bulgaros
2212 1087 2342 1127 suos
2371 1073 2424 1126 in
2456 1071 2676 1127 Christo
2707 1056 2846 1128 lilios
2877 1080 3213 1141 agnoscant;
3265 1073 3407 1126 Deus
3437 1077 3489 1125 iu

243 1157 405 1210 ϐευσε
428 1157 562 1221 Θεὸς
593 1159 695 1230 τὴν
719 1163 945 1232 εἰρήνην
971 1165 1179 1232 μεταξὺ
1213 1165 1498 1234 Ῥωμαίων
1526 1167 1620 1219 καὶ
1656 1167 1816 1218 Βουλ-

1918 1165 2037 1220 istis
2087 1166 2456 1236 gloriﬁcetur;
2506 1181 2706 1236 resque
2737 1167 2859 1219 vitae
2890 1165 3199 1220 communis
3230 1164 3492 1218 Romanis

243 1252 452 1318 γάρων,
490 1250 656 1305 πάλιν
685 1252 847 1324 ἔχητε
887 1256 986 1324 τὴν
1011 1258 1260 1327 εἰρήνην.
1293 1258 1404 1312 Καὶ
1429 1259 1587 1328 ὑμεῖς
1618 1259 1718 1330 μὲν
1743 1259 1816 1323 ὡς

1918 1259 2077 1314 simul
2127 1274 2191 1312 ac
2240 1258 2492 1329 Bulgaris
2540 1259 2592 1312 in
2647 1259 2826 1329 prisca
2878 1258 3139 1314 felicitate
3213 1258 3492 1326 veterique

240 1342 407 1394 τέκνα
436 1343 567 1406 τοὺς
597 1346 842 1416 πατέρας
868 1347 1286 1416 ἐπιγινώσκετε,
1314 1351 1446 1420 παρ’
1470 1344 1546 1403 ὧν
1564 1350 1816 1416 ἐδέξασθε

1918 1352 2257 1422 iucunditate
2290 1352 2671 1406 restituantur.

243 1432 451 1484 καὶτοῦ
500 1433 660 1502 άγίου
706 1435 1086 1508 βαπτίσματος
1111 1440 1209 1510 τὴν
1253 1441 1434 1512 χάριν,
1502 1443 1597 1495 καὶ⁵
1619 1443 1670 1495 οἱ
1747 1442 2010 1511 Ῥωμαῖοι
2075 1442 2154 1508 ὡς
2221 1444 2459 1515 πατέρες
2487 1444 2558 1497 τά
2599 1445 2775 1498 οἰκεῖα
2819 1447 2876 1498 ἑν
2909 1444 3134 1516 Χριστῷ
3163 1445 3329 1497 τέκνα
3363 1444 3490 1507 τοὺς

243 1519 584 1590 Βουλγάρους
639 1524 1070 1592 ἐπιγινώσκωσι,
1119 1529 1214 1582 καὶ
1270 1529 1403 1594 Θεὸς
1458 1533 1554 1584 ἐπὶ
1600 1531 1813 1595 τούτοις
1851 1532 2166 1604 δοξάζηται,
2225 1535 2319 1587 καὶ
2373 1535 2442 1604 τά
2495 1534 2590 1588 τοῦ
2642 1535 2827 1589 κοινοῦ
2892 1537 3008 1606 βίου
3083 1537 3313 1605 καὶτῆς
3344 1535 3492 1605 ζωῆς

241 1614 545 1683 πράγματα
606 1617 900 1698 Ῥῳμαίοις
935 1622 1032 1672 καὶ
1065 1619 1398 1693 Βουλγάροις
1433 1623 1568 1694 πρὸς
1611 1625 1710 1694 τὴν
1751 1625 1810 1691 ἐξ
1848 1626 2024 1696 ἀρχῆς
2051 1629 2409 1697 άποκαταστῇ
2445 1628 2745 1699 εὐκληρίαν
2780 1646 2836 1680 τε
2860 1628 2955 1682 καὶ
2985 1628 3310 1681 ἀπόλαυσιν.

319 1704 446 1756 Ἐπὶ
468 1705 680 1767 τούτοις
697 1707 878 1760 έκεῖνο
907 1711 1297 1782 προστίθεμεν,
1321 1713 1392 1776 ὡς
1418 1712 1614 1777 ἀνάξια
1638 1717 1813 1778 ποιεῖς

1989 1715 2104 1772 Hoc
2139 1736 2304 1773 unum
2367 1719 2651 1784 addemus,
2686 1719 2894 1773 scilicet
2931 1731 2980 1773 te
3041 1719 3272 1787 gloriosa
3322 1719 3494 1790 digni-

238 1799 338 1863 τῆς
375 1796 474 1864 σῆς
510 1796 872 1864 μεγαλοδόξου
930 1800 1134 1870 ἀρχῆς,
1193 1802 1382 1872 ὕϐρεις
1434 1806 1668 1875 γράφων
1716 1808 1813 1860 καὶ

241 1886 672 1957 παραλογισμῶν
724 1891 944 1959 ῥήματα
982 1893 1105 1946 ἀντὶ
1142 1894 1251 1948 τῶν
1306 1898 1386 1960 εἰς
1432 1899 1491 1951 σὲ
1529 1901 1814 1969 γραφομέ-

239 1995 345 2029 νων
364 1978 596 2045 φιλικῶν
621 1983 970 2052 γραμμάτων
997 1985 1091 2038 xui.
1111 1989 1400 2056 τιμώντων
1421 1989 1521 2060 τὴν
1540 1992 1813 2062 ὑμετέραν

239 2071 488 2135 ἐξουσίαν
547 2075 699 2145 παρά
757 2075 850 2129 τοῦ
896 2077 1245 2148 φιλοχρίστου
1311 2083 1407 2136 καὶ
1458 2083 1539 2146 είς
1589 2084 1814 2155 είρήνην

241 2164 684 2234 προκαλουμένου
746 2185 804 2220 σε
857 2170 1146 2239 βασιλέως.
1199 2172 1367 2244 Οἶμαι
1426 2175 1573 2246 γάρ,
1621 2177 1812 2231 τέκνον

239 2257 417 2324 ἡμῶν,
485 2257 560 2321 ὠς
613 2260 713 2312 οὑκ
774 2261 988 2328 ἀγνοεῖς
1040 2265 1144 2328 ὃτι,
1187 2266 1235 2316 εί
1272 2267 1368 2319 καὶ
1397 2267 1528 2321 ἄλλο
1554 2267 1812 2338 φρόνημα

236 2347 343 2400 τῶν
389 2351 663 2404 ταπεινῶν
711 2354 806 2406 καὶ
867 2354 1104 2424 χυδαίων
1152 2357 1491 2428 ἀνθρώπων,
1530 2361 1584 2412 αἱ
1623 2359 1814 2430 ὕϐρεις

237 2439 540 2510 ἀνθρώπων
567 2443 708 2496 εἰσὶν
744 2445 978 2499 εὐτελῶν
1017 2448 1112 2500 καὶ
1157 2451 1506 2520 φρονήματος
1538 2451 1814 2522 ἀπερριμ-

241 2534 445 2600 μένωνο
479 2535 655 2604 ἀρχῆς
685 2535 740 2587 δὲ
771 2538 819 2590 οἱ
865 2536 1126 2602 λαϐόντες
1159 2540 1313 2610 παρά
1355 2542 1447 2593 τοῦ
1487 2541 1622 2594 Θεοῦ
1674 2542 1811 2596 ἀνά-

237 2624 419 2693 ϐασιν,
442 2627 537 2679 ἐὰν
562 2628 1026 2684 συναισθάνωνται
1057 2631 1156 2699 τῆς
1199 2632 1406 2686 ἑαυτῶν
1440 2633 1623 2703 δόξης,
1658 2634 1810 2686 οὑδέ-

242 2733 372 2768 ποτε
404 2718 850 2778 καταϐαίνουσιν.
895 2722 1082 2793 Ὁρᾷς,
1113 2709 1304 2775 τέκνὸν
1335 2723 1514 2792 ἡμῶν,
1547 2725 1644 2790 τὴν
1674 2725 1812 2792 ἠμε-

236 2806 404 2876 τέραν
434 2809 571 2878 πρὸς
613 2809 672 2862 σὲ
713 2811 954 2880 ἀγάπην,
985 2814 1066 2864 ὅτι
1103 2812 1195 2865 καὶ
1228 2813 1286 2864 ἐν
1327 2813 1559 2878 τούτοις,
1581 2813 1678 2881 τῆς
1712 2813 1812 2882 σῆς

239 2899 620 2966 φροντίζοντες
644 2902 824 2972 δόξης,
857 2902 931 2966 ὡς
973 2906 1210 2974 πατέρες
1256 2903 1702 2975 ἐπανορθούμεθα
1728 2904 1808 2969 τὸ,

235 2989 335 3039 οὒκ
370 2983 488 3041 οἶδα
522 2989 661 3053 πῶς.
695 2993 1101 3051 ἐπακολουθοῦν
1147 3012 1228 3048 σοι
1262 2996 1533 3064 πταῖσμα,
1576 2996 1671 3047 καὶ
1713 2995 1812 3064 τὴν

1915 1817 2023 1864 tate
2057 1819 2146 1864 tua
2179 1811 2396 1879 indigna
2430 1810 2640 1869 fecisse.
2661 1826 2782 1864 eum
2843 1811 3025 1865 verbis
3080 1810 3492 1865 contumeliosis

1914 1915 1979 1956 ac
2011 1901 2258 1957 subdolis
2282 1902 2608 1971 respondisti
2640 1901 2706 1956 ad
2733 1901 2938 1955 litteras
2981 1902 3274 1956 amicitiam
3305 1903 3455 1972 expri
3475 1932 3490 1945 ι

1913 2003 2145 2060 mentes,
2196 2004 2250 2048 et
2287 1993 2541 2063 dignitati
2595 2003 2725 2048 tunc
2775 1992 3157 2054 inservientes,
3211 2009 3346 2062 quas
3395 1993 3490 2046 tibi

1914 2085 2213 2154 imperator
2245 2083 2462 2139 Christo
2513 2083 2688 2138 ﬁdelis
2727 2097 2913 2152 pacem
2959 2099 3190 2152 precans
3249 2084 3489 2151 scripsit.

1916 2175 2181 2231 Existimo
2208 2177 2376 2241 enim,
2419 2191 2452 2230 ο
2484 2176 2581 2240 (ili,
2625 2183 2678 2230 te
2711 2191 2818 2228 non
2848 2175 3122 2244 ignorare,
3163 2176 3284 2229 licet
3338 2175 3494 2228 aliter

1915 2268 2257 2323 miserandus
2304 2269 2500 2337 vulgus
2556 2267 2793 2330 sentiat,
2843 2266 3095 2320 homines
3152 2265 3493 2320 solummodo

1913 2359 2154 2428 abiectos
2187 2374 2460 2430 sensuque
2490 2368 2738 2413 carentes
2783 2360 2849 2412 ad
2886 2358 3246 2412 contumelias
3280 2373 3337 2411 se
3367 2373 3488 2410 ver-

1916 2451 2164 2513 tere;ad
2217 2467 2354 2520 quas
2410 2460 2603 2506 contra
2667 2465 2945 2520 nunquam
3005 2450 3340 2503 descendunt
3400 2447 3492 2514 qui

1913 2555 2188 2594 summum
2222 2541 2506 2609 imperium
2552 2551 2734 2595 tenent
2757 2579 2771 2603 ,
2805 2540 2849 2593 si
2882 2540 3114 2609 propria:
3138 2539 3318 2606 gloria:
3366 2552 3492 2591 sen-

1913 2647 2035 2686 sum
2070 2631 2325 2690 habeant.
2354 2631 2626 2697 V’ides,iili
2661 2632 2754 2695 mi,
2782 2646 2960 2684 meum
2987 2645 3112 2699 erga
3146 2640 3196 2683 te
3226 2645 3490 2692 amorem,

1913 2733 1966 2778 et
1995 2725 2136 2793 quod
2192 2725 2264 2778 ita
2301 2725 2365 2780 ,in
2412 2725 2533 2778 istis
2583 2724 2768 2794 gloriae
2816 2732 2918 2776 tua-
2951 2738 3138 2776 curam
3197 2722 3393 2788 habeo,
3434 2734 3493 2774 ut

1915 2813 2071 2884 quasi
2105 2822 2260 2883 pater
2294 2823 2344 2868 te
2409 2815 2518 2885 jam
2573 2815 2858 2872 cadentem
2903 2829 3123 2882 quoquo
3174 2813 3336 2866 modo
3381 2813 3491 2866 eri-

1913 2921 2058 2976 gam.
2104 2921 2190 2968 ne,
2241 2905 2484 2961 cadendo
2522 2908 2755 2977 gloriosa
2791 2917 2883 2960 tua
2927 2907 3167 2975 dignitas
3215 2907 3269 2959 in
3301 2920 3493 2975 eppno-

1915 2995 2093 3049 brium
2129 2997 2330 3052 veniat.
2360 2996 2435 3051 De
2463 2998 2822 3066 prmsentibus
2865 2997 3027 3052 rebus
3062 2997 3264 3057 scribe,
3298 2997 3485 3065 qualia

237 3083 337 3150 σὴν
371 3082 752 3148 κατευτελίζον
785 3085 1141 3155 μεγαλόδοξος)
1175 3087 1468 3157 ὑπεροχήν.
1507 3086 1692 3157 Γράφε
1719 3088 1811 3140 καὶ

1918 3088 2216 3144 honoribus
2248 3090 2556 3154 decoratus,
2586 3090 3038 3144 restaurationem
3071 3105 3250 3144 rerum
3292 3091 3496 3144 utilita-

237 3174 369 3241 περὶ
406 3173 520 3225 τῶν
547 3178 923 3246 προκειμένων
969 3180 1312 3248 πραγμάτων
1356 3175 1446 3232 οἷα
1472 3179 1552 3231 δεῖ
1580 3167 1826 3248 γράφειν

235 3261 530 3332 ἄνθρωπον
560 3264 970 3334 δεδοξασμένον,
1029 3269 1308 3338 ἐπιζητῶν
1341 3269 1436 3339 τὴν
1458 3270 1812 3331 κατάστασιν,

236 3352 518 3424 ἰπιζητίν
548 3355 608 3407 τὲ
651 3357 951 3428 συμφέρον,
989 3357 1264 3430 ἐπιζητῶν
1311 3360 1410 3429 τὴν
1461 3361 1708 3431 εἰρήνην,
1740 3360 1814 3423 ὡς

235 3449 392 3514 παρὰ
436 3447 576 3499 θεοῦ
637 3449 818 3504 λαϐὼν
873 3451 934 3504 τὸ
981 3453 1194 3523 ἄρχειν,
1236 3452 1310 3515 ὡς
1349 3450 1695 3522 Χριστιανὸς,
1739 3451 1815 3514 ὼς

236 3541 456 3617 μέλλων
491 3542 569 3612 τῷ
598 3543 814 3615 φοϐερῷ
853 3546 947 3599 τοῦ
979 3546 1114 3600 Θεοῦ
1145 3545 1412 3618 κριτηρίῳ
1441 3548 1812 3618 παραστῆναι,

232 3637 328 3690 καὶ
349 3636 515 3704 λόγον
542 3637 845 3693 ἀποδώσειν
867 3640 1007 3712 ὑπὲρ
1028 3641 1124 3710 τῆς
1146 3642 1243 3711 σῆς
1265 3642 1458 3711 ἀρχῆς.
1479 3643 1571 3694 καὶ
1586 3640 1685 3711 τῆς
1708 3640 1816 3694 τῶν

230 3729 569 3799 ὑποχειρίων
596 3730 922 3801 διοικήσεως
977 3732 1066 3785 καὶ
1113 3732 1408 3802 σωτηρίας.
1442 3731 1551 3785 Καί⁹
1585 3731 1662 3802 μὴ
1683 3731 1817 3800 γρά-

231 3839 334 3890 φῃς
372 3820 683 3890 εἰρωνείας.
713 3823 848 3891 μηδὲ
875 3821 1060 3891 ὕϐρεις
1104 3824 1198 3875 καὶ
1228 3821 1474 3891 ἀτιμίας,
1508 3821 1669 3874 ἅτινα
1715 3821 1816 3874 οὑκ

233 3911 606 3980 ἀτιμάζουσιν
637 3913 880 3976 ἐκείνους
911 3914 1046 3984 πρὸς
1094 3912 1189 3976 οὓς
1225 3913 1480 3983 γράφεις,
1511 3911 1647 3966 ἀλλά
1682 3911 1818 3982 μάλ-

231 4002 322 4054 λον
357 4006 441 4065 εἰς
473 4002 574 4073 τὴν
611 4005 908 4073 ὑμετέραν,
954 4005 1055 4057 οὑκ
1097 3998 1288 4074 ηθελον
1331 4005 1507 4056 εἰπεῖν
1548 4003 1688 4056 αίδοῖ
1714 4001 1817 4072 τῆς

235 4096 375 4165 πρὸς
406 4096 466 4147 σὲ
510 4095 753 4165 ἀγάπης,
783 4097 897 4150 ἀλλ’
921 4098 1066 4167 ὅμως
1096 4097 1201 4151 ὑπὸ
1222 4097 1319 4166 τῆς
1351 4095 1607 4164 ἀληθείας
1636 4093 1818 4148 κινούο

236 4202 397 4253 μενος
433 4185 602 4252 λέγω,
633 4190 976 4256 κατάγνωσιν
1009 4180 1534 4258 ἐπαναστρέφουσιν.

751 4350 758 4353 π
821 4325 900 4378 A’.
945 4323 1028 4389 Τῷ
1054 4324 1232 4390 αὐτῷ.

300 4461 402 4531 Μὴ
440 4460 728 4530 δεξάμενοι
780 4457 1019 4530 γράμμα
1070 4460 1220 4529 παρὰ
1267 4459 1384 4525 σοῦ,
1415 4459 1604 4512 τέκνον
1633 4457 1815 4528 ήμῶν,

234 4557 391 4607 αὐτοὶ
417 4553 711 4624 γράφομεν
738 4551 844 4604 ὑπὸ
876 4552 974 4622 τῆς
1007 4551 1267 4615 πολλάκις
1305 4552 1608 4622 κινησάσης
1638 4550 1821 4612 αἰτίας

233 4649 384 4716 ἡμᾶς
422 4647 715 4716 πρότερον,
744 4647 840 4698 καὶ
869 4643 964 4697 νῦν
1002 4645 1236 4712 γράφειν
1263 4644 1647 4712 κεκινημένοι·
1679 4641 1821 4710 αῦτη

232 4722 285 4790 ai
317 4743 442 4792 ἑστι
475 4738 576 4808 τῆς
619 4736 894 4808 μακαρίας
931 4737 1022 4788 καὶ
1074 4735 1327 4804 ποθεινῆς
1380 4735 1603 4803 εἰρήνης
1641 4734 1674 4804 ἡ
1705 4733 1823 4785 ἑπι-

237 4829 495 4898 ζήτησις,
541 4831 608 4899 ἣν
655 4829 1012 4898 ἀποσυλήσας
1065 4831 1092 4881 ὁ
1134 4829 1358 4898 ἀρχαῖος
1386 4824 1821 4893 τῶνάνθρώπων

237 4922 436 4991 ἑιθρρς
471 4925 500 4974 6
523 4921 792 4986 διάϐολος,
841 4922 1114 4991 μεγίστων
1147 4921 1246 4990 μὲν
1286 4920 1507 4988 ἀγαθῶν
1549 4919 1820 4988 ἐζημίωσε

233 5017 294 5068 τὶρ
327 5015 664 5085 Βουλγάρων
685 5017 842 5083 γένος
870 5015 964 5067 καὶ
1006 5015 1324 5084 Ῥωμαίων,
1351 5013 1485 5065 πολὺ
1513 5012 1570 5065 δὲ
1599 5011 1820 5081 ἄλγημα

232 5110 312 5177 τῷ
339 5109 571 5178 Χριστῷ
613 5109 706 5161 καὶ
751 5107 867 5177 Θεῷ
895 5108 1051 5178 ἡμῶν
1081 5108 1386 5177 ἐνεποίησε,
1413 5106 1483 5158 τὰ
1512 5105 1569 5156 δὲ
1610 5105 1818 5158 ἐκείνου

233 5205 475 5269 ποίμνια
529 5200 609 5262 είς
663 5199 757 5251 τὸν
826 5198 952 5251 κατ’
1016 5199 1261 5268 ἀλλήλων
1305 5197 1528 5267 ὄλεθρον
1581 5195 1820 5266 ὁρμῆσαι

167 5337 169 5339 ,
235 5291 833 5362 παρεσκευασάμενοῖ.
884 5290 1056 5360 ’Υπὲρ
1101 5289 1291 5342 τούτου
1332 5288 1592 5351 πολλάκις
1650 5288 1818 5356 ἐγρά-

232 5383 447 5453 ψαμεν,
471 5383 569 5435 καὶ
591 5382 686 5434 νῦν
710 5384 992 5454 γράςομεν
1017 5381 1390 5444 δυσωποῦντες
1409 5399 1424 5414 ο
1462 5381 1556 5433 καὶ
1587 5379 1821 5448 μάλιστα

232 5478 366 5537 τοὺς
408 5477 537 5538 σοὺς
564 5475 784 5542 γλυκεῖς
813 5475 1003 5542 λόγους
1025 5477 1082 5527 ὲν
1109 5478 1220 5536 τοῖς
1251 5474 1380 5528 ὠσὶν
1403 5473 1563 5545 ἡμῶν
1583 5473 1818 5543 ἔχοντες,

236 5569 338 5621 καὶ
359 5567 589 5633 τούτους
614 5568 736 5622 καθ’
765 5568 1004 5636 ἑκάστην
1039 5568 1391 5636 μελετῶντες,
1415 5568 1574 5627 ὅσους
1602 5581 1658 5617 τε
1685 5564 1821 5633 πρὸς

239 5662 310 5726 11y
324 5662 392 5723 ἃς
424 5663 457 5726 ἡ
485 5661 551 5730 σὴ
583 5661 820 5731 φρονίμη
848 5659 1064 5725 ἐδέξατο
1093 5660 1332 5726 γλῶσσα,
1371 5658 1463 5711 καὶ
1491 5659 1648 5718 ὅσους
1684 5657 1820 5726 πρὸς

241 5753 328 5804 τοι
357 5751 710 5822 φιλόχριστον
750 5753 906 5821 ἡμῶν
951 5753 1191 5820 βασιλέα,
1230 5753 1286 5804 ὃν
1321 5748 1437 5806 οἶδα
1475 5749 1705 5820 βεϐαίως
1736 5753 1814 5805 ὅτι

1918 3187 2135 3245 temque
2165 3192 2229 3231 ac
2264 3193 2448 3246 pacem
2475 3190 2760 3248 exeplans,
2803 3181 2961 3236 debet
2988 3181 3249 3243 scribere,
3297 3192 3354 3234 ut
3399 3183 3492 3250 qui

1915 3285 1944 3322 a
1979 3269 2088 3324 Deo
2127 3270 2413 3340 imperium
2449 3274 2747 3342 acceperis,
2811 3284 2868 3327 ut
2910 3276 3001 3342 qui
3031 3272 3378 3328 Christianus
3437 3274 3492 3326 in

1917 3359 2326 3416 formidandum
2361 3363 2453 3417 Dei
2483 3365 2750 3432 judiciqu
2778 3365 2854 3418 sis
2877 3375 3155 3428 venturus,
3195 3365 3493 3418 rationem-

1916 3467 2025 3522 que
2063 3455 2373 3522 potestatis,
2408 3470 2472 3509 ac
2499 3455 2845 3509 subditorum
2877 3455 3292 3527 gubernationis
3324 3464 3379 3508 et
3405 3469 3494 3508 sa-o

1917 3542 2046 3598 Iutis
2077 3545 2411 3599 redditurus.
2467 3543 2544 3600 Ne
2597 3547 2808 3602 scribas
2865 3547 3261 3608 cavillationes,
3315 3558 3496 3614 neque

1915 3637 2312 3691 contumeliosa
2354 3646 2447 3690 aut
2480 3639 2760 3705 probrosa,
2798 3653 2916 3707 quae
2946 3654 3054 3690 non
3093 3637 3254 3690 modo
3278 3637 3491 3690 illorum

1916 3727 1986 3780 ad
2015 3742 2154 3796 quos
2187 3727 2384 3783 scribis
2411 3729 2674 3784 honorem
2711 3730 2848 3782 male
2875 3727 3135 3793 alliciunt,
3175 3727 3267 3782 sed
3301 3727 3492 3792 etiam,

1918 3818 2041 3875 licet
2093 3836 2179 3875 tne
2235 3820 2418 3876 dicere
2496 3823 2781 3893 prohibeat
2826 3830 3106 3891 respectus
3158 3819 3262 3874 mei
3322 3820 3377 3873 in
3439 3827 3493 3874 te

1917 3911 2143 3975 amoris,
2177 3913 2404 3967 veritate
2437 3921 2616 3966 tamen
2651 3922 2830 3967 motus
2866 3912 3064 3978 dicam,
3098 3910 3150 3964 in
3187 3918 3335 3964 tuam
3364 3925 3484 3965 con-

1918 4003 2322 4059 demnationem
2360 4013 2667 4059 vertuntur.

2517 4326 2684 4382 XXX.
2722 4323 2931 4381 Eidmt.

1995 4462 2261 4530 Quoniam
2298 4477 2327 4516 a
2359 4469 2482 4525 te,o
2513 4461 2610 4525 iiii,
2645 4477 2750 4515 non
2780 4457 2959 4527 accepi
2994 4456 3224 4517 litteras,
3259 4453 3374 4524 ipse
3405 4466 3498 4506 ea-

1924 4559 2070 4622 dem,
2101 4572 2222 4628 quae
2252 4563 2496 4610 moverat
2528 4568 2635 4617 me,
2660 4567 2823 4606 causa
2853 4561 2908 4607 et
2940 4565 3085 4605 nunc
3107 4556 3285 4602 motus
3313 4547 3498 4601 scribo

1924 4651 2134 4707 scilicet
2176 4648 2350 4703 [elicis
2377 4662 2440 4701 ac
2482 4644 2858 4720 desiderabilis
2895 4643 3041 4712 pacis
3094 4641 3295 4705 studio,
3327 4655 3492 4710 quam

1925 4743 2120 4797 tollens
2199 4741 2460 4808 antiquus
2522 4737 2801 4791 hominum
2875 4735 3126 4790 inimicus
3195 4734 3497 4793 diabolus.

1926 4853 2131 4907 magno
2171 4837 2442 4908 bonorum
2474 4832 2804 4888 detrimento
2828 4828 3092 4899 Bulgaros
3121 4837 3174 4880 et
3195 4825 3498 4884 Romanos,

1923 4944 2120 4996 magno
2163 4927 2349 4982 dolore
2400 4925 2677 4980 Christum
2721 4923 2889 4977 Deum
2957 4929 3204 4973 nostrum
3275 4913 3493 4974 allusit,

1923 5019 2119 5074 ovibus
2169 5019 2289 5088 ejus
2333 5017 2612 5071 suadendo
2666 5023 2725 5068 ut
2789 5014 2842 5066 in
2904 5020 3146 5064 mutuam
3201 5004 3490 5077 perniciem

1922 5110 2329 5167 contenderent.
2384 5107 2502 5173 Qua
2547 5107 2614 5160 de
2671 5120 2729 5158 re
2782 5102 2982 5173 saepius
3013 5100 3206 5170 scripsi
3253 5107 3306 5153 et
3348 5108 3493 5150 nunc

1922 5202 2148 5271 supplex
2193 5199 2396 5263 scribo,
2435 5197 2707 5267 perceptis
2732 5196 2896 5250 etiam
2948 5207 3097 5248 nunc
3152 5204 3283 5243 aure
3328 5185 3496 5256 gratis

1923 5295 2031 5347 tuis
2080 5290 2450 5353 sermonibus,
2487 5303 2625 5357 quos
2655 5287 2918 5341 continuo
2947 5284 3200 5348 meditor,
3233 5287 3498 5350 quotquot

1923 5386 2106 5454 lingua
2140 5381 2376 5452 prudens
2410 5389 2499 5432 tua
2547 5395 2652 5432 non
2691 5379 2866 5432 solum
2895 5377 2959 5430 ad
2996 5391 3116 5439 nos,
3151 5373 3242 5427 sed
3278 5371 3347 5425 ad
3386 5371 3492 5424 im-

1922 5485 2224 5545 peratorem
2262 5481 2510 5526 nostrum
2539 5471 2704 5524 Deum
2751 5477 3022 5523 amantem
3052 5464 3299 5536 protulit,
3326 5477 3491 5533 quem

1922 5568 2034 5621 scio
2062 5581 2091 5619 a
2124 5575 2191 5630 te,
2210 5578 2273 5618 ex
2298 5578 2410 5633 quo
2439 5563 2590 5618 illum
2624 5562 2802 5616 vidisti
2827 5561 3078 5628 illiusque
3100 5556 3492 5628 benignitatem

1921 5668 2178 5728 expertus
2206 5672 2266 5711 es
2296 5655 2468 5710 fuisse
2498 5663 2736 5709 amatum
2768 5662 2819 5707 et
2851 5667 2997 5707 nunc
3035 5652 3226 5706 amari.
3259 5650 3492 5714 Etenim,

1921 5753 1990 5806 tili
2057 5752 2178 5817 mi,
2235 5764 2418 5818 pacem
2481 5749 2528 5802 ei
2587 5745 2883 5816 promisisti
2930 5753 2981 5799 ct
3040 5738 3478 5800 czmliunr'iincm
