4038 6204
500 270 601 334 187

1643 277 1956 338 NICOLAI
1996 278 2108 336 CP.
2148 276 2663 338 PATRIARCIIE

3660 277 3767 343 188

492 385 872 456 bellorumque
909 428 921 451 ,
953 397 1006 442 ct
1036 405 1375 459 qumcunque
1424 391 1622 446 misera
1648 407 1709 445 ex
1734 390 1889 445 bellis
1912 391 2098 445 oriun-

2206 393 2298 461 ἀφ’
2325 386 2387 446 οὗ
2409 375 2641 455 ἐθεάσω,
2678 390 2771 445 καὶ
2800 392 2992 461 πεῖραν
3038 391 3136 462 τῆς
3173 392 3385 446 ἐκείνου
3445 393 3786 465 ἀγαθὸτητος

494 487 603 539 tur,
629 487 792 548 atque
814 480 1009 533 iterum
1042 482 1094 534 in
1130 483 1365 551 priscam
1401 482 1713 537 felicitatem
1740 484 2016 538 Romanos
2037 494 2090 539 et

468 570 757 641 .Bulgaros
823 572 1298 643 redintegrandos.
1369 574 1537 639 lmo,f
1589 576 1909 644 priusquam
1961 590 2085 629 cum

495 676 682 719 noSIro
739 664 1059 719 Christiano
1112 667 1445 735 imperatore
1488 668 1839 730 convenires.
1874 669 1941 725 ad
2004 684 2093 724 me

497 756 779 825 indignum
834 772 864 811 e
933 755 1188 827 Bulgaria
1247 759 1552 829 scripseras
1610 770 1661 815 te
1726 761 1890 817 rebus
1949 776 2091 831 prae-

497 850 745 903 sentibus
784 849 1143 916 incumbere,
1191 867 1381 920 pacem
1437 852 1551 907 fieri
1582 854 1793 916 volens,
1848 869 2093 908 cessare-

499 958 628 1010 que,
671 942 777 996 Deo
812 944 1129 1013 adjuvaute,
1183 944 1325 997 bella
1356 953 1409 1001 et
1439 959 1589 999 arma
1623 961 1745 1017 qua:
1789 944 2089 1000 Christiani

500 1035 589 1087 alii
626 1036 676 1087 in
712 1034 850 1089 alios
889 1036 1203 1090 movebant.

2199 485 2416 550 ἔλαϐες,
2472 485 2748 555 ὲπόθησας
2804 488 2897 538 καὶ
2956 486 3163 548 ποθεῖς.
3204 488 3317 540 Καὶ⁵
3346 490 3457 558 γὰρ
3506 488 3603 542 καὶ
3644 494 3783 561 πρὸς

2200 580 2429 643 ἐκεῖνον,
2468 578 2656 633 τέκνον
2682 578 2863 648 ἡμῶν,
2883 580 3216 648 ἐπαγγελίας
3239 581 3514 651 παρέσχες
3534 585 3782 653 εἰρήνης,

2193 670 2287 724 καὶ
2316 670 2397 722 ὅτι
2431 669 2685 739 λήξουσιν
2722 671 2780 724 αί
2830 672 3063 740 σφαγαὶ,
3094 671 3189 724 καὶ
3218 675 3266 725 οί
3313 672 3564 744 πόλεμοι,
3598 676 3693 727 καὶ
3718 678 3788 730 τά

2190 762 2255 814 ὲκ
2277 760 2482 815 τούτων
2510 762 2750 833 δυστυχῆ
2818 764 3144 832 πράγματα,
3196 766 3293 818 καὶ
3354 766 3517 819 πάλιν
3566 768 3647 829 εἰς
3684 768 3786 838 τὴν

2192 851 2474 921 προτέραν
2536 852 2890 922 εὐδαιμονίαν
2971 855 3235 924 Ῥωμαῖοι
3304 857 3397 909 καὶ
3480 857 3788 929 Ιιούλγαροι

2191 946 2657 1015 καταστήσονται.
2712 946 2877 999 Ἀλλά
2924 948 3018 999 mi.
3068 947 3173 1015 πρὸ
3217 951 3314 1019 τῆς
3360 951 3654 1020 συντυχίας
3686 950 3791 1020 τῆς

2195 1036 2335 1105 πρὸς
2358 1036 2453 1088 τὸν
2475 1036 2820 1107 φιλόχριστον
2847 1037 3005 1108 ἡμῶν
3035 1037 3285 1109 βασιλέα,
3312 1041 3447 1109 πρὸς
3472 1042 3575 1109 τὴν
3625 1042 3793 1110 ἡμῶν

501 1126 636 1194 ἔφης
675 1127 1005 1180 ταπείνωσιν
1057 1129 1120 1180 ὲκ
1171 1126 1513 1197 Βουλγαρίας
1550 1126 1621 1182 τὰ
1650 1128 1888 1183 ἐνταῦθα
1952 1127 2312 1192 καταλαϐεῖν,
2338 1127 2565 1197 εἰρήνην
2630 1128 2886 1196 γενέσθαι
2922 1188 2925 1191 _
2956 1128 3306 1200 βουλόμενος,
3352 1130 3447 1183 καὶ
3469 1132 3792 1186 ἀποπαῦσαι

503 1223 599 1271 σὺν
631 1219 749 1289 Θεῷ
779 1220 877 1291 τὴν
905 1221 1028 1273 κατ’
1072 1220 1321 1292 ἀλλήλων
1351 1223 1459 1276 τῶν
1509 1224 1859 1293 Χριστιανῶν
1895 1224 2077 1294 μάχην
2116 1224 2213 1277 καὶ
2240 1222 2348 1275 τῶν
2366 1222 2550 1276 ὅπλων
2578 1223 2681 1289 τὴν
2711 1223 2949 1295 κίνησιν.

571 1314 778 1370 [larum
839 1335 1019 1373 rerum
1081 1321 1428 1378 indelebilem
1474 1323 1796 1378 memoriam
1844 1323 1897 1377 in
1930 1322 2099 1377 corde

504 1408 787 1476 habentes,
820 1423 1221 1484 noscentesque
1247 1424 1397 1471 tuam
1432 1415 1679 1470 veritatis
1707 1414 2094 1477 reverentiam.

502 1512 798 1569 praesentes
842 1505 1172 1573 scripsimus
1221 1506 1459 1569 litteras,
1492 1504 2095 1581 ut'jamsupplicavi-

2280 1318 2502 1374 Τούτων
2538 1320 2755 1389 ἔχοντες
2788 1320 2887 1391 τὴν
2920 1320 3175 1391 μνήμνην
3213 1319 3579 1389 ἀνεπίληστον
3616 1320 3675 1371 ὲν
3723 1298 3791 1369 τῇ

2206 1410 2411 1482 καρδίᾳ
2436 1412 2620 1481 ἡμῶν,
2653 1413 2749 1465 καὶ
2777 1411 3144 1480 γινώσκοντες
3167 1413 3267 1482 τὴν
3306 1410 3454 1482 παρά
3495 1409 3587 1462 σοῦ
3616 1426 3793 1478 τιμω-

2206 1506 2378 1575 μένην
2404 1505 2689 1575 ἀλήθειαν,
2723 1504 2785 1558 τὺ
2811 1506 2986 1576 παρὸν
3032 1506 3361 1576 ἐγράψαμεν
3408 1507 3666 1575 γράμμα,
3705 1498 3794 1556 οἷα

505 1611 628 1650 mus
661 1604 714 1649 et
747 1613 894 1653 nunc
925 1600 1316 1670 supplicantes.
1351 1598 1565 1666 Prazbe,
1599 1615 1633 1653 ο
1660 1598 1758 1665 fili,
1786 1600 1945 1654 linem
1972 1614 2098 1655 ver-

2203 1598 2470 1661 πολλάκις
2501 1596 2888 1669 ίκετεύσαμεν,
2923 1598 3019 1651 καὶ
3053 1598 3147 1649 νῦν
3185 1595 3550 1659 ἱκετεύοντες.
3579 1591 3794 1660 Δεῖξον,

506 1686 696 1741 ιιιιιιιιιι
732 1689 905 1757 gloria
961 1700 1052 1746 tua
1080 1690 1354 1760 dignum;
1395 1692 1671 1761 promissa
1721 1691 1982 1762 adimple,
2038 1700 2098 1747 ut

2208 1690 2401 1744 τέκνον
2438 1689 2621 1760 ἡμῶν,
2670 1689 2782 1741 τῶν
2809 1689 2918 1742 σῶν
2968 1688 3232 1760 ῥημάτων
3281 1688 3344 1740 τὺ
3374 1688 3529 1750 τέλος
3569 1687 3796 1748 ἐπάξιον

509 1780 648 1833 Deus
701 1782 1076 1850 gloriticetur,
1112 1799 1313 1837 nomen
1366 1792 1519 1838 tuum
1577 1783 1892 1843 immortale
1960 1784 2106 1855 apud

2208 1782 2311 1852 τῆς
2346 1780 2741 1853 προσηκούσης
2776 1797 2866 1834 σοι
2889 1781 3070 1849 δόξης⁶
3106 1780 3397 1851 πλήρωσον
3429 1782 3529 1840 τὰς
3555 1780 3797 1849 ὑποσχέ-

506 1882 755 1939 posteros
776 1873 865 1928 fiat
881 1892 895 1933 :
913 1875 1381 1945 grexqueChristi
1408 1876 1630 1945 duplex,
1659 1876 1876 1949 Bulgari
1899 1878 2098 1937 scilieel

2211 1893 2349 1941 σεις,
2380 1875 2471 1937 ἴνα
2525 1876 2622 1928 καὶ
2658 1874 2793 1937 Θεὸς
2826 1873 3093 1944 δοξασθῇ,
3125 1875 3218 1926 καὶ
3246 1874 3305 1926 τὸ
3359 1873 3451 1926 σδν
3480 1873 3654 1941 ὄνομα
3704 1872 3799 1941 γέ-

506 1982 569 2019 ae
632 1964 886 2030 Romani,
926 1968 1221 2037 perniciem
1273 1970 1616 2039 spiritnalem
1660 1981 1714 2025 et
1759 1971 2106 2040 corporalem

505 2056 775 2127 effugiens
817 2061 1154 2128 carporalem
1190 2063 1434 2132 requiem
1463 2077 1588 2123 cum
1632 2062 1904 2129 spirituali
1930 2065 2108 2117 salute

508 2151 770 2205 obtineat.
807 2151 1033 2208 Minime
1083 2156 1229 2210 enim
1292 2164 1347 2211 te
1411 2155 1548 2226 fugit
1611 2156 1874 2225 Bulgaros
1914 2166 1967 2211 et
2002 2156 2108 2211 Ro-

507 2257 701 2298 manos
740 2261 845 2299 non
903 2248 1065 2305 modo
1130 2250 1472 2317 corporalem
1519 2248 1684 2304 vitam
1744 2250 2105 2305 miserrimam

508 2332 730 2404 habere,
766 2338 857 2391 sed
884 2341 1073 2403 etiam,
1109 2340 1194 2394 hei
1231 2342 1362 2395 mihi
1402 2340 1743 2399 iufortunato
1786 2344 1798 2395 !
1831 2343 2103 2411 spirituali

509 2428 615 2481 vita
636 2430 856 2495 privari.
881 2433 1031 2494 Eam.
1056 2434 1127 2491 lili
1149 2435 1244 2498 mi,
1265 2435 1678 2503 exstinguamus
1694 2437 1787 2490 ira:
1805 2436 2104 2505 flammam,

508 2536 670 2590 quam
736 2523 850 2577 sive
896 2526 1166 2583 scelestus
1192 2528 1467 2593 diabolus,
1502 2530 1616 2585 sive
1653 2530 1904 2584 homines
1937 2546 2104 2585 sensu

509 2623 758 2670 carentes
806 2619 1370 2690 suscitaverunt.Ego
1407 2630 1460 2677 et
1506 2622 1613 2675 vidi
1656 2623 1957 2677 animantia
2011 2626 2110 2678 ali-

510 2708 730 2776 quando
750 2710 828 2765 ira
854 2722 1023 2775 mota,
1049 2712 1155 2767 alia
1185 2714 1239 2766 in
1268 2713 1372 2767 alia
1401 2714 1611 2769 i-rruere
1641 2720 1694 2768 et
1719 2726 1951 2780 certare,
1983 2733 2104 2786 quae

509 2800 657 2856 brevi
694 2802 830 2855 iram
884 2802 1207 2872 furoresque
1235 2806 1500 2861 sedabant
1531 2816 1585 2859 et
1619 2807 1683 2859 ad
1711 2822 1895 2874 pacem
1922 2823 2103 2863 rever-

512 2894 787 2951 tebantur.
862 2896 997 2949 Cum
1052 2906 1233 2949 autem
1284 2897 1544 2949 animalia
1600 2900 1810 2952 ratione
1855 2900 2101 2955 carentia

2207 1985 2371 2038 νηται
2402 1967 2742 2037 ἀείμνηστον
2789 1966 2885 2021 καὶ
2935 1968 2994 2017 ὲν
3039 1969 3159 2027 ταῖς
3190 1965 3384 2019 ἔπειτα
3428 1969 3664 2033 γενεαῖς,
3702 1968 3798 2019 καὶ⁵

2208 2058 2501 2129 ἀμφότερα
2540 2058 2613 2110 τὰ
2647 2056 2874 2128 ποίμνια
2902 2057 2998 2112 τοῦ
3040 2056 3303 2129 Χριστοῦ,
3339 2057 3489 2125 λέγω
3527 2059 3591 2127 δὴ
3639 2058 3699 2110 τό
3735 2074 3797 2110 τε

2208 2149 2538 2222 Βουλγάρων
2570 2149 2726 2211 ἔθνος
2770 2150 2865 2201 καὶ
2894 2149 2956 2201 τὸ
3015 2148 3301 2218 Ῥωμαίων
3334 2148 3511 2215 γένος,
3543 2149 3797 2201 ἀπαλλα-

2208 2243 2347 2311 γῶσι
2405 2242 2641 2312 ψυχικοῦ
2683 2242 2780 2295 καὶ
2836 2241 3156 2309 σωματικοῦ
3208 2239 3464 2308 ὀλέθρου,
3513 2242 3609 2293 καὶ
3657 2240 3799 2293 ἀπο-

2188 2334 2451 2411 λλαύσωσι
2494 2337 2591 2389 καὶ
2634 2334 2967 2405 σωματικῆς
3006 2322 3271 2398 ἀνέσεως,
3298 2333 3654 2403 καὶψυχικῆς
3688 2350 3797 2387 σω-

2208 2430 2427 2499 τηρίας.
2463 2424 2587 2482 Οἵδε
2633 2430 2742 2500 γὰρ
2778 2431 2811 2498 ἡ
2864 2428 2930 2499 σὴ
2975 2428 3189 2497 μεγάλη
3221 2427 3459 2491 σύνεσις,
3488 2429 3571 2480 ὅτι
3607 2428 3670 2480 οὐ
3704 2429 3799 2497 μό-

2209 2541 2298 2577 νον
2325 2523 2423 2593 τὴν
2457 2523 2783 2593 σωματικὴν
2810 2521 2958 2591 ζωὴν
2978 2521 3227 2582 ἐλεεινῶς
3271 2520 3595 2591 ζημιοῦνται
3653 2521 3797 2574 Ῥω-

2212 2618 2363 2685 μαῖοι
2410 2616 2505 2668 καὶ
2546 2614 2853 2685 Βούλγαροι
2886 2614 3154 2685 ἀλλήλους
3184 2613 3620 2683 ἀποσφάζοντες,
3656 2615 3797 2668 ἀλλά

2209 2710 2435 2777 καὶτῆς
2464 2708 2666 2778 ψυχῆς,
2707 2694 2855 2777 οἴμοι
2902 2708 2979 2776 τῷ
3038 2707 3229 2773 ἀλθίῳ,
3282 2708 3795 2778 ἀποστερίσκονταν

2207 2801 2340 2865 Ναὶ,
2371 2802 2566 2853 τέκνον
2597 2817 2726 2869 μου,
2756 2800 3045 2867 σϐέσωμεν
3084 2798 3179 2850 τοῦ
3229 2797 3401 2869 θυμοῦ
3433 2800 3533 2868 τὴν
3596 2799 3795 2867 φλόγα,

2206 2892 2274 2963 ἢν
2311 2892 2420 2945 εἴτε
2460 2894 2701 2962 πονηρὸς
2729 2892 2962 2962 δαίμων,
2995 2894 3105 2945 εἴτε
3166 2890 3441 2961 ἄνθρωποι
3495 2892 3797 2961 ἀνέφλεξαν

510 2986 647 3038 iram
677 2985 982 3051 continere,
1027 2987 1192 3056 eique
1224 2988 1383 3042 finem
1414 2988 1695 3056 imponere
1730 2991 1925 3051 sciant.
1956 3001 2010 3047 et
2033 2995 2098 3048 ad

2204 2985 2467 3056 ἄφρονες.
2513 2985 2659 3054 Ἐγὼ
2711 2988 2806 3040 καὶ
2843 2987 3058 3056 ἀλόγων
3105 2988 3236 3057 γένη
3296 2988 3609 3056 ἐθεασάμην
3662 2992 3800 3040 ποτε

509 3090 695 3144 pacem
722 3087 1139 3142 convertantur,
1162 3095 1290 3134 num
1315 3079 1593 3145 homines,
1617 3098 1757 3151 quos
1781 3084 1918 3139 ratio
1939 3086 2093 3157 regit,

509 3169 601 3237 qui
639 3184 805 3222 unum
830 3169 994 3225 Deum
1016 3173 1367 3237 confitentur,
1405 3190 1514 3229 uno
1552 3176 1755 3231 Christi
1799 3176 1890 3230 Dei
1922 3180 2094 3233 nostri

511 3262 733 3319 nomine
766 3264 1127 3333 appellantur,
1151 3269 1411 3333 quoniam
1446 3284 1594 3320 arma
1644 3269 1697 3321 in
1724 3270 1953 3322 invicem
1981 3285 2099 3322 nio-'-

507 3356 707 3422 verint,
733 3370 951 3426 semper
977 3360 1295 3423 movebunt,
1332 3360 1538 3415 mutuis
1568 3360 1807 3414 caedibus
1842 3360 1960 3416 sine
1992 3361 2097 3415 line

510 3448 833 3516 gloriantes,
858 3466 1136 3518 nunquam
1168 3453 1379 3506 ratione
1405 3454 1535 3519 quid
1569 3454 1637 3506 sit
1663 3452 1796 3521 ipsis
1823 3454 1954 3506 utile
1974 3454 2095 3508 exi-

510 3543 1030 3611 stimabunt,neque
1064 3544 1379 3612 aliquando,
1425 3545 1551 3599 licet
1593 3546 1802 3600 tardius
1841 3548 2094 3615 sanguini

510 3646 740 3705 parcent
780 3636 1041 3690 listudne
1068 3646 1258 3690 natura
1281 3637 1519 3691 humana
1545 3640 1792 3709 dignum,
1814 3640 1878 3692 ad
1905 3640 2099 3708 imagi-

512 3744 634 3783 nem
660 3727 753 3783 Dei
779 3728 1033 3796 formata,
1054 3730 1139 3785 cui
1161 3731 1299 3785 ratio
1321 3732 1593 3795 peculiare
1613 3733 1821 3788 decus?
1843 3732 1947 3787 Sed
1966 3733 2099 3803 quid

509 3824 813 3894 longiorem
866 3824 1151 3893 epistolam
1187 3825 1393 3890 facio?
1436 3825 1581 3880 Satis
1612 3829 1721 3882 sint
1748 3844 1869 3895 quae
1895 3829 2099 3897 scripta

510 3922 661 3971 sunt.
724 3914 967 3968 Ex'Deo
1012 3915 1159 3969 enim
1217 3914 1434 3970 confido
1498 3932 1585 3971 res
1634 3916 1706 3971 ita
1751 3917 2003 3987 futuras,
2043 3928 2101 3972 ut

510 4003 698 4058 dixisti
725 4005 956 4073 loquens
980 4006 1046 4059 ad
1079 4004 1443 4059 humilitatem
1472 4023 1647 4061 meam
1672 4016 1724 4061 et
1754 4008 1821 4061 ad
1848 4017 2098 4063 nostrum

511 4092 897 4162 imperatorem
939 4092 1046 4149 Deo
1080 4104 1340 4159 amatum,
1368 4093 1702 4167 fratremque
1724 4098 2101 4154 tibidileelum

510 4195 563 4239 et
597 4201 695 4255 pro
748 4186 946 4241 talibus
968 4189 1179 4244 meritis
1202 4189 1392 4257 longos
1415 4190 1511 4243 tibi
1546 4205 1575 4242 ιι
1611 4189 1719 4245 Deo
1751 4192 2103 4261 exposcimus

509 4278 820 4334 felicitatem
851 4281 902 4334 in
932 4280 1033 4336 hac
1053 4282 1181 4348 vita,
1206 4282 1329 4337 etin
1363 4281 1545 4336 futura
1579 4282 1722 4337 illius
1737 4282 2099 4339 haereditatem

2206 3080 2311 3133 ὑπὸ
2343 3079 2517 3150 θυμοῦ
2546 3081 2863 3151 κινηθέντα,
2890 3085 2985 3135 καὶ
3010 3084 3128 3135 κατ’
3188 3082 3436 3152 ἀλλήλων
3466 3084 3798 3152 ὁρμήσαντα

2204 3175 2300 3227 καὶ
2334 3174 2645 3244 μαχόμενα,
2686 3173 2803 3227 ἀλλ’
2835 3174 3147 3228 ἐπαύσαντο
3179 3175 3339 3227 πάλιν
3369 3173 3462 3228 τοῦ
3493 3174 3667 3245 θυμοῦ
3700 3176 3799 3230 καί

2204 3264 2300 3316 τοῦ
2372 3265 2667 3335 μάχεσθαι,
2724 3265 2818 3317 καὶ
2860 3264 3207 3334 κατέστησαν
3251 3254 3389 3335 πρὸς
3438 3264 3498 3317 τὸ
3560 3265 3795 3334 ἥμερον.

2206 3352 2363 3420 Εἶτα,
2388 3358 2581 3411 τέκνον
2635 3375 2760 3429 μου,
2796 3359 2865 3410 τὰ
2908 3358 3007 3427 μὲν
3040 3358 3209 3425 ἄλογα
3252 3358 3325 3427 μὴ
3356 3357 3672 3427 κεκτημένα
3706 3354 3799 3407 λό-

2206 3466 2300 3517 γον
2324 3450 2587 3520 ἰπέχοντα
2635 3452 2727 3502 τὸν
2759 3449 2954 3519 θυμὸν,
2998 3449 3118 3502 ἀλλ’
3140 3450 3244 3501 ὑπὸ
3282 3448 3510 3516 ἀλογίας
3545 3446 3794 3515 ἀγόμενα

2208 3545 2532 3598 ἐπίστανται
2584 3544 2676 3596 τοῦ
2735 3544 2908 3615 θυμοῦ
2953 3544 3293 3607 ἀπόπαυσιν,
3367 3543 3465 3595 καὶ
3510 3543 3609 3610 τῆς
3668 3543 3798 3594 κατ’

2206 3636 2455 3706 ἀλλήλοιν
2484 3637 2814 3705 ἀφίστανται
2837 3636 3037 3706 μάχης,
3065 3636 3158 3688 καὶ
3195 3633 3623 3704 μεταϐάλλονται
3651 3632 3793 3702 πρὸς

2206 3728 2451 3797 εῗρήνηνο
2485 3726 2770 3798 ἄνθρωποι
2800 3726 2857 3780 δὲ
2892 3727 3036 3796 λόγῳ
3067 3725 3502 3796 κυϐερνώμενοι,
3532 3725 3624 3778 ἕνα
3657 3726 3794 3778 Θεὸν

2209 3818 2618 3889 ὁμολογοῦντες,
2656 3820 2735 3871 ἐνὶ
2761 3819 2988 3889 ὀνόματι
3022 3817 3098 3888 τῷ
3135 3818 3229 3871 τοῦ
3258 3818 3498 3888 Χριστοῦ
3527 3818 3621 3871 καὶ
3651 3817 3794 3871 Θεοῦ

2208 3910 2367 3982 ἡμῶν
2421 3910 2873 3980 ἐπικεκλημένοι,
2932 3910 3067 3963 διότι
3112 3911 3356 3979 ἔφθασαν
3388 3910 3509 3963 κατ’
3543 3908 3794 3979 ἀλλήλων

2208 4002 2350 4056 ὅπλα
2385 4004 2631 4071 κινῆσαι,
2678 4003 2892 4065 τούτοις
2936 4006 3235 4073 χρήσονται
3289 4003 3377 4057 διά
3416 4002 3641 4066 παντὸς,
3692 4001 3794 4056 καὶ

2208 4100 2330 4160 ταῖς
2366 4099 2485 4151 κατ’
2516 4097 2764 4167 ἀλλήλων
2796 4099 3031 4166 σφαγαῖς
3054 4094 3201 4148 ὥσπε
3213 4114 3242 4166 ρ
3276 4095 3645 4176 ἐντρυφῶντες
3674 4094 3797 4149 δια·

2211 4191 2546 4253 τελέσουσιν,
2567 4190 2681 4245 ἀλλ’
2713 4191 2833 4261 οὐχ).
2854 4190 3100 4260 λογισμῷ
3116 4189 3361 4260 κρινοῦσι
3392 4191 3461 4242 τὰ
3482 4191 3787 4260 πρέποντα,

2211 4288 2304 4338 καὶ
2335 4284 2432 4355 ὀψέ
2465 4301 2596 4337 ποτε
2621 4285 2718 4353 τῆς
2756 4282 2878 4336 κατ’
2928 4284 3176 4353 ἀλλήλων
3210 4284 3426 4351 σφαγῆς
3458 4281 3788 4350 ἀφέξονται;

508 4373 713 4440 glorim,
747 4389 869 4442 qua:
919 4386 1147 4429 cunctos
1192 4374 1445 4428 homines
1504 4374 1612 4427 Deo
1658 4383 1843 4444 gratos
1876 4386 2081 4431 manet.

2203 4377 2299 4429 Kal.
2318 4375 2418 4428 ποῦ
2447 4374 2604 4427 τοῦτο
2633 4374 2782 4439 ἀξιον
2812 4374 2914 4443 τῆς
2942 4374 3286 4445 ἀνθρωπίνης
3300 4372 3512 4441 φύσεως
3528 4375 3626 4443 τῆς
3645 4389 3756 4425 κατ
3774 4370 3790 4387 ⁸

507 4465 697 4518 εἰκόνα
749 4465 889 4518 Θεοῦ
942 4466 1393 4531 διαπλασθείσης,
1445 4465 1540 4517 καὶ
1587 4464 1732 4535 λόγῳ
1751 4465 2162 4537 τετιμημένης;
2218 4466 2383 4520 Ἀλλὰ
2416 4466 2468 4517 τί
2498 4465 2766 4535 μακρύνω
2802 4466 2863 4518 τὸ
2898 4468 3172 4537 γράμμα;
3238 4464 3624 4535 Ἀρκεσθῶμεν
3671 4466 3791 4531 τοῖς

508 4558 845 4627 εἰρημένοις·
881 4560 1120 4611 πέποιθα
1150 4560 1261 4629 γὰρ
1303 4561 1361 4611 έν
1395 4558 1536 4627 Θεῷ,
1584 4559 1665 4610 ὅτι
1687 4558 1879 4629 ὥσπερ
1907 4560 2100 4630 παρὼν
2138 4558 2408 4630 ἑλάλησας
2439 4560 2578 4629 πρὸς
2612 4560 2709 4629 τὴν
2745 4558 2903 4630 ἡμῶν
2973 4559 3343 4627 ταπείνωσιν,
3369 4560 3462 4613 καὶ¹
3520 4558 3656 4628 πρὸς
3689 4557 3785 4610 τὸν

510 4649 862 4719 φιλόχριστον
888 4650 1114 4718 βασιλέα
1187 4650 1346 4719 ήμῶν
1378 4651 1471 4702 τὸν
1532 4651 1614 4701 σοὶ
1678 4650 2019 4717 ποθούμενον
2078 4651 2330 4721 ἀδελφὸν,
2376 4652 2518 4705 οὕτω
2550 4654 2645 4705 καὶ
2679 4653 2994 4722 γενήσεται·
3037 4650 3157 4703 ἀνθ’
3206 4644 3280 4703 ὧν
3334 4649 3675 4721 ἐπευχόμεθά
3699 4667 3783 4703 σοι

514 4743 839 4813 μακρότητα
866 4744 1117 4814 ἡμερῶν,
1163 4745 1257 4796 καὶ
1318 4745 1460 4797 κατά
1493 4744 1593 4811 τὴν
1636 4743 1915 4808 παροῦσαν
1987 4744 2134 4816 ζωὴν
2172 4745 2488 4817 εὐετηρίαν,
2530 4746 2625 4799 καὶ
2668 4747 2726 4797 ὲν
2753 4748 2820 4816 τῇ
2871 4743 3144 4815 μελλούση

510 4837 608 4907 τῆς
634 4836 1008 4905 ἀποκειμένης
1046 4839 1185 4889 πᾶσι
1220 4840 1330 4898 τοῖς
1372 4837 1450 4906 τῷ
1482 4836 1603 4906 Θεῷ
1632 4837 2091 4909 εύαρεστήσασιν.

1111 4928 1306 4982 XXXI.
1347 4929 1558 4983 Eidem.

582 5025 737 5095 Saepe
778 5025 877 5079 tibi
924 5040 1046 5094 quae
1097 5026 1481 5079 existimabam
1538 5032 1594 5078 et
1641 5040 1787 5079 nunc
1840 5027 2098 5081 existimo

511 5119 668 5174 utilia
700 5126 753 5172 et
781 5118 1181 5179 convenientia,
1205 5118 1424 5187 scripsi.
1460 5117 1631 5172 llodie
1654 5117 1723 5171 de
1766 5118 1929 5174 rebus
1959 5135 2097 5187 quas

512 5213 617 5281 iam
678 5210 925 5279 tractavi:
974 5210 1221 5264 ultimam
1271 5212 1455 5265 scribo
1520 5212 1845 5281 epistolam,
1910 5213 2097 5267 dolore

514 5316 609 5354 cor
642 5318 823 5356 meum
852 5312 1078 5372 urgente
1108 5311 1327 5371 prepter
1362 5302 1675 5356 communia
1714 5303 1851 5356 mala
1895 5304 2095 5371 quibus

517 5392 750 5457 populus
798 5392 921 5458 Dei,
955 5408 1047 5448 seu
1080 5392 1370 5463 Bulgarus,
1398 5408 1493 5447 seu
1524 5393 1805 5448 Romanus
1833 5395 2096 5449 exhauri-

520 5491 625 5533 tur.
668 5482 811 5539 Gens
843 5489 987 5541 enim
1030 5487 1390 5557 Bulgarorum
1424 5502 1550 5539 vere
1577 5488 1808 5555 pOpultts
1843 5486 1933 5541 Dei
1966 5498 2051 5542 est
2078 5528 2093 5552 ,

518 5574 609 5640 qui
638 5572 759 5628 illos
792 5581 1011 5649 proprio
1041 5580 1306 5650 sanguine
1361 5580 1608 5641 redemit,
1642 5578 1947 5645 fratresque
1971 5580 2096 5635 fecit

518 5680 616 5733 per
649 5662 884 5734 Spiritus
908 5673 1081 5726 sancti
1123 5673 1492 5741 adoptionem,
1534 5671 1657 5724 licet
1689 5679 1741 5723 tu
1796 5670 1889 5723 tibi
1925 5686 2093 5740 popu-

522 5759 634 5813 lum
669 5774 911 5830 arroges,
944 5764 1059 5832 qui,
1090 5764 1253 5821 hodie
1280 5764 1571 5834 imperium
1616 5762 1819 5818 habens
1852 5777 1975 5819 cras
2001 5764 2093 5819 da-

3220 4742 3583 4813 κληρονομίαν
3623 4740 3782 4811 δόξης

2722 4932 2847 4985 AA'.
2892 4928 2978 4995 Τῷ
3032 4927 3215 4993 αὐτῷ.

2276 5026 2531 5098 Ἔγραψα
2558 5024 2840 5087 πολλάκις,
2861 5023 2937 5086 ὡς
2962 5022 3063 5092 μὲν
3090 5021 3199 5089 ἐγὼ
3221 5020 3496 5091 ἐνόμιζον,
3513 5018 3650 5072 ἀλλά
3684 5021 3783 5074 καὶ

2198 5119 2281 5172 ἔτι
2306 5117 2538 5188 νομίζω,
2558 5118 2653 5170 καὶ
2671 5116 2925 5184 ὠφέλιμα
2955 5115 3050 5167 καὶ
3072 5114 3445 5186 συμφέροντα.
3465 5112 3668 5181 Γράφω
3682 5114 3781 5167 νῦν

2196 5212 2293 5264 ἐπὶ
2314 5213 2499 5273 πᾶσιν,
2521 5204 2602 5270 οἷς
2633 5208 2984 5279 προέγραψα,
3004 5207 3163 5262 τοῦτο
3175 5208 3240 5276 δὴ
3260 5206 3321 5260 τὸ
3339 5206 3568 5276 ἔσχατον
3599 5207 3781 5277 γράμο

2203 5323 2278 5375 μα
2300 5345 2314 5369 ,
2349 5303 2466 5373 ἅμα
2529 5302 2627 5372 μὲν
2663 5301 2985 5371 κινούμενος
3016 5302 3121 5354 ὑπὸ
3144 5301 3243 5370 τῆς
3268 5300 3326 5352 ἐν
3350 5302 3412 5369 τῇ
3440 5300 3547 5370 ἐμῇ
3577 5300 3779 5372 καρδίᾳ.

2196 5398 2533 5467 ἐγκειμένης
2605 5394 2697 5448 διὰ
2752 5396 2956 5458 παντὸς
3004 5395 3197 5463 ὀδύνης
3245 5393 3404 5464 χάριν
3433 5392 3540 5445 τῶν
3581 5393 3779 5445 κοινῶν

2196 5489 2386 5542 παθῶν
2437 5488 2547 5540 τῶν
2618 5486 3134 5541 καταδαπανώντων
3182 5487 3277 5539 τὸν
3332 5486 3463 5538 λαὸν
3506 5485 3602 5537 τοῦ
3640 5485 3777 5538 Θεοῦ

2193 5583 2283 5633 τὸν
2314 5582 2373 5632 ἐν
2412 5580 2744 5648 Βουλγάροις
2780 5579 2873 5629 καὶ
2905 5575 3201 5644 Ῥωμαίοις
3242 5576 3776 5646 συναριθμούμενον.

2209 5672 2451 5725 Ἐκεῖνον
2506 5671 2615 5741 γάρ
2643 5672 2759 5722 ἐστι
2791 5668 2919 5731 λαὸς
2948 5667 3164 5737 ἀληθῶς
3202 5668 3297 5721 καὶ
3332 5668 3394 5720 τὸ
3447 5667 3775 5737 Βουλγάρων

2194 5765 2348 5833 γένος
2376 5762 2469 5818 τοῦ
2505 5763 2937 5832 ἐξαγοράσαντος
2962 5761 3159 5825 αὐτοὺς
3196 5760 3382 5830 οἰκείῳ
3424 5761 3646 5831 αἵματι,
3680 5755 3777 5809 τοῦ
