4038 6204
216 333 325 400 189

1699 332 2116 393 EPISTOLE.

3400 324 3424 388 1
3435 330 3505 392 Ἦ)

210 446 483 515 ἀδελφοὺς
508 439 885 511 ποιησαμένου
934 440 1022 494 διὰ
1071 444 1169 513 τῆς
1200 441 1480 504 υἱοθεσίας
1519 441 1615 494 τοῦ
1641 438 1811 493 Πνεῦ-

1923 444 2065 496 beris
2094 442 2270 510 praeda
2309 441 2608 501 vermibus.
2648 438 2719 493 De
2772 437 2857 491 his
2905 436 3067 506 igitur
3096 437 3285 493 dolens
3317 440 3505 493 denuo

218 555 411 610 ματος
444 534 610 587 elui
632 530 829 584 τοῦτον
862 533 954 587 σὸν
986 530 1129 587 εἶναι
1176 534 1240 588 σύ
1292 534 1531 601 νομίζεις
1583 533 1732 595 λαὸν,
1784 535 1812 585 ὁ

218 634 465 701 σήμερον
492 631 700 702 ἄρχων,
746 631 840 682 καὶ
888 627 1083 697 αὔριον
1139 626 1246 678 ὑπὸ
1279 625 1583 691 σκωλήκιον
1632 624 1811 677 δαπα-

214 725 609 792 νηϐηςόμενος.
657 722 828 791 ’Υπὲρ
864 720 1075 773 τούτων
1110 718 1208 773 οὐν
1239 716 1578 784 ὀδυνώμενος
1609 718 1810 787 γράνςω

216 817 314 867 καὶ
338 818 444 879 ἔτι,
478 818 543 867 ἐκ
571 815 685 867 τῶν
713 815 823 866 σῶν
846 812 1171 880 κινούμενος
1204 811 1403 879 λόγων,
1438 809 1532 871 οὓς
1565 810 1804 861 ἐνταῦθα

1923 535 2125 598 scribo,
2160 534 2464 586 rationibus
2500 533 2620 584 istis
2660 530 2915 583 incitatus
2948 544 3087 597 quas
3119 544 3147 580 a
3176 538 3226 581 te
3252 530 3369 598 ipso
3399 547 3511 583 nic-

1918 642 2041 679 cnm
2103 627 2356 695 loquente
2416 626 2642 689 audivi;
2682 624 2871 692 quales
2932 622 3256 691 exposuisti,
3303 638 3427 675 eum
3476 639 3508 677 a

1924 717 2145 782 regione
2176 732 2292 769 mea
2329 716 2395 768 ad
2447 725 2497 769 te
2528 717 2669 769 exivi
2712 715 2779 768 de
2813 725 2963 769 tanto
3006 722 3229 783 tamque
3274 713 3511 787 glorioso

1919 810 2071 878 pacis
2128 809 2349 875 negotio
2384 818 2741 864 tractaturus.

216 909 656 977 παραγεγονότος
688 923 781 960 σου
815 907 925 961 ἀπὸ
946 906 1043 973 τῆς
1080 906 1179 974 σῆς
1216 904 1463 974 γλώττης
1481 906 1538 956 αἱ
1571 906 1840 973 ἡμέτεραι
1863 906 2026 957 ἀκοαὶ
2052 904 2447 975 ὲνηνέχθησαν*
2477 900 2619 974 ἦσαν
2655 904 2763 973 γὰρ
2797 905 2863 957 τὰ
2892 904 3165 973 λεγόμενα
3190 902 3333 972 παρ’
3357 903 3512 971 ὑμῶν

214 1002 467 1065 τοιαῦτα,
510 1000 594 1053 ὅτι
642 998 985 1068 κεκινήμεθα
1036 1000 1100 1051 ἐκ
1153 998 1255 1067 τῆς

290 1091 458 1143 Ἀλλά
484 1089 660 1143 ταῦτα
708 1089 807 1159 μὲν
841 1090 1151 1153 ἰδιαζόντως
1212 1090 1400 1155 ἔλεγες
1430 1090 1566 1159 πρὸς
1624 1091 1772 1160 ἡμᾶς
1797 1129 1810 1153 ,

213 1188 305 1238 ὅτε
353 1185 418 1237 τὸ
496 1182 716 1252 πρῶτον
765 1181 909 1245 ίδίως
953 1199 1035 1235 σοι
1101 1182 1239 1250 πρὸς
1282 1181 1501 1251 ὁμιλίαν
1548 1185 1815 1251 κατεστω-

218 1293 345 1348 μεν·
382 1276 580 1328 ἔπειτα
605 1274 662 1326 δὲ
691 1274 779 1329 ὅτε
817 1274 956 1343 μετά
1002 1271 1097 1327 τοῦ
1139 1272 1466 1342 θεοστεφοῦς
1522 1274 1680 1343 ήμῶν
1718 1276 1813 1342 βα-

222 1368 420 1428 σιλέως
454 1366 817 1434 συνομιλῆσαι
841 1366 1054 1434 γέγονε,
1104 1365 1335 1417 καὶτῶν
1369 1364 1429 1429 ἐξ
1486 1364 1697 1418 ἐκείνου
1723 1382 1815 1433 quo

215 1458 482 1523 λοτιμίων
521 1457 704 1525 ἑδέχου
738 1458 836 1526 τὴν
891 1456 1183 1527 χορηγίαν,
1240 1456 1817 1534 μέμνημαιετοιαῦτά

214 1566 339 1602 τινα
372 1552 597 1619 ῥήματα
618 1548 870 1611 εἰπόντος
892 1566 1009 1613 σου,
1029 1549 1105 1612 ὡς
1126 1549 1310 1602 οὐκέτι
1344 1549 1411 1602 τὰ
1438 1548 1533 1601 τοῦ
1568 1549 1809 1618 πολέμου

214 1643 353 1708 ἡμῖν
387 1640 846 1711 ὲνεργηθήσεται,
883 1641 1004 1694 οὐδὲ
1032 1640 1127 1693 τοῦ
1178 1640 1316 1712 πρὸς
1351 1641 1544 1711 χρείαν
1574 1642 1811 1695 ἐπιδιδο-

1327 997 1466 1061 ἰδίας
1504 998 1691 1067 χώρας
1723 998 1911 1050 ἕνεκεν
1960 998 2055 1051 τοῦ
2088 997 2255 1050 καλοῦ
2309 997 2404 1051 καὶ
2465 997 2701 1067 μεγάλου
2762 996 3089 1067 πράγματος
3125 996 3225 1066 τῆς
3265 997 3510 1067 εἰρήνης,

1984 1092 2093 1144 Ista
2121 1101 2303 1145 autem
2342 1092 2494 1152 mihi,
2521 1091 2739 1159 quando
2771 1097 2948 1143 tecum
2993 1090 3058 1143 ad
3095 1091 3362 1158 privatum
3395 1090 3511 1143 col-

1915 1185 2163 1254 loquium
2203 1184 2363 1244 veni.
2401 1192 2452 1236 et
2488 1191 2675 1251 postea
2729 1181 3045 1249 imperatori
3108 1190 3294 1235 nostro
3342 1196 3370 1233 a
3402 1180 3512 1233 Deo

1913 1286 2197 1340 coronato,
2229 1276 2451 1343 quando
2515 1274 2750 1341 colloqui
2794 1288 2919 1326 cum
2954 1274 3045 1326 illo
3077 1274 3275 1335 evenit,
3314 1281 3368 1327 et
3436 1273 3503 1327 ab

1918 1366 2013 1419 illo
2041 1366 2296 1419 ludorum
2324 1366 2507 1419 minus
2531 1365 2813 1433 acer-pisti.
2839 1363 3058 1418 Memini
3085 1375 3135 1418 te
3160 1375 3271 1418 tum
3305 1366 3510 1429 dicere,

1922 1474 2029 1513 non
2059 1458 2172 1527 jam
2226 1460 2385 1513 nobis
2421 1457 2618 1511 belhnn
2648 1457 2995 1511 inferendum
3028 1472 3203 1526 neque
3235 1473 3332 1511 nos
3360 1457 3515 1510 dein.

1922 1566 2049 1619 ceps
2085 1550 2312 1604 loricam
2366 1550 2420 1603 in
2476 1549 2634 1603 bellis
2668 1549 2733 1601 ad
2768 1548 3140 1602 defensionem
3177 1548 3514 1614 indutui-os;

1922 1642 2139 1711 aliaque
2181 1645 2245 1695 ad
2284 1641 2705 1711 signillcandum
2752 1642 3005 1693 ultimum
3063 1641 3187 1693 belli
3223 1643 3382 1693 linem
3420 1656 3515 1703 pa-

219 1734 388 1801 μὲνου
416 1736 475 1784 ὲν
496 1736 611 1795 τοῖς
650 1732 911 1802 πολέμοις
940 1732 1171 1801 χιτῶνος
1202 1734 1334 1802 ἡμῖν
1360 1732 1440 1786 ἔτι
1480 1733 1685 1802 δεήσει,
1721 1734 1815 1786 καὶ

1923 1730 2108 1799 eisque
2132 1732 2620 1787 restaurationem.
2654 1728 2961 1785 Verborum
3000 1732 3227 1785 istorum
3257 1743 3344 1786 tua
3374 1749 3510 1787 con-

224 1825 363 1879 ἀλλα
390 1826 491 1878 ὅσα
535 1825 674 1894 πρὸς
709 1827 951 1893 παντελῆ
974 1828 1070 1879 τοῦ
1106 1825 1348 1895 πολέμου
1378 1826 1682 1879 κατάλυσιν
1718 1828 1813 1880 καὶ⁴

216 1919 322 1985 τῆς
364 1919 589 1988 εἰρήνης
620 1921 1089 1974 ἀποκατάστασιν.
1130 1913 1232 1971 Ὧν
1260 1920 1354 1972 ἐπὶ
1376 1920 1469 1973 τοῦ
1500 1919 1806 1981 συνειδότος

217 2017 368 2083 ἔχεις
402 2019 499 2085 τὴν
531 2018 780 2086 μνήμην,
816 2017 939 2069 τότε
995 2019 1319 2088 προσεῖπες⁸
1352 2014 1531 2070 ταῦτά
1569 2032 1637 2086 με
1674 2015 1818 2068 κινεῖ

220 2110 359 2177 πρὸς
382 2110 442 2161 τὸ
471 2108 697 2178 ἔσχατον
718 2108 880 2161 τοῦτο
904 2109 1160 2179 γράμμα.
1184 2108 1291 2161 Ποῦ
1317 2108 1603 2173 τοίνυν,ῶς
1624 2106 1816 2177 παρών

224 2218 310 2253 σοι
339 2202 817 2272 προσφθέγγομαι,
849 2203 958 2260 τῶν
998 2203 1106 2257 σῶν
1134 2204 1311 2271 λόγων
1359 2206 1414 2258 αἱ
1448 2204 1815 2273 ὑποσχέσεις;

220 2296 289 2347 Τί
314 2297 539 2363 γέγονεν
556 2299 590 2368 ή
613 2299 860 2368 μακαρία
888 2298 1071 2368 εκείνη
1090 2300 1147 2350 ἐν
1166 2302 1281 2361 τοῖς
1307 2299 1547 2368 ῥήμασιν
1571 2302 1811 2370 εἰρήνης,

218 2383 286 2458 ἧς
320 2389 417 2440 καὶ
469 2390 632 2455 μόνον
667 2390 697 2455 ἡ
739 2390 897 2457 φήμη
941 2392 1035 2441 καὶ
1087 2392 1147 2442 ἐν
1220 2394 1284 2460 τῇ
1319 2391 1428 2443 τῶν
1491 2392 1816 2461 Βουλγάρων

223 2475 382 2546 χώρα
416 2481 509 2528 καὶ
543 2479 603 2529 ἑν
640 2482 705 2547 τῇ
760 2478 865 2531 τῶν
906 2478 1195 2549 Ῥωμαίων
1252 2482 1591 2549 διαχυθεῖσα,
1638 2483 1817 2535 πᾶσαν

222 2568 478 2635 γλῶσσαν
503 2570 583 2631 εἰς
619 2568 755 2621 Θεοῦ
813 2571 1168 2640 εὐχαριστίαν
1206 2573 1467 2642 ὲκίνησες
1511 2572 1679 2625 Παντὶ
1715 2572 1815 2642 μὲν

224 2656 502 2727 ἀνθρώπῳ
551 2658 757 2729 τρόπος
787 2661 989 2726 ἀγαθὸς
1033 2664 1090 2715 ὲν
1138 2663 1311 2732 τούτῳ
1365 2664 1715 2733 γνωρίζεται,
1757 2666 1816 2716 ὲν

223 2751 302 2823 τῷ
324 2752 491 2821 τιμᾷν
520 2752 620 2820 τὴν
650 2750 931 2821 ἀλήθειαν
964 2754 1104 2823 ἀρχῇ
1155 2753 1209 2807 δὲ
1267 2754 1505 2823 μάλιστα
1563 2759 1629 2826 τῇ
1683 2757 1819 2826 πρὸς

229 2841 714 2912 μεγαλοπρέπειαν
762 2844 1101 2917 ἐξῃρημένη,
1152 2846 1307 2899 οὐδὲν
1337 2846 1510 2909 οὕτως
1562 2848 1690 2900 ἄλλο
1734 2849 1815 2911 είς

225 2931 386 2998 δόξαν
412 2934 659 2986 συντελεῖ
709 2936 803 2986 καὶ
839 2936 1144 3004 σεμνότητα
1172 2937 1273 3004 τῆς
1308 2937 1504 3006 ἀρχῆς,
1547 2936 1676 3007 ὼςή
1705 2939 1815 2989 τῶν

222 3023 398 3090 λόγων
426 3024 677 3094 ἀλήθεια,
704 3026 795 3078 καὶ
820 3027 927 3078 τῶν
954 3027 1446 3096 ἐπαγγελλομένων
1468 3030 1530 3080 τὸ
1560 3028 1817 3098 ἀδιάψευπ

1919 1824 2151 1881 scicntia
2189 1826 2461 1887 meminit,
2494 1840 2616 1896 quae
2646 1840 2731 1878 me
2761 1824 2826 1877 ad
2860 1824 2999 1878 hanc
3030 1824 3278 1878 ultimam
3306 1826 3509 1895 episto-

1920 1919 2027 1972 lam
2058 1918 2403 1973 scribendam
2435 1920 2681 1973 incitant.
2722 1915 2823 1971 Ubi
2859 1917 3045 1987 igitur,
3079 1934 3201 1970 nam
3237 1919 3333 1971 tibi
3362 1914 3509 1973 velut

1919 2026 2162 2079 praesens
2206 2013 2421 2082 loquor,
2456 2013 2746 2066 verborum
2803 2024 3021 2065 tuorum
3072 2012 3514 2083 promissiones?

1924 2102 2022 2157 Ubi
2053 2103 2155 2159 ista
2191 2104 2395 2172 jaclala
2422 2104 2771 2157 sermonibus
2805 2119 2905 2172 pax
2929 2142 2944 2166 ,
2984 2104 3146 2173 cujus
3190 2103 3334 2158 fama
3371 2105 3513 2168 sola,

1920 2211 2045 2249 cum
2076 2197 2129 2248 in
2156 2194 2515 2264 Bulgarorum
2538 2193 3024 2265 Romanorumque
3047 2197 3298 2265 regiones
3315 2196 3514 2252 dill'usa

1919 2296 2085 2351 esset,
2113 2297 2189 2343 tot
2213 2289 2512 2357 gratiarum
2538 2287 2783 2342 actiones
2808 2290 3109 2343 sustulerat
3134 2290 3155 2343 ?
3182 2288 3356 2345 Homo
3391 2292 3517 2358 qui-

1921 2379 2052 2434 libet
2089 2380 2303 2434 honesti
2337 2380 2538 2449 ingenii
2588 2381 2861 2445 noscitur,
2900 2382 2992 2449 qui
3025 2384 3310 2436 veritatem
3357 2400 3514 2437 rere-

1920 2484 2107 2539 retur;
2137 2475 2188 2527 in
2220 2474 2337 2553 viro
2384 2484 2568 2527 autem
2615 2474 2885 2542 principe,
2933 2476 3025 2544 qui
3066 2475 3517 2545 magnanimitate

1920 2566 2192 2621 excellere
2217 2567 2398 2630 debet,
2430 2565 2563 2619 nihil
2591 2566 2735 2618 aliud
2764 2568 2829 2619 ad
2869 2568 3097 2635 gloriam
3130 2569 3518 2621 reverentiam-

1921 2676 2027 2728 que
2044 2658 2390 2713 auctoritatis
2405 2658 2638 2727 proﬁcit,
2661 2658 2764 2712 nisi
2789 2674 3100 2711 sermonum
3118 2662 3342 2723 veritas,
3365 2661 3521 2715 lides-

1921 2768 2027 2821 que
2058 2752 2111 2803 in
2148 2749 2455 2820 promissis.
2488 2750 2786 2804 Considera
2823 2758 3029 2815 utrum,
3065 2766 3255 2816 necne,
3302 2753 3503 2822 leiglo-

1926 2847 2064 2899 riam
2120 2842 2746 2912 magnanimitatemque
2802 2842 3145 2897 aﬂ'ectantem
3168 2844 3359 2899 deceat
3392 2846 3513 2900 fidei

1922 2935 2193 2995 delectus,
2227 2944 2280 2986 ct
2305 2948 2367 2985 ex
2396 2948 2653 2987 sermone
2682 2932 2749 2986 ad
2789 2948 3103 2987 sermonem
3138 2935 3273 2988 nihil
3324 2936 3517 2990 stabile

1924 3036 1973 3080 et
2001 3036 2207 3079 certum
2244 3022 2614 3093 prolerentem
2654 3023 2965 3077 conversio.

226 3133 371 3169 στον.
419 3118 563 3189 Ὅρα
598 3116 692 3172 οῦν
719 3120 767 3172 εί
797 3120 957 3191 δόξης
1001 3122 1435 3192 ἀντιποιουμένῳ
1466 3138 1549 3175 σοι
1616 3123 1709 3175 καὶ
1744 3118 2223 3192 μεγαλοπρεπείας
2286 3117 2518 3186 ἁρμόζει
2550 3116 2610 3169 τὸ
2681 3116 3049 3185 παλίντροπον
3118 3118 3212 3169 καὶ
3262 3133 3514 3187 μεταπη⁴

222 3208 319 3279 ὅᾷν
354 3211 420 3261 ἐκ
444 3209 619 3277 λόγων
652 3212 732 3274 εἰς
762 3212 957 3280 λόγους
1010 3213 1262 3283 μηδαμοῦ
1308 3215 1369 3266 τὸ
1419 3214 1651 3283 βάσιμον
1709 3218 1802 3267 καὶ
1847 3214 2059 3285 ἑδραῖον
2088 3210 2486 3278 κεκτημένους.

305 3303 646 3373 Ἐϐουλόμην
668 3321 750 3358 σοι
774 3305 942 3357 πολλά
966 3306 1188 3359 τοιαῦτα
1216 3307 1470 3376 γράφειν,
1503 3307 1638 3359 ἀλλα
1668 3310 1803 3377 πρδς

228 3393 403 3460 μῆκος
443 3392 573 3455 ἴσως
612 3395 1057 3465 ἐπεκτεινόμενος
1105 3399 1133 3448 ό
1176 3396 1333 3462 λόγος
1374 3396 1602 3465 ὀχληρὸς
1647 3397 1809 3463 δόξει,

225 3485 314 3533 καὶ
340 3483 431 3534 διὰ
463 3482 622 3535 τοῦτο
662 3486 844 3545 ἐκεῖνα
883 3486 1579 3555 καταλιμπανομεν.-Ἀπὸ
1608 3488 1664 3540 δὲ
1703 3488 1813 3538 τῶν

226 3574 361 3641 πρὸς
394 3575 548 3645 ήμᾷς
597 3575 836 3645 ἐλέγχων
894 3578 986 3631 καὶ
1030 3578 1376 3646 ὀνειδισμῶν,
1436 3577 1529 3639 οὓς
1570 3578 1812 3631 κατενώ-

228 3682 351 3717 πιον
404 3665 503 3718 τοῦ
535 3666 860 3737 θεοστεφοῦς
905 3670 1064 3739 ήμῶν
1122 3669 1387 3739 βασιλέως
1430 3671 1667 3739 ἐλέγχων
1719 3672 1816 3722 καὶ

226 3758 508 3821 ὀνειδίζων
567 3761 662 3819 καὶ
728 3761 929 3828 τρόπον
994 3764 1115 3815 τινὰ
1179 3762 1457 3830 φαυλίζων
1503 3763 1601 3833 τὴν
1658 3762 1818 3833 ήμῶν

228 3851 585 3920 ὐπεφθέγγου
617 3853 934 3925 ἀθλιότητα,
990 3855 1204 3909 ἐκεῖθέν
1258 3873 1340 3908 σοι
1406 3857 1609 3923 resne.
1661 3858 1816 3910 τοῦδε

229 3944 708 4012 προσφθέγγομαι.
740 3945 963 4012 Ἐλεγες
976 3948 1083 4014 γὰρ
1098 3963 1168 4000 κα
1179 3948 1669 4017 εειρωνευάμενοςξὴ
1678 3950 1815 4016 μῶν,

228 4036 475 4102 ἐνεγκεῖν
524 4038 616 4089 τὶν
651 4038 835 4100 ἵππον,
874 4036 935 4099 ὃς
984 4039 1136 4107 παρὰ
1182 4041 1271 4092 τδι
1305 4039 1542 4107 πόλεμον
1572 4043 1691 4093 ἀντὶ
1724 4040 1818 4092 σοῦ

231 4128 323 4194 τὴν
366 4128 586 4197 πληγὴν
617 4128 854 4194 ὲδέξατο’
889 4132 982 4185 καὶ
1018 4130 1181 4184 τοῦτο
1217 4132 1635 4202 προσδιατύρων
1671 4134 1821 4201 ἡμᾶς

229 4220 411 4287 ἔλεγες
448 4221 547 4289 τῆς
597 4221 873 4290 ἡμετέρας
917 4223 1083 4295 εὐχῆς
1130 4225 1291 4295 ἔργον
1322 4225 1690 4293 γεγενῆσθαι·
1726 4228 1821 4278 καὶ

231 4312 381 4377 ἡμῶν
412 4312 887 4382 ἀπολογουμένων,
906 4314 981 4377 ὡς
1004 4317 1155 4369 οὐδὲν
1184 4317 1424 4370 τοιοῦτον
1439 4319 1653 4381 ἑαυτοῖς
1687 4319 1785 4371 σύν
1803 4348 1818 4359 -

234 4418 388 4470 ιεμεν
410 4444 425 4465 ,
452 4401 578 4456 οὔτε
616 4408 930 4477 προτροπὴν
1000 4409 1240 4479 πολέμου
1295 4413 1673 4482 ποιησάμενοι,
1695 4410 1820 4464 οὔτε

233 4496 490 4563 τοιαύτην
518 4495 831 4566 εὐξάμενον
864 4500 1028 4564 αὐτὸς
1075 4504 1379 4571 ἀντέλεγες,
1411 4504 1487 4567 ὡς
1522 4506 1679 4573 ήμῶν
1728 4506 1821 4557 ἐπὶ

232 4586 317 4638 τὸν
348 4586 547 4655 Θρόνον
590 4590 680 4642 τὸν
731 4594 1117 4664 ἀρχιερατικὸν
1173 4595 1500 4664 ἱδρυμένων,
1548 4595 1616 4667 ἦν
1666 4598 1821 4666 ίσχύς

1978 3303 2146 3356 Multa
2205 3303 2333 3355 talia
2387 3312 2687 3377 statueram
2740 3302 2832 3355 tibi
2891 3300 3172 3367 scribere;
3223 3301 3319 3355 sed
3376 3299 3516 3355 forte

1917 3403 2232 3465 importuna
2267 3395 2431 3448 verba
2487 3382 2625 3447 mea,
2655 3411 2720 3447 ex
2774 3394 3119 3463 longioribus
3149 3394 3466 3447 viderentur
3500 3412 3513 3446 :

1918 3488 2103 3557 itaque
2158 3486 2249 3539 illa
2292 3486 2508 3539 omitto.
2549 3484 2621 3538 De
2672 3487 2737 3539 iis
2792 3495 2996 3549 autem,
3066 3486 3264 3553 quibus
3329 3500 3514 3538 coram

1919 3581 2248 3647 imperatore
2299 3594 2420 3641 meo
2451 3578 2668 3647 probris
2700 3620 2713 3643 ,
2749 3577 3242 3646 oljnrgatiombus,
3268 3586 3321 3629 et
3357 3585 3411 3629 ut
3443 3578 3515 3630 ita

1918 3670 2119 3735 dicant,
2154 3668 2655 3738 contemptionibtts
2698 3666 3067 3720 infortunium
3121 3682 3300 3718 meum
3336 3666 3517 3719 incre-

1918 3762 2083 3831 pasti,
2119 3764 2186 3816 dc
2241 3762 2334 3827 iis,
2377 3762 2656 3829 inquam,
2717 3762 3043 3835 respondeo.
3113 3758 3313 3811 Dixisti
3372 3758 3517 3811 enim

1920 3872 2122 3924 equum
2184 3866 2336 3908 tuum
2374 3855 2528 3923 plaga
2570 3868 2667 3922 per
2700 3853 2904 3906 bellum
2948 3854 2999 3905 in
3039 3863 3127 3905 tuo
3164 3854 3285 3906 loco
3321 3852 3513 3905 vulne-

1921 3956 2098 3998 ratum
2131 3960 2275 4004 esse,
2315 3944 2476 4011 idque
2507 3944 2702 4010 jocaus
2760 3941 3021 3994 addidisti
3067 3942 3318 4009 precibus
3371 3942 3510 3994 meis

1922 4039 2215 4100 eﬂ’ecmm;
2260 4048 2336 4098 et,
2389 4051 2513 4087 cum
2576 4036 2965 4102 restionderem
3027 4050 3111 4087 me
3162 4037 3298 4088 nihil
3360 4037 3507 4089 isnuil

1923 4129 2084 4190 scire,
2122 4142 2294 4196 nequc
2335 4141 2572 4194 unquam
2625 4124 2821 4177 bellum
2855 4136 2947 4177 aut
3000 4128 3343 4193 provocando
3386 4141 3511 4178 sns-

1923 4220 2180 4276 citavissu
2232 4214 2632 4287 autprerando
2682 4218 3023 4270 invocavisse
3058 4219 3325 4271 instanter
3358 4236 3515 4287 repo-

1925 4314 2079 4368 suisli
2119 4327 2205 4365 me
2249 4314 2308 4365 in
2349 4312 2548 4364 throno
2579 4309 2882 4379 episcopali
2935 4313 3214 4361 sedentem
3266 4313 3513 4378 potuisse

1926 4406 2126 4461 bellum
2155 4416 2507 4474 componere,
2539 4414 2631 4457 aut
2662 4404 2853 4457 saltem
2888 4404 2953 4457 ab
2981 4404 3212 4457 ecclesia
3242 4406 3513 4471 expellere

1924 4500 2018 4567 qui
2070 4498 2206 4553 meis
2269 4513 2379 4554 non
2418 4498 2950 4567 obtemperavissent
3003 4498 3509 4553 adhortationibm.

1926 4591 2200 4661 Intelligcs
2233 4605 2365 4645 sane
2394 4590 2538 4644 haud
2568 4591 2780 4654 dubito,
2818 4593 2934 4655 sed,
2972 4592 3015 4645 si
3052 4592 3319 4656 volueris,
3348 4593 3508 4646 verba

232 4678 476 4732 κωλῦσαι
510 4681 601 4732 τὸν
634 4683 874 4752 πόλεμον
904 4700 920 4716 ο
963 4690 1009 4739 εἰ
1056 4688 1114 4740 δὲ
1169 4686 1263 4757 μὴ,
1306 4688 1443 4751 τέως
1475 4689 1572 4757 τῆς
1605 4692 1812 4760 ἐκκλη-

1923 4694 2012 4738 tna
2047 4684 2427 4737 tantummodo
2472 4684 2732 4738 irouicam
2779 4687 3257 4753 exprobrationem
3303 4688 3512 4756 signili-

237 4770 352 4833 σίας
404 4769 732 4827 ἀπελαύνειν
778 4776 905 4837 τούς
941 4778 1017 4847 μὴ
1046 4777 1406 4849 πειθομένους
1458 4782 1579 4841 ταῖς
1620 4799 1821 4851 παραι⁴

234 4862 433 4914 νέσεσι.
472 4863 659 4916 Ταῦτα
693 4860 810 4917 οἶδα
842 4866 925 4919 δτι
979 4869 1285 4939 γνωρίσεις,
1334 4871 1439 4924 κᾶν
1500 4872 1687 4944 βούλῃ,
1738 4874 1821 4925 ὅτι

232 4959 324 5022 τῖς
360 4956 462 5024 σῆς
509 4958 657 5011 ἐστιν
703 4959 981 5028 εἰρωνείας
1024 4964 1117 5013 καὶ
1161 4964 1496 5032 κατηγορίας
1550 4965 1646 5033 τῆς
1699 4964 1822 5017 καθ.

1926 4796 2073 4833 care.
2106 4778 2249 4833 Audi
2280 4779 2446 4847 igitur
2476 4794 2598 4847 quae
2632 4779 2726 4832 tibi
2759 4780 3085 4848 respondeo,
3144 4791 3198 4833 et
3246 4791 3371 4835 ante
3425 4798 3510 4836 me

1930 4871 2181 4940 potentiae
2257 4879 2362 4924 tua:
2422 4871 2732 4939 superbiam
2792 4872 3033 4939 inclina,
3094 4887 3224 4926 aurc
3262 4875 3507 4927 modesta

1931 4964 2229 5031 accipiens.

230 5049 389 5119 ήμῶν
427 5052 495 5104 τὰ
529 5052 766 5120 ῥήματα.
809 5054 1008 5107 ’Ἄκουε
1051 5051 1143 5111 οὖν
1207 5057 1299 5110 καὶ
1331 5058 1458 5127 περὶ
1486 5058 1693 5111 τούτων
1724 5056 1812 5111 οἷα
1851 5076 1932 5111 σοι
1956 5058 2290 5128 φθέγγομαι,
2354 5057 2448 5110 καὶ
2495 5058 2587 5126 μοὶ
2660 5059 2798 5119 τέως
2830 5058 2923 5110 τὸν
2993 5058 3156 5125 ὄγκον
3190 5059 3288 5125 τῆς
3327 5056 3501 5140 ἀρχῆς

232 5163 325 5205 σου
361 5146 723 5209 ταπείνωσον,
755 5148 849 5199 καὶ
874 5149 1125 5219 μετρίαις
1148 5152 1334 5213 ἀκοαῖς
1375 5154 1632 5209 ἄκουσον·
1662 5152 1818 5219 φίλου
1864 5152 2095 5205 παλαιοῦ
2130 5154 2226 5206 καὶ
2278 5152 2540 5206 ταπεινοῦ
2574 5153 2879 5222 ἀρχιερέως
2906 5152 3096 5217 λόγους
3141 5152 3499 5220 κατανόησον.

297 5238 364 5295 Τί
428 5236 589 5293 τοῦτο
648 5240 703 5289 τὴ
754 5238 853 5310 τὴν
896 5242 1110 5311 πληγὴν
1159 5244 1251 5295 τοῦ
1304 5244 1492 5311 ξίφους
1535 5244 1823 5313 ἐνεχθῆναι

233 5336 371 5385 κατα
435 5330 533 5384 τοῦ
576 5332 784 5397 ἵππου,
840 5335 897 5387 σὲ
929 5335 983 5387 δὲ
1036 5336 1444 5404 περισωθῆναις
1520 5338 1662 5405 Ἐγὼ
1719 5339 1820 5391 ἄη..

234 5424 453 5492 optanti;
525 5426 679 5496 ειμι,
738 5429 832 5480 καὶ
889 5427 988 5497 ἥδη
1050 5428 1128 5497 τῷ
1211 5428 1357 5498 γήρα
1448 5431 1545 5492 τὰς
1618 5431 1821 5501 φρένας

1996 5246 2135 5311 Quid
2181 5247 2343 5309 istud,
2381 5262 2580 5315 equum
2611 5256 2761 5299 tuum
2819 5247 2978 5315 gladii
3020 5248 3123 5299 ictu
3155 5246 3494 5299 vulneratum

1925 5338 2117 5401 fuisse,
2149 5346 2201 5390 te
2250 5348 2431 5391 autem
2481 5339 2733 5391 salvum?
2780 5340 2890 5407 Ego
2939 5339 3099 5390 homo
3150 5353 3270 5391 sum
3295 5346 3348 5391 et
3379 5337 3489 5407 ξεῖ»

1923 5430 2155 5483 minoris
2196 5438 2419 5498 propter
2465 5439 2738 5483 senectam
2796 5428 2962 5481 animi
3009 5428 3097 5481 cui
3138 5443 3243 5481 non
3301 5445 3490 5499 magna

233 5514 598 5585 ἐλαττωθεὶς,
651 5517 785 5581 αλλά
836 5519 930 5569 καὶ
1001 5518 1176 5582 ἄλλως
1241 5520 1525 5587 ἅνθρωπσς
1558 5520 1636 5573 ὦν
1687 5538 1815 5591 φρο-

1923 5520 2207 5587 prudentia
2237 5518 2629 5588 (inﬁrmitatem
2670 5536 2841 5572 meam
2868 5519 3185 5585 conllteor),
3220 5521 3316 5573 sed
3359 5523 3494 5575 satis

236 5608 445 5673 νὴσεως
527 5609 667 5660 κατὰ
752 5609 910 5669 πολὺ,
960 5612 1176 5678 ἐνδεὴς,
1236 5612 1481 5676 ὁμολογῶ
1557 5614 1664 5681 γὰρ
1721 5616 1817 5683 τὴν

243 5698 448 5755 οἰκείαν
478 5700 767 5763 ἀσθένειαν
803 5718 816 5730 °
854 5703 992 5771 πλὴν
1028 5704 1184 5755 τοῦῑο
1215 5705 1318 5757 veto
1369 5705 1432 5755 ἐκ
1487 5704 1578 5755 τοῦ
1612 5707 1682 5774 μὴ
1724 5708 1820 5775 τὴν

1921 5609 2232 5679 intelligens
2267 5625 2365 5663 cur
2395 5625 2503 5661 non
2554 5619 2603 5661 te
2632 5610 2724 5663 sed
2755 5625 2956 5677 equum
2983 5608 3180 5663 vulnus
3220 5609 3482 5665 aﬂccerit.

1899 5704 2028 5768 Qua:
2057 5704 2231 5757 dicant
2262 5702 2388 5755 audi
2420 5719 2430 5752 :
2471 5700 2702 5754 fortasse
2731 5700 2873 5753 enim
2901 5702 3197 5769 prudenter
3230 5703 3482 5772 intelligo

250 5790 459 5859 πληγὴν
484 5792 565 5853 εἰς
602 5790 662 5843 σὲ
692 5794 1070 5863 ἐπενεχθῆναι,
1098 5796 1231 5848 ἀλλὰ
1251 5796 1393 5850 κατα
1424 5796 1512 5848 τοῦ
1571 5798 1815 5865 κῖήνονς.

1928 5809 1944 5852 t
1980 5800 2189 5867 loquor.
2224 5795 2297 5849 ita
2332 5809 2463 5849 sane
2500 5792 2601 5846 fuit
2626 5832 2640 5858 ,
2690 5792 2818 5862 quia
2860 5803 2910 5850 te
2938 5795 3030 5864 qui
3063 5804 3189 5850 tunc
3221 5794 3481 5861 temporis
