4038 6204
455 229 554 296 191

1588 233 1899 294 NlCOLAl
1939 235 2052 297 (ΣΡ.
2093 235 2604 299 PATRIARCIUE

3619 227 3726 293 192

455 344 797 416 imperabant
819 349 1007 397 contra
1033 341 1298 398 rationem
1335 344 1555 400 l'uerant
1587 351 1854 417 aggressi,
1889 346 2030 402 Deus
2057 400 2062 409 ς

2162 351 2382 421 Ιρόσχες
2413 350 2496 416 οἷς
2529 353 2786 425 λέγομεν,
2833 353 2962 419 ἴσως
2999 355 3108 426 γὰρ
3157 354 3215 408 ἐν
3239 355 3411 421 τούτῳ
3442 350 3727 420 φρονίμως

455 441 509 493 in
538 449 589 491 te
625 437 865 490 clemens
899 434 1018 500 fuit,
1052 443 1106 488 et
1133 435 1372 506 gladium
1405 438 1588 507 iniqua
1623 450 1676 493 et
1704 440 1908 508 injusta
1942 457 2036 510 ago

454 531 736 602 gressione
767 530 1027 597 agitatum
1058 545 1085 582 a
1118 541 1169 583 te
1208 531 1261 584 in
1288 547 1490 600 equum
1539 534 1711 587 averti
1752 535 1946 599 voluit,
1982 544 2042 589 ιιι

454 623 760 677 monereris
809 637 916 675 non
946 622 1172 676 victoria
1201 624 1492 679 immodice
1523 627 1768 695 gloriari.
1805 627 1901 684 sed
1935 629 2036 682 hu-

452 724 741 764 manarum
766 724 946 762 rerum
965 711 1305 774 meminisse,
1327 715 1710 786 modestosque
1729 732 1924 773 sensus
1941 718 2040 772 ha-

454 802 601 863 bere,
641 817 816 871 neque
848 801 1013 855 rebus
1045 817 1167 871 qum.
1197 805 1454 860 videntur
1501 823 1774 876 prospera:
1812 810 2039 865 omnino

455 825 601 863 uere,
641 825 816 871 neque
849 825 1013 855 renus
1045 825 1167 871 qua:
1199 825 1454 860 \‘Iuenlur
1501 825 1628 876 pros
1668 825 1774 863 era:
1812 825 2038 865 omnmo

455 895 840 963 oecupari,sed
865 897 1027 950 etiam
1052 898 1296 953 adversis
1309 915 1430 966 quae
1447 825 1901 958 subitogtomines
1915 919 2038 958 cor-

459 986 661 1055 ripiunt
698 987 998 1043 intendere.
1023 986 1168 1041 Cave
1187 1004 1252 1042 ne
1268 989 1320 1042 in
1346 989 1487 1044 bello
1505 991 1650 1060 quod
1673 1007 1737 1046 ex
1759 993 2040 1048 voluntate

459 1080 513 1133 in
538 1080 750 1146 ceperis
779 1095 795 1146 ;
820 1079 1033 1149 gladius
1057 1091 1128 1144 te,
1162 1083 1307 1150 quod
1335 1083 1401 1136 de
1424 1098 1642 1152 precor,
1686 1100 1793 1139 non
1823 1101 2022 1156 equum

465 1171 669 1225 animal
745 1172 1049 1241 insipiens,
1124 1173 1379 1228 incutiat.
1440 1180 1712 1231 Accurate
1759 1177 1876 1248 lege
1920 1193 2044 1248 quae

459 1265 681 1334 scripsi,
713 1275 766 1320 et
797 1281 860 1319 ex
897 1265 1126 1336 epistola
1181 1267 1249 1320 ad
1298 1277 1541 1322 veterum
1590 1269 1874 1337 historias,
1909 1288 2046 1341 quas

460 1361 576 1413 scio
617 1370 935 1430 te‘versare,
970 1362 1291 1427 retrocede;
1325 1369 1379 1416 et
1409 1372 1599 1432 reputa
1624 1364 1907 1420 victoriam
1941 1383 2047 1422 non

461 1468 676 1521 semper
737 1453 1183 1520 tuamtuturam,
1228 1455 1322 1510 sed
1374 1465 1429 1510 et
1487 1457 1696 1512 cladem
1751 1475 1918 1530 prope
1972 1463 2052 1516 in-

463 1552 628 1599 stare.
661 1545 749 1600 Sic
793 1536 867 1599 ad
899 1546 1331 1616 ohjurgatioues.
1353 1549 1678 1620 respondeo.

2141 445 2236 496 καὶ
2284 444 2659 514 στοχαζόμεθα
2687 447 2783 499 καὶ
2839 446 3213 516 φθεγγόμεθα.
3267 443 3488 513 Ἐπειδὴ
3531 440 3640 512 γὰρ
3673 442 3724 493 οἱ

2142 535 2286 588 κατά
2323 537 2415 587 τὸν
2451 537 2643 605 καιρὸν
2687 537 2896 589 ἐκεῖνον
2955 535 3065 589 τῶν
3097 534 3441 604 πραγμάτων
3473 532 3570 602 τὴν
3618 548 3719 584 κυ-

2147 629 2373 700 ριότητα
2397 629 2872 698 ἐγκεχειρισμένα
2927 628 3257 698 παραλόγως
3308 624 3407 696 τὴν
3457 625 3600 677 κατά
3627 620 3724 675 σοῦ

2147 722 2472 791 ἐποιήσαντο
2503 721 2742 792 κίνησιν,
2779 721 2974 791 ἔτυχες
3021 721 3124 790 τῆς
3175 716 3382 772 ἄνωθεν
3413 715 3727 784 εὐμενείας,

2147 813 2245 866 καὶ
2267 814 2366 884 τὴν
2398 813 2611 884 πληγὴν
2648 813 2740 867 τοῦ
2791 813 2980 883 ξίφους
3033 811 3378 882 ἀπέστρεψεν
3417 809 3525 862 ἀπὸ
3557 808 3652 860 σοῦ
3693 811 3728 878 ἡ

2146 905 2256 957 τῶν
2279 905 2658 978 κεκινημένων
2685 907 2805 958 τότε
2841 904 3154 975 παράλογος
3184 900 3329 973 ὁρμὴ
3371 902 3462 954 καὶ
3495 901 3646 970 παρὰ
3670 898 3733 952 τὸ

2145 998 2372 1063 δίκαιον,
2404 1000 2603 1070 ἠνέχθη
2633 999 2862 1053 ’δὲκατά
2887 997 2982 1051 τοῦ
3040 998 3270 1067 κτήνους
3311 997 3344 1067 ή
3374 995 3555 1064 πληγή
3595 1009 3610 1024 ⁸
3639 994 3731 1046 ἴνα

2149 1092 2312 1145 πάλιν
2343 1090 2636 1161 παιδευθῇς
2669 1091 2742 1161 μὴ
2775 1089 3044 1161 ἀλογίστῳ
3084 1089 3316 1159 ὲπάρσει
3345 1088 3619 1157 ὲντρυφᾷν
3658 1088 3725 1155 τῇ

2143 1186 2292 1256 νίκῃ,
2331 1183 2468 1236 ἀλλά
2501 1183 2818 1253 μεμνῆσθαι
2852 1182 2961 1235 τῶν
2996 1180 3354 1251 ἀνθρωπίνων
3385 1178 3730 1249 πραγμάτων

2146 1279 2243 1331 καὶ
2274 1275 2709 1346 μετριοφρονείν·
2742 1273 2837 1325 καὶ
2860 1272 2935 1342 μὴ
2963 1271 3100 1334 ὅλως
3119 1270 3364 1338 γίνεσθαι
3392 1268 3488 1320 τοῦ
3513 1266 3735 1320 δοκοῦν-

2146 1387 2238 1432 τος
2276 1367 2680 1437 εὐτυχήματος,
2729 1364 2866 1417 ἀλλά
2901 1363 2996 1416 καὶ
3046 1364 3183 1433 προς
3234 1363 3300 1416 τά
3360 1361 3736 1431 συμϐαίνοντα

2157 1464 2272 1523 τοῖς
2319 1459 2632 1530 ἀνθρώποις
2659 1457 3053 1526 δυστυχήματα
3082 1457 3174 1507 τὶν
3203 1455 3327 1507 νοῦν
3359 1452 3733 1519 ἐπιστρέφειν.

2088 1558 2130 1612 Β
2160 1553 2366 1623 Σκέψαι
2400 1552 2463 1618 δὴ
2496 1553 2726 1620 μήποτε
2750 1547 2845 1600 τοῦ
2909 1547 3152 1617 πολέμου
3193 1547 3289 1598 νῦν
3335 1544 3620 1614 μέλλοντος
3650 1542 3741 1596 διά

466 1642 524 1695 σὲ
576 1639 676 1710 τὴν
752 1640 934 1694 αἰτίαν
980 1644 1302 1710 λαμϐάνειν,
1355 1645 1455 1698 οὑκ
1507 1646 1602 1700 ἐπὶ
1648 1649 1740 1701 τὸν
1777 1649 1965 1718 ἵππον,
1993 1653 2095 1708 οὑκ
2125 1655 2219 1706 ἐπὶ
2277 1650 2338 1703 τὸ
2375 1649 2594 1716 κτῆνος,
2625 1645 2740 1697 ἀλλ’
2772 1645 2864 1696 ἐπὶ
2889 1643 2968 1708 σὲ,
2999 1644 3135 1713 ὅπερ
3165 1642 3505 1711 ἀπεύχομαι,
3537 1641 3570 1708 ἡ
3598 1638 3740 1707 πλη-

463 1735 535 1801 γὴ
565 1733 783 1803 φθάσει.
841 1737 1187 1802 ’Λνάγνωσον
1236 1735 1512 1806 ἐπιμελῶς
1539 1739 1576 1790 ἀ
1630 1729 1910 1811 γέγραφα,
1956 1745 2052 1798 καὶ
2088 1745 2156 1796 ὲκ
2185 1741 2394 1796 τούτων
2427 1739 2565 1810 πρὸς
2595 1738 2695 1800 τάς
2756 1735 3121 1805 παλαιοτέρας
3163 1735 3404 1803 ἱστορίας
3439 1748 3452 1762 °
3485 1729 3601 1785 οἶδα
3629 1733 3738 1802 γὰρ

464 1831 545 1882 ὃτι
598 1832 692 1882 καὶ
737 1830 944 1892 ταύτας
1018 1831 1076 1883 ἐν
1131 1830 1334 1901 μελέτῃ
1393 1833 1542 1901 ποιῇ,
1590 1833 1880 1904 ἀνάϐηθι·

1932 1837 2154 1908 κα“ι’μὴ
2240 1835 2428 1905 νόμιζε
2508 1832 2739 1884 πάντοτε
2806 1828 2944 1898 μετά
3013 1827 3108 1880 σοῦ
3175 1827 3272 1896 τὴν
3352 1827 3508 1895 νίκην
3577 1821 3742 1888 εἶναι,

463 1915 600 1971 ἀλλά
652 1922 748 1974 καὶ
823 1917 994 1994 ἧτταν
1045 1922 1262 1990 λογίζου
1331 1925 1474 1977 κατά
1538 1925 1703 1990 πόδας
1768 1927 2131 1984 ἀκολουθεῖν·
2205 1928 2343 1982 ἀλλά
2384 1924 2640 1980 τοσοῦτον
2695 1922 2794 1992 μὲν
2857 1919 3121 1990 περὶτῆς
3179 1917 3314 1971 καθ’
3366 1917 3513 1987 ἡμᾶς
3580 1917 3745 1986 εἰρω-

467 2013 636 2077 νείας.

535 2110 770 2182 .lamjam
823 2125 1003 2169 autem
1038 2115 1104 2170 ad
1139 2125 1191 2172 te
1246 2117 1541 2174 scribimus
1588 2123 1740 2187 talia,
1791 2125 2054 2194 qualibus

469 2221 653 2261 coram
689 2209 779 2276 pio
809 2223 872 2262 ac
902 2209 1161 2278 religioso
1199 2210 1531 2278 imperatore
1577 2224 1772 2270 nostro
1801 2216 2056 2286 illiusque

468 2309 661 2356 senatu
715 2301 894 2370 ipsum
929 2301 1318 2370 imperatorem
1367 2305 1433 2359 de
1458 2306 1603 2361 caede
1646 2309 1829 2376 pepuli
1865 2309 1952 2364 sui
2004 2318 2059 2364 et

469 2403 664 2462 gentes
707 2392 1064 2461 Bulgarorum
1121 2396 1406 2450 hortamur
1440 2397 1939 2472 deprecamurque,
1999 2411 2058 2457 ut

471 2482 752 2551 patientia:
800 2493 854 2538 et
882 2483 1322 2554 longanimitate,
1383 2489 1494 2544 Deo
1523 2491 1838 2560 adjuvante,
1877 2495 2057 2549 indul—

471 2583 616 2642 geat.
649 2591 824 2643 neque
857 2591 988 2631 suos
1013 2592 1205 2633 omnes
1244 2580 1309 2633 ad
1339 2582 1762 2652 aggrediendum
1790 2584 2052 2656 Bulgaros

473 2680 525 2718 m
549 2675 707 2718 iveat.
746 2664 990 2721 Praedico
1028 2667 1220 2734 Deum,
1243 2671 1460 2725 illorum
1485 2684 1813 2740 procurante
1848 2676 2059 2743 patien-
2090 2671 2095 2676 ’

474 2757 570 2820 tia,
613 2773 708 2810 cor
762 2760 904 2828 regis
937 2759 1298 2828 Bulgarorum
1337 2770 1634 2826 tacturum,
1679 2767 1772 2831 qui
1811 2773 2056 2818 mentem

475 2849 544 2902 ad
595 2849 737 2902 bona
791 2851 939 2918 pacis
972 2860 1276 2915 convertet,
1339 2855 1628 2922 priscoque
1684 2868 1867 2907 rerum
1915 2863 2059 2909 statu

481 2938 699 3014 reddito
729 2939 1007 3007 gaudebit.
1036 2938 1234 2996 Noster
1257 2953 1437 2996 autem
1468 2944 1765 3009 humanus,
1801 2960 2060 3002 mansue-

478 3037 568 3083 tus
604 3029 1138 3100 benignissimus-que
1181 3035 1477 3102 imperator
1527 3037 1735 3102 (verbis
1766 3039 1906 3095 meis
1937 3055 2061 3094 ere-

477 3119 593 3186 des,
615 3120 707 3188 qui
736 3131 829 3175 tuo
856 3124 1232 3192 experimento
1257 3126 1400 3181 illius
1435 3128 1713 3193 ingenium
1742 3130 2058 3200 benignum,

477 3222 821 3268 mansuetum
852 3215 1089 3286 rrtiteque
1120 3221 1345 3290 novisti)
1374 3221 1780 3277 hortationibus
1831 3224 2058 3290 annuit;

478 3305 659 3362 omnis
718 3322 849 3361 vero
879 3319 1140 3376 senatus,
1188 3313 1478 3382 omnisque
1522 3315 1739 3377 civitas,
1796 3316 1891 3369 sed
1925 3317 2059 3384 quid

479 3397 626 3457 dico.
658 3399 853 3454 civitas
879 3400 902 3452 ?
927 3416 1122 3456 omnes
1154 3402 1369 3472 imperii
1398 3405 1579 3474 populi
1605 3417 1934 3475 repugnant,
1967 3423 2063 3462 ne-

482 3497 673 3555 gantes
725 3503 784 3540 se
832 3487 1040 3543 diutius
1075 3499 1278 3545 tantam
1317 3493 1673 3564 Bulgarorum
1726 3495 2057 3552 dementiam

483 3577 858 3642 toleraturos,
913 3588 1007 3632 aut
1063 3597 1286 3636 suorum
1340 3586 1889 3656 propinquorumque
1945 3589 2062 3641 rui-

479 3681 630 3733 nam,
671 3682 735 3722 ac
785 3671 1065 3738 regionum
1114 3687 1340 3726 suormn
1377 3677 1796 3746 occupationem
1843 3679 2053 3733 oblituo

482 3774 604 3824 ros;
643 3761 962 3831 dicuntque,
998 3765 1217 3832 quando
1258 3767 1479 3836 quidem
1511 3771 1850 3838 pereundum
1887 3780 2055 3835 esset,

483 3866 542 3905 se
581 3849 940 3921 Bulgarorum
977 3857 1290 3924 superbiam
1315 3860 1628 3916 attrituros.
1661 3861 1936 3916 Caeterum
1963 3879 2064 3933 pro

487 3950 638 3994 certo
662 3940 867 3997 habeas
903 3947 1216 4012 exercitus,
1252 3963 1559 4019 omnesque
1615 3953 1820 4023 quibus
1873 3971 2068 4010 manus

484 4040 572 4086 sat
625 4035 840 4102 validae,
865 4050 1058 4093 contra
1089 4048 1160 4105 te,
1205 4041 1248 4095 si
1295 4051 1387 4096 tua
1427 4043 1479 4096 in
1513 4044 1640 4098 belli
1675 4045 1915 4115 pernicie
1947 4062 2074 4116 per-

485 4127 686 4196 stiterit
719 4131 989 4198 voluntas,
1013 4149 1136 4186 cum
1169 4133 1318 4202 justo
1334 4136 1425 4189 Dei
1457 4138 1662 4192 auxilio
1690 4153 2074 4207 processuros.

2167 2142 2195 2151 ·-
2227 2121 2308 2174 Td;
2331 2119 2388 2172 δὲ
2422 2115 2673 2170 ἐντεῦθεν
2715 2112 2940 2180 τοιαῦτα
2992 2110 3130 2179 πρὸς
3171 2108 3232 2160 σὲ
3293 2108 3606 2178 γράφομεν,
3655 2102 3746 2159 οἷα

2156 2214 2251 2266 καὶ
2293 2210 2430 2280 πρὸς
2450 2209 2538 2261 τὸν
2569 2206 2770 2275 εὐσεϐῆ
2799 2206 2894 2258 καὶ
2922 2203 3272 2272 φιλόχριστον
3309 2199 3463 2270 ἡμῶν
3489 2197 3738 2269 βασιλέα,

2157 2307 2250 2357 καὶ
2287 2302 2424 2373 πρὸς
2453 2301 2552 2371 τὴν
2585 2298 2890 2367 σύγκλητον
2957 2293 3126 2347 αὑτοῦ
3178 2294 3314 2347 καθ’
3345 2293 3586 2358 έκάστην
3647 2290 3747 2342 καὶ

2159 2394 2539 2465 παραινοῦμεν
2571 2392 2665 2444 καὶ
2701 2388 3018 2455 ἱκετεύομεν
3073 2388 3172 2438 τὸν
3207 2385 3550 2454 φιλόχριστον
3583 2381 3744 2452 ἡμῶν

2167 2487 2394 2558 βασιλέα
2419 2487 2512 2539 καὶ
2543 2484 2642 2552 τῆς
2687 2483 2901 2551 σφαγῆς
2944 2480 3039 2532 τοῦ
3068 2479 3203 2530 λαοῦ
3253 2476 3441 2541 αὑτοῦ,
3490 2475 3586 2528 καὶ
3643 2477 3747 2544 τῆς

2167 2579 2383 2648 σφαγῆς
2443 2575 2539 2629 τοῦ
2591 2575 2918 2643 Βουλγάρων
2979 2572 3196 2640 γένους,
3256 2571 3350 2624 καὶ
3409 2569 3594 2621 δοῦναι
3647 2567 3747 2620 καὶ

2163 2673 2244 2724 ἑτι
2276 2673 2443 2738 ἀνοχῇ
2475 2669 2571 2721 καὶ
2608 2666 2966 2737 μακροθυμίᾳ
3025 2665 3122 2717 σὺν
3155 2667 3220 2734 τῇ
3255 2661 3460 2716 ἀνωθεν
3519 2659 3746 2732 προνοίᾳ

2159 2764 2220 2813 τὸ
2251 2759 2634 2827 φιλάνθρωπον
2665 2755 2828 2809 αὑτοῦ
2862 2753 3141 2824 φρόνημα,
3191 2753 3282 2802 καί
3322 2748 3396 2820 μὴ
3454 2748 3741 2816 πάνδημον

2161 2850 2522 2921 ἐκστρατείαν
2579 2847 2800 2915 ποιῆσαι
2837 2845 2974 2897 κατά
3029 2842 3123 2896 τοῦ
3163 2839 3484 2907 Βουλγάρων
3533 2837 3745 2897 ἔθνους.

2161 2945 2318 3015 Τάχα
2371 2944 2460 2996 διά
2493 2941 2595 3010 τῆς
2629 2938 2783 3008 ὑμῶν
2823 2935 3206 3008 μακροθυμίας
3235 2932 3432 3000 ἅψεται
3462 2930 3594 2992 Θεὸς
3644 2928 3748 2996 τῆς

2165 3037 2392 3108 καρδίας
2425 3033 2519 3088 τοῦ
2549 3033 2657 3085 τῶν
2692 3029 3020 3100 Βουλγάρων
3053 3027 3481 3092 ὲξονσιάζοντος,
3503 3022 3596 3074 καὶ
3614 3022 3747 3073 ἀπο-

2167 3129 2356 3199 ϐλέψει
2387 3127 2524 3196 πρὸς
2565 3124 2626 3177 τὸ
2675 3122 2840 3176 καλὸν
2871 3124 2968 3189 τῆς
3001 3119 3247 3190 εἰρήνης,
3311 3117 3406 3168 καὶ
3462 3113 3746 3182 ἀγαπήσει
3811 3115 3826 3126 ‘

2165 3223 2264 3293 τὴν
2289 3219 2526 3291 ἀρχαίαν
2571 3215 2778 3286 ταύτης
2839 3211 3196 3266 κατάστασιν.
3231 3208 3340 3262 Καὶ
3375 3207 3404 3260 ὅ
3442 3223 3503 3269 γε
3558 3204 3752 3274 φιλάνο

2165 3315 2384 3386 θρωπος
2436 3312 2528 3364 καὶ
2579 3309 2826 3378 ἐπιεικὴς
2883 3307 2977 3359 καὶ
3022 3302 3224 3370 ἀγαθὸς
3281 3299 3437 3370 ἡμῶν
3471 3295 3749 3367 βασιλεὺς,
3803 3367 3814 3378 .

2167 3405 2384 3465 πάντως
2418 3401 2474 3455 δὲ
2511 3400 2608 3469 οὑχ
2641 3396 2970 3474 ὑποπτεύεις
3023 3394 3058 3448 ἃ
3110 3393 3342 3462 λέγομεν
3378 3406 3392 3420 ο
3419 3390 3596 3456 ἔγνως
3639 3387 3750 3455 γάρ

2165 3493 2264 3545 καὶ
2355 3489 2522 3552 αὐτὸς
2595 3488 2763 3558 πείρᾳ
2848 3487 2955 3556 ίδίᾳ
3023 3484 3153 3554 ,τὴν
3221 3481 3388 3535 αὑτοῦ
3474 3479 3752 3560 ἐπιείκιαν

2165 3586 2259 3636 καὶ
2341 3583 2402 3635 τὸ
2474 3583 2648 3652 πρᾶον
2727 3581 2819 3631 καὶ
2867 3577 3095 3648 Ἰήμερον
3167 3576 3267 3643 τῆς
3349 3573 3529 3643 ψυχῆς
3568 3611 3583 3634 ,
3653 3571 3756 3623 καὶ

2164 3673 2412 3726 πείθεται
2481 3674 2578 3726 καὶ
2651 3672 2870 3724 ὑπείκει
2936 3672 3051 3732 τοῖς
3121 3667 3298 3735 λόγοις
3370 3665 3560 3735 ήμῶν.
3617 3657 3756 3715 Ἀλλ’

2163 3768 2197 3838 ή
2227 3764 2528 3834 σύγκλητος
2559 3764 2768 3828 ἅπασα,
2797 3765 2892 3817 καὶ
2914 3761 3052 3832 ὁμοῦ
3083 3763 3232 3814 πᾶσα
3263 3761 3295 3828 ἡ
3327 3759 3503 3820 πόλις,
3563 3755 3662 3808 καὶ
3699 3753 3756 3806 τί

2163 3859 2310 3928 λέγω
2373 3857 2472 3928 τὴν
2526 3857 2719 3924 πόλιν;
2753 3859 2899 3910 ἅπαν
2960 3855 3023 3907 τδ
3070 3852 3382 3922 ὑποχείριον
3447 3852 3546 3918 τῆς
3585 3845 3755 3912 αὑτοῦ

2169 3950 2451 4025 βασιλείας
2496 3948 2810 4018 κινούμενοι
2832 3947 3015 3999 οὐκέτι
3037 3946 3290 4014 λέγουσιν
3327 3943 3626 4012 ὑπομένειν
3653 3939 3756 4010 τὴν

2171 4043 2444 4114 τοσαύτην
2482 4042 2592 4098 τῶν
2620 4039 2953 4112 Βουλγάρων
2982 4039 3264 4098 ἀπόνοιαν,
3322 4037 3446 4090 οὐδὲ
3481 4051 3759 4103 καταφρο-

2175 4142 2288 4192 νεῖν
2335 4136 2442 4190 τῶν
2468 4134 2688 4189 οἰκείων
2729 4135 2823 4187 καὶ
2875 4130 3158 4201 συγγενῶν
3186 4129 3287 4198 τὴν
3309 4127 3607 4190 ἀπώλεςαν,
3636 4125 3759 4179 οὐδὲ

485 4213 594 4267 τῶν
639 4219 857 4272 οἰκείων
881 4221 1066 4274 τόπων
1099 4222 1196 4293 τήν
1247 4224 1646 4294 αἰχμαλωσίαν.
1684 4227 1838 4280 Ἀλλ’
1884 4230 1935 4281 εί
1971 4229 2066 4280 καὶ
2123 4227 2308 4296 δεήσει
2360 4229 2580 4289 πάντως
2604 4225 2922 4288 ἀποθανεῖν,
2954 4223 3155 4286 μᾶλλον
3187 4222 3347 4274 τοῦτο
3387 4219 3690 4290 ἀγαπητὸν,
3723 4218 3757 4286 ἢ

485 4310 546 4365 τδ
582 4313 876 4383 ὑπομένειν
925 4316 1100 4379 οὑτως
1122 4319 1219 4391 τὴν
1241 4320 1334 4372 τοῦ
1365 4321 1676 4392 Βουλγάρου
1721 4323 1975 4392 ἔπαρσιν.
1997 4327 2107 4378 Καὶ
2135 4324 2325 4377 λοιπὸν
2351 4323 2714 4392 πεπεισμένος
2735 4320 2913 4390 γενοῦ,
2977 4321 3052 4383 ὡς
3121 4320 3337 4377 ἅπαντα
3365 4321 3432 4372 τά
3501 4315 3764 4387 στρατεύ-

491 4422 656 4473 ματα,
697 4407 792 4460 καὶ
825 4408 1026 4472 πάντες
1066 4410 1180 4463 ὅσοι
1224 4414 1381 4480 χεῖρα
1450 4414 1778 4484 κινουμένην
1811 4416 2140 4486 ἐχουσιμετά
2191 4415 2291 4486 τῆς
2314 4414 2532 4478 δικαίας
2563 4413 2660 4467 τοῦ
2675 4412 2812 4466 Θεοῦ
2845 4413 3162 4484 συμμαχίας
3194 4415 3576 4485 ἐπιστήσονται
3625 4411 3762 4481 πρὶς

491 4501 656 4569 ὑμᾶς,
703 4501 785 4553 ἔτι
848 4504 1204 4570 ἐπιμένοντος
1265 4505 1358 4557 σοῦ
1408 4509 1506 4559 καὶ
1550 4508 1874 4576 ἀγαπῶντος
1905 4509 1973 4562 τὰ
2011 4513 2075 4563 ἐκ
2123 4510 2218 4564 τοῦ
2261 4511 2499 4580 πολέμου
2529 4510 2697 4569 κακά.

566 4591 1064 4648 Verumenimvero
1118 4613 1240 4665 quae
1305 4611 1568 4667 parantur
1629 4601 1723 4654 tibi
1761 4604 1826 4655 ad
1871 4606 2069 4657 verita-
2101 4612 2150 4669 ι)

497 4695 603 4741 tem
636 4688 925 4754 expressi,
979 4697 1038 4741 ut
1099 4698 1156 4742 tu
1210 4690 1536 4760 obsequaris
1573 4695 1780 4748 homini
1829 4696 1971 4759 seni,
2023 4706 2079 4751 et

495 4780 633 4835 nihil
674 4780 788 4852 jam
839 4782 943 4837 nisi
984 4785 1298 4851 sepulcrum
1351 4795 1637 4854 spectant;
1683 4788 1794 4843 imo
1823 4799 1897 4855 et,
1952 4790 2080 4845 licet

496 4875 744 4944 indigno,
778 4875 918 4929 sacri
959 4875 1147 4930 altaris
1198 4877 1474 4945 ministro,
1501 4880 1546 4934 si
1593 4881 1723 4950 quid
1759 4883 1924 4937 verba
1957 4898 2075 4938 mea

499 4968 596 5023 tibi
621 4977 836 5039 gratum
875 4966 1184 5022 habuerint.
1236 4968 1539 5025 Considera
1578 4988 1740 5039 quam
1783 4974 1945 5045 longo
1975 4975 2075 5029 ab-

505 5061 636 5115 hinc
691 5070 936 5128 tempore
974 5060 1100 5114 facti
1137 5063 1313 5118 simus
1359 5064 1518 5118 amici
1551 5081 1565 5116 :
1597 5067 1784 5136 accipe
1823 5068 2078 5122 adhorta-

505 5154 684 5208 tioaics
719 5169 854 5222 quas
883 5162 1234 5222 accepturum
1263 5170 1321 5209 se
1355 5157 1645 5225 religiosus
1676 5170 1862 5215 noster
1898 5160 2075 5228 impe-

505 5255 653 5302 rator
672 5247 1057 5316 pollicitnsest,
1076 5252 1343 5316 promissa
1374 5260 1711 5316 servaturus,
1733 5254 1776 5308 si
1797 5252 1982 5307 eadem
2013 5267 2078 5306 ac

510 5337 598 5389 ille
627 5339 830 5394 sentire
864 5339 1016 5394 velis.
1046 5339 1239 5395 Pacem
1283 5341 1484 5397 habeas
1505 5343 1580 5395 .in
1614 5358 1824 5408 amore,
1875 5344 2077 5398 bellum

506 5441 698 5485 contra
745 5435 798 5487 in
851 5435 997 5490 odio.
1024 5412 1184 5489 Pravi
1220 5435 1529 5490 enim’sunt
1557 5437 1648 5504 qui
1687 5439 1949 5490 adversus
1985 5436 2084 5489 hn-

509 5531 621 5578 stes
652 5532 900 5582 externos
943 5539 1267 5598 gerunntur.
1325 5525 1427 5580 Sed
1481 5527 1610 5597 quid
1639 5528 1812 5582 dicam
1859 5528 1927 5581 de
1957 5527 2086 5591 illis,

511 5617 604 5686 qui
643 5616 904 5670 adversus
929 5628 1130 5686 patres,
1156 5619 1372 5682 fratres,
1395 5618 1622 5683 amicos,
1657 5618 1903 5673 eamdem
1929 5620 2088 5673 ﬁdem

516 5709 798 5776 habentes,
827 5712 1188 5782 cumdcmque
1215 5717 1300 5769 inv
1319 5725 1531 5773 )t'antcs
1562 5711 1751 5777 Deum,
1777 5710 2088 5778 Dominum,

2260 4604 2422 4657 Ἀλλά
2485 4603 2624 4673 μετά
2667 4603 2847 4672 πάσης
2891 4603 3152 4674 ἀληθείας
3195 4601 3496 4674 ἀνήγγειλά
3554 4619 3634 4654 σοι
3690 4603 3761 4657 τά

2180 4695 2416 4750 ἐνταῦθα
2447 4692 3004 4764 παρασκευαζόμενα·
3046 4696 3112 4747 σὺ
3134 4693 3189 4746 δὲ
3229 4696 3310 4746 ὅτι
3344 4694 3507 4764 πείθῃ
3543 4694 3762 4763 πρῶτον

2182 4787 2281 4856 μὲν
2317 4785 2592 4857 ἀνθρώπῳ
2640 4785 2944 4856 πρεσϐύτῃ,
2975 4785 3071 4837 καὶ
3121 4785 3275 4838 οὐδὲν
3332 4786 3518 4856 ἕτερον
3574 4785 3604 4852 ἦ
3663 4783 3762 4835 τον

2177 4879 2348 4948 τάφον
2391 4877 2612 4948 ὁρῶντι,
2663 4877 2854 4930 ἔπειτα
2885 4877 2962 4938 δὲ,
3016 4879 3065 4928 εἰ
3100 4879 3192 4931 καὶ
3231 4878 3434 4947 ἀναξίῳ
3463 4877 3578 4946 μὲν,
3606 4877 3759 4945 ὅμως

2179 4970 2236 5024 δὲ
2275 4970 2575 5041 λειτουργῷ
2607 4969 2700 5022 τοῦ
2735 4970 2892 5037 ἀγίου
2937 4969 3350 5039 θυσιαστηρίου,
3389 4973 3484 5022 καὶ
3535 4968 3588 5019 εί
3613 4985 3667 5020 τι
3696 4968 3759 5020 ἑν

2179 5063 2322 5131 λόγῳ
2355 5079 2437 5115 σοι
2470 5063 2764 5131 γεγένηται
2793 5062 2853 5113 τὸ
2889 5062 3160 5131 ἡμέτερον
3217 5062 3460 5131 φίλτρον,
3522 5061 3614 5113 καὶ
3653 5052 3770 5131 ὂρα’

2180 5157 2346 5219 πόσος
2372 5157 2402 5209 ὁ
2427 5157 2618 5225 χρόνος
2649 5154 2708 5218 ἐξ
2742 5150 2802 5210 οὗ
2844 5155 2988 5223 φίλοι
3021 5156 3350 5224 γεγόναμεν’
3383 5154 3529 5221 δέξαι
3556 5153 3760 5224 παραί-

2181 5263 2328 5300 νεσιν
2359 5246 2428 5317 ἢν
2470 5245 2564 5298 καὶ
2597 5247 2624 5297 ὁ
2653 5245 2998 5316 φιλόχριστος
3030 5245 3187 5315 ἡμῶν
3215 5245 3468 5314 βασιλεὺς
3507 5243 3761 5312 δέχεσθαι

2179 5339 2466 5406 ὑπέσχετο,
2526 5336 2620 5389 καὶ
2647 5337 2708 5389 οὐ
2737 5337 3003 5406 ψεύσεται
3037 5338 3136 5408 τὴν
3171 5338 3485 5407 ὑπόσχεσιν,
3516 5336 3611 5389 ἐὰν
3663 5337 3763 5388 καὶ

2184 5431 2248 5483 σὺ
2291 5428 2560 5500 βουληθῇς
2588 5429 2658 5483 τὰ
2691 5431 2782 5482 ῐσα
2812 5430 3003 5499 ἐκείνῳ
3033 5433 3278 5499 φρονεῖν.
3317 5432 3630 5500 Ἀγάπησον
3661 5428 3762 5498 τὴν

2186 5524 2432 5593 εἰρήνην,
2466 5522 2698 5590 μίσησον
2754 5523 2880 5584 τοὺς
2928 5522 3234 5591 πολέμουςο
3291 5526 3450 5576 κακοὶ
3500 5523 3609 5592 γὰρ
3665 5523 3762 5574 καὶ

2189 5617 2236 5666 οἱ
2257 5615 2389 5683 πρὸς
2416 5615 2539 5677 τοὺς
2571 5615 2770 5679 ἔξωθεν
2797 5613 3022 5682 ἐχθροὺς
3060 5614 3308 5681 πόλεμοι.
3341 5616 3501 5668 Ὅσοι
3530 5614 3586 5667 δὲ
3624 5611 3764 5681 πρὸς

2196 5705 2458 5778 πατέρας,
2493 5706 2627 5775 πρὸς
2670 5703 2954 5775 ἀδελφοὺς,
2995 5705 3126 5774 πρὸς
3157 5705 3366 5774 φίλους,
3405 5706 3538 5775 πρὸς
3566 5701 3767 5773 ὁμοπί·
