4038 6204
273 286 379 351 193

1732 288 1934 347 ΕΡΙΞῚ
1952 289 2137 350 ΟΙᾸΕ.

3440 303 3542 369 194

270 413 465 461 στους,
502 398 638 468 πρὸς
664 398 790 461 τοὺς
823 399 917 451 ἕνα
934 398 1065 451 Θεὸν
1090 399 1589 470 ἐπιγραερομένους,
1626 398 1721 452 ἐνα
1749 399 1840 451 Κύ·

1966 400 2249 454 Rectorem
2309 412 2359 456 et
2427 402 2824 465 Salvatorem?
2899 408 3089 463 Nonne
3144 413 3293 469 vides
3349 416 3493 472 feras
3525 462 3539 483 ,

272 506 392 556 pzov
420 492 515 542 καὶ
558 495 838 559 Δεσπότην
876 495 968 546 καὶ
1015 496 1270 563 Σωτῆρα.
1332 494 1383 546 τί
1434 495 1499 546 ἄν
1542 511 1625 555 τις
1676 494 1857 560 εἴποις

272 571 390 649 ὒὺχ
441 583 575 650 ὁρᾷς
637 582 801 653 θηρία
847 585 1108 647 πολλάκις
1171 585 1306 654 πρὸς
1367 587 1532 637 ἐαυτά
1582 587 1861 654 μαχόμενα

270 675 370 724 καὶ
412 675 580 727 πάλιν
620 677 1011 744 είρηνεύοντα;
1070 676 1378 744 ἀπόϐλεψον
1424 678 1503 738 εἰς
1538 676 1732 740 ταῦτα,
1765 676 1860 727 καὶ

272 766 515 835 ζήτησον
587 768 829 836 εἰρήνην.
915 770 1029 820 Ούκ
1106 769 1238 837 ἐμὸς
1330 770 1357 821 ὁ
1439 768 1618 835 λόγος,
1720 769 1858 821 ἀλλὰ

270 854 365 906 toi
388 856 662 922 παναγίου
691 855 1027 922 Ιινεύματος·
1060 858 1153 909 καὶ
1182 857 1371 923 δίωξον
1392 857 1585 928 αὐτὴν,
1609 860 1856 911 τουτέστι

268 948 451 1017 δραμε
495 949 673 1000 ὀπίσω
698 949 923 1019 ταύτης,
953 949 1227 1002 κατάλαϐε
1264 949 1457 1020 αὐτὴν,
1512 950 1607 1001 καὶ
1659 951 1856 1019 στῆσον

268 1040 339 1091 τὰ
372 1040 528 1091 κοινά
555 1039 726 1110 πάθη,
748 1042 841 1093 καὶ
863 1040 931 1093 τά
951 1041 1181 1110 δάκρυα,
1213 1043 1305 1094 καὶ
1334 1041 1459 1104 τοὺς
1490 1045 1852 1113 στεναγμοὺς,

270 1130 366 1181 καὶ
395 1130 497 1192 τὰς
528 1130 771 1196 κατάρας
796 1132 927 1193 ὅσας
959 1133 1048 1183 ἐπὶ
1085 1132 1145 1183 σὲ
1171 1132 1373 1195 πάντες
1418 1133 1721 1204 ἅνθρωποι,
1758 1136 1853 1188 καὶ

272 1218 580 1288 Βούλγαροι
637 1223 731 1272 καὶ
803 1222 1090 1289 Ῥωμαῖοι,
1158 1224 1399 1277 πλούσιοι
1460 1227 1554 1277 καὶ
1600 1226 1849 1292 πένητες,

272 1310 625 1379 μονάζοντες,
663 1313 759 1364 καὶ
795 1314 982 1381 ἱερεῖς,
1016 1315 1109 1366 καὶ
1150 1314 1326 1368 λαῖκοὶ
1358 1318 1847 1385 καταπέμπουσιν.

267 1402 394 1453 Ἐπὶ
427 1404 537 1474 γὰρ
585 1405 675 1456 τὸν
707 1405 906 1475 εὐσεϐῆ
947 1407 1042 1458 καὶ
1070 1407 1414 1475 φιλόχριστον
1442 1410 1598 1477 ἡμῶν
1623 1409 1851 1478 βασιλέα

264 1491 441 1554 οὐδεὶς
472 1492 584 1561 ἔχει
618 1493 912 1561 ἀναφέρειν
944 1496 1148 1559 αἰτίαν,
1184 1497 1242 1561 ἐξ
1282 1492 1344 1550 οὗ
1381 1500 1473 1550 ἐπὶ
1528 1499 1619 1551 τὸν
1658 1497 1849 1569 θρόνον

264 1586 366 1653 τῆς
398 1584 679 1652 βασιλείοις
716 1585 958 1651 ἐκάθισε,
1021 1586 1117 1656 τὴν
1174 1589 1401 1658 εἰρήνην
1437 1589 1843 1658 ἐπιζητοῦντος,

264 1677 359 1726 καὶ
424 1676 891 1741 παρακαλοῦντος,
944 1680 1036 1730 καὶ
1093 1679 1525 1749 ὑποκλινομένου
1579 1681 1646 1734 δι’
1695 1682 1845 1735 οὐδὲν

1965 501 2254 560 postquam
2276 494 2411 546 inter
2447 512 2503 549 se
2537 501 2975 563 decertaveruut,
2999 504 3063 556 ad
3100 520 3282 572 pacem
3321 515 3545 566 reri-ru?

1962 586 2041 635 Ad
2071 600 2133 637 ea
2166 587 2396 653 respice,
2443 598 2495 640 et
2555 604 2738 657 p.:cem
2813 609 3014 659 quaere.
3052 594 3222 650 Verba
3269 599 3383 654 Itale
3436 622 3540 659 non

1961 684 2085 728 sunt
2123 693 2262 739 mea,
2293 681 2383 732 sed
2428 680 2662 749 Spiritus
2699 686 2893 738 sancti.
2927 684 3123 740 Pacem
3179 706 3533 760 persequere,

1962 769 2012 819 id
2048 777 2154 834 est,
2223 786 2365 838 pone
2399 772 2542 824 illam
2576 790 2773 841 curre;
2825 777 2968 830 illam
3007 782 3353 848 amplectere.
3393 786 3538 839 Inhi-

1961 859 2025 911 be
2052 861 2293 913 omnium
2328 863 2490 945 innala,
2518 865 2810 935 lacrymas,
2846 871 3104 939 gemitus,
3136 880 3543 945 ctqumcunque

1956 969 2165 1018 onmes,
2206 932 2418 1024 Bulg‘ari
2460 973 2526 1011 ac
2561 958 2822 1025 Romani,
2860 964 3053 1017 divites
3102 973 3196 1018 aut
3249 984 3539 1037 pauperes,

1957 1047 2232 1111 monachi,
2297 1047 2612 1103 sacerdotes
2649 1061 2741 1104 aut
2782 1053 2904 1107 laici
2950 1056 3002 1109 in
3035 1066 3084 1110 te
3132 1057 3527 1127 imprecantur.

1954 1131 2097 1187 Nulli
2126 1137 2270 1189 enim
2306 1151 2369 1191 ex
2402 1138 2511 1194 illis
2546 1142 2599 1193 in
2646 1142 2794 1210 pium
2835 1146 3261 1218 religiosumque
3292 1132 3536 1221 impera-

1957 1235 2126 1278 torem
2168 1237 2415 1282 nostrum
2453 1246 2618 1285 causa
2664 1234 2996 1303 imprecandi
3054 1250 3174 1304 est,
3208 1257 3273 1295 ex
3317 1260 3428 1312 quo
3477 1246 3529 1299 in

1954 1303 2093 1372 solio
2127 1318 2480 1388 imperatorio
2514 1324 2682 1387 sedet,
2714 1326 2806 1394 qui
2851 1343 3033 1396 pacem
3069 1334 3261 1399 quaarit
3291 1345 3346 1388 et
3386 1336 3539 1389 invo-

1953 1421 2061 1474 cat,
2129 1413 2408 1481 nihiloque
2464 1416 2569 1469 nisi
2608 1418 2731 1471 belli
2764 1421 3171 1479 calamitatibus
3229 1428 3394 1481 cedit.
3458 1427 3536 1483 illi

1950 1501 2040 1570 qui
2076 1502 2357 1556 victoriam
2412 1508 2655 1561 retulerit
2688 1548 2704 1571 ,
2735 1511 2958 1567 victoria
3010 1532 3114 1569 non
3149 1518 3265 1571 sine
3300 1520 3538 1588 periculo

1949 1602 2067 1658 est;
2112 1608 2340 1649 necesse
2394 1599 2540 1650 enim
2605 1610 2688 1653 est
2726 1602 2878 1654 illum
2917 1616 3181 1671 cognatos
3222 1609 3537 1679 amicosque

1950 1699 2083 1738 suos
2119 1668 2446 1753 perdidisse,
2484 1699 2540 1742 ut
2607 1692 2657 1743 in
2691 1693 2849 1759 bello
2899 1696 3019 1750 sine
3060 1698 3169 1751 ullo
3217 1699 3535 1754 discrimine

260 1765 535 1835 ἐτερον,ῆ
564 1767 651 1819 διὰ
682 1769 748 1819 τά
798 1770 860 1819 ἐκ
894 1768 985 1821 τοῦ
1015 1769 1255 1839 πολέμου
1281 1772 1447 1824 κακά.
1482 1772 1594 1824 Καὶ
1624 1773 1731 1843 γὰρ
1760 1774 1840 1825 καλ

1959 1776 2326 1842 pra-liantium
2359 1779 2434 1830 fit.
2472 1779 2543 1831 Ex
2584 1796 2649 1833 eo
2688 1784 2827 1849 quod
2856 1785 2970 1853 ipse
2992 1802 3188 1855 passus
3238 1804 3297 1843 es
3335 1792 3533 1844 novisti

258 1857 423 1924 νίκης
455 1857 759 1925 γενομένης
788 1856 864 1926 τῷ
921 1858 1001 1909 ἐνὶ
1057 1858 1236 1928 μέρει,
1274 1859 1374 1911 οὐκ
1431 1858 1731 1919 ἀκινδύνως
1769 1858 1846 1929 τῷ

260 1950 547 2017 νικήσαντι
572 1949 627 2001 τὸ
652 1950 806 2018 νικᾷν
830 1949 1165 2020 περιγίνεται
1189 1966 1204 1982 ο
1223 1951 1435 2020 ἀνάγκη
1467 1952 1574 2020 γὰρ
1606 1953 1698 2004 καὶ
1724 1969 1850 2019 συγ-

262 2043 441 2106 γενεῖς
475 2042 568 2092 καὶ
612 2042 795 2106 φίλους
828 2043 921 2093 καὶ
973 2043 1204 2105 οἰκείους
1237 2042 1314 2113 τῷ
1343 2044 1624 2111 νικήσαντι
1656 2044 1848 2096 ἀπολέ-

260 2151 374 2185 ςαιο
398 2133 626 2186 τοιαῦτα
657 2134 767 2204 γὰρ
791 2135 857 2186 τὰ
893 2133 986 2186 τοῦ
1013 2135 1248 2203 πολέμου
1281 2128 1575 2203 ἀδιάκριτα
1594 2141 1684 2188 καὶ
1722 2154 1852 2204 συγ-

1956 1881 2076 1934 quae
2098 1867 2350 1921 dicimus.
2396 1869 2721 1941 Quanquam
2757 1886 2846 1929 tua
2890 1878 3054 1933 fuerit
3100 1882 3350 1946 victoria,
3393 1886 3533 1938 mu!-

1956 1966 2041 2011 tos
2077 1960 2436 2017 eharissimos
2468 1967 2787 2033 perdidisti,
2835 1986 3068 2038 quorum
3126 1976 3386 2029 memoria
3437 1993 3533 2031 cor

1957 2056 2109 2102 tuum
2148 2050 2349 2121 (quasi)
2401 2058 2762 2114 ear-minatur.
2798 2060 3002 2117 Luctus
3052 2080 3182 2119 sane
3226 2083 3292 2121 ex
3338 2084 3529 2123 eorum

1965 2152 2142 2196 morte
2170 2146 2347 2200 laetus
2388 2162 2492 2201 non
2522 2158 2570 2202 te
2603 2151 2733 2204 sinit
2763 2155 2881 2207 sine
2906 2171 3107 2225 angore
3138 2157 3245 2213 frui
3282 2162 3528 2219 victoria.

260 2229 563 2295 κεχυμένα.
586 2223 744 2290 Οἶδας
782 2226 817 2280 ἀ
846 2228 1096 2297 λέγομεν,
1119 2229 1178 2292 ἐξ
1207 2222 1281 2281 ὧν
1308 2231 1402 2283 καὶ
1462 2230 1622 2291 αὐτὸς
1652 2230 1949 2294 πέπονθαςο
1990 2234 2243 2306 καὶγὰρ,
2270 2240 2316 2291 εί
2359 2242 2451 2292 καὶ
2509 2244 2647 2311 μετὰ
2706 2244 2800 2297 σοῦ
2850 2222 3075 2315 γέγονεν
3134 2251 3165 2320 ἡ
3201 2252 3347 2323 νίκη,
3395 2253 3526 2307 ἀλλά

257 2319 493 2378 πολλοὺς
530 2319 815 2380 ἀπώλεσας
859 2319 968 2370 τῶν
1048 2319 1345 2386 φιλτάτων,
1391 2313 1467 2374 ὧν
1495 2322 1575 2372 ἐτι
1622 2323 1716 2374 καὶ
1758 2322 1853 2375 νῦν
1884 2326 1919 2393 ἠ
1995 2327 2187 2397 μνήμη
2218 2328 2479 2393 διαξαίνει
2529 2333 2627 2403 τὴν
2674 2337 2773 2406 σὴν
2838 2327 3087 2408 καρδίαν,
3141 2345 3231 2396 καὶ
3267 2344 3366 2397 οὐκ
3397 2346 3528 2399 ἐῶσι

257 2411 518 2477 καθαρῶς
562 2412 856 2464 ἀπολαύειν
888 2413 985 2483 τῆς
1018 2412 1174 2481 νίκης
1209 2415 1263 2465 αἱ
1288 2414 1358 2465 δι’
1395 2414 1640 2478 ἐκείνους
1675 2416 1990 2487 ἀλγηδόνες.

345 2507 491 2559 Ἀλλ’
520 2508 615 2557 ἐπί
640 2508 732 2559 τοῦ
775 2509 1107 2578 γράμματος
1160 2509 1221 2561 τὸ
1253 2510 1412 2568 τέλος
1464 2512 1844 2582 μεταστῶμεν.

268 2597 331 2649 '0
371 2597 719 2668 φιλόχριστος
758 2600 913 2670 ἡμῶν
940 2601 1219 2670 βασιλεὺς,
1253 2602 1301 2653 εἰ
1329 2604 1421 2654 καὶ
1451 2603 1552 2654 ὑπὸ
1580 2605 1676 2671 τῆς
1715 2621 1847 2671 συγ-

258 2688 465 2758 κλήτου
527 2694 621 2742 καὶ
683 2691 788 2742 ὑπὸ
840 2695 1018 2760 πάσης
1074 2692 1170 2761 τῆς
1241 2693 1517 2755 πολιτείας
1580 2697 1672 2746 καὶ
1738 2694 1845 2747 τῶν

259 2783 585 2851 στρατηγῶν
639 2782 803 2835 αὑτοῦ
882 2785 974 2836 καὶ
1036 2785 1144 2837 τῶν
1202 2787 1480 2856 ἀρχόντων
1556 2786 1691 2855 πρὸς
1744 2787 1842 2857 τὴν

259 2870 387 2921 καθ’
428 2872 585 2939 ὑμῶν
634 2874 993 2942 ἐκστρατείαν
1043 2876 1379 2939 ἐκὸιάζεται,
1431 2875 1557 2928 ἀλλ’
1618 2872 1710 2929 οὖν
1764 2878 1838 2941 ὡς

260 2962 511 3031 ἐπιεικὴς
572 2967 636 3032 τῇ
699 2967 1020 3035 παραινέσει
1067 2968 1162 3038 τῆς
1227 2968 1385 3037 ἡμῶν
1448 2970 1835 3038 ταπεινότητος

2022 2516 2127 2570 Sed
2158 2518 2223 2570 ad
2260 2521 2506 2587 epistolae
2538 2523 2697 2580 finem
2733 2530 3043 2586 veniamus.
3077 2533 3383 2602 Religiosus
3423 2554 3526 2589 nn-

1949 2613 2062 2658 stcr
2135 2606 2461 2674 imperator,
2504 2615 2606 2666 etsi
2663 2606 2920 2683 senatus,
2958 2626 3328 2691 magistratus,
3361 2627 3525 2679 diues

1944 2709 2006 2745 ac
2040 2698 2297 2751 consules
2354 2711 2411 2753 ut
2470 2701 2670 2755 bellum
2729 2707 2881 2762 vobis
2947 2711 3143 2765 inferat
3207 2714 3520 2779 inclament,

1942 2783 2344 2843 hortatiOnibus
2382 2792 2701 2850 humilitatis
2734 2808 2935 2854 nostrae
2986 2816 3323 2859 mansuetam
3366 2824 3521 2861 men-

1949 2883 2053 2927 teni
2100 2878 2347 2945 remittit,
2397 2891 2450 2936 et
2482 2886 2562 2938 sie
2600 2887 2665 2940 ad
2711 2905 2812 2943 nos
2862 2892 3077 2948 l0rutus
3110 2905 3194 2949 est
3228 2899 3308 2949 :0
3340 2899 3518 2962 Pater,

1946 2967 2137 3021 videor
2169 2970 2221 3022 in
2270 2975 2505 3040 quodam
2541 2978 2719 3031 medio
2762 2989 2908 3035 stare
2949 2999 3014 3037 ac
3047 2986 3318 3056 distringi,
3357 3004 3517 3056 quem

262 3050 468 3119 μᾶλλον
510 3054 699 3106 ἐαυτὸν
757 3055 1015 3121 ἐνδιδοὺς,
1049 3059 1127 3119 είς
1177 3057 1451 3119 τοιούτους
1505 3058 1641 3127 πρὸς
1690 3059 1837 3127 ἡμᾶς

1946 3059 2094 3115 illinc
2141 3078 2417 3131 proceres,
2461 3068 2624 3124 istinc
2661 3083 2749 3124 tua
2775 3074 3100 3145 episcopalis
3136 3079 3374 3149 dignitas
3401 3083 3515 3136 dis-

258 3149 498 3212 κατεστη
523 3144 831 3221 λόγοδςηὯ
855 3150 1054 3217 Πάτερ,
1084 3150 1237 3202 ἔοικα
1265 3151 1323 3202 ἐν
1358 3152 1508 3221 μέσῳ
1538 3152 1642 3203 τινὶ
1661 3152 1835 3215 ἑστὼς

257 3240 353 3288 καὶ
387 3237 791 3308 διασπώμενος,
829 3243 929 3309 τῆς
965 3242 1063 3310 μὲν
1114 3242 1390 3303 πολιτείας
1417 3241 1681 3315 ἑλκούσης
1715 3244 1835 3295 ἐτέ-

259 3329 457 3396 ρωθεν,
516 3330 612 3399 τῆς
672 3331 727 3382 δὲ
781 3332 881 3401 σῆς
931 3333 1341 3405 ἀρχιερωσύνης
1384 3334 1647 3405 ἑλκούσης
1703 3336 1838 3404 πρὸς

258 3422 486 3490 ἑαυτήν.
530 3422 749 3475 Τούτων
793 3424 966 3486 οὕτως
1008 3426 1262 3496 ἐχόντων,
1296 3426 1455 3478 τοῦτό
1502 3443 1585 3478 σοι
1612 3426 1842 3495 ἀποκρί-

260 3528 448 3582 νομαιο
496 3513 714 3584 Γράψον
780 3515 915 3586 πρὸς
972 3517 1063 3568 τὸν
1122 3516 1350 3585 ἀδελφὸν
1407 3516 1564 3585 ἡμῶν
1615 3517 1687 3579 ὡς
1744 3519 1838 3569 καὶ

256 3606 481 3673 χρυσίου
522 3606 796 3673 ποσότητα
826 3606 1190 3674 ἐπιδιδόαμεν,
1226 3609 1324 3678 ὅση
1356 3608 1555 3678 δυνατὴ
1582 3611 1675 3661 καὶ
1700 3612 1838 3679 πρέ-

1950 3152 2137 3205 trahit.
2182 3154 2261 3207 Ad
2297 3164 2366 3219 te,
2401 3173 2525 3211 cum
2556 3177 2642 3215 res
2682 3162 2750 3215 ita
2787 3164 2911 3228 fuit,
2950 3170 3291 3236 respondeo:
3326 3174 3520 3228 Scribe:

1944 3244 2009 3296 ad
2039 3242 2263 3299 fratrem
2305 3258 2552 3303 nostrum
2587 3267 2685 3306 nos
2724 3254 2797 3306 illi
2839 3256 3065 3313 daturos
3094 3274 3357 3329 quantum
3393 3270 3517 3322 auri

1939 3351 2001 3389 ac
2047 3339 2493 3394 vestimentorum
2557 3346 2669 3398 dari
2716 3350 2921 3415 poterit
2968 3362 3062 3406 aut
3112 3355 3342 3417 decebit.
3404 3361 3514 3414 imo

1939 3428 2203 3497 quidquid
2241 3431 2380 3485 alius
2419 3433 2485 3487 ad
2520 3435 2665 3490 illius
2705 3440 2991 3494 utilitatem
3028 3444 3317 3502 conferens
3342 3450 3508 3504 dece-

1939 3519 2016 3571 bit
2052 3521 2309 3576 tribuere.
2357 3523 2413 3577 Si
2469 3524 2550 3579 illi
2601 3543 2786 3597 pacem
2839 3530 2999 3587 ferire
3061 3535 3258 3603 libeat,
3313 3557 3410 3596 nos
3455 3543 3509 3597 iu

1939 3624 2188 3681 promptu
2226 3617 2413 3681 habes,
2452 3620 2694 3689 nihilque
2718 3624 2815 3677 tibi
2847 3624 3085 3681 hortanti
3117 3644 3433 3701 negaturus.

260 3719 459 3766 πουσα,
500 3703 593 3755 καὶ
628 3704 858 3772 ἱματίων
903 3704 1151 3775 ἀριθμὸν,
1174 3704 1309 3757 ἀλλά
1338 3705 1433 3757 καὶ
1463 3705 1517 3757 εἴ
1543 3721 1594 3756 τι
1619 3704 1828 3774 ἕτερον,
1868 3707 1950 3770 είς
2010 3710 2219 3762 ἐκείνου
2280 3712 2556 3767 διαϐαῖνον
2620 3716 2938 3787 θεραπείαν,
2980 3723 3191 3790 πρέπον
3216 3726 3364 3779 ἐστὶν
3414 3730 3513 3798 ἐμὲ

257 3799 569 3865 παρασχεῖν
608 3812 622 3826 ⁸

255 3894 391 3963 πρὸς
416 3896 522 3962 τὴν
560 3891 659 3963 σὴν
700 3892 1022 3961 παραίνεσιν
1054 3892 1440 3956 ἀνανεύοντας.

320 3988 419 4039 Διά
460 3984 639 4036 ταῦσα
679 3984 963 4054 γράφομέν
1007 4001 1110 4047 σοι,
1149 3985 1347 4053 δεσμὸν
1365 3984 1751 4048 ἐπιϐάλλοντες
1779 3985 1839 4035 ἐν

252 4080 452 4148 Πατρὶ,
494 4079 586 4129 καὶ
618 4076 750 4145 Υἱῷ,
784 4078 879 4129 καὶ
907 4076 1047 4146 ἁγίῳ
1072 4076 1369 4145 Πνεύματι,
1404 4076 1641 4147 δηλῶσαι
1704 4076 1838 4145 ἡμῖν

252 4174 347 4223 καὶ
393 4172 624 4239 χρυσίου
666 4171 938 4237 ποσότητα
989 4169 1119 4238 ὅσην
1164 4168 1463 4239 ἐπιζητεῖς,
1490 4166 1837 4238 καὶίματίων

251 4262 488 4331 ἀριθμὸν
530 4262 655 4321 δσος
695 4276 777 4311 σοι
830 4260 1185 4330 παρίσταται.
1228 4261 1452 4323 Πάντως
1504 4259 1659 4313 δὲτά
1704 4258 1836 4331 πρέ-

675 3796 770 3849 καὶ
808 3798 862 3849 εἴ
906 3814 968 3865 γε
1028 3800 1124 3851 καὶ
1167 3798 1299 3867 παρ’
1349 3798 1499 3866 αὐτῷ
1561 3799 1849 3868 ἀγαπητόν
1886 3802 2003 3852 ἐστι
2041 3804 2099 3855 τὸ
2158 3805 2482 3875 εἰρηνεύειν,
2524 3808 2668 3879 ἔχεις
2732 3812 2984 3883 ἑτοίμους
3017 3818 3186 3885 ἡμᾶς,
3234 3820 3327 3872 καὶ
3361 3796 3512 3874 οὐδὲν

2014 3984 2203 4054 itaque
2248 3989 2341 4041 tibi
2386 3990 2567 4044 scribo
2610 3992 2880 4048 vinculum
2917 3996 3195 4055 charitatis
3244 4006 3513 4075 arripiens

1938 4074 1990 4128 in
2024 4075 2204 4143 Patre,
2237 4090 2288 4132 et
2337 4078 2497 4145 Filio,
2530 4092 2586 4135 et
2646 4085 2846 4152 Spiritu
2879 4102 3089 4157 sancto,
3144 4105 3199 4146 ut
3238 4074 3512 4165 signiﬁces

1934 4176 2201 4238 quantum
2239 4170 2358 4223 auri
2394 4174 2631 4240 postules
2661 4188 2899 4245 quotque
2927 4182 3249 4238 Vrstimeuta
3282 4187 3375 4241 tibi
3408 4190 3511 4242 tri-

1933 4260 2147 4315 buenda
2178 4262 2481 4317 videantur.
2511 4264 2810 4321 Considera
2869 4271 3086 4338 penitus
3123 4290 3245 4343 qua:
3297 4282 3507 4348 magni-

252 4368 424 4403 ποντα
442 4352 510 4421 τῇ
549 4350 1002 4421 μεγαλοπρεπείᾳ⁵
1029 4350 1128 4418 τῆς
1144 4352 1320 4420 ἀρχῆς
1348 4369 1439 4403 σου
1469 4351 1563 4404 καὶ
1593 4354 1659 4423 τῇ
1704 4367 1825 4404 συν⁹

1945 4354 2209 4408 liceutiatn
2260 4365 2364 4409 tute
2393 4357 2671 4426 dignitatis
2710 4360 3167 4433 prudentiamque
3226 4376 3372 4422 tuam
3409 4372 3506 4423 dc-

252 4444 366 4495 έσει
402 4442 499 4495 καὶ
529 4440 893 4511 συνδιασκέψῃ
950 4441 1040 4493 καὶ
1083 4440 1343 4512 ζητήσεις
1374 4459 1387 4473 ·
1414 4443 1475 4495 οὐ
1527 4442 1633 4513 μὴν
1692 4442 1828 4497 ἀλλά

253 4535 346 4586 καὶ
388 4535 444 4585 εἴ
481 4552 532 4586 τι
562 4534 770 4604 ἕτερον,
814 4535 842 4586 ὃ
889 4536 985 4588 καὶ
1030 4532 1092 4587 σὲ
1141 4534 1353 4606 πρέπον
1385 4534 1685 4603 ἐπιζητεῖν,
1730 4537 1828 4589 καὶ

251 4626 341 4677 τὸν
372 4624 603 4694 βασιλέα
636 4626 898 4695 παρέχειν
928 4626 1099 4691 ἄξιον,
1127 4627 1348 4678 κακεῖνο
1377 4626 1613 4695 πρόσθες
1643 4627 1737 4678 ἐπί
1765 4643 1825 4678 τε

252 4721 317 4787 τῇ
348 4718 443 4769 τοῦ
488 4717 733 4787 χρυσίου,
767 4717 861 4769 καὶ
891 4719 955 4787 τῇ
987 4717 1095 4770 τῶν
1125 4717 1358 4785 ἱματίων
1401 4717 1567 4784 δόσει,
1594 4722 1686 4771 καὶ
1708 4718 1830 4770 τεύ-

256 4807 317 4876 ξῃ
364 4808 623 4858 κάκείνου
650 4806 749 4874 τῆς
779 4805 1155 4870 ἀπολαύσεως.
1190 4808 1300 4860 Καὶ
1334 4807 1540 4860 τούτων
1577 4825 1658 4860 σοι
1691 4825 1830 4878 παρ-

258 4899 554 4966 εχομένων,
595 4897 757 4965 γενοῦ
789 4898 889 4966 τῆς
937 4900 1183 4969 εἰρήνης,
1252 4899 1409 4967 γενοῦ
1441 4900 1542 4969 τῆς
1594 4900 1829 4969 ἀρχαίας

252 4991 473 5059 ἀγάπης
501 5006 514 5019 ·
547 4989 894 5053 γενέσθωσαν
920 4990 1083 5043 πάλιν
1111 4990 1408 5061 Βούλγαροι
1439 4992 1534 5044 καὶ
1568 4988 1828 5060 Ῥωμαῖοι

256 5084 392 5149 πρὸς
436 5081 567 5151 μίαν
602 5081 898 5151 ἀδελφικὴν
933 5082 1240 5151 σύμπνοιαν
1293 5084 1388 5136 καὶ
1416 5084 1690 5152 ὁμόνοιαν,
1733 5083 1830 5135 καὶ

256 5175 661 5247 καταργηθήτω
692 5175 793 5244 μὲν
811 5177 839 5227 δ
865 5176 924 5242 ἐξ
944 5175 1120 5248 ἀρχῆς
1132 5175 1231 5245 τῆς
1246 5175 1445 5246 ἔχθρας
1470 5176 1825 5247 δημιουργός·

257 5268 569 5337 δοξασθήτω
598 5267 654 5320 δὲ
691 5268 719 5318 ὁ
777 5267 1010 5337 Χριστὸς
1065 5269 1208 5319 καὶὸ
1259 5266 1390 5328 Θεὸς
1423 5267 1600 5337 ἡμῶν,
1652 5269 1680 5318 ὁ
1742 5268 1831 5322 διὰ

260 5360 490 5431 σταυροῦ
510 5358 675 5413 αὑτοῦ
707 5358 1020 5421 καταλύσας
1048 5358 1143 5428 τῆς
1171 5358 1371 5428 ἔχθρας
1403 5359 1461 5410 τὸ
1488 5359 1828 5429 μεσότοιχον,

258 5455 348 5506 καὶ
386 5452 713 5522 είρηνεύσας
748 5452 840 5503 τὸν
872 5452 1077 5521 κόσμον
1112 5451 1301 5516 αὑτοῦ,
1328 5452 1825 5523 ἀπολαμϐανούσης

260 5546 355 5614 μὲν
385 5546 481 5614 τῆς
516 5544 836 5614 Ῥωμαῖκῆς
884 5544 1159 5614 βασιλείας
1210 5546 1300 5597 καὶ
1350 5544 1450 5611 τὴν
1492 5544 1625 5597 ἰδίαν
1650 5547 1833 5600 κατά-;

258 5654 463 5705 σχεσιι,
496 5636 727 5707 ἐχούσης
757 5636 811 5689 δὲ
838 5636 1213 5707 Βουλγαρικῆς
1257 5635 1509 5701 ἐξουσίας
1552 5637 1724 5701 ἀδεῶς
1761 5639 1832 5692 τὰ

260 5730 433 5783 οἰκεῖα
459 5730 557 5783 καὶ
594 5728 836 5799 ἀσφαλῆ,
856 5731 946 5783 καὶ
976 5727 1173 5801 μηκέτι
1207 5726 1465 5797 ἀφορμῆς
1512 5727 1827 5801 ὑπολιμπα-

1933 4457 2116 4509 ceant,
2177 4456 2231 4501 et
2258 4448 2511 4517 pustula;
2549 4449 2660 4504 imo
2719 4452 2980 4523 quidquid
3020 4466 3070 4509 te
3116 4456 3304 4512 deceat
3358 4462 3503 4514 aliud

1928 4538 2224 4606 postulare,
2280 4549 2334 4593 et
2381 4541 2706 4609 imperatore
2756 4543 2827 4599 sit
2888 4547 3111 4617 dignum
3168 4554 3503 4618 concedere,

1930 4629 2070 4682 a'dde
2127 4645 2263 4684 auro
2312 4642 2364 4685 et
2395 4632 2776 4689 vestimentis:
2816 4638 3000 4691 omnia
3034 4639 3362 4697 tribuentur.
3409 4644 3504 4700 llis

1929 4734 2110 4778 autem
2142 4728 2420 4781 concessis
2444 4729 2509 4781 ad
2545 4744 2730 4798 pacem
2760 4742 3054 4802 revertere,
3087 4745 3141 4789 et
3169 4738 3234 4792 ad
3264 4742 3503 4808 priscam

1930 4815 2273 4869 charitatem.
2315 4814 2471 4871 Fiant
2499 4818 2681 4873 denuo
2716 4820 2930 4892 Bulgari
2974 4835 3027 4878 et
3077 4826 3309 4883 Romani
3338 4814 3503 4886 unius

1933 4904 2185 4961 fraternae
2216 4910 2636 4978 conspirationis
2671 4916 3158 4986 consensioniSque
3175 4937 3189 4983 ;
3209 4933 3260 4974 et
3286 4932 3502 4977 sterna-

1933 5005 2019 5049 tur
2050 4997 2142 5066 qui
2175 5007 2259 5052 est
2288 5000 2356 5051 ab
2390 5000 2598 5068 origine
2631 5000 3045 5058 inimicitiarum
3073 5008 3289 5063 artifex.
3325 5008 3500 5062 Glori-

1934 5088 2126 5142 ﬁcctur
2155 5097 2336 5142 autem
2370 5088 2626 5145 Christus
2656 5088 2801 5146 Deus
2834 5104 3044 5159 noster,
3095 5097 3186 5165 qui
3232 5112 3327 5165 per
3368 5111 3495 5151 cru-

1934 5196 2049 5235 cem
2120 5194 2334 5231 niurum
2395 5179 2693 5233 inimicitia:
2749 5180 3052 5247 destruxit,
3127 5187 3503 5254 mundumque

1934 5286 2092 5328 suum
2149 5270 2475 5338 paciﬁcavit.
2536 5270 2627 5325 Sic
2671 5271 2975 5327 Romanum
3020 5275 3301 5343 imperium
3339 5276 3503 5330 ditio-

1937 5381 2030 5419 nes
2063 5379 2194 5418 suas
2230 5362 2589 5430 recuperabit,
2633 5381 2871 5449 suasque
2910 5364 3127 5435 Bulgari
3158 5367 3275 5419 sine
3309 5370 3505 5425 timore

1937 5466 2030 5510 aut
2064 5470 2193 5510 cura
2234 5454 2613 5524 possidebunt,
2648 5457 2794 5509 omni
2834 5454 2944 5523 jam
3005 5457 3294 5514 occasione
3345 5476 3503 5517 scan-

1936 5550 2041 5606 dali
2087 5550 2320 5612 sublata,
2369 5563 2502 5619 pace
2545 5549 2780 5613 ﬁrmata,
2807 5558 2861 5602 et
2916 5559 3143 5619 utraque
3180 5564 3335 5622 gente
3375 5542 3503 5609 bea-

1939 5654 2046 5697 tam
2084 5643 2249 5695 vitam
2283 5640 2583 5694 obtinente.
2615 5638 2770 5702 Quod
2804 5640 3011 5694 tribuat
3057 5642 3312 5700 Christus
3361 5646 3504 5703 Deus

1937 5743 2143 5801 noster,
2175 5732 2391 5788 abolens
2439 5732 2704 5785 daemonis
2740 5730 2997 5788 invidiam
3028 5775 3042 5800 ,
3100 5734 3355 5809 illiusque
3389 5739 3503 5795 alas
