4038 6204
518 303 619 365 199

1648 308 1697 367 Ν
1706 308 1955 369 ICOLAl
1997 312 2106 371 ΟΡ.
2149 310 2661 371 ΡΑΤΙὶῐΑΒΟΙΙΕ

3659 311 3766 371 2οθ

515 417 737 473 deberet
786 425 839 471 ct
896 416 1285 473 administrare
1318 432 1403 473 res
1440 433 1631 475 omnes
1664 437 1785 491 quae
1817 424 2097 479 ministro-

2206 425 2450 495 παλατίῳ
2503 428 2787 493 προσεῖναι
2822 424 2917 495 τὴν
2949 425 3260 480 διοικοῦσαν
3312 423 3379 475 rit
3431 423 3792 478 ἐπιϐάλλοντα

514 526 637 565 rum
684 520 902 564 tuorum
959 510 1285 580 coniugibus
1323 512 1684 579 incumbunt,
1736 517 1954 568 tertium
2008 532 2104 586 po-

517 605 622 659 tnit
672 603 900 659 concedi
939 604 1375 667 matrimonium,
1434 605 1705 673 siquidem
1765 608 1875 661 ﬁlia
1927 608 1980 662 in
2036 624 2103 663 eo

514 709 626 753 erat
663 709 716 750 ut
754 707 1034 766 paternam
1080 697 1301 751 domum
1338 696 1691 767 relinqueret.
1745 700 1900 754 Adde
1956 700 2103 768 quod

518 791 602 842 vel
636 791 776 843 sacri
814 803 1055 842 canones
1113 803 1220 839 non
1276 788 1503 840 omnino
1567 788 1864 857 prohibent
1919 790 2104 843 tertias

521 884 760 950 nuptias,
818 882 912 935 sed
970 881 1274 948 indulgent,
1330 881 1456 934 licet
1507 890 1764 951 tanquam
1820 884 2101 938 sordidum

520 973 650 1043 quid
685 983 738 1026 et
783 971 1026 1027 Ecclesia
1066 973 1352 1040 indignum
1385 989 1479 1028 eas
1530 975 1967 1032 considerantes.
2028 977 2104 1032 De

519 1074 715 1134 quarto
761 1075 941 1118 autem
999 1065 1369 1128 matrimonio,
1438 1068 1583 1135 quod
1640 1068 1804 1121 etiam
1866 1070 2101 1140 Agareni

518 1166 742 1219 norunt,
779 1159 904 1211 licet
939 1174 1044 1210 non
1076 1158 1255 1226 quoad
1284 1158 1611 1213 divisionem
1657 1176 1915 1226 uxorum,
1950 1177 2103 1232 quaa-

517 1264 643 1302 nam
695 1250 799 1303 erit
847 1250 1166 1305 excusatio?
1216 1251 1295 1304 Ad
1322 1267 1614 1321 quemnam
1658 1264 1981 1322 praetextum
2018 1271 2104 1310 re-

516 1354 738 1394 currere
768 1340 974 1405 licebit,
1028 1342 1329 1409 przeserllm
1374 1342 1463 1395 ubi
1508 1344 1689 1400 scelus
1733 1345 1800 1399 ad
1832 1362 2101 1401 sunmlam

517 1430 836 1499 dignitatem
889 1446 997 1500 qua
1042 1433 1247 1502 gaudes
1302 1444 1684 1505 comparatum
1719 1437 1926 1491 fuerit?
1986 1438 2105 1495 Rex

517 1522 717 1576 dicitur
748 1538 870 1577 esse
901 1522 985 1576 lex
1024 1538 1131 1577 non
1165 1526 1389 1595 scripta,
1444 1528 1586 1582 haud
1638 1538 1699 1582 ut
1729 1530 1902 1600 legem
1939 1531 2106 1587 violet

518 1622 574 1669 et
600 1617 962 1684 quodcunque
989 1614 1227 1670 lubuerit
1275 1616 1461 1683 faciat,
1505 1620 1597 1674 sed
1639 1620 1802 1676 factis
1839 1622 1955 1677 suis
1984 1640 2105 1693 qua:

518 1707 652 1776 legis
701 1723 809 1762 non
862 1718 1081 1778 scripta:
1129 1726 1322 1763 norma
1370 1712 1703 1781 diriguntur,
1752 1716 1949 1771 similis
1981 1733 2104 1771 csse

2206 517 2314 571 τῶν
2347 518 2457 570 σῶν
2512 518 2791 589 ἀρχόντων
2823 520 2942 577 ταῖς
2966 517 3232 585 γυναιξὶν,
3267 517 3379 569 ἐστι
3441 516 3796 587 συγχώρησις

2206 609 2284 678 τῷ
2329 610 2522 679 τρίτῳ,
2580 609 2677 678 τῆς
2752 610 3026 679 θυγατρὸς
3085 608 3397 662 ἐκδίδοσθαι
3465 610 3792 679 μελλούσης.

2212 703 2356 773 Πλὴν
2380 704 2462 755 ὅτι
2499 704 2596 755 καὶ
2632 705 2770 774 ἱεροὶ
2800 703 3025 766 κανόνες
3054 704 3145 755 τὸν
3176 701 3360 769 τρίτον
3404 703 3505 755 οὐκ
3547 703 3795 756 ἀποϐάλ-

2210 795 2364 847 λουσι
2395 794 2703 857 παντελῶς,
2761 794 2900 849 ἀλλὰ
2934 793 3334 865 συγχωροῦσιν,
3389 795 3438 846 εί
3467 794 3561 846 καὶ
3597 793 3669 856 ὡς
3707 793 3799 864 ῥῦ-

2209 904 2311 940 πον
2374 886 2729 956 παρορῶντες
2782 890 2881 958 τῆς
2955 886 3307 957 Ἐκκλησίας,
3367 885 3508 957 ὑπὲρ
3589 886 3644 938 δὲ
3698 884 3795 937 τοῦ

2206 977 2473 1044 τετάρτου
2519 977 2616 1029 καὶ
2648 975 2677 1028 6
2714 980 2828 1039 τοίς
2887 976 3212 1046 Ἀγαρηνοῖς
3268 973 3569 1044 γνώριμον,
3611 975 3659 1026 εἰ
3697 977 3798 1024 καὶ

2213 1072 2287 1142 μὴ
2337 1072 2479 1124 κατὰ
2527 1069 2794 1140 διαίρεσιν
2837 1068 3135 1137 γυναικῶν,
3190 1067 3276 1131 τίς
3324 1067 3621 1134 ἀπολογίας
3666 1065 3799 1120 Ἐπὶ

2208 1162 2369 1216 ποίαν
2399 1162 2455 1215 δὲ
2490 1144 2946 1230 καταφευξόμεθα
2995 1161 3268 1230 πρόφασιν
3292 1200 3309 1225 ,
3354 1158 3593 1228 μάλιστα
3654 1157 3797 1227 πρὸς

2205 1255 2268 1307 τδ
2299 1250 2534 1323 μέγεθος
2580 1252 2681 1321 τῆς
2715 1252 2813 1321 σῆς
2860 1250 3023 1320 δόξης
3049 1251 3145 1304 τοῦ
3184 1250 3495 1321 μιάσματος
3541 1249 3829 1329 aegaeo-3

2211 1347 2419 1417 μένους
2475 1344 2769 1407 Βασιλεὺς,
2823 1345 3009 1413 φασιν,
3064 1344 3312 1412 ἄγραφος
3342 1343 3529 1412 νόμος,
3574 1344 3672 1411 οὐχ
3704 1330 3829 1430 Eva:

2208 1440 2504 1510 παρανομῇ
2568 1437 2662 1491 καὶ
2723 1437 2938 1507 πράττῃ
3006 1435 3195 1498 ἁπλῶς
3251 1436 3319 1489 τὰ
3350 1434 3636 1502 δοκοῦντα,
3670 1435 3827 1490 ἀλλ’.

2207 1532 2349 1586 ὥστε
2429 1532 2679 1583 τοιοῦτον
2743 1525 2885 1581 εἶναι
2931 1528 3020 1582 διὰ
3067 1529 3177 1581 τῶν
3221 1527 3400 1598 ἔργων
3462 1526 3629 1580 αὑτοῦ
3683 1525 3795 1576 τῶν
3846 1590 3855 1607 ι

2207 1625 2500 1695 ἀγράφων,
2544 1617 2653 1686 οἷος
2688 1624 2717 1676 6
2747 1625 2911 1691 νόμος
2947 1627 2975 1675 6
3005 1621 3307 1692 ἔγγραφος.
3356 1621 3416 1673 El
3476 1620 3584 1689 γὰρ
3642 1619 3798 1687 βασι-

2208 1718 2335 1780 λεὺς
2380 1717 2490 1770 τῶν
2526 1717 2708 1786 νόμων
2754 1716 2947 1787 ἐχθρὸς
2979 1717 3072 1767 καὶ
3109 1713 3390 1782 πολέμιος,
3436 1713 3520 1775 τίς
3548 1712 3673 1774 τοὺς
3704 1712 3797 1763 νό-

516 1800 677 1854 debet
711 1801 811 1871 legi
848 1802 1087 1871 scriptae.
1166 1803 1386 1857 Etenim
1443 1821 1534 1859 rex
1585 1806 1631 1863 si
1666 1808 1875 1879 legibus
1906 1811 2099 1864 adver-

2208 1827 2342 1881 μους
2356 1809 2683 1879 φοὸήσεται;
2714 1808 2785 1859 Ἢ
2802 1808 2921 1876 οὐχὶ
2938 1807 3097 1859 τοῦτο
3116 1805 3413 1859 ἀκόλουθον
3443 1807 3503 1856 τὸ
3532 1806 3666 1873 πρὸς
3688 1802 3784 1865 οὓς

520 1903 694 1955 satur,
722 1893 975 1962 quisnam
1014 1896 1353 1949 reverebitnr
1383 1898 1544 1953 illas?
1599 1898 1792 1956 Nonne
1822 1903 2104 1973 consequi-

518 1990 609 2034 tur
658 1985 991 2049 necessario,
1043 2002 1180 2055 quas
1230 1987 1374 2057 leges
1420 1989 1674 2061 princeps
1719 1993 1903 2048 hostili
1938 1996 2102 2050 modo

518 2075 823 2143 infregerit,
858 2081 1078 2133 easdem
1111 2080 1273 2134 etiam
1310 2097 1338 2133 a
1366 2084 1631 2152 subjectis
1668 2086 1824 2140 nihili
1856 2088 2100 2144 habitum

519 2168 610 2231 iri,
644 2166 769 2222 licet
796 2185 953 2224 nemo
991 2171 1061 2225 ad
1093 2172 1144 2225 id
1182 2175 1448 2242 cogatur?
1497 2176 1599 2231 Ubi
1644 2194 1775 2233 vero
1803 2182 2103 2238 necessitas

519 2260 769 2330 quadam
819 2272 874 2317 et
921 2263 1181 2333 impetus,
1233 2267 1537 2335 prasertim
1592 2281 1824 2336 natura,
1872 2274 2099 2342 accedit,

521 2352 805 2422 quomodo
866 2370 974 2410 non
1030 2356 1096 2410 ad
1156 2358 1403 2413 eamdem
1463 2362 1733 2416 sentiendi
1797 2366 2105 2435 agendique

517 2444 785 2499 rationem
826 2447 1196 2509 inclinabunt.
1242 2451 1329 2505 cui
1371 2452 1675 2523 principem
1709 2471 1989 2512 summum
2023 2461 2106 2515 in-

519 2536 741 2607 dulgere
766 2540 997 2594 vident?

518 2674 519 2677 η
594 2630 690 2685 His
714 2632 875 2687 dictis
908 2636 1130 2703 perrexi
1164 2637 1267 2693 hoc
1298 2641 1461 2696 modo
1495 2661 1508 2697 :
1546 2642 1869 2715 Considera,
1895 2664 2103 2718 quaeso,

522 2722 691 2776 solem
726 2739 791 2778 ac
820 2730 1031 2792 stellas,
1087 2732 1233 2798 quod
1284 2734 1374 2787 ubi
1430 2751 1535 2789 una
1569 2752 1637 2791 ex
1687 2738 1773 2793 his
1816 2741 2107 2809 splendore
2164 2726 2165 2729 η

525 2817 792 2883 privatur,
827 2836 913 2875 res
940 2832 1021 2875 est
1057 2823 1260 2878 nullius
1294 2825 1405 2880 fere
1438 2831 1738 2896 momenti;
1774 2841 1829 2884 at
1879 2834 1969 2886 ubi
2002 2837 2103 2889 soli

524 2910 619 2963 tali
665 2911 795 2979 quid
832 2914 1113 2979 acciderit,
1164 2920 1474 2973 necessario
1527 2930 1675 2976 totus
1708 2924 1945 2980 mundus
1976 2927 2107 2980 cali-

528 3001 653 3070 gine
705 3002 1024 3058 involvitur.
1075 3004 1239 3073 Item,
1305 3010 1351 3063 si
1404 3013 1649 3081 corporis
1700 3014 1804 3070 alia
1859 3018 2103 3073 membra

519 3092 774 3149 sordibus
814 3096 1152 3165 polluuntur,
1188 3115 1281 3155 seu
1326 3102 1528 3158 lateant
1560 3106 1749 3161 sordes
1776 3122 1869 3162 seu
1900 3124 2005 3163 non
2031 3111 2107 3165 la-
2134 3122 2180 3184 ς

519 3191 688 3251 tcant,
741 3187 791 3240 id
846 3188 977 3242 nihil
1032 3190 1149 3246 fere
1197 3192 1422 3262 pudoris
1467 3194 1663 3262 habet;
1713 3198 1827 3266 jam
1869 3215 2001 3255 vero
2048 3201 2095 3255 si

519 3274 661 3331 forte
692 3294 753 3333 os
782 3280 1129 3338 immunditie
1161 3286 1375 3352 horret,
1428 3290 1542 3343 lieri
1579 3305 1684 3343 non
1739 3302 1915 3360 potest
1966 3296 2096 3363 quin

518 3385 736 3426 summo
797 3376 1000 3443 pudore
1052 3377 1456 3434 sull‘undamur.
1529 3381 1650 3437 Noli
1714 3385 1920 3454 igitur,
1973 3404 2097 3441 eum

520 3476 733 3530 magna:
763 3464 963 3519 divinae
991 3466 1325 3524 haereditatis
1357 3487 1443 3537 os,
1488 3472 1598 3528 imo
1650 3483 1814 3544 caput
1841 3479 2100 3545 exsistas,

520 3567 720 3622 corpus
759 3554 965 3610 Christi
1002 3558 1350 3627 pudefacere,
1382 3575 1477 3617 aut
1506 3565 1652 3635 apud
1688 3566 1935 3624 infideles
1965 3586 2099 3640 quo~

521 3659 628 3713 que
660 3646 796 3699 adeo
828 3649 1189 3714 confundere,
1222 3663 1282 3706 ut
1323 3670 1354 3708 a
1386 3663 1475 3709 tua
1506 3657 1774 3727 dignitate
1807 3663 1934 3716 mali
1966 3664 2103 3715 \‘illl-

519 3742 652 3810 perii
684 3744 1028 3799 occasionem
1061 3747 1305 3819 arripere
1337 3762 1563 3820 queant.
1617 3752 1887 3812 Praeterea
1930 3760 2102 3814 multa

518 3832 629 3886 dixi
658 3849 782 3903 qua:
808 3848 1249 3893 commemorare
1296 3855 1404 3895 non
1461 3853 1547 3898 est
1596 3845 1762 3914 hujus
1814 3847 1940 3903 loci.
1984 3850 2102 3906 Uno

518 3928 710 3993 verbo,
765 3931 1042 3998 peroravi,
1088 3933 1412 4003 supplicavi,
1464 3939 1769 3994 obsecravi.
1829 3943 1965 3998 Cum
2007 3961 2107 4000 au-

517 4028 627 4075 tem
672 4020 758 4076 his
811 4022 1159 4079 sermonibus
1212 4026 1359 4084 illius
1404 4029 1740 4086 voluntatem
1784 4036 2103 4106 neutiquam

520 4111 665 4167 ﬂecti
700 4127 860 4181 posse
882 4113 1148 4180 viderem,
1183 4119 1289 4175 hoc
1318 4122 1479 4176 modo
1511 4137 1635 4176 eum
1669 4125 1897 4183 adortus
1929 4145 2048 4183 sum
2087 4149 2100 4186 :

518 4206 564 4263 Ο
612 4224 707 4263 rex
755 4217 809 4264 et
860 4210 968 4275 ﬁli,
1022 4222 1316 4283 postquam
1372 4218 1642 4289 majestati
1678 4231 1784 4275 tua:
1810 4224 1990 4276 visum
2022 4233 2105 4278 cst

519 4313 772 4371 quartam
800 4294 1092 4378 conjugem
1122 4310 1177 4363 in
1213 4311 1627 4367 matrimonium
1662 4314 1867 4369 ducere
1889 4356 1903 4379 ,
1957 4316 2103 4370 nulla

519 4394 762 4451 indecori
814 4400 1029 4455 ratione
1064 4400 1274 4467 habita,
1317 4407 1504 4473 accipe
1544 4406 1657 4475 jam
1691 4422 1722 4460 a
1756 4417 1909 4476 patre
1942 4415 2103 4477 atque

2208 1901 2273 1955 ἂν
2308 1904 2334 1955 6
2365 1902 2550 1971 ἄρχων
2595 1898 2805 1970 ἐχθρῶς
2842 1899 2945 1971 ἔχῃ
3006 1900 3101 1952 καὶ
3136 1897 3437 1966 πολεμίως,
3490 1901 3627 1967 πρὸς
3666 1896 3797 1949 τοῦ·

2203 2011 2330 2057 τους
2366 1994 2461 2046 καὶ
2487 1993 2550 2045 τὸ
2583 1993 2899 2062 ὑποχείριον
2934 1992 3032 2060 τὴν
3058 1991 3254 2060 ὁμοίαν
3284 1990 3585 2058 φυλάσσειν
3616 1989 3796 2041 διάθεο

2207 2103 2312 2152 σιν,
2364 2086 2468 2139 κᾶν
2502 2085 2690 2155 μηδεὶς
2720 2086 2749 2137 6
2777 2084 3102 2154 βιαζόμενος
3143 2080 3211 2154 ᾗς
3261 2084 3390 2135 Ὅτε
3448 2082 3505 2135 δὲ
3557 2081 3651 2133 καὶ
3677 2081 3796 2151 βέα.

2205 2180 2302 2231 καὶ
2339 2177 2579 2248 μάλιστα
2607 2175 2850 2246 φύσεως,
2883 2175 3003 2237 πῶς
3028 2175 3150 2244 οὐχὶ
3185 2174 3324 2245 πρὸς
3359 2176 3537 2227 ἐκεῖνο
3567 2173 3627 2225 τὸ
3663 2174 3797 2243 φρό-

2204 2289 2354 2343 νημα
2404 2269 2894 2341 ὑπενεχθήσονται,
2961 2270 3098 2337 πρὸς
3151 2268 3179 2321 ὃ
3236 2267 3329 2321 καὶ
3386 2270 3414 2320 6
3460 2268 3644 2338 ἄρχων
3692 2270 3796 2337 τὴν

2207 2363 2383 2435 ῥοπὴν
2412 2363 2526 2433 ἔχει
2550 2379 2566 2429 ;

2282 2647 2510 2713 Ἔλεγον
2550 2641 2647 2697 καὶ
2681 2640 2857 2696 ταῦτα
2880 2658 2893 2670 ·
2971 2641 3174 2695 Ἐννὸει
3221 2660 3312 2713 μοι
3370 2642 3461 2695 τὸν
3495 2641 3647 2712 ἣλιον
3685 2643 3783 2693 καὶ

2206 2740 2332 2801 τοὺς
2356 2739 2616 2807 ἀστέρας,
2637 2736 2732 2789 καὶ
2760 2737 2842 2788 ὅτι
2877 2736 3069 2806 ἀστέρι
3097 2737 3195 2804 μὲν
3218 2735 3623 2804 ὑποδραμόντος
3647 2736 3795 2798 τινος

2209 2831 2573 2896 σκιάσματος,
2624 2826 2778 2879 οὐδὲν
2834 2826 2893 2878 τὸ
2950 2827 3269 2893 γινόμενον·
3331 2825 3482 2895 ἡλίου
3525 2826 3579 2877 δὲ
3635 2826 3797 2878 τοῦτο

2208 2922 2491 2987 παθόντος,
2522 2919 2943 2991 σκυθρωπάζειν
2987 2920 3200 2987 ἀνάγκη
3228 2920 3319 2971 τὸν
3349 2920 3577 2988 κόσμον.
3619 2919 3797 2983 Πρεσ-

2207 3013 2420 3066 ετίθουν
2470 3012 2565 3064 καὶ
2632 3010 2715 3063 ὅτι
2775 3010 2881 3062 τῶν
2934 3009 3139 3063 λοιπῶν
3168 3010 3267 3062 τοῦ
3312 3010 3561 3080 σώματος
3614 3010 3799 3079 μελὼν

2215 3104 2624 3177 ρυπανθέντων,
2668 3103 2700 3171 ἦ
2733 3102 2991 3156 λανθάνει
3024 3106 3050 3155 6
3079 3102 3272 3173 ῥύπος,
3317 3103 3480 3174 ῆκᾶν
3536 3105 3609 3173 μὴ
3670 3103 3801 3155 λαν-

2206 3197 2364 3269 θάνῃ,
2420 3195 2572 3247 οὐδὲν
2609 3197 2753 3263 μέγα
2799 3197 2880 3255 εὶς
2916 3194 3217 3264 αίσχύνηψ
3273 3195 3366 3247 τοῦ
3408 3196 3463 3247 δὲ
3498 3195 3795 3263 προσώπου

2201 3289 2603 3360 ὲῤῥυπωμένου
2656 3288 3048 3357 τυγχάνοντος,
3113 3289 3267 3341 οὐδὲν
3318 3290 3631 3360 εὑρίσκεται
3695 3293 3795 3359 τῆς

2202 3382 2465 3451 αἰσχύνης
2484 3379 2862 3450 παραμύθιον.
2897 3381 3202 3451 Πρόσωπον
3231 3376 3396 3450 εἷτῆς
3424 3382 3666 3452 μεγάλης
3695 3383 3794 3436 τοῦ

2204 3475 2340 3528 Θεοῦ
2355 3475 2743 3545 κληρονομίας,
2765 3476 2964 3543 μᾶλλον
2978 3474 3033 3527 δὲ
3049 3476 3260 3546 κορυφή
3284 3490 3297 3503 ·
3336 3477 3410 3546 μὴ
3430 3478 3490 3530 τὸ
3520 3479 3675 3548 σῶμα
3694 3480 3796 3533 τοῦ

2210 3566 2451 3636 Χριστοῦ
2483 3567 2885 3639 καταισχύνῃς,
2937 3569 3032 3619 xa‘t
3061 3570 3295 3639 ποιήσῃς
3328 3571 3421 3622 καὶ
3482 3574 3632 3640 παρὰ
3680 3576 3797 3634 τοῖς

2205 3660 2457 3723 ἀπίστοις
2486 3660 2871 3731 αἰσχύνεσθαι,
2904 3660 2994 3712 διά
3050 3660 3145 3714 τοῦ
3179 3662 3321 3714 κατὰ
3353 3662 3453 3731 τῆς
3509 3664 3607 3729 σῆς
3636 3665 3798 3730 ἰόξης

2204 3752 2300 3804 καὶ
2322 3753 2656 3822 σεμνότητος
2687 3755 2944 3822 ἀφορμὴν
2976 3752 3162 3815 αὐτοῖς
3192 3756 3502 3822 παρασχεῖν
3544 3757 3796 3824 πονηρᾶς

2214 3845 2554 3916 ἐπιλήψεως.
2593 3847 2819 3914 Ἔλεγον
2850 3847 3025 3899 ταῦτα
3068 3848 3162 3898 καὶ
3189 3847 3415 3899 πλεῖστα
3443 3848 3626 3917 ἕτερα,
3651 3841 3727 3901 ὧν
3762 3849 3795 3917 η

2208 3939 2397 4008 μνήμη
2450 3940 2543 3990 καὶ
2574 3938 2870 4007 πρόσθεσις
2916 3941 3181 4009 περιττή’
3233 3939 3371 4010 πλὴν
3403 3939 3609 4005 ἔλεγον,
3639 3941 3798 3992 ἐδυσ-

2204 4031 2415 4103 ώπουν,
2470 4029 2739 4083 ἱκέτευον.
2798 4028 2908 4081 Καὶ
2942 4029 3177 4099 ἐπείπερ
3208 4030 3399 4099 ἑώρων
3429 4032 3557 4092 τοὺς
3595 4030 3797 4096 λόγους

2204 4125 2431 4183 τούτους
2465 4121 2818 4191 ἡττωμένους
2854 4121 2955 4190 τῆς
2988 4122 3199 4174 ἐκείνου
3227 4123 3570 4192 βουλήσεως,
3604 4124 3797 4191 ἐστρε-

2210 4213 2396 4282 φόμην
2435 4212 2521 4281 ἐφ’
2559 4213 2728 4280 ἕτερα
2756 4210 2983 4263 τοιαῦτα
3015 4212 3192 4279 λέγων
3229 4229 3246 4245 ο
3297 4214 3583 4283 Ἐπείπερ,
3615 4206 3659 4265 ὦ
3694 4213 3795 4280 βα-

2206 4302 2358 4356 σιλεῦ
2407 4304 2502 4356 καὶ
2565 4304 2775 4367 τέκνον,
2837 4303 2987 4368 ἅπαξ
3014 4307 3091 4375 τῷ
3139 4305 3331 4377 κράτει
3393 4322 3485 4358 σου
3522 4304 3666 4369 ἔδοξε
3695 4306 3797 4358 καὶ

2205 4393 2446 4463 τετάρτῃ
2500 4394 2724 4460 γυναικὶ
2756 4395 3056 4464 συνῆφθαι,
3102 4397 3197 4450 καὶ
3241 4399 3340 4450 οὐκ
3392 4398 3688 4471 ἀναλογίζῃ
3730 4400 3795 4451 τὸ

516 4487 695 4542 amico
747 4504 965 4545 summo
1012 4494 1219 4548 amoris
1267 4493 1462 4550 aﬂectu
1518 4504 1570 4550 te
1611 4497 1873 4567 diligente
1926 4500 2097 4555 hocce

2207 4485 2429 4548 ἄτοπον,
2477 4483 2627 4550 δέξαι
2674 4485 2834 4555 φίλου
2871 4488 2968 4539 καὶ
3003 4488 3215 4558 πατρὸς
3270 4488 3700 4559 ὑπερφιλοῦντός
3730 4507 3790 4541 σε

516 4579 806 4636 consilium
844 4600 860 4637 :
895 4585 1109 4653 Coniux
1152 4588 1406 4655 privatim
1440 4589 1599 4658 degat
1628 4605 1806 4659 neque
1844 4606 1969 4645 cum
2004 4600 2093 4645 tua

518 4667 807 4734 majestate
876 4687 1295 4743 commoretur,
1366 4689 1421 4734 et
1486 4681 1825 4736 advocentur
1896 4683 2095 4738 veteris

520 4759 708 4816 Romae
740 4765 1083 4839 aliarumque
1145 4770 1537 4852 pontiﬁcalium
1589 4773 1798 4828 sodium
1832 4775 2095 4843 praesules

521 4859 576 4906 et
604 4853 695 4908 alii
728 4856 822 4925 qui
863 4860 1160 4929 episcopali
1191 4861 1456 4933 dignitate
1505 4864 1748 4924 eminent
1794 4876 1849 4921 et
1879 4869 2092 4922 muneri

515 4944 839 5002 sacerdotali
892 4950 1063 5008 decus
1116 4954 1494 5025 honoremque
1545 4954 1800 5022 aﬂ'erunt,
1857 4972 2091 5026 quorum

518 5046 973 5115 congregatorum
1001 5041 1210 5109 judicio
1246 5058 1313 5100 ac
1355 5047 1650 5112 sententia,
1702 5048 1960 5114 quoniam
1998 5048 2092 5102 tibi

518 5124 600 5178 sic
631 5126 865 5195 videtur,
925 5128 1160 5187 fortasse
1206 5132 1339 5187 illud
1369 5135 1515 5203 quod
1548 5136 1684 5203 petis
1716 5145 1889 5189 ratum
1925 5138 2093 5191 habe-

517 5217 683 5283 bitur,
735 5220 779 5275 si
833 5221 1090 5276 nimirum
1146 5224 1254 5278 bac
1283 5226 1596 5282 calamitate
1630 5244 1749 5289 non
1803 5229 2094 5283 inducatur

520 5309 624 5363 alia
659 5313 830 5367 multo
885 5316 1127 5385 gravior,
1179 5316 1437 5372 Ecclesiae
1489 5319 1696 5374 scilicet
1730 5321 2090 5390 perturbatio,

517 5414 679 5467 quam
714 5406 1000 5478 hucusque
1031 5424 1252 5464 summo
1281 5426 1405 5465 eum
1455 5412 1643 5481 vigore
1691 5429 1756 5467 ac
1806 5413 2092 5482 prudentia

521 5501 858 5561 compescuit
914 5502 1173 5557 Ecclesia:
1224 5502 1563 5571 praedicatio,
1615 5504 1688 5556 ita
1750 5515 1809 5557 ut
1857 5520 1981 5575 spes
2024 5507 2095 5558 sit

520 5581 636 5637 fore
668 5598 747 5649 ut,
800 5605 923 5658 post
967 5596 1234 5664 synodum
1269 5596 1530 5662 habitam,
1589 5596 1897 5650 interdictio
1948 5597 2093 5652 illius

520 5675 667 5743 pravi
724 5677 1101 5751 illegitimique
1176 5687 1508 5741 matrimonii
1582 5688 1902 5755 accipiatur.
1987 5686 2091 5742 Sed

518 5771 701 5825 oniria
735 5787 856 5846 quae
887 5772 1019 5841 dixi,
1072 5779 1227 5835 irrita
1266 5795 1541 5848 mansere,
1598 5780 1724 5853 quia
1754 5781 1960 5836 amoris
1991 5781 2091 5835 im-

2202 4574 2341 4637 τέως
2389 4574 2526 4644 γοῦν
2593 4576 2801 4646 ταύτην
2852 4580 2954 4648 τὴν
3012 4580 3359 4652 συμϐουλήνο
3432 4581 3793 4651 ἐστωὴγυνη

2208 4669 2355 4732 ἰδίως
2396 4668 2664 4736 διάγουσα
2715 4670 2809 4721 καὶ
2847 4670 2920 4740 μὴ
2950 4670 3286 4724 συνοικοῦσα
3335 4670 3413 4739 τῷ
3448 4672 3641 4744 κράτει
3668 4686 3788 4732 σου,

2204 4762 2299 4814 καὶ
2333 4759 2847 4831 προσκληοήτωσαν
2869 4763 2969 4831 τῆς
3017 4779 3076 4814 τε
3124 4761 3502 4832 πρεσϐυτέρας
3542 4763 3791 4830 Ῥώμης,

2203 4853 2297 4907 καὶ
2342 4852 2451 4906 τῶν
2498 4852 2674 4905 ἄλλων
2715 4854 3123 4925 ἀρχιερατικῶν
3176 4854 3383 4925 θρόνων
3449 4854 3663 4924 ἄνδρες.
3694 4855 3794 4907 καὶ

2202 4944 2591 5017 αρχιερωσύνῃ
2631 4945 3010 5015 τετιμημένοι,
3042 4946 3276 5008 καὶτοῖς
3333 4944 3515 5009 ἄλλοις
3575 4939 3658 5007 οἷς
3704 4962 3796 4998 σε-

2206 5036 2894 5108 μνύνεταιὰρχιερωσύνῃ,
2941 5041 3038 5089 καὶ
3094 5037 3192 5089 σὺν
3246 5036 3433 5097 αὐτοῖς
3482 5036 3794 5104 ἑνουμένων

2202 5131 2354 5200 κοινῇ
2405 5129 2683 5196 ἐπικρίσει
2707 5130 2801 5180 καὶ
2835 5127 3054 5197 γνώμῃ,
3098 5130 3331 5200 ἐπείπερ
3351 5128 3509 5182 τοῦτω
3542 5144 3624 5180 σοι
3655 5145 3792 5191 παρα

2206 5222 2418 5274 ίσταται
2451 5263 2467 5287 ,
2500 5223 2631 5283 ἴσως
2677 5221 2891 5289 γίνεται
2942 5222 3001 5274 τὸ
3034 5222 3398 5293 ζητούμενον
3446 5222 3494 5273 εί
3521 5220 3599 5289 τῷ
3630 5220 3792 5289 κακῷ

2198 5313 2373 5382 τούτῳ
2422 5312 2497 5381 μὴ
2549 5312 2833 5384 συνδράμῃ
2866 5314 2960 5366 καὶ
3014 5316 3198 5385 χεῖρον
3235 5313 3365 5365 ἄλλο
3412 5311 3515 5381 τῆς
3561 5311 3790 5377 Ἐκκληο

2202 5406 2323 5466 σίας
2352 5407 2380 5458 6
2409 5407 2669 5474 τάραχος.
2706 5406 2890 5458 Ταῦτα
2913 5405 2967 5459 δὲ
2989 5408 3051 5457 τ’)
3088 5406 3324 5476 σφοδρὸν
3359 5407 3470 5476 τῆς
3509 5404 3653 5456 κατὰ.
3682 5402 3787 5471 τῆς

2214 5496 2543 5565 Ἐκκλησίας
2585 5497 2761 5567 ὁρμῆς
2783 5499 3106 5566 ἀνακρούων
3130 5499 3157 5550 6
3186 5498 3365 5564 λόγος,
3421 5496 3563 5557 τέως
3587 5498 3785 5565 διῳκο-

2201 5588 2619 5656 νὸμει,ίὲλπίδος
2650 5587 2815 5659 οὔσης
2837 5589 2912 5652 ὼς
2943 5590 3155 5652 πάντως
3194 5589 3531 5657 τελουμένης
3564 5587 3783 5640 συνόδου

2200 5682 2581 5752 αἱδεσθήσεται
2615 5682 2824 5751 ταύτης
2876 5683 2976 5751 τὴν
3013 5683 3392 5751 ἀπαγόρευσιν
3446 5681 3547 5750 τῆς
3581 5680 3784 5732 ἀτόπου

2204 5778 2296 5831 καὶ
2327 5773 2595 5846 ἀθέσμου
2623 5772 2947 5839 συζεύξεως.
3015 5775 3156 5829 Ἀλλ’
3209 5770 3278 5846 ἦν
3313 5774 3488 5841 πάντα
3532 5772 3691 5853 meo?
3716 5770 3784 5823 τά
