  <div class='ocr_page' id='page_1' title='image "/cluster/home/n/w/nwhite01/storage/ocr_20150623/111/hvd.32044073502288/106.png"; bbox 0 0 4038 6204; ppageno 0'>
   <div class='ocr_carea' id='block_1_1' title="bbox 290 305 1864 370">
    <p class='ocr_par' dir='ltr' id='par_1_1' title="bbox 290 305 1864 370">
     <span class='ocr_line' id='line_1_1' title="bbox 290 305 1864 370; baseline -0.001 -3"><span class='ocrx_word' id='word_1_1' title='bbox 290 305 380 370; x_wconf 73' lang='grc' dir='ltr'>Ξθί</span> <span class='ocrx_word' id='word_1_2' title='bbox 626 334 636 342; x_wconf 68' lang='grc' dir='ltr'><strong>ν</strong></span> <span class='ocrx_word' id='word_1_3' title='bbox 1743 306 1864 365; x_wconf 83' lang='lat' dir='ltr'><strong>EPl</strong></span> 
     </span>
    </p>
   </div>
   <div class='ocr_carea' id='block_1_2' title="bbox 1969 305 2156 370">
    <p class='ocr_par' dir='ltr' id='par_1_2' title="bbox 1969 306 2156 367">
     <span class='ocr_line' id='line_1_2' title="bbox 1969 306 2156 367; baseline 0.005 -1"><span class='ocrx_word' id='word_1_4' title='bbox 1969 306 2156 367; x_wconf 70' lang='lat' dir='ltr'><strong>OLIE.</strong></span> 
     </span>
    </p>
   </div>
   <div class='ocr_carea' id='block_1_3' title="bbox 3435 316 3540 377">
    <p class='ocr_par' dir='ltr' id='par_1_3' title="bbox 3435 316 3540 377">
     <span class='ocr_line' id='line_1_3' title="bbox 3435 316 3540 377; baseline 0.01 -1"><span class='ocrx_word' id='word_1_5' title='bbox 3435 316 3540 377; x_wconf 72' lang='lat'><strong>202</strong></span> 
     </span>
    </p>
   </div>
   <div class='ocr_carea' id='block_1_4' title="bbox 291 414 1864 499">
    <p class='ocr_par' dir='ltr' id='par_1_4' title="bbox 291 423 1848 495">
     <span class='ocr_line' id='line_1_4' title="bbox 291 423 1848 495; baseline -0.002 -14"><span class='ocrx_word' id='word_1_6' title='bbox 291 423 611 495; x_wconf 76' lang='grc' dir='ltr'><strong>λαλούμενα,</strong></span> <span class='ocrx_word' id='word_1_7' title='bbox 639 423 738 493; x_wconf 77' lang='grc' dir='ltr'>τὴν</span> <span class='ocrx_word' id='word_1_8' title='bbox 774 424 881 492; x_wconf 67' lang='grc' dir='ltr'><strong>γὰρ</strong></span> <span class='ocrx_word' id='word_1_9' title='bbox 904 424 1074 492; x_wconf 72' lang='grc' dir='ltr'>ἀκοὴν</span> <span class='ocrx_word' id='word_1_10' title='bbox 1114 423 1406 477; x_wconf 82' lang='grc' dir='ltr'>ἀπέκλεισε</span> <span class='ocrx_word' id='word_1_11' title='bbox 1441 425 1600 489; x_wconf 78' lang='grc' dir='ltr'>πᾶσι,</span> <span class='ocrx_word' id='word_1_12' title='bbox 1645 424 1848 494; x_wconf 79' lang='grc' dir='ltr'>μᾶλλον</span> 
     </span>
    </p>
   </div>
   <div class='ocr_carea' id='block_1_5' title="bbox 1969 414 3537 499">
    <p class='ocr_par' dir='ltr' id='par_1_5' title="bbox 1969 414 3537 499">
     <span class='ocr_line' id='line_1_5' title="bbox 1969 414 3537 499; baseline 0.004 -22"><span class='ocrx_word' id='word_1_13' title='bbox 1969 431 2117 492; x_wconf 66' lang='lat' dir='ltr'><strong>pctus</strong></span> <span class='ocrx_word' id='word_1_14' title='bbox 2146 438 2329 486; x_wconf 89' lang='lat' dir='ltr'><strong>aures,</strong></span> <span class='ocrx_word' id='word_1_15' title='bbox 2378 423 2459 478; x_wconf 84' lang='lat' dir='ltr'><strong>vel</strong></span> <span class='ocrx_word' id='word_1_16' title='bbox 2494 423 2674 493; x_wconf 87' lang='lat' dir='ltr'><strong>potius</strong></span> <span class='ocrx_word' id='word_1_17' title='bbox 2704 423 2947 479; x_wconf 90' lang='lat' dir='ltr'><strong>animum</strong></span> <span class='ocrx_word' id='word_1_18' title='bbox 2991 425 3137 481; x_wconf 87' lang='lat' dir='ltr'><strong>illius</strong></span> <span class='ocrx_word' id='word_1_19' title='bbox 3164 414 3537 499; x_wconf 78' lang='lat' dir='ltr'><strong>obstruxerat,</strong></span> 
     </span>
    </p>
   </div>
   <div class='ocr_carea' id='block_1_6' title="bbox 289 516 1861 588">
    <p class='ocr_par' dir='ltr' id='par_1_6' title="bbox 289 516 1861 588">
     <span class='ocr_line' id='line_1_6' title="bbox 289 516 1861 588; baseline -0.001 -15"><span class='ocrx_word' id='word_1_20' title='bbox 289 521 342 573; x_wconf 74' lang='grc' dir='ltr'>δὲ</span> <span class='ocrx_word' id='word_1_21' title='bbox 368 516 473 588; x_wconf 79' lang='grc' dir='ltr'>πρὸ</span> <span class='ocrx_word' id='word_1_22' title='bbox 510 516 611 587; x_wconf 82' lang='grc' dir='ltr'>τῆς</span> <span class='ocrx_word' id='word_1_23' title='bbox 637 517 809 586; x_wconf 76' lang='grc' dir='ltr'>ἀκοῆς</span> <span class='ocrx_word' id='word_1_24' title='bbox 842 516 939 585; x_wconf 81' lang='grc' dir='ltr'>τὴν</span> <span class='ocrx_word' id='word_1_25' title='bbox 976 516 1203 583; x_wconf 68' lang='grc' dir='ltr'>καρδίαν</span> <span class='ocrx_word' id='word_1_26' title='bbox 1234 520 1265 586; x_wconf 76' lang='grc' dir='ltr'>ἡ</span> <span class='ocrx_word' id='word_1_27' title='bbox 1310 517 1446 587; x_wconf 69' lang='grc' dir='ltr'>πρὸς</span> <span class='ocrx_word' id='word_1_28' title='bbox 1469 518 1569 585; x_wconf 73' lang='grc' dir='ltr'>τὴν</span> <span class='ocrx_word' id='word_1_29' title='bbox 1626 523 1861 584; x_wconf 71' lang='grc' dir='ltr'>γυναῖκα</span> 
     </span>
    </p>
   </div>
   <div class='ocr_carea' id='block_1_7' title="bbox 288 605 1863 680">
    <p class='ocr_par' dir='ltr' id='par_1_7' title="bbox 288 605 1863 680">
     <span class='ocr_line' id='line_1_7' title="bbox 288 605 1863 680; baseline -0.001 -18"><span class='ocrx_word' id='word_1_30' title='bbox 288 608 445 680; x_wconf 69' lang='grc' dir='ltr'>ῥοπὴ,</span> <span class='ocrx_word' id='word_1_31' title='bbox 488 605 587 660; x_wconf 78' lang='grc' dir='ltr'>καὶ</span> <span class='ocrx_word' id='word_1_32' title='bbox 641 608 848 678; x_wconf 73' lang='grc' dir='ltr'>ταύτης</span> <span class='ocrx_word' id='word_1_33' title='bbox 891 609 1047 676; x_wconf 74' lang='grc' dir='ltr'>ἔλεγε</span> <span class='ocrx_word' id='word_1_34' title='bbox 1080 608 1156 677; x_wconf 77' lang='grc' dir='ltr'>μὴ</span> <span class='ocrx_word' id='word_1_35' title='bbox 1184 610 1267 661; x_wconf 78' lang='grc' dir='ltr'>ὅτι</span> <span class='ocrx_word' id='word_1_36' title='bbox 1312 624 1376 674; x_wconf 89' lang='grc' dir='ltr'><strong>γε</strong></span> <span class='ocrx_word' id='word_1_37' title='bbox 1411 607 1574 677; x_wconf 85' lang='grc' dir='ltr'>μέχρι</span> <span class='ocrx_word' id='word_1_38' title='bbox 1609 607 1863 661; x_wconf 80' lang='grc' dir='ltr'>συνελεύ-</span> 
     </span>
    </p>
   </div>
   <div class='ocr_carea' id='block_1_8' title="bbox 289 699 1861 771">
    <p class='ocr_par' dir='ltr' id='par_1_8' title="bbox 289 699 1861 771">
     <span class='ocr_line' id='line_1_8' title="bbox 289 699 1861 771; baseline -0.001 -18"><span class='ocrx_word' id='word_1_39' title='bbox 289 717 417 764; x_wconf 87' lang='grc' dir='ltr'>σεως</span> <span class='ocrx_word' id='word_1_40' title='bbox 478 699 790 770; x_wconf 82' lang='grc' dir='ltr'>συνοδικῆς,</span> <span class='ocrx_word' id='word_1_41' title='bbox 873 701 987 755; x_wconf 77' lang='grc' dir='ltr'>ἀλλ’</span> <span class='ocrx_word' id='word_1_42' title='bbox 1050 700 1181 753; x_wconf 73' lang='grc' dir='ltr'>αὖδὲ</span> <span class='ocrx_word' id='word_1_43' title='bbox 1269 701 1368 770; x_wconf 83' lang='grc' dir='ltr'><strong>μιᾷ</strong></span> <span class='ocrx_word' id='word_1_44' title='bbox 1435 699 1861 771; x_wconf 75' lang='grc' dir='ltr'><strong>διαχωρίζεσθαι</strong></span> 
     </span>
    </p>
   </div>
   <div class='ocr_carea' id='block_1_9' title="bbox 286 785 1860 862">
    <p class='ocr_par' dir='ltr' id='par_1_9' title="bbox 286 785 1860 862">
     <span class='ocr_line' id='line_1_9' title="bbox 286 785 1860 862; baseline 0.003 -22"><span class='ocrx_word' id='word_1_45' title='bbox 286 788 488 859; x_wconf 73' lang='grc' dir='ltr'>ἡμέρᾳ,</span> <span class='ocrx_word' id='word_1_46' title='bbox 571 788 690 843; x_wconf 79' lang='grc' dir='ltr'>ἀλλ’</span> <span class='ocrx_word' id='word_1_47' title='bbox 768 785 913 843; x_wconf 78' lang='grc' dir='ltr'>εῖναι</span> <span class='ocrx_word' id='word_1_48' title='bbox 994 793 1092 845; x_wconf 82' lang='grc' dir='ltr'>σὺν</span> <span class='ocrx_word' id='word_1_49' title='bbox 1154 790 1305 862; x_wconf 80' lang='grc' dir='ltr'>αὐτῷ</span> <span class='ocrx_word' id='word_1_50' title='bbox 1384 789 1587 861; x_wconf 85' lang='grc' dir='ltr'>ταύτην</span> <span class='ocrx_word' id='word_1_51' title='bbox 1646 788 1737 844; x_wconf 78' lang='grc' dir='ltr'>οἷα</span> <span class='ocrx_word' id='word_1_52' title='bbox 1794 790 1860 861; x_wconf 85' lang='grc' dir='ltr'>δὴ</span> 
     </span>
    </p>
   </div>
   <div class='ocr_carea' id='block_1_10' title="bbox 286 880 1861 953">
    <p class='ocr_par' dir='ltr' id='par_1_10' title="bbox 286 880 1861 953">
     <span class='ocr_line' id='line_1_10' title="bbox 286 880 1861 953; baseline 0.003 -19"><span class='ocrx_word' id='word_1_53' title='bbox 286 880 529 952; x_wconf 79' lang='grc' dir='ltr'>γαμετὴν</span> <span class='ocrx_word' id='word_1_54' title='bbox 585 881 823 952; x_wconf 80' lang='grc' dir='ltr'>γνησίαν</span> <span class='ocrx_word' id='word_1_55' title='bbox 866 884 960 936; x_wconf 81' lang='grc' dir='ltr'>καὶ</span> <span class='ocrx_word' id='word_1_56' title='bbox 988 882 1316 953; x_wconf 77' lang='grc' dir='ltr'><strong>τιμωμένην</strong></span> <span class='ocrx_word' id='word_1_57' title='bbox 1347 882 1423 946; x_wconf 88' lang='grc' dir='ltr'><strong>ώς</strong></span> <span class='ocrx_word' id='word_1_58' title='bbox 1457 882 1729 953; x_wconf 74' lang='grc' dir='ltr'><strong>βασιλίδα,</strong></span> <span class='ocrx_word' id='word_1_59' title='bbox 1763 886 1861 938; x_wconf 76' lang='grc' dir='ltr'>καὶ</span> 
     </span>
    </p>
   </div>
   <div class='ocr_carea' id='block_1_11' title="bbox 283 971 1861 1046">
    <p class='ocr_par' dir='ltr' id='par_1_11' title="bbox 283 971 1861 1046">
     <span class='ocr_line' id='line_1_11' title="bbox 283 971 1861 1046; baseline 0.001 -20"><span class='ocrx_word' id='word_1_60' title='bbox 283 973 499 1028; x_wconf 73' lang='grc' dir='ltr'>ἐπειδὰν</span> <span class='ocrx_word' id='word_1_61' title='bbox 546 975 580 1045; x_wconf 80' lang='grc' dir='ltr'><strong>ἡ</strong></span> <span class='ocrx_word' id='word_1_62' title='bbox 613 971 832 1038; x_wconf 79' lang='grc' dir='ltr'><strong>σύνοδος</strong></span> <span class='ocrx_word' id='word_1_63' title='bbox 896 974 1124 1046; x_wconf 77' lang='grc' dir='ltr'>τελεσθῇ</span> <span class='ocrx_word' id='word_1_64' title='bbox 1176 974 1449 1045; x_wconf 81' lang='grc' dir='ltr'><strong>κυρώσειν</strong></span> <span class='ocrx_word' id='word_1_65' title='bbox 1489 974 1639 1046; x_wconf 79' lang='grc' dir='ltr'>αὐτῷ</span> <span class='ocrx_word' id='word_1_66' title='bbox 1686 980 1752 1029; x_wconf 59' lang='grc' dir='ltr'>τε</span> <span class='ocrx_word' id='word_1_67' title='bbox 1782 976 1861 1027; x_wconf 85' lang='grc' dir='ltr'>δο-</span> 
     </span>
    </p>
   </div>
   <div class='ocr_carea' id='block_1_12' title="bbox 283 1068 495 1123">
    <p class='ocr_par' dir='ltr' id='par_1_12' title="bbox 283 1068 495 1123">
     <span class='ocr_line' id='line_1_12' title="bbox 283 1068 495 1123; baseline -0.005 -2"><span class='ocrx_word' id='word_1_68' title='bbox 283 1068 495 1123; x_wconf 78' lang='grc' dir='ltr'>κοῦντα.</span> 
     </span>
    </p>
   </div>
   <div class='ocr_carea' id='block_1_13' title="bbox 352 1156 1859 1232">
    <p class='ocr_par' dir='ltr' id='par_1_13' title="bbox 352 1156 1859 1232">
     <span class='ocr_line' id='line_1_13' title="bbox 352 1156 1859 1232; baseline -0.001 -20"><span class='ocrx_word' id='word_1_69' title='bbox 352 1161 693 1230; x_wconf 78' lang='grc' dir='ltr'>Παρῆσανοὶ</span> <span class='ocrx_word' id='word_1_70' title='bbox 726 1161 827 1232; x_wconf 83' lang='grc' dir='ltr'>τῆς</span> <span class='ocrx_word' id='word_1_71' title='bbox 864 1156 1247 1232; x_wconf 73' lang='grc' dir='ltr'>πρεσῦυτέρας</span> <span class='ocrx_word' id='word_1_72' title='bbox 1285 1158 1509 1230; x_wconf 81' lang='grc' dir='ltr'><strong>Ῥώμης</strong></span> <span class='ocrx_word' id='word_1_73' title='bbox 1554 1159 1696 1227; x_wconf 85' lang='grc' dir='ltr'>μετὰ</span> <span class='ocrx_word' id='word_1_74' title='bbox 1714 1161 1859 1229; x_wconf 77' lang='grc' dir='ltr'>μῆνα</span> 
     </span>
    </p>
   </div>
   <div class='ocr_carea' id='block_1_14' title="bbox 282 1252 1860 1324">
    <p class='ocr_par' dir='ltr' id='par_1_14' title="bbox 282 1252 1860 1324">
     <span class='ocr_line' id='line_1_14' title="bbox 282 1252 1860 1324; baseline 0 -20"><span class='ocrx_word' id='word_1_75' title='bbox 282 1253 462 1319; x_wconf 78' lang='grc' dir='ltr'>ὃγδοον</span> <span class='ocrx_word' id='word_1_76' title='bbox 494 1252 528 1323; x_wconf 80' lang='grc' dir='ltr'>ἢ</span> <span class='ocrx_word' id='word_1_77' title='bbox 555 1252 776 1307; x_wconf 79' lang='grc' dir='ltr'>ἔννατον</span> <span class='ocrx_word' id='word_1_78' title='bbox 826 1255 925 1324; x_wconf 83' lang='grc' dir='ltr'>τῆς</span> <span class='ocrx_word' id='word_1_79' title='bbox 990 1254 1290 1323; x_wconf 80' lang='grc' dir='ltr'>συναφείας</span> <span class='ocrx_word' id='word_1_80' title='bbox 1316 1252 1417 1323; x_wconf 81' lang='grc' dir='ltr'>τῆς</span> <span class='ocrx_word' id='word_1_81' title='bbox 1441 1252 1725 1319; x_wconf 72' lang='grc' dir='ltr'>γυναικὸς,</span> <span class='ocrx_word' id='word_1_82' title='bbox 1764 1253 1860 1306; x_wconf 80' lang='grc' dir='ltr'>καὶ</span> 
     </span>
    </p>
   </div>
   <div class='ocr_carea' id='block_1_15' title="bbox 281 1346 1858 1419">
    <p class='ocr_par' dir='ltr' id='par_1_15' title="bbox 281 1346 1858 1419">
     <span class='ocr_line' id='line_1_15' title="bbox 281 1346 1858 1419; baseline -0.001 -19"><span class='ocrx_word' id='word_1_83' title='bbox 281 1348 337 1400; x_wconf 74' lang='lat' dir='ltr'><strong>rb</strong></span> <span class='ocrx_word' id='word_1_84' title='bbox 367 1350 602 1419; x_wconf 79' lang='grc' dir='ltr'>πρᾶγμα</span> <span class='ocrx_word' id='word_1_85' title='bbox 627 1346 948 1419; x_wconf 80' lang='grc' dir='ltr'>ὑπέρδεινον</span> <span class='ocrx_word' id='word_1_86' title='bbox 989 1350 1138 1419; x_wconf 85' lang='grc' dir='ltr'>πάσῃ</span> <span class='ocrx_word' id='word_1_87' title='bbox 1168 1351 1232 1418; x_wconf 83' lang='grc' dir='ltr'><strong>τῇ</strong></span> <span class='ocrx_word' id='word_1_88' title='bbox 1266 1348 1390 1401; x_wconf 86' lang='grc' dir='ltr'>καθ’</span> <span class='ocrx_word' id='word_1_89' title='bbox 1419 1348 1568 1418; x_wconf 75' lang='grc' dir='ltr'>ἡμᾶς</span> <span class='ocrx_word' id='word_1_90' title='bbox 1626 1346 1858 1415; x_wconf 79' lang='grc' dir='ltr'>Ἐκκλη-</span> 
     </span>
    </p>
   </div>
   <div class='ocr_carea' id='block_1_16' title="bbox 282 1439 1857 1512">
    <p class='ocr_par' dir='ltr' id='par_1_16' title="bbox 282 1439 1857 1512">
     <span class='ocr_line' id='line_1_16' title="bbox 282 1439 1857 1512; baseline 0.001 -21"><span class='ocrx_word' id='word_1_91' title='bbox 282 1440 389 1507; x_wconf 59' lang='grc' dir='ltr'>σία.</span> <span class='ocrx_word' id='word_1_92' title='bbox 428 1440 865 1510; x_wconf 76' lang='grc' dir='ltr'>Προπεςρήμιστο</span> <span class='ocrx_word' id='word_1_93' title='bbox 898 1441 1006 1512; x_wconf 73' lang='grc' dir='ltr'><strong>γὰρ</strong></span> <span class='ocrx_word' id='word_1_94' title='bbox 1030 1442 1122 1494; x_wconf 80' lang='grc' dir='ltr'><strong>ὑπ’</strong></span> <span class='ocrx_word' id='word_1_95' title='bbox 1147 1439 1315 1494; x_wconf 81' lang='grc' dir='ltr'>αὐτοῦ</span> <span class='ocrx_word' id='word_1_96' title='bbox 1352 1440 1614 1510; x_wconf 79' lang='grc' dir='ltr'>βασιλέως</span> <span class='ocrx_word' id='word_1_97' title='bbox 1643 1439 1718 1502; x_wconf 90' lang='grc' dir='ltr'><strong>ώς</strong></span> <span class='ocrx_word' id='word_1_98' title='bbox 1734 1439 1857 1505; x_wconf 84' lang='grc' dir='ltr'>ἄγοι</span> 
     </span>
    </p>
   </div>
   <div class='ocr_carea' id='block_1_17' title="bbox 292 1529 1857 1603">
    <p class='ocr_par' dir='ltr' id='par_1_17' title="bbox 292 1529 1857 1603">
     <span class='ocr_line' id='line_1_17' title="bbox 292 1529 1857 1603; baseline 0 -20"><span class='ocrx_word' id='word_1_99' title='bbox 292 1529 596 1599; x_wconf 77' lang='grc' dir='ltr'>Ῥωμαίους</span> <span class='ocrx_word' id='word_1_100' title='bbox 625 1531 1025 1602; x_wconf 69' lang='grc' dir='ltr'><strong>ἐπιτρέψοντας</strong></span> <span class='ocrx_word' id='word_1_101' title='bbox 1059 1532 1209 1603; x_wconf 82' lang='grc' dir='ltr'>αὐτῷ</span> <span class='ocrx_word' id='word_1_102' title='bbox 1249 1530 1342 1585; x_wconf 81' lang='grc' dir='ltr'>τὸν</span> <span class='ocrx_word' id='word_1_103' title='bbox 1370 1532 1569 1600; x_wconf 84' lang='grc' dir='ltr'>γάμον.</span> <span class='ocrx_word' id='word_1_104' title='bbox 1608 1532 1719 1584; x_wconf 67' lang='grc' dir='ltr'><strong>Καὶ</strong></span> <span class='ocrx_word' id='word_1_105' title='bbox 1740 1532 1857 1595; x_wconf 84' lang='grc' dir='ltr'><strong>πῶς</strong></span> 
     </span>
    </p>
   </div>
   <div class='ocr_carea' id='block_1_18' title="bbox 278 1619 1857 1694">
    <p class='ocr_par' dir='ltr' id='par_1_18' title="bbox 278 1619 1857 1694">
     <span class='ocr_line' id='line_1_18' title="bbox 278 1619 1857 1694; baseline 0.001 -21"><span class='ocrx_word' id='word_1_106' title='bbox 278 1620 379 1689; x_wconf 74' lang='grc' dir='ltr'>γὰρ</span> <span class='ocrx_word' id='word_1_107' title='bbox 402 1619 501 1674; x_wconf 73' lang='grc' dir='ltr'>οὐκ</span> <span class='ocrx_word' id='word_1_108' title='bbox 537 1621 730 1691; x_wconf 75' lang='grc' dir='ltr'>ἔμελλε</span> <span class='ocrx_word' id='word_1_109' title='bbox 765 1623 974 1693; x_wconf 80' lang='grc' dir='ltr'>βαρέως</span> <span class='ocrx_word' id='word_1_110' title='bbox 1003 1623 1190 1694; x_wconf 83' lang='grc' dir='ltr'>φέρειν</span> <span class='ocrx_word' id='word_1_111' title='bbox 1221 1622 1400 1693; x_wconf 82' lang='grc' dir='ltr'>ήκαθ⁹</span> <span class='ocrx_word' id='word_1_112' title='bbox 1432 1624 1582 1693; x_wconf 74' lang='grc' dir='ltr'>ἡμᾶς</span> <span class='ocrx_word' id='word_1_113' title='bbox 1624 1622 1857 1693; x_wconf 83' lang='grc' dir='ltr'>Ἐκκλη-</span> 
     </span>
    </p>
   </div>
   <div class='ocr_carea' id='block_1_19' title="bbox 280 1714 1853 1785">
    <p class='ocr_par' dir='ltr' id='par_1_19' title="bbox 280 1714 1853 1785">
     <span class='ocr_line' id='line_1_19' title="bbox 280 1714 1853 1785; baseline 0.002 -21"><span class='ocrx_word' id='word_1_114' title='bbox 280 1714 366 1767; x_wconf 72' lang='grc' dir='ltr'><strong>σία</strong></span> <span class='ocrx_word' id='word_1_115' title='bbox 387 1714 597 1767; x_wconf 78' lang='grc' dir='ltr'>τούτων</span> <span class='ocrx_word' id='word_1_116' title='bbox 630 1714 724 1768; x_wconf 79' lang='grc' dir='ltr'><strong>ὑπ’</strong></span> <span class='ocrx_word' id='word_1_117' title='bbox 782 1716 951 1768; x_wconf 76' lang='grc' dir='ltr'>αὑτοῦ</span> <span class='ocrx_word' id='word_1_118' title='bbox 990 1714 1485 1785; x_wconf 77' lang='grc' dir='ltr'>ἀπερικαλύπτως’</span> <span class='ocrx_word' id='word_1_119' title='bbox 1518 1715 1853 1783; x_wconf 84' lang='grc' dir='ltr'>λεγομένων,</span> 
     </span>
    </p>
   </div>
   <div class='ocr_carea' id='block_1_20' title="bbox 1970 515 3542 595">
    <p class='ocr_par' dir='ltr' id='par_1_20' title="bbox 1970 515 3542 595">
     <span class='ocr_line' id='line_1_20' title="bbox 1970 515 3542 595; baseline 0.008 -28"><span class='ocrx_word' id='word_1_120' title='bbox 1970 530 2142 584; x_wconf 85' lang='lat' dir='ltr'><strong>quare</strong></span> <span class='ocrx_word' id='word_1_121' title='bbox 2171 515 2310 570; x_wconf 77' lang='lat' dir='ltr'><strong>dixit</strong></span> <span class='ocrx_word' id='word_1_122' title='bbox 2336 530 2460 571; x_wconf 87' lang='lat' dir='ltr'><strong>sese</strong></span> <span class='ocrx_word' id='word_1_123' title='bbox 2492 530 2597 570; x_wconf 90' lang='lat' dir='ltr'><strong>non</strong></span> <span class='ocrx_word' id='word_1_124' title='bbox 2630 517 2809 572; x_wconf 88' lang='lat' dir='ltr'><strong>solum</strong></span> <span class='ocrx_word' id='word_1_125' title='bbox 2866 533 2973 572; x_wconf 88' lang='lat' dir='ltr'><strong>non</strong></span> <span class='ocrx_word' id='word_1_126' title='bbox 3027 534 3203 587; x_wconf 87' lang='lat' dir='ltr'><strong>usque</strong></span> <span class='ocrx_word' id='word_1_127' title='bbox 3256 522 3321 575; x_wconf 88' lang='lat' dir='ltr'><strong>ad</strong></span> <span class='ocrx_word' id='word_1_128' title='bbox 3381 538 3542 595; x_wconf 86' lang='lat' dir='ltr'><strong>syno-</strong></span> 
     </span>
    </p>
   </div>
   <div class='ocr_carea' id='block_1_21' title="bbox 1970 602 3546 678">
    <p class='ocr_par' dir='ltr' id='par_1_21' title="bbox 1970 602 3546 678">
     <span class='ocr_line' id='line_1_21' title="bbox 1970 602 3546 678; baseline 0.009 -22"><span class='ocrx_word' id='word_1_129' title='bbox 1970 602 2101 656; x_wconf 89' lang='lat' dir='ltr'><strong>dum</strong></span> <span class='ocrx_word' id='word_1_130' title='bbox 2157 602 2494 670; x_wconf 88' lang='lat' dir='ltr'><strong>habendum,</strong></span> <span class='ocrx_word' id='word_1_131' title='bbox 2552 608 2647 661; x_wconf 88' lang='lat' dir='ltr'><strong>sed</strong></span> <span class='ocrx_word' id='word_1_132' title='bbox 2707 621 2778 661; x_wconf 90' lang='lat' dir='ltr'><strong>ne</strong></span> <span class='ocrx_word' id='word_1_133' title='bbox 2830 623 3000 662; x_wconf 91' lang='lat' dir='ltr'><strong>unum</strong></span> <span class='ocrx_word' id='word_1_134' title='bbox 3044 609 3265 678; x_wconf 81' lang='lat' dir='ltr'><strong>quidem</strong></span> <span class='ocrx_word' id='word_1_135' title='bbox 3303 611 3443 667; x_wconf 87' lang='lat' dir='ltr'><strong>diem</strong></span> <span class='ocrx_word' id='word_1_136' title='bbox 3474 615 3546 670; x_wconf 83' lang='lat' dir='ltr'><strong>ab</strong></span> 
     </span>
    </p>
   </div>
   <div class='ocr_carea' id='block_1_22' title="bbox 1970 692 3542 778">
    <p class='ocr_par' dir='ltr' id='par_1_22' title="bbox 1970 692 3542 778">
     <span class='ocr_line' id='line_1_22' title="bbox 1970 692 3542 778; baseline 0.012 -31"><span class='ocrx_word' id='word_1_137' title='bbox 1970 692 2058 749; x_wconf 88' lang='lat' dir='ltr'><strong>illa</strong></span> <span class='ocrx_word' id='word_1_138' title='bbox 2087 696 2221 751; x_wconf 88' lang='lat' dir='ltr'><strong>velle</strong></span> <span class='ocrx_word' id='word_1_139' title='bbox 2252 700 2518 767; x_wconf 87' lang='lat' dir='ltr'><strong>separari,</strong></span> <span class='ocrx_word' id='word_1_140' title='bbox 2564 700 2675 756; x_wconf 89' lang='lat' dir='ltr'><strong>imo</strong></span> <span class='ocrx_word' id='word_1_141' title='bbox 2716 701 2909 770; x_wconf 82' lang='lat' dir='ltr'><strong>jubere</strong></span> <span class='ocrx_word' id='word_1_142' title='bbox 2944 713 3002 758; x_wconf 92' lang='lat' dir='ltr'><strong>ut</strong></span> <span class='ocrx_word' id='word_1_143' title='bbox 3029 720 3091 759; x_wconf 88' lang='lat' dir='ltr'><strong>ea</strong></span> <span class='ocrx_word' id='word_1_144' title='bbox 3125 706 3274 760; x_wconf 87' lang='lat' dir='ltr'><strong>velut</strong></span> <span class='ocrx_word' id='word_1_145' title='bbox 3304 709 3542 778; x_wconf 74' lang='lat' dir='ltr'><strong>legitima</strong></span> 
     </span>
    </p>
   </div>
   <div class='ocr_carea' id='block_1_23' title="bbox 1969 786 3546 870">
    <p class='ocr_par' dir='ltr' id='par_1_23' title="bbox 1969 786 3546 870">
     <span class='ocr_line' id='line_1_23' title="bbox 1969 786 3546 870; baseline 0.01 -31"><span class='ocrx_word' id='word_1_146' title='bbox 1969 786 2171 857; x_wconf 80' lang='lat' dir='ltr'><strong>conjux</strong></span> <span class='ocrx_word' id='word_1_147' title='bbox 2222 798 2278 843; x_wconf 89' lang='lat' dir='ltr'><strong>et</strong></span> <span class='ocrx_word' id='word_1_148' title='bbox 2333 791 2500 861; x_wconf 82' lang='lat' dir='ltr'><strong>regiis</strong></span> <span class='ocrx_word' id='word_1_149' title='bbox 2532 794 2837 851; x_wconf 81' lang='lat' dir='ltr'><strong>honoribus</strong></span> <span class='ocrx_word' id='word_1_150' title='bbox 2869 806 3067 851; x_wconf 85' lang='lat' dir='ltr'><strong>ornata</strong></span> <span class='ocrx_word' id='word_1_151' title='bbox 3114 814 3240 853; x_wconf 90' lang='lat' dir='ltr'><strong>cum</strong></span> <span class='ocrx_word' id='word_1_152' title='bbox 3284 801 3406 870; x_wconf 79' lang='lat' dir='ltr'><strong>ipso</strong></span> <span class='ocrx_word' id='word_1_153' title='bbox 3443 803 3546 857; x_wconf 82' lang='lat' dir='ltr'><strong>ha-</strong></span> 
     </span>
    </p>
   </div>
   <div class='ocr_carea' id='block_1_24' title="bbox 1969 879 3545 955">
    <p class='ocr_par' dir='ltr' id='par_1_24' title="bbox 1969 879 3545 955">
     <span class='ocr_line' id='line_1_24' title="bbox 1969 879 3545 955; baseline 0.011 -24"><span class='ocrx_word' id='word_1_154' title='bbox 1969 879 2103 934; x_wconf 82' lang='lat' dir='ltr'><strong>hitct</strong></span> <span class='ocrx_word' id='word_1_155' title='bbox 2140 898 2153 933; x_wconf 89' lang='lat'><strong><em>:</em></strong></span> <span class='ocrx_word' id='word_1_156' title='bbox 2197 891 2457 951; x_wconf 66' lang='lat' dir='ltr'><strong>praeterea</strong></span> <span class='ocrx_word' id='word_1_157' title='bbox 2514 887 2725 955; x_wconf 86' lang='lat' dir='ltr'><strong>synodo</strong></span> <span class='ocrx_word' id='word_1_158' title='bbox 2775 887 2924 943; x_wconf 86' lang='lat' dir='ltr'><strong>liuita</strong></span> <span class='ocrx_word' id='word_1_159' title='bbox 2977 904 3037 945; x_wconf 90' lang='lat' dir='ltr'><strong>se</strong></span> <span class='ocrx_word' id='word_1_160' title='bbox 3090 891 3545 949; x_wconf 83' lang='lat' dir='ltr'><strong>conﬁrmaturum</strong></span> 
     </span>
    </p>
   </div>
   <div class='ocr_carea' id='block_1_25' title="bbox 1967 972 2629 1041">
    <p class='ocr_par' dir='ltr' id='par_1_25' title="bbox 1967 972 2629 1041">
     <span class='ocr_line' id='line_1_25' title="bbox 1967 972 2629 1041; baseline 0.014 -19"><span class='ocrx_word' id='word_1_161' title='bbox 1967 986 2087 1039; x_wconf 65' lang='lat' dir='ltr'><strong>quae</strong></span> <span class='ocrx_word' id='word_1_162' title='bbox 2121 972 2221 1041; x_wconf 83' lang='lat' dir='ltr'><strong>ipsi</strong></span> <span class='ocrx_word' id='word_1_163' title='bbox 2261 974 2374 1029; x_wconf 87' lang='lat' dir='ltr'><strong>visa</strong></span> <span class='ocrx_word' id='word_1_164' title='bbox 2411 974 2629 1031; x_wconf 71' lang='lat' dir='ltr'><strong>fuerint.</strong></span> 
     </span>
    </p>
   </div>
   <div class='ocr_carea' id='block_1_26' title="bbox 2026 1155 3550 1243">
    <p class='ocr_par' dir='ltr' id='par_1_26' title="bbox 2026 1155 3550 1243">
     <span class='ocr_line' id='line_1_26' title="bbox 2026 1155 3550 1243; baseline 0.015 -35"><span class='ocrx_word' id='word_1_165' title='bbox 2026 1155 2243 1211; x_wconf 71' lang='lat' dir='ltr'><strong>.Octavo</strong></span> <span class='ocrx_word' id='word_1_166' title='bbox 2276 1157 2357 1211; x_wconf 98' lang='lat' dir='ltr'><strong>vel</strong></span> <span class='ocrx_word' id='word_1_167' title='bbox 2403 1173 2548 1213; x_wconf 90' lang='lat' dir='ltr'><strong>nono</strong></span> <span class='ocrx_word' id='word_1_168' title='bbox 2587 1176 2775 1217; x_wconf 86' lang='lat' dir='ltr'><strong>mense</strong></span> <span class='ocrx_word' id='word_1_169' title='bbox 2806 1174 2927 1231; x_wconf 84' lang='lat' dir='ltr'><strong>post</strong></span> <span class='ocrx_word' id='word_1_170' title='bbox 2959 1165 3122 1222; x_wconf 90' lang='lat' dir='ltr'><strong>initas</strong></span> <span class='ocrx_word' id='word_1_171' title='bbox 3160 1167 3281 1224; x_wconf 90' lang='lat' dir='ltr'><strong>illas</strong></span> <span class='ocrx_word' id='word_1_172' title='bbox 3333 1172 3550 1243; x_wconf 75' lang='lat' dir='ltr'><strong>nuptias</strong></span> 
     </span>
    </p>
   </div>
   <div class='ocr_carea' id='block_1_27' title="bbox 1968 1249 3548 1333">
    <p class='ocr_par' dir='ltr' id='par_1_27' title="bbox 1968 1249 3548 1333">
     <span class='ocr_line' id='line_1_27' title="bbox 1968 1249 3548 1333; baseline 0.014 -33"><span class='ocrx_word' id='word_1_173' title='bbox 1968 1262 2088 1316; x_wconf 82' lang='lat' dir='ltr'><strong>quae</strong></span> <span class='ocrx_word' id='word_1_174' title='bbox 2118 1249 2427 1305; x_wconf 81' lang='lat' dir='ltr'><strong>universam</strong></span> <span class='ocrx_word' id='word_1_175' title='bbox 2448 1250 2745 1309; x_wconf 85' lang='lat' dir='ltr'><strong>Ecclesiam</strong></span> <span class='ocrx_word' id='word_1_176' title='bbox 2775 1266 3021 1313; x_wconf 88' lang='lat' dir='ltr'><strong>nostram</strong></span> <span class='ocrx_word' id='word_1_177' title='bbox 3043 1276 3275 1318; x_wconf 66' lang='lat' dir='ltr'><strong>maerore</strong></span> <span class='ocrx_word' id='word_1_178' title='bbox 3298 1264 3548 1333; x_wconf 62' lang='lat' dir='ltr'><strong>aﬂ‘ectrv,</strong></span> 
     </span>
    </p>
   </div>
   <div class='ocr_carea' id='block_1_28' title="bbox 1967 1340 3551 1428">
    <p class='ocr_par' dir='ltr' id='par_1_28' title="bbox 1967 1340 3551 1428">
     <span class='ocr_line' id='line_1_28' title="bbox 1967 1340 3551 1428; baseline 0.015 -34"><span class='ocrx_word' id='word_1_179' title='bbox 1967 1342 2166 1395; x_wconf 90' lang='lat' dir='ltr'><strong>veteris</strong></span> <span class='ocrx_word' id='word_1_180' title='bbox 2196 1340 2383 1397; x_wconf 75' lang='lat' dir='ltr'><strong>Romae</strong></span> <span class='ocrx_word' id='word_1_181' title='bbox 2418 1344 2578 1415; x_wconf 80' lang='lat' dir='ltr'><strong>legati</strong></span> <span class='ocrx_word' id='word_1_182' title='bbox 2600 1347 2959 1405; x_wconf 89' lang='lat' dir='ltr'><strong>advenerunt.</strong></span> <span class='ocrx_word' id='word_1_183' title='bbox 2988 1351 3103 1408; x_wconf 76' lang='lat' dir='ltr'><strong>Rex</strong></span> <span class='ocrx_word' id='word_1_184' title='bbox 3127 1366 3305 1411; x_wconf 89' lang='lat' dir='ltr'><strong>autem</strong></span> <span class='ocrx_word' id='word_1_185' title='bbox 3335 1360 3551 1428; x_wconf 83' lang='lat' dir='ltr'><strong>publice</strong></span> 
     </span>
    </p>
   </div>
   <div class='ocr_carea' id='block_1_29' title="bbox 1966 1431 3551 1509">
    <p class='ocr_par' dir='ltr' id='par_1_29' title="bbox 1966 1431 3551 1509">
     <span class='ocr_line' id='line_1_29' title="bbox 1966 1431 3551 1509; baseline 0.015 -24"><span class='ocrx_word' id='word_1_186' title='bbox 1966 1431 2233 1503; x_wconf 76' lang='lat' dir='ltr'><strong>divulgari</strong></span> <span class='ocrx_word' id='word_1_187' title='bbox 2283 1435 2524 1504; x_wconf 87' lang='lat' dir='ltr'><strong>jusserat</strong></span> <span class='ocrx_word' id='word_1_188' title='bbox 2568 1454 2629 1494; x_wconf 90' lang='lat' dir='ltr'><strong>se</strong></span> <span class='ocrx_word' id='word_1_189' title='bbox 2678 1440 2823 1497; x_wconf 82' lang='lat' dir='ltr'><strong>viros</strong></span> <span class='ocrx_word' id='word_1_190' title='bbox 2874 1442 3152 1502; x_wconf 78' lang='lat' dir='ltr'><strong>Romanos</strong></span> <span class='ocrx_word' id='word_1_191' title='bbox 3199 1450 3551 1509; x_wconf 75' lang='lat' dir='ltr'><strong>arcessivisse</strong></span> 
     </span>
    </p>
   </div>
   <div class='ocr_carea' id='block_1_30' title="bbox 1965 1525 3550 1605">
    <p class='ocr_par' dir='ltr' id='par_1_30' title="bbox 1965 1525 3550 1605">
     <span class='ocr_line' id='line_1_30' title="bbox 1965 1525 3550 1605; baseline 0.016 -29"><span class='ocrx_word' id='word_1_192' title='bbox 1965 1525 2059 1594; x_wconf 89' lang='lat' dir='ltr'><strong>qui</strong></span> <span class='ocrx_word' id='word_1_193' title='bbox 2110 1527 2284 1596; x_wconf 88' lang='lat' dir='ltr'><strong>ipsius</strong></span> <span class='ocrx_word' id='word_1_194' title='bbox 2336 1531 2747 1587; x_wconf 90' lang='lat' dir='ltr'><strong>matrimonium</strong></span> <span class='ocrx_word' id='word_1_195' title='bbox 2812 1538 3198 1605; x_wconf 82' lang='lat' dir='ltr'><strong>approbarent.</strong></span> <span class='ocrx_word' id='word_1_196' title='bbox 3252 1540 3373 1597; x_wconf 80' lang='lat' dir='ltr'><strong>Jam</strong></span> <span class='ocrx_word' id='word_1_197' title='bbox 3420 1560 3550 1601; x_wconf 90' lang='lat' dir='ltr'><strong>vero</strong></span> 
     </span>
    </p>
   </div>
   <div class='ocr_carea' id='block_1_31' title="bbox 1966 1619 3545 1704">
    <p class='ocr_par' dir='ltr' id='par_1_31' title="bbox 1966 1619 3545 1704">
     <span class='ocr_line' id='line_1_31' title="bbox 1966 1619 3545 1704; baseline 0.015 -35"><span class='ocrx_word' id='word_1_198' title='bbox 1966 1619 2246 1685; x_wconf 86' lang='lat' dir='ltr'><strong>quomodo</strong></span> <span class='ocrx_word' id='word_1_199' title='bbox 2298 1620 2443 1676; x_wconf 87' lang='lat' dir='ltr'><strong>haud</strong></span> <span class='ocrx_word' id='word_1_200' title='bbox 2473 1638 2614 1693; x_wconf 69' lang='lat' dir='ltr'><strong>aegre</strong></span> <span class='ocrx_word' id='word_1_201' title='bbox 2646 1622 2792 1680; x_wconf 77' lang='lat' dir='ltr'><strong>ferre</strong></span> <span class='ocrx_word' id='word_1_202' title='bbox 2832 1627 3019 1683; x_wconf 87' lang='lat' dir='ltr'><strong>debuit</strong></span> <span class='ocrx_word' id='word_1_203' title='bbox 3050 1629 3289 1688; x_wconf 86' lang='lat' dir='ltr'><strong>Ecclesia</strong></span> <span class='ocrx_word' id='word_1_204' title='bbox 3336 1648 3545 1704; x_wconf 87' lang='lat' dir='ltr'><strong>nostra,</strong></span> 
     </span>
    </p>
   </div>
   <div class='ocr_carea' id='block_1_32' title="bbox 1965 1713 3547 1791">
    <p class='ocr_par' dir='ltr' id='par_1_32' title="bbox 1965 1713 3547 1791">
     <span class='ocr_line' id='line_1_32' title="bbox 1965 1713 3547 1791; baseline 0.015 -27"><span class='ocrx_word' id='word_1_205' title='bbox 1965 1713 2110 1782; x_wconf 85' lang='lat' dir='ltr'><strong>quod</strong></span> <span class='ocrx_word' id='word_1_206' title='bbox 2142 1713 2243 1767; x_wconf 91' lang='lat' dir='ltr'><strong>ista</strong></span> <span class='ocrx_word' id='word_1_207' title='bbox 2272 1714 2439 1770; x_wconf 87' lang='lat' dir='ltr'><strong>libere</strong></span> <span class='ocrx_word' id='word_1_208' title='bbox 2467 1716 2535 1771; x_wconf 92' lang='lat' dir='ltr'><strong>ab</strong></span> <span class='ocrx_word' id='word_1_209' title='bbox 2562 1733 2627 1771; x_wconf 88' lang='lat' dir='ltr'><strong>eo</strong></span> <span class='ocrx_word' id='word_1_210' title='bbox 2653 1721 3162 1791; x_wconf 87' lang='lat' dir='ltr'><strong>pronuntiarentur,</strong></span> <span class='ocrx_word' id='word_1_211' title='bbox 3193 1726 3450 1784; x_wconf 85' lang='lat' dir='ltr'><strong>nimirum</strong></span> <span class='ocrx_word' id='word_1_212' title='bbox 3486 1745 3547 1787; x_wconf 85' lang='lat' dir='ltr'><strong>se</strong></span> 
     </span>
    </p>
   </div>
   <div class='ocr_carea' id='block_1_33' title="bbox 278 1801 1864 1888">
    <p class='ocr_par' dir='ltr' id='par_1_33' title="bbox 278 1805 1864 1880">
     <span class='ocr_line' id='line_1_33' title="bbox 278 1805 1864 1880; baseline -0.003 -19"><span class='ocrx_word' id='word_1_213' title='bbox 278 1809 347 1871; x_wconf 88' lang='grc' dir='ltr'><strong>ώς</strong></span> <span class='ocrx_word' id='word_1_214' title='bbox 372 1809 443 1862; x_wconf 85' lang='grc' dir='ltr'>τὰ</span> <span class='ocrx_word' id='word_1_215' title='bbox 474 1809 572 1878; x_wconf 70' lang='grc' dir='ltr'>μὲν</span> <span class='ocrx_word' id='word_1_216' title='bbox 594 1808 841 1880; x_wconf 74' lang='grc' dir='ltr'>ἡμέτερα</span> <span class='ocrx_word' id='word_1_217' title='bbox 890 1808 1023 1879; x_wconf 83' lang='grc' dir='ltr'>παρ’</span> <span class='ocrx_word' id='word_1_218' title='bbox 1064 1808 1223 1861; x_wconf 74' lang='grc' dir='ltr'>οὐδὲν</span> <span class='ocrx_word' id='word_1_219' title='bbox 1261 1807 1492 1870; x_wconf 73' lang='grc' dir='ltr'>τίθεται,</span> <span class='ocrx_word' id='word_1_220' title='bbox 1530 1806 1629 1876; x_wconf 82' lang='grc' dir='ltr'>τὴν</span> <span class='ocrx_word' id='word_1_221' title='bbox 1655 1805 1701 1858; x_wconf 84' lang='grc' dir='ltr'>δ’</span> <span class='ocrx_word' id='word_1_222' title='bbox 1734 1806 1864 1875; x_wconf 77' lang='grc' dir='ltr'>ἡμῖν</span> 
     </span>
    </p>
   </div>
   <div class='ocr_carea' id='block_1_34' title="bbox 1969 1801 3547 1888">
    <p class='ocr_par' dir='ltr' id='par_1_34' title="bbox 1970 1807 3547 1888">
     <span class='ocr_line' id='line_1_34' title="bbox 1970 1807 3547 1888; baseline 0.012 -31"><span class='ocrx_word' id='word_1_223' title='bbox 1970 1818 2058 1858; x_wconf 89' lang='lat' dir='ltr'><strong>res</strong></span> <span class='ocrx_word' id='word_1_224' title='bbox 2091 1814 2304 1861; x_wconf 90' lang='lat' dir='ltr'><strong>nostras</strong></span> <span class='ocrx_word' id='word_1_225' title='bbox 2338 1807 2491 1862; x_wconf 90' lang='lat' dir='ltr'><strong>nihili</strong></span> <span class='ocrx_word' id='word_1_226' title='bbox 2524 1808 2724 1879; x_wconf 81' lang='lat' dir='ltr'><strong>facere,</strong></span> <span class='ocrx_word' id='word_1_227' title='bbox 2755 1813 2890 1869; x_wconf 86' lang='lat' dir='ltr'><strong>adeo</strong></span> <span class='ocrx_word' id='word_1_228' title='bbox 2915 1824 2972 1869; x_wconf 93' lang='lat' dir='ltr'><strong>ut</strong></span> <span class='ocrx_word' id='word_1_229' title='bbox 3008 1818 3172 1871; x_wconf 89' lang='lat' dir='ltr'><strong>etiam</strong></span> <span class='ocrx_word' id='word_1_230' title='bbox 3201 1821 3547 1888; x_wconf 83' lang='lat' dir='ltr'><strong>procuratio-</strong></span> 
     </span>
    </p>
   </div>
   <div class='ocr_carea' id='block_1_35' title="bbox 281 1897 1860 1972">
    <p class='ocr_par' dir='ltr' id='par_1_35' title="bbox 281 1897 1860 1972">
     <span class='ocr_line' id='line_1_35' title="bbox 281 1897 1860 1972; baseline -0.003 -20"><span class='ocrx_word' id='word_1_231' title='bbox 281 1901 645 1972; x_wconf 63' lang='lat' dir='ltr'><strong>c&#39;;e:).op.évr;v</strong></span> <span class='ocrx_word' id='word_1_232' title='bbox 703 1901 806 1970; x_wconf 82' lang='grc' dir='ltr'>τῆς</span> <span class='ocrx_word' id='word_1_233' title='bbox 855 1900 981 1955; x_wconf 87' lang='grc' dir='ltr'>καθ’</span> <span class='ocrx_word' id='word_1_234' title='bbox 1046 1902 1195 1970; x_wconf 78' lang='grc' dir='ltr'>ἡμᾶς</span> <span class='ocrx_word' id='word_1_235' title='bbox 1259 1899 1533 1969; x_wconf 76' lang='grc' dir='ltr'>ἐπαρχίας</span> <span class='ocrx_word' id='word_1_236' title='bbox 1590 1897 1860 1968; x_wconf 82' lang='grc' dir='ltr'>διοίκησιν</span> 
     </span>
    </p>
   </div>
   <div class='ocr_carea' id='block_1_36' title="bbox 278 1991 1861 2065">
    <p class='ocr_par' dir='ltr' id='par_1_36' title="bbox 278 1991 1861 2065">
     <span class='ocr_line' id='line_1_36' title="bbox 278 1991 1861 2065; baseline -0.003 -18"><span class='ocrx_word' id='word_1_237' title='bbox 278 1997 417 2047; x_wconf 62' lang='grc' dir='ltr'>κατὰ</span> <span class='ocrx_word' id='word_1_238' title='bbox 464 1996 563 2057; x_wconf 71' lang='grc' dir='ltr'><strong>τὰς</strong></span> <span class='ocrx_word' id='word_1_239' title='bbox 623 1994 950 2065; x_wconf 81' lang='grc' dir='ltr'>τεθειμένας</span> <span class='ocrx_word' id='word_1_240' title='bbox 986 1994 1199 2049; x_wconf 73' lang='grc' dir='ltr'>ἄνωθεν</span> <span class='ocrx_word' id='word_1_241' title='bbox 1231 1995 1327 2047; x_wconf 79' lang='grc' dir='ltr'>καὶ</span> <span class='ocrx_word' id='word_1_242' title='bbox 1382 1994 1441 2059; x_wconf 76' lang='grc' dir='ltr'><strong>ἐξ</strong></span> <span class='ocrx_word' id='word_1_243' title='bbox 1491 1993 1666 2061; x_wconf 78' lang='grc' dir='ltr'>ἀρχῆς</span> <span class='ocrx_word' id='word_1_244' title='bbox 1708 1991 1861 2063; x_wconf 81' lang='grc' dir='ltr'>ἱερὰς</span> 
     </span>
    </p>
   </div>
   <div class='ocr_carea' id='block_1_37' title="bbox 276 2080 1861 2154">
    <p class='ocr_par' dir='ltr' id='par_1_37' title="bbox 276 2080 1861 2154">
     <span class='ocr_line' id='line_1_37' title="bbox 276 2080 1861 2154; baseline 0.001 -21"><span class='ocrx_word' id='word_1_245' title='bbox 276 2082 550 2149; x_wconf 67' lang='grc' dir='ltr'>διατάξεις</span> <span class='ocrx_word' id='word_1_246' title='bbox 583 2082 794 2153; x_wconf 84' lang='grc' dir='ltr'>ἑτέροις</span> <span class='ocrx_word' id='word_1_247' title='bbox 824 2083 1139 2154; x_wconf 68' lang='grc' dir='ltr'>ἐπιτρέπει,</span> <span class='ocrx_word' id='word_1_248' title='bbox 1172 2083 1268 2136; x_wconf 73' lang='grc' dir='ltr'>καὶ</span> <span class='ocrx_word' id='word_1_249' title='bbox 1288 2082 1412 2134; x_wconf 85' lang='grc' dir='ltr'>τότε</span> <span class='ocrx_word' id='word_1_250' title='bbox 1436 2082 1564 2148; x_wconf 81' lang='grc' dir='ltr'>περὶ</span> <span class='ocrx_word' id='word_1_251' title='bbox 1597 2080 1861 2152; x_wconf 73' lang='grc' dir='ltr'>πρᾶγμα·</span> 
     </span>
    </p>
   </div>
   <div class='ocr_carea' id='block_1_38' title="bbox 277 2172 1862 2245">
    <p class='ocr_par' dir='ltr' id='par_1_38' title="bbox 277 2172 1862 2245">
     <span class='ocr_line' id='line_1_38' title="bbox 277 2172 1862 2245; baseline -0.002 -18"><span class='ocrx_word' id='word_1_252' title='bbox 277 2192 362 2237; x_wconf 85' lang='grc' dir='ltr'><strong>τος</strong></span> <span class='ocrx_word' id='word_1_253' title='bbox 408 2175 873 2245; x_wconf 80' lang='grc' dir='ltr'><strong>ἀπηγορευμένον</strong></span> <span class='ocrx_word' id='word_1_254' title='bbox 938 2177 1055 2239; x_wconf 86' lang='grc' dir='ltr'>τοῖς</span> <span class='ocrx_word' id='word_1_255' title='bbox 1113 2175 1337 2228; x_wconf 77' lang='grc' dir='ltr'>κανόσιν</span> <span class='ocrx_word' id='word_1_256' title='bbox 1396 2174 1738 2243; x_wconf 83' lang='grc' dir='ltr'>ὑπάρχοντος</span> <span class='ocrx_word' id='word_1_257' title='bbox 1764 2172 1862 2225; x_wconf 75' lang='grc' dir='ltr'>καὶ</span> 
     </span>
    </p>
   </div>
   <div class='ocr_carea' id='block_1_39' title="bbox 278 2263 1861 2335">
    <p class='ocr_par' dir='ltr' id='par_1_39' title="bbox 278 2263 1861 2335">
     <span class='ocr_line' id='line_1_39' title="bbox 278 2263 1861 2335; baseline 0 -19"><span class='ocrx_word' id='word_1_258' title='bbox 278 2264 647 2335; x_wconf 76' lang='grc' dir='ltr'>κατακρίτου;</span> <span class='ocrx_word' id='word_1_259' title='bbox 682 2263 798 2316; x_wconf 83' lang='grc' dir='ltr'><strong>Ποῦ</strong></span> <span class='ocrx_word' id='word_1_260' title='bbox 829 2266 939 2335; x_wconf 77' lang='grc' dir='ltr'>γὰρ</span> <span class='ocrx_word' id='word_1_261' title='bbox 967 2264 1215 2334; x_wconf 85' lang='grc' dir='ltr'>θεμιτὸν,</span> <span class='ocrx_word' id='word_1_262' title='bbox 1246 2264 1350 2317; x_wconf 81' lang='grc' dir='ltr'>ποῦ</span> <span class='ocrx_word' id='word_1_263' title='bbox 1383 2264 1439 2317; x_wconf 78' lang='grc' dir='ltr'>δὲ</span> <span class='ocrx_word' id='word_1_264' title='bbox 1463 2267 1529 2335; x_wconf 81' lang='grc' dir='ltr'>τῇ</span> <span class='ocrx_word' id='word_1_265' title='bbox 1574 2263 1861 2318; x_wconf 85' lang='grc' dir='ltr'>καταστά-</span> 
     </span>
    </p>
   </div>
   <div class='ocr_carea' id='block_1_40' title="bbox 277 2354 1861 2427">
    <p class='ocr_par' dir='ltr' id='par_1_40' title="bbox 277 2354 1861 2427">
     <span class='ocr_line' id='line_1_40' title="bbox 277 2354 1861 2427; baseline 0.001 -21"><span class='ocrx_word' id='word_1_266' title='bbox 277 2372 357 2408; x_wconf 77' lang='grc' dir='ltr'><strong>σει</strong></span> <span class='ocrx_word' id='word_1_267' title='bbox 403 2357 505 2427; x_wconf 79' lang='grc' dir='ltr'>τῆς</span> <span class='ocrx_word' id='word_1_268' title='bbox 567 2356 900 2426; x_wconf 83' lang='grc' dir='ltr'>Ἐκκλησίας</span> <span class='ocrx_word' id='word_1_269' title='bbox 936 2358 1171 2427; x_wconf 79' lang='grc' dir='ltr'>πρέπον,</span> <span class='ocrx_word' id='word_1_270' title='bbox 1210 2358 1358 2426; x_wconf 79' lang='grc' dir='ltr'>ἡμᾶς</span> <span class='ocrx_word' id='word_1_271' title='bbox 1393 2356 1495 2424; x_wconf 70' lang='grc' dir='ltr'>μὲν</span> <span class='ocrx_word' id='word_1_272' title='bbox 1537 2354 1861 2420; x_wconf 79' lang='grc' dir='ltr'>ἐξωθεῖσθαι</span> 
     </span>
    </p>
   </div>
   <div class='ocr_carea' id='block_1_41' title="bbox 275 2449 1862 2520">
    <p class='ocr_par' dir='ltr' id='par_1_41' title="bbox 275 2449 1862 2520">
     <span class='ocr_line' id='line_1_41' title="bbox 275 2449 1862 2520; baseline 0.001 -20"><span class='ocrx_word' id='word_1_273' title='bbox 275 2449 375 2517; x_wconf 73' lang='grc' dir='ltr'>τῆς</span> <span class='ocrx_word' id='word_1_274' title='bbox 436 2449 591 2519; x_wconf 67' lang='grc' dir='ltr'>παρὰ</span> <span class='ocrx_word' id='word_1_275' title='bbox 650 2449 787 2503; x_wconf 77' lang='grc' dir='ltr'>Θεοῦ</span> <span class='ocrx_word' id='word_1_276' title='bbox 850 2450 1144 2520; x_wconf 77' lang='grc' dir='ltr'><strong>δεδομένης</strong></span> <span class='ocrx_word' id='word_1_277' title='bbox 1192 2449 1464 2516; x_wconf 81' lang='grc' dir='ltr'>ἐξουσίας,</span> <span class='ocrx_word' id='word_1_278' title='bbox 1523 2450 1743 2520; x_wconf 74' lang='grc' dir='ltr'>ἐτέρους</span> <span class='ocrx_word' id='word_1_279' title='bbox 1802 2449 1862 2501; x_wconf 75' lang='grc' dir='ltr'>δὲ</span> 
     </span>
    </p>
   </div>
   <div class='ocr_carea' id='block_1_42' title="bbox 274 2541 1862 2614">
    <p class='ocr_par' dir='ltr' id='par_1_42' title="bbox 274 2541 1862 2614">
     <span class='ocr_line' id='line_1_42' title="bbox 274 2541 1862 2614; baseline 0.001 -21"><span class='ocrx_word' id='word_1_280' title='bbox 274 2541 497 2594; x_wconf 71' lang='grc' dir='ltr'>διοικεῖν</span> <span class='ocrx_word' id='word_1_281' title='bbox 532 2541 567 2595; x_wconf 73' lang='grc' dir='ltr'>ἃ</span> <span class='ocrx_word' id='word_1_282' title='bbox 592 2542 703 2596; x_wconf 75' lang='grc' dir='ltr'>οὐδ’</span> <span class='ocrx_word' id='word_1_283' title='bbox 739 2545 873 2614; x_wconf 77' lang='grc' dir='ltr'>ἡμῖν</span> <span class='ocrx_word' id='word_1_284' title='bbox 918 2542 1147 2595; x_wconf 88' lang='grc' dir='ltr'>δυνατὸν</span> <span class='ocrx_word' id='word_1_285' title='bbox 1200 2542 1291 2596; x_wconf 74' lang='grc' dir='ltr'><strong>διὰ</strong></span> <span class='ocrx_word' id='word_1_286' title='bbox 1322 2541 1421 2612; x_wconf 80' lang='grc' dir='ltr'>τὴν</span> <span class='ocrx_word' id='word_1_287' title='bbox 1465 2542 1575 2595; x_wconf 83' lang='grc' dir='ltr'><strong>τῶν</strong></span> <span class='ocrx_word' id='word_1_288' title='bbox 1620 2542 1862 2595; x_wconf 81' lang='grc' dir='ltr'>κανόνων</span> 
     </span>
    </p>
   </div>
   <div class='ocr_carea' id='block_1_43' title="bbox 276 2633 1863 2705">
    <p class='ocr_par' dir='ltr' id='par_1_43' title="bbox 276 2633 1863 2705">
     <span class='ocr_line' id='line_1_43' title="bbox 276 2633 1863 2705; baseline 0.001 -20"><span class='ocrx_word' id='word_1_289' title='bbox 276 2634 655 2704; x_wconf 69' lang='grc' dir='ltr'>ἀπαγόρευσιν</span> <span class='ocrx_word' id='word_1_290' title='bbox 732 2634 1035 2701; x_wconf 84' lang='grc' dir='ltr'>ὲπιτελεῖν;</span> <span class='ocrx_word' id='word_1_291' title='bbox 1092 2633 1234 2687; x_wconf 81' lang='grc' dir='ltr'>Ἀλλ’</span> <span class='ocrx_word' id='word_1_292' title='bbox 1263 2635 1291 2687; x_wconf 86' lang='grc' dir='ltr'><strong>ό</strong></span> <span class='ocrx_word' id='word_1_293' title='bbox 1325 2634 1424 2705; x_wconf 78' lang='grc' dir='ltr'>μὲν</span> <span class='ocrx_word' id='word_1_294' title='bbox 1468 2635 1655 2703; x_wconf 80' lang='grc' dir='ltr'>ἔλεγεν</span> <span class='ocrx_word' id='word_1_295' title='bbox 1705 2634 1863 2704; x_wconf 70' lang='grc' dir='ltr'>ἥκειν</span> 
     </span>
    </p>
   </div>
   <div class='ocr_carea' id='block_1_44' title="bbox 276 2718 1864 2797">
    <p class='ocr_par' dir='ltr' id='par_1_44' title="bbox 276 2718 1864 2797">
     <span class='ocr_line' id='line_1_44' title="bbox 276 2718 1864 2797; baseline 0 -19"><span class='ocrx_word' id='word_1_296' title='bbox 276 2725 362 2794; x_wconf 65' lang='grc' dir='ltr'><strong>ὑφ’</strong></span> <span class='ocrx_word' id='word_1_297' title='bbox 387 2718 465 2779; x_wconf 81' lang='grc' dir='ltr'>ὧν</span> <span class='ocrx_word' id='word_1_298' title='bbox 486 2725 671 2795; x_wconf 82' lang='grc' dir='ltr'>δεήσει</span> <span class='ocrx_word' id='word_1_299' title='bbox 699 2727 863 2780; x_wconf 73' lang='grc' dir='ltr'>αὐτὸν</span> <span class='ocrx_word' id='word_1_300' title='bbox 880 2726 1066 2781; x_wconf 74' lang='grc' dir='ltr'>λαϐεῖν</span> <span class='ocrx_word' id='word_1_301' title='bbox 1084 2727 1184 2797; x_wconf 81' lang='grc' dir='ltr'>τὴν</span> <span class='ocrx_word' id='word_1_302' title='bbox 1216 2726 1533 2797; x_wconf 76' lang='grc' dir='ltr'>ἐπιθυμίαν,</span> <span class='ocrx_word' id='word_1_303' title='bbox 1558 2727 1662 2780; x_wconf 70' lang='grc' dir='ltr'><strong>κᾶν</strong></span> <span class='ocrx_word' id='word_1_304' title='bbox 1690 2726 1864 2797; x_wconf 49' lang='grc' dir='ltr'>μτοδαο</span> 
     </span>
    </p>
   </div>
   <div class='ocr_carea' id='block_1_45' title="bbox 280 2813 1864 2892">
    <p class='ocr_par' dir='ltr' id='par_1_45' title="bbox 280 2813 1864 2892">
     <span class='ocr_line' id='line_1_45' title="bbox 280 2813 1864 2892; baseline 0.001 -21"><span class='ocrx_word' id='word_1_305' title='bbox 280 2818 443 2886; x_wconf 83' lang='grc' dir='ltr'>μόθεν</span> <span class='ocrx_word' id='word_1_306' title='bbox 518 2819 652 2889; x_wconf 75' lang='grc' dir='ltr'>πρὸς</span> <span class='ocrx_word' id='word_1_307' title='bbox 664 2818 820 2872; x_wconf 73' lang='grc' dir='ltr'>τοῦτο</span> <span class='ocrx_word' id='word_1_308' title='bbox 835 2820 1094 2890; x_wconf 82' lang='grc' dir='ltr'>κανονικὴ</span> <span class='ocrx_word' id='word_1_309' title='bbox 1123 2820 1414 2891; x_wconf 72' lang='grc' dir='ltr'>ἐπιτροπὴ.</span> <span class='ocrx_word' id='word_1_310' title='bbox 1432 2819 1545 2874; x_wconf 82' lang='grc' dir='ltr'><strong>Οὐκ</strong></span> <span class='ocrx_word' id='word_1_311' title='bbox 1558 2818 1864 2890; x_wconf 76' lang='grc' dir='ltr'>ἀγνοοῦμεν</span> 
     </span>
    </p>
   </div>
   <div class='ocr_carea' id='block_1_46' title="bbox 275 2910 1866 2983">
    <p class='ocr_par' dir='ltr' id='par_1_46' title="bbox 275 2910 1866 2983">
     <span class='ocr_line' id='line_1_46' title="bbox 275 2910 1866 2983; baseline 0.003 -21"><span class='ocrx_word' id='word_1_312' title='bbox 275 2912 328 2963; x_wconf 75' lang='grc' dir='ltr'>δὲ</span> <span class='ocrx_word' id='word_1_313' title='bbox 347 2911 424 2973; x_wconf 79' lang='grc' dir='ltr'>ὡς</span> <span class='ocrx_word' id='word_1_314' title='bbox 461 2910 823 2982; x_wconf 77' lang='grc' dir='ltr'>ὲλογοποιήθη</span> <span class='ocrx_word' id='word_1_315' title='bbox 852 2910 976 2965; x_wconf 84' lang='grc' dir='ltr'>καθ’</span> <span class='ocrx_word' id='word_1_316' title='bbox 995 2911 1151 2982; x_wconf 79' lang='grc' dir='ltr'>ἡμῶν</span> <span class='ocrx_word' id='word_1_317' title='bbox 1176 2912 1258 2965; x_wconf 85' lang='grc' dir='ltr'>ὅτι</span> <span class='ocrx_word' id='word_1_318' title='bbox 1277 2912 1353 2982; x_wconf 82' lang='grc' dir='ltr'>μὴ</span> <span class='ocrx_word' id='word_1_319' title='bbox 1400 2911 1781 2983; x_wconf 77' lang='grc' dir='ltr'>βεϐουλήμεθα</span> <span class='ocrx_word' id='word_1_320' title='bbox 1807 2912 1866 2977; x_wconf 77' lang='grc' dir='ltr'><strong>ἐξ</strong></span> 
     </span>
    </p>
   </div>
   <div class='ocr_carea' id='block_1_47' title="bbox 277 3001 1864 3073">
    <p class='ocr_par' dir='ltr' id='par_1_47' title="bbox 277 3001 1864 3073">
     <span class='ocr_line' id='line_1_47' title="bbox 277 3001 1864 3073; baseline -0.001 -18"><span class='ocrx_word' id='word_1_321' title='bbox 277 3003 631 3073; x_wconf 76' lang='grc' dir='ltr'>ὑπερηφάνου</span> <span class='ocrx_word' id='word_1_322' title='bbox 693 3002 923 3073; x_wconf 83' lang='grc' dir='ltr'>γνώμης</span> <span class='ocrx_word' id='word_1_323' title='bbox 974 3001 1112 3072; x_wconf 76' lang='grc' dir='ltr'>πρὸς</span> <span class='ocrx_word' id='word_1_324' title='bbox 1157 3001 1285 3071; x_wconf 80' lang='grc' dir='ltr'>δψιν</span> <span class='ocrx_word' id='word_1_325' title='bbox 1338 3001 1705 3071; x_wconf 79' lang='grc' dir='ltr'>καταστῆναι,</span> <span class='ocrx_word' id='word_1_326' title='bbox 1740 3003 1864 3072; x_wconf 85' lang='grc' dir='ltr'>μηδ’</span> 
     </span>
    </p>
   </div>
   <div class='ocr_carea' id='block_1_48' title="bbox 238 3094 1863 3166">
    <p class='ocr_par' dir='ltr' id='par_1_48' title="bbox 238 3094 1863 3166">
     <span class='ocr_line' id='line_1_48' title="bbox 238 3094 1863 3166; baseline 0.001 -19"><span class='ocrx_word' id='word_1_327' title='bbox 238 3124 253 3147; x_wconf 58' lang='grc' dir='ltr'>κ</span> <span class='ocrx_word' id='word_1_328' title='bbox 275 3098 350 3157; x_wconf 82' lang='grc' dir='ltr'><strong>εἰς</strong></span> <span class='ocrx_word' id='word_1_329' title='bbox 389 3096 588 3165; x_wconf 83' lang='grc' dir='ltr'>λόγους</span> <span class='ocrx_word' id='word_1_330' title='bbox 609 3094 892 3149; x_wconf 76' lang='grc' dir='ltr'>συνελθεῖν</span> <span class='ocrx_word' id='word_1_331' title='bbox 924 3097 1035 3159; x_wconf 85' lang='grc' dir='ltr'>τοῖς</span> <span class='ocrx_word' id='word_1_332' title='bbox 1059 3095 1181 3149; x_wconf 87' lang='grc' dir='ltr'>τότε</span> <span class='ocrx_word' id='word_1_333' title='bbox 1208 3096 1690 3166; x_wconf 79' lang='grc' dir='ltr'>παραγενομένοις</span> <span class='ocrx_word' id='word_1_334' title='bbox 1731 3096 1863 3148; x_wconf 81' lang='grc' dir='ltr'><strong>Ῥω-</strong></span> 
     </span>
    </p>
   </div>
   <div class='ocr_carea' id='block_1_49' title="bbox 279 3182 1863 3261">
    <p class='ocr_par' dir='ltr' id='par_1_49' title="bbox 279 3182 1863 3261">
     <span class='ocr_line' id='line_1_49' title="bbox 279 3182 1863 3261; baseline -0.003 -17"><span class='ocrx_word' id='word_1_335' title='bbox 279 3192 463 3258; x_wconf 78' lang='grc' dir='ltr'>μαίοις</span> <span class='ocrx_word' id='word_1_336' title='bbox 488 3205 501 3220; x_wconf 87' lang='grc'><strong>·</strong></span> <span class='ocrx_word' id='word_1_337' title='bbox 537 3188 651 3258; x_wconf 67' lang='grc' dir='ltr'><strong>ἐγὼ</strong></span> <span class='ocrx_word' id='word_1_338' title='bbox 676 3188 734 3243; x_wconf 80' lang='grc' dir='ltr'>δὲ</span> <span class='ocrx_word' id='word_1_339' title='bbox 761 3190 866 3244; x_wconf 85' lang='grc' dir='ltr'><strong>ὑπὸ</strong></span> <span class='ocrx_word' id='word_1_340' title='bbox 903 3191 1145 3261; x_wconf 84' lang='grc' dir='ltr'>μάρτυρι</span> <span class='ocrx_word' id='word_1_341' title='bbox 1172 3190 1316 3260; x_wconf 76' lang='grc' dir='ltr'>φημὶ</span> <span class='ocrx_word' id='word_1_342' title='bbox 1360 3189 1498 3259; x_wconf 84' lang='grc' dir='ltr'>Θεῷ,</span> <span class='ocrx_word' id='word_1_343' title='bbox 1532 3189 1663 3260; x_wconf 88' lang='grc' dir='ltr'>παρ’</span> <span class='ocrx_word' id='word_1_344' title='bbox 1769 3189 1863 3241; x_wconf 73' lang='grc' dir='ltr'>καὶ</span> 
     </span>
    </p>
   </div>
   <div class='ocr_carea' id='block_1_50' title="bbox 275 3280 1865 3354">
    <p class='ocr_par' dir='ltr' id='par_1_50' title="bbox 275 3280 1865 3354">
     <span class='ocr_line' id='line_1_50' title="bbox 275 3280 1865 3354; baseline -0.002 -18"><span class='ocrx_word' id='word_1_345' title='bbox 275 3284 367 3336; x_wconf 75' lang='grc' dir='ltr'>νῦν</span> <span class='ocrx_word' id='word_1_346' title='bbox 398 3284 428 3335; x_wconf 88' lang='grc' dir='ltr'><strong>ό</strong></span> <span class='ocrx_word' id='word_1_347' title='bbox 453 3284 831 3353; x_wconf 83' lang='grc' dir='ltr'>λογοποιήσας</span> <span class='ocrx_word' id='word_1_348' title='bbox 861 3284 1204 3354; x_wconf 82' lang='grc' dir='ltr'>παρέστηκε,</span> <span class='ocrx_word' id='word_1_349' title='bbox 1232 3284 1327 3336; x_wconf 71' lang='grc' dir='ltr'>καὶ</span> <span class='ocrx_word' id='word_1_350' title='bbox 1358 3285 1520 3353; x_wconf 60' lang='grc' dir='ltr'>ἡμεῖς</span> <span class='ocrx_word' id='word_1_351' title='bbox 1570 3282 1733 3351; x_wconf 79' lang='grc' dir='ltr'>τυχὸν</span> <span class='ocrx_word' id='word_1_352' title='bbox 1763 3280 1865 3349; x_wconf 80' lang='grc' dir='ltr'>μὲν</span> 
     </span>
    </p>
   </div>
   <div class='ocr_carea' id='block_1_51' title="bbox 276 3372 1864 3447">
    <p class='ocr_par' dir='ltr' id='par_1_51' title="bbox 276 3372 1864 3447">
     <span class='ocr_line' id='line_1_51' title="bbox 276 3372 1864 3447; baseline -0.003 -19"><span class='ocrx_word' id='word_1_353' title='bbox 276 3379 543 3447; x_wconf 76' lang='grc' dir='ltr'>σήμερον,</span> <span class='ocrx_word' id='word_1_354' title='bbox 565 3374 729 3446; x_wconf 78' lang='grc' dir='ltr'>τυχὸν</span> <span class='ocrx_word' id='word_1_355' title='bbox 766 3374 825 3428; x_wconf 86' lang='grc' dir='ltr'>δὲ</span> <span class='ocrx_word' id='word_1_356' title='bbox 855 3373 1046 3444; x_wconf 75' lang='grc' dir='ltr'>αὔριον</span> <span class='ocrx_word' id='word_1_357' title='bbox 1079 3376 1526 3444; x_wconf 73' lang='grc' dir='ltr'>παρεστήσομεν,</span> <span class='ocrx_word' id='word_1_358' title='bbox 1561 3373 1639 3436; x_wconf 78' lang='grc' dir='ltr'>ὡς</span> <span class='ocrx_word' id='word_1_359' title='bbox 1672 3372 1864 3441; x_wconf 79' lang='grc' dir='ltr'>ἔλεγον</span> 
     </span>
    </p>
   </div>
   <div class='ocr_carea' id='block_1_52' title="bbox 279 3465 1864 3540">
    <p class='ocr_par' dir='ltr' id='par_1_52' title="bbox 279 3465 1864 3540">
     <span class='ocr_line' id='line_1_52' title="bbox 279 3465 1864 3540; baseline -0.003 -19"><span class='ocrx_word' id='word_1_360' title='bbox 279 3470 427 3540; x_wconf 77' lang='grc' dir='ltr'>αὐτῷ</span> <span class='ocrx_word' id='word_1_361' title='bbox 485 3468 870 3539; x_wconf 84' lang='grc' dir='ltr'>δυσχεραίνειν</span> <span class='ocrx_word' id='word_1_362' title='bbox 917 3468 1045 3532; x_wconf 78' lang='grc' dir='ltr'>τοὺς</span> <span class='ocrx_word' id='word_1_363' title='bbox 1095 3468 1221 3522; x_wconf 78' lang='grc' dir='ltr'>καθ’</span> <span class='ocrx_word' id='word_1_364' title='bbox 1270 3468 1419 3537; x_wconf 72' lang='grc' dir='ltr'>ἡμᾶς</span> <span class='ocrx_word' id='word_1_365' title='bbox 1458 3467 1735 3537; x_wconf 83' lang='grc' dir='ltr'>ἀρχιερεῖς</span> <span class='ocrx_word' id='word_1_366' title='bbox 1764 3465 1864 3535; x_wconf 81' lang='grc' dir='ltr'>τὴν</span> 
     </span>
    </p>
   </div>
   <div class='ocr_carea' id='block_1_53' title="bbox 274 3558 1866 3633">
    <p class='ocr_par' dir='ltr' id='par_1_53' title="bbox 274 3558 1866 3633">
     <span class='ocr_line' id='line_1_53' title="bbox 274 3558 1866 3633; baseline -0.002 -18"><span class='ocrx_word' id='word_1_367' title='bbox 274 3565 331 3615; x_wconf 75' lang='grc' dir='ltr'>ἐν</span> <span class='ocrx_word' id='word_1_368' title='bbox 364 3563 445 3632; x_wconf 82' lang='grc' dir='ltr'>τῷ</span> <span class='ocrx_word' id='word_1_369' title='bbox 488 3561 655 3632; x_wconf 82' lang='grc' dir='ltr'>κοινῷ</span> <span class='ocrx_word' id='word_1_370' title='bbox 695 3562 806 3615; x_wconf 85' lang='grc' dir='ltr'><strong>τῶν</strong></span> <span class='ocrx_word' id='word_1_371' title='bbox 857 3561 1152 3633; x_wconf 81' lang='grc' dir='ltr'>Ῥωμαίων</span> <span class='ocrx_word' id='word_1_372' title='bbox 1182 3559 1569 3632; x_wconf 77' lang='grc' dir='ltr'>προσομιλίαν,</span> <span class='ocrx_word' id='word_1_373' title='bbox 1602 3558 1699 3613; x_wconf 77' lang='grc' dir='ltr'>καὶ</span> <span class='ocrx_word' id='word_1_374' title='bbox 1726 3576 1866 3613; x_wconf 85' lang='grc' dir='ltr'>παν-</span> 
     </span>
    </p>
   </div>
   <div class='ocr_carea' id='block_1_54' title="bbox 275 3649 1865 3723">
    <p class='ocr_par' dir='ltr' id='par_1_54' title="bbox 275 3649 1865 3723">
     <span class='ocr_line' id='line_1_54' title="bbox 275 3649 1865 3723; baseline -0.004 -17"><span class='ocrx_word' id='word_1_375' title='bbox 275 3652 447 3715; x_wconf 82' lang='grc' dir='ltr'>τελῶς</span> <span class='ocrx_word' id='word_1_376' title='bbox 490 3652 832 3723; x_wconf 83' lang='grc' dir='ltr'>ἀποτρέπειν</span> <span class='ocrx_word' id='word_1_377' title='bbox 884 3651 1477 3723; x_wconf 80' lang='grc' dir='ltr'>προτεθορυσημένους</span> <span class='ocrx_word' id='word_1_378' title='bbox 1531 3649 1691 3711; x_wconf 81' lang='grc' dir='ltr'>ὄντας</span> <span class='ocrx_word' id='word_1_379' title='bbox 1750 3650 1865 3713; x_wconf 81' lang='grc' dir='ltr'>τοῖς</span> 
     </span>
    </p>
   </div>
   <div class='ocr_carea' id='block_1_55' title="bbox 274 3742 1865 3817">
    <p class='ocr_par' dir='ltr' id='par_1_55' title="bbox 274 3742 1865 3817">
     <span class='ocr_line' id='line_1_55' title="bbox 274 3742 1865 3817; baseline -0.001 -20"><span class='ocrx_word' id='word_1_380' title='bbox 274 3748 381 3799; x_wconf 76' lang='grc' dir='ltr'><strong>ὑπὸ</strong></span> <span class='ocrx_word' id='word_1_381' title='bbox 411 3744 513 3800; x_wconf 80' lang='grc' dir='ltr'><strong>σοῦ</strong></span> <span class='ocrx_word' id='word_1_382' title='bbox 543 3745 810 3809; x_wconf 76' lang='grc' dir='ltr'>πολλάκις</span> <span class='ocrx_word' id='word_1_383' title='bbox 840 3746 1173 3817; x_wconf 84' lang='grc' dir='ltr'>εἰρημένοις,</span> <span class='ocrx_word' id='word_1_384' title='bbox 1210 3746 1285 3808; x_wconf 85' lang='grc' dir='ltr'><strong>ὡς</strong></span> <span class='ocrx_word' id='word_1_385' title='bbox 1337 3744 1603 3815; x_wconf 85' lang='grc' dir='ltr'>Ῥωμαῖοι</span> <span class='ocrx_word' id='word_1_386' title='bbox 1632 3742 1865 3797; x_wconf 87' lang='grc' dir='ltr'>δώσουσι</span> 
     </span>
    </p>
   </div>
   <div class='ocr_carea' id='block_1_56' title="bbox 274 3835 1861 3908">
    <p class='ocr_par' dir='ltr' id='par_1_56' title="bbox 274 3835 1861 3908">
     <span class='ocr_line' id='line_1_56' title="bbox 274 3835 1861 3908; baseline 0.001 -20"><span class='ocrx_word' id='word_1_387' title='bbox 274 3839 333 3888; x_wconf 79' lang='grc' dir='ltr'>τὸ</span> <span class='ocrx_word' id='word_1_388' title='bbox 362 3835 714 3908; x_wconf 75' lang='grc' dir='ltr'>ζητούμενόν</span> <span class='ocrx_word' id='word_1_389' title='bbox 747 3853 831 3890; x_wconf 90' lang='grc' dir='ltr'><strong>σοι</strong></span> <span class='ocrx_word' id='word_1_390' title='bbox 860 3837 966 3891; x_wconf 80' lang='grc' dir='ltr'>κᾶν</span> <span class='ocrx_word' id='word_1_391' title='bbox 1001 3838 1194 3908; x_wconf 69' lang='grc' dir='ltr'>μηδεὶς</span> <span class='ocrx_word' id='word_1_392' title='bbox 1242 3836 1405 3901; x_wconf 77' lang='grc' dir='ltr'>ἄλλος</span> <span class='ocrx_word' id='word_1_393' title='bbox 1428 3836 1607 3891; x_wconf 82' lang='grc' dir='ltr'>ὲθέλοι</span> <span class='ocrx_word' id='word_1_394' title='bbox 1639 3835 1861 3889; x_wconf 81' lang='grc' dir='ltr'>διδόναι.</span> 
     </span>
    </p>
   </div>
   <div class='ocr_carea' id='block_1_57' title="bbox 274 3928 1866 4004">
    <p class='ocr_par' dir='ltr' id='par_1_57' title="bbox 274 3928 1866 4004">
     <span class='ocr_line' id='line_1_57' title="bbox 274 3928 1866 4004; baseline -0.001 -23"><span class='ocrx_word' id='word_1_395' title='bbox 274 3932 371 3983; x_wconf 72' lang='grc' dir='ltr'>Διὰ</span> <span class='ocrx_word' id='word_1_396' title='bbox 393 3928 579 3984; x_wconf 80' lang='grc' dir='ltr'>ταῦτα</span> <span class='ocrx_word' id='word_1_397' title='bbox 609 3929 939 4003; x_wconf 83' lang='grc' dir='ltr'>εἰσηγοῦμαί</span> <span class='ocrx_word' id='word_1_398' title='bbox 985 3947 1069 3984; x_wconf 86' lang='grc' dir='ltr'><strong>σοι</strong></span> <span class='ocrx_word' id='word_1_399' title='bbox 1096 3930 1196 4004; x_wconf 80' lang='grc' dir='ltr'><strong>τὴν</strong></span> <span class='ocrx_word' id='word_1_400' title='bbox 1224 3932 1282 3984; x_wconf 75' lang='grc' dir='ltr'>ἐν</span> <span class='ocrx_word' id='word_1_401' title='bbox 1304 3929 1383 4001; x_wconf 86' lang='grc' dir='ltr'>τῷ</span> <span class='ocrx_word' id='word_1_402' title='bbox 1414 3929 1663 4000; x_wconf 85' lang='grc' dir='ltr'>παλατίῳ</span> <span class='ocrx_word' id='word_1_403' title='bbox 1695 3928 1866 4000; x_wconf 84' lang='grc' dir='ltr'>πρόσ-</span> 
     </span>
    </p>
   </div>
   <div class='ocr_carea' id='block_1_58' title="bbox 275 4024 1863 4096">
    <p class='ocr_par' dir='ltr' id='par_1_58' title="bbox 275 4024 1863 4096">
     <span class='ocr_line' id='line_1_58' title="bbox 275 4024 1863 4096; baseline 0.001 -21"><span class='ocrx_word' id='word_1_404' title='bbox 275 4026 471 4094; x_wconf 77' lang='grc' dir='ltr'>κλησιν</span> <span class='ocrx_word' id='word_1_405' title='bbox 495 4025 839 4096; x_wconf 82' lang='grc' dir='ltr'>ποιήσασθαι</span> <span class='ocrx_word' id='word_1_406' title='bbox 885 4025 1069 4079; x_wconf 80' lang='grc' dir='ltr'>αὐτῶν</span> <span class='ocrx_word' id='word_1_407' title='bbox 1096 4032 1156 4080; x_wconf 73' lang='grc' dir='ltr'><strong>τι</strong></span> <span class='ocrx_word' id='word_1_408' title='bbox 1180 4027 1276 4079; x_wconf 74' lang='grc' dir='ltr'>καὶ</span> <span class='ocrx_word' id='word_1_409' title='bbox 1312 4026 1493 4095; x_wconf 78' lang='grc' dir='ltr'>ἡμῶν,</span> <span class='ocrx_word' id='word_1_410' title='bbox 1525 4024 1666 4078; x_wconf 78' lang='grc' dir='ltr'>ὥστε</span> <span class='ocrx_word' id='word_1_411' title='bbox 1699 4040 1863 4077; x_wconf 66' lang='lat' dir='ltr'><strong>xan-</strong></span> 
     </span>
    </p>
   </div>
   <div class='ocr_carea' id='block_1_59' title="bbox 277 4116 1865 4189">
    <p class='ocr_par' dir='ltr' id='par_1_59' title="bbox 277 4116 1865 4189">
     <span class='ocr_line' id='line_1_59' title="bbox 277 4116 1865 4189; baseline 0.001 -23"><span class='ocrx_word' id='word_1_412' title='bbox 277 4116 483 4170; x_wconf 80' lang='grc' dir='ltr'>νώπιόν</span> <span class='ocrx_word' id='word_1_413' title='bbox 514 4134 613 4189; x_wconf 65' lang='grc' dir='ltr'><strong>σου</strong></span> <span class='ocrx_word' id='word_1_414' title='bbox 644 4119 949 4180; x_wconf 80' lang='grc' dir='ltr'>ἑνωθέντας</span> <span class='ocrx_word' id='word_1_415' title='bbox 980 4119 1013 4189; x_wconf 74' lang='grc' dir='ltr'>ἡ</span> <span class='ocrx_word' id='word_1_416' title='bbox 1025 4120 1129 4186; x_wconf 81' lang='grc' dir='ltr'><strong>μᾶς</strong></span> <span class='ocrx_word' id='word_1_417' title='bbox 1157 4118 1245 4172; x_wconf 74' lang='grc' dir='ltr'><strong>καί</strong></span> <span class='ocrx_word' id='word_1_418' title='bbox 1285 4118 1413 4171; x_wconf 84' lang='grc' dir='ltr'>ἰδεῖν</span> <span class='ocrx_word' id='word_1_419' title='bbox 1462 4120 1557 4170; x_wconf 66' lang='grc' dir='ltr'>καὶ</span> <span class='ocrx_word' id='word_1_420' title='bbox 1593 4116 1865 4187; x_wconf 77' lang='grc' dir='ltr'>περιπτύ-</span> 
     </span>
    </p>
   </div>
   <div class='ocr_carea' id='block_1_60' title="bbox 278 4208 1366 4279">
    <p class='ocr_par' dir='ltr' id='par_1_60' title="bbox 278 4208 1366 4279">
     <span class='ocr_line' id='line_1_60' title="bbox 278 4208 1366 4279; baseline 0.002 -17"><span class='ocrx_word' id='word_1_421' title='bbox 278 4210 482 4274; x_wconf 76' lang='grc' dir='ltr'>ξασθαι</span> <span class='ocrx_word' id='word_1_422' title='bbox 512 4208 613 4263; x_wconf 76' lang='grc' dir='ltr'>καὶ</span> <span class='ocrx_word' id='word_1_423' title='bbox 640 4210 875 4264; x_wconf 78' lang='grc' dir='ltr'>ἀκοῦσαι</span> <span class='ocrx_word' id='word_1_424' title='bbox 900 4212 971 4263; x_wconf 70' lang='grc' dir='ltr'>τὰ</span> <span class='ocrx_word' id='word_1_425' title='bbox 1006 4210 1136 4279; x_wconf 82' lang='grc' dir='ltr'>παρ’</span> <span class='ocrx_word' id='word_1_426' title='bbox 1164 4209 1366 4264; x_wconf 74' lang='grc' dir='ltr'>αὐτῶν.</span> 
     </span>
    </p>
   </div>
   <div class='ocr_carea' id='block_1_61' title="bbox 360 4294 1864 4371">
    <p class='ocr_par' dir='ltr' id='par_1_61' title="bbox 360 4294 1864 4371">
     <span class='ocr_line' id='line_1_61' title="bbox 360 4294 1864 4371; baseline -0.003 -18"><span class='ocrx_word' id='word_1_427' title='bbox 360 4300 505 4353; x_wconf 74' lang='grc' dir='ltr'>Ἀλλ’</span> <span class='ocrx_word' id='word_1_428' title='bbox 566 4294 688 4370; x_wconf 77' lang='grc' dir='ltr'><strong>ἦνό</strong></span> <span class='ocrx_word' id='word_1_429' title='bbox 719 4299 1007 4371; x_wconf 74' lang='grc' dir='ltr'>ἄνθρωπος</span> <span class='ocrx_word' id='word_1_430' title='bbox 1049 4298 1187 4369; x_wconf 78' lang='grc' dir='ltr'>πρὸς</span> <span class='ocrx_word' id='word_1_431' title='bbox 1244 4297 1303 4351; x_wconf 82' lang='grc' dir='ltr'>ἒν</span> <span class='ocrx_word' id='word_1_432' title='bbox 1354 4296 1517 4369; x_wconf 85' lang='grc' dir='ltr'>μόνον</span> <span class='ocrx_word' id='word_1_433' title='bbox 1560 4296 1702 4367; x_wconf 82' lang='grc' dir='ltr'>δρῶν</span> <span class='ocrx_word' id='word_1_434' title='bbox 1762 4296 1864 4365; x_wconf 76' lang='grc' dir='ltr'>τὴν</span> 
     </span>
    </p>
   </div>
   <div class='ocr_carea' id='block_1_62' title="bbox 275 4390 1864 4461">
    <p class='ocr_par' dir='ltr' id='par_1_62' title="bbox 275 4390 1864 4461">
     <span class='ocr_line' id='line_1_62' title="bbox 275 4390 1864 4461; baseline -0.001 -15"><span class='ocrx_word' id='word_1_435' title='bbox 275 4393 440 4461; x_wconf 77' lang='grc' dir='ltr'>ἡμῶν</span> <span class='ocrx_word' id='word_1_436' title='bbox 478 4391 757 4457; x_wconf 74' lang='grc' dir='ltr'>ὲκδίωξιν,</span> <span class='ocrx_word' id='word_1_437' title='bbox 789 4394 889 4446; x_wconf 65' lang='grc' dir='ltr'><strong>καί⁵</strong></span> <span class='ocrx_word' id='word_1_438' title='bbox 911 4392 1001 4444; x_wconf 73' lang='grc' dir='ltr'><strong>διὰ</strong></span> <span class='ocrx_word' id='word_1_439' title='bbox 1027 4390 1247 4444; x_wconf 79' lang='grc' dir='ltr'>πάντων</span> <span class='ocrx_word' id='word_1_440' title='bbox 1281 4391 1573 4458; x_wconf 81' lang='grc' dir='ltr'>συνέλεγεν</span> <span class='ocrx_word' id='word_1_441' title='bbox 1604 4390 1864 4460; x_wconf 77' lang='grc' dir='ltr'>ἀφορμὰς</span> 
     </span>
    </p>
   </div>
   <div class='ocr_carea' id='block_1_63' title="bbox 1963 1899 3549 1977">
    <p class='ocr_par' dir='ltr' id='par_1_63' title="bbox 1963 1899 3549 1977">
     <span class='ocr_line' id='line_1_63' title="bbox 1963 1899 3549 1977; baseline 0.015 -28"><span class='ocrx_word' id='word_1_442' title='bbox 1963 1911 2085 1950; x_wconf 91' lang='lat' dir='ltr'><strong>nem</strong></span> <span class='ocrx_word' id='word_1_443' title='bbox 2141 1899 2302 1954; x_wconf 89' lang='lat' dir='ltr'><strong>nobis</strong></span> <span class='ocrx_word' id='word_1_444' title='bbox 2356 1917 2419 1956; x_wconf 84' lang='lat' dir='ltr'><strong>ex</strong></span> <span class='ocrx_word' id='word_1_445' title='bbox 2463 1905 2705 1973; x_wconf 87' lang='lat' dir='ltr'><strong>antiquis</strong></span> <span class='ocrx_word' id='word_1_446' title='bbox 2753 1915 2810 1961; x_wconf 90' lang='lat' dir='ltr'><strong>et</strong></span> <span class='ocrx_word' id='word_1_447' title='bbox 2863 1923 2956 1977; x_wconf 92' lang='lat' dir='ltr'><strong>per</strong></span> <span class='ocrx_word' id='word_1_448' title='bbox 3006 1908 3197 1967; x_wconf 85' lang='lat' dir='ltr'><strong>Patres</strong></span> <span class='ocrx_word' id='word_1_449' title='bbox 3237 1916 3549 1972; x_wconf 81' lang='lat' dir='ltr'><strong>constitutis</strong></span> 
     </span>
    </p>
   </div>
   <div class='ocr_carea' id='block_1_64' title="bbox 1967 1990 3549 2075">
    <p class='ocr_par' dir='ltr' id='par_1_64' title="bbox 1967 1990 3549 2075">
     <span class='ocr_line' id='line_1_64' title="bbox 1967 1990 3549 2075; baseline 0.015 -34"><span class='ocrx_word' id='word_1_450' title='bbox 1967 1990 2353 2047; x_wconf 82' lang='lat' dir='ltr'><strong>sanctionibus</strong></span> <span class='ocrx_word' id='word_1_451' title='bbox 2378 1992 2615 2050; x_wconf 82' lang='lat' dir='ltr'><strong>debitam</strong></span> <span class='ocrx_word' id='word_1_452' title='bbox 2645 1997 2769 2053; x_wconf 87' lang='lat' dir='ltr'><strong>aliis</strong></span> <span class='ocrx_word' id='word_1_453' title='bbox 2800 2000 3092 2069; x_wconf 79' lang='lat' dir='ltr'><strong>conferret,</strong></span> <span class='ocrx_word' id='word_1_454' title='bbox 3119 2015 3171 2057; x_wconf 87' lang='lat' dir='ltr'><strong>et</strong></span> <span class='ocrx_word' id='word_1_455' title='bbox 3205 2004 3306 2060; x_wconf 86' lang='lat' dir='ltr'><strong>hoc</strong></span> <span class='ocrx_word' id='word_1_456' title='bbox 3329 2009 3549 2075; x_wconf 89' lang='lat' dir='ltr'><strong>quidem</strong></span> 
     </span>
    </p>
   </div>
   <div class='ocr_carea' id='block_1_65' title="bbox 1963 2077 3548 2164">
    <p class='ocr_par' dir='ltr' id='par_1_65' title="bbox 1963 2077 3548 2164">
     <span class='ocr_line' id='line_1_65' title="bbox 1963 2077 3548 2164; baseline 0.015 -33"><span class='ocrx_word' id='word_1_457' title='bbox 1963 2077 2018 2132; x_wconf 93' lang='lat' dir='ltr'><strong>in</strong></span> <span class='ocrx_word' id='word_1_458' title='bbox 2044 2095 2102 2135; x_wconf 90' lang='lat' dir='ltr'><strong>re</strong></span> <span class='ocrx_word' id='word_1_459' title='bbox 2123 2085 2385 2140; x_wconf 86' lang='lat' dir='ltr'><strong>canonice</strong></span> <span class='ocrx_word' id='word_1_460' title='bbox 2414 2087 2689 2156; x_wconf 88' lang='lat' dir='ltr'><strong>prohibita</strong></span> <span class='ocrx_word' id='word_1_461' title='bbox 2713 2099 2766 2144; x_wconf 90' lang='lat' dir='ltr'><strong>et</strong></span> <span class='ocrx_word' id='word_1_462' title='bbox 2787 2080 3548 2164; x_wconf 46' lang='lat' dir='ltr'><strong>condemnanda?Quomodo</strong></span> 
     </span>
    </p>
   </div>
   <div class='ocr_carea' id='block_1_66' title="bbox 1962 2171 3544 2249">
    <p class='ocr_par' dir='ltr' id='par_1_66' title="bbox 1962 2171 3544 2249">
     <span class='ocr_line' id='line_1_66' title="bbox 1962 2171 3544 2249; baseline 0.015 -25"><span class='ocrx_word' id='word_1_463' title='bbox 1962 2171 2106 2225; x_wconf 88' lang='lat' dir='ltr'><strong>enim</strong></span> <span class='ocrx_word' id='word_1_464' title='bbox 2142 2173 2349 2229; x_wconf 89' lang='lat' dir='ltr'><strong>licitum</strong></span> <span class='ocrx_word' id='word_1_465' title='bbox 2370 2217 2385 2242; x_wconf 91' lang='lat'><strong>,</strong></span> <span class='ocrx_word' id='word_1_466' title='bbox 2419 2181 2696 2249; x_wconf 88' lang='lat' dir='ltr'><strong>quomodo</strong></span> <span class='ocrx_word' id='word_1_467' title='bbox 2730 2180 2989 2240; x_wconf 69' lang='lat' dir='ltr'><strong>Ecclesiae</strong></span> <span class='ocrx_word' id='word_1_468' title='bbox 3019 2188 3185 2243; x_wconf 89' lang='lat' dir='ltr'><strong>statui</strong></span> <span class='ocrx_word' id='word_1_469' title='bbox 3209 2192 3544 2249; x_wconf 82' lang='lat' dir='ltr'><strong>conveniens</strong></span> 
     </span>
    </p>
   </div>
   <div class='ocr_carea' id='block_1_67' title="bbox 1966 2260 3547 2340">
    <p class='ocr_par' dir='ltr' id='par_1_67' title="bbox 1966 2260 3547 2340">
     <span class='ocr_line' id='line_1_67' title="bbox 1966 2260 3547 2340; baseline 0.016 -25"><span class='ocrx_word' id='word_1_470' title='bbox 1966 2260 2151 2329; x_wconf 77' lang='lat' dir='ltr'><strong>fuerit,</strong></span> <span class='ocrx_word' id='word_1_471' title='bbox 2189 2275 2247 2319; x_wconf 92' lang='lat' dir='ltr'><strong>ut</strong></span> <span class='ocrx_word' id='word_1_472' title='bbox 2278 2282 2379 2322; x_wconf 90' lang='lat' dir='ltr'><strong>nos</strong></span> <span class='ocrx_word' id='word_1_473' title='bbox 2411 2284 2441 2323; x_wconf 89' lang='lat' dir='ltr'><strong>a</strong></span> <span class='ocrx_word' id='word_1_474' title='bbox 2472 2280 2741 2339; x_wconf 76' lang='lat' dir='ltr'><strong>potestate</strong></span> <span class='ocrx_word' id='word_1_475' title='bbox 2771 2275 3039 2334; x_wconf 90' lang='lat' dir='ltr'><strong>divinitus</strong></span> <span class='ocrx_word' id='word_1_476' title='bbox 3062 2294 3322 2337; x_wconf 88' lang='lat' dir='ltr'><strong>concessa</strong></span> <span class='ocrx_word' id='word_1_477' title='bbox 3358 2285 3547 2340; x_wconf 78' lang='lat' dir='ltr'><strong>detru-</strong></span> 
     </span>
    </p>
   </div>
   <div class='ocr_carea' id='block_1_68' title="bbox 1964 2353 3548 2437">
    <p class='ocr_par' dir='ltr' id='par_1_68' title="bbox 1964 2353 3548 2437">
     <span class='ocr_line' id='line_1_68' title="bbox 1964 2353 3548 2437; baseline 0.013 -31"><span class='ocrx_word' id='word_1_478' title='bbox 1964 2353 2217 2409; x_wconf 77' lang='lat' dir='ltr'><strong>deremur</strong></span> <span class='ocrx_word' id='word_1_479' title='bbox 2239 2396 2253 2421; x_wconf 89' lang='lat'><strong>,</strong></span> <span class='ocrx_word' id='word_1_480' title='bbox 2283 2366 2340 2411; x_wconf 90' lang='lat' dir='ltr'><strong>et</strong></span> <span class='ocrx_word' id='word_1_481' title='bbox 2373 2358 2464 2413; x_wconf 90' lang='lat' dir='ltr'><strong>alii</strong></span> <span class='ocrx_word' id='word_1_482' title='bbox 2498 2360 2550 2413; x_wconf 88' lang='lat' dir='ltr'><strong>id</strong></span> <span class='ocrx_word' id='word_1_483' title='bbox 2582 2362 3031 2421; x_wconf 86' lang='lat' dir='ltr'><strong>administrarent</strong></span> <span class='ocrx_word' id='word_1_484' title='bbox 3081 2368 3225 2437; x_wconf 86' lang='lat' dir='ltr'><strong>quod</strong></span> <span class='ocrx_word' id='word_1_485' title='bbox 3273 2385 3341 2426; x_wconf 89' lang='lat' dir='ltr'><strong>ne</strong></span> <span class='ocrx_word' id='word_1_486' title='bbox 3386 2372 3548 2427; x_wconf 86' lang='lat' dir='ltr'><strong>nobis</strong></span> 
     </span>
    </p>
   </div>
   <div class='ocr_carea' id='block_1_69' title="bbox 1967 2448 3550 2531">
    <p class='ocr_par' dir='ltr' id='par_1_69' title="bbox 1967 2448 3550 2531">
     <span class='ocr_line' id='line_1_69' title="bbox 1967 2448 3550 2531; baseline 0.011 -33"><span class='ocrx_word' id='word_1_487' title='bbox 1967 2448 2193 2514; x_wconf 85' lang='lat' dir='ltr'><strong>quidem</strong></span> <span class='ocrx_word' id='word_1_488' title='bbox 2222 2486 2240 2513; x_wconf 91' lang='lat'><strong>,</strong></span> <span class='ocrx_word' id='word_1_489' title='bbox 2278 2449 2349 2505; x_wconf 93' lang='lat' dir='ltr'><strong>ob</strong></span> <span class='ocrx_word' id='word_1_490' title='bbox 2380 2466 2656 2506; x_wconf 90' lang='lat' dir='ltr'><strong>canonum</strong></span> <span class='ocrx_word' id='word_1_491' title='bbox 2694 2454 3137 2513; x_wconf 89' lang='lat' dir='ltr'><strong>interdictionem</strong></span> <span class='ocrx_word' id='word_1_492' title='bbox 3163 2502 3179 2525; x_wconf 91' lang='lat'><strong>,</strong></span> <span class='ocrx_word' id='word_1_493' title='bbox 3225 2463 3450 2531; x_wconf 81' lang='lat' dir='ltr'><strong>exsequi</strong></span> <span class='ocrx_word' id='word_1_494' title='bbox 3486 2464 3550 2516; x_wconf 87' lang='lat' dir='ltr'><strong>li-</strong></span> 
     </span>
    </p>
   </div>
   <div class='ocr_carea' id='block_1_70' title="bbox 1966 2540 3549 2621">
    <p class='ocr_par' dir='ltr' id='par_1_70' title="bbox 1966 2540 3549 2621">
     <span class='ocr_line' id='line_1_70' title="bbox 1966 2540 3549 2621; baseline 0.01 -28"><span class='ocrx_word' id='word_1_495' title='bbox 1966 2540 2117 2595; x_wconf 75' lang='lat' dir='ltr'><strong>cuit?</strong></span> <span class='ocrx_word' id='word_1_496' title='bbox 2148 2540 2217 2595; x_wconf 87' lang='lat' dir='ltr'><strong>At</strong></span> <span class='ocrx_word' id='word_1_497' title='bbox 2254 2540 2350 2596; x_wconf 82' lang='lat' dir='ltr'><strong>ille</strong></span> <span class='ocrx_word' id='word_1_498' title='bbox 2382 2556 2641 2600; x_wconf 87' lang='lat' dir='ltr'><strong>venturos</strong></span> <span class='ocrx_word' id='word_1_499' title='bbox 2675 2561 2795 2601; x_wconf 87' lang='lat' dir='ltr'><strong>esse</strong></span> <span class='ocrx_word' id='word_1_500' title='bbox 2842 2548 3081 2615; x_wconf 82' lang='lat' dir='ltr'><strong>jactabat</strong></span> <span class='ocrx_word' id='word_1_501' title='bbox 3110 2567 3139 2602; x_wconf 90' lang='lat' dir='ltr'><strong>a</strong></span> <span class='ocrx_word' id='word_1_502' title='bbox 3167 2553 3366 2621; x_wconf 86' lang='lat' dir='ltr'><strong>quibus</strong></span> <span class='ocrx_word' id='word_1_503' title='bbox 3398 2552 3549 2609; x_wconf 80' lang='lat' dir='ltr'><strong>desi-</strong></span> 
     </span>
    </p>
   </div>
   <div class='ocr_carea' id='block_1_71' title="bbox 1966 2628 3549 2698">
    <p class='ocr_par' dir='ltr' id='par_1_71' title="bbox 1966 2628 3549 2698">
     <span class='ocr_line' id='line_1_71' title="bbox 1966 2628 3549 2698; baseline 0.008 -16"><span class='ocrx_word' id='word_1_504' title='bbox 1966 2628 2102 2683; x_wconf 89' lang='lat' dir='ltr'><strong>derii</strong></span> <span class='ocrx_word' id='word_1_505' title='bbox 2144 2645 2372 2698; x_wconf 90' lang='lat' dir='ltr'><strong>compos</strong></span> <span class='ocrx_word' id='word_1_506' title='bbox 2412 2632 2755 2697; x_wconf 83' lang='lat' dir='ltr'><strong>redderetur,</strong></span> <span class='ocrx_word' id='word_1_507' title='bbox 2796 2636 3010 2690; x_wconf 87' lang='lat' dir='ltr'><strong>etiamsi</strong></span> <span class='ocrx_word' id='word_1_508' title='bbox 3038 2652 3273 2694; x_wconf 90' lang='lat' dir='ltr'><strong>canones</strong></span> <span class='ocrx_word' id='word_1_509' title='bbox 3315 2640 3367 2693; x_wconf 90' lang='lat' dir='ltr'><strong>id</strong></span> <span class='ocrx_word' id='word_1_510' title='bbox 3398 2650 3549 2695; x_wconf 85' lang='lat' dir='ltr'><strong>veta-</strong></span> 
     </span>
    </p>
   </div>
   <div class='ocr_carea' id='block_1_72' title="bbox 1968 2720 3550 2794">
    <p class='ocr_par' dir='ltr' id='par_1_72' title="bbox 1968 2720 3550 2794">
     <span class='ocr_line' id='line_1_72' title="bbox 1968 2720 3550 2794; baseline 0.009 -23"><span class='ocrx_word' id='word_1_511' title='bbox 1968 2731 2108 2773; x_wconf 70' lang='lat' dir='ltr'><strong>rt-ut.</strong></span> <span class='ocrx_word' id='word_1_512' title='bbox 2132 2720 2400 2775; x_wconf 69' lang='lat' dir='ltr'><strong>Caeterum</strong></span> <span class='ocrx_word' id='word_1_513' title='bbox 2425 2722 2571 2778; x_wconf 88' lang='lat' dir='ltr'><strong>haud</strong></span> <span class='ocrx_word' id='word_1_514' title='bbox 2593 2724 2933 2794; x_wconf 78' lang='lat' dir='ltr'><strong>ignoramus,</strong></span> <span class='ocrx_word' id='word_1_515' title='bbox 2953 2743 3201 2792; x_wconf 90' lang='lat' dir='ltr'><strong>sparsum</strong></span> <span class='ocrx_word' id='word_1_516' title='bbox 3228 2728 3361 2785; x_wconf 81' lang='lat' dir='ltr'><strong>falso</strong></span> <span class='ocrx_word' id='word_1_517' title='bbox 3377 2730 3550 2786; x_wconf 80' lang='lat' dir='ltr'><strong>fuisse</strong></span> 
     </span>
    </p>
   </div>
   <div class='ocr_carea' id='block_1_73' title="bbox 1969 2815 3549 2892">
    <p class='ocr_par' dir='ltr' id='par_1_73' title="bbox 1969 2815 3549 2892">
     <span class='ocr_line' id='line_1_73' title="bbox 1969 2815 3549 2892; baseline 0.009 -27"><span class='ocrx_word' id='word_1_518' title='bbox 1969 2828 2269 2879; x_wconf 89' lang='lat' dir='ltr'><strong>rumorem,</strong></span> <span class='ocrx_word' id='word_1_519' title='bbox 2328 2815 2485 2885; x_wconf 67' lang='lat' dir='ltr'><strong>quasi</strong></span> <span class='ocrx_word' id='word_1_520' title='bbox 2548 2831 2689 2883; x_wconf 88' lang='lat' dir='ltr'><strong>nos,</strong></span> <span class='ocrx_word' id='word_1_521' title='bbox 2742 2819 2995 2887; x_wconf 84' lang='lat' dir='ltr'><strong>superbia</strong></span> <span class='ocrx_word' id='word_1_522' title='bbox 3056 2821 3226 2886; x_wconf 88' lang='lat' dir='ltr'><strong>elati,</strong></span> <span class='ocrx_word' id='word_1_523' title='bbox 3263 2838 3440 2892; x_wconf 85' lang='lat' dir='ltr'><strong>neque</strong></span> <span class='ocrx_word' id='word_1_524' title='bbox 3495 2825 3549 2879; x_wconf 92' lang='lat' dir='ltr'><strong>in</strong></span> 
     </span>
    </p>
   </div>
   <div class='ocr_carea' id='block_1_74' title="bbox 1968 2907 3552 2979">
    <p class='ocr_par' dir='ltr' id='par_1_74' title="bbox 1968 2907 3552 2979">
     <span class='ocr_line' id='line_1_74' title="bbox 1968 2907 3552 2979; baseline 0.007 -20"><span class='ocrx_word' id='word_1_525' title='bbox 1968 2914 2323 2975; x_wconf 87' lang='lat' dir='ltr'><strong>conspectum</strong></span> <span class='ocrx_word' id='word_1_526' title='bbox 2348 2922 2526 2975; x_wconf 87' lang='lat' dir='ltr'><strong>neque</strong></span> <span class='ocrx_word' id='word_1_527' title='bbox 2557 2907 2611 2962; x_wconf 92' lang='lat' dir='ltr'><strong>in</strong></span> <span class='ocrx_word' id='word_1_528' title='bbox 2650 2908 2984 2979; x_wconf 89' lang='lat' dir='ltr'><strong>colloquium</strong></span> <span class='ocrx_word' id='word_1_529' title='bbox 3020 2911 3320 2978; x_wconf 72' lang='lat' dir='ltr'><strong>legatorum</strong></span> <span class='ocrx_word' id='word_1_530' title='bbox 3350 2915 3552 2970; x_wconf 76' lang='lat' dir='ltr'><strong>Roma-</strong></span> 
     </span>
    </p>
   </div>
   <div class='ocr_carea' id='block_1_75' title="bbox 1970 2997 3553 3076">
    <p class='ocr_par' dir='ltr' id='par_1_75' title="bbox 1970 2997 3553 3076">
     <span class='ocr_line' id='line_1_75' title="bbox 1970 2997 3553 3076; baseline 0.009 -30"><span class='ocrx_word' id='word_1_531' title='bbox 1970 3008 2164 3048; x_wconf 90' lang='lat' dir='ltr'><strong>norum</strong></span> <span class='ocrx_word' id='word_1_532' title='bbox 2196 2997 2385 3051; x_wconf 84' lang='lat' dir='ltr'><strong>venire</strong></span> <span class='ocrx_word' id='word_1_533' title='bbox 2430 2998 2789 3055; x_wconf 84' lang='lat' dir='ltr'><strong>voluerimus.</strong></span> <span class='ocrx_word' id='word_1_534' title='bbox 2849 2999 2957 3071; x_wconf 77' lang='lat' dir='ltr'><strong>Ego</strong></span> <span class='ocrx_word' id='word_1_535' title='bbox 2982 3013 3166 3058; x_wconf 85' lang='lat' dir='ltr'><strong>autem</strong></span> <span class='ocrx_word' id='word_1_536' title='bbox 3213 3004 3422 3059; x_wconf 75' lang='lat' dir='ltr'><strong>allit&#39;mo</strong></span> <span class='ocrx_word' id='word_1_537' title='bbox 3455 3020 3553 3076; x_wconf 72' lang='lat' dir='ltr'><strong>per</strong></span> 
     </span>
    </p>
   </div>
   <div class='ocr_carea' id='block_1_76' title="bbox 1969 3082 3549 3164">
    <p class='ocr_par' dir='ltr' id='par_1_76' title="bbox 1969 3082 3549 3164">
     <span class='ocr_line' id='line_1_76' title="bbox 1969 3082 3549 3164; baseline 0.008 -28"><span class='ocrx_word' id='word_1_538' title='bbox 1969 3082 2164 3147; x_wconf 80' lang='lat' dir='ltr'><strong>Deum,</strong></span> <span class='ocrx_word' id='word_1_539' title='bbox 2198 3102 2385 3141; x_wconf 87' lang='lat' dir='ltr'><strong>coram</strong></span> <span class='ocrx_word' id='word_1_540' title='bbox 2431 3103 2542 3157; x_wconf 92' lang='lat' dir='ltr'><strong>quo</strong></span> <span class='ocrx_word' id='word_1_541' title='bbox 2568 3090 2683 3157; x_wconf 82' lang='lat' dir='ltr'><strong>jam</strong></span> <span class='ocrx_word' id='word_1_542' title='bbox 2735 3099 2877 3144; x_wconf 81' lang='lat' dir='ltr'><strong>astat</strong></span> <span class='ocrx_word' id='word_1_543' title='bbox 2909 3092 2999 3146; x_wconf 89' lang='lat' dir='ltr'><strong>ille</strong></span> <span class='ocrx_word' id='word_1_544' title='bbox 3038 3095 3276 3148; x_wconf 84' lang='lat' dir='ltr'><strong>tumoris</strong></span> <span class='ocrx_word' id='word_1_545' title='bbox 3304 3109 3549 3164; x_wconf 72' lang='lat' dir='ltr'><strong>Sparsor,</strong></span> 
     </span>
    </p>
   </div>
   <div class='ocr_carea' id='block_1_77' title="bbox 1968 3178 3550 3257">
    <p class='ocr_par' dir='ltr' id='par_1_77' title="bbox 1968 3178 3550 3257">
     <span class='ocr_line' id='line_1_77' title="bbox 1968 3178 3550 3257; baseline 0.01 -30"><span class='ocrx_word' id='word_1_546' title='bbox 1968 3192 2069 3231; x_wconf 91' lang='lat' dir='ltr'><strong>nos</strong></span> <span class='ocrx_word' id='word_1_547' title='bbox 2136 3186 2317 3232; x_wconf 90' lang='lat' dir='ltr'><strong>autem</strong></span> <span class='ocrx_word' id='word_1_548' title='bbox 2368 3178 2620 3235; x_wconf 80' lang='lat' dir='ltr'><strong>fortassis</strong></span> <span class='ocrx_word' id='word_1_549' title='bbox 2684 3183 2846 3235; x_wconf 89' lang='lat' dir='ltr'><strong>hodie</strong></span> <span class='ocrx_word' id='word_1_550' title='bbox 2895 3183 2979 3237; x_wconf 84' lang='lat' dir='ltr'><strong>vel</strong></span> <span class='ocrx_word' id='word_1_551' title='bbox 3035 3199 3160 3239; x_wconf 87' lang='lat' dir='ltr'><strong>cras</strong></span> <span class='ocrx_word' id='word_1_552' title='bbox 3206 3188 3550 3257; x_wconf 87' lang='lat' dir='ltr'><strong>astabimus,</strong></span> 
     </span>
    </p>
   </div>
   <div class='ocr_carea' id='block_1_78' title="bbox 1967 3267 3553 3340">
    <p class='ocr_par' dir='ltr' id='par_1_78' title="bbox 1967 3267 3553 3340">
     <span class='ocr_line' id='line_1_78' title="bbox 1967 3267 3553 3340; baseline 0.009 -19"><span class='ocrx_word' id='word_1_553' title='bbox 1967 3267 2209 3335; x_wconf 71' lang='lat' dir='ltr'><strong>afﬁrmo,</strong></span> <span class='ocrx_word' id='word_1_554' title='bbox 2241 3270 2490 3340; x_wconf 89' lang='lat' dir='ltr'><strong>inquam,</strong></span> <span class='ocrx_word' id='word_1_555' title='bbox 2525 3285 2612 3325; x_wconf 92' lang='lat' dir='ltr'><strong>me</strong></span> <span class='ocrx_word' id='word_1_556' title='bbox 2642 3271 2715 3325; x_wconf 92' lang='lat' dir='ltr'><strong>illi</strong></span> <span class='ocrx_word' id='word_1_557' title='bbox 2745 3272 2989 3331; x_wconf 79' lang='lat' dir='ltr'><strong>dixisse:</strong></span> <span class='ocrx_word' id='word_1_558' title='bbox 3021 3272 3207 3330; x_wconf 79' lang='lat' dir='ltr'><strong>Nostri</strong></span> <span class='ocrx_word' id='word_1_559' title='bbox 3240 3279 3553 3335; x_wconf 65' lang='lat' dir='ltr'><strong>sacerdotes</strong></span> 
     </span>
    </p>
   </div>
   <div class='ocr_carea' id='block_1_79' title="bbox 1965 3361 3553 3435">
    <p class='ocr_par' dir='ltr' id='par_1_79' title="bbox 1965 3361 3553 3435">
     <span class='ocr_line' id='line_1_79' title="bbox 1965 3361 3553 3435; baseline 0.007 -21"><span class='ocrx_word' id='word_1_560' title='bbox 1965 3375 2109 3429; x_wconf 81' lang='lat' dir='ltr'><strong>:egre</strong></span> <span class='ocrx_word' id='word_1_561' title='bbox 2145 3361 2325 3417; x_wconf 82' lang='lat' dir='ltr'><strong>lerunt</strong></span> <span class='ocrx_word' id='word_1_562' title='bbox 2355 3362 2649 3418; x_wconf 81' lang='lat' dir='ltr'><strong>convenire</strong></span> <span class='ocrx_word' id='word_1_563' title='bbox 2689 3362 2969 3419; x_wconf 80' lang='lat' dir='ltr'><strong>Romanos</strong></span> <span class='ocrx_word' id='word_1_564' title='bbox 2996 3366 3212 3435; x_wconf 84' lang='lat' dir='ltr'><strong>publice</strong></span> <span class='ocrx_word' id='word_1_565' title='bbox 3245 3379 3298 3422; x_wconf 88' lang='lat' dir='ltr'><strong>et</strong></span> <span class='ocrx_word' id='word_1_566' title='bbox 3327 3372 3553 3425; x_wconf 81' lang='lat' dir='ltr'><strong>omnino</strong></span> 
     </span>
    </p>
   </div>
   <div class='ocr_carea' id='block_1_80' title="bbox 1967 3456 3548 3524">
    <p class='ocr_par' dir='ltr' id='par_1_80' title="bbox 1967 3456 3548 3524">
     <span class='ocr_line' id='line_1_80' title="bbox 1967 3456 3548 3524; baseline 0.007 -17"><span class='ocrx_word' id='word_1_567' title='bbox 1967 3465 2275 3520; x_wconf 85' lang='lat' dir='ltr'><strong>recusant,</strong></span> <span class='ocrx_word' id='word_1_568' title='bbox 2332 3456 2713 3524; x_wconf 71' lang='lat' dir='ltr'><strong>perterrefacti</strong></span> <span class='ocrx_word' id='word_1_569' title='bbox 2790 3458 3137 3514; x_wconf 87' lang='lat' dir='ltr'><strong>sermonibus</strong></span> <span class='ocrx_word' id='word_1_570' title='bbox 3188 3460 3295 3514; x_wconf 89' lang='lat' dir='ltr'><strong>tuis</strong></span> <span class='ocrx_word' id='word_1_571' title='bbox 3348 3462 3548 3517; x_wconf 83' lang='lat' dir='ltr'><strong>iterum</strong></span> 
     </span>
    </p>
   </div>
   <div class='ocr_carea' id='block_1_81' title="bbox 1967 3544 3553 3624">
    <p class='ocr_par' dir='ltr' id='par_1_81' title="bbox 1967 3544 3553 3624">
     <span class='ocr_line' id='line_1_81' title="bbox 1967 3544 3553 3624; baseline 0.008 -26"><span class='ocrx_word' id='word_1_572' title='bbox 1967 3544 2277 3616; x_wconf 89' lang='lat' dir='ltr'><strong>iterumque</strong></span> <span class='ocrx_word' id='word_1_573' title='bbox 2312 3547 2583 3617; x_wconf 87' lang='lat' dir='ltr'><strong>repetitis,</strong></span> <span class='ocrx_word' id='word_1_574' title='bbox 2622 3549 2884 3605; x_wconf 88' lang='lat' dir='ltr'><strong>nimirum</strong></span> <span class='ocrx_word' id='word_1_575' title='bbox 2935 3548 3215 3606; x_wconf 81' lang='lat' dir='ltr'><strong>Romanos</strong></span> <span class='ocrx_word' id='word_1_576' title='bbox 3262 3552 3354 3607; x_wconf 91' lang='lat' dir='ltr'><strong>tibi</strong></span> <span class='ocrx_word' id='word_1_577' title='bbox 3406 3559 3553 3624; x_wconf 89' lang='lat' dir='ltr'><strong>quod</strong></span> 
     </span>
    </p>
   </div>
   <div class='ocr_carea' id='block_1_82' title="bbox 1966 3639 3551 3713">
    <p class='ocr_par' dir='ltr' id='par_1_82' title="bbox 1966 3639 3551 3713">
     <span class='ocr_line' id='line_1_82' title="bbox 1966 3639 3551 3713; baseline 0.006 -21"><span class='ocrx_word' id='word_1_578' title='bbox 1966 3640 2166 3708; x_wconf 68' lang='lat' dir='ltr'><strong>quaeris</strong></span> <span class='ocrx_word' id='word_1_579' title='bbox 2191 3639 2417 3695; x_wconf 90' lang='lat' dir='ltr'><strong>daturos</strong></span> <span class='ocrx_word' id='word_1_580' title='bbox 2439 3656 2583 3706; x_wconf 88' lang='lat' dir='ltr'><strong>esse,</strong></span> <span class='ocrx_word' id='word_1_581' title='bbox 2614 3642 2719 3697; x_wconf 88' lang='lat' dir='ltr'><strong>etsi</strong></span> <span class='ocrx_word' id='word_1_582' title='bbox 2774 3658 2936 3698; x_wconf 85' lang='lat' dir='ltr'><strong>nemo</strong></span> <span class='ocrx_word' id='word_1_583' title='bbox 2963 3645 3104 3701; x_wconf 89' lang='lat' dir='ltr'><strong>alius</strong></span> <span class='ocrx_word' id='word_1_584' title='bbox 3133 3646 3264 3701; x_wconf 89' lang='lat' dir='ltr'><strong>dare</strong></span> <span class='ocrx_word' id='word_1_585' title='bbox 3300 3646 3551 3713; x_wconf 84' lang='lat' dir='ltr'><strong>voluerit;</strong></span> 
     </span>
    </p>
   </div>
   <div class='ocr_carea' id='block_1_83' title="bbox 1965 3733 3554 3810">
    <p class='ocr_par' dir='ltr' id='par_1_83' title="bbox 1965 3733 3554 3810">
     <span class='ocr_line' id='line_1_83' title="bbox 1965 3733 3554 3810; baseline 0.006 -25"><span class='ocrx_word' id='word_1_586' title='bbox 1965 3742 2253 3802; x_wconf 84' lang='lat' dir='ltr'><strong>propterea</strong></span> <span class='ocrx_word' id='word_1_587' title='bbox 2287 3733 2455 3804; x_wconf 78' lang='lat' dir='ltr'><strong>igitur</strong></span> <span class='ocrx_word' id='word_1_588' title='bbox 2481 3738 2687 3791; x_wconf 88' lang='lat' dir='ltr'><strong>suadeo</strong></span> <span class='ocrx_word' id='word_1_589' title='bbox 2720 3737 2818 3791; x_wconf 90' lang='lat' dir='ltr'><strong>tibi</strong></span> <span class='ocrx_word' id='word_1_590' title='bbox 2844 3738 2966 3793; x_wconf 87' lang='lat' dir='ltr'><strong>illos</strong></span> <span class='ocrx_word' id='word_1_591' title='bbox 2995 3750 3161 3808; x_wconf 86' lang='lat' dir='ltr'><strong>atque</strong></span> <span class='ocrx_word' id='word_1_592' title='bbox 3187 3756 3288 3794; x_wconf 93' lang='lat' dir='ltr'><strong>nos</strong></span> <span class='ocrx_word' id='word_1_593' title='bbox 3318 3741 3371 3794; x_wconf 91' lang='lat' dir='ltr'><strong>in</strong></span> <span class='ocrx_word' id='word_1_594' title='bbox 3403 3740 3554 3810; x_wconf 89' lang='lat' dir='ltr'><strong>pala-</strong></span> 
     </span>
    </p>
   </div>
   <div class='ocr_carea' id='block_1_84' title="bbox 1968 3825 3549 3904">
    <p class='ocr_par' dir='ltr' id='par_1_84' title="bbox 1968 3825 3549 3904">
     <span class='ocr_line' id='line_1_84' title="bbox 1968 3825 3549 3904; baseline 0.007 -28"><span class='ocrx_word' id='word_1_595' title='bbox 1968 3825 2043 3877; x_wconf 87' lang='lat' dir='ltr'><strong>tio</strong></span> <span class='ocrx_word' id='word_1_596' title='bbox 2069 3826 2364 3881; x_wconf 84' lang='lat' dir='ltr'><strong>convenire</strong></span> <span class='ocrx_word' id='word_1_597' title='bbox 2387 3825 2608 3895; x_wconf 84' lang='lat' dir='ltr'><strong>jubeas,</strong></span> <span class='ocrx_word' id='word_1_598' title='bbox 2643 3836 2703 3881; x_wconf 91' lang='lat' dir='ltr'><strong>ut</strong></span> <span class='ocrx_word' id='word_1_599' title='bbox 2735 3844 2921 3884; x_wconf 89' lang='lat' dir='ltr'><strong>coram</strong></span> <span class='ocrx_word' id='word_1_600' title='bbox 2955 3840 3007 3886; x_wconf 89' lang='lat' dir='ltr'><strong>te</strong></span> <span class='ocrx_word' id='word_1_601' title='bbox 3034 3832 3349 3904; x_wconf 75' lang='lat' dir='ltr'><strong>congregati</strong></span> <span class='ocrx_word' id='word_1_602' title='bbox 3383 3844 3437 3887; x_wconf 89' lang='lat' dir='ltr'><strong>et</strong></span> <span class='ocrx_word' id='word_1_603' title='bbox 3468 3834 3549 3887; x_wconf 79' lang='lat' dir='ltr'><strong>vi-</strong></span> 
     </span>
    </p>
   </div>
   <div class='ocr_carea' id='block_1_85' title="bbox 1965 3915 3553 3996">
    <p class='ocr_par' dir='ltr' id='par_1_85' title="bbox 1965 3915 3553 3996">
     <span class='ocr_line' id='line_1_85' title="bbox 1965 3915 3553 3996; baseline 0.008 -28"><span class='ocrx_word' id='word_1_604' title='bbox 1965 3915 2095 3970; x_wconf 85' lang='lat' dir='ltr'><strong>dere</strong></span> <span class='ocrx_word' id='word_1_605' title='bbox 2140 3928 2193 3971; x_wconf 91' lang='lat' dir='ltr'><strong>et</strong></span> <span class='ocrx_word' id='word_1_606' title='bbox 2226 3917 2468 3973; x_wconf 87' lang='lat' dir='ltr'><strong>salutare</strong></span> <span class='ocrx_word' id='word_1_607' title='bbox 2516 3935 2619 3975; x_wconf 89' lang='lat' dir='ltr'><strong>nos</strong></span> <span class='ocrx_word' id='word_1_608' title='bbox 2672 3921 2906 3977; x_wconf 86' lang='lat' dir='ltr'><strong>invicem</strong></span> <span class='ocrx_word' id='word_1_609' title='bbox 2957 3924 3237 3992; x_wconf 86' lang='lat' dir='ltr'><strong>possimus</strong></span> <span class='ocrx_word' id='word_1_610' title='bbox 3277 3925 3553 3996; x_wconf 87' lang='lat' dir='ltr'><strong>simulque</strong></span> 
     </span>
    </p>
   </div>
   <div class='ocr_carea' id='block_1_86' title="bbox 1967 4007 2645 4076">
    <p class='ocr_par' dir='ltr' id='par_1_86' title="bbox 1967 4007 2645 4076">
     <span class='ocr_line' id='line_1_86' title="bbox 1967 4007 2645 4076; baseline 0.007 -17"><span class='ocrx_word' id='word_1_611' title='bbox 1967 4007 2098 4076; x_wconf 78' lang='lat' dir='ltr'><strong>quid</strong></span> <span class='ocrx_word' id='word_1_612' title='bbox 2130 4007 2206 4061; x_wconf 92' lang='lat' dir='ltr'><strong>illi</strong></span> <span class='ocrx_word' id='word_1_613' title='bbox 2237 4007 2408 4063; x_wconf 84' lang='lat' dir='ltr'><strong>velint</strong></span> <span class='ocrx_word' id='word_1_614' title='bbox 2433 4009 2645 4066; x_wconf 82' lang='lat' dir='ltr'><strong>audire.</strong></span> 
     </span>
    </p>
   </div>
   <div class='ocr_carea' id='block_1_87' title="bbox 2039 4293 3551 4367">
    <p class='ocr_par' dir='ltr' id='par_1_87' title="bbox 2039 4293 3551 4367">
     <span class='ocr_line' id='line_1_87' title="bbox 2039 4293 3551 4367; baseline 0.003 -16"><span class='ocrx_word' id='word_1_615' title='bbox 2039 4293 2147 4351; x_wconf 88' lang='lat' dir='ltr'><strong>Sed</strong></span> <span class='ocrx_word' id='word_1_616' title='bbox 2189 4294 2295 4352; x_wconf 88' lang='lat' dir='ltr'><strong>iste</strong></span> <span class='ocrx_word' id='word_1_617' title='bbox 2329 4294 2495 4350; x_wconf 86' lang='lat' dir='ltr'><strong>homo</strong></span> <span class='ocrx_word' id='word_1_618' title='bbox 2542 4294 2789 4350; x_wconf 89' lang='lat' dir='ltr'><strong>nonnisi</strong></span> <span class='ocrx_word' id='word_1_619' title='bbox 2824 4310 2987 4349; x_wconf 88' lang='lat' dir='ltr'><strong>unam</strong></span> <span class='ocrx_word' id='word_1_620' title='bbox 3040 4311 3153 4351; x_wconf 90' lang='lat' dir='ltr'><strong>rem</strong></span> <span class='ocrx_word' id='word_1_621' title='bbox 3201 4300 3551 4367; x_wconf 78' lang='lat' dir='ltr'><strong>respiciebat,</strong></span> 
     </span>
    </p>
   </div>
   <div class='ocr_carea' id='block_1_88' title="bbox 1966 4386 3551 4458">
    <p class='ocr_par' dir='ltr' id='par_1_88' title="bbox 1966 4386 3551 4458">
     <span class='ocr_line' id='line_1_88' title="bbox 1966 4386 3551 4458; baseline 0.004 -17"><span class='ocrx_word' id='word_1_622' title='bbox 1966 4386 2227 4442; x_wconf 81' lang='lat' dir='ltr'><strong>exsilium</strong></span> <span class='ocrx_word' id='word_1_623' title='bbox 2287 4395 2538 4443; x_wconf 88' lang='lat' dir='ltr'><strong>nostrum</strong></span> <span class='ocrx_word' id='word_1_624' title='bbox 2587 4386 2749 4451; x_wconf 89' lang='lat' dir='ltr'><strong>dico,</strong></span> <span class='ocrx_word' id='word_1_625' title='bbox 2809 4402 3146 4458; x_wconf 87' lang='lat' dir='ltr'><strong>omnemque</strong></span> <span class='ocrx_word' id='word_1_626' title='bbox 3203 4391 3551 4448; x_wconf 86' lang='lat' dir='ltr'><strong>occasionem</strong></span> 
     </span>
    </p>
   </div>
   <div class='ocr_carea' id='block_1_89' title="bbox 274 4479 1864 4557">
    <p class='ocr_par' dir='ltr' id='par_1_89' title="bbox 274 4482 1857 4557">
     <span class='ocr_line' id='line_1_89' title="bbox 274 4482 1857 4557; baseline -0.001 -19"><span class='ocrx_word' id='word_1_627' title='bbox 274 4483 461 4556; x_wconf 67' lang='grc' dir='ltr'>ἑαυτῷ</span> <span class='ocrx_word' id='word_1_628' title='bbox 500 4485 638 4557; x_wconf 73' lang='grc' dir='ltr'>πρὸς</span> <span class='ocrx_word' id='word_1_629' title='bbox 698 4485 761 4539; x_wconf 84' lang='grc' dir='ltr'>τὸ</span> <span class='ocrx_word' id='word_1_630' title='bbox 812 4485 913 4554; x_wconf 82' lang='grc' dir='ltr'>τὴν</span> <span class='ocrx_word' id='word_1_631' title='bbox 974 4484 1096 4537; x_wconf 85' lang='grc' dir='ltr'>καθ’</span> <span class='ocrx_word' id='word_1_632' title='bbox 1141 4483 1298 4554; x_wconf 81' lang='grc' dir='ltr'>ἡμῶν</span> <span class='ocrx_word' id='word_1_633' title='bbox 1339 4482 1575 4537; x_wconf 83' lang='grc' dir='ltr'>κενῶσαι</span> <span class='ocrx_word' id='word_1_634' title='bbox 1607 4482 1857 4553; x_wconf 85' lang='grc' dir='ltr'>πικρίαν.</span> 
     </span>
    </p>
   </div>
   <div class='ocr_carea' id='block_1_90' title="bbox 1969 4479 3555 4557">
    <p class='ocr_par' dir='ltr' id='par_1_90' title="bbox 1971 4479 3555 4553">
     <span class='ocr_line' id='line_1_90' title="bbox 1971 4479 3555 4553; baseline 0.004 -20"><span class='ocrx_word' id='word_1_635' title='bbox 1971 4480 2093 4536; x_wconf 84' lang='lat' dir='ltr'><strong>bilis</strong></span> <span class='ocrx_word' id='word_1_636' title='bbox 2132 4489 2326 4535; x_wconf 82' lang='lat' dir='ltr'><strong>contra</strong></span> <span class='ocrx_word' id='word_1_637' title='bbox 2358 4496 2461 4535; x_wconf 93' lang='lat' dir='ltr'><strong>nos</strong></span> <span class='ocrx_word' id='word_1_638' title='bbox 2510 4479 2849 4536; x_wconf 78' lang='lat' dir='ltr'><strong>ell‘undenda:</strong></span> <span class='ocrx_word' id='word_1_639' title='bbox 2873 4481 3071 4551; x_wconf 88' lang='lat' dir='ltr'><strong>cupide</strong></span> <span class='ocrx_word' id='word_1_640' title='bbox 3114 4482 3367 4553; x_wconf 88' lang='lat' dir='ltr'><strong>arripuit.</strong></span> <span class='ocrx_word' id='word_1_641' title='bbox 3403 4483 3555 4551; x_wconf 77' lang='lat' dir='ltr'><strong>Qua-</strong></span> 
     </span>
    </p>
   </div>
   <div class='ocr_carea' id='block_1_91' title="bbox 278 4570 1862 4646">
    <p class='ocr_par' dir='ltr' id='par_1_91' title="bbox 278 4570 1862 4646">
     <span class='ocr_line' id='line_1_91' title="bbox 278 4570 1862 4646; baseline -0.002 -19"><span class='ocrx_word' id='word_1_642' title='bbox 278 4575 550 4646; x_wconf 57' lang='grc' dir='ltr'>υὺδψῶς</span> <span class='ocrx_word' id='word_1_643' title='bbox 607 4573 700 4628; x_wconf 78' lang='grc' dir='ltr'>οὖν</span> <span class='ocrx_word' id='word_1_644' title='bbox 767 4576 878 4629; x_wconf 80' lang='grc' dir='ltr'>οὐδ’</span> <span class='ocrx_word' id='word_1_645' title='bbox 938 4575 1035 4628; x_wconf 77' lang='grc' dir='ltr'>ἐπὶ</span> <span class='ocrx_word' id='word_1_646' title='bbox 1099 4574 1279 4645; x_wconf 86' lang='grc' dir='ltr'>τούτῳ</span> <span class='ocrx_word' id='word_1_647' title='bbox 1338 4574 1689 4637; x_wconf 82' lang='grc' dir='ltr'>κατένευσεν,</span> <span class='ocrx_word' id='word_1_648' title='bbox 1752 4570 1862 4625; x_wconf 73' lang='grc' dir='ltr'>οὐδ’</span> 
     </span>
    </p>
   </div>
   <div class='ocr_carea' id='block_1_92' title="bbox 278 4663 1865 4736">
    <p class='ocr_par' dir='ltr' id='par_1_92' title="bbox 278 4663 1865 4736">
     <span class='ocr_line' id='line_1_92' title="bbox 278 4663 1865 4736; baseline -0.001 -17"><span class='ocrx_word' id='word_1_649' title='bbox 278 4668 546 4721; x_wconf 70' lang='grc' dir='ltr'>εὸούλετο</span> <span class='ocrx_word' id='word_1_650' title='bbox 578 4666 922 4730; x_wconf 77' lang='grc' dir='ltr'>εἰσελθόντας</span> <span class='ocrx_word' id='word_1_651' title='bbox 978 4668 1127 4736; x_wconf 77' lang='grc' dir='ltr'>ἡμᾶς</span> <span class='ocrx_word' id='word_1_652' title='bbox 1154 4684 1211 4719; x_wconf 89' lang='grc' dir='ltr'><strong>τε</strong></span> <span class='ocrx_word' id='word_1_653' title='bbox 1244 4666 1533 4729; x_wconf 83' lang='grc' dir='ltr'>κάκείνους</span> <span class='ocrx_word' id='word_1_654' title='bbox 1555 4666 1613 4718; x_wconf 79' lang='grc' dir='ltr'>ὲν</span> <span class='ocrx_word' id='word_1_655' title='bbox 1644 4663 1724 4735; x_wconf 81' lang='grc' dir='ltr'><strong>τῷ</strong></span> <span class='ocrx_word' id='word_1_656' title='bbox 1755 4681 1865 4718; x_wconf 68' lang='grc' dir='ltr'>παι</span> 
     </span>
    </p>
   </div>
   <div class='ocr_carea' id='block_1_93' title="bbox 277 4752 1869 4831">
    <p class='ocr_par' dir='ltr' id='par_1_93' title="bbox 277 4752 1869 4831">
     <span class='ocr_line' id='line_1_93' title="bbox 277 4752 1869 4831; baseline -0.002 -20"><span class='ocrx_word' id='word_1_657' title='bbox 277 4760 455 4831; x_wconf 73' lang='grc' dir='ltr'>λατίφ</span> <span class='ocrx_word' id='word_1_658' title='bbox 489 4759 746 4829; x_wconf 79' lang='grc' dir='ltr'>ἀλλήλοις</span> <span class='ocrx_word' id='word_1_659' title='bbox 806 4758 1168 4828; x_wconf 81' lang='grc' dir='ltr'>συνομιλῆσαι</span> <span class='ocrx_word' id='word_1_660' title='bbox 1189 4772 1202 4786; x_wconf 83' lang='lat'>&#39;</span> <span class='ocrx_word' id='word_1_661' title='bbox 1239 4756 1337 4811; x_wconf 80' lang='grc' dir='ltr'>καὶ</span> <span class='ocrx_word' id='word_1_662' title='bbox 1382 4752 1450 4827; x_wconf 72' lang='grc' dir='ltr'>ἦν</span> <span class='ocrx_word' id='word_1_663' title='bbox 1473 4754 1647 4819; x_wconf 73' lang='grc' dir='ltr'>οὕτως</span> <span class='ocrx_word' id='word_1_664' title='bbox 1681 4757 1740 4808; x_wconf 78' lang='grc' dir='ltr'>ὲν</span> <span class='ocrx_word' id='word_1_665' title='bbox 1771 4773 1869 4824; x_wconf 79' lang='grc' dir='ltr'>με·</span> 
     </span>
    </p>
   </div>
   <div class='ocr_carea' id='block_1_94' title="bbox 277 4847 1863 4923">
    <p class='ocr_par' dir='ltr' id='par_1_94' title="bbox 277 4847 1863 4923">
     <span class='ocr_line' id='line_1_94' title="bbox 277 4847 1863 4923; baseline -0.003 -20"><span class='ocrx_word' id='word_1_666' title='bbox 277 4851 474 4922; x_wconf 82' lang='grc' dir='ltr'>τεὼρῳ</span> <span class='ocrx_word' id='word_1_667' title='bbox 508 4850 692 4923; x_wconf 80' lang='grc' dir='ltr'>ήκαθ’</span> <span class='ocrx_word' id='word_1_668' title='bbox 746 4852 905 4922; x_wconf 80' lang='grc' dir='ltr'>ήμῶν</span> <span class='ocrx_word' id='word_1_669' title='bbox 953 4850 1104 4921; x_wconf 73' lang='grc' dir='ltr'>αὐτῷ</span> <span class='ocrx_word' id='word_1_670' title='bbox 1158 4848 1520 4921; x_wconf 84' lang='grc' dir='ltr'>μελετωμένη</span> <span class='ocrx_word' id='word_1_671' title='bbox 1580 4847 1863 4919; x_wconf 76' lang='grc' dir='ltr'>ἐπιϐουλὴ,</span> 
     </span>
    </p>
   </div>
   <div class='ocr_carea' id='block_1_95' title="bbox 280 4938 1866 5016">
    <p class='ocr_par' dir='ltr' id='par_1_95' title="bbox 280 4938 1866 5016">
     <span class='ocr_line' id='line_1_95' title="bbox 280 4938 1866 5016; baseline -0.003 -19"><span class='ocrx_word' id='word_1_672' title='bbox 280 4945 405 4998; x_wconf 75' lang='grc' dir='ltr'>ἐπεὶ</span> <span class='ocrx_word' id='word_1_673' title='bbox 432 4947 573 5007; x_wconf 80' lang='grc' dir='ltr'>τέως</span> <span class='ocrx_word' id='word_1_674' title='bbox 618 4943 678 4998; x_wconf 79' lang='grc' dir='ltr'>ἓν</span> <span class='ocrx_word' id='word_1_675' title='bbox 706 4940 774 5016; x_wconf 75' lang='grc' dir='ltr'>ἦν</span> <span class='ocrx_word' id='word_1_676' title='bbox 808 4945 907 5014; x_wconf 80' lang='grc' dir='ltr'>τῆς</span> <span class='ocrx_word' id='word_1_677' title='bbox 962 4938 1290 5015; x_wconf 74' lang='grc' dir='ltr'>Ἐκκλὴσίας</span> <span class='ocrx_word' id='word_1_678' title='bbox 1338 4944 1399 4997; x_wconf 81' lang='grc' dir='ltr'>τὸ</span> <span class='ocrx_word' id='word_1_679' title='bbox 1439 4942 1721 5014; x_wconf 81' lang='grc' dir='ltr'>φρόνημα,</span> <span class='ocrx_word' id='word_1_680' title='bbox 1769 4941 1866 4994; x_wconf 73' lang='grc' dir='ltr'>καὶ</span> 
     </span>
    </p>
   </div>
   <div class='ocr_carea' id='block_1_96' title="bbox 284 5034 1866 5110">
    <p class='ocr_par' dir='ltr' id='par_1_96' title="bbox 284 5034 1866 5110">
     <span class='ocr_line' id='line_1_96' title="bbox 284 5034 1866 5110; baseline -0.001 -23"><span class='ocrx_word' id='word_1_681' title='bbox 284 5039 481 5108; x_wconf 75' lang='grc' dir='ltr'>μηδεὶς</span> <span class='ocrx_word' id='word_1_682' title='bbox 530 5040 672 5107; x_wconf 82' lang='grc' dir='ltr'>μήτε</span> <span class='ocrx_word' id='word_1_683' title='bbox 734 5038 1032 5110; x_wconf 76' lang='grc' dir='ltr'>ἀρχιερεὺς</span> <span class='ocrx_word' id='word_1_684' title='bbox 1081 5039 1223 5108; x_wconf 87' lang='grc' dir='ltr'>μήτε</span> <span class='ocrx_word' id='word_1_685' title='bbox 1280 5035 1464 5105; x_wconf 75' lang='grc' dir='ltr'>ἱερεὺς</span> <span class='ocrx_word' id='word_1_686' title='bbox 1511 5036 1649 5105; x_wconf 75' lang='grc' dir='ltr'>πρὸς</span> <span class='ocrx_word' id='word_1_687' title='bbox 1704 5034 1866 5087; x_wconf 62' lang='grc' dir='ltr'>αὒτδν</span> 
     </span>
    </p>
   </div>
   <div class='ocr_carea' id='block_1_97' title="bbox 280 5128 1867 5201">
    <p class='ocr_par' dir='ltr' id='par_1_97' title="bbox 280 5128 1867 5201">
     <span class='ocr_line' id='line_1_97' title="bbox 280 5128 1867 5201; baseline -0.001 -20"><span class='ocrx_word' id='word_1_688' title='bbox 280 5130 525 5200; x_wconf 76' lang='grc' dir='ltr'>ὑπῆκτο,</span> <span class='ocrx_word' id='word_1_689' title='bbox 567 5131 703 5200; x_wconf 77' lang='grc' dir='ltr'>μηδὲ</span> <span class='ocrx_word' id='word_1_690' title='bbox 725 5131 824 5201; x_wconf 78' lang='grc' dir='ltr'>τῆς</span> <span class='ocrx_word' id='word_1_691' title='bbox 863 5131 1078 5185; x_wconf 75' lang='grc' dir='ltr'>ἐκείνου</span> <span class='ocrx_word' id='word_1_692' title='bbox 1128 5131 1343 5199; x_wconf 81' lang='grc' dir='ltr'>γεγόνει</span> <span class='ocrx_word' id='word_1_693' title='bbox 1400 5130 1619 5198; x_wconf 79' lang='grc' dir='ltr'>μοίρας.</span> <span class='ocrx_word' id='word_1_694' title='bbox 1677 5129 1765 5187; x_wconf 86' lang='grc' dir='ltr'>Ὠς</span> <span class='ocrx_word' id='word_1_695' title='bbox 1808 5128 1867 5180; x_wconf 67' lang='grc' dir='ltr'>δὲ</span> 
     </span>
    </p>
   </div>
   <div class='ocr_carea' id='block_1_98' title="bbox 282 5221 1866 5294">
    <p class='ocr_par' dir='ltr' id='par_1_98' title="bbox 282 5221 1866 5294">
     <span class='ocr_line' id='line_1_98' title="bbox 282 5221 1866 5294; baseline -0.001 -19"><span class='ocrx_word' id='word_1_696' title='bbox 282 5226 404 5275; x_wconf 80' lang='grc' dir='ltr'>κατ’</span> <span class='ocrx_word' id='word_1_697' title='bbox 433 5224 620 5294; x_wconf 77' lang='grc' dir='ltr'>ὀλίγον</span> <span class='ocrx_word' id='word_1_698' title='bbox 650 5223 866 5292; x_wconf 84' lang='grc' dir='ltr'>δώροις,</span> <span class='ocrx_word' id='word_1_699' title='bbox 896 5223 1252 5291; x_wconf 69' lang='grc' dir='ltr'>ἐπαγγελίαις</span> <span class='ocrx_word' id='word_1_700' title='bbox 1272 5223 1625 5293; x_wconf 64' lang='grc' dir='ltr'>ἀξιωμάτων,</span> <span class='ocrx_word' id='word_1_701' title='bbox 1644 5221 1866 5275; x_wconf 75' lang='grc' dir='ltr'>ἐκείνοιν</span> 
     </span>
    </p>
   </div>
   <div class='ocr_carea' id='block_1_99' title="bbox 278 5312 1867 5383">
    <p class='ocr_par' dir='ltr' id='par_1_99' title="bbox 278 5312 1867 5383">
     <span class='ocr_line' id='line_1_99' title="bbox 278 5312 1867 5383; baseline 0.001 -21"><span class='ocrx_word' id='word_1_702' title='bbox 278 5312 467 5364; x_wconf 62' lang='grc' dir='ltr'>αὐτῶν</span> <span class='ocrx_word' id='word_1_703' title='bbox 499 5312 609 5365; x_wconf 84' lang='grc' dir='ltr'>τῶν</span> <span class='ocrx_word' id='word_1_704' title='bbox 640 5312 1010 5383; x_wconf 77' lang='grc' dir='ltr'>ὑπαγομένων</span> <span class='ocrx_word' id='word_1_705' title='bbox 1048 5313 1146 5368; x_wconf 80' lang='grc' dir='ltr'>καὶ</span> <span class='ocrx_word' id='word_1_706' title='bbox 1173 5314 1282 5368; x_wconf 84' lang='grc' dir='ltr'>τῶν</span> <span class='ocrx_word' id='word_1_707' title='bbox 1323 5313 1607 5382; x_wconf 83' lang='grc' dir='ltr'>συγγενῶν</span> <span class='ocrx_word' id='word_1_708' title='bbox 1638 5313 1733 5365; x_wconf 71' lang='grc' dir='ltr'>καὶ</span> <span class='ocrx_word' id='word_1_709' title='bbox 1759 5313 1867 5365; x_wconf 85' lang='grc' dir='ltr'>τῶν</span> 
     </span>
    </p>
   </div>
   <div class='ocr_carea' id='block_1_100' title="bbox 282 5405 1865 5478">
    <p class='ocr_par' dir='ltr' id='par_1_100' title="bbox 282 5405 1865 5478">
     <span class='ocr_line' id='line_1_100' title="bbox 282 5405 1865 5478; baseline 0.002 -23"><span class='ocrx_word' id='word_1_710' title='bbox 282 5406 482 5470; x_wconf 67' lang='grc' dir='ltr'>ςίλων,</span> <span class='ocrx_word' id='word_1_711' title='bbox 509 5405 667 5475; x_wconf 74' lang='grc' dir='ltr'>ἡμῶν</span> <span class='ocrx_word' id='word_1_712' title='bbox 717 5408 820 5475; x_wconf 81' lang='grc' dir='ltr'>μὲν</span> <span class='ocrx_word' id='word_1_713' title='bbox 849 5408 1191 5472; x_wconf 70' lang='grc' dir='ltr'>ἀπέσπασεν,</span> <span class='ocrx_word' id='word_1_714' title='bbox 1229 5406 1407 5477; x_wconf 74' lang='grc' dir='ltr'>ἑαυτῷ</span> <span class='ocrx_word' id='word_1_715' title='bbox 1454 5406 1511 5460; x_wconf 82' lang='grc' dir='ltr'>δὲ</span> <span class='ocrx_word' id='word_1_716' title='bbox 1545 5407 1865 5478; x_wconf 79' lang='grc' dir='ltr'>προσήνωσε</span> 
     </span>
    </p>
   </div>
   <div class='ocr_carea' id='block_1_101' title="bbox 279 5497 1868 5569">
    <p class='ocr_par' dir='ltr' id='par_1_101' title="bbox 279 5497 1868 5569">
     <span class='ocr_line' id='line_1_101' title="bbox 279 5497 1868 5569; baseline 0.001 -20"><span class='ocrx_word' id='word_1_717' title='bbox 279 5499 413 5562; x_wconf 75' lang='grc' dir='ltr'>τοὺς</span> <span class='ocrx_word' id='word_1_718' title='bbox 477 5498 825 5565; x_wconf 78' lang='grc' dir='ltr'>πεισθέντας,</span> <span class='ocrx_word' id='word_1_719' title='bbox 874 5501 971 5553; x_wconf 78' lang='grc' dir='ltr'>καὶ</span> <span class='ocrx_word' id='word_1_720' title='bbox 1024 5497 1215 5569; x_wconf 80' lang='grc' dir='ltr'>ὥσπερ</span> <span class='ocrx_word' id='word_1_721' title='bbox 1261 5498 1490 5569; x_wconf 78' lang='grc' dir='ltr'>δύναμίν</span> <span class='ocrx_word' id='word_1_722' title='bbox 1565 5516 1685 5552; x_wconf 76' lang='grc' dir='ltr'>τινα</span> <span class='ocrx_word' id='word_1_723' title='bbox 1729 5498 1868 5552; x_wconf 83' lang='grc' dir='ltr'>ἰδίαν</span> 
     </span>
    </p>
   </div>
   <div class='ocr_carea' id='block_1_102' title="bbox 282 5589 1867 5661">
    <p class='ocr_par' dir='ltr' id='par_1_102' title="bbox 282 5589 1867 5661">
     <span class='ocr_line' id='line_1_102' title="bbox 282 5589 1867 5661; baseline 0 -19"><span class='ocrx_word' id='word_1_724' title='bbox 282 5593 733 5659; x_wconf 66' lang='grc' dir='ltr'>προσεκτήσατο,</span> <span class='ocrx_word' id='word_1_725' title='bbox 759 5592 879 5644; x_wconf 87' lang='grc' dir='ltr'>τότε</span> <span class='ocrx_word' id='word_1_726' title='bbox 926 5590 1021 5645; x_wconf 79' lang='grc' dir='ltr'>καὶ</span> <span class='ocrx_word' id='word_1_727' title='bbox 1048 5591 1108 5642; x_wconf 84' lang='grc' dir='ltr'>τὸ</span> <span class='ocrx_word' id='word_1_728' title='bbox 1143 5590 1326 5661; x_wconf 80' lang='grc' dir='ltr'>κρυφῆ</span> <span class='ocrx_word' id='word_1_729' title='bbox 1378 5589 1754 5660; x_wconf 78' lang='grc' dir='ltr'>μελετώμενον</span> <span class='ocrx_word' id='word_1_730' title='bbox 1787 5590 1867 5652; x_wconf 86' lang='grc' dir='ltr'><strong>εἰς</strong></span> 
     </span>
    </p>
   </div>
   <div class='ocr_carea' id='block_1_103' title="bbox 286 5680 1867 5753">
    <p class='ocr_par' dir='ltr' id='par_1_103' title="bbox 286 5680 1867 5753">
     <span class='ocr_line' id='line_1_103' title="bbox 286 5680 1867 5753; baseline -0.001 -20"><span class='ocrx_word' id='word_1_731' title='bbox 286 5680 412 5748; x_wconf 74' lang='grc' dir='ltr'>φῶς</span> <span class='ocrx_word' id='word_1_732' title='bbox 465 5682 723 5753; x_wconf 73' lang='grc' dir='ltr'>προάγει.</span> <span class='ocrx_word' id='word_1_733' title='bbox 771 5680 1174 5751; x_wconf 82' lang='grc' dir='ltr'>Προσκαλεῖται</span> <span class='ocrx_word' id='word_1_734' title='bbox 1235 5681 1417 5734; x_wconf 86' lang='grc' dir='ltr'>τοίνυν</span> <span class='ocrx_word' id='word_1_735' title='bbox 1466 5684 1613 5749; x_wconf 68' lang='grc' dir='ltr'>ἡμᾶς</span> <span class='ocrx_word' id='word_1_736' title='bbox 1646 5681 1703 5733; x_wconf 80' lang='grc' dir='ltr'>ὲν</span> <span class='ocrx_word' id='word_1_737' title='bbox 1752 5683 1867 5742; x_wconf 78' lang='grc' dir='ltr'>τοῖς</span> 
     </span>
    </p>
   </div>
   <div class='ocr_carea' id='block_1_104' title="bbox 286 5772 1937 5853">
    <p class='ocr_par' dir='ltr' id='par_1_104' title="bbox 286 5772 1937 5853">
     <span class='ocr_line' id='line_1_104' title="bbox 286 5772 1937 5853; baseline 0 -27"><span class='ocrx_word' id='word_1_738' title='bbox 286 5772 612 5841; x_wconf 77' lang='grc' dir='ltr'>βασιλείοις,</span> <span class='ocrx_word' id='word_1_739' title='bbox 641 5774 718 5836; x_wconf 90' lang='grc' dir='ltr'><strong>ώς</strong></span> <span class='ocrx_word' id='word_1_740' title='bbox 749 5773 908 5844; x_wconf 77' lang='grc' dir='ltr'>δῆθεν</span> <span class='ocrx_word' id='word_1_741' title='bbox 938 5775 1405 5844; x_wconf 72' lang='grc' dir='ltr'>συνεορτάσοντας</span> <span class='ocrx_word' id='word_1_742' title='bbox 1432 5775 1526 5827; x_wconf 69' lang='grc' dir='ltr'>καὶ</span> <span class='ocrx_word' id='word_1_743' title='bbox 1570 5788 1861 5827; x_wconf 79' lang='grc' dir='ltr'>συνεστια-</span> <span class='ocrx_word' id='word_1_744' title='bbox 1893 5831 1937 5853; x_wconf 33' lang='grc' dir='ltr'><strong>ᾖ.</strong></span> 
     </span>
    </p>
   </div>
   <div class='ocr_carea' id='block_1_105' title="bbox 613 5869 1229 5934">
    <p class='ocr_par' dir='ltr' id='par_1_105' title="bbox 613 5869 1229 5934">
     <span class='ocr_line' id='line_1_105' title="bbox 613 5869 1229 5934; baseline 0.01 -7"><span class='ocrx_word' id='word_1_745' title='bbox 613 5870 882 5934; x_wconf 52' lang='lat' dir='ltr'><strong>Puncta</strong></span> <span class='ocrx_word' id='word_1_746' title='bbox 914 5869 1030 5933; x_wconf 83' lang='lat' dir='ltr'><strong>Gtt.</strong></span> <span class='ocrx_word' id='word_1_747' title='bbox 1064 5869 1229 5933; x_wconf 75' lang='lat' dir='ltr'><strong>CXI.</strong></span> 
     </span>
    </p>
   </div>
   <div class='ocr_carea' id='block_1_106' title="bbox 1970 4569 3554 4642">
    <p class='ocr_par' dir='ltr' id='par_1_106' title="bbox 1970 4569 3554 4642">
     <span class='ocr_line' id='line_1_106' title="bbox 1970 4569 3554 4642; baseline 0.004 -18"><span class='ocrx_word' id='word_1_748' title='bbox 1970 4578 2192 4640; x_wconf 89' lang='lat' dir='ltr'><strong>propter</strong></span> <span class='ocrx_word' id='word_1_749' title='bbox 2223 4569 2583 4639; x_wconf 91' lang='lat' dir='ltr'><strong>propositioni</strong></span> <span class='ocrx_word' id='word_1_750' title='bbox 2620 4586 2755 4626; x_wconf 69' lang='lat' dir='ltr'><strong>meae</strong></span> <span class='ocrx_word' id='word_1_751' title='bbox 2797 4572 3119 4642; x_wconf 86' lang='lat' dir='ltr'><strong>neutiquam</strong></span> <span class='ocrx_word' id='word_1_752' title='bbox 3152 4574 3424 4639; x_wconf 86' lang='lat' dir='ltr'><strong>assensit,</strong></span> <span class='ocrx_word' id='word_1_753' title='bbox 3454 4593 3554 4631; x_wconf 82' lang='lat' dir='ltr'><strong>nec</strong></span> 
     </span>
    </p>
   </div>
   <div class='ocr_carea' id='block_1_107' title="bbox 1970 4660 3556 4731">
    <p class='ocr_par' dir='ltr' id='par_1_107' title="bbox 1970 4660 3556 4731">
     <span class='ocr_line' id='line_1_107' title="bbox 1970 4660 3556 4731; baseline 0.004 -16"><span class='ocrx_word' id='word_1_754' title='bbox 1970 4676 2073 4717; x_wconf 87' lang='lat' dir='ltr'><strong>nos</strong></span> <span class='ocrx_word' id='word_1_755' title='bbox 2107 4660 2344 4731; x_wconf 87' lang='lat' dir='ltr'><strong>illosque</strong></span> <span class='ocrx_word' id='word_1_756' title='bbox 2374 4661 2429 4715; x_wconf 92' lang='lat' dir='ltr'><strong>iu</strong></span> <span class='ocrx_word' id='word_1_757' title='bbox 2460 4662 2665 4731; x_wconf 70' lang='lat' dir='ltr'><strong>palatio</strong></span> <span class='ocrx_word' id='word_1_758' title='bbox 2711 4665 3011 4719; x_wconf 86' lang='lat' dir='ltr'><strong>convenire</strong></span> <span class='ocrx_word' id='word_1_759' title='bbox 3045 4666 3313 4731; x_wconf 81' lang='lat' dir='ltr'><strong>permisit.</strong></span> <span class='ocrx_word' id='word_1_760' title='bbox 3344 4667 3437 4723; x_wconf 91' lang='lat' dir='ltr'><strong>Sic</strong></span> <span class='ocrx_word' id='word_1_761' title='bbox 3471 4685 3556 4722; x_wconf 80' lang='lat' dir='ltr'><strong>rc-</strong></span> 
     </span>
    </p>
   </div>
   <div class='ocr_carea' id='block_1_108' title="bbox 1971 4753 3552 4824">
    <p class='ocr_par' dir='ltr' id='par_1_108' title="bbox 1971 4753 3552 4824">
     <span class='ocr_line' id='line_1_108' title="bbox 1971 4753 3552 4824; baseline 0.003 -14"><span class='ocrx_word' id='word_1_762' title='bbox 1971 4755 2074 4811; x_wconf 87' lang='lat' dir='ltr'><strong>bus</strong></span> <span class='ocrx_word' id='word_1_763' title='bbox 2109 4754 2165 4809; x_wconf 90' lang='lat' dir='ltr'><strong>in</strong></span> <span class='ocrx_word' id='word_1_764' title='bbox 2210 4753 2394 4809; x_wconf 89' lang='lat' dir='ltr'><strong>medio</strong></span> <span class='ocrx_word' id='word_1_765' title='bbox 2425 4754 2732 4824; x_wconf 86' lang='lat' dir='ltr'><strong>suspensis,</strong></span> <span class='ocrx_word' id='word_1_766' title='bbox 2768 4772 2891 4810; x_wconf 89' lang='lat' dir='ltr'><strong>cum</strong></span> <span class='ocrx_word' id='word_1_767' title='bbox 2938 4757 3117 4812; x_wconf 89' lang='lat' dir='ltr'><strong>adhuc</strong></span> <span class='ocrx_word' id='word_1_768' title='bbox 3163 4774 3467 4816; x_wconf 83' lang='lat' dir='ltr'><strong>consensus</strong></span> <span class='ocrx_word' id='word_1_769' title='bbox 3499 4764 3552 4816; x_wconf 91' lang='lat' dir='ltr'><strong>in</strong></span> 
     </span>
    </p>
   </div>
   <div class='ocr_carea' id='block_1_109' title="bbox 1971 4845 3556 4920">
    <p class='ocr_par' dir='ltr' id='par_1_109' title="bbox 1971 4845 3556 4920">
     <span class='ocr_line' id='line_1_109' title="bbox 1971 4845 3556 4920; baseline 0.006 -20"><span class='ocrx_word' id='word_1_770' title='bbox 1971 4845 2215 4901; x_wconf 86' lang='lat' dir='ltr'><strong>Ecclesia</strong></span> <span class='ocrx_word' id='word_1_771' title='bbox 2263 4848 2496 4912; x_wconf 88' lang='lat' dir='ltr'><strong>valeret,</strong></span> <span class='ocrx_word' id='word_1_772' title='bbox 2528 4863 2706 4916; x_wconf 88' lang='lat' dir='ltr'><strong>neque</strong></span> <span class='ocrx_word' id='word_1_773' title='bbox 2751 4848 3050 4917; x_wconf 83' lang='lat' dir='ltr'><strong>episcopus</strong></span> <span class='ocrx_word' id='word_1_774' title='bbox 3082 4865 3262 4920; x_wconf 90' lang='lat' dir='ltr'><strong>neque</strong></span> <span class='ocrx_word' id='word_1_775' title='bbox 3295 4853 3556 4909; x_wconf 84' lang='lat' dir='ltr'><strong>sacerdos</strong></span> 
     </span>
    </p>
   </div>
   <div class='ocr_carea' id='block_1_110' title="bbox 1973 4938 3557 5012">
    <p class='ocr_par' dir='ltr' id='par_1_110' title="bbox 1973 4938 3557 5012">
     <span class='ocr_line' id='line_1_110' title="bbox 1973 4938 3557 5012; baseline 0.003 -19"><span class='ocrx_word' id='word_1_776' title='bbox 1973 4938 2120 4995; x_wconf 90' lang='lat' dir='ltr'><strong>ullus</strong></span> <span class='ocrx_word' id='word_1_777' title='bbox 2150 4940 2296 4997; x_wconf 88' lang='lat' dir='ltr'><strong>illius</strong></span> <span class='ocrx_word' id='word_1_778' title='bbox 2328 4941 2544 5011; x_wconf 81' lang='lat' dir='ltr'><strong>capiam</strong></span> <span class='ocrx_word' id='word_1_779' title='bbox 2578 4950 2771 4994; x_wconf 79' lang='lat' dir='ltr'><strong>nactus</strong></span> <span class='ocrx_word' id='word_1_780' title='bbox 2800 4950 2906 5006; x_wconf 88' lang='lat' dir='ltr'><strong>est,</strong></span> <span class='ocrx_word' id='word_1_781' title='bbox 2942 4956 3122 5012; x_wconf 84' lang='lat' dir='ltr'><strong>neque</strong></span> <span class='ocrx_word' id='word_1_782' title='bbox 3148 4958 3275 4998; x_wconf 91' lang='lat' dir='ltr'><strong>cum</strong></span> <span class='ocrx_word' id='word_1_783' title='bbox 3304 4945 3396 4998; x_wconf 85' lang='lat' dir='ltr'><strong>illo</strong></span> <span class='ocrx_word' id='word_1_784' title='bbox 3423 4961 3557 4998; x_wconf 79' lang='lat' dir='ltr'><strong>con-</strong></span> 
     </span>
    </p>
   </div>
   <div class='ocr_carea' id='block_1_111' title="bbox 1970 5030 3553 5105">
    <p class='ocr_par' dir='ltr' id='par_1_111' title="bbox 1970 5030 3553 5105">
     <span class='ocr_line' id='line_1_111' title="bbox 1970 5030 3553 5105; baseline 0.003 -21"><span class='ocrx_word' id='word_1_785' title='bbox 1970 5033 2159 5087; x_wconf 86' lang='lat' dir='ltr'><strong>venire</strong></span> <span class='ocrx_word' id='word_1_786' title='bbox 2204 5034 2398 5103; x_wconf 90' lang='lat' dir='ltr'><strong>potuit.</strong></span> <span class='ocrx_word' id='word_1_787' title='bbox 2430 5030 2566 5086; x_wconf 88' lang='lat' dir='ltr'><strong>Cum</strong></span> <span class='ocrx_word' id='word_1_788' title='bbox 2602 5042 2829 5099; x_wconf 84' lang='lat' dir='ltr'><strong>autent,</strong></span> <span class='ocrx_word' id='word_1_789' title='bbox 2861 5034 3011 5088; x_wconf 85' lang='lat' dir='ltr'><strong>brevi</strong></span> <span class='ocrx_word' id='word_1_790' title='bbox 3047 5046 3193 5105; x_wconf 90' lang='lat' dir='ltr'><strong>post,</strong></span> <span class='ocrx_word' id='word_1_791' title='bbox 3233 5036 3553 5090; x_wconf 87' lang='lat' dir='ltr'><strong>muneribus</strong></span> 
     </span>
    </p>
   </div>
   <div class='ocr_carea' id='block_1_112' title="bbox 1971 5125 3556 5198">
    <p class='ocr_par' dir='ltr' id='par_1_112' title="bbox 1971 5125 3556 5198">
     <span class='ocr_line' id='line_1_112' title="bbox 1971 5125 3556 5198; baseline 0.004 -21"><span class='ocrx_word' id='word_1_792' title='bbox 1971 5134 2025 5177; x_wconf 90' lang='lat' dir='ltr'><strong>et</strong></span> <span class='ocrx_word' id='word_1_793' title='bbox 2074 5125 2571 5195; x_wconf 81' lang='lat' dir='ltr'><strong>pollicitationibus</strong></span> <span class='ocrx_word' id='word_1_794' title='bbox 2619 5126 2928 5181; x_wconf 87' lang='lat' dir='ltr'><strong>ambitiosis</strong></span> <span class='ocrx_word' id='word_1_795' title='bbox 2963 5128 3176 5185; x_wconf 90' lang='lat' dir='ltr'><strong>illectos</strong></span> <span class='ocrx_word' id='word_1_796' title='bbox 3215 5136 3474 5198; x_wconf 80' lang='lat' dir='ltr'><strong>cognatos</strong></span> <span class='ocrx_word' id='word_1_797' title='bbox 3501 5139 3556 5183; x_wconf 87' lang='lat' dir='ltr'><strong>et</strong></span> 
     </span>
    </p>
   </div>
   <div class='ocr_carea' id='block_1_113' title="bbox 1974 5219 3557 5291">
    <p class='ocr_par' dir='ltr' id='par_1_113' title="bbox 1974 5219 3557 5291">
     <span class='ocr_line' id='line_1_113' title="bbox 1974 5219 3557 5291; baseline 0.003 -20"><span class='ocrx_word' id='word_1_798' title='bbox 1974 5219 2186 5274; x_wconf 81' lang='lat' dir='ltr'><strong>amicos</strong></span> <span class='ocrx_word' id='word_1_799' title='bbox 2222 5234 2253 5273; x_wconf 90' lang='lat' dir='ltr'><strong>a</strong></span> <span class='ocrx_word' id='word_1_800' title='bbox 2303 5220 2466 5275; x_wconf 87' lang='lat' dir='ltr'><strong>nobis</strong></span> <span class='ocrx_word' id='word_1_801' title='bbox 2502 5232 2812 5290; x_wconf 84' lang='lat' dir='ltr'><strong>separasset</strong></span> <span class='ocrx_word' id='word_1_802' title='bbox 2841 5232 2895 5276; x_wconf 92' lang='lat' dir='ltr'><strong>et</strong></span> <span class='ocrx_word' id='word_1_803' title='bbox 2938 5224 3004 5277; x_wconf 84' lang='lat' dir='ltr'><strong>ad</strong></span> <span class='ocrx_word' id='word_1_804' title='bbox 3054 5238 3187 5278; x_wconf 87' lang='lat' dir='ltr'><strong>suas</strong></span> <span class='ocrx_word' id='word_1_805' title='bbox 3241 5232 3423 5291; x_wconf 90' lang='lat' dir='ltr'><strong>partes</strong></span> <span class='ocrx_word' id='word_1_806' title='bbox 3471 5231 3557 5276; x_wconf 82' lang='lat' dir='ltr'><strong>at-</strong></span> 
     </span>
    </p>
   </div>
   <div class='ocr_carea' id='block_1_114' title="bbox 1974 5312 3557 5385">
    <p class='ocr_par' dir='ltr' id='par_1_114' title="bbox 1974 5312 3557 5385">
     <span class='ocr_line' id='line_1_114' title="bbox 1974 5312 3557 5385; baseline 0.003 -21"><span class='ocrx_word' id='word_1_807' title='bbox 1974 5319 2173 5367; x_wconf 83' lang='lat' dir='ltr'><strong>tractos</strong></span> <span class='ocrx_word' id='word_1_808' title='bbox 2206 5312 2366 5380; x_wconf 88' lang='lat' dir='ltr'><strong>quasi</strong></span> <span class='ocrx_word' id='word_1_809' title='bbox 2398 5314 2702 5385; x_wconf 80' lang='lat' dir='ltr'><strong>peculiares</strong></span> <span class='ocrx_word' id='word_1_810' title='bbox 2729 5314 2916 5384; x_wconf 87' lang='lat' dir='ltr'><strong>copias</strong></span> <span class='ocrx_word' id='word_1_811' title='bbox 2948 5313 3389 5382; x_wconf 87' lang='lat' dir='ltr'><strong>conscripsisset,</strong></span> <span class='ocrx_word' id='word_1_812' title='bbox 3425 5324 3557 5368; x_wconf 89' lang='lat' dir='ltr'><strong>tunc</strong></span> 
     </span>
    </p>
   </div>
   <div class='ocr_carea' id='block_1_115' title="bbox 1972 5401 3579 5473">
    <p class='ocr_par' dir='ltr' id='par_1_115' title="bbox 1972 5401 3579 5473">
     <span class='ocr_line' id='line_1_115' title="bbox 1972 5401 3579 5473; baseline 0.002 -18"><span class='ocrx_word' id='word_1_813' title='bbox 1972 5401 2117 5470; x_wconf 79' lang='lat' dir='ltr'><strong>quod</strong></span> <span class='ocrx_word' id='word_1_814' title='bbox 2166 5401 2348 5456; x_wconf 84' lang='lat' dir='ltr'><strong>adhuc</strong></span> <span class='ocrx_word' id='word_1_815' title='bbox 2378 5401 2517 5456; x_wconf 85' lang='lat' dir='ltr'><strong>clam</strong></span> <span class='ocrx_word' id='word_1_816' title='bbox 2564 5403 2752 5458; x_wconf 89' lang='lat' dir='ltr'><strong>animo</strong></span> <span class='ocrx_word' id='word_1_817' title='bbox 2786 5403 3066 5467; x_wconf 81' lang='lat' dir='ltr'><strong>volverat,</strong></span> <span class='ocrx_word' id='word_1_818' title='bbox 3106 5402 3161 5455; x_wconf 90' lang='lat' dir='ltr'><strong>in</strong></span> <span class='ocrx_word' id='word_1_819' title='bbox 3214 5403 3389 5457; x_wconf 87' lang='lat' dir='ltr'><strong>lucem</strong></span> <span class='ocrx_word' id='word_1_820' title='bbox 3426 5420 3579 5473; x_wconf 42' lang='lat' dir='ltr'><strong>proo‘</strong></span> 
     </span>
    </p>
   </div>
   <div class='ocr_carea' id='block_1_116' title="bbox 1971 5494 3559 5566">
    <p class='ocr_par' dir='ltr' id='par_1_116' title="bbox 1971 5494 3559 5566">
     <span class='ocr_line' id='line_1_116' title="bbox 1971 5494 3559 5566; baseline 0.001 -16"><span class='ocrx_word' id='word_1_821' title='bbox 1971 5496 2150 5550; x_wconf 76' lang='lat' dir='ltr'><strong>duxit.</strong></span> <span class='ocrx_word' id='word_1_822' title='bbox 2177 5496 2376 5551; x_wconf 84' lang='lat' dir='ltr'><strong>Invitat</strong></span> <span class='ocrx_word' id='word_1_823' title='bbox 2405 5496 2694 5565; x_wconf 81' lang='lat' dir='ltr'><strong>igiturnos</strong></span> <span class='ocrx_word' id='word_1_824' title='bbox 2726 5506 2786 5550; x_wconf 92' lang='lat' dir='ltr'><strong>ut</strong></span> <span class='ocrx_word' id='word_1_825' title='bbox 2811 5497 2864 5549; x_wconf 92' lang='lat' dir='ltr'><strong>in</strong></span> <span class='ocrx_word' id='word_1_826' title='bbox 2905 5496 3053 5564; x_wconf 79' lang='lat' dir='ltr'><strong>regia</strong></span> <span class='ocrx_word' id='word_1_827' title='bbox 3083 5510 3208 5549; x_wconf 89' lang='lat' dir='ltr'><strong>cum</strong></span> <span class='ocrx_word' id='word_1_828' title='bbox 3240 5494 3377 5566; x_wconf 85' lang='lat' dir='ltr'><strong>ipso,</strong></span> <span class='ocrx_word' id='word_1_829' title='bbox 3403 5512 3559 5552; x_wconf 89' lang='lat' dir='ltr'><strong>more</strong></span> 
     </span>
    </p>
   </div>
   <div class='ocr_carea' id='block_1_117' title="bbox 1972 5589 3585 5654">
    <p class='ocr_par' dir='ltr' id='par_1_117' title="bbox 1972 5589 3585 5654">
     <span class='ocr_line' id='line_1_117' title="bbox 1972 5589 3585 5654; baseline -0.001 -11"><span class='ocrx_word' id='word_1_830' title='bbox 1972 5600 2266 5654; x_wconf 90' lang='lat' dir='ltr'><strong>consueto,</strong></span> <span class='ocrx_word' id='word_1_831' title='bbox 2299 5590 2643 5645; x_wconf 88' lang='lat' dir='ltr'><strong>celebremus</strong></span> <span class='ocrx_word' id='word_1_832' title='bbox 2680 5589 2878 5645; x_wconf 78' lang='lat' dir='ltr'><strong>festum</strong></span> <span class='ocrx_word' id='word_1_833' title='bbox 2907 5589 3203 5645; x_wconf 87' lang='lat' dir='ltr'><strong>convivio:</strong></span> <span class='ocrx_word' id='word_1_834' title='bbox 3238 5598 3355 5644; x_wconf 84' lang='lat' dir='ltr'><strong>erat</strong></span> <span class='ocrx_word' id='word_1_835' title='bbox 3391 5592 3585 5645; x_wconf 70' lang='lat' dir='ltr'><strong>nimi--</strong></span> 
     </span>
    </p>
   </div>
   <div class='ocr_carea' id='block_1_118' title="bbox 1974 5682 3557 5753">
    <p class='ocr_par' dir='ltr' id='par_1_118' title="bbox 1974 5682 3557 5753">
     <span class='ocr_line' id='line_1_118' title="bbox 1974 5682 3557 5753; baseline -0.001 -17"><span class='ocrx_word' id='word_1_836' title='bbox 1974 5698 2095 5736; x_wconf 87' lang='lat' dir='ltr'><strong>rum</strong></span> <span class='ocrx_word' id='word_1_837' title='bbox 2130 5683 2310 5752; x_wconf 77' lang='lat' dir='ltr'><strong>magni</strong></span> <span class='ocrx_word' id='word_1_838' title='bbox 2352 5682 2606 5753; x_wconf 85' lang='lat' dir='ltr'><strong>martyris</strong></span> <span class='ocrx_word' id='word_1_839' title='bbox 2639 5682 2954 5752; x_wconf 86' lang='lat' dir='ltr'><strong>Tryphonis</strong></span> <span class='ocrx_word' id='word_1_840' title='bbox 2985 5684 3326 5739; x_wconf 88' lang='lat' dir='ltr'><strong>solemuitas.</strong></span> <span class='ocrx_word' id='word_1_841' title='bbox 3364 5683 3557 5738; x_wconf 79' lang='lat' dir='ltr'><strong>Mediis</strong></span> 
     </span>
    </p>
   </div>
   <div class='ocr_carea' id='block_1_119' title="bbox 1971 5773 3555 5846">
    <p class='ocr_par' dir='ltr' id='par_1_119' title="bbox 1971 5773 3555 5846">
     <span class='ocr_line' id='line_1_119' title="bbox 1971 5773 3555 5846; baseline -0.003 -16"><span class='ocrx_word' id='word_1_842' title='bbox 1971 5784 2157 5831; x_wconf 87' lang='lat' dir='ltr'><strong>autem</strong></span> <span class='ocrx_word' id='word_1_843' title='bbox 2179 5773 2235 5831; x_wconf 87' lang='lat' dir='ltr'><strong>in</strong></span> <span class='ocrx_word' id='word_1_844' title='bbox 2258 5774 2458 5845; x_wconf 57' lang='lat' dir='ltr'><strong>epulis,</strong></span> <span class='ocrx_word' id='word_1_845' title='bbox 2479 5774 2556 5829; x_wconf 91' lang='lat' dir='ltr'><strong>uti</strong></span> <span class='ocrx_word' id='word_1_846' title='bbox 2577 5773 2938 5846; x_wconf 84' lang='lat' dir='ltr'><strong>habebamus,</strong></span> <span class='ocrx_word' id='word_1_847' title='bbox 2959 5774 3011 5830; x_wconf 91' lang='lat' dir='ltr'><strong>in</strong></span> <span class='ocrx_word' id='word_1_848' title='bbox 3037 5791 3233 5831; x_wconf 84' lang='lat' dir='ltr'><strong>navem</strong></span> <span class='ocrx_word' id='word_1_849' title='bbox 3256 5790 3355 5831; x_wconf 90' lang='lat' dir='ltr'><strong>nos</strong></span> <span class='ocrx_word' id='word_1_850' title='bbox 3374 5774 3555 5842; x_wconf 82' lang='lat' dir='ltr'><strong>impo—</strong></span> 
     </span>
    </p>
   </div>
   <div class='ocr_carea' id='block_1_120' title="bbox 3059 5868 3091 5935">
    <p class='ocr_par' dir='ltr' id='par_1_120' title="bbox 3059 5868 3091 5935">
     <span class='ocr_line' id='line_1_120' title="bbox 3059 5868 3091 5935; baseline 0 0"><span class='ocrx_word' id='word_1_851' title='bbox 3059 5868 3091 5935; x_wconf 83' lang='grc' dir='ltr'><em>Ἰ</em></span> 
     </span>
    </p>
   </div>
  </div>
