4038 6204
439 328 548 392 203

1571 313 1882 377 NICOLAI
1924 312 2033 373 ΟΡ.
2081 309 2592 373 ΡΑΤΗΙΑΒΩΗΕ
2646 349 2662 363 .

3594 303 3707 367 204

442 438 798 508 nitotnnique
831 435 1101 492 famulitio
1124 431 1377 488 orbatum
1406 426 1460 481 in
1506 423 1762 478 exsilium
1796 429 2021 490 protru-

2130 421 2423 490 σαμένους,
2450 416 2520 492 ἦν
2541 419 2649 491 γὰρ
2689 417 2783 472 τοῦ
2815 416 2973 486 ἁγίου
3008 414 3503 488 μεγαλομάρτυρος
3542 416 3707 486 ἑορτὴ

440 531 522 585 dit
573 529 759 598 Neque
778 528 944 582 ullam
966 534 1192 589 vestem,
1214 532 1309 574 aut
1332 514 1653 585 stragulam,
1682 520 1778 565 aut
1795 510 2015 569 librum,

440 635 536 677 aut
568 621 843 676 hominem
873 619 1034 689 cujus
1068 614 1267 671 solatio
1298 621 1597 669 recrearer,
1622 615 1834 657 mecum
1864 614 2021 655 assu-

444 730 587 771 mere
600 707 1125 783 permisit,exceptis
1145 702 1359 758 duobus
1377 691 1845 753 homuncionibus
1864 689 2028 742 illite-

444 808 579 861 ratis
601 781 659 860 et
698 804 837 859 adeo
872 799 1093 856 incultis
1125 808 1181 850 ut
1216 808 1354 865 pene
1378 789 1539 849 tnttti.
1571 786 1683 839 imo
1724 784 1810 837 sui
1848 781 2023 851 ipsius

443 892 585 948 haud
606 891 811 946 conscii
836 904 960 944 esse
978 887 1313 941 viderentur.
1336 878 1426 934 Sic
1451 875 1647 931 exsilio
1673 888 1759 927 me
1777 871 2021 925 tradidit.

441 982 731 1050 Quomodo
767 982 977 1050 reliqua
1007 973 1315 1033 enarrabo?
1362 969 1570 1025 Hiemis
1607 968 1873 1035 rigorem,
1911 976 2028 1015 om-

443 1086 594 1135 nium
625 1094 804 1134 rerum
831 1083 1151 1147 egestatem,
1172 1066 1463 1125 custodum
1485 1059 1834 1117 violentiam?
1855 1056 2029 1110 Enses

442 1175 588 1229 enim
646 1182 703 1227 et
754 1184 920 1225 arcus
949 1178 1003 1222 et
1034 1163 1209 1237 clypei
1264 1161 1410 1215 velut
1458 1159 1683 1220 hostes,
1732 1166 1843 1206 non
1880 1150 2033 1205 velut

444 1269 706 1323 miserum
727 1260 1209 1320 circumdederunt
1224 1253 1557 1326 pontificem,
1579 1245 1668 1302 cui
1684 1260 1785 1300 nec
1803 1242 2027 1307 coelum,

443 1361 655 1432 nedum.
678 1357 957 1413 hominem
980 1352 1178 1407 intueri
1210 1346 1431 1409 licebat,
1450 1352 1505 1398 et
1529 1341 1624 1411 qui
1650 1352 1819 1408 super
1848 1336 2029 1406 palea.

442 1456 593 1508 omni
614 1430 855 1521 stragula
877 1448 1200 1509 destitutus,
1223 1452 1480 1495 somnum
1500 1448 1694 1504 capere
1710 1430 2028 1500 cogebatur.

443 1546 553 1601 Nec
584 1558 714 1600 vero
748 1558 851 1598 nos
880 1540 1017 1603 soli,
1052 1537 1147 1592 sed
1178 1533 1494 1605 quicunque
1527 1543 1593 1582 ex
1634 1526 1825 1581 ordine
1854 1535 2034 1577 sacer-

445 1632 618 1705 dotali
674 1630 894 1685 saniora
957 1627 1027 1682 de
1080 1622 1324 1679 Ecclesia
1376 1617 1720 1678 sentiebant,
1775 1610 2032 1674 vinculis,

444 1702 665 1791 exsilio,
698 1720 841 1776 fame
876 1719 1077 1788 sitique
1108 1709 1478 1777 vexati,omni
1509 1716 1866 1775 cognatorum
1896 1701 2034 1755 ami-
2058 1779 2090 1791 __

2127 512 2449 583 Τρύφωνος,
2481 511 2605 582 ῆτις
2657 508 2807 578 αὐτῷ
2854 507 3309 578 ὲπανηγυρίζετο.
3368 504 3478 557 Kal.
3520 507 3709 572 κοινῆς

2130 604 2503 674 μετασχόντας
2524 600 2807 673 τραπέζης
2848 602 2924 664 ὼς
2950 598 3099 671 εἶχεν
3134 602 3217 663 εἰς
3244 599 3426 651 πλοῖον
3454 599 3713 668 ἐμϐαλῶν

2126 696 2369 766 ἐρήμους
2421 694 2717 765 θεραπείας
2765 692 2949 761 πάσης
3002 690 3333 760 ὑπερορίους
3388 688 3708 758 καθίστησι,

2132 788 2272 855 μήτε
2333 785 2683 855 χιτωνίσκον,
2753 785 2893 855 μήτε
2948 786 3239 853 στρωμνῆς
3290 798 3345 833 τι
3410 779 3600 851 μέρος,
3634 777 3712 849 μὴ

2132 876 2359 946 βιὸλίον,
2398 876 2605 946 μηδένα
2629 877 2741 929 τῶν
2778 879 2859 940 είς
2893 874 3241 946 παραμύθιον
3278 872 3559 942 ἐσομένων
3587 888 3714 937 συγ-

2133 970 2393 1039 χωρήσας
2441 968 2811 1039 ἀκολουθῆσαι
2872 970 3183 1041 ἄνθρωπον,
3237 966 3380 1037 πλὴν
3425 968 3522 1019 σὺν
3558 964 3715 1017 δυσὶν

2130 1061 2531 1133 ἀγραμμάτοις
2615 1062 2957 1130 ἀγλώττοις,
3014 1062 3212 1132 μικροῦ
3276 1059 3351 1131 μὴ
3397 1058 3453 1112 δὲ
3500 1058 3716 1110 ἑαυτῶν

2130 1153 2651 1225 ὲπαισθανομένων,
2703 1157 2785 1218 είς
2865 1154 2966 1224 τὴν
3020 1152 3323 1224 ὑπερορίαν
3396 1149 3715 1219 ἐκπέμψας.

2134 1250 2258 1312 Πῶς
2292 1248 2359 1303 ἂν
2390 1249 2457 1301 τά
2484 1246 2651 1301 λοιπά
2675 1247 3064 1317 διηγήσωμαις
3114 1246 3227 1315 Τὴν
3253 1243 3417 1313 πῆξιν
3452 1241 3548 1295 τοῦ
3578 1258 3717 1311 κρυ-

2136 1341 2261 1412 μοῦ,
2295 1341 2390 1411 τὴν
2425 1339 2812 1410 στενοχωρίαν,
2838 1338 2937 1407 τὴν
2953 1338 3062 1391 τῶν
3094 1336 3354 1406 φυλάκων
3381 1334 3540 1403 βίανς
3570 1332 3714 1404 Ξίφη

2134 1436 2242 1502 γὰρ
2272 1434 2366 1487 καὶ
2395 1433 2525 1498 τόξα
2542 1433 2639 1487 καὶ
2657 1432 2843 1502 θυρεοὶ
2866 1433 2939 1495 ὠς
2973 1430 3291 1500 πολεμίους,
3314 1428 3414 1498 οὐχ
3433 1427 3511 1489 ὡς
3525 1426 3716 1480 ἀθλιον

2135 1525 2574 1597 περιεστοίχιζον
2607 1524 2897 1597 ἀρχιερέα,
2935 1524 3010 1593 μὴ
3041 1522 3084 1576 δ’
3136 1521 3272 1592 ἀέρα
3308 1518 3716 1589 συγχωρούμε-

2137 1636 2227 1673 νον
2255 1619 2410 1689 όρᾷν,
2457 1619 2533 1689 μὴ
2584 1618 2668 1672 ὅτι
2712 1634 2775 1687 γε
2831 1616 3122 1688 ἄνθρωπον
3155 1617 3212 1668 ἐν
3258 1615 3444 1685 μέσοις
3487 1611 3717 1682 ἀχύροις

2138 1712 2617 1780 κατακεκλιμένον
2642 1713 2710 1782 τῇ
2750 1709 2957 1780 ἀπορία
2988 1707 3089 1778 τῆς
3143 1705 3460 1777 στρωμνῆς.
3505 1704 3581 1755 Οὐ
3614 1701 3717 1771 μό-

444 1828 748 1883 corumque
800 1810 994 1867 solatio
1034 1805 1212 1864 orbati
1259 1800 1645 1858 detinebantur
1671 1838 1685 1863 ,
1738 1808 1914 1863 neque
1942 1792 2024 1846 eis

2128 1821 2217 1855 νον
2245 1804 2302 1856 δὲ
2327 1805 2512 1875 ἡμεῖς,
2545 1779 2799 1858 ἀλλάνκαὶ
2841 1779 2968 1855 ὅσον
3010 1797 3402 1870 ἀρχιερατικὸν
3455 1796 3713 1863 σύστημα

444 1920 766 1962 concessum
828 1903 932 1959 fuit
980 1899 1294 1973 prospicere
1368 1912 1397 1950 c
1445 1892 1761 1949 carceribus
1821 1887 2023 1957 quibus

448 2017 464 2046 \
479 2000 592 2053 eiut
610 1978 824 2053 scelesti
858 1996 1059 2051 misere
1078 1989 1522 2048 iucludebantnr.

2130 1896 2198 1949 τὰ
2231 1895 2426 1966 βελτίω
2446 1898 2577 1966 περὶ
2601 1898 2699 1967 τῆς
2738 1896 3066 1965 Ἑκκλησίας
3108 1892 3392 1964 ἐφρόνουν.
3426 1891 3521 1943 καὶ
3564 1880 3714 1941 οὖτα

2134 1989 2192 2040 ὲν
2217 1992 2487 2060 εἱρκταῖς,
2521 1992 2579 2044 ὲν
2612 1991 2955 2061 ύπερορίαις,
2977 1992 3033 2043 ἐν
3064 1987 3209 2058 λιμῷ
3237 1987 3330 2040 καὶ
3348 1986 3496 2057 δίψῃ.
3531 1980 3715 2049 πάσης
3778 2005 3789 2014 ·

444 2094 645 2164 ἕρημοι
686 2090 1046 2161 παραμυθίας
1104 2084 1413 2153 συγγενῶν,
1467 2078 1659 2149 φίλωνο
1717 2072 2031 2143 συνείχοντο
2067 2081 2604 2155 ταλαιπωρούμενοι,
2660 2086 2795 2157 μηδὲ
2862 2084 3145 2154 προκύψαι
3192 2083 3291 2151 τῆς
3351 2080 3593 2151 φρουρᾶς
3615 2081 3716 2127 πα⁹

448 2182 883 2255 ραχωροὺμενοι,
941 2181 997 2232 ὲν
1081 2171 1553 2245 ταλαιπωρεῖσθαι
1606 2169 1681 2230 ὼς
1712 2165 2007 2219 ὑπεύθυνοι
2048 2175 2467 2246 κατακέκριντο.

516 2281 728 2333 Interea
762 2278 855 2345 qui
907 2275 975 2330 ad
1006 2290 1118 2329 rem
1153 2269 1588 2341 componendam
1631 2266 1738 2320 huc
1766 2272 2034 2318 venerant

446 2370 713 2435 Romani,
750 2384 856 2425 non
888 2383 1048 2423 secus
1074 2382 1137 2422 ac
1167 2365 1213 2420 si
1251 2363 1424 2418 Ruina
1455 2362 1520 2417 ad
1559 2358 1905 2415 indicendum
1937 2372 2036 2408 no-

445 2464 529 2515 bis
547 2460 742 2516 bellum
758 2457 991 2529 delegati
1011 2455 1422 2519 essent,exsilio
1442 2459 1628 2508 nostro
1647 2448 1915 2504 calculum
1933 2445 2033 2499 ad-

440 2555 711 2621 jecerunt,
756 2563 936 2619 neque
966 2556 1150 2602 nostra
1175 2545 1458 2609 durantes,
1494 2557 1672 2612 neque
1711 2539 1903 2594 audire
1933 2535 2034 2589 ali-

445 2643 574 2713 quid
592 2656 621 2695 ι
638 2641 796 2696 nobis
811 2640 1077 2704 volentes,
1092 2638 1362 2710 quamvis,
1380 2636 1423 2690 si
1437 2634 1561 2705 quis
1584 2634 1746 2694 alius,
1770 2628 1873 2699 ipsi
1890 2634 2037 2682 certe

445 2740 548 2792 hoc
565 2734 745 2791 facere
763 2733 1095 2795 debuissent,
1117 2742 1174 2785 ut
1191 2724 1866 2795 ecclesiasticmdignitatis
1888 2736 2030 2791 pra:-

444 2827 742 2898 r0gativam
768 2824 1149 2885 defenderent,
1183 2820 1481 2891 praesertim
1507 2834 1631 2873 cum
1675 2817 1728 2868 in
1755 2830 1820 2867 eo
1845 2828 2031 2867 versa-

444 2927 631 2972 rentur
650 2925 705 2970 ct
730 2916 795 2967 ad
817 2933 833 2964 \
847 2929 909 2968 os
928 2911 1150 2982 profecti
1170 2926 1256 2965 res
1272 2910 1550 2979 quomodo
1574 2906 1855 2962 evenerint
1872 2919 2032 2958 enar-

445 3007 619 3064 raturi
642 3013 846 3062 essent.
870 3004 936 3059 Et
956 3005 1000 3059 si
1016 3018 1115 3059 nos
1138 3004 1288 3057 adire
1306 3000 1628 3065 uoluissent,
1646 3000 1835 3055 saltem
1857 3010 2027 3050 unum

443 3102 510 3154 de
532 3098 599 3154 iis
615 3100 708 3168 qui
733 3096 1016 3152 nobiscum
1041 3095 1095 3149 in
1113 3095 1299 3149 eadem
1323 3093 1634 3149 calamitate
1648 3091 2025 3151 versabantur,

2204 2274 2316 2328 Kal.
2341 2276 2391 2327 οί
2415 2275 2549 2346 πρὸς
2579 2275 2916 2329 κατάστασιν
2943 2273 3045 2326 τῶν
3068 2272 3411 2341 πραγμάτων
3438 2269 3715 2322 ἀπεσταλ-

2134 2366 2286 2435 μένοι
2328 2366 2591 2437 Ῥωμαῖοι
2649 2366 2920 2437 παρόντες
2976 2363 3233 2429 ἐνταῦθα,
3289 2363 3475 2432 ὥσπερ
3525 2361 3616 2414 ἐπὶ
3651 2361 3715 2413 τὸ

2130 2458 2261 2511 αὐτὸ
2312 2457 2475 2511 τοῦτο
2533 2460 2762 2529 ἥκοντες
2800 2461 2863 2512 ὲκ
2903 2457 3119 2527 Ῥώμης
3154 2456 3249 2510 τοῦ
3292 2456 3527 2525 πόλεμον
3579 2454 3688 2522 ἄρα

2133 2548 2277 2616 σθαι,
2312 2550 2435 2603 καθ’
2467 2551 2627 2622 ἡμῶν
2666 2550 2899 2621 ὲκύρουν
2941 2550 3181 2620 ὲξορίαν,
3221 2548 3386 2617 μηδὲν
3438 2552 3573 2616 μήτε
3613 2563 3716 2597 πο-

2130 2640 2717 2712 λυπραγμονήσαντες,
2766 2644 2905 2714 μήτε
2952 2643 3145 2713 μαθεῖν
3192 2640 3544 2708 βουληθέντες
3579 2635 3715 2707 παρ’

2136 2734 2292 2802 ἡμῶν
2319 2752 2331 2764 ⁸
2357 2734 2537 2787 καίτοι
2564 2752 2626 2803 γε
2651 2734 2755 2788 κᾶν
2777 2734 2966 2805 μηδεπς
2994 2734 3172 2799 ἄλλος,
3200 2731 3398 2795 αὐτοὺς
3422 2731 3521 2783 ἔδει
3551 2729 3716 2782 τοῦτο

2133 2826 2329 2898 ποιεῖν,
2390 2824 2786 2895 ἀντεχομένους
2845 2825 3184 2896 προνομίου,
3247 2824 3713 2892 ὲκκλησιαστικῆς

2130 2911 2426 2985 ὑπεροχῆς,
2481 2917 2578 2969 καὶ
2638 2917 2876 2987 μάλιστα
2924 2918 3219 2987 μέλλοντας
3279 2915 3529 2970 ἐντεῦθεν
3572 2917 3713 2983 πρ“ς

2131 3004 2276 3074 ὑμᾶς
2306 3007 2587 3077 ἀπαίρειν,
2621 3010 2714 3063 καὶ
2747 3010 2855 3062 τῶν
2900 3011 3257 3081 πραγμάτων
3284 3008 3503 3062 ἔσεσθαι
3545 3008 3714 3074 ἀγγέ-

2131 3096 2277 3161 λους,
2313 3098 2407 3151 καὶ
2445 3098 2765 3167 ὀφείλοντας
2796 3100 2884 3154 διὰ
2910 3101 3068 3154 τοῦτο
3116 3104 3208 3155 καὶ
3244 3102 3373 3153 [δεῖν
3409 3101 3457 3153 εί
3503 3099 3596 3151 καὶ
3635 3097 3713 3167 μὴ

449 3195 788 3263 interrogare
847 3205 913 3244 ac
967 3188 1288 3257 scrupulose
1319 3186 1637 3241 examinare
1686 3184 2024 3242 debuissent,

2131 3190 2280 3259 ἡμᾶς
2314 3189 2621 3258 ἐϐούλοντο,
2661 3191 2798 3245 ἀλλά
2836 3194 2959 3247 τινά
2992 3193 3102 3247 τῶν
3134 3193 3254 3264 μεθ’
3286 3192 3445 3263 ἡμῶν
3481 3207 3711 3258 συγκιν-

450 3298 508 3341 υι
543 3300 731 3340 verum
762 3284 831 3339 ad
877 3298 975 3339 vos
1022 3282 1271 3337 nuntium
1304 3280 1631 3351 perferrent.
1666 3279 1770 3333 Sed
1807 3287 2020 3331 tanttnn

445 3373 620 3433 abfuit
650 3388 708 3431 ut
745 3377 1103 3446 episcopum,
1137 3374 1234 3445 qui
1270 3373 1397 3428 talia
1439 3372 1750 3443 patiebatur
1804 3379 1857 3423 et
1889 3384 2021 3438 per-

444 3472 714 3527 secutioni
743 3471 1028 3540 expositus
1059 3477 1199 3533 erat,
1239 3468 1367 3537 quia
1407 3463 1786 3520 fornicationis
1818 3462 2025 3517 scelere

445 3563 745 3617 Ecelesiam
807 3562 917 3615 imo
962 3558 1279 3613 universum
1328 3557 1768 3613 Christianorum
1818 3562 2021 3608 emtum

443 3653 807 3707 contaminari
842 3653 1080 3716 vetabat,
1112 3666 1288 3720 eoque
1336 3650 1447 3719 jam
1483 3649 1778 3704 devenerat
1814 3655 1871 3700 ut
1900 3645 2026 3700 vitae

446 3754 674 3800 mortem
712 3744 1109 3815 praeferendam
1139 3744 1436 3815 judicaret,
1482 3741 1837 3797 defenderent
1866 3740 2025 3809 eique

445 3841 815 3894 assentientes
845 3854 877 3893 a
907 3838 1160 3906 partibus
1196 3836 1426 3906 jusﬁtia:
1471 3844 1700 3899 starent,
1734 3844 1793 3889 ut
1830 3835 1895 3889 iis
1927 3834 2024 3904 qui

444 3932 727 4002 tyrannica
786 3947 887 3988 nos
942 3939 1272 3996 tractarant,
1320 3930 1773 4000 astipularentur,
1821 3936 1876 3982 et
1930 3926 2023 3998 qui

444 4026 602 4081 nobis
637 4026 746 4080 vim
780 4025 1078 4082 intulerant
1100 4025 1492 4091 consentirent,
1515 4032 1589 4086 et,
1616 4023 1805 4078 nescio
1826 4037 1931 4093 qua
1957 4021 2024 4076 de

444 4130 631 4181 causa,
664 4116 1005 4172 crudelitatis
1036 4125 1227 4171 contra
1254 4130 1354 4170 nos
1381 4124 1611 4171 exserta:
1639 4114 1773 4169 socii
1808 4115 2021 4168 fierent.

442 4216 581 4275 Nolo
606 4219 751 4272 enim
784 4219 971 4273 dicere
992 4259 1006 4284 ,
1040 4219 1187 4287 ipsos
1219 4218 1540 4288 prmpotenti
1569 4218 1685 4271 auri
1715 4214 2022 4286 tyrannide,

443 4309 555 4364 imo
580 4309 649 4364 ab
675 4309 927 4365 hostibus
951 4322 1247 4379 oppressos
1279 4308 1686 4364 mendaciorum
1737 4305 2023 4360 fraudum-

443 4418 550 4467 que
580 4403 891 4473 congeriem
937 4404 1007 4456 ad
1043 4415 1142 4457 vos
1166 4401 1430 4456 allaturos
1460 4414 1582 4455 esse
1613 4408 1709 4453 aut
1730 4398 2023 4452 denuntia-

445 4506 597 4548 turos
626 4497 693 4549 de
723 4493 885 4548 rebus
922 4507 1061 4562 quas
1100 4506 1391 4559 nunquam
1423 4490 1674 4545 evenisse
1706 4504 1883 4558 neque
1925 4503 2021 4541 εχ·
2052 4531 2098 4586 D

443 4584 648 4637 stitisse
694 4590 919 4647 norunt,
962 4582 1060 4637 sed
1112 4596 1235 4650 quae
1278 4597 1388 4635 non
1417 4579 1523 4634 nisi
1558 4594 1735 4649 pravae
1774 4593 2021 4648 auroque

443 4681 716 4742 corruptae
745 4672 942 4726 mentis
971 4680 1100 4727 sunt
1137 4672 1413 4741 ﬁgmenta.
1437 4670 1555 4725 Jam
1594 4684 1724 4725 vero
1751 4672 2021 4725 conceda-

444 4779 568 4817 mus
597 4803 614 4828 ,
641 4764 782 4817 duos
809 4771 988 4817 tresve
1016 4763 1162 4819 viros
1188 4763 1244 4816 in
1275 4779 1517 4819 errorem
1547 4762 1755 4826 induci,
1786 4763 1901 4818 sive
1928 4778 2021 4832 per

444 4855 642 4913 malam
674 4853 945 4921 fraudem,
975 4856 1092 4912 sive
1116 4872 1213 4925 per
1235 4857 1478 4926 linguam
1510 4858 1642 4912 nulli
1675 4859 1777 4929 legi
1801 4860 2019 4927 subjec-

446 4959 556 5003 tam
597 4963 851 5019 quaeque,
884 4949 956 5003 ob
1004 4952 1305 5019 potentiam
1348 4952 1431 5006 vel
1467 4952 1539 5007 ob
1583 4952 1743 5006 aliam
1772 4967 2018 5019 causam,

443 5039 629 5095 omnia
670 5037 775 5093 sibi
814 5038 979 5092 licere
1020 5039 1321 5108 opinatur:
1358 5040 1669 5095 universam
1701 5048 1884 5094 autem
1915 5040 2019 5093 Ec-

443 5132 668 5186 clesiam
753 5129 1105 5185 sermonibus
1176 5129 1463 5185 fallacibus
1516 5147 1616 5185 nec
1674 5132 1777 5186 nisi
1859 5132 2020 5184 vani-

444 5224 539 5276 tati
578 5222 741 5288 hujus
806 5220 997 5276 mundi
1054 5222 1259 5277 innixis
1297 5224 1472 5292 decipi
1516 5239 1581 5279 ac
1639 5224 1817 5294 subigi
1848 5265 1861 5288 ,
1895 5224 2020 5293 quis

441 5330 600 5383 aequo
634 5317 821 5372 animo
849 5317 1055 5372 terret?
1087 5318 1222 5383 Quis
1251 5317 1414 5383 igitur
1450 5334 1691 5387 unquam
1725 5320 1884 5373 talem
1916 5333 2020 5370 au-

450 5405 580 5458 {ivit
603 5416 951 5473 sententiam,
978 5409 1194 5478 qualem
1231 5407 1502 5474 Romana,
1539 5417 1597 5463 ut
1639 5412 1814 5474 aiunt,
1840 5410 2022 5464 Eccle-

444 5494 549 5559 sia,
578 5496 835 5554 nimirum
870 5501 946 5556 illi
985 5504 1079 5570 qui
1114 5502 1587 5572 Constantinopoli
1619 5502 1764 5556 illam
1822 5519 2021 5573 reprae-

447 5594 665 5642 sentare
694 5590 943 5646 videntur
967 5633 980 5659 ,
1017 5593 1101 5648 bis
1122 5593 1316 5648 diebus
1343 5602 1535 5647 contra
1559 5608 1692 5659 nos,
1725 5595 1809 5649 vel
1838 5595 2021 5664 potius

446 5678 811 5750 ignominiose
861 5693 1053 5740 contra
1119 5688 1354 5757 seipsam
1422 5686 1584 5742 tulit?
1643 5687 1828 5757 Neque
1876 5702 2019 5758 aegre

448 5773 633 5831 feratis
659 5788 721 5828 ea
748 5789 868 5844 qua:
904 5777 1025 5832 dico
1062 5797 1074 5831 :
1140 5796 1484 5852 quaecunque
1521 5780 1665 5836 enim
1702 5781 1843 5836 haud
1878 5782 2017 5836 bona

2125 3283 2459 3337 δυνευόντων
2510 3285 2606 3337 καὶ
2652 3285 2925 3341 πυθέσθαι
2968 3287 3063 3340 καὶ
3115 3287 3309 3357 μαθεῖν
3343 3284 3610 3357 ἀκριϐῶς,
3641 3283 3714 3335 ἵν’

2126 3375 2301 3447 ἔχοιεν
2340 3376 2542 3448 ἀκριϐῆ
2576 3380 2671 3432 καὶ
2716 3378 2815 3450 τὴν
2860 3380 2995 3450 πρὸς
3030 3381 3175 3449 ὑμᾶς
3224 3379 3486 3447 ἀγγελίαν
3532 3381 3713 3430 ποιεῖ-

2128 3469 2275 3521 σθαι.
2320 3468 2461 3521 Ἀλλ’
2500 3468 2652 3539 ὅμως
2700 3468 2925 3523 τοιαῦτα
2968 3472 3268 3540 πάσχοντος
3310 3470 3613 3540 ἀρχιερέως
3641 3468 3711 3520 δι’

2126 3557 2280 3610 οὐδὲν
2310 3559 2497 3629 ἕτερον
2527 3560 2558 3630 ῆ
2588 3560 2671 3613 ὅτι
2708 3561 2985 3633 βδέλυγμα
3018 3561 3276 3631 πορνείας
3310 3562 3383 3631 μὴ
3414 3558 3710 3629 συνεχώρει

2126 3649 2227 3716 τὴν
2270 3650 2621 3721 Ἐκκλησίαν,
2654 3654 2855 3723 μᾶλλον
2884 3655 2942 3707 δὲ
2976 3655 3035 3706 τὸ
3069 3653 3246 3707 κοινὸν
3281 3654 3556 3723 πλήρωμα
3596 3651 3713 3703 τιὶν

2129 3741 2474 3813 Χριστιανῶν
2527 3745 2883 3815 καθυϐρίζειν
2931 3748 3339 3818 ἐκδιωχθέντος,
3372 3747 3465 3799 καὶ
3517 3744 3713 3799 τοσοῦ-

2128 3853 2219 3889 τον
2257 3835 2404 3907 ζωῆς
2438 3838 2824 3903 ἀπολαύοντος,
2864 3840 2939 3903 ὡς
2984 3836 3123 3894 εἶναι
3150 3841 3242 3892 τὸν
3293 3839 3523 3893 θάνατον
3556 3838 3711 3906 αὐτῷ

2128 3928 2159 3997 ἢ
2196 3928 2258 3980 τὸ
2288 3930 2387 4000 ζῇν
2411 3931 2794 4002 αἱρετώτερον,
2844 3933 2965 3985 ἀντὶ
3013 3932 3105 3985 τοῦ
3162 3933 3416 3997 ἐκδικεῖν,
3448 3930 3573 3985 ἀντὶ
3612 3929 3708 3983 τοῦ

2129 4019 2455 4091 προσϐῆναι,
2507 4023 2631 4077 ἀντὶ
2668 4023 2763 4077 τοῦ
2816 4025 2914 4092 τῆς
2957 4025 3306 4097 δικαιοσύνης
3358 4021 3705 4092 ἀντέχεσθαι,

2127 4114 2334 4168 εἴλοντο
2366 4121 2756 4188 συντυραννεῖν
2790 4122 2903 4181 τοῖς
2935 4120 3440 4190 τετυραννηκόσινὸ
3458 4119 3584 4187 μᾶς,
3612 4119 3707 4168 καὶ

2130 4209 2268 4275 μετά
2307 4210 2416 4261 τῶν
2450 4208 2797 4280 βιασαμένων
2840 4212 3220 4283 συντετάχθαι.
3258 4213 3365 4265 Kal.
3407 4210 3710 4279 συνεπιψη-

2128 4301 2375 4367 φίζονται
2424 4305 2491 4373 τῇ
2526 4305 2647 4357 καθ’
2676 4304 2837 4375 ἡμῶν
2885 4306 3182 4371 τυραννίδι,
3217 4307 3315 4358 οὐκ
3354 4303 3472 4358 οῖδα
3520 4303 3570 4356 τί
3602 4318 3707 4355 πα-

2128 4394 2311 4454 Θόντες
2336 4412 2349 4425 ·
2378 4396 2438 4448 οὐ
2472 4396 2582 4466 γὰρ
2616 4396 2878 4467 βούλομαι
2903 4399 3078 4451 εἰπεῖν
3100 4401 3181 4452 ὅτι
3213 4399 3367 4451 αὐτοὶ
3402 4412 3709 4467 προτυραν-

2128 4482 2381 4554 νηθέντες
2413 4484 2516 4536 ὑπὸ
2545 4487 2643 4555 τῆς
2677 4489 2950 4558 κραταιᾶς
2992 4487 3087 4542 τοῦ
3120 4489 3323 4559 χρυσοῦ
3365 4489 3705 4560 τυραννίδος,

2128 4576 2221 4629 xal
2250 4577 2311 4629 ού
2364 4576 2618 4630 τοσοῦτον
2652 4579 2837 4649 μόνον,
2883 4581 3022 4636 ἀλλά
3067 4584 3162 4636 καὶ
3207 4582 3310 4635 ὑπὸ
3356 4582 3462 4634 τῶν
3492 4582 3705 4653 ἐχθρῶν

2127 4669 2581 4737 συμφορήσαντες
2635 4670 2866 4739 ψεύδους
2926 4673 3020 4726 καὶ
3073 4674 3291 4743 ἀπάτης
3348 4673 3505 4743 όχλον
3568 4674 3707 4741 πρὸς

2124 4757 2269 4827 ὑμᾶς
2307 4760 2503 4830 ἥκουσι
2534 4762 2830 4834 κατήγοροι
2853 4765 3196 4834 πραγμάτων
3237 4766 3411 4832 ὄντες,
3445 4765 3478 4818 ἃ
3506 4765 3704 4836 ᾔδεσαν

2123 4850 2379 4917 ἀσφαλῶς
2417 4852 2557 4923 μήτε
2608 4856 2890 4923 γεγονότα,
2930 4857 3054 4926 μηδ’
3101 4858 3237 4919 ὅλως
3275 4859 3424 4919 ὄντα,
3478 4860 3613 4927 μόνα
3646 4856 3701 4910 δὲ

2125 4943 2534 5014 ἀναπλασματα
2562 4949 2810 5016 πονηρᾶς
2837 4949 3086 5019 καρδίας,
3116 4950 3308 5023 καὶτῷ
3334 4952 3517 5022 χρυσῷ
3548 4951 3709 5021 ἔξηνε

2123 5035 2579 5108 δραποδισμένης.
2610 5039 2770 5092 Ἀλλά
2799 5040 2955 5093 τοῦτο
2978 5043 3079 5112 μὲν
3103 5044 3232 5107 ἴσως
3254 5045 3490 5114 φορητὸν
3503 5044 3709 5115 ἀνδρας

2124 5126 2217 5178 δύο
2264 5127 2296 5196 ἢ
2342 5133 2433 5181 καὶ
2468 5132 2619 5199 τρεῖς
2653 5132 3017 5203 ἀπατηθῆναι,
3062 5136 3221 5205 τυχόν
3270 5136 3369 5204 μὲν
3410 5137 3513 5189 ὑπὸ
3549 5138 3710 5205 λογο-

2125 5222 2306 5283 ποιίας
2350 5224 2616 5292 πονηρᾶς,
2654 5224 2759 5277 ὑπὸ
2812 5226 3069 5297 γλώσσης
3110 5229 3411 5299 αὐτονόμου
3466 5233 3566 5284 καὶ
3626 5232 3702 5303 μὴ

2122 5312 2406 5384 δειλιὼσης
2438 5316 2721 5385 πράττειν,
2760 5317 2856 5371 ἀπ’
2897 5320 3164 5385 ἐξουσίας,
3199 5321 3230 5392 ἢ
3278 5322 3382 5375 ὑπὸ
3419 5323 3586 5392 ἄλλης
3616 5342 3701 5376 τι-

2125 5413 2212 5473 νὸς
2249 5412 2450 5476 αἰτίας.
2492 5414 2564 5465 Τὸ
2595 5413 2652 5466 δὲ
2681 5415 2809 5485 ὅλην
2842 5416 3176 5487 Ἐκκλησίαν
3218 5418 3529 5490 ὑπαχθῆναι
3563 5419 3702 5490 dsu-

2125 5507 2240 5557 δέσι
2270 5504 2472 5573 λόγοις,
2503 5506 2671 5576 μηδὲν
2698 5508 2887 5575 ἕτερον
2914 5511 2993 5572 είς
3024 5509 3285 5564 σύστασιν
3315 5512 3701 5582 κεκτημένοις,

2123 5594 2154 5663 ἢ
2187 5592 2285 5663 τὴν
2330 5594 2603 5663 κοσμικὴν
2636 5598 2995 5666 ματαιότητα,
3029 5600 3146 5664 πῶς
3186 5601 3251 5656 ἄν
3293 5619 3377 5667 τις
3410 5604 3505 5674 οὐχ
3535 5604 3701 5675 ὑπερ-

2123 5686 2457 5757 εκπλαγείη;
2494 5687 2584 5751 Τίς
2621 5684 2714 5740 οὖν
2767 5689 2902 5761 ἀκοὴ
2953 5694 3212 5767 τοιαύτην
3250 5698 3525 5768 παρέλαϐε
3579 5700 3702 5769 κρί-

2127 5798 2229 5846 σιν,
2262 5782 2420 5834 ὁποία
2455 5782 2487 5850 ἡ
2516 5779 2625 5834 τῶν
2675 5780 2964 5851 Ῥωμαίων
2995 5785 3290 5860 Ἐκκλησία
3329 5792 3400 5856 ὣς
3435 5809 3621 5858 φασιν,
3654 5792 3700 5843 cl
3734 5808 3739 5813 ·
