4038 6204
286 328 394 391 2ὒ5

1750 328 2173 389 ΕΓΙΞΤΟΕΕ..

3445 326 3555 389 206

286 443 343 493 ἐν
372 439 952 493 Κωνσταντινουπόλει
1000 438 1272 510 πλήρωμά
1321 438 1603 502 δοκοῦντες
1652 441 1879 511 Ἑκκληο

1992 450 2154 505 sunt,
2212 440 2507 510 vituperari
2572 440 2811 505 debent,
2866 440 3139 509 siquidem
3201 444 3555 511 quantumvis

288 534 430 594 σίας,
466 536 521 583 ὲν
554 535 671 596 ταῖς
709 533 945 603 ἡμέραις
976 532 1200 595 ταύταις
1239 532 1500 602 ἐξήνεγκε
1530 532 1653 586 καθ’
1680 534 1861 603 ἡμῶν,

1975 548 2159 589 sermo
2194 544 2429 599 taceant,
2454 534 2598 589 facta
2628 535 2743 604 ipsa
2775 534 3107 603 vituperium
3140 534 3387 604 gignunt.

288 625 490 695 μᾶλλον
529 623 586 676 δὲ
617 626 695 687 εἰς
730 623 986 695 ἀφορμὴν
1029 624 1294 694 μέμψεως
1324 625 1448 677 καθ’
1487 624 1730 690 causam;
1797 627 1905 678 Καὶ
1947 626 2023 697 μὴ
2066 625 2194 699 δόξῃ
2246 626 2485 696 ἐπαχθὲς
2552 628 2680 695 ὑμῖν
2711 628 2769 680 τὸ
2818 626 3140 696 εἰρημένον·
3182 631 3411 697 μεμπτά
3453 631 3560 701 γάρ

288 724 357 773 τά
396 722 472 788 μὴ
505 718 667 783 καλά,
698 721 792 773 καὶ
825 720 926 773 κᾶν
966 723 991 773 ὁ
1022 720 1178 788 λόγος
1212 721 1435 792 σιγήσῃ.
1472 722 1538 777 τά
1575 722 1878 793 πράγματα
1918 721 2076 792 φέρει
2101 721 2192 774 τὸν
2220 720 2443 791 ἔλεγχον
2466 721 2525 786 ἐξ
2550 722 2751 775 αὐτῶν.

376 814 540 867 Ἀλλὰ
589 815 807 885 πρῶτον
854 817 951 878 τὰς
1004 815 1125 869 καθ’
1168 815 1324 886 ἡμῶν
1358 815 1738 885 ψευδολογίας,
1784 818 1879 868 καί

285 904 377 959 οἷα
430 907 516 959 ἐπ’
552 910 747 972 αὑταῖς
798 910 1074 980 ἐκρίνατε,
1118 909 1303 972 καλῶς
1353 908 1467 978 ἔχει
1523 908 1879 977 παραστῆσαι

289 1003 441 1069 ὑμῖν,
496 996 613 1052 εἶτα
651 1002 753 1053 ὅσα
782 1002 924 1055 κατά
956 1002 1052 1073 τῆς
1095 1001 1425 1067 Ἐκκλησίας
1473 1002 1540 1070 τῇ
1574 999 1872 1070 αὐθεντικῇ

295 1092 682 1160 ίπουργήσατε
732 1091 1034 1162 οἰκονομίᾳ.
1086 1090 1334 1144 Λίὸελλοι
1388 1090 1511 1144 καθ’
1546 1090 1705 1160 ἡμῶν
1755 1092 1880 1144 ἑκο-

292 1183 589 1253 μίσθησαν,
624 1186 717 1238 καὶ
746 1187 855 1237 εἴτε
902 1184 1123 1253 ἀληθεῖς
1150 1179 1292 1254 ἦσαν
1332 1184 1438 1237 εἴτε
1472 1181 1688 1252 ψευδεῖς
1720 1181 1879 1249 λόγος

292 1275 464 1338 οὐδείς
487 1290 499 1303 ·
536 1274 652 1338 πῶς
682 1276 790 1346 γάρ
835 1276 1013 1345 λόγος,
1042 1278 1129 1329 ὅτε
1158 1274 1387 1345 ζήτησις
1432 1266 1730 1339 ἀπολογίας
1764 1273 1875 1327 τῶν

290 1364 786 1436 κατηγορουμένων
840 1368 941 1418 οὐκ
992 1362 1100 1438 ἦνς
1158 1367 1354 1419 Καίτοι
1412 1364 1727 1435 νενόμισται
1782 1366 1879 1417 καὶ

288 1461 442 1529 παρὰ
504 1458 801 1528 βαρϐάροις
846 1460 940 1512 καὶ
991 1460 1216 1528 ἀνόμοις
1272 1459 1475 1529 μηδένα
1530 1456 1883 1530 κατακρίνειν

287 1549 400 1600 τῶν
452 1549 974 1619 κατηγορουμένων,
1028 1551 1077 1601 εἰ
1112 1547 1186 1619 μὴ
1219 1548 1488 1619 πρότερον
1537 1546 1826 1617 παραστάς
1855 1546 1883 1599 ό

282 1642 619 1711 διωκόμενος
650 1642 749 1712 τὴν
777 1641 1078 1710 ἀπολογίαν
1125 1641 1312 1710 ὑφέξοι
1344 1642 1453 1694 τῶν
1485 1638 1884 1710 κατηγορημάο

286 1749 421 1789 των.
464 1732 629 1786 Ἀλλά
684 1736 779 1787 καὶ
834 1732 1073 1802 Χριστὸς
1110 1734 1138 1785 ό
1188 1732 1321 1795 Θεὸς
1357 1732 1514 1802 ἡμῶν
1560 1730 1885 1801 φωνούντων

290 1826 417 1877 κατ’
445 1826 613 1878 αὐτοῦ
674 1826 785 1877 τῶν
844 1824 1182 1896 παρανόμων
1217 1824 1489 1877 Ἰουδαίων
1531 1824 1631 1895 τὴν
1680 1824 1882 1887 ἄνομον
1917 1850 1958 1903 Β

292 1915 509 1985 ὑπέστη
530 1916 860 1984 κατάκρισιν
886 1916 1171 1986 παραστάς
1191 1915 1268 1986 τῷ
1299 1915 1584 1987 συνεδρίῳ,
1604 1916 1699 1968 καὶ
1720 1916 1881 1968 άπαι·

204 2050 209 2055 .
289 2008 477 2078 τηθεὶς
518 2010 945 2079 ἀποκρίνασθαι.
1001 2009 1065 2064 Ἣ
1120 2010 1177 2063 δὲ
1225 2011 1359 2081 παρ’
1406 2010 1584 2079 ὑμῶν,
1635 2009 1879 2077 ἀδελφοὶ,

292 2100 477 2170 κρίσις
519 2100 613 2154 καὶ
640 2100 876 2153 ἐνταῦθα
901 2101 996 2154 καὶ
1026 2101 1169 2153 κατά
1212 2101 1310 2171 τὴν
1343 2100 1615 2169 ὑμετέραν
1646 2099 1884 2168 ἀποφαί-

291 2208 446 2245 νεται
487 2193 733 2263 Ῥώμην,
764 2195 860 2247 καὶ
892 2194 1027 2248 ἄλλοι
1065 2194 1459 2265 διαπράττεται
1492 2194 1595 2247 ὅσα
1639 2192 1750 2261 ἐγὼ
1782 2194 1883 2263 μὲν

286 2286 472 2337 εἰπεῖν
499 2286 559 2337 οῦ
587 2286 982 2358 προαιροῦμαι,
1008 2287 1035 2338 ὁ
1061 2286 1269 2357 μέλλων
1294 2285 1351 2338 δὲ
1378 2286 1436 2338 οῦ
1469 2286 1684 2356 σιγήσει
1707 2287 1886 2353 ἀπαγ-

288 2375 501 2440 γέλλων
533 2377 748 2447 χρόνος,
791 2376 1021 2447 ἐπείπερ
1053 2376 1423 2449 δυνατώτερος
1452 2376 1633 2447 πάσης
1674 2376 1886 2446 ἀνθρωο

293 2466 453 2534 πίνης
480 2469 578 2519 καὶ
606 2468 885 2538 περινοίας
917 2470 1011 2520 καὶ
1048 2467 1351 2537 δυνάμεως.

366 2652 563 2719 Ὅμως
590 2651 650 2706 τὸ
680 2653 948 2724 ⁴ίξμέτερον
974 2656 1125 2725 παρὰ
1163 2652 1369 2722 φαῦλον
1400 2652 1627 2707 κείσθω.
1657 2653 1721 2706 Τί
1750 2653 1881 2725 γὰρ,

291 2745 345 2795 εί
374 2743 667 2814 ἅνθρωπος
688 2745 941 2810 ἐλεεινὸς,
978 2746 1073 2799 καὶ
1098 2746 1259 2815 τυχὸν
1286 2744 1408 2797 οὐδὲ
1442 2746 1706 2801 ἀναπνεῖν
1738 2746 1889 2812 ἄξιος

288 2837 387 2889 τὸν
421 2835 586 2907 ἀέρα,
626 2836 962 2907 ἑκδιώκομαι
1018 2839 1233 2908 θρόνου,
1284 2838 1379 2891 καὶ
1416 2837 1685 2907 ὑπερορίᾳ
1718 2854 1882 2890 κατα-

289 2931 616 2997 δικάζομαι,
674 2928 761 2981 ἵνα
801 2932 929 2993 τοὺς
983 2930 1105 2982 καθ’
1141 2930 1357 3001 ἡμέραν
1404 2912 1888 2984 ἁπολείπωλθανά-

292 3037 459 3085 τους;
501 3020 663 3071 Ἀλλά
708 3021 844 3083 τέως
903 3020 1005 3091 τὴν
1060 3022 1225 3092 τιμὴν
1268 3022 1365 3090 τῆς
1406 3020 1757 3089 Ἐκκλησίας,
1791 3020 1891 3090 τὴν

296 3114 614 3182 σεμνότητα
648 3114 746 3185 τῆς
790 3114 1048 3179 πίστεως,
1082 3115 1191 3168 τῶν
1226 3115 1387 3183 ἱερῶν
1428 3114 1669 3189 κανόνῳν
1699 3114 1759 3166 τδ
1800 3132 1891 3165 σε-

298 3206 564 3275 ϐάσμιον,
598 3206 697 3275 τὴν
732 3206 938 3260 ἄνωθεν
969 3207 1119 3278 ἱεράν
1150 3206 1468 3277 παράδοσιν,
1502 3207 1617 3269 πῶς
1649 3207 1748 3259 οὐκ
1769 3206 1886 3258 ἐδυ-
1912 3199 1957 3259 ί.)

294 3298 597 3368 σωπήθητε
627 3313 642 3362 ;
670 3298 785 3358 πῶς
806 3298 905 3349 οῦκ
928 3296 1246 3365 ἐλογίσασθε
1273 3315 1287 3364 ;
1315 3296 1458 3350 Ἀλλ’
1485 3297 1587 3350 οὑκ
1610 3292 1724 3350 οἶδα
1755 3297 1888 3366 ποία

295 3389 597 3460 γρώμενοι⁹
624 3388 864 3460 ἐξουσία,
911 3390 942 3459 ἢ
996 3389 1160 3443 πόθεν
1193 3389 1363 3461 αὐτὴν
1411 3389 1691 3456 λαϐόντες,
1749 3405 1887 3458 πορ-

295 3484 445 3534 νείαν
484 3484 563 3547 είς
598 3483 668 3537 τά
700 3485 807 3536 τῶν
854 3484 1201 3554 Χριστιανῶν
1236 3483 1563 3553 είσηγάγετε
1600 3482 1756 3551 ἆγια,
1790 3484 1885 3536 καὶ

297 3574 397 3625 οὐκ
419 3573 769 3645 ἠϐουλήθης-ε
800 3575 987 3628 λαεεῖν
1017 3575 1108 3627 ἐπὶ
1132 3573 1278 3639 νοῦν,
1311 3573 1389 3637 ὡς
1410 3574 1613 3637 εὐθέως
1641 3575 1736 3627 καὶ
1765 3574 1885 3627 κατ’

295 3668 478 3736 ἀρχὰς
513 3666 609 3719 τοῦ
644 3666 1002 3736 κηρύγματος
1031 3667 1189 3720 τοῦτο
1219 3669 1333 3730 τοῖς
1363 3666 1529 3726 θείοις
1560 3667 1891 3737 παρηγγύη-

298 3776 386 3809 ται
419 3756 765 3821 ἀποστόλοις,
795 3766 857 3810 τὸ
887 3760 1142 3830 πορνείας
1176 3757 1500 3828 ἀπέχεσθαι,
1526 3759 1614 3811 ὅτε
1646 3758 1890 3828 περὶτοῦ

303 3867 341 3900 π
356 3850 535 3903 ιεκτοῦ
556 3852 651 3903 καὶ
668 3850 1021 3904 εἰδωλοθῦτου
1044 3852 1397 3906 ἀπέστελλον.
1415 3853 1525 3905 Καὶ
1546 3853 1638 3905 τοῦ
1663 3852 1892 3916 σκεύους

302 3945 355 3996 δὲ
380 3947 479 4015 τῆς
514 3943 747 4013 ἐκλογῆς
776 3946 905 4008 ὅσας
934 3947 1049 3997 ἐστὶ
1080 3943 1514 4014 παρακελεύσεις
1548 3943 1737 3997 λαὸεῖν
1766 3948 1894 4016 περὶ

304 4036 392 4087 τοῦ
429 4037 507 4108 μὴ
550 4037 780 4106 πορνείᾳ.
815 4036 1234 4108 συμφύρεσθαι,
1279 4036 1363 4100 τίς
1394 4037 1653 4107 ἠγνόηκε,
1707 4036 1781 4107 μὴ
1812 4038 1893 4089 ὃτι

304 4130 411 4182 τῶν
443 4132 525 4192 εἰς
557 4130 765 4199 κλῆρον
798 4131 1239 4200 ἀριθμουμένων,
1274 4128 1411 4184 ἀλλᾶ
1446 4130 1539 4183 καὶ
1571 4130 1666 4200 τῆς
1698 4130 1894 4196 λαῖκῆς

307 4222 566 4291 πληθύος,
608 4224 655 4275 εἰ
691 4223 768 4295 μὴ
802 4223 909 4293 ἄρα
950 4240 1033 4286 τις
1075 4224 1421 4277 παντάπασιν
1461 4222 1740 4293 ἀλλότριος
1775 4222 1895 4274 Ἐκ-

308 4316 566 4383 κλησίας,
602 4317 823 4369 καὶτῶν
848 4319 1058 4370 ἐκείνου
1082 4317 1280 4385 λογίων
1313 4314 1580 4388 άνήκοοςς
1610 4316 1709 4369 Διά
1737 4315 1896 4368 τοῦτο

308 4408 427 4461 οὐδὲ
465 4408 817 4480 παρατίθημι
852 4410 921 4461 τά
952 4410 1082 4479 περὶ
1138 4410 1395 4479 πορνείας
1426 4408 1574 4479 αὺτῴ
1606 4409 1892 4479 εἰρημένα,

309 4502 393 4553 ἵνα
432 4500 512 4570 μὴ
548 4503 802 4570 περιττὸς
850 4497 990 4555 εἶναι
1033 4501 1192 4568 δόξω,
1227 4501 1404 4572 δηλῶν
1454 4499 1489 4555 ὃ.
1542 4500 1668 4572 μηδ’
1708 4502 1889 4555 ὅντινα
1925 4539 1966 4592 D

308 4592 524 4662 λέληθε.
562 4593 684 4656 Πῶς
713 4589 806 4646 οὖν
830 4593 921 4645 τοῦ
949 4597 1048 4664 τῆς
1081 4594 1335 4665 πορνείας
1372 4594 1539 4661 ἄγους
1561 4609 1892 4663 κατακεκρι-

312 4685 476 4752 μένου
538 4688 694 4755 παρά
751 4688 992 4751 πάντων,
1047 4687 1341 4755 Ῥωμαίοις
1393 4685 1562 4750 εδοξε,
1614 4685 1748 4738 διότι
1802 4687 1895 4737 καὶ

312 4780 471 4846 ἡμεῖς
516 4777 944 4841 ἀκολουθοῦντες
971 4781 1037 4851 τῇ
1088 4779 1269 4849 κρίσει
1302 4778 1409 4830 τῶν
1444 4778 1784 4843 ἀποστόλων,
1826 4780 1893 4847 τῇ

316 4873 478 4943 ψήφῳ
507 4873 621 4925 τῶν
654 4874 827 4940 ἁγίων
866 4874 1149 4941 Πατέρων,
1184 4871 1289 4924 ὑπὸ
1319 4870 1416 4943 τὴν
1442 4871 1611 4942 αὐτὴν
1634 4872 1896 4939 κατάκρι-

318 4984 393 5019 σιν
426 4967 494 5020 τὸ
523 4968 759 5037 πρᾶγμα
788 4965 1159 5036 πεποιήμεθα,
1196 4964 1442 5036 νομίζειν
1472 4965 1621 5036 ἡμᾶς
1653 4963 1895 5018 ὑπευθύ-

314 5079 427 5125 νους
484 5061 706 5115 καὶτοῦ
750 5059 1002 5129 ποιμνίου
1038 5056 1353 5123 διώκεσθαι,
1404 5056 1502 5110 καὶ
1550 5058 1783 5127 πάσχειν
1827 5058 1895 5108 τά

314 5156 413 5206 τῶν
446 5153 777 5222 κακούργων
801 5169 815 5217 ;
1574 5148 1577 5151 λ

380 5247 511 5311 Ναὶ,
541 5247 704 5315 φησίν
729 5261 743 5274 ·
772 5243 909 5296 ἀλλὰ
940 5243 1117 5313 γάμος
1148 5243 1207 5295 τὸ
1238 5243 1490 5317 πρᾶγμα,
1528 5242 1623 5295 καὶ
1649 5242 1709 5294 οῦ
1753 5256 1894 5311 πορ-

317 5346 449 5393 νεά.
508 5340 714 5409 Γάμος,
755 5334 801 5392 ὦ
836 5340 1004 5406 σεμνὲ
1056 5338 1418 5409 νυμφαγωγὲ,
1451 5338 1546 5390 καὶ
1593 5334 1770 5407 τιμῶν
1809 5335 1896 5387 τὸν

318 5438 487 5501 γάμον
531 5437 654 5505 οὐχὶ
708 5435 849 5488 κατὰ
882 5434 972 5486 τὸν
1022 5432 1247 5494 δοθέντα
1294 5430 1481 5485 θεόθεν
1532 5430 1719 5501 νόμον,
1760 5426 1898 5482 ἀλλὰ

321 5532 452 5581 κατά
478 5530 570 5580 τὲιν
606 5527 697 5580 σὸν
724 5528 826 5580 οῦκ
850 5523 967 5580 οἶδα
1000 5524 1105 5580 ποῦ
1137 5524 1523 5595 γεγραμμένον
1548 5523 1711 5592 νόμον
1737 5537 1752 5588 ;
1792 5521 1900 5574 Γά-

325 5640 417 5689 μοί
493 5624 528 5691 ἠ
568 5624 700 5691 πρὸς
761 5623 1030 5692 τετάρτην
1080 5622 1318 5689 γυναῖκα
1363 5617 1431 5671 δι’
1487 5614 1898 5686 ὑπερϐάλλοντα

321 5706 535 5780 οἶστρον
566 5712 861 5778 συνάφειας
892 5709 1002 5763 Ποῦ
1040 5710 1133 5761 τὸν
1160 5710 1337 5777 γάμον
1370 5706 1559 5759 τοῦτον
1582 5704 1757 5777 εὑρὼν
1787 5706 1897 5757 εἱσι

322 5805 472 5868 ἀνεις
505 5808 585 5865 εἰς
620 5805 678 5853 τὸ
718 5804 824 5855 τῶν
857 5801 1205 5872 Χριστιανῶν
1241 5804 1394 5869 άγιον
1426 5799 1599 5866 ἐθνις,
1652 5799 1711 5853 τὸ
1742 5797 1897 5869 βασί-

2052 814 2174 869 Jam
2236 829 2364 869 vero
2412 815 2654 884 primum
2715 814 2887 869 falsas
2935 823 3128 868 contra
3181 830 3281 869 nos
3321 816 3561 883 prolatas

1980 908 2364 962 accusationes
2401 915 2457 963 et
2486 906 2761 977 quomodo
2805 921 2900 961 eas
2925 906 3235 976 judicastis,
3274 922 3563 965 recensere

1978 1008 2405 1054 consentaneum
2459 985 2563 1065 est,
2604 999 2801 1055 deinde
2857 1009 3127 1069 quantum
3166 1001 3563 1070 gubernatione

1981 1099 2162 1144 vestra
2213 1090 2460 1145 feceritis
2514 1099 2708 1145 contra
2754 1092 3080 1148 Ecclesiam.
3128 1090 3316 1147 Libelli
3369 1106 3561 1149 contra

1982 1196 2083 1236 nos
2130 1181 2665 1237 circumferebantur
2692 1183 2785 1251 qui
2829 1191 3012 1237 utrum
3046 1197 3233 1237 verum
3284 1186 3413 1253 quid
3463 1186 3561 1241 [ιιι-

1982 1285 2173 1327 sumve
2230 1274 2605 1329 continuerint
2667 1289 2829 1329 nemo
2889 1276 3352 1347 scitzquomodo
3416 1280 3562 1333 enim

1983 1363 2114 1417 sciri
2144 1373 2346 1434 potest,
2377 1380 2504 1421 cum
2559 1366 2845 1436 inquisitio
2884 1364 2950 1421 ad
2985 1368 3360 1425 defensionem
3409 1387 3569 1425 accu-

1983 1465 2230 1511 satorum
2275 1458 2459 1512 locum
2499 1472 2609 1512 non
2660 1459 2957 1513 habuerit?
2991 1462 3241 1515 Attamen
3294 1464 3373 1515 vel
3424 1463 3568 1531 apud

1983 1542 2246 1599 barbaros
2276 1554 2331 1601 et
2358 1546 2576 1616 exleges
2639 1547 2980 1603 consuetudo
3012 1549 3275 1616 invaluit,
3322 1561 3379 1604 ut
3409 1568 3569 1607 nemo

1982 1645 2276 1692 accusatus
2325 1637 2749 1704 condemnetur,
2791 1639 2895 1694 nisi
2928 1640 3082 1709 prius
3112 1641 3179 1695 de
3210 1643 3279 1696 iis
3303 1658 3426 1712 qua:
3460 1642 3567 1712 ipsi

1986 1728 2206 1783 crimini
2256 1730 2461 1783 dantur
2514 1744 2637 1784 sese
2685 1730 3013 1786 defenderit.
3069 1732 3338 1787 Caeterum
3399 1736 3564 1789 etiam

1984 1816 2237 1876 Christus
2282 1821 2423 1876 Deus
2469 1831 2679 1891 noster,
2718 1838 2843 1877 cum
2876 1825 3109 1893 improbi
3145 1824 3323 1879 Judaei
3372 1838 3567 1882 contra

1984 1926 2106 1966 eum
2165 1913 2638 1981 vociferarentur,
2690 1916 3017 1986 priusquam
3076 1932 3299 1986 pravam
3359 1920 3572 1976 subiret

1984 2006 2339 2071 sententiam,
2393 2021 2578 2063 coram
2628 2006 2942 2063 Sanhedrio
2984 2012 3337 2078 consumtus,
3392 2022 3449 2068 ut
3511 2030 3571 2069 se

1985 2096 2303 2152 defenderet
2350 2108 2577 2169 rogatus
2625 2108 2732 2153 est.
2769 2097 3018 2153 Vestrum
3058 2110 3241 2156 autem
3271 2104 3568 2173 judicium,

1986 2207 2017 2245 ο
2048 2188 2270 2257 fratres,
2297 2190 2461 2261 quale
2494 2191 2584 2245 hic
2613 2201 2667 2245 et
2698 2191 2754 2245 in
2780 2192 2949 2246 veteri
2982 2191 3152 2248 Roma
3186 2206 3431 2265 apparet,
3460 2200 3569 2254 alia

1987 2284 2240 2352 procedit
2283 2283 2370 2337 via
2411 2298 2577 2354 quam
2621 2298 2723 2351 ego
2758 2298 2907 2339 nunc
2942 2286 3162 2354 quidem
3203 2288 3385 2345 dicere
3419 2292 3569 2355 nolo,

1988 2373 2235 2428 futurum
2271 2381 2455 2428 autem
2506 2382 2724 2447 tempus
2770 2374 2918 2429 clara
2970 2390 3103 2432 voce
3151 2380 3466 2449 patefaciet,
3500 2386 3573 2438 si-

1986 2465 2213 2535 quidem
2273 2465 2409 2521 illud
2461 2480 2679 2522 omnem
2736 2466 3032 2521 humanam
3096 2472 3442 2538 prudentiain
3505 2489 3573 2529 ac

1990 2558 2286 2626 potentiam
2316 2558 2477 2627 longe
2504 2567 2753 2628 superat.

2061 2647 2234 2702 l’orro
2285 2663 2408 2717 quae
2461 2664 2564 2703 nos
2624 2660 2964 2705 concernunt
3022 2652 3180 2707 nauci
3244 2652 3569 2711 habeantur.

1991 2740 2130 2808 Quid
2163 2740 2307 2797 enim
2359 2740 2546 2805 refert,
2584 2750 2642 2796 ut
2672 2756 2794 2812 ego,
2835 2743 2982 2797 velut
3014 2745 3385 2803 homunculus
3412 2750 3571 2818 abje-

1991 2846 2114 2890 ctus
2158 2843 2217 2889 et
2266 2835 2356 2888 vix
2412 2836 2613 2904 dignus
2661 2836 2757 2905 qui
2812 2851 2999 2891 aerem
3048 2840 3297 2909 respiret,
3358 2857 3390 2897 e
3442 2849 3574 2899 sede

1992 2930 2317 2983 deturbatus
2363 2929 2419 2981 in
2462 2929 2718 2982 exsilium
2756 2931 3050 2999 propellar,
3104 2940 3157 2986 et
3205 2934 3472 3001 quotidie,
3514 2945 3573 2989 ut

1998 3020 2069 3071 ita
2102 3017 2309 3085 dicam,
2349 3020 2548 3073 mortis
2580 3020 2850 3089 supplicio
2889 3022 3133 3077 alliciar?
3160 3024 3231 3077 At
3261 3040 3390 3079 vero
3429 3042 3574 3095 quo-

1995 3110 2157 3164 modo
2196 3110 2277 3175 fit,
2336 3121 2393 3163 ut
2433 3109 2695 3179 Ecclesiae
2742 3112 3027 3180 honorem,
3070 3115 3193 3170 ﬁdei
3227 3117 3571 3185 dignitatem,

1994 3217 2277 3258 sacrorum
2327 3216 2599 3255 canonum
2635 3213 3047 3267 auctoritatem,
3082 3223 3407 3264 concessam
3434 3212 3575 3265 divi-

1993 3295 2140 3349 nitus
2155 3292 2526 3362 traditionem,
2548 3310 2721 3366 neque
2740 3298 3102 3352 consideratis
3125 3313 3301 3367 neque
3320 3316 3539 3355 reverea
3554 3333 3575 3345 -

1992 3386 2168 3441 mini?
2191 3386 2385 3456 lgnom
2402 3387 2613 3442 scilicet
2629 3402 2751 3457 quae
2772 3389 2855 3443 usi
2875 3397 3146 3456 potestate
3172 3402 3265 3444 aut
3285 3391 3429 3446 unde
3449 3409 3571 3461 eam

1994 3479 2163 3544 nacti,
2197 3478 2620 3534 fornicationem
2663 3480 2716 3533 in
2755 3478 3196 3534 Christianorum
3249 3482 3569 3554 religionem

1995 3572 2491 3639 subintroducatis,
2531 3588 2638 3626 non
2664 3572 3192 3636 animadvertentes,
3225 3578 3409 3629 statim
3434 3578 3577 3632 inter

1996 3666 2276 3720 nascentis
2330 3665 2611 3735 Evangelii
2642 3665 2963 3735 primordia,
3009 3681 3133 3720 cum
3167 3667 3234 3721 de
3287 3670 3576 3737 suffocato,

1995 3768 2046 3812 ct
2094 3758 2460 3812 immolatitiis
2510 3760 2746 3828 apostoli
2788 3768 3118 3821 statuerent,
3161 3761 3573 3819 fornicationem

1998 3853 2222 3905 omnino
2273 3866 2397 3906 esse
2460 3851 2827 3921 interdictam.
2897 3852 2998 3909 Vas
3056 3863 3238 3910 autem
3289 3859 3576 3914 electionis

1996 3941 2212 4011 quoties
2238 3941 2475 3996 edixerit
2496 3956 2567 3995 ne
2590 3942 2714 4011 quis
2739 3943 3119 4001 fornicationis
3148 3948 3356 4003 crimen
3388 3951 3576 4005 incur-

2001 4044 2102 4099 rat,
2163 4036 2288 4105 quis
2337 4036 2515 4090 nescit
2568 4052 2678 4090 non
2721 4037 2899 4092 solum
2956 4040 3001 4093 si
3040 4040 3117 4095 sit
3157 4056 3224 4096 ex
3256 4044 3450 4099 ordine
3484 4061 3579 4100 sa-

1997 4124 2282 4192 cerdotali,
2318 4126 2417 4181 sed
2444 4126 2611 4181 etiam
2650 4142 2680 4181 e
2710 4127 2870 4181 turba
2916 4128 3076 4196 laica,
3108 4133 3271 4185 modo
3304 4148 3373 4188 ne
3423 4145 3576 4190 extra

1999 4218 2301 4273 Ecclesium
2374 4226 2623 4271 versetur
2690 4217 2951 4287 illiusque
3014 4232 3285 4290 praecepta
3349 4240 3577 4292 prorsus

2002 4311 2251 4366 nesciat?
2299 4309 2600 4380 Propterea
2666 4312 2774 4364 noli
2829 4312 2919 4366 hic
2978 4328 3268 4368 recensere
3322 4333 3443 4386 quae
3511 4321 3579 4373 de

2005 4403 2369 4458 fornicatione
2403 4402 2648 4472 scripsit,
2684 4417 2752 4457 ne
2781 4411 2905 4457 acta
2954 4418 3115 4474 agere
3145 4404 3327 4461 videar
3358 4409 3487 4463 dum
3514 4426 3577 4465 ea

2000 4494 2223 4565 profero
2252 4510 2372 4564 qua:
2398 4495 2671 4549 neminem
2700 4496 2888 4550 latent.
2915 4494 3204 4563 Quomodo
3236 4500 3419 4568 igitur,
3449 4518 3575 4556 eum

1999 4587 2382 4643 fornicationis
2442 4588 2625 4642 scelus
2700 4587 2769 4642 ab
2831 4589 3087 4645 omnibus
3142 4594 3577 4659 condemnetur,

2000 4680 2260 4735 [tornanis
2285 4680 2515 4749 placuit,
2564 4680 2851 4735 sententiae
2901 4682 3173 4737 calculum
3228 4686 3429 4741 addere
3470 4706 3576 4758 qua

1964 4782 1981 4800 '
2000 4790 2099 4828 nos
2120 4790 2149 4826 a
2175 4788 2339 4845 grege
2362 4774 2623 4843 separati,
2649 4773 3026 4828 maleﬁcorum
3056 4776 3227 4831 instar
3253 4788 3576 4843 tractamur,

1998 4876 2282 4935 propterea
2319 4866 2465 4934 quod
2492 4865 2757 4920 doctrina:
2792 4867 3167 4935 apostolorum
3197 4877 3252 4923 et
3289 4876 3577 4925 sententiae

1999 4973 2320 5013 sanetorum
2360 4958 2586 5012 Patrum
2624 4958 2873 5013 obsecuti
2910 4960 3088 5015 eidem
3124 4962 3572 5017 condemnationi

1998 5049 2422 5105 fornicationem
2456 5049 2819 5119 subjicimus?

2072 5237 2222 5298 Esto,
2262 5238 2452 5300 aiunt;
2484 5244 2541 5290 at
2586 5251 2694 5290 non
2738 5234 2806 5290 de
2849 5236 3211 5292 fornicatione
3241 5237 3577 5309 agiturjair,

2000 5334 2093 5387 sed
2140 5332 2206 5385 de
2238 5311 2613 5386 matrimonio.
2650 5331 3057 5388 Matrimonium
3088 5332 3318 5387 hoccine
3349 5332 3514 5397 dicis,
3545 5352 3579 5387 υ

2004 5427 2144 5481 bone
2171 5424 2292 5478 vir?
2347 5424 2415 5477 At
2473 5432 2529 5478 lu
2593 5441 2703 5480 non
2753 5427 3051 5481 secundum
3101 5425 3273 5495 legem
3311 5428 3577 5483 divinitus

2002 5520 2208 5584 datam,
2259 5516 2354 5573 sed
2391 5518 2698 5575 secundum
2732 5520 2904 5589 legem
2939 5518 3126 5572 nescio
3176 5518 3266 5572 ubi
3318 5522 3575 5590 scriptam

2005 5610 2417 5665 matrimonium
2442 5611 2713 5680 concipis.
2749 5608 2964 5679 Ergone
2990 5609 3433 5679 coniunctionem
3455 5628 3578 5681 qua:

2002 5705 2071 5755 ob
2118 5704 2490 5774 praegrandem
2547 5700 2753 5757 amoris
2809 5708 3039 5755 (nstrum
3099 5718 3223 5757 cum
3272 5713 3470 5775 quarta
3521 5704 3581 5757 fit

2007 5799 2259 5864 muliere,
2309 5794 2723 5851 matrimonium
2757 5793 2962 5848 vocas?
3006 5796 3252 5863 Ubinam
3301 5795 3574 5855 invenisti,
