4038 6204
403 318 510 382 2θῖ

1540 312 1852 373 ΝΙΟΟΙΛΙ
1891 311 1996 372 CP.
2044 312 2315 372 PATRM
2330 311 2552 371 RL‘IIE

3563 298 3668 359 203

403 429 673 500 e,‘usmodi
706 427 1144 491 matrimonium,
1175 436 1233 480 ut
1268 426 1321 480 in
1354 434 1606 479 sanctum
1639 423 1989 479 Christiano—

2108 441 2238 478 tstov
2266 424 2618 493 ’ίεράτευμαζ
2651 421 2826 476 Ποίων
2854 414 3231 487 -Εὐαγγελίων,
3250 414 3411 475 ποίας
3437 412 3673 465 ἀποστο-

404 540 524 581 rum
555 532 779 587 emtum,
804 522 859 574 in
893 520 1098 590 regiam
1133 518 1506 572 litereditatem
1534 516 1808 571 inducas?
1841 514 1981 568 Nunt

404 619 458 672 in
488 617 600 671 ullo
633 612 950 683 Evangelia,
986 620 1077 665 aut
1105 610 1511 664 Constitutinne
1546 608 1862 676 apostolica,
1892 616 1986 659 aut

407 709 701 765 traditione
727 706 910 775 qualis
945 704 1013 757 ab
1053 702 1210 758 initio
1261 700 1579 755 christiana:
1607 700 1885 769 religionis
1930 700 1985 753 in

409 802 650 857 Ecclesia
713 796 1095 852 auctoritatem
1164 792 1444 847 obtinuit?
1503 791 1729 861 Magnus
1781 790 1985 846 Paulus

409 896 486 950 ait
533 912 547 948 :
595 910 613 944 t
650 869 990 944 Honorabilc
1045 885 1273 940 omnino
1324 885 1661 940 connubium
1716 891 1771 937 et
1831 892 1989 936 torus

413 982 797 1053 impollutus‘.
831 998 851 1032 ι
921 976 1043 1033 Jam
1097 977 1146 1031 si
1197 985 1351 1030 tuum
1408 975 1822 1029 matrimonium
1884 978 1989 1027 tale

412 1091 519 1145 est,
555 1093 653 1132 cur
687 1076 827 1131 sacri
876 1087 1120 1129 canones
1166 1072 1234 1127 ab
1274 1069 1519 1125 Ecclesia
1559 1070 1789 1140 ejiciunt
1835 1069 1987 1123 illum

412 1173 505 1240 qui
541 1168 925 1241 hujuscemodi
967 1166 1142 1236 culpae
1192 1162 1529 1219 succubuit?
1577 1161 1634 1217 Si
1684 1162 1820 1217 illud
1865 1176 1993 1215 vere

430 1274 516 1318 est
580 1260 1016 1325 matrimonium,
1068 1272 1170 1312 nec
1220 1271 1449 1327 prorsus
1510 1255 1658 1310 aliud
1700 1255 1835 1325 quid
1893 1269 1995 1309 cur

416 1355 576 1410 talem
611 1351 1059 1423 conjunctionem
1104 1349 1377 1403 luxuriam
1413 1347 1680 1401 brutalem
1721 1356 1776 1400 et
1819 1361 1847 1399 a
1897 1361 1995 1400 na-

417 1459 539 1503 tura
568 1448 805 1503 bumana
838 1443 1075 1499 alienam
1112 1440 1429 1512 appellant?
1461 1439 1615 1494 Alias
1643 1439 1789 1493 enim
1820 1438 1995 1493 illici-

417 1552 504 1595 tus
548 1537 876 1595 concubitus
933 1550 1089 1591 mero
1138 1531 1529 1588 fornicationis
1586 1530 1807 1585 nomine
1854 1529 1997 1585 desi—

416 1643 635 1702 gnatur,
668 1631 759 1685 hic
790 1637 974 1684 autem
1022 1626 1253 1683 affectus
1280 1622 1513 1679 brutalis
1551 1629 1605 1678 et
1632 1621 1772 1677 fines
1803 1621 1998 1677 buma-

419 1743 519 1781 nos
550 1738 939 1796 supergressus
968 1720 1192 1775 dicitur.

491 1818 597 1873 Sed
648 1816 913 1870 Romanis
949 1828 1058 1866 non
1102 1813 1176 1867 ita
1210 1811 1469 1867 videtur:
1501 1824 1824 1866 concessum
1871 1823 1996 1864 esse

420 1908 567 1980 apud
611 1923 709 1962 eos
751 1907 1006 1961 traditur.
1057 1903 1198 1958 Sunt
1224 1905 1371 1959 enim
1402 1904 1497 1974 qui
1536 1903 1724 1957 dicant
1755 1900 1999 1970 (laudine

424 2004 476 2057 id
502 2001 678 2064 vobis,
708 2015 776 2054 an
808 2000 939 2054 vitio
972 2006 1266 2063 vertentes,
1302 2011 1412 2050 non
1441 2005 1526 2051 sat
1565 1995 1703 2065 scio)
1730 1993 1871 2063 apud
1902 2007 2000 2047 vos

368 2090 384 2103 ’
420 2106 674 2169 quartam
702 2102 757 2150 et
781 2092 1029 2163 quintam
1071 2100 1125 2146 et
1160 2105 1323 2159 super
1355 2089 1498 2144 hanc
1533 2087 1699 2142 aliam
1736 2085 1998 2157 permitti,

422 2191 533 2243 i;no
572 2194 785 2241 mortua
833 2193 987 2239 sexta
1038 2181 1268 2236 muliere
1304 2180 1467 2233 aliam
1503 2187 1669 2247 atque
1698 2187 1821 2247 post
1860 2177 2001 2231 hanc

421 2281 586 2336 ctiam
638 2279 800 2333 aliaat
843 2278 967 2331 duci
1010 2290 1191 2346 posse,
1225 2275 1297 2328 ita
1343 2282 1402 2328 nt
1428 2272 1495 2327 ad
1536 2271 1770 2342 sepulcri
1816 2269 2001 2324 fauces

424 2373 753 2428 inexhausta
810 2370 904 2425 illa
961 2368 1342 2439 dispensatio,
1405 2366 1489 2419 vel
1537 2365 1726 2434 potius
1780 2363 2000 2417 luxuria

424 2463 567 2533 apttd
625 2477 720 2517 vos
773 2461 1057 2532 procedat.
1123 2457 1292 2525 Cujus
1341 2453 1724 2511 abominandae
1773 2454 2003 2508 luxuria:

425 2569 647 2610 causam
674 2554 739 2607 ad
764 2566 1020 2623 magnum
1042 2548 1318 2604 deducunt
1345 2547 1667 2619 Apostolum
1703 2544 1797 2616 qui
1823 2544 1960 2599 dixit
1985 2561 1999 2597 :

430 2671 447 2702 ι
484 2648 671 2704 Satius
722 2656 806 2703 est
843 2646 1046 2700 nubere
1087 2659 1251 2715 quam
1302 2644 1457 2697 uri’.
1503 2660 1522 2694 ι
1581 2638 1625 2695 0
1674 2640 1869 2693 miram
1915 2653 2006 2692 sa-

425 2741 680 2812 pientiam
734 2739 952 2794 illorum
1005 2738 1099 2807 qui
1156 2737 1233 2791 ita
1290 2735 1390 2790 ista
1444 2734 1611 2789 verba
1661 2731 2000 2801 intelligunt!

425 2837 598 2901 Quam
632 2832 772 2888 belle
804 2838 1041 2885 mentem
1075 2828 1366 2881 Paulinam
1388 2822 1735 2894 perscrutari
1762 2822 2004 2876 callent?

427 2924 699 2978 Nimirum
750 2921 1019 2975 universae
1088 2927 1248 2972 terrae
1299 2916 1490 2971 doctor
1538 2914 1765 2968 omnino
1819 2911 2004 2966 carnis

426 3013 709 3084 cupiditati
763 3009 1213 3067 satisfaciendum
1270 3022 1396 3064 esse
1452 3006 1648 3070 docet,
1700 3003 1832 3059 dum
1882 3004 1999 3056 ait:

2088 518 2247 587 λικῆς
2294 515 2618 582 διατάξεως,
2664 511 2823 576 Ιπτοίας
2873 508 2932 574 ἐξ
3002 509 3179 579 ἀρχῆς
3227 506 3320 575 ἀφ’
3355 497 3420 558 οὗ
3471 502 3533 555 τὸ
3567 500 3677 554 τῶν

2088 608 2435 680 Χριστιανῶν
2484 607 2643 676 γένος
2693 603 3024 674 ἐγνώρισταί
3086 600 3437 670 παραδόσεως
3496 596 3554 647 έν
3610 597 3677 665 τῇ

2103 700 2400 772 Ἐκκλησία
2417 699 2675 770 τοιαύτης
2693 700 2958 768 φανείσης
2980 712 2994 761 ;
3019 694 3228 755 Παῦλος
3255 694 3282 744 ὁ
3303 689 3476 761 μέγας
3509 688 3667 759 φησί’

2098 813 2115 844 ι
2157 793 2353 863 Τίμιος
2384 795 2413 847 ό
2443 793 2622 863 γάμος
2654 792 2713 844 ὲν
2749 791 2909 855 πᾶσι,
2944 788 3040 840 καὶ
3069 788 3102 855 ὴ
3139 787 3292 854 κοίτη
3330 782 3614 853 ἀμίαντος.
3654 799 3673 831 ι

2096 886 2153 937 Ei
2181 884 2359 955 γάμος
2386 876 2540 948 οὗτος
2570 884 2599 935 δ
2625 883 2714 946 σὸς
2746 882 2945 952 γάμος,
2972 879 3025 933 τί
3054 880 3156 948 τῆς
3186 875 3515 945 Ἐκκλησίας
3537 876 3678 926 ἁπε-

2094 977 2389 1030 λαύνουσιν
2423 976 2563 1047 ἱεροὶ
2594 978 2787 1047 θεσμοὶ
2809 975 2900 1028 τὸν
2930 977 3010 1036 εἰς
3030 970 3273 1026 τοιοῦτον
3297 984 3680 1038 παραπεπτω-

2096 1071 2229 1122 κότα
2268 1068 2685 1139 παρανόμημα;
2737 1068 2799 1120 El
2844 1066 3021 1136 γάμος
3071 1062 3133 1116 τὸ
3175 1062 3433 1131 πρᾶγμα,
3476 1060 3572 1111 καὶ
3616 1057 3679 1109 ού

2095 1163 2287 1234 πόρρω
2328 1162 2429 1230 τῆς
2463 1160 2724 1232 τοιαύτης
2754 1159 3021 1231 κλήσεως,
3054 1158 3108 1211 τί
3148 1155 3423 1226 κτηνῶδες
3455 1151 3551 1206 καὶ
3582 1150 3680 1205 ά).-

2093 1254 2309 1327 λότριον
2337 1254 2555 1324 φύσεως
2586 1253 2936 1324 ἀνθρωπίνης
2959 1255 3058 1321 τὴν
3078 1250 3333 1319 τοιαύτην
3352 1246 3682 1317 ὀνομάζουσι

2100 1346 2283 1419 μίξιν;
2315 1346 2507 1400 Καίτοι
2532 1360 2596 1415 γε
2628 1346 2727 1415 τῆς
2745 1345 2912 1414 ἄλλης
2945 1345 3350 1415 ἐνεργουμένης
3392 1339 3679 1410 πορνείας,

2096 1439 2256 1493 τοῦτο
2294 1439 2429 1493 αὐτὸ
2465 1438 2725 1509 πορνείας
2756 1435 3191 1507 ὀνομαζομένης,
3220 1434 3334 1487 ἀλλ’
3365 1433 3425 1485 ού
3472 1428 3684 1500 κτηνῶ-

2097 1533 2220 1596 δους
2247 1532 2356 1586 οὐδ’
2388 1530 2739 1604 ἀνθρωπίνης
2770 1529 2987 1600 φύσεως
3024 1528 3308 1600 ἀλλοτρίου
3349 1522 3443 1581 τοῦ
3476 1526 3682 1590 πάθους

2098 1628 2405 1694 δοκοῦντος.

2185 1814 2347 1868 Ἀλλὰ
2397 1813 2691 1883 Ῥωμαίοις
2722 1814 2820 1883 ούχ
2853 1812 2997 1866 οὕτω
3038 1811 3225 1867 δοκεῖ*
3262 1805 3684 1882 συγκεχώρηται

2102 1909 2235 1979 γὰρ,
2262 1906 2338 1972 ὦς
2369 1924 2524 1978 φησι,
2579 1908 2711 1979 παρ’
2741 1907 2950 1970 αὐτοῖς.
2980 1907 3092 1960 Καὶ
3134 1905 3244 1977 γάρ
3270 1905 3426 1957 τοῦτό
3463 1907 3601 1958 εἰσιν
3635 1905 3685 1958 οί

2102 2001 2352 2069 λέγοντες
2385 2000 2508 2068 (ούκ
2554 1993 2671 2052 οἶδα
2709 1995 3026 2067 βουλόμενοι
3055 1993 3242 2067 ’τιμᾷν
3283 1997 3425 2065 ὑμᾶς
3456 1994 3487 2065 ἢ
3525 1995 3683 2065 ὑϐρί-

2103 2093 2240 2164 ζειν)
2272 2092 2347 2155 ὡς
2393 2091 2456 2145 ού
2505 2090 2668 2161 μόνον
2711 2090 2947 2162 τετάρτη
3000 2089 3139 2144 ἀλλὰ
3186 2091 3279 2142 καὶ
3332 2089 3555 2158 πέμπτη
3590 2084 3687 2139 καὶ

2103 2184 2197 2237 ἐπὶ
2239 2181 2414 2254 ταύτῃ
2471 2179 2676 2252 ἑτέρα⁶
2726 2180 2814 2235 ναὶ
2855 2180 2919 2251 δὴ
2967 2180 3060 2233 καὶ
3098 2180 3195 2249 τῆς
3234 2180 3397 2249 ἕκτης
3426 2178 3517 2231 τοι
3569 2177 3687 2248 βίον

2103 2272 2507 2343 ἀπολιπούσης,
2543 2271 2678 2339 πρὸς
2713 2271 2872 2326 ἄλλον
2914 2271 3331 2341 συμπλέκεσθαι
3370 2271 3548 2340 γάμον
3578 2287 3690 2321 τοι-

2102 2363 2281 2425 οῦτο),
2320 2362 2417 2416 καὶ
2463 2362 2619 2425 αὖθις
2640 2362 2728 2415 ἐπ’
2755 2362 2940 2429 ἄλλον,
2967 2362 3062 2415 καὶ
3090 2361 3253 2432 μέχρι
3286 2362 3459 2429 τάφου
3501 2360 3689 2413 πυλῶν

2104 2458 2135 2525 ἡ
2172 2455 2404 2523 ἄρθονος
2457 2456 2770 2526 οἰκονομία,
2808 2457 3058 2528 κρεῖττον
3088 2452 3133 2507 δ’
3168 2455 3345 2507 εἰπεῖν
3378 2452 3477 2523 τῆς
3520 2452 3688 2505 ἀσελ-

2104 2550 2259 2618 γείας
2290 2552 2322 2620 ἡ
2357 2548 2665 2621 φιλοτιμία,
2706 2549 3040 2620 προέρχεται
3072 2542 3203 2619 παρ’
3253 2547 3405 2618 ὑμῖν.
3439 2547 3550 2601 Καὶ
3587 2549 3688 2617 τῆς

2107 2642 2373 2714 βδελυρᾶς
2404 2645 2612 2713 ταύτης
2643 2642 2959 2714 φιλοτιμίας
2988 2643 3048 2696 τὸ
3075 2645 3248 2696 αἴτιον
3274 2645 3353 2705 είς
3388 2644 3482 2696 τὶν
3512 2642 3691 2712 μέγαν

2118 2734 2444 2787 ’Λπόστολον
2473 2734 2846 2804 ἀναφέρουσιν
2873 2732 3103 2785 είπόντα
3136 2738 3387 2803 κρεῖσσον
3410 2731 3688 2801 γαμῆσαι,

2106 2827 2139 2899 ἦ
2178 2827 2503 2896 πυροῦσθαι,
2534 2824 2694 2898 Καλῆ
2744 2843 2807 2895 γε
2838 2828 2870 2897 ἡ
2905 2825 3068 2897 σοφία
3111 2826 3217 2879 τῶν
3265 2825 3440 2888 οὕτως
3484 2828 3691 2895 ὲκὶαμ-

2105 2917 2424 2989 ϐανομένων
2459 2916 2519 2969 τὸ
2571 2916 2775 2986 λόγιον,
2808 2917 2950 2969 πάνυ
3007 2918 3282 2986 εὐστόχως
3322 2916 3420 2985 τῆς
3474 2912 3692 2969 Παύλου

2106 3009 2455 3079 ἐφικνοῦνται
2491 3009 2753 3072 διανοίας.
2788 3007 2961 3063 Τοῦτο
2992 3010 3275 3078 νομοθετεί
3321 3011 3349 3062 ὁ
3378 3007 3477 3077 τῆς
3509 3008 3693 3060 οἰκου-

434 3107 657 3162 ’l'ransit
706 3104 928 3161 habitus
984 3102 1148 3173 hujus
1206 3100 1443 3165 mundi,
1528 3108 1590 3154 ut
1644 3096 1740 3167 qui
1798 3108 2004 3149 uxores

2113 3103 2282 3174 μένης
2312 3101 2633 3166 διδάσκαλος
2657 3103 2717 3155 τὸ
2749 3103 2838 3155 διὰ
2876 3101 3076 3167 παντὸς
3123 3099 3439 3172 χαρίζεσθαι
3471 3103 3536 3172 τῇ
3573 3103 3694 3152 ὲπι-

432 3201 633 3256 liabent
660 3199 773 3256 sint
812 3197 964 3253 velut
1004 3196 1099 3266 qui
1147 3210 1258 3251 non
1287 3193 1513 3257 habent,
1546 3190 1845 3260 omnesque
1879 3189 2004 3244 volo

431 3308 553 3350 esse
601 3291 676 3347 uti
711 3304 817 3346 me.
851 3287 1005 3357 Quod
1041 3297 1223 3342 autem
1250 3302 1320 3341 ne
1360 3286 1429 3341 ad
1473 3285 1749 3341 secundas
1786 3284 2004 3354 quidem

434 3384 653 3456 nuptias
687 3380 982 3438 convolare
1017 3378 1285 3447 permittit
1316 3377 1471 3442 vit-is,
1510 3377 1623 3430 lucc
1668 3376 1797 3445 ejus
1837 3376 2005 3430 verba

429 3479 847 3532 demonstrant:
882 3491 900 3523 ι
938 3470 1068 3525 Dico
1131 3480 1314 3524 autem
1357 3468 1603 3538 innuptis
1669 3477 1725 3525 et
1785 3469 2005 3536 viduis,

435 3574 635 3624 bonum
667 3581 789 3622 esse
823 3565 930 3619 illis
957 3564 1036 3620 sic
1069 3579 1389 3635 permanere
1421 3582 1433 3618 :
1467 3563 1614 3634 quod
1642 3563 1696 3619 si
1723 3564 2009 3620 continere

433 3666 745 3730 nequeunt,
803 3656 1091 3722 nubant‘;
1134 3675 1153 3708 ι
1220 3655 1398 3711 viduis
1454 3657 1674 3726 quidem
1741 3656 2011 3727 permittit

433 3750 738 3806 secundum
796 3747 1133 3802 connubium
1190 3747 1260 3802 ob
1323 3761 1494 3802 sexus
1556 3747 2009 3814 imbecillitatem,

433 3844 564 3898 viris
593 3850 775 3897 autem
812 3838 993 3893 viduis
1045 3840 1199 3892 nullo
1249 3839 1434 3905 modo,
1481 3847 1536 3894 et
1588 3839 1806 3894 nonnisi
1835 3838 1903 3894 de
1942 3839 2010 3894 iis

434 3935 530 4006 qui
564 3930 903 3989 matrimonii
938 3930 1127 4002 jugum
1188 3932 1432 3986 nondum
1464 3940 1590 3988 sunt
1630 3932 1860 4003 experti,
1898 3947 2011 3988 me-

434 4029 540 4085 lius
579 4026 655 4081 ait
688 4040 812 4082 esse
844 4025 1054 4081 nubere
1084 4040 1249 4095 quant
1283 4025 1388 4080 uri.

505 4216 563 4269 Si
586 4213 1095 4284 igiturconjnnctio
1113 4228 1243 4268 cum
1274 4221 1467 4283 quarta
1493 4228 1662 4268 uxore
1696 4222 1781 4267 est
1818 4211 2014 4266 matri-

436 4309 702 4373 monium,
740 4324 838 4364 nec
888 4308 1073 4378 potius
1122 4306 1434 4371 fornicatio,
1477 4321 1598 4360 cum
1646 4314 1827 4360 tamen
1859 4307 2015 4375 pejus

435 4405 566 4473 quid
618 4404 695 4457 sit
731 4418 894 4469 quam
961 4402 1054 4455 illa
1124 4402 1385 4455 nimirum
1430 4400 1671 4465 luxuria,
1709 4401 1786 4455 uti
1830 4401 2016 4454 divina

2110 3198 2283 3266 θυμία
2313 3196 2412 3265 τῆς
2444 3198 2667 3266 σαρκὸς,
2694 3195 2721 3249 ὃ
2751 3195 2948 3264 λέγων,
2979 3195 3230 3267 Παράγει
3268 3195 3328 3247 τὸ
3370 3194 3559 3265 σχῆμα
3594 3194 3690 3246 τοῦ

2110 3290 2318 3359 κόσμου
2354 3288 2572 3355 τούτου,
2613 3285 2701 3342 ἵνα
2746 3290 2841 3341 καὶ
2871 3289 2920 3342 οἱ
2970 3288 3189 3358 ἔχοντες
3238 3290 3505 3356 γυναῖκας
3558 3280 3693 3339 ὦσιν

2108 3384 2183 3446 ὡς
2220 3382 2295 3454 μὴ
2321 3381 2558 3454 ἔχοντες,
2594 3383 2693 3436 καὶ
2723 3382 2861 3436 θέλω
2888 3383 3096 3446 πάντας
3118 3378 3262 3436 εἶναι
3296 3382 3370 3445 ὡς
3400 3383 3493 3435 καὶ
3519 3384 3695 3451 ἐμαυ-

2111 3474 2222 3525 τόν.
2258 3474 2369 3526 Καὶ
2403 3474 2478 3545 μὴ
2524 3473 2568 3526 δ’
2610 3472 2704 3526 ἐπὶ
2755 3470 3010 3543 δεύτερον
3058 3476 3236 3545 γάμον
3272 3473 3556 3527 συνελθεῖν
3594 3475 3695 3526 ἀνι

2112 3565 2275 3633 δράσι
2309 3566 2592 3638 συγχωρεῖ
2638 3564 2713 3635 τῷ
2744 3565 2933 3633 φάναι,
2971 3586 2987 3617 ι
3021 3566 3180 3634 Λέγω
3218 3566 3273 3619 δὲ
3312 3567 3425 3629 τοῖς
3454 3567 3695 3636 ἀγάμοις

2114 3658 2210 3711 καὶ
2246 3661 2368 3722 ταῖς
2412 3661 2633 3730 χήραις,
2666 3658 2827 3713 καλὸν
2867 3661 2963 3712 ἐὰν
3007 3660 3265 3729 μείνωσιν
3314 3659 3522 3723 οὕτως·
3556 3662 3607 3713 εί
3635 3659 3696 3711 δὲ

2112 3753 2212 3805 ούκ
2261 3751 2715 3823 ἑγάρατεύονται,
2770 3755 3222 3823 γαμησάτωσαν·
3259 3771 3277 3804 ι
3327 3753 3542 3821 γυναιξὶ
3595 3755 3695 3822 μὲν

2115 3846 2485 3918 χηρευούσαις
2519 3848 2831 3919 ἐπιτρέπων
2873 3848 3132 3915 δευτέραν
3179 3847 3474 3915 συνάφειαν
3503 3845 3591 3898 διά
3634 3849 3697 3897 τὸ

2115 3940 2368 4007 ἀσθενὲς,
2396 3940 2623 4009 ἀνδράσι
2655 3940 2709 3993 δὲ
2756 3940 2997 4010 οὐδαμοῦ
3030 3940 3377 4011 χηρεύουσιν,
3406 3940 3541 3994 ἀλλὰ
3580 3943 3699 4004 τοῖς

2116 4031 2270 4085 οὔπω
2307 4034 2602 4100 συναφείας
2635 4033 2962 4101 ἀφιγμένοις
2994 4033 3131 4101 πρὸς
3179 4033 3395 4101 πεῖραν,
3440 4034 3695 4103 κρεῖσσον

2118 4125 2371 4195 γαμῆσαι
2402 4126 2433 4195 ἢ
2464 4124 2794 4195 πυροῦσθαι.

2190 4218 2252 4269 Εἰ
2302 4218 2400 4286 μὲν
2457 4216 2549 4270 οὖν
2600 4219 2777 4287 γάμος
2828 4221 2861 4289 ή
2907 4219 3142 4287 τετάρτη
3197 4218 3357 4288 γυνὴ,
3409 4217 3523 4270 ἀλλ’
3571 4218 3699 4289 οὐχ).

2120 4311 2366 4380 πορνεία,
2414 4311 2616 4378 μᾶλλον
2658 4311 2715 4362 δὲ
2762 4312 3021 4381 πορνείας
3072 4310 3234 4363 πλέον
3283 4312 3373 4364 καί¹
3412 4311 3696 4379 ἀσέλγεια.

2123 4400 2311 4463 καθὼς
2350 4401 2499 4455 δοκεῖ
2542 4400 2619 4469 τῷ
2668 4400 2928 4472 θειοτάτῳ
2968 4404 3269 4472 Κλήμεντι,
3297 4403 3562 4473 ἐπίτρεπε
3603 4405 3700 4456 καὶ

435 4495 697 4549 Clemen'i
733 4495 965 4554 videtur,
1002 4492 1252 4561 permitte
1286 4492 1458 4555 etiam
1486 4492 1835 4545 concubitum
1871 4510 1883 4545 :
1912 4493 2004 4546 iret

2122 4495 2219 4563 τὴν
2254 4490 2525 4558 σύζευξιν.
2562 4492 2622 4544 Εἰ
2661 4492 2717 4544 δὲ
2744 4493 2927 4558 τοῦτο,
2959 4492 3063 4545 ποῦ
3094 4493 3277 4565 χώραν
3315 4494 3428 4567 ἔχει
3460 4494 3699 4548 ἐνταῦθα

437 4594 615 4638 autem
651 4584 938 4652 permisso,
959 4583 1049 4635 ubi
1079 4582 1296 4636 habebit
1317 4584 1493 4637 locum
1513 4583 1642 4636 illud
1674 4598 1689 4635 :
1720 4582 1911 4638 Melius
1940 4599 2004 4638 es

2119 4584 2182 4638 τὸ
2232 4585 2499 4653 Κρείσσον
2555 4585 2808 4655 γαμῆσαι
2851 4585 2884 4657 ἢ
2934 4588 3279 4657 πυρούσθαι;
3314 4590 3424 4641 Καὶ
3465 4588 3699 4642 ἄκουσον

438 4677 646 4731 nubere
700 4689 863 4744 quam
917 4673 1044 4726 uri?
1093 4671 1212 4726 ’Jatn
1243 4688 1380 4727 vero
1431 4673 1557 4727 audi
1585 4688 1705 4743 quae
1766 4673 2017 4730 Clemens

440 4768 595 4833 dicit,
613 4764 1057 4820 excellentissimi
1079 4763 1222 4818 Pctri
1242 4764 1550 4833 discipulus
1574 4772 1628 4818 et
1648 4765 1885 4831 auditor,
1912 4780 2019 4820 non

441 4859 668 4915 inferior
719 4858 844 4927 quis
889 4864 983 4911 aut
1020 4854 1113 4925 qui
1164 4856 1325 4926 longo
1382 4866 1501 4925 post
1539 4856 1688 4909 illum
1734 4855 2019 4909 intervallo

441 4955 581 5007 inter
614 4949 861 5005 homines
900 4956 1258 5003 conversatus
1286 4948 1357 5002 sit
1386 4964 1401 5003 :
1443 4946 1781 5017 Monogamia
1808 4956 2015 5000 natura:

440 5063 503 5101 ac
536 5046 638 5117 legi
702 5050 1069 5097 consentanea
1124 5050 1229 5106 est,
1286 5040 1555 5109 siquidem
1612 5040 1795 5093 divino
1827 5041 2017 5094 nititur

442 5141 717 5201 mandato,
750 5134 994 5207 [digamia
1059 5148 1188 5188 vero
1234 5143 1357 5202 post
1406 5133 1828 5201 promissionem
1879 5133 2023 5202 illegi

442 5233 597 5298 tima,
633 5245 745 5284 non
776 5228 848 5282 ob
874 5225 1353 5295 coniunctionem,
1391 5227 1484 5279 sed
1517 5229 1587 5279 ob
1631 5225 1975 5283 mendacium
2009 5239 2024 5290 ;

443 5323 692 5392 trigamia
728 5318 1166 5391 intemperantia:
1201 5317 1500 5381 indicium;
1535 5334 1656 5388 qua:
1693 5330 1876 5374 autem
1925 5319 2022 5373 tri-

442 5415 673 5484 gamiam
729 5415 981 5477 excedit,
1019 5420 1215 5481 aperta
1262 5407 1553 5463 fornicatio
1599 5418 1682 5465 est
1725 5420 1778 5465 et
1803 5410 2023 5465 indubia

445 5505 866 5571 incontinentia;
890 5516 946 5559 tu
982 5520 1108 5560 vero
1146 5517 1267 5557 eam
1301 5500 1632 5555 matrimonii
1664 5503 1885 5555 nomine
1925 5504 2026 5558 Ιιυ-

444 5593 645 5651 noras?
688 5595 947 5653 Ecclesia:
996 5598 1204 5652 Iumina
1258 5610 1489 5666 quorum
1552 5594 1643 5648 lux
1676 5604 1729 5648 et
1778 5595 2025 5651 doctrina

522 5750 723 5807 ’Πυθίη
759 5766 879 5815 xm,
908 5749 958 5804 ι.
1037 5753 1198 5807 'Cor.
1240 5768 1334 5819 vn,
1370 5750 1425 5807 9.
1504 5750 1523 5783 ³
1554 5750 1683 5806 ibid.

2058 4742 2070 4753 .
2119 4673 2207 4732 οἷά
2239 4696 2371 4749 φησι
2407 4679 2640 4750 Κλήμης
2680 4680 2707 4731 ὁ
2740 4680 2833 4733 τοῦ
2864 4682 3168 4752 κορυφαίου
3204 4684 3412 4753 Πέτρου
3444 4682 3701 4753 μαθητὴς

2121 4770 2217 4823 καὶ
2267 4771 2558 4841 αὐτήκοος,
2609 4771 2727 4825 ἀλλ’
2775 4773 2898 4844 οὐχὶ
2948 4774 3056 4828 τῶν
3101 4779 3398 4845 κατωτέρω
3448 4792 3552 4837 τις.
3601 4776 3703 4827 καὶ

2128 4863 2348 4931 μακράν
2374 4863 2474 4934 τῆς
2499 4864 2710 4918 ἐκείνου
2742 4868 2868 4935 μετ’
2910 4865 3217 4936 ἀνθρώπων
3261 4867 3444 4938 βιοτῆς
3473 4866 3701 4920 διεστώ-

2125 4970 2269 5005 τωνο
2306 4955 2631 5026 Μονογαμία
2676 4955 2778 5025 μὶν
2816 4957 2960 5010 κατὰ
2992 4960 3156 5027 νόμον
3192 4957 3455 5026 γινομένη
3490 4956 3706 5022 δικαία,

2127 5043 2203 5107 ὡς
2237 5045 2303 5098 ἂν
2328 5045 2472 5099 κατὰ
2519 5047 2747 5117 γνώμην
2794 5047 3119 5118 ὑπάρχουσα
3173 5047 3306 5100 Θεοῦ
3330 5063 3342 5076 ·
3384 5046 3613 5119 διγαμία
3644 5049 3705 5101 δὲ

2132 5135 2269 5207 μετά
2296 5136 2632 5202 ἐπαγγελίαν
2664 5136 3003 5208 παράνομος,
3034 5140 3095 5191 ού
3135 5139 3223 5191 διὰ
3250 5140 3349 5207 τὴν
3382 5140 3708 5206 συνάφειαν,

2127 5225 2260 5279 ἀλλά
2294 5227 2380 5279 διὰ
2408 5230 2468 5280 τὸ
2488 5226 2711 5295 ψεῦδος·
2746 5231 3014 5300 τριγαμία
3038 5231 3093 5284 δὲ
3122 5231 3397 5301 ἀκρασίας
3437 5233 3666 5300 σημεῖον
3695 5248 3709 5261 ο

2124 5320 2184 5374 τὸ
2220 5321 2274 5373 δὲ
2316 5321 2455 5391 ὓπερ
2501 5322 2600 5389 τῆν
2646 5324 2970 5393 τριγαμίαν,
3007 5327 3293 5396 προφανὴς
3331 5327 3560 5397 πορνεία
3606 5328 3703 5378 καὶ

2128 5413 2387 5482 ἀσέλγεια
2414 5414 2784 5484 ἁναμφίϐολος
2813 5432 2826 5446 ο
2871 5419 2965 5471 καὶ
2996 5418 3058 5469 σὺ
3089 5418 3165 5488 τῷ
3196 5419 3290 5472 τοῦ
3324 5424 3504 5490 γάμον
3538 5423 3705 5491 τιμᾷς

2131 5506 2523 5577 προσρήματι;
2591 5508 2729 5561 Ἀλλ’
2750 5510 2798 5560 οἱ
2847 5508 2945 5577 τῆς
3000 5508 3326 5579 Ἐκκλησίας
3381 5510 3706 5582 φωστῆρες,

2127 5594 2201 5651 ὧν
2238 5599 2298 5652 τὸ
2343 5599 2459 5669 φῶς
2488 5601 2587 5672 τῆς
2624 5601 2976 5665 διδασκαλίας
3027 5603 3119 5656 καὶ
3168 5605 3279 5657 τῶν
3331 5607 3581 5679 πράξεων
3627 5609 3707 5670 είς
