4038 6204
322 336 434 398 20)

1785 343 2194 405 EPISTOLJ‘I.

3469 345 3575 408 210

324 454 509 504 πᾶσαν
540 448 811 518 ὲξέῖαμψε
841 449 937 519 τὴν
967 451 1317 522 οἰκουμένην,
1351 454 1617 526 κτηνῶδες
1652 456 1781 511 αὐτὸ
1808 459 1898 511 καὶ

2003 467 2057 512 et
2087 458 2245 514 factis
2281 458 2591 513 universam
2623 468 2821 512 terram
2843 458 3200 527 euilustravit,
3226 461 3440 517 brutale
3471 464 3576 516 hoc

322 547 425 612 τῆς
471 542 691 609 φύσεως
734 542 1054 611 ἀλλότριον
1109 547 1196 598 ναὶ
1241 546 1297 598 δὲ
1355 550 1450 600 καὶ
1508 548 1625 618 βίον
1676 550 1900 605 καλοῦσι

325 634 584 706 χοιρῶδη,
619 634 714 687 καὶ
749 635 812 687 σὺ
849 636 1201 707 ἀποχρῆσθαι
1234 638 1309 700 ὡς
1340 640 1505 710 γάμῳ
1539 643 1652 703 τοῖς
1687 642 1901 710 ἀνθρώ-

326 743 447 787 ποις
499 725 743 787 κελεύεις
790 724 869 795 τῷ
914 728 1155 797 τοσούτῳ
1206 728 1575 799 βδελύγματις
1634 734 1722 797 Ὠς
1770 736 1902 788 θαυ-

326 815 532 884 μαστὸς
566 812 617 867 εἴ
650 815 754 883 τῆς
778 818 1037 885 προνοίας
1066 818 1160 871 τοῦ
1191 820 1467 875 διδάσκειν
1505 824 1563 875 ἐν
1608 827 1900 895 σεμνότητι

324 908 417 959 καὶ
450 906 617 973 ἀξίως
649 908 750 978 τῆς
789 908 1028 978 Χριστοῦ
1076 912 1321 983 κλήσεως
1352 915 1480 977 τοὺς
1522 915 1626 969 ὑπὸ
1678 916 1770 969 σοῦ
1797 917 1899 971 ,δι-

321 998 698 1069 δασκομένους
732 1000 1148 1068 πολιτεύεσθαι;
1182 1004 1495 1075 Ἄνθρωπε,
1527 1008 1702 1072 οὐδεὶς
1733 1010 1901 1076 ἀγια-

327 1089 471 1157 σμοῦ
501 1092 676 1159 χωρὶς
727 1092 821 1145 τὸν
874 1091 1082 1160 Κύριον
1116 1094 1305 1165 ὄψεται
1330 1113 1345 1128 ·
1388 1098 1658 1167 ἁγιασμὸς
1699 1098 1754 1152 δὲ
1779 1099 1897 1163 πῶς

322 1180 389 1232 ἄν
420 1198 502 1243 τις
550 1182 905 1251 προσγένοιτο
952 1184 1031 1255 τῷ
1081 1187 1381 1257 ἀκαθάρτῳ
1418 1190 1647 1262 πορνείᾳ
1683 1208 1899 1262 συμπε-

323 1269 604 1341 φυρμένῳ.
641 1272 748 1325 Καὶ
796 1272 955 1336 ἀλλος
996 1273 1128 1346 ἔφη’
1162 1276 1467 1341 Μισοῦντες
1514 1295 1607 1331 και
1655 1280 1745 1333 τὸν
1790 1283 1902 1334 ἀπὸ

322 1362 422 1429 τῆς
447 1364 652 1433 σαρκὸς
683 1364 1060 1434 ἐσπιλωμένον
1099 1367 1339 1438 χιτῶνα·
1375 1369 1537 1424 τοῦτο
1572 1372 1628 1425 δὲ
1671 1376 1723 1425 τί
1770 1373 1900 1428 ἄλλο

322 1455 596 1525 βούλεται,
622 1457 654 1527 ἢ
689 1457 751 1510 τδ
778 1458 1001 1527 φεύγειν
1030 1460 1129 1526 τὰς
1158 1462 1259 1530 τῆς
1287 1463 1541 1532 πορνείας
1562 1465 1826 1534 κηλίδαςς

402 1547 567 1601 Ἀλλά
614 1548 872 1618 βασιλεὺς
897 1552 925 1602 ὁ
964 1550 1060 1622 τὴν
1095 1552 1365 1623 τετάρτην
1412 1558 1651 1622 γυναῖκα
1693 1554 1895 1626 ζητῶν,

319 1643 416 1697 καὶ
444 1644 526 1695 δεῖ
572 1649 929 1715 παραχωρεῖν
972 1646 1228 1717 βασιλικῇ
1267 1648 1553 1720 ἐπιθυμίᾳ.
1598 1649 1794 1714 Καλῶς
1834 1666 1897 1718 γε

320 1736 385 1787 σὺ
409 1736 575 1805 τιμᾷς
607 1735 667 1787 τδ
688 1737 883 1803 στέφος
908 1741 1006 1803 τῆς
1037 1736 1339 1806 β..σιλείας,
1364 1738 1536 1809 καλὴν
1558 1741 1707 1811 αύτῴ
1737 1741 1898 1807 δόξαν

2004 558 2057 603 et
2084 548 2155 603 ab
2178 548 2415 603 humana
2450 559 2641 604 natura
2670 549 2931 613 alienum,
2965 551 3075 604 imo
3097 551 3260 605 vitam
3291 556 3573 623 porcinam

2003 650 2374 705 vocaverunt;
2427 650 2481 693 tu
2542 650 2722 694 autem
2775 640 3089 696 hominibus
3135 643 3265 697 illud
3305 645 3576 714 piaculum

2006 743 2267 801 tanquam
2334 733 2743 787 matrimonium
2808 734 3187 789 commendas?
3220 734 3394 802 Quam
3440 741 3575 793 mira

2002 837 2085 881 est
2110 826 2358 882 doctrina
2394 836 2506 889 tua,
2540 842 2660 895 qua:
2693 826 2764 880 ita
2806 845 2833 880 a
2880 836 2930 882 te
2974 827 3243 883 institutis
3272 838 3327 884 et
3368 830 3578 888 edoctis

2004 918 2264 988 praecipit,
2306 926 2366 971 ut
2398 918 2451 971 in
2488 918 2773 972 honestate
2804 928 2857 972 ct
2897 919 2971 972 uti
3007 918 3353 977 Christianos
3384 923 3575 985 decet.

2003 1011 2168 1064 vitam
2212 1011 2555 1079 transigant?
2589 1010 2685 1064 Vir
2732 1011 2895 1076 bone,
2930 1028 3087 1067 nemo
3120 1014 3238 1069 sine
3287 1017 3577 1073 sanctitate

2004 1103 2292 1159 Dominum
2322 1104 2567 1159 videbit:
2606 1114 2659 1159 at
2697 1109 2959 1162 sanctitas
2993 1109 3274 1176 quomodo
3313 1110 3417 1165 erit
3455 1110 3576 1180 ejus

2003 1200 2092 1267 qui
2129 1197 2540 1252 fornicationem
2592 1207 2835 1254 sectatur
2880 1201 3177 1270 impuram.
3209 1202 3364 1257 Alius
3412 1218 3578 1273 porro

2002 1291 2138 1345 dixit
2165 1308 2180 1344 :
2210 1290 2313 1357 Qui
2345 1292 2580 1345 oderunt
2604 1293 2840 1348 tunicam
2867 1310 2895 1348 a
2928 1310 3091 1349 carne
3122 1298 3575 1365 contaminatam;

2001 1392 2055 1438 et
2080 1384 2208 1453 quid
2239 1384 2341 1438 hoc
2372 1384 2489 1438 vult
2539 1384 2685 1439 aliud
2721 1386 2904 1441 dicere
2940 1402 3103 1456 quam
3135 1389 3281 1458 quod
3332 1388 3577 1446 fornica-

2002 1475 2176 1530 tiones
2213 1476 2403 1531 sordes
2433 1476 2617 1545 fugere
2651 1478 2988 1535 debeamus?

2074 1566 2178 1623 Sed
2217 1568 2513 1635 imperator
2538 1579 2622 1625 est
2652 1571 2743 1640 qui
2777 1582 3027 1641 quartam
3070 1590 3295 1631 uxorem
3361 1578 3578 1647 quaerit,

2003 1659 2230 1729 ejusque
2269 1660 2543 1715 desiderio
2606 1662 3122 1732 obtemperandum.
3177 1666 3398 1722 Scilicet
3447 1668 3582 1722 mire

2006 1755 2243 1809 honoras
2275 1769 2536 1809 coronam
2585 1755 2810 1825 regiam,
2863 1757 3186 1826 praeclarum
3230 1759 3281 1814 ei
3317 1760 3580 1828 splendo-

322 1826 546 1897 χαρίζῃ.
582 1827 652 1879 Ἦ
682 1827 819 1880 διότι
854 1828 961 1881 τῶν
986 1805 1165 1883 ἀλλων
1192 1805 1598 1902 ὑπερκάθηται,
1622 1805 1710 1887 διά
1739 1805 1898 1887 τουτο

2008 1805 2240 1809 ηπ---
2283 1805 2536 1809 -----__---
2585 1805 2810 1825 --τ-η-.
2864 1805 3185 1826 r-__-_------
3233 1805 3281 1814 --
3317 1805 3544 1828 -,,.-....-

2004 1860 2117 1900 rem
2156 1847 2435 1903 concedis.
2487 1846 2628 1918 Ergo
2657 1848 2785 1917 quia
2817 1864 3011 1904 omnes
3041 1849 3305 1918 dignitate
3356 1866 3582 1921 supere-

320 1919 563 1987 δεήσειεν
594 1919 759 1971 αὑτὸν
797 1920 1207 1992 ῥυπωδέστερον
1230 1918 1373 1977 εἶναι
1403 1924 1499 1977 καὶ
1530 1926 1893 1997 ἀτιμότερονς

320 2009 391 2063 Σύ
421 2027 515 2080 μοι
540 2011 718 2071 δοκεῖς
743 2013 969 2066 καὶτῶν
1006 2015 1183 2068 ποδῶν
1213 2017 1420 2085 μᾶλλον
1445 2016 1584 2071 ὥστε
1617 2018 1897 2090 καθαροὺς

317 2097 460 2154 εἶναι
493 2103 885 2175 φροντίζειν,ἢ
919 2103 1014 2157 τοῦ
1047 2107 1340 2176 προσώπου
1373 2110 1467 2163 καὶ
1507 2111 1634 2173 τοὺς
1674 2112 1774 2182 μὲν
1823 2113 1899 2183 μὴ

318 2195 788 2264 προσεμϐιϐάζειν
836 2196 1013 2269 πηλῷ,
1054 2201 1153 2268 τῆς
1196 2200 1251 2254 δὲ
1295 2202 1538 2272 κεφαλῆς
1570 2205 1646 2275 μὴ
1682 2209 1901 2273 φροντί-

319 2286 431 2349 ζειν
479 2287 529 2338 si
584 2289 934 2356 καταχέοιτο.
986 2289 1129 2342 Ἀλλ’
1174 2291 1549 2363 ὑπολαμϐάνω
1601 2295 1677 2366 μὴ
1726 2296 1901 2363 δόξειν

318 2376 488 2430 ταῦτα
518 2381 631 2442 τοῖς
671 2378 875 2447 ὁρίζειν
914 2381 1115 2436 εἰδόσιν
1156 2383 1505 2457 ὑψηλοτέρων
1553 2392 1900 2459 πραγμάτων

318 2471 411 2521 καὶ
448 2474 853 2542 ταπεινοτέρων
894 2474 1181 2544 διαφοράν.
1205 2478 1365 2546 Μέγα
1415 2480 1513 2549 μὶν
1554 2484 1661 2550 γὰρ
1690 2481 1754 2535 τὸ
1793 2482 1895 2553 τῆς

319 2562 599 2630 βασιλείας
641 2567 903 2634 πρᾶγμα,
938 2568 1032 2619 καὶ
1073 2568 1194 2622 δέον
1256 2570 1543 2625 πείθεσθαι
1593 2572 1897 2642 βασιλεῦσι,

320 2655 395 2724 μὴ
422 2656 479 2709 δὲ
524 2660 636 2720 τοῖς
684 2660 1107 2729 προστάγμασιν
1137 2662 1319 2716 αὐτῶν
1360 2664 1707 2721 ἀντιτείνειν.
1760 2667 1900 2721 Ἀλλ’

315 2752 376 2801 ἐν
407 2748 639 2813 ἐκείνοις
666 2753 779 2813 τοῖς
815 2753 1235 2822 προστάγμασιν
1262 2757 1320 2807 ἐν
1350 2749 1430 2817 οἷς
1470 2756 1816 2826 διαφαίνεται
1842 2760 1901 2812 τὸ

316 2845 416 2913 τῆς
465 2844 746 2915 βασιλείας
799 2846 1041 2911 ἀξίωμα,
1069 2849 1405 2919 προστάσσει
1449 2851 1897 2923 δικαιοπραγεῖν·

317 2937 479 2991 τοῦτο
517 2937 800 3007 βασιλικὸν
834 2936 1053 3011 ἀληθῶς
1095 2943 1446 3014 πρόσταγμα,
1476 2948 1568 2999 καὶ
1594 2947 1675 3001 δεῖ
1702 2948 1780 3018 μὴ
1809 2952 1902 3002 ἀν-
1930 2930 1942 2939 ”

317 3030 577 3098 τιλέγειν.
608 3032 839 3086 Κελεύει
877 3034 1001 3086 κατ’
1048 3035 1257 3107 ἐχθρῶν
1287 3036 1645 3104 ὁπλίζεσθαις
1682 3040 1902 3105 Ἔδοξε-ν

2002 1938 2194 2004 minet,
2225 1940 2345 1993 ideo
2396 1939 2561 1994 etiam
2617 1955 2726 2007 pra:
2780 1940 3036 1995 omnibus
3095 1943 3498 1998 contaminatus
3528 1955 3582 1999 et

2001 2030 2365 2087 inhonoratus
2415 2046 2539 2088 esse
2590 2033 2784 2088 debet?
2839 2034 2919 2088 Tu
2970 2034 3191 2104 quidem
3246 2036 3297 2089 id
3343 2037 3581 2092 maxime

2002 2140 2199 2180 curare
2238 2123 2372 2179 mihi
2397 2125 2599 2180 videris
2642 2134 2700 2179 ut
2759 2127 2921 2195 pedes
2964 2128 3085 2197 puri
3140 2127 3272 2193 sint,
3296 2129 3362 2184 de
3407 2130 3582 2199 capite

2002 2226 2181 2275 autem
2214 2220 2421 2290 polluto
2455 2221 2596 2274 haud
2634 2221 2875 2291 cogitare
2908 2222 3058 2292 :Ego
3084 2236 3212 2275 vero
3247 2223 3442 2291 opinor
3477 2224 3583 2277 illis

2001 2311 2095 2375 qui
2131 2327 2323 2383 magna
2365 2322 2528 2383 atque
2558 2329 2723 2383 parva
2778 2314 2946 2383 probo
2981 2313 3126 2368 inter
3180 2330 3240 2370 se
3272 2315 3584 2370 discernere

2004 2415 2206 2459 norunt
2230 2406 2387 2460 aliter
2418 2407 2613 2461 videri.
2643 2406 2973 2461 Praeclarum
3023 2422 3157 2463 sane
3185 2408 3315 2477 quid
3341 2408 3581 2478 dignitas

2006 2498 2174 2567 regia.
2224 2497 2457 2557 Necesse
2489 2509 2571 2553 est
2600 2500 2820 2568 regibus
2850 2499 3063 2554 obediri
3088 2516 3266 2568 neque
3306 2500 3580 2554 mandatis

2002 2602 2192 2641 eorum
2240 2588 2555 2658 repugnari,
2608 2589 2909 2644 mandatis.
2940 2590 3065 2644 dico
3095 2589 3296 2658 quibus
3344 2590 3583 2659 dignitas

2005 2680 2149 2748 regia
2204 2690 2435 2749 apparet
2482 2689 2803 2750 rectumque
2839 2681 3020 2736 facere
3054 2681 3209 2750 jubet
3241 2700 3256 2737 :
3294 2682 3395 2737 hoc
3434 2683 3582 2737 enim

2003 2781 2088 2826 est
2129 2773 2445 2827 mandatum
2477 2789 2605 2829 vere
2658 2774 2868 2843 regium
2901 2790 3077 2844 neque
3119 2776 3245 2828 licet
3297 2775 3578 2847 refragari.

2005 2862 2180 2918 Edicit
2207 2874 2400 2917 contra
2434 2864 2618 2920 hostes
2646 2880 2799 2919 arma
2843 2865 3109 2920 sumere?
3144 2863 3370 2920 Videtur
3399 2868 3447 2921 ei
3480 2867 3582 2920 ali-

2004 2956 2133 3025 quid
2161 2956 2215 3011 in
2248 2955 2563 3026 reipublicae
2597 2956 2949 3012 commodum
2988 2957 3381 3014 introducere?
3421 2959 3585 3014 Sum-

2007 3062 2096 3101 mo
2158 3046 2341 3101 studio
2369 3048 2515 3117 quod
2566 3049 2660 3103 ille
2710 3050 2956 3119 praecipit
2985 3055 3400 3122 exsequendum
3454 3056 3580 3109 erit.

318 3123 470 3193 αὐτῷ
521 3127 903 3195 συνεισφέρειν
942 3144 997 3179 τι
1032 3128 1171 3199 πρὸς
1220 3129 1320 3200 τὴν
1364 3130 1473 3184 τῶν
1506 3131 1703 3184 κοινῶν
1744 3136 1898 3186 λυσι-

2004 3140 2167 3195 Aliud
2198 3141 2331 3211 quid
2366 3141 2484 3195 fieri
2506 3140 2670 3195 edicit
2699 3156 2810 3209 quo
2837 3142 3122 3211 imperium
3150 3144 3584 3214 populorumque

316 3218 572 3283 τέλειανς
603 3220 787 3290 Τιμᾷν
836 3222 987 3294 πάσῃ
1018 3222 1223 3293 σπουδῇ
1255 3223 1318 3277 τὸ
1342 3224 1539 3295 δόγμα.
1578 3222 1746 3280 Εἶπεν
1774 3227 1902 3281 ἄλλο

316 3328 370 3364 τι
415 3313 685 3381 πράττειν
728 3312 838 3365 τῶν
877 3314 1141 3367 σύστασιν
1180 3316 1457 3385 φερόντων
1500 3318 1594 3371 καὶ
1630 3318 1799 3390 τιμὴν
1831 3321 1899 3390 τῇ

317 3410 484 3479 ἀρχῇ.
513 3410 607 3461 καὶ
639 3412 749 3470 τοῖς
775 3409 883 3461 ὑπὸ
905 3413 1066 3480 χεῖρα
1094 3410 1335 3474 τελοῦσι,
1375 3414 1550 3465 ποιεῖν
1595 3423 1808 3483 ταχέως
1838 3418 1900 3467 τὸ

315 3502 825 3571 προσταττόμενον.
870 3502 1058 3556 Ταῦτα
1110 3502 1391 3572 βασιλικὰ,
1430 3503 1527 3557 καὶ
1576 3506 1897 3573 ἀναγκαῖον,

317 3594 522 3661 μᾶλλον
574 3593 632 3647 δὲ
677 3594 1077 3665 ἀπαραίτητον,
1126 3595 1347 3666 ἕτοιμον
1394 3596 1659 3667 παρέχειν
1704 3596 1785 3659 είς
1840 3595 1901 3650 τὸ

312 3689 539 3742 ἀκούειν
563 3689 623 3741 τὸ
659 3687 771 3749 οὓς.
815 3689 1045 3742 Κελεύει
1081 3689 1269 3752 πάλιν.
1301 3684 1389 3743 οἷα
1418 3690 1486 3744 τὰ
1513 3692 1610 3743 τοῦ
1643 3689 1895 3743 διαϐόλου

315 3783 532 3851 πονηρά
588 3782 976 3851 ὑποϐλήματα,
1030 3785 1111 3845 είς
1150 3782 1283 3835 Θεὸν
1314 3784 1573 3848 ἀσεϐεῖν;
1625 3782 1799 3837 Τοῦτο
1835 3783 1896 3837 οὑ

317 3872 639 3942 βασιλικόνο
698 3874 896 3926 οὐκοῦν
955 3874 1081 3926 οὐδὲ
1140 3874 1362 3927 πιστέον
1416 3873 1595 3945 αὐτῷ,
1649 3874 1767 3928 ἀλλ’
1824 3874 1899 3938 ὡς

313 3963 550 4027 ἀσεϐοῦς
599 3964 791 4035 ἀνδρὸς
837 3964 1035 4029 ἀσεϐὲς
1095 3964 1427 4037 πρόσταγμα
1479 3967 1633 4037 παρὰ
1692 3964 1898 4035 φαῦλον

314 4058 591 4127 ποιητέον.
649 4057 877 4111 Κελεύει
934 4061 1401 4131 συκοφαντεῖν,ἢ
1459 4061 1598 4131 δόλῳ
1651 4060 1898 4130 ἀναιρεῖν

313 4166 498 4211 τινας.
552 4150 587 4221 ἢ
646 4151 863 4221 γάμους
919 4151 1174 4224 ὀρύσσειν
1221 4152 1562 4223 ἀλλοτρίους,
1611 4153 1643 4223 ἢ
1696 4153 1899 4215 ἀδίκως

313 4242 616 4311 ἀφελέσθαι
680 4245 749 4297 τά
809 4244 1069 4315 ἀλλότρια
1132 4246 1475 4316 πράγματα;
1537 4246 1673 4299 Οὐδὲ
1736 4245 1896 4299 τοῦτο

314 4334 605 4405 βισιλικῆς
651 4335 850 4406 ἀρχῆς,
887 4335 1025 4389 ἀλλά
1066 4336 1379 4392 λωποδύτω
1419 4339 1515 4393 καὶ
1546 4336 1895 4407 συκοφάντου

313 4428 407 4479 καὶ
457 4426 651 4498 μοιχοῦ
702 4428 799 4483 καὶ
838 4429 1110 4499 ἅρπαγος.
1144 4432 1253 4485 Καὶ
1282 4432 1336 4484 ετ
1365 4448 1449 4495 τις
1490 4430 1767 4503 θεοφιλὴς.
1802 4432 1897 4484 καί

2004 3232 2157 3287 salus
2186 3239 2573 3301 promoveatur
2604 3246 2665 3285 ac
2685 3230 3017 3295 stabiliatur.
3049 3234 3337 3290 confestim
3372 3250 3578 3289 mort‘lll

2002 3339 2274 3393 geremus.
2325 3321 2452 3378 Haec
2490 3338 2671 3394 regem
2724 3323 2941 3389 decent,
2995 3334 3049 3378 et
3078 3328 3408 3391 necessario,
3472 3329 3585 3382 imn

2003 3416 2431 3471 irrecusahiliter
2462 3432 2650 3472 aurem
2683 3418 2925 3486 praebere
2956 3417 3251 3486 Oportebit.
3289 3418 3357 3472 At
3394 3430 3584 3473 contra

2001 3511 2167 3565 edicit
2200 3510 2348 3579 quod
2382 3525 2546 3580 prave
2584 3526 2614 3565 a
2655 3510 2875 3565 diabolo
2921 3510 3258 3580 suggeritur,
3312 3522 3371 3565 ut
3420 3512 3587 3581 impie

2002 3603 2267 3658 adversus
2323 3602 2493 3658 Deum
2532 3603 2802 3673 agamus?
2853 3600 2969 3655 lloe
3010 3617 3137 3656 vero
3181 3618 3291 3656 non
3351 3604 3582 3672 regium.

2002 3698 2235 3769 ideoque
2267 3699 2315 3753 ei
2346 3697 2481 3754 fides
2512 3696 2856 3766 deneganda,
2892 3697 3188 3762 etjussum
3222 3706 3482 3767 tanquam
3518 3698 3585 3750 ah

2003 3791 2169 3861 impio
2225 3791 2448 3846 homine
2504 3790 2814 3860 profectum
2876 3806 2975 3859 pro
3034 3791 3193 3846 irrito
3251 3791 3583 3846 habendum.

2000 3880 2160 3936 lubet
2197 3880 2545 3944 calumniari,
2581 3890 2677 3935 aut
2712 3882 2901 3936 dolose
2947 3881 3260 3936 interficere
3293 3880 3457 3944 alios.
3496 3889 3585 3938 aut

2004 3970 2224 4040 nuptias
2269 3970 2478 4024 alienas
2509 3969 2790 4036 suil‘urari,
2822 3978 2919 4024 aut
2964 3970 3168 4039 injuste
3194 3969 3432 4039 diripere
3460 3985 3582 4037 qun:

2002 4071 2131 4116 sunt
2157 4061 2389 4116 aliorum
2415 4061 2438 4114 ‘i
2469 4059 2660 4130 Neque
2699 4062 2808 4116 hoc
2832 4069 2917 4117 est
2951 4062 3112 4132 regite
3159 4061 3464 4132 dignitatis.
3491 4062 3583 4112 sed

2003 4151 2183 4221 potius
2207 4150 2344 4207 furis
2369 4159 2425 4205 et
2453 4148 2876 4206 calumniator-is
2906 4160 2960 4205 et
2986 4150 3222 4204 adulteri
3246 4159 3299 4205 et
3321 4147 3494 4207 avari.
3524 4148 3581 4199 Si

1999 4245 2123 4315 quis
2164 4244 2328 4313 igitur
2388 4244 2558 4299 Deum
2612 4242 2789 4312 diligit
2834 4257 2900 4297 at:
2934 4250 3237 4308 reveretur,
3288 4250 3344 4296 et
3377 4239 3581 4310 regiam

2002 4344 2326 4405 potestatem
2384 4334 2649 4390 divinitus
2705 4347 3024 4390 concessam
3084 4346 3208 4387 esse
3257 4346 3581 4400 persuaSum

2000 4430 2105 4483 sibi
2157 4427 2345 4494 habet,
2380 4427 2699 4498 hujusmodi
2752 4425 2995 4482 sordidis
3042 4424 3315 4481 mandatis
3344 4438 3453 4478 non
3486 4423 3582 4477 ob-

313 4518 371 4571 τδ
422 4520 571 4571 θεῖον
618 4520 815 4590 τιμῶν,
849 4522 944 4576 καὶ
990 4523 1090 4593 τὴν
1131 4523 1188 4590 ἐξ
1236 4523 1402 4577 αὐτοῦ
1445 4524 1894 4594 παρασχεθεῖσαν

2004 4521 2349 4591 temperabit,
2401 4537 2466 4576 ac
2512 4528 2693 4591 potius
2728 4519 2897 4573 vitam
2936 4516 3220 4582 amittere,
3260 4530 3424 4587 quam
3454 4515 3584 4570 talia

312 4611 405 4662 ἐπὶ
441 4610 549 4677 γῆς
588 4611 897 4680 βασιλείαν,
934 4613 1036 4665 οὐκ
1070 4613 1137 4666 ἂν
1177 4614 1434 4686 πεισθείη
1467 4614 1737 4678 τοιούτοις
1769 4631 1895 4682 μια-

1999 4613 2211 4683 iubenti
2241 4628 2433 4669 aurem
2474 4613 2715 4683 prrebere
2746 4612 2918 4666 volet.

315 4721 426 4773 ροις
475 4706 869 4775 ἐπιτάγμασιν,
915 4706 1052 4761 ἀλλά
1115 4707 1381 4779 πρότερον
1433 4707 1607 4762 ¹εἱλοιτο
1664 4707 1731 4763 ἂν
1780 4706 1880 4778 τὴν
1918 4708 2101 4779 ψυχὴν
2159 4710 2401 4779 ἀφεῖναι,
2435 4707 2470 4779 ἢ
2526 4707 2622 4761 τοῦ
2694 4704 3011 4770 κελεύοντος
3066 4703 3137 4759 τὰ
3195 4701 3423 4757 τοιαῦτα
3488 4716 3583 4767 γε-

312 4797 495 4850 νέσθαι
523 4799 825 4869 ὑπηρέτης.

380 4890 445 4942 Εἰ
477 4890 572 4943 καὶ
594 4889 745 4959 οἴμοι
777 4891 877 4960 τῆς
904 4892 1254 4973 ἀνθρωπίνης
1278 4894 1461 4965 ῥοπῆς
1494 4894 1587 4947 ἐπὶ
1621 4894 1688 4947 τά
1722 4892 1903 4964 χείρω

314 4983 603 5047 πλείστους
636 4986 667 5053 ἡ
700 4985 867 5038 κακία
917 4984 1030 5055 ἔχει
1089 4988 1189 5056 τῆς
1218 4987 1521 5057 θεραπείας
1549 4988 1722 5057 αὐτῆς
1761 4989 1895 5057 ὲρα·

314 5076 441 5138 στάς
464 5092 477 5105 ⁸
521 5076 741 5140 ἀγνοεῖς
772 5077 853 5129 ὅτι
905 5078 1123 5147 πέφυκε
1154 5080 1214 5132 τὸ
1256 5080 1563 5151 ἀρχόμενον
1601 5073 1714 5133 οἷον
1752 5080 1893 5149 πρὸς

314 5166 670 5239 παράδειγμα
720 5168 810 5221 τὸν
867 5168 1104 5239 ἄρχοντα
1156 5166 1418 5243 βλέπείνς
1473 5172 1579 5225 Καὶ
1633 5171 1685 5223 τε
1733 5171 1895 5225 τοῦτο

309 5260 481 5327 λέγω;
514 5260 693 5313 Ὀπου
731 5277 793 5328 γε
828 5263 922 5314 καὶ
948 5263 1042 5315 τοῦ
1071 5264 1334 5333 ἄρχοντος
1380 5263 1528 5335 πάσῃ
1563 5264 1893 5333 κοσμιότητι

314 5350 579 5419 βιοῦντος,
614 5350 764 5420 ὅμως
792 5352 853 5404 τὸ
873 5352 1175 5421 ἀρχόμενον
1207 5354 1300 5406 ἐπὶ
1328 5355 1396 5408 τά
1431 5354 1651 5407 ἐναντία
1692 5357 1893 5425 κέκτη-

313 5459 400 5495 ται
426 5444 528 5513 τὴν
587 5443 882 5513 ἐπιφορὰν,
914 5444 1005 5497 διά
1041 5446 1143 5516 τὴν
1176 5446 1263 5498 ἀεὶ
1290 5446 1597 5517 τρέχουσαν
1648 5448 1787 5518 πρὸς
1819 5449 1888 5502 τά

312 5537 457 5589 κάτω
486 5535 583 5589 καὶ
612 5535 712 5607 τὴν
742 5535 875 5607 ὕλην
911 5540 1235 5610 προαῖρεσιν
1273 5540 1384 5593 τῶν
1413 5540 1744 5613 ἀνθρώπων.
1790 5543 1892 5595 Διά

320 5628 466 5681 τοῦτο
496 5629 609 5700 γάρ
659 5629 754 5684 καὶ
803 5631 959 5699 νόμοι
1000 5633 1294 5693 τέθεινται,
1334 5634 1415 5687 ὃτι
1448 5637 1521 5703 μὴ
1565 5635 1609 5689 δ’
1660 5635 1777 5689 ἔστι
1828 5635 1892 5687 τὸ

313 5719 666 5788 παράδειγμα
702 5720 798 5774 τοῦ
832 5722 1043 5790 ἀγαθοῦ
1088 5724 1352 5795 ἄρχοντος
1397 5724 1583 5778 ἱκανὸν
1646 5726 1889 5796 βελτίους

277 5817 288 5835 ‘
316 5813 493 5867 ποιεῖν
522 5811 649 5877 τοὺς
680 5812 1027 5885 ἀνθρώπους,
1057 5817 1129 5883 ὡς
1166 5817 1231 5873 ἂν
1260 5816 1338 5891 τῷ
1368 5817 1521 5891 φόϐῳ
1564 5818 1673 5876 τῶν
1707 5820 1890 5891 νόμων

2055 4890 2118 4944 Et
2150 4892 2220 4954 si,
2258 4892 2396 4961 proh
2427 4890 2615 4946 dolor!
2668 4905 2792 4960 qua:
2830 4900 2912 4945 est
2958 4890 3214 4946 humana:
3258 4898 3473 4945 naturae
3509 4892 3575 4946 ad

1993 4983 2178 5053 pejora
2210 4982 2514 5048 inclinatio,
2550 4982 2790 5052 pravitas
2842 4982 3045 5037 multus
3092 4982 3254 5037 habet
3294 4998 3483 5037 servos
3527 4996 3582 5038 et

1992 5076 2253 5139 asseclas,
2283 5078 2574 5147 ignorasne
2598 5073 2877 5144 subjectos
2900 5073 2967 5127 ad
2991 5073 3292 5142 principem
3319 5083 3576 5144 tanquam

1992 5169 2062 5223 ad
2089 5168 2369 5238 exemplar
2404 5166 2733 5237 suspicere?
2761 5164 2904 5237 Quid
2936 5165 3101 5220 dico?
3139 5165 3235 5220 Vel
3268 5172 3381 5218 tum
3405 5180 3577 5235 qnan-

1994 5261 2066 5315 do
2114 5274 2207 5313 rex
2257 5258 2310 5312 in
2364 5273 2581 5313 summa
2634 5258 2836 5327 pietate
2896 5257 3061 5311 vitam
3121 5255 3252 5326 agit,
3303 5255 3611 5324 subjecto,

2001 5350 2280 5407 contrario
2313 5349 2517 5419 impetu
2567 5349 2826 5420 abreptos
2876 5348 3148 5409 videmus,
3184 5344 3453 5416 siquidem
3484 5364 3580 5403 vo-

1998 5444 2186 5500 luntas
2225 5445 2469 5498 humana
2500 5457 2717 5513 semper
2756 5440 2824 5498 ad
2864 5440 3149 5495 materiam
3186 5449 3241 5494 et
3287 5455 3409 5509 quae
3435 5440 3577 5496 infra

1991 5547 2125 5595 sunt
2157 5537 2352 5593 fertur.
2384 5536 2529 5604 Quia
2561 5538 2729 5606 igitur
2758 5550 2825 5589 ne
2867 5533 2999 5588 boni
3048 5532 3268 5602 quidem
3316 5535 3578 5605 principis

1992 5632 2305 5703 exemplum
2337 5630 2537 5687 subicit
2566 5629 2631 5682 ad
2666 5628 2916 5685 homines
2947 5626 3201 5682 meliores
3232 5626 3541 5686 reddendos

1995 5724 2120 5781 ideo
2147 5725 2294 5796 leges
2334 5733 2464 5777 sunt
2490 5723 2633 5784 latae,
2674 5728 2733 5773 ut
2759 5734 2951 5786 regum
2986 5721 3289 5775 reverentia
3323 5736 3352 5774 a
3392 5719 3574 5788 pravis

1995 5817 2194 5875 studiis
2221 5815 2506 5889 prohibiti,
2545 5814 2629 5870 vel
2676 5810 2830 5869 inviti
2872 5813 2940 5870 ad
2971 5813 3296 5886 probitatem
3330 5812 3569 5882 dirigan-
