4038 6204
424 324 524 388 2i!

1552 322 1863 386 NlCOLAI
1904 325 2010 385 CP.
2054 324 2567 385 PATRIARCIME

3562 326 3666 388 212

423 456 532 499 tur.
574 440 829 493 Provehit
880 437 1021 494 Deus
1072 439 1308 508 aliquem
1363 440 1428 493 ad
1484 440 1891 509 magistratum,
1929 439 1993 490 ad

2105 438 2553 509 ἀναστελλόμενοι
2616 439 2718 506 τῆς
2788 442 3029 510 πονηρᾶς
3098 441 3507 511 προαιρέσεως,
3572 444 3677 496 καὶ·

422 545 673 601 regnum,
704 528 767 581 ad
796 528 1119 597 dignitatem
1148 529 1603 598 qualemcunque,
1630 545 1735 582 non
1760 539 1839 593 nt,
1868 530 1995 597 quia

422 625 596 694 magis
628 636 787 692 quam
819 623 1003 676 crcteri
1050 636 1080 675 a
1127 620 1236 675 Deo
1272 622 1574 675 honoratus
1616 630 1720 684 est,
1754 621 1995 689 seipsum

420 728 474 770 ct
500 732 624 771 eum
664 716 754 784 qui
792 718 1054 770 honorem
1100 714 1351 777 contulit,
1388 713 1589 782 probro
1623 727 1687 767 ac
1728 712 1998 767 dedecore

423 809 640 870 alliciat,
675 816 768 861 aut
794 808 1039 861 divinum
1066 806 1134 861 de
1164 807 1282 876 ipso
1305 804 1573 873 judicium
1606 806 1762 876 quasi
1798 804 1992 860 falsum

420 915 820 968 erroneumque
859 899 1128 963 ostendat,
1156 899 1249 953 sed
1286 907 1341 952 ut
1368 899 1571 952 virtute
1603 914 1701 953 sua
1734 906 1995 967 appareat

422 992 616 1058 dignus
645 989 911 1044 sententia
943 990 1148 1050 divina,
1176 997 1228 1041 et
1256 988 1383 1042 dum
1408 988 1497 1042 Dei
1518 989 1741 1058 gloriam
1775 1004 1993 1057 promo-

421 1082 648 1136 vendam
673 1089 846 1143 curat,
875 1081 975 1134 sibi
1004 1096 1222 1150 quoque
1249 1081 1462 1134 laudem
1492 1081 1759 1149 acquirat.
1788 1080 1845 1133 Si
1866 1096 1994 1133 vero

422 1173 544 1241 quis
572 1173 825 1242 quoniam
857 1189 883 1223 a
920 1172 1027 1226 Deo
1059 1172 1320 1241 majorem
1349 1173 1572 1241 adeptus
1599 1181 1680 1226 est
1706 1173 1994 1237 honorem,

424 1265 543 1318 ideo
574 1263 745 1332 magis
788 1263 892 1318 sibi
934 1263 1097 1317 licere
1130 1271 1285 1331 putat
1332 1262 1641 1315 divinarum
1675 1261 1853 1330 legum
1894 1261 1992 1314 ho-

422 1362 609 1409 norem
639 1362 1012 1420 contemnere,
1040 1355 1262 1410 nescius
1290 1353 1356 1408 ad
1379 1354 1659 1409 brutorum
1707 1369 1802 1423 per
1832 1354 1996 1408 satie-

422 1456 584 1500 tatem
620 1446 1019 1500 lascivientium
1075 1447 1490 1502 similitudinem
1534 1446 1829 1501 delabitur.
1864 1445 1995 1498 Pra-

336 1548 343 1553 ·
422 1552 546 1590 vum
581 1538 745 1606 igitur
773 1538 1007 1605 opinari,
1042 1539 1433 1606 pravissimum
1451 1552 1579 1592 vero
1602 1537 1784 1593 dicere
1813 1555 1827 1591 ε
1852 1535 1990 1602 Quia

420 1642 537 1695 rex,
561 1628 686 1682 ideo
702 1629 920 1684 licentia
942 1631 1140 1699 gaudet
1161 1629 1441 1698 peccandi,
1461 1630 1712 1698 quamvis
1734 1629 1839 1684 hoc
1858 1629 1990 1684 sub.

420 1722 657 1776 diturum
695 1722 896 1777 nemini
929 1723 1279 1775 concedatur.
1307 1720 1562 1776 Potentes
1591 1730 1841 1792 potenter
1863 1737 1994 1777 exa-

420 1813 797 1877 minabuntur,
853 1813 1181 1881 sapientium
1235 1813 1434 1883 aliquis
1470 1790 1624 1868 dixit.
1680 1813 1738 1868 Si
1771 1813 1873 1868 hoc
1923 1790 2070 1868 itaB

419 1910 524 1964 est,
555 1902 645 1954 ubi
686 1902 865 1956 locum
906 1902 1124 1961 habebit
1154 1911 1331 1957 vestra
1362 1904 1739 1976 indulgentia?
1772 1905 1863 1962 Vel
1897 1905 1999 1959 mi.

420 1992 497 2046 liti
534 1993 785 2062 gregario
818 2007 883 2047 ac
912 1994 1038 2047 duci
1065 1994 1158 2063 qui
1193 1995 1246 2048 in
1280 2010 1387 2048 una
1417 1996 1721 2066 eademque
1755 2011 1815 2051 re
1842 1995 1997 2052 deie-

420 2094 636 2148 cerunt,
674 2099 782 2138 non
833 2085 1024 2139 eadem
1069 2086 1174 2140 erit
1204 2102 1384 2155 paena,
1450 2087 1545 2143 sed
1614 2088 1726 2142 dux
1776 2087 1997 2157 quidem

421 2178 723 2231 secundum
761 2177 909 2231 illum
946 2191 1107 2247 quem
1145 2178 1381 2232 obtinuit
1414 2178 1684 2242 ordinem,
1721 2180 1876 2234 miles
1904 2194 2001 2232 au-

424 2278 528 2321 tem
554 2268 801 2322 inferiori
827 2270 991 2323 statui
1017 2270 1407 2325 convenienter
1430 2270 1770 2326 multabitur.
1797 2270 1996 2325 Eodem

421 2361 587 2415 modo
615 2361 735 2415 calo
771 2372 825 2415 et
860 2364 1226 2432 gubernator,
1274 2371 1460 2433 atque,
1487 2364 1533 2418 si
1564 2364 1668 2429 vis,
1717 2379 1908 2419 servus
1937 2380 2001 2420 ac

421 2452 699 2515 dominus,
738 2455 989 2523 quamvis
1020 2456 1072 2508 in
1103 2455 1296 2510 eodem
1328 2454 1640 2526 deliquerit,
1675 2471 1784 2510 non
1823 2456 1997 2511 eidem

421 2544 759 2599 accusationi
787 2554 839 2599 et
866 2546 1307 2600 condemnationi
1324 2547 1546 2603 obnoxii
1571 2556 1771 2616 erunt;
1796 2547 1893 2603 sed
1915 2549 1998 2602 di-

421 2637 648 2708 gnitatis
682 2638 820 2693 ratio
852 2638 1163 2694 habebitur.

491 2925 559 2977 At
591 2923 1053 2993 dispensationem
1090 2923 1143 2976 in
1175 2923 1278 2976 hoc
1306 2920 1589 2976 Romanus
1622 2921 1823 2991 praesul
1874 2936 2003 2975 san-

421 3019 569 3080 civit,
608 3032 705 3069 nrc
739 3016 819 3069 fas
877 3023 960 3069 est
996 3015 1090 3068 tali
1139 3014 1536 3083 dispensationi
1578 3013 1864 3084 refragari,
1906 3014 1998 3067 sed

2100 531 2326 594 ἄκοντες
2360 532 2495 600 μετὰ
2528 530 2621 583 τοῦ
2655 531 2925 601 βελτίονος
2968 534 3228 598 γένοιντο.
3280 535 3499 603 Ἀνάγει
3534 534 3671 598 Θεὸς

2100 624 2177 685 εἰς
2212 622 2407 692 ἀρχὴν,
2441 623 2621 676 είτουν
2669 623 2751 686 είς
2799 622 3079 693 βασιλείαν
3113 624 3145 695 ἢ
3184 624 3400 693 ἑτέραν,
3435 624 3533 695 οὑχ
3576 626 3667 681 ἵνα

2098 714 2231 768 διότι
2260 713 2419 768 πλέον
2446 714 2553 766 τῶν
2583 714 2758 767 ἄλλων
2786 712 3105 779 δεδόξασται
3132 704 3286 782 ποιρὰ
3313 713 3472 779 Θεοῦ,
3501 716 3665 779 αὐτὸς

2098 806 2355 875 ἀτιμάζοι
2383 805 2576 859 ἑαυτόν
2603 822 2661 858 τε
2694 805 2791 861 καὶ
2833 805 2923 858 τδν
2969 798 3292 872 δοξάσαντα,
3317 806 3428 858 οὐδ’
3454 806 3543 859 ἵνα
3568 809 3672 875 τὴν

2098 898 2250 951 θείαν
2285 898 2469 969 κρίσιν
2515 897 2707 967 ὥσπερ
2756 895 3105 967 ἐσφαλμένην
3155 898 3242 966 ἐφ’
3289 897 3469 967 ἐαυτῷ
3496 898 3669 969 δείξῃ,

2095 988 2213 1042 ἀλλ’
2263 988 2352 1041 ἵνα
2417 988 2486 1042 δι’
2536 988 2743 1052 οίκείας
2797 988 2999 1059 ἀρετῆς
3045 986 3196 1052 ἁξιος
3254 988 3393 1058 ὀφθῇ
3434 987 3530 1041 καὶ
3569 989 3674 1058 τῆς

2098 1080 2285 1151 θεῖκῆς
2336 1080 2593 1152 κρίσεως,
2630 1081 2723 1134 καὶ
2772 1081 3090 1146 δοξάζεσθαι
3148 1081 3248 1151 μὲν
3292 1080 3423 1134 Θεὸν
3483 1099 3668 1151 παρα·-

2097 1172 2362 1243 σκενάσῃ,
2378 1172 2699 1243 προσθήκην
2730 1172 2787 1224 δὲ
2809 1172 2967 1242 δόξης
2988 1174 3082 1226 καὶ
3103 1171 3281 1241 ἐαυτῷ
3305 1176 3674 1242 περιποιήση-

2093 1286 2206 1323 ται.
2237 1268 2299 1322 Εί
2329 1268 2385 1321 δέ
2411 1285 2496 1330 τις
2532 1266 2668 1320 διότι
2700 1267 2863 1321 πλέον
2895 1266 3080 1336 εἴληχε
3117 1266 3270 1335 παρὰ
3314 1264 3449 1317 Θεοῦ
3478 1265 3672 1334 τιμῆς,

2095 1362 2184 1415 διὰ
2211 1360 2370 1414 τοῦτο
2406 1360 2612 1431 μᾶλλον
2649 1361 2821 1412 οἴεται
2847 1358 2908 1411 τὸ
2962 1358 3163 1425 ἐξεῖναι
3198 1357 3349 1428 αὐτῷ
3379 1356 3477 1427 τῆς
3506 1357 3673 1426 τιμῆς

2093 1456 2202 1507 τῶν
2242 1454 2402 1507 θείων
2428 1454 2612 1523 νόμων
2640 1453 3028 1522 καταφρονεῖν,
3062 1450 3288 1520 λέληθεν
3332 1449 3524 1504 ἑαυτὸν
3563 1460 3673 1503 παέ

2097 1548 2398 1616 ραπλήσιος
2415 1544 2491 1598 ὢν
2508 1545 2622 1608 τοῖς
2638 1544 2724 1599 διὰ
2746 1544 2908 1614 κόρον
2926 1540 3209 1619 ὑϐρίζουσι
3224 1545 3466 1615 κτήνεσι.
3488 1543 3675 1597 Ratva

2095 1638 2186 1692 οῦν
2214 1638 2391 1706 δόγμα
2421 1638 2515 1690 καὶ
2553 1637 2839 1705 πάγκακον
2885 1634 2947 1688 τὸ
2980 1635 3183 1703 λέγειν,
3212 1635 3350 1688 διότι
3392 1634 3673 1705 βασιλεὺς,

2098 1729 2517 1800 συγκεχώρηται
2560 1729 2917 1800 ἁμαρτάνειν,
2948 1728 2975 1782 ὃ
3005 1728 3079 1800 μὴ
3123 1731 3239 1792 τοῖς
3268 1728 3373 1781 ὑπὸ
3400 1730 3557 1800 χεῖρά
3586 1747 3675 1792 τις

2101 1822 2497 1891 συγχωρήσειε.
2548 1821 2773 1873 Δυνατοὶ
2826 1820 3066 1883 δυνατῶς
3122 1820 3541 1891 ἐτασθήσονται,
3582 1822 3673 1873 λέ-

2099 1933 2185 1984 γει
2242 1931 2345 1967 που
2392 1913 2498 1966 τῶν
2538 1912 2833 1983 σωφρόνων
2862 1916 2889 1967 ό
2918 1912 3074 1981 λόγος
3100 1927 3116 1944 ·
3153 1915 3201 1967 εί
3233 1912 3289 1966 δὲ
3340 1914 3520 1979 τοῦτο,
3565 1916 3670 1969 ποῦ

2100 2007 2285 2078 χώραν
2336 2006 2448 2073 ἕξει
2506 2007 2565 2058 τδ
2620 2005 2886 2078 ὑμέτερον
2940 2003 3314 2073 συγχώρημα;
3378 2006 3520 2074 Ἐγὼ
3576 2008 3672 2061 καὶ

2103 2097 2418 2170 στρατιώτῃ
2466 2098 2562 2151 καὶ
2615 2095 2907 2168 στρατηγῷ
2937 2097 2999 2150 τὸ
3046 2098 3181 2151 αὐτὸ
3221 2098 3541 2165 πταίσασιν,
3573 2102 3677 2151 οὐκ

2099 2188 2215 2243 οἶδα
2244 2191 2342 2261 τὴν
2376 2191 2496 2259 ῐσην
2525 2189 2878 2259 ἐπαγομένην
2921 2190 3135 2261 ποινὴν,
3171 2188 3289 2243 ἀλλ’
3312 2192 3341 2244 ὁ
3374 2191 3473 2262 μὲν
3506 2205 3677 2263 στρα-

2099 2284 2268 2354 τηγδς
2309 2281 2689 2349 ἀναλογοῦσαν
2720 2281 2832 2346 ἕξει
2879 2281 2959 2351 τῷ
3001 2280 3222 2352 μεγέθει
3252 2282 3352 2353 τῆς
3374 2284 3541 2353 τιμῆς
3580 2283 3678 2352 τὴν

2100 2375 2444 2445 τιμωρίαν,ό
2502 2374 2560 2427 δὲ
2613 2372 2957 2444 στρατιώτης
3004 2376 3149 2426 κατὰ
3204 2374 3264 2426 τὸ
3323 2374 3522 2444 μέτρον
3576 2374 3677 2441 τῆς

2101 2467 2330 2529 τάξεως.
2375 2464 2539 2519 Ἀλλὰ
2590 2465 2686 2518 καλ⁵
2717 2464 2887 2536 ναύτῃ
2921 2464 3015 2517 καὶ
3044 2464 3381 2537 κυϐερνήτῃ,
3414 2466 3461 2517 εί
3494 2464 3679 2533 βούλει

2100 2560 2157 2614 δὲ
2207 2558 2304 2611 καὶ
2349 2557 2588 2629 δεσπότῃ
2662 2556 2757 2609 καὶ
2803 2555 2993 2628 οἰκέτῃ
3052 2554 3131 2625 τῷ
3191 2554 3340 2624 αὐτῷ
3392 2555 3676 2623 σφάλματι

2105 2650 2593 2722 περιπεπτωκόσιν
2640 2648 2739 2718 οὐχ
2769 2650 2802 2717 ἡ
2836 2646 2980 2716 ¹αὐτὴ
3022 2647 3331 2715 ἀπαντήσει
3371 2647 3679 2717 κατηγορία

2103 2745 2225 2799 οὐδὲ
2264 2743 2613 2814 κατάκρισις,
2646 2741 2784 2795 ἀλλά
2817 2743 2884 2811 τῇ
2939 2740 3179 2808 διαφορᾷ
3216 2740 3325 2793 τῶν
3367 2737 3680 2808 προσώπων

2044 2900 2055 2909 .
2105 2834 2575 2904 συνδιατιθεμένη.

2188 2926 2328 2980 Ἀλλ’
2356 2924 2674 2994 οἰκονομίαν
2726 2924 2815 2977 ἐπ’
2859 2922 3009 2994 αὐτῷ
3049 2923 3082 2994 ἡ
3132 2922 3423 2993 Ῥωμαῖκὴ
3457 2921 3681 2987 ἐξουσία

2105 3020 2423 3091 πεποίηται,
2461 3019 2558 3072 καὶ
2586 3019 2668 3071 δεῖ
2720 3017 2856 3088 πρὸς
2907 3017 2969 3070 τὸ
3018 3017 3376 3088 οίκονομηθέν
3412 3016 3490 3086 μὴ
3534 3015 3683 3069 ἁντι-

420 3108 632 3165 sancita
673 3106 933 3162 revereri.
980 3105 1121 3173 Quid
1169 3107 1348 3161 dicis?
1381 3105 1518 3161 Num
1554 3106 1681 3161 licet
1735 3105 1997 3161 Bouianis

2105 3117 2305 3183 λέγειν,
2340 3113 2477 3168 άλλὰ
2505 3112 2572 3167 τὰ
2606 3113 2738 3182 ἡμῖν
2765 3110 3066 3181 δεδογμένα
3114 3111 3306 3180 τιμᾷν.
3357 3108 3423 3162 Τί
3462 3108 3676 3174 λέγεις;

420 3201 660 3264 sancire,
693 3200 869 3269 utqui
915 3200 1063 3270 leges
1092 3198 1358 3269 infringit,
1396 3216 1610 3270 pcenam
1636 3200 1778 3255 haud
1822 3199 1999 3254 solvat

2108 3209 2220 3264 Kal.
2266 3208 2445 3273 ἔξεστι
2485 3205 2649 3260 τοῦτο
2695 3202 2989 3272 Ῥωμαίοις
3033 3202 3365 3269 οίκονομεῖν,
3395 3199 3536 3254 ὥστε
3571 3217 3682 3253 πα-

419 3304 514 3348 aut
552 3293 782 3362 impuris
814 3293 1070 3347 manibus
1090 3308 1244 3347 sacra
1276 3291 1612 3348 eontrectei?
1645 3290 1864 3347 Licetne
1895 3290 2001 3344 Ro-

2112 3300 2453 3373 ρανομοῦντά
2476 3314 2599 3351 τινα
2626 3296 2699 3368 μὴ
2726 3296 2882 3365 δίκην
2910 3295 3167 3364 ύπέχειν;
3195 3295 3289 3347 καὶ
3315 3293 3457 3347 ὥστε
3487 3294 3681 3365 χερσὶν

420 3386 599 3441 manis
628 3400 726 3439 eos
747 3384 838 3454 qui
869 3384 938 3437 ob
960 3383 1233 3453 piaculum
1257 3399 1285 3438 e
1307 3382 1491 3436 divina
1527 3382 1641 3436 mde
1665 3381 1825 3451 ejecti
1873 3391 2001 3437 sunt

2105 3390 2442 3458 ἀκαθάρτοις
2522 3387 2632 3439 τῶν
2703 3384 2876 3454 ἁγίων
2945 3382 3331 3453 ἐφάπτεσθαι,
3385 3384 3480 3437 καὶ
3554 3383 3727 3445 τοὺς.

419 3490 711 3547 antequam
743 3474 874 3529 illud
918 3460 1278 3529 emundatum
1310 3475 1417 3539 sit,
1453 3472 1718 3527 reducere
1761 3487 1827 3528 co
1855 3474 2001 3528 unde

2108 3483 2504 3552 ἐλαυνομένους
2532 3481 2643 3534 τῶν
2686 3479 2846 3532 θείων
2900 3476 3205 3547 περιϐόλων
3243 3477 3335 3529 ἐπὶ
3379 3476 3680 3546 μιάσματι,

414 3570 538 3637 jure
565 3571 869 3641 meritoque
899 3567 1260 3624 exsularunt?
1289 3564 1541 3637 Magnam
1571 3564 1784 3620 scilicet
1808 3574 2001 3619 nactus

2108 3576 2337 3639 τούτους
2384 3572 2475 3644 μὴ-
2500 3571 2878 3641 ἀποθεμένους
2918 3570 2979 3624 τὸ
3036 3570 3253 3640 μίασμα
3280 3570 3523 3638 εἰσάγειν
3555 3568 3683 3621 ὅθεν

419 3678 572 3717 esses
599 3671 947 3733 potestatem,
972 3662 1190 3733 qualem
1224 3674 1294 3715 ne
1325 3659 1415 3713 ille
1447 3658 1669 3729 quidem
1694 3656 1790 3728 qui
1816 3657 2003 3711 mundi

419 3765 638 3826 peccata
673 3757 798 3812 tulit
836 3759 940 3813 sibi
975 3755 1275 3826 arrogavit,
1309 3770 1377 3808 ne
1403 3753 1532 3808 dum
1559 3753 1851 3823 quisquam
1880 3765 2008 3816 sap-

420 3856 633 3903 ctorum
681 3850 803 3920 ejus
833 3848 1246 3920 discipulorum,
1286 3854 1382 3901 aut
1429 3846 1574 3901 ullus
1620 3859 1651 3898 e
1683 3842 2004 3899 doctoribus

421 3943 834 3999 ecclesiasticis.
868 3940 1033 3997 Venit
1058 3941 1206 3996 enim
1238 3950 1294 3995 ut
1332 3947 1558 4010 peccata
1590 3935 1760 3992 ferret
1790 3947 2003 4001 nostra,

422 4036 518 4090 sed
546 4042 677 4091 tunc
705 4035 925 4090 demum
951 4034 997 4089 si
1046 4047 1275 4104 peccare
1304 4032 1707 4089 desineremus.
1739 4047 1918 4104 neque
1944 4031 2012 4086 iis

420 4130 807 4185 insisteremus
833 4128 1095 4183 automni
1124 4126 1338 4197 abjecto
1361 4126 1571 4196 pudere
1601 4144 1665 4183 ea
1695 4137 2013 4199 perpetrare

418 4237 770 4293 pergeremus
788 4237 909 4295 quae
936 4223 1025 4276 ille
1049 4220 1297 4277 abstulit.
1312 4218 1493 4276 Audio
1509 4223 1654 4277 enim
1676 4236 1801 4276 eum
1829 4221 2017 4275 dicen-

420 4327 527 4371 tem
556 4316 765 4372 homini
787 4334 947 4387 quem
978 4321 1268 4371 sanaverat
1289 4330 1303 4367 :
1323 4312 1463 4370 Ecce
1490 4330 1659 4370 sanus
1682 4313 1909 4370 ell‘eetus
1934 4328 2014 4377 es,

418 4424 488 4464 ne
513 4411 746 4480 amplius
770 4426 983 4479 pecces.
1010 4411 1402 4468 Animadverte
1415 4408 1691 4481 quomodo
1710 4408 2014 4468 interdicit,

2109 3669 2293 3733 καλῶς
2324 3669 2419 3721 καλ⁸
2453 3667 2676 3729 ἐνδίκως
2699 3663 3110 3735 ἁπελήλανταις
3148 3661 3409 3733 Μεγάλης
3434 3662 3500 3716 ἂν
3531 3660 3687 3728 ἐξου-

2111 3764 2233 3822 σίας
2274 3761 2395 3831 sin;
2451 3758 2877 3829 ἐπειλημμένος,
2915 3756 3012 3809 καὶ
3053 3750 3121 3827 ἦς
3155 3755 3264 3808 οὐδ’
3301 3755 3465 3817 αὐτὸς
3516 3755 3544 3808 ό
3584 3754 3686 3815 τάς

2113 3851 2388 3924 ἁμαρτίας
2419 3850 2593 3921 αἴρων
2632 3847 2728 3901 τοῦ
2761 3847 2970 3917 κόσμου
3002 3845 3354 3913 ἐπείληπται,
3393 3843 3466 3914 μὴ
3495 3844 3573 3897 ὅτι
3617 3858 3685 3911 γε

2113 3946 2271 4009 ἄλλος
2311 3943 2344 4015 ἦ
2386 3941 2495 3995 τῶν
2529 3940 2742 3995 ἐκείνου
2785 3938 2950 4009 ἱερῶν
2984 3936 3268 4007 μαθητῶν,
3296 3934 3332 4003 ἦ
3364 3935 3473 3989 τῶν
3506 3934 3688 3987 ἄλλων

2113 4039 2216 4109 τῆς
2245 4035 2415 4091 αὑτοῦ
2465 4030 2795 4102 Ἐκκλησίας
2845 4028 3205 4083 διδασκάλων.
3275 4028 3390 4080 Ηκε
3442 4030 3541 4097 μὲν
3570 4025 3687 4098 γάρ

2115 4130 2216 4194 τὰς
2263 4127 2421 4199 ήμῶν
2459 4124 2738 4196 ἁμαρτίας
2773 4123 3062 4193 βαστάσαι,
3090 4120 3226 4175 ἁλλὰ
3268 4120 3427 4191 δῆλον
3469 4120 3551 4172 ὅτι
3586 4118 3686 4172 τοῦ

2119 4219 2459 4291 ἁμαρτάνειν
2501 4216 2661 4289 ἡμῶν
2723 4215 3113 4284 παυσαμένων,
3169 4212 3269 4267 οὐκ
3315 4212 3686 4284 ἐπιμενόντων

2117 4314 2196 4376 δὲ,
2227 4310 2349 4364 οὐδὲ
2381 4309 2739 4380 πραττόντων
2779 4307 2952 4370 ἀδεῶς
3003 4300 3078 4360 ὧν
3127 4306 3341 4369 ἐκεῖνος
3396 4304 3494 4375 τὴν
3525 4304 3687 4371 ἁρσιν

2122 4408 2378 4460 ποιεῖται.
2420 4401 2633 4455 Ἀκούω
2662 4401 2771 4470 γὰρ
2804 4400 2883 4470 τῷ
2936 4398 3399 4469 τεθεραπευμένῳ
3456 4397 3547 4449 τοῦ
3594 4397 3688 4449 ὑπ’

419 4516 526 4553 non
547 4512 729 4554 autem
747 4502 1011 4570 permittit
1026 4517 1253 4571 peccare
1267 4517 1363 4557 eos
1382 4503 1473 4572 qui
1498 4501 1671 4570 ipsius
1689 4499 2001 4553 misericor-

2115 4493 2281 4550 αὑτοῦ
2313 4492 2561 4553 δοθέντος
2612 4489 3099 4562 παραγγέλματος,
3131 4490 3206 4543 ἴδε
3240 4489 3400 4560 ὑγιὴς
3433 4487 3690 4558 γέγονας,

420 4590 510 4643 dia
525 4591 674 4661 digni
691 4603 815 4645 sunt
832 4594 1235 4649 habitiJﬂodem
1253 4594 1413 4649 modo
1430 4607 1527 4647 nec
1539 4591 1754 4655 Petrus,
1768 4588 1989 4644 necPau

423 4685 529 4746 lus,
544 4701 647 4741 nec
660 4687 799 4741 alius
825 4689 948 4757 quis
963 4704 1201 4759 unquam
1218 4699 1441 4759 peccato
1452 4686 2009 4757 ncglectolibertatem

418 4794 449 4832 a
465 4779 939 4849 responsabilitate
951 4781 1502 4850 promisitpeccatori.
1524 4780 1621 4835 Ubi
1642 4778 1855 4833 tandem
1870 4792 2012 4846 repe-

422 4872 539 4926 risti
556 4870 851 4927 absurdam
871 4874 1028 4928 istam
1045 4874 1511 4943 dispensationem
1527 4886 1648 4943 qua:
1667 4869 1876 4941 peccati
1893 4885 2010 4938 gra-

420 4969 641 5022 vitatem
683 4982 790 5021 non
818 4968 1118 5034 imminuit,
1141 4969 1234 5025 sed
1256 4970 1433 5039 potius
1466 4965 1737 5036 adauget?
1756 4980 1875 5035 quae
1897 4977 2005 5017 non

417 5060 648 5114 salutem
669 5058 835 5130 parit,
876 5060 967 5115 sed
985 5061 1226 5115 interitui
1242 5062 1430 5127 tradit,
1453 5075 1574 5130 quae
1591 5074 1699 5113 non
1718 5057 2004 5127 depurgat,

418 5150 513 5205 sed
533 5151 655 5219 plus
694 5150 937 5205 sordium
982 5149 1210 5218 adjicit?
1238 5151 1369 5215 Quis
1394 5165 1565 5219 usque
1584 5148 1818 5203 adhunc
1864 5144 2005 5200 diem

422 5244 583 5295 talem
620 5241 1089 5313 dispensationem
1120 5242 1315 5296 novit?
1348 5241 1697 5311 Dispensatio
1729 5240 1872 5295 enim
1919 5247 2001 5292 est

426 5335 682 5393 salutaris
709 5336 1130 5393 condcscensio.
1166 5350 1289 5403 quae
1314 5344 1664 5404 peecatorem
1709 5331 1997 5397 salvilicat,

429 5441 647 5481 manum
699 5430 1097 5487 auxiliatricem
1140 5428 1371 5499 porrigit
1412 5429 1737 5497 lapsumque
1784 5440 1815 5479 a
1864 5440 1995 5479 casn

426 5518 609 5586 erigit,
635 5535 742 5574 non
766 5534 947 5579 autem
970 5539 1092 5594 qua:
1116 5537 1244 5578 casu
1270 5520 1541 5589 deiectum
1566 5519 1749 5589 jacere
1783 5517 1894 5573 sint
1914 5516 1998 5570 vel

422 5612 609 5681 potius
628 5610 682 5666 in
699 5611 904 5669 foveam
923 5618 1120 5672 misere
1133 5614 1392 5671 detrudit.
1420 5611 1763 5681 Dispensatio
1775 5619 1860 5666 est
1880 5609 2005 5663 imi-

425 5707 558 5763 tatio
577 5701 773 5763 divinae
794 5707 1077 5763 charitatis
1095 5724 1215 5774 qua;
1239 5723 1303 5763 ex
1319 5705 1569 5762 faucibus
1593 5702 1780 5759 bestia:
1810 5709 1997 5759 contra

430 5816 529 5861 nos
561 5799 825 5875 rugientis
857 5800 1018 5872 eripit
1044 5816 1168 5857 cum
1194 5802 1289 5873 qui
1332 5801 1387 5858 in
1422 5815 1485 5857 eo
1530 5807 1775 5855 versatur
1814 5804 1873 5852 ut
1930 5794 1998 5850 ab

2120 4586 2321 4659 μηκέτι
2358 4584 2648 4655 ἁμάρτανε
2679 4598 2694 4614 ο
2746 4583 3007 4653 πρόσχες,
3057 4581 3133 4644 ὡς
3167 4579 3389 4645 κωλύει,
3416 4578 3517 4632 οὐκ
3569 4579 3690 4632 ἐπι-

2114 4680 2306 4746 τρέπει
2337 4676 2396 4731 τὺ
2425 4675 2773 4748 ἁμαρτάνειν
2807 4678 2922 4737 τοῖς
2946 4674 3042 4728 τοῦ
3078 4674 3264 4736 ἐλέους
3312 4671 3480 4725 αὐτοῦ
3513 4688 3691 4743 κατη-

2115 4767 2720 4840 ξιωμένοις.οῦμενουν
2748 4767 2871 4820 οὐδὲ
2898 4768 3129 4837 Πέτρος,
3147 4765 3261 4818 ἁλλ’
3293 4766 3416 4819 οὐδὲ
3446 4764 3685 4829 Παῦλος,

2112 4862 2234 4916 οὐδέ
2263 4879 2349 4924 τις
2383 4860 2544 4922 ἄλλος
2588 4859 2722 4913 ποτὲ
2750 4859 2909 4929 ὤφθη
2960 4857 3221 4928 παρορῶν
3268 4857 3367 4928 μὲν
3399 4857 3461 4911 τὸ
3499 4856 3687 4929 ἁμάρ-

2111 4970 2287 5024 τημα,
2315 4950 2393 5021 τῷ
2418 4951 2475 5004 δὲ
2503 4927 2877 5021 ἁμαρτάνοντι
2899 4927 2972 5003 τό
3003 4927 3299 5001 ἀνεύθυνον
3348 4927 3710 5022 ἐπαγγελλόέἰ

2116 5063 2297 5117 μενος.
2334 5043 2446 5099 Ποῦ
2483 5041 2686 5112 ταύτην
2726 5044 2827 5111 τὴν
2862 5044 3063 5097 ἄτοπον
3109 5042 3425 5111 οἰκονομίαν
3460 5040 3689 5110 ἐξεῦρες

2108 5139 2210 5208 τὴν
2234 5138 2337 5190 οὐκ
2392 5134 2805 5205 ἐλαφρύνουσαν
2830 5135 2891 5186 τὸ
2927 5134 3095 5205 βάρος
3140 5133 3236 5188 τοῦ
3284 5136 3688 5205 ἁμαρτήματος

2111 5231 2248 5292 ἀλλὰ
2276 5229 2579 5301 βαρύτερον
2618 5228 2747 5281 αὐτὸ
2775 5227 3077 5293 ποιοῦσαν;
3127 5228 3227 5299 τὴν
3271 5228 3346 5298 μὴ
3382 5226 3686 5291 σώζουσαν,

2109 5323 2246 5378 ἀλλὰ
2287 5324 2354 5391 τῇ
2385 5320 2634 5391 ἀπωλείᾳ
2665 5320 3100 5391 παραδιδοῦσαν;
3135 5320 3233 5388 τὴν
3278 5319 3354 5389 μὴ
3387 5318 3688 5388 καθαίρουο

2111 5414 2373 5478 σαν,άλλ’
2424 5413 2518 5466 ἐπὶ
2562 5414 2727 5466 πλέον
2757 5413 2850 5466 τὸν
2897 5414 3070 5484 ῥύπον
3113 5414 3539 5484 προστιθεῖσαν;
3585 5413 3685 5476 Τίς

2109 5524 2239 5561 ποτε
2275 5504 2530 5576 τοιαύτην
2570 5505 2883 5574 οἰκονομίαν
2924 5505 3055 5576 ἄχρι
3098 5505 3195 5558 τοῦ
3242 5506 3337 5558 νῦν
3371 5506 3549 5574 ἔγνως
3587 5508 3681 5559 οι-

2109 5598 2339 5669 κονομία
2387 5596 2486 5667 μὲν
2532 5596 2641 5667 γάρ
2690 5597 3044 5667 σωτηριώδης
3094 5598 3216 5651 ἐστὶ
3249 5597 3679 5670 συγκατάὸασις,

2109 5693 2357 5759 σώζουσα
2376 5692 2468 5744 τὸν
2494 5691 2883 5761 ἡμαρτηκότα,
2915 5692 3074 5761 χεῖρα
3120 5690 3375 5761 βοηθείας
3409 5691 3679 5762 ὀρέγουσα

2109 5790 2203 5843 καὶ
2252 5785 2527 5842 ἁνιστῶσα
2565 5782 2659 5839 τοῦ
2700 5782 2993 5855 πτώματος
3026 5783 3116 5838 τὸν
3168 5783 3424 5851 πεσόντα,
3451 5782 3573 5853 οὐχὶ
3603 5780 3678 5852 τῷ
