4038 6204
270 330 377 393 213
1724 333 2139 397 EPIS’I‘OLzE.
3424 337 3530 404 2M

272 442 531 510 πτώματι
606 441 980 511 ἐπιτρέπουσα
1053 442 1292 505 κεῖσθαι,
1357 442 1558 513 μᾶλλον
1606 444 1662 497 δὲ
1718 446 1854 517 πρὸς

1969 449 2067 506 illis
2096 448 2480 505 absorbeatur.
2510 449 2755 518 Eripitur
2797 460 2993 507 autem.
3025 467 3131 507 non
3173 455 3264 523 qui
3309 464 3534 523 peccato

271 533 509 587 ἐλεεινὸν
542 533 820 605 βάραθρον
875 536 1214 590 συνωθοῦσα.
1249 538 1547 606 Οἰκονομία
1589 539 1705 591 ἐστὶ
1757 540 1849 607 μί-

1969 542 2204 611 indulget
2228 582 2243 605 ,
2288 542 2385 597 sed
2416 543 2511 613 qui
2550 543 2748 598 divinae
2802 546 3231 615 dispensationis
3270 546 3534 602 beneﬂcio

274 641 440 694 μησις
471 626 570 691 τῆς
594 625 750 689 θείας
787 627 1225 699 φιλανθρωπίας,
1261 628 1592 699 ἁρπάζουσα
1626 631 1692 685 ἐκ
1728 633 1852 684 στό-

1969 634 2152 705 procul
2182 632 2399 704 aufugit
2432 643 2487 689 et
2521 635 2665 691 illius
2695 638 3017 693 instantiam
3059 637 3321 694 declinat.

272 735 441 787 ματος
472 718 568 773 τοῦ
588 720 710 773 καθ’
741 722 899 789 ἡμῶν
919 721 1235 792 ὠρυομένου
1269 720 1433 791 θηρὸς
1459 723 1552 776 τὸν
1576 723 1842 793 μέλλοντα
1880 725 1961 795 τῷ
2030 725 2245 780 ἐκείνου
2274 724 2505 797 ὀλεθρίῳ
2544 730 2943 784 καταπίνεσθαι
3027 732 3282 803 στόματι.
3330 730 3538 801 ’Δρπά-

269 810 422 872 ζεται
453 810 512 864 δὲ
549 812 769 877 πάντως
801 814 899 883 οὐχ
931 816 959 867 ὁ
987 816 1245 886 πράττων
1275 815 1374 886 τὴν
1395 818 1699 887 ἁμαρτίαν,
1759 819 1879 871 ἀλλ’
1918 823 1944 873 ὁ
1972 820 2178 891 ταύτης
2221 820 2343 891 θείᾳ
2406 821 2616 892 μεθόδῳ
2681 824 2783 893 τῆς
2833 826 3151 895 οἰκονομίας
3202 826 3391 897 πόρῤω
3436 839 3536 879 κατ

267 911 496 974 ταστὰς,
522 912 617 963 καὶ
646 911 746 984 τὴν
778 913 961 979 δίωξιν
992 915 1167 985 αὐτῆς
1201 917 1527 982 ἀποκλίνας.

339 1004 403 1053 Εἰ
435 1002 536 1071 μὲν
561 998 655 1055 οὖν
683 1004 741 1056 τὸ
771 1008 1004 1075 πρᾶγμα
1048 1008 1121 1076 μή
1154 1009 1302 1061 ἐστιν
1341 1009 1671 1079 ἁμάρτημα,
1712 1012 1848 1081 μηδὲ

270 1094 498 1164 πορνεία
527 1098 560 1166 η
592 1099 963 1167 τετραγαμία,
998 1100 1201 1169 μᾶλλον
1238 1102 1294 1155 δὲ
1354 1104 1518 1156 πλέον
1568 1108 1848 1176 πορνείας,

270 1188 408 1241 ἀλλὰ
469 1188 570 1257 τὴν
604 1189 770 1258 φύσιν
821 1192 1027 1263 ταύτης
1057 1194 1390 1263 ὲνήλλαξας;
1432 1198 1532 1250 Σον
1575 1198 1624 1251 δ’
1662 1198 1727 1251 ἂν
1763 1200 1849 1269 εἴη

271 1280 368 1329 καὶ
400 1277 561 1331 τοῦτο
592 1280 651 1331 τὸ
679 1280 957 1351 τόλμημα,
987 1282 1049 1336 τὺ
1081 1284 1182 1354 τὴν
1228 1285 1504 1355 ἁμαρτίαν
1550 1287 1626 1358 μὴ
1676 1288 1855 1342 δοκεῖν

272 1369 553 1439 ἁμαρτίαν
594 1370 871 1439 νομίζειν·
907 1371 1066 1435 ἄλλος
1112 1374 1179 1427 ἂν
1234 1376 1320 1446 είη
1365 1377 1544 1445 λόγος.
1580 1378 1639 1431 όν
1684 1381 1847 1449 ἡμεῖς

270 1462 395 1516 οὔτε
437 1462 808 1533 γινώσκομεν,
850 1464 977 1518 οὔτε
1021 1467 1382 1534 γνωσόμεθα·
1422 1469 1498 1540 μὴ
1526 1470 1583 1524 δὲ
1610 1470 1723 1541 γὰρ
1758 1474 1853 1541 γέ-

271 1572 419 1609 νοιτο
471 1556 718 1608 τοιοῦτον
750 1558 899 1627 ἡμᾶς
942 1559 1180 1629 πονηρὸν
1215 1561 1447 1631 μάθημα
1493 1565 1721 1631 γνῶναι,
1769 1566 1853 1617 ὅτι

271 1648 329 1699 τι
364 1647 711 1718 ἁμαρτάνειν
736 1648 838 1700 οὐκ
885 1647 1036 1701 ἔστιν
1067 1650 1429 1721 ἁμαρτάνειν.
1465 1654 1526 1705 Εἰ
1549 1652 1597 1706 δῖ
1628 1653 1704 1718 ὡς
1736 1654 1852 1706 ἔστι

271 1739 511 1805 φῦσεως,
533 1738 706 1802 οὕτως
738 1739 835 1793 καὶ
856 1740 1123 1812 διαμένει,
1141 1744 1237 1796 καὶ
1266 1744 1440 1807 οὐδεὶς
1469 1746 1602 1799 αὐτὸ
1623 1746 1849 1800 δύναται

270 1830 576 1901 διαμείὸειν
596 1831 817 1902 τρόπος,
846 1832 964 1886 οὐδὲ
988 1832 1085 1903 τὴν
1114 1835 1372 1906 πορνείαν
1397 1839 1573 1890 ποιεῖν
1602 1836 1676 1908 μὴ
1709 1834 1850 1892 εἷται

273 1924 559 1993 πορνείαν,
598 1925 691 1977 καὶ
720 1924 822 1995 τὴν
852 1923 1165 1992 ἀσέλγειαν,
1197 1926 1296 1980 καὶ
1334 1927 1428 1981 τὸν
1478 1928 1729 2000 κτηνὼδη
1758 1929 1854 1982 καὶ

271 2016 362 2069 τὸν
402 2014 641 2085 χοιρώδη
685 2014 880 2086 βίον,ῆ
918 2015 1082 2069 τοῦτο
1117 2012 1261 2071 εἶναι
1288 2020 1426 2089 ὅπερ
1464 2021 1584 2073 ἐστὶ
1619 2023 1713 2075 καὶ
1762 2023 1849 2076 λέ-

270 2125 453 2176 γεται,
493 2108 579 2171 τίς
614 2109 646 2176 ἡ
684 2108 1007 2178 παράδοξος,
1052 2109 1255 2179 μᾶλλον
1284 2112 1339 2164 δὲ
1367 2112 1612 2181 ὀλέθριος
1646 2115 1855 2167 οἰκονο-

274 2202 392 2272 μία,
426 2202 552 2271 ἥτις
585 2201 937 2272 ᾠκονόμηται
973 2219 1057 2256 σοι
1099 2202 1193 2255 ἐπὶ
1221 2206 1286 2274 τῇ
1328 2207 1393 2275 σῇ
1429 2206 1529 2274 μὲν
1569 2206 1856 2274 καταγνώ-

272 2312 377 2359 σει,
422 2296 519 2348 ἐπὶ
580 2294 868 2365 βαρυτέρῳ
895 2296 953 2348 δὲ
980 2298 1355 2367 κατακρίματι
1415 2298 1509 2351 τοῦ
1569 2298 1858 2362 δοκοῦντος

272 2390 358 2443 ἐπ’
394 2388 545 2458 αὑτῷ
568 2389 1033 2458 διοικονομεῖσθαί
1064 2407 1145 2444 σοι
1175 2391 1236 2442 τὸ
1265 2391 1642 2459 άσελγαίνειν;
1671 2393 1853 2446 Κακίαν

276 2482 377 2552 μὲν
416 2483 513 2535 καὶ
541 2481 715 2543 ἄλλως
745 2480 1012 2545 ἀπώλεια,
1041 2472 1141 2536 κᾶν
1169 2483 1261 2535 ὑπ’
1292 2484 1514 2551 ἀγνοίας
1537 2486 1617 2547 είς
1649 2485 1859 2556 ταύτην

273 2574 837 2645 περιπίπτοιμενστὸ
873 2574 930 2627 δὲ
991 2575 1086 2627 καὶ
1138 2575 1281 2643 μετὰ
1314 2576 1512 2646 τέχνης
1566 2579 1661 2631 καὶ
1719 2582 1859 2648 μετὰ

274 2668 636 2735 σοφισμάτων
672 2666 811 2733 πρὸς
837 2665 1046 2735 ταύτην
1078 2667 1273 2720 ἑαυτὸν
1303 2667 1554 2734 ὑπάγειν,
1594 2669 1765 2722 πόσου
1792 2669 1857 2723 ἄν

271 2777 358 2822 τις
399 2756 576 2811 κακοῦ
616 2756 1028 2827 ἀριθμήσεται;
1069 2756 1214 2825 Ἐγὼ
1257 2757 1359 2827 μὲν
1389 2761 1483 2809 καὶ
1522 2759 1575 2811 εί
1614 2742 1695 2821 τις
1732 2760 1859 2829 ἐμοὶ

276 2852 553 2913 πείθοιτο,
582 2851 782 2920 μᾶλλον
826 2849 883 2903 δὲ
916 2853 1028 2913 τοῖς
1087 2851 1253 2919 ίεροῖς
1301 2850 1510 2921 νόμοις,
1544 2855 1640 2905 καὶ
1688 2853 1858 2921 μετά-

274 2964 425 3000 νοιαν
476 2946 822 3015 ἀποδέχομαι
876 2946 988 2999 τῶν
1029 2946 1482 3016 ἁμαρτανόντων,
1515 2948 1609 3002 καὶ⁸
1654 2949 1861 3002 οἰκονο-

284 3041 414 3110 μίαν
448 3040 543 3093 ἐπὶ
589 3038 805 3101 τούτοις
836 3038 1013 3106 κυρῶ,
1051 3038 1185 3091 ἀλλὰ
1213 3038 1313 3110 τὴν
1335 3039 1641 3107 ἀπρακτεῖν
1673 3039 1862 3094 ποιοῦ·

2026 1011 2082 1064 Si
2118 1025 2204 1065 res
2237 1012 2338 1066 ista
2390 1025 2497 1064 non
2533 1018 2619 1063 est
2662 1017 2945 1079 peccatum
2968 1048 2982 1068 ,
3035 1006 3080 1061 si
3112 1015 3363 1075 quartum
3396 1022 3533 1063 con-

1953 1104 2179 1158 nubinm
2212 1120 2317 1158 non
2354 1102 2670 1168 fornicatio,
2708 1102 2819 1155 imo
2854 1102 2977 1169 plus
3001 1115 3163 1170 quam
3201 1100 3489 1157 foruieatio
3518 1117 3533 1155 :

1954 1209 2008 1252 tu
2056 1214 2193 1268 ergo
2221 1198 2340 1266 ejus
2395 1197 2633 1251 indolem
2669 1194 3012 1251 immutasti?
3063 1193 3120 1250 ln
3162 1203 3315 1250 tuum
3354 1206 3533 1251 autem

1954 1301 2119 1360 caput
2166 1292 2378 1346 recidat
2424 1306 2622 1345 ausum
2658 1290 2802 1344 istud
2834 1304 2944 1358 quo
2980 1297 3263 1358 peccatum
3296 1304 3401 1343 non
3436 1303 3536 1358 pro

1954 1395 2177 1455 peccato
2217 1384 2523 1439 habendum
2571 1384 2766 1438 definis
2802 1401 2821 1437 :7
2850 1382 3083 1437 fortasse
3127 1381 3273 1435 aliud
3319 1381 3537 1437 exsistit

1952 1486 2303 1548 praeceptum,
2348 1476 2492 1548 quod
2525 1490 2627 1531 nos
2657 1477 2935 1531 nescimus
2968 1488 3291 1544 semperque
3331 1474 3540 1529 nescie-

1953 1586 2119 1625 mus:
2172 1568 2317 1624 Deus
2376 1567 2521 1624 enim
2578 1577 2786 1623 avertat
2831 1577 2889 1621 ut
2939 1581 3181 1636 unquam
3232 1565 3535 1621 doctrinam
3622 1612 3625 1615 γ

1955 1675 2176 1731 pravam
2235 1660 2585 1716 addiscamns
2634 1675 2738 1730 qua
2792 1660 3037 1714 sancitur
3091 1666 3369 1728 peccatum
3428 1671 3535 1711 non

1955 1768 2073 1808 esse
2124 1761 2431 1822 peccatum.
2488 1751 2546 1805 Si
2596 1767 2723 1807 vero
2776 1766 2898 1821 qua:
2945 1759 3029 1805 est
3080 1758 3271 1804 natura
3307 1747 3535 1818 peccati,
3608 1746 3613 1749 ’

1958 1861 2173 1916 semper
2201 1846 2389 1901 eadem
2422 1845 2525 1900 erit
2572 1858 2747 1911 neque
2797 1844 2907 1898 ullo
2938 1843 3098 1897 modo
3129 1840 3407 1896 immutari
3438 1854 3538 1909 po-

1961 1946 2087 2000 test,
2141 1938 2213 1993 ita
2267 1946 2327 1992 ut
2364 1935 2784 1991 fornicationem
2833 1949 2939 1987 non
2976 1931 3386 1988 fornicationem
3418 1944 3539 1983 esse

1960 2045 2236 2100 numquam
2282 2029 2392 2084 dici
2422 2037 2609 2099 queat,
2641 2034 2733 2082 aut
2769 2006 3072 2089 lasciviam,
3113 2033 3168 2080 et
3205 2022 3370 2077 vitam
3403 2021 3538 2076 bru-

1959 2124 2118 2178 talem
2170 2131 2223 2177 et
2269 2123 2485 2177 suinam
2534 2121 2679 2175 aliud
2729 2119 2859 2189 quid
2907 2133 3070 2188 quam
3118 2117 3264 2187 quod
3300 2130 3425 2170 vere
3456 2123 3541 2170 est

1958 2223 2011 2268 et
2060 2222 2287 2268 vocatur
2336 2228 2642 2282 :quzenam
2703 2210 3004 2279 paradoxa,
3058 2206 3170 2262 imo
3232 2204 3535 2275 perniciosa

1958 2305 2295 2375 dispensatio
2323 2313 2428 2368 est,
2463 2319 2628 2374 quam
2669 2301 2803 2357 facis
2832 2303 2884 2354 in
2920 2310 3072 2354 tuam
3104 2296 3535 2357 damnationem,

1961 2400 2133 2453 multo
2182 2398 2363 2469 magis
2406 2405 2586 2452 autem
2634 2396 2687 2451 in
2739 2393 3251 2450 condemnationem
3281 2390 3401 2460 ejus
3444 2389 3535 2457 qui

1960 2490 2368 2559 dispensatione
2401 2498 2491 2545 tua
2548 2486 2833 2543 luxuriose
2865 2485 3047 2539 vivere
3083 2481 3183 2539 sibi
3227 2481 3339 2551 jam
3387 2487 3541 2549 putat

1962 2583 2170 2638 licere?
2222 2581 2409 2635 Perire
2462 2594 2677 2649 semper
2723 2576 2862 2631 mala
2917 2591 3005 2629 res
3057 2582 3159 2636 est,
3202 2570 3417 2627 etiarnsi
3446 2584 3538 2640 per

1964 2675 2319 2745 ignorantiam
2363 2686 2690 2742 pereamus;
2751 2669 2843 2725 sed
2895 2666 3153 2722 adhibitis
3180 2664 3412 2735 argutiis
3454 2674 3538 2719 at-

1963 2781 2069 2835 que
2098 2764 2349 2819 artiliciis
2382 2764 2447 2817 ad
2482 2763 2698 2817 ruinam
2734 2760 2887 2821 ferri,
2941 2768 3206 2829 quantum
3254 2773 3376 2813 esse
3426 2772 3540 2811 ma-

1965 2858 2077 2912 lum
2132 2854 2519 2925 reputabitur?
2558 2853 2670 2923 Ego
2720 2867 2962 2923 quoque,
3012 2852 3057 2907 si
3094 2851 3221 2921 quis
3256 2849 3409 2910 mihi,
3452 2850 3536 2903 vel

1964 2948 2147 3018 potius
2193 2942 2369 3002 sacris
2426 2942 2730 3001 canonibus
2766 2943 2923 2998 tidem
2978 2941 3216 3003 adhibet.
3270 2941 3539 3010 poeniten-

1966 3039 2095 3093 tiaun
2129 3047 2477 3106 peccatorum
2512 3036 2761 3098 admitto,
2814 3046 2867 3090 et
2910 3033 3373 3104 dispensationem
3404 3047 3540 3087 con-

283 3151 412 3198 σαν,
473 3133 537 3186 οὐ
598 3132 699 3201 τὴν
756 3131 1103 3202 ἐνεργεῖσθαι
1168 3130 1703 3200 παρασκευάζουσαν
1760 3132 1861 3200 τὴν

1969 3120 2122 3189 cedo.
2164 3131 2255 3185 sed
2283 3146 2402 3183 eam
2434 3145 2555 3199 quze
2588 3144 2618 3183 a
2656 3127 2890 3197 peccatis
2920 3126 3179 3181 desistere
3211 3126 3385 3195 jubet,
3430 3140 3537 3179 non

275 3222 582 3294 ἁμαρτίαν.
628 3221 924 3276 Ἀδύνατον
958 3221 1067 3292 γὰρ
1096 3222 1197 3290 τῆς
1246 3221 1527 3293 ἁμαρτίας
1582 3221 1859 3275 ἐπιτελουο

279 3317 450 3386 μένης
487 3315 585 3369 καὶ
636 3314 922 3385 διηνεκῶς,
960 3316 1268 3384 οἰκονομεῖν
1314 3330 1366 3367 τι
1416 3314 1552 3385 πρὸς
1581 3314 1860 3384 σωτηρίαν

279 3406 694 3476 ὑπολαμϐάνειν
751 3406 845 3459 τὸν
900 3406 1086 3459 ἄδειαν
1143 3404 1295 3475 αὑτῷ
1358 3406 1741 3477 παρεχόμενον
1793 3406 1860 3474 τῇ

277 3500 531 3571 ἁμαρτίᾳ
563 3499 731 3567 συζῆν
754 3516 767 3530 ο
810 3498 1243 3568 είρωνευομένου
1294 3499 1404 3567 γὰρ
1433 3498 1595 3552 τοῦτο
1635 3498 1861 3569 μᾶλλον,

277 3595 380 3647 ιοῦκ
400 3590 840 3661 οίκονομοΰντος,
860 3592 956 3645 καὶ
981 3591 1273 3655 παίζοντος
1291 3592 1389 3661 τὴν
1421 3593 1520 3663 τῆς
1548 3592 1866 3661 οἰκονομίας

282 3682 569 3752 βοήθειαν.

348 3777 417 3831 Τί
463 3776 546 3829 ετι
583 3776 677 3829 ὲπὶ
716 3775 1058 3847 προλαϐόντα
1107 3775 1295 3828 λοιπον
1346 3775 1442 3827 καὶ
1476 3775 1681 3846 ἀρχαῖά
1721 3791 1866 3837 τινες

284 3867 701 3935 καταψεὺγουσι
755 3858 1186 3939 πράγματα,ὧν
1238 3865 1462 3919 ἀτόπων
1511 3866 1868 3936 ὑπαρχόντων

285 3962 331 4011 οἱ
365 3961 489 4011 τότε
523 3958 796 4029 παρόντες
835 3961 893 4010 ἐν
926 3956 1026 4028 βίῳ
1070 3956 1401 4027 ἠνέσχοντο;
1449 3955 1593 4026 Ἐγὼ
1634 3958 1691 4009 δὲ
1722 3957 1873 4027 πρῶ-

285 4050 376 4103 τόν
400 4067 549 4119 φημι
578 4048 655 4111 ὡς
694 4048 795 4102 οὐκ
823 4048 1067 4116 ἀσφαλὲς
1096 4049 1283 4111 αὑτοίς
1323 4050 1443 4101 ἐκεῖ
1474 4048 1867 4117 καταφεύγειν,

286 4135 347 4194 οὗ
385 4143 529 4212 μήτε
583 4140 736 4195 θείαν
796 4140 978 4211 ψῆφον
1029 4140 1459 4211 πολιτευομένην
1502 4140 1697 4212 ὁρῶσι,
1733 4141 1871 4210 μήτε

290 4234 476 4303 κρίσιν
512 4233 572 4300 ἐξ
604 4232 911 4304 ἀνθρώπων
955 4234 1357 4304 ἐπαινουμένην
1395 4250 1409 4265 ο
1450 4231 1570 4296 πῶς
1608 4231 1752 4285 δ”ἆν
1784 4232 1870 4301 εῐη

289 4327 426 4380 θεοῦ
482 4327 690 4395 ψῆφος,
733 4326 767 4396 ἦ
814 4325 1008 4396 γνώμη
1064 4324 1370 4395 ἀνθρώπων
1419 4326 1516 4379 ἐπὶ
1578 4325 1872 4396 πράγμασι

291 4416 655 4487 προξενοῦσιν
713 4418 1005 4487 αἰσχύνην,
1042 4416 1307 4486 μέμψεως
1344 4416 1403 4470 δὲ
1452 4417 1578 4479 τοὺς
1633 4415 1872 4486 ἐργάτας

1968 3223 2078 3278 illis
2111 3222 2365 3277 insistere
2412 3221 2698 3290 permittit,
2750 3218 2853 3273 Ubi
2903 3219 3048 3273 enim
3103 3230 3384 3285 peccatum
3419 3232 3541 3287 per—

1966 3325 2129 3386 petuo
2172 3325 2225 3370 et
2256 3315 2375 3370 sine
2408 3313 2815 3370 intermissione
2848 3311 3026 3366 locum
3057 3310 3239 3377 habet,
3284 3310 3405 3365 fieri
3449 3324 3543 3365 ne-

1966 3408 2085 3477 quit
2116 3418 2175 3463 ut
2204 3408 2296 3461 ille
2335 3407 2428 3477 qui
2464 3405 2682 3461 veniam
2720 3404 2772 3458 in
2807 3402 3083 3473 peccando
3121 3402 3375 3471 pergendi
3404 3415 3539 3458 eon-

1966 3499 2132 3561 cedit,
2182 3500 2246 3553 ad
2295 3498 2528 3555 salutem
2566 3496 2868 3565 peccatoris
2900 3494 3106 3564 aliquid
3150 3491 3417 3556 conferat,
3468 3492 3543 3547 si—

1969 3593 2188 3662 quidem
2222 3592 2405 3662 potius
2453 3588 2686 3645 illudere
2733 3597 2787 3644 et
2836 3587 3087 3645 deridere
3124 3600 3287 3657 quam
3319 3585 3541 3657 dispen-

1969 3702 2093 3743 sare
2123 3685 2389 3741 auxilium
2417 3683 2652 3738 videtur.

2039 3776 2327 3845 Quomodo
2370 3776 2535 3846 igitur
2585 3773 2651 3827 ad
2697 3772 2919 3842 antiqua
2963 3770 3183 3841 quidam
3224 3768 3543 3840 confugiunt

1970 3881 2023 3926 et
2048 3873 2322 3941 praeterita
2356 3868 2557 3937 quibus
2592 3866 2684 3936 qui
2722 3875 2852 3920 tunc
2900 3864 3100 3928 vixere,
3149 3861 3400 3932 quamvis
3448 3860 3545 3915 ab-

1973 3963 2177 4027 surdis,
2224 3960 2607 4015 indulserunt?
2664 3958 2799 4013 Dico
2843 3957 3004 4027 igitur
3052 3956 3287 4026 primunt
3336 3955 3543 4010 nullam

1972 4054 2208 4109 existere
2237 4067 2461 4107 causam
2492 4051 2693 4121 justam
2743 4064 2843 4104 cur
2890 4048 3017 4103 illuc
3063 4047 3404 4117 confugiant,
3450 4048 3543 4102 ubi

1974 4162 2152 4216 neque
2201 4146 2442 4199 divinam
2498 4142 2781 4196 inveniunt
2831 4140 3317 4209 approbationem,
3371 4156 3547 4210 neque

1976 4236 2302 4291 laudabilem
2336 4234 2618 4289 hominum
2645 4233 3021 4287 assensionem
3061 4248 3075 4284 :
3106 4234 3381 4301 quomodo
3401 4233 3549 4288 enim

1976 4331 2119 4386 Deus
2148 4328 2325 4383 faveat
2355 4335 2449 4381 aut
2480 4326 2733 4380 homines
2776 4324 3147 4380 assentiamur
3194 4324 3359 4379 rebus
3393 4326 3548 4391 igno—

1979 4422 2227 4477 miniosis
2281 4419 2478 4489 quibus
2535 4418 2629 4488 qui
2697 4416 2918 4471 student
2966 4413 3291 4484 vituperiutn
3343 4416 3550 4472 evitare

292 4486 637 4581 ἐξαιρεῖσθαι
688 4508 764 4578 μὴ
819 4486 1181 4575 δυνάμένοιςς
1221 4508 1487 4577 Δεύτερον
1522 4508 1577 4562 δὲ
1600 4509 1681 4562 ὅτι
1722 4507 1798 4579 μὴ
1831 4507 1864 4560 δ

1984 4486 2524 4583 nequeunt‘lDeindc
2548 4486 2827 4581 indignum
2853 4509 2983 4565 mihi
3010 4510 3245 4573 videtur,
3279 4509 3325 4565 si
3352 4512 3553 4580 posteri

293 4606 445 4671 ἄξιον
478 4604 534 4657 ετ
568 4618 622 4656 τι
653 4602 843 4674 πόρῤω
885 4600 979 4655 τοῦ
1016 4601 1320 4672 πρέποντος
1352 4603 1466 4663 τοῖς
1495 4601 1875 4672 ἀρχαιοτέροις

296 4698 582 4767 ἐπράχθη,
604 4695 764 4750 τοῦτο
806 4694 1165 4765 παράδειγμα
1204 4693 1479 4747 ποιεῖσθαι
1519 4694 1647 4756 τοὺς
1682 4693 1879 4747 νεωτέ-

299 4808 421 4858 ρους
448 4806 465 4822 σ
502 4789 746 4859 λήσομεν
797 4786 908 4858 γὰρ
961 4786 1209 4849 ἑαυτοὺς,
1237 4784 1415 4839 πολλὰ
1462 4782 1570 4838 τῶν
1601 4783 1880 4847 κολάσεως

297 4882 462 4945 ἀξίων
514 4883 599 4943 είς
633 4880 735 4949 τὴν
785 4879 908 4933 καθ’
945 4881 1091 4949 ἡμᾶς
1140 4877 1337 4946 γενεὰν
1370 4876 1687 4946 εἰσάγοντες
1709 4891 1725 4909 ·
1758 4876 1877 4930 ἀλλ’

298 4974 393 5028 οὐκ
424 4974 549 5027 ἔστι
599 4972 761 5026 τοῦτο
804 4972 1068 5039 φιλοθέων
1108 4970 1340 5040 ἀνδρῶν,
1367 4970 1489 5022 οὐδὲ
1542 4968 1689 5039 ζωὴν
1742 4970 1879 5037 ἀγα.

298 5068 526 5121 πώντων
587 5065 833 5135 θεοφιλῆ.
875 5063 1077 5126 Κακῶς
1105 5059 1203 5115 οὖν
1232 5062 1329 5117 καὶ
1366 5062 1528 5115 τοῦτο
1545 5062 1793 5130 λέγεται,
1820 5061 1882 5115 τὸ

299 5160 428 5229 πρὸς
474 5158 547 5210 τά
597 5155 950 5226 πρεσϐύτερα
991 5153 1103 5206 τῶν
1161 5153 1581 5224 ἁμαρτημάτων
1639 5152 1882 5222 ὁρῶντας

302 5249 597 5314 βούλεσθαι
658 5248 756 5301 καὶ
815 5247 968 5317 ἡμᾶς
1016 5246 1398 5315 ἁμαρτάνειν
1461 5244 1558 5299 καὶ
1615 5242 1755 5299 διότι
1807 5244 1880 5314 μὴ

300 5342 514 5410 εὖαγῶς
581 5342 612 5394 ό
664 5340 899 5407 δεῖνα,ἢ
945 5339 1026 5392 ὅτι
1079 5338 1366 5406 ἄνθρωπος
1425 5335 1502 5389 ὢν
1557 5336 1882 5406 παρηνέχθη

302 5435 434 5504 πρὸς
494 5433 709 5501 φαύλην
760 5429 981 5499 πρᾶξιν,
1017 5428 1107 5482 διὰ
1158 5428 1317 5482 τοῦτο
1371 5431 1466 5482 καὶ
1523 5429 1692 5499 ἡμᾶς.
1726 5426 1776 5480 εί
1829 5445 1882 5480 τι

303 5529 509 5596 φαῦλον
574 5528 905 5590 ἀνακόπτει,
961 5524 1120 5579 τοῦτο
1180 5522 1597 5592 καταδέχεσθαι.
1656 5517 1767 5575 Ἶιν
1822 5520 1881 5574 δὲ

304 5622 528 5691 ἄμεινον
562 5623 661 5677 καὶ
694 5621 877 5692 πολλῷ
905 5621 1132 5691 ἄμεινον
1163 5618 1324 5672 τοῦτο
1377 5618 1497 5669 καὶκ
1531 5618 1751 5687 φρονεῖν
1784 5615 1882 5668 καὶ

302 5716 486 5785 λέγειν
510 5717 588 5777 ὡς
610 5713 802 5785 instat)
851 5715 1030 5768 ἐκεῖνο
1062 5714 1249 5776 κακῶς
1288 5706 1561 5781 ἐπράχθη,
1592 5708 1673 5762 δεῖ
1703 5706 1879 5761 ταῦτα

308 5807 450 5860 κατᾶ
507 5807 602 5861 τὸν
661 5804 1013 5877 προσήκοντα
1046 5804 1204 5873 λόγον
1248 5796 1688 5871 διαπεπρᾶχθαι’
1718 5795 1882 5852 τοῦτο

1985 4609 2035 4662 id
2073 4607 2219 4677 quod
2264 4604 2503 4675 majores
2536 4604 2821 4661 inhoneste
2864 4602 3133 4668 fecerunt,
3181 4602 3327 4657 velut
3369 4617 3555 4658 exem-

1980 4698 2125 4768 plum
2163 4686 2621 4752 imitandum'sibi
2658 4702 2967 4765 proponant
3002 4709 3016 4747 :
3054 4693 3135 4750 sic
3178 4693 3323 4749 enim
3352 4694 3435 4750 vel
3470 4696 3555 4750 in-

1981 4788 2080 4844 scii
2102 4787 2270 4843 multa
2294 4802 2415 4856 quae
2432 4785 2727 4856 vituperari
2758 4799 2821 4840 ac
2843 4784 3023 4855 puniri
3046 4784 3260 4850 debent,
3284 4786 3428 4855 apud
3459 4801 3558 4843 nos

1985 4876 2457 4933 introduceremus
2490 4893 2505 4932 :
2539 4876 2646 4931 hoc
2668 4884 2846 4931 autem
2879 4874 3194 4945 neutiquam
3243 4884 3330 4931 est
3379 4877 3555 4931 homi-

1986 4984 2116 5023 num
2171 4967 2267 5038 qui
2323 4967 2491 5022 Deum
2539 4966 2770 5037 diligunt
2820 4975 2874 5022 et
2926 4966 3051 5021 vita:
3102 4968 3287 5037 proba:
3334 4982 3554 5034 operam

1987 5068 2207 5115 navant.
2244 5059 2665 5129 lmprobandum
2697 5073 2827 5127 ergo
2855 5058 2983 5124 erit,
3018 5057 3063 5113 si
3118 5072 3218 5112 nos
3261 5056 3556 5126 respicien-

1988 5160 2070 5204 tes
2101 5152 2169 5203 ad
2196 5163 2261 5204 ea
2293 5164 2412 5219 quae
2450 5147 2687 5217 majores
2719 5146 2859 5203 male
2885 5154 3137 5219 egerunt,
3187 5156 3237 5203 et
3285 5146 3386 5216 ipsi
3427 5160 3555 5216 pec-

1985 5256 2110 5296 care
2140 5240 2297 5295 nobis
2336 5240 2495 5295 licere
2528 5238 2900 5309 putaverimus
2933 5255 2947 5304 ;
2996 5248 3091 5294 aut
3136 5238 3264 5308 quia
3311 5236 3556 5293 nonnulli

1987 5349 2095 5403 qua
2130 5332 2383 5387 homines
2430 5331 2497 5386 ad
2548 5330 2693 5385 mala
2742 5330 2983 5386 facinora
3038 5344 3159 5384 sese
3204 5329 3377 5398 abripi
3411 5330 3556 5399 passi

1988 5434 2138 5489 sunt,
2172 5425 2295 5479 ideo
2314 5424 2479 5479 etiam
2509 5438 2610 5479 nos
2639 5423 2866 5488 malum,
2890 5422 3199 5490 ubicunque
3221 5422 3554 5499 apparuerit,

1988 5519 2141 5588 sequi
2195 5518 2551 5573 voluerimus.
2609 5516 2723 5571 lmo
2782 5515 2827 5570 si
2878 5514 3004 5584 quid
3058 5513 3198 5567 male
3240 5523 3419 5570 actum
3470 5524 3557 5569 est

1988 5609 2142 5668 olim.
2197 5607 2371 5662 multo
2402 5606 2600 5663 melius
2639 5605 2743 5661 erit
2778 5605 3015 5674 cogitare
3043 5617 3108 5659 ac
3158 5603 3362 5671 dicere,
3408 5605 3554 5675 quod

1991 5700 2097 5754 hoc
2127 5700 2260 5754 bene
2285 5708 2339 5754 et
2373 5698 2449 5754 uti
2484 5697 2639 5753 decet
2661 5696 2840 5753 facere
2869 5709 2969 5750 nos
2992 5703 3257 5763 oporteat,
3288 5696 3554 5766 siquidem

1990 5792 2133 5864 apud
2188 5807 2381 5849 omnes
2436 5792 2503 5848 de
2559 5792 2662 5846 hoc
2720 5796 2956 5858 constat,
3011 5791 3194 5861 pejora
3252 5788 3560 5846 nullatenus
