4038 6204
420 317 522 378 2λὸ

1544 304 1861 365 NlCtlLAl
1906 302 2015 360 (ΣΡ.
2060 298 2499 358 I’ATRIARCII
2530 296 2572 353 E

3561 284 3667 348 216

414 438 536 479 esse
580 418 864 486 imitanda,
900 419 1010 473 imo
1056 427 1300 474 nostrum
1350 431 1495 480 esse,
1534 412 1814 485 pejorilms
1858 426 1990 476 cog-

2120 413 2204 481 ’ἄρ
2236 410 2434 473 κοινῶς
2459 406 2615 477 παρὰ
2644 405 2778 458 πᾶσι
2803 402 3016 473 κρατεῖ.
3036 400 3099 453 τὸ
3130 399 3208 469 μὴ
3238 396 3371 468 πρὸς
3405 395 3471 449 τὰ
3501 398 3673 467 χείρω

416 516 567 577 nilis,
627 512 692 565 ad
748 513 848 565 hoc
895 519 1161 580 quantum
1211 511 1263 563 in
1320 510 1476 563 nobis
1525 517 1609 561 est
1650 505 1986 567 incumbere,

416 625 485 664 ne
517 608 707 662 eodem
745 605 1108 674 abripiamur,
1160 604 1255 659 scd
1308 583 1487 673 potius
1539 600 1606 654 ad
1636 597 1861 653 meliora
1909 596 1992 651 in-

413 701 697 756 clinemus.

487 793 628 859 Quid
670 792 833 861 igitur
876 790 1009 845 mihi
1049 802 1450 843 commemoras
1488 785 1869 841 Valentianum
1900 793 1995 837 aut

417 886 583 941 alium
636 882 1059 953 quemcunque?
1112 881 1168 935 Si
1221 882 1364 935 enim
1418 880 1563 935 illius
1606 878 1803 934 factum
1834 875 1994 930 laude

418 986 502 1034 est
533 976 781 1047 dignum,
833 973 1034 1028 imitari
1061 973 1344 1035 debemus,
1376 980 1430 1024 ut
1463 970 1651 1025 eadem
1685 968 1844 1023 laude
1876 966 1996 1034 dig-

422 1084 522 1123 nos
549 1083 649 1122 nos
677 1065 969 1119 reddamus
1005 1082 1021 1118 :
1054 1064 1099 1118 si
1145 1078 1273 1118 vero
1322 1061 1739 1131 vituperandum
1793 1067 1878 1113 est
1928 1070 1994 1111 ac

420 1158 848 1229 reprobandum,
879 1156 1007 1227 quid
1060 1156 1220 1225 jubes
1262 1172 1348 1211 me
1395 1156 1571 1210 facere
1620 1169 1742 1223 quae
1793 1152 1889 1208 tibi
1931 1166 1996 1206 ac

423 1253 582 1308 nobis
633 1250 798 1307 simul
845 1250 900 1303 in
952 1249 1282 1318 vituperium
1332 1248 1569 1303 cedunt?
1638 1246 1707 1300 At
1765 1244 1992 1314 (inquis)

424 1344 808 1401 sanctissimus
830 1341 1098 1397 Damasus
1129 1341 1369 1396 admisit.
1396 1339 1602 1406 Quodsi
1626 1339 1766 1393 hanc
1787 1336 1997 1406 opinio-

428 1453 551 1492 nem
583 1445 697 1491 toto
727 1434 912 1490 animo
942 1433 1178 1504 suscipis
1229 1447 1460 1503 eamque
1506 1432 1646 1487 bene
1692 1444 1751 1485 se
1798 1428 1998 1484 habere

424 1528 726 1592 existimas.
779 1528 970 1599 quidni
1010 1542 1076 1583 eo
1121 1542 1293 1596 usq-ne
1322 1525 1664 1596 progrederis
1692 1532 1754 1578 ut
1783 1522 1998 1577 sancias

426 1620 591 1675 licere
617 1621 755 1675 duas
800 1634 1004 1674 uxores
1050 1619 1211 1672 simul
1243 1617 1479 1672 habere?
1525 1616 1629 1672 Sed
1675 1615 1778 1670 hoc
1804 1615 1999 1685 dogma

428 1712 670 1768 declinas
730 1727 913 1781 neque
959 1712 1038 1766 sic
1071 1711 1167 1765 tibi
1201 1710 1435 1763 videtur.
1483 1708 1538 1764 Si
1587 1707 1752 1778 igitur
1797 1721 1863 1760 eo
1910 1721 2001 1759 us-

2095 506 2193 573 τὴν
2230 503 2465 574 μίμησιν
2518 498 2815 558 ποιεῖσθαι,
2856 495 2973 548 ἀλλ’
3014 494 3112 562 ὅση
3168 492 3403 554 δύναμις
3446 490 3510 540 ἐκ
3572 490 3672 556 τῆς

2097 599 2205 650 τῶν
2256 597 2522 666 χειρόνων
2566 589 2908 659 κατηγορίας
2952 581 3354 650 ἁσφαλίζεσθαι
3387 582 3535 649 ἡμᾶς
3568 580 3674 633 αὖ-

2097 692 2247 754 τοὺς,
2283 688 2358 759 μὴ
2396 688 2511 751 τοῖς
2561 687 2698 747 ῐσοις
2743 681 3091 754 περιπεσεῖν,
3126 675 3263 730 ἀλλὰ
3298 674 3501 744 μᾶλλον
3536 673 3674 743 προς

2100 784 2164 838 τὰ
2195 781 2442 852 βελτίονα
2470 777 2761 849 φέρεσθαι.

2173 875 2238 929 Τί
2297 874 2390 927 οὖν
2444 889 2535 942 μοι
2582 870 2676 923 τὸν
2721 863 3117 922 Οὑαλεντιανὶν
3167 861 3463 931 παράγεις,
3507 859 3540 928 ἢ
3585 856 3680 910 τὸν

2100 972 2247 1025 δεῖνα
2293 966 2390 1021 καὶ
2420 966 2512 1018 τὸν
2541 963 2717 1027 δεῖνας
2756 960 2818 1014 El
2848 959 2947 1028 μὲν
2978 958 3011 1027 ἡ
3048 953 3240 1010 τοῦτον
3274 950 3475 1021 πρᾶξις
3509 950 3677 1001 ὲπαι-

2102 1063 2250 1131 νετὴ,
2287 1054 2659 1128 μιμησὼμεθα
2716 1052 2807 1104 καὶ
2861 1049 3044 1120 ἡμεῖς,
3076 1046 3163 1099 ἴνα
3214 1044 3322 1097 τῶν
3355 1041 3485 1094 ἴσων
3522 1039 3681 1093 ἑπαιο

2053 1169 2061 1183 ’
2102 1171 2209 1207 νων
2257 1148 2796 1219 κληρονομήσωμενο
2833 1142 2882 1195 εί
2928 1140 2985 1194 δὲ
3040 1139 3232 1210 μῶμον
3282 1136 3395 1205 ἔχει
3436 1135 3531 1189 καὶ
3560 1134 3682 1187 δια-

2105 1246 2392 1315 ϐέϐληται,
2433 1242 2485 1296 τί
2519 1257 2585 1310 με
2642 1238 2817 1292 ποιεῖν
2867 1231 3224 1304 προτρέπεις,
3255 1227 3292 1282 ἃ
3318 1227 3413 1280 καὶ
3448 1225 3532 1278 σοὶ
3581 1223 3682 1292 τὴν

2103 1337 2359 1409 διαϐολὴν
2389 1334 2485 1389 καὶ
2522 1333 2654 1402 ἡμῖν
2697 1329 2892 1399 φέρει;
2941 1324 3082 1379 Ἀλλ’
3120 1320 3340 1386 ἐδέξατο
3371 1318 3623 1386 Δάμασος
3656 1315 3684 1366 ὁ

2106 1431 2435 1501 ἁγιώτατοςο
2469 1427 2531 1480 Εἰ
2580 1424 2680 1493 τὴν
2730 1416 3050 1491 παραδοχὴν
3095 1415 3193 1488 ὅλῃ
3240 1412 3388 1483 ψυχῇ
3437 1408 3685 1501 am?!“

2105 1498 2203 1579 καὶ
2228 1519 2471 1591 νομίζεις
2492 1516 2663 1584 αὐτὴν
2694 1513 2880 1575 καλῶς
2902 1510 3071 1580 ἔχειν,
3103 1506 3157 1560 τί
3198 1503 3293 1559 καὶ⁹
3328 1504 3391 1556 σὺ
3428 1501 3505 1570 μὴ
3544 1498 3683 1591 θαρ-

2108 1620 2210 1688 (θῇς
2256 1590 2649 1680 δυσὶηγυναιξλ⁵
2694 1603 2837 1661 κατὰ
2884 1601 2945 1655 τὸ
2979 1599 3112 1655 αὐτὸ
3146 1599 3388 1651 συνεῖναι
3425 1590 3689 1659 δογματί-

2108 1683 2261 1776 'céw;
2302 1704 2465 1761 Ἀλλὰ
2491 1701 2718 1771 φεύγεις
2750 1696 2812 1751 τὸ
2837 1696 3039 1765 δόγμα,
3074 1694 3170 1745 καὶ
3191 1690 3291 1743 οὐκ
3318 1688 3382 1743 ἄν
3416 1702 3500 1739 σοι
3522 1683 3689 1738 τοῦτο

429 1818 536 1871 que
562 1817 671 1857 non
714 1802 987 1871 procedis,
1036 1810 1085 1854 te
1117 1815 1227 1854 rem
1260 1801 1430 1869 ipsam
1468 1797 1696 1868 rejicere
1721 1805 1774 1851 et
1804 1796 2004 1851 admis-

2120 1769 2258 1871 iam:
2278 1769 2556 1868 Οΰμενουν
2585 1794 2686 1846 οὐκ
2724 1785 3119 1863 ἂνάρνηθείης
3148 1780 3502 1854 προτρέπειν,
3524 1776 3689 1843 δῆλος

430 1894 639 1949 sionem
674 1893 816 1948 haud
851 1894 1047 1947 bonam
1094 1907 1217 1948 esse
1263 1890 1474 1961 opinari
1529 1900 1772 1960 apparet.
1826 1890 2005 1943 Aaron

430 1986 559 2040 olim
586 1985 789 2042 vitulos
827 1985 1056 2050 eﬂinxit,
1100 1993 1154 2040 et
1184 1985 1324 2041 Deus
1362 1986 1462 2038 hoc
1494 1983 1607 2038 fieri
1654 1983 1802 2049 sivit,
1839 1983 2008 2051 siqu?-

433 2080 554 2132 dem
585 2078 675 2133 ille
707 2094 897 2149 pinnas
928 2077 1072 2133 haud
1106 2078 1285 2133 solvit.
1337 2076 1459 2133 1am
1483 2092 1614 2132 vero
1640 2076 1873 2131 Aaronis
1906 2075 2011 2129 im-

435 2171 654 2237 punitas
701 2170 809 2225 illis
852 2170 943 2240 qui
991 2179 1175 2239 postea
1223 2169 1425 2225 vitulos
1474 2169 1829 2224 eﬂhrmavere
1872 2166 2009 2221 nihil

436 2266 641 2334 profuit
664 2264 795 2335 quin
829 2265 991 2334 hujus
1018 2264 1279 2319 facinoris
1314 2279 1504 2334 pmnas
1535 2262 1746 2317 darent.
1778 2260 2012 2316 Videsne

436 2374 533 2413 eos
563 2372 795 2427 quorum
840 2372 929 2412 res
976 2356 1116 2411 male
1148 2356 1346 2410 habent
1382 2356 1456 2410 nil
1491 2356 1625 2410 Ιιιειί
1664 2355 1789 2410 inde
1820 2367 2013 2423 capere

435 2450 480 2504 si
534 2450 606 2505 ad
635 2450 907 2521 majorum
960 2460 1183 2520 peccata
1239 2448 1599 2518 confugiant?
1645 2446 1744 2501 Cui
1791 2449 1935 2500 bono
1958 2452 2017 2499 et

436 2542 623 2597 civiles
649 2543 797 2613 leges
825 2553 878 2597 et
909 2542 1078 2597 divini
1116 2556 1355 2596 canones
1387 2539 1679 2602 ferrentur,
1719 2538 1765 2594 si
1796 2552 1861 2593 ea
1893 2550 2015 2606 qua:

437 2635 567 2690 olim
615 2635 991 2701 obtinuerunt,
1044 2649 1274 2706 prorsus
1322 2632 1543 2701 impune
1598 2630 1800 2684 imitari
1847 2628 2014 2683 debe-

440 2727 661 2783 remus?
711 2727 986 2783 Feruntur
1014 2741 1146 2781 sane
1174 2725 1319 2788 ideo.
1365 2738 1433 2779 ne
1460 2724 1710 2779 homines
1743 2722 1835 2792 qui
1871 2729 2019 2776 vete-

441 2820 594 2874 ribus
640 2821 883 2889 peccatis
930 2818 1245 2880 illabnntur,
1282 2816 1358 2870 uti
1410 2815 1624 2883 possint
1656 2814 1761 2868 hac
1788 2828 2018 2867 excusa-

439 2913 588 2967 tione
622 2928 637 2964 :
675 2912 829 2977 Quod
858 2910 1109 2979 peccavi,
1156 2909 1261 2962 hoc
1303 2906 1435 2961 mibi
1463 2922 1586 2960 cum
1623 2905 1807 2974 aliquo
1841 2904 2018 2973 majo-

443 3019 562 3057 rum
597 3016 888 3058 commune
918 3011 1022 3057 εει.

516 3190 634 3243 Non
660 3188 896 3244 absolvit
921 3187 1102 3258 igitur,
1137 3202 1170 3240 ο
1203 3186 1421 3247 fratres.
1453 3194 1745 3255 prmtcxtus
1789 3185 1889 3241 iste
1926 3201 2020 3241 eos

446 3285 539 3354 qui
596 3284 662 3336 ad
714 3282 846 3335 illud
893 3280 1219 3350 confugiunt
1261 3288 1314 3333 et
1360 3278 1487 3334 inde
1533 3291 1787 3348 quartum
1818 3294 2025 3334 connu-

444 3377 596 3430 binm
627 3374 873 3429 Stabilire
937 3381 1229 3435 conantur,
1280 3370 1376 3426 sed
1432 3368 1616 3440 potius
1669 3371 2020 3436 condemnat,

444 3468 572 3537 quia
600 3480 707 3520 non
734 3474 901 3527 recta,
939 3464 1033 3518 sed
1067 3462 1297 3531 obliqua
1357 3462 1444 3515 via
1482 3475 1568 3516 res
1598 3461 2021 3527 ecclesiasticas,

447 3575 569 3629 qua:
607 3572 821 3627 semper
869 3555 1189 3610 rectissima;
1249 3569 1372 3609 esse
1409 3553 1635 3618 debent,
1709 3552 2026 3621 dispensare

449 3652 686 3708 student.
721 3651 889 3705 Porro
925 3649 968 3703 si
1007 3649 1128 3718 quis
1176 3663 1460 3703 servorum
1525 3657 1765 3710 tuorum,
1805 3646 2026 3717 quando

450 3746 670 3799 domum
697 3752 789 3796 aut
812 3751 1014 3795 vestem
1052 3739 1348 3809 polluit,ad
1393 3739 1558 3794 alium
1593 3739 1685 3809 qui
1718 3739 1857 3793 idem
1878 3738 2026 3808 prius

452 3836 640 3891 fecerit
673 3850 792 3891 sese
840 3833 1089 3888 referens
1124 3832 1324 3888 dixerit
1355 3850 1369 3887 :
1407 3832 1682 3898 Quoniam
1735 3831 1874 3885 alius
1902 3830 2028 3901 quis

451 3942 839 3981 conservorum
878 3940 1125 3984 meorum
1173 3925 1315 3980 idem
1352 3924 1648 3990 commisit,
1711 3923 1833 3978 ideo
1862 3924 2026 3979 etiam

454 4021 586 4075 mibi
633 4020 739 4075 hoc
774 4019 957 4075 facere
1018 4019 1192 4081 licuit.
1255 4019 1397 4073 hanc
1459 4018 1870 4074 excusationem
1919 4033 2026 4074 non

453 4115 731 4175 admittes.
776 4112 870 4168 sed
902 4110 1199 4182 castigabis
1249 4126 1315 4165 ac
1341 4108 1657 4165 verberabis
1696 4123 1763 4164 eo
1794 4108 1938 4179 quod
1961 4107 2029 4163 ad

455 4207 618 4261 talem
691 4205 972 4262 licentiam
1030 4203 1379 4276 processerit,
1459 4217 1581 4259 cum
1666 4201 1847 4271 potius
1908 4208 2032 4270 post

455 4298 707 4355 conservi
741 4313 984 4354 errorem
1031 4312 1060 4350 a
1115 4296 1207 4351 tali
1237 4295 1483 4351 facinore
1548 4293 1655 4349 sibi
1713 4306 1910 4348 cavere
1936 4290 2033 4346 de-

457 4392 658 4448 buerit.
687 4391 819 4457 Qua:
853 4407 982 4446 vero
1018 4390 1072 4444 in
1100 4388 1346 4444 Ecclesia
1372 4387 1513 4441 male
1542 4394 1803 4457 aguntur,
1856 4373 2030 4452 majo-

2060 1928 2075 1939 -
2111 1892 2162 1947 εἴ
2192 1868 2624 1958 καταγινώσκων
2646 1882 2741 1937 τοῦ
2774 1881 3125 1952 πράγματος.
3151 1875 3247 1949 καὶ
3281 1873 3381 1943 τὴν
3415 1868 3695 1937 ἀποδοχὴν

2116 1984 2190 2056 μὴ
2213 1982 2383 2053 καλὴν
2413 1974 2578 2033 οὖσαν
2604 1971 3034 2043 ὑπολαμϐάνειν.
3077 1959 3520 2036 Ἐμοσχοποίησέ
3554 1974 3691 2012 ποτε

2125 2075 2362 2146 Ἀαρὼν,
2424 2071 2521 2124 καὶ
2585 2066 2937 2136 συνεχώρησε
3012 2059 3175 2113 τοῦτο
3248 2056 3423 2119 Θεόςο
3469 2054 3530 2105 ού
3580 2052 3693 2120 γὰρ

2115 2142 2333 2237 ὑπήχθη
2359 2167 2425 2235 τῇ
2455 2163 2604 2234 δίκῃ.
2635 2159 2749 2214 ἀλλ’
2778 2157 2878 2211 οὐκ
2924 2156 3161 2226 ἤρκεσεν
3200 2151 3314 2211 τοῖς
3354 2145 3494 2217 μετὰ
3519 2142 3699 2197 ταῦτα

2118 2255 2513 2333 μοσχοποιοῦσι
2544 2253 2605 2306 τὸ
2633 2249 2728 2305 τοῦ
2774 2247 2987 2319 Ἀαρὼν
3013 2245 3442 2309 ἀκατάγνωστον
3494 2238 3575 2299 εἰς
3630 2234 3697 2285 τὸ

2119 2326 2194 2423 μὴ
2227 2326 2423 2402 -δοῦναι
2468 2346 2629 2413 δίκην
2678 2342 2781 2413 τῆς
2818 2337 3194 2409 μοσχοποιίας.
3227 2332 3393 2402 Ὁρᾷς
3430 2327 3547 2391 πῶς
3589 2326 3695 2423 ούχ

2120 2416 2302 2496 ίκανδν
2328 2440 2442 2500 τοῖς
2475 2437 2550 2507 μὴ
2581 2434 2763 2496 καλῶς
2792 2431 2857 2485 τὰ
2892 2430 3071 2483 οἰκεῖα
3117 2421 3517 2491 διατιθεμένοις
3549 2416 3693 2485 πρά-

2117 2552 2304 2606 γματα
2348 2528 2746 2601 ὲπανατρέχειν
2790 2527 2869 2587 είς
2898 2520 3307 2592 προγενέστερα
3358 2511 3705 2582 «palpata;

2119 2605 2278 2693 Τίνος
2302 2628 2358 2682 δὲ
2384 2626 2547 2697 χάριν
2576 2624 2671 2677 καὶ
2695 2617 2966 2673 πολιτικοὶ
2997 2615 3154 2684 νόμοι
3180 2613 3275 2666 καὶ
3299 2612 3435 2663 θεῖοι
3470 2605 3701 2666 κανόνες

2120 2722 2479 2783 ὲκτέθεινται,
2529 2716 2579 2769 εί
2627 2714 2696 2768 τὰ
2757 2709 3102 2784 προλαϐόντα
3148 2700 3265 2775 εἶχε
3315 2703 3415 2768 τὴν
3460 2700 3701 2769 μίμησιν

2120 2816 2529 2882 ἁκατάκριτον;
2571 2804 2737 2861 ’Δλλὰ
2787 2801 3013 2863 σκοπὸς,
3068 2800 3156 2853 ἵνα
3210 2798 3285 2868 μὴ
3325 2798 3441 2857 τοῖς
3492 2791 3706 2862 προλα-

2122 2907 2309 2961 ϐοῦσιν
2349 2901 2720 2974 ἁμαρτήμασι
2775 2894 3202 2966 περιπίπτοντες
3252 2888 3556 2959 ἄνθρωποι,
3604 2900 3705 2935 κα-

2120 2996 2446 3067 ταφεύγοιεν
2473 2993 2554 3051 είς
2589 2987 2908 3056 ἀπολογίαν,
2936 2984 3011 3048 ὠς
3035 2983 3094 3037 τὸ
3131 2979 3523 3054 ἡμαρτημένιν
3550 2974 3706 3044 ἐμοὶ,

2064 3125 2088 3142 ς
2123 3089 2220 3144 καὶ
2249 3088 2394 3156 ἄλλῳ
2423 3084 2531 3138 τινὶ
2565 3078 2981 3150 προγενεστὲρῳ
3016 3074 3391 3143 ἐξείργασται.

2196 3180 2311 3232 Οὐκ
2340 3153 2569 3230 ἀπολύει
2599 3167 2715 3234 οὖν,
2748 3168 2993 3235 ἀδελφοὶ,
3021 3164 3130 3217 οὐδ’
3168 3164 3200 3231 ή
3253 3161 3526 3232 πρόφασις
3560 3153 3707 3222 α’ύτη

2123 3274 2253 3336 τοὺς
2305 3266 2755 3337 καταφεύγοντας
2806 3262 2894 3314 ἐπ’
2923 3259 3117 3325 αὐτὴν,
3154 3256 3255 3311 καὶ
3294 3255 3383 3307 διὰ
3415 3249 3573 3305 τοῦτο
3607 3248 3707 3300 σύ-

2127 3380 2317 3419 στασιν
2346 3364 2412 3431 τῇ
2447 3355 2798 3429 τετραγαμίᾳ
2847 3350 3288 3423 παρεχομένους.
3335 3344 3493 3398 Ἀλλὰ
3530 3356 3708 3395 κατα-

2127 3459 2302 3530 κρίνει
2362 3452 2580 3525 μᾶλλον,
2625 3451 2707 3503 ὄτι
2740 3450 2814 3519 μὴ
2864 3447 2930 3499 ὲκ
2976 3443 3071 3498 τοῦ
3117 3441 3324 3506 εύθέος,
3366 3435 3484 3492 ἀλλ’
3511 3436 3578 3487 ὲκ
3606 3431 3706 3485 τοῦ

2125 3527 2568 3620 διεστραμμένου
2636 3541 2705 3594 τὰ
2780 3539 2985 3609 πολλῆς
3057 3534 3355 3603 εὐθύτητος
3430 3527 3710 3620 χρῄζοντα

2127 3615 2435 3714 πράγματα
2470 3640 2569 3709 τῆς
2615 3630 2955 3703 Ἐκκλησίας
2993 3628 3270 3698 ἐγνώκασι
3297 3625 3543 3678 διοικεῖν.
3574 3615 3712 3673 Εἶτα

2129 3738 2195 3790 εἷ’
2232 3752 2317 3798 τις
2362 3732 2474 3786 τῶν
2530 3731 2639 3784 σῶν
2693 3725 2923 3781 οἰκετῶν
2978 3722 3073 3776 τὸν
3129 3717 3333 3790 οῐκονῆ
3364 3716 3457 3769 τὸν
3504 3713 3712 3785 χιτῶνα

2134 3828 2390 3901 μολύνας,
2425 3823 2518 3878 ὲπί
2545 3842 2598 3877 τι
2633 3823 2930 3893 πρόσωπον
2962 3818 3152 3887 ἕτερον
3191 3813 3323 3867 αύτδ
3370 3809 3530 3863 τοῦτο
3579 3822 3715 3875 προ-

2130 3920 2623 3992 διαπεπραγμὲνον
2666 3916 2960 3985 ἀναφέρων
2986 3914 3128 3982 ἐρεῖ,
3168 3910 3243 3972 ὡς
3274 3905 3466 3976 ἐπειδὴ
3505 3902 3715 3972 προλα-

2132 4018 2243 4071 ϐὼν
2269 4013 2459 4087 ἕτερός
2489 4029 2573 4073 τις
2593 4010 2707 4062 τῶν
2736 4005 3189 4075 συνθεραπόντων
3220 3999 3378 4053 τοῦτο
3405 3996 3712 4065 ἐξήμαρτε,

2131 4108 2224 4163 διὰ
2270 4081 2431 4161 τοῦτο
2478 4101 2652 4173 κάμοὶ
2701 4098 2969 4168 πράττειν
3011 4092 3185 4154 οὕτως
3226 4088 3481 4159 ἐπῆλθεν,
3517 4085 3617 4137 οὑκ
3646 4081 3714 4135 ἂν

2131 4200 2258 4272 δέξῃ
2298 4199 2399 4270 τὴν
2443 4192 2765 4261 ἀπολογίαν,
2799 4187 2937 4242 ἀλλὰ
2971 4182 3340 4257 στρεϐλώσεις
3370 4180 3464 4233 καὶ
3512 4192 3713 4247 μαστι-

2134 4269 2468 4361 ymo-steti);
2533 4287 2614 4348 είς
2684 4280 2945 4348 τοιαύτην
3001 4277 3213 4347 ἥκοντα
3277 4269 3716 4340 καταφρόνησιν,

2138 4359 2494 4453 όφειλομένου
2530 4378 2685 4439 ὄντος
2716 4376 2781 4427 ἐκ
2806 4370 2903 4425 τοῦ
2944 4365 3458 4439 προημαρτημένου
3483 4359 3560 4430 τῷ
3591 4375 3717 4412 συν-

462 4502 580 4539 rum
612 4484 863 4553 exemplo
883 4480 1261 4537 confirmanda
1298 4487 1351 4532 et
1381 4476 1694 4532 excusanda
1729 4484 1890 4544 putas
1912 4450 2018 4526 ‘IVEI

2137 4450 2453 4547 θεράποντι,
2487 4468 2681 4523 τοῦτον
2715 4467 2818 4536 τὴν
2867 4463 3068 4535 πρᾶξιν
3103 4456 3471 4529 φυλάξασθαι.
3506 4451 3618 4507 Καὶ
3645 4450 3717 4504 τὰ

461 4577 621 4629 aliter
656 4575 722 4627 de
763 4574 923 4627 rebus
962 4571 1074 4624 tuis
1108 4585 1173 4623 ac
1212 4569 1376 4623 domo
1409 4577 1500 4622 tua
1524 4566 1759 4635 iudicas,
1790 4575 1853 4625 Aet
1881 4565 2018 4619 alite]

2136 4545 2326 4631 κακῶς
2364 4567 2432 4636 τῇ
2473 4559 2785 4631 ἘκκλησίαΔ
2822 4556 3231 4627 συμπίπτοντα,
3262 4553 3325 4604 ὲκ
3362 4548 3473 4602 τῶν
3511 4545 3719 4617 προλαα

464 4671 529 4719 de
575 4666 645 4719 iis
670 4679 792 4733 quae
851 4662 919 4716 ad
952 4660 1252 4716 Ecclesiam
1304 4650 1599 4728 pertinént,
1627 4664 1682 4709 et
1717 4655 1846 4724 quia
1906 4655 2018 4708 olin

2136 4663 2344 4715 ϐόντων
2374 4657 2546 4723 ἀξιοῖς
2597 4650 3045 4723 παραδέχεσθαις
3094 4647 3207 4701 Καὶ
3234 4645 3332 4714 τὴν
3362 4644 3484 4714 ἴσην
3522 4641 3583 4693 οὐ
3619 4655 3721 4706 τη-

465 4756 734 4824 ejusmodi
817 4763 1036 4826 peccata
1104 4752 1409 4809 condonata
1465 4764 1532 4802 ac
1582 4747 1832 4814 neglecta
1890 4758 2037 4808 sunt.

465 4852 769 4907 etiamnum
801 4848 994 4919 negligi
1046 4846 1252 4917 jubes?
1281 4843 1417 4910 Quis
1460 4850 1641 4895 autem
1680 4841 1883 4895 mentis
1927 4855 2041 4895 sua:

465 4960 689 5017 compos
721 4956 773 5000 te
831 4943 976 5013 juste
1032 4955 1195 5011 agere
1234 4936 1476 4993 dixerit?
1522 4937 1794 4991 Craterum
1833 4935 1879 4991 si
1940 4933 2035 5004 qui

466 5051 597 5099 sunt
645 5039 737 5111 qui
771 5036 1002 5107 gratiam
1028 5031 1353 5105 (Evangelii)
1381 5046 1503 5084 cum
1534 5029 1864 5100 antiquitate
1905 5042 2039 5082 con-

467 5138 608 5191 ferre
666 5140 721 5186 et
770 5132 985 5185 beatum
1041 5125 1295 5181 Davidem
1369 5122 1603 5192 allegare
1682 5127 2039 5190 prtesumant,

468 5228 614 5282 haud
636 5225 791 5281 video
818 5220 947 5291 quid
979 5217 1085 5274 illis
1109 5217 1211 5270 hoc
1236 5215 1496 5285 prodesse
1527 5214 1719 5283 possit,
1749 5214 1851 5269 nisi
1878 5213 2042 5268 etiam

470 5316 731 5372 .larobum
764 5332 885 5372 cum
938 5311 1153 5366 duabus
1200 5307 1465 5362 uxoribus
1518 5307 1694 5377 iisque
1753 5307 2041 5361 sororibus

474 5409 631 5462 nobis
658 5410 1004 5470 adduxerim,
1053 5412 1169 5467 aut,
1210 5402 1254 5457 si
1283 5400 1450 5468 lubet,
1496 5401 1659 5453 etiam
1705 5398 2040 5461 Samuelem,

472 5498 569 5569 qui
599 5499 655 5552 in
681 5503 998 5571 sanguinem
1024 5500 1171 5568 Agag
1220 5508 1407 5550 ensem
1451 5491 1692 5554 intinxit,
1721 5503 1772 5546 ct
1808 5491 2046 5546 circum-

472 5591 737 5648 risionem
771 5599 825 5644 et
856 5592 1129 5654 victimas,
1153 5596 1207 5642 et
1236 5598 1577 5655 quaecunque
1601 5583 1744 5653 apud
1789 5582 2046 5650 antiquos

475 5690 531 5742 in
566 5700 665 5740 usu
696 5682 865 5737 fuisse
894 5683 1123 5737 historia
1155 5681 1315 5736 nobis
1345 5678 1550 5735 retullt.

2143 4757 2255 4826 ρεϊς
2300 4752 2394 4805 ἐπὶ
2422 4750 2524 4818 τῆς
2579 4746 2912 4815 Ἐκκλησίας
2944 4740 3173 4810 γνώμην
3214 4739 3334 4799 τοῖς
3365 4735 3496 4804 περὶ
3521 4732 3581 4785 σὲ
3620 4732 3722 4783 καὶ

2140 4850 2240 4921 τὴν
2283 4846 2382 4918 σὴν
2422 4843 2601 4897 οἰκίαν
2654 4839 3077 4911 πραττομένοις,
3112 4833 3251 4887 ἀλλὰ
3294 4832 3529 4893 δικαιοῖς
3577 4826 3721 4880 αύτᾶ

2141 4918 2394 5011 παρορᾷν
2448 4934 2537 4987 διὰ
2598 4932 2698 5004 τὴν
2754 4929 2863 4983 τῶν
2932 4924 3323 4997 προλαϐόντων
3381 4918 3722 4990 σφαλμάτων

2141 5006 2486 5103 παρόρασιν;
2515 5025 2626 5078 Καὶ⁵
2653 5024 2739 5085 τίς
2769 5020 2836 5073 ἂν
2860 5021 3008 5071 εἴποι
3037 5033 3097 5069 σε
3127 5014 3316 5069 εἰκότα
3350 5014 3549 5073 ποιεῖν,
3580 5006 3724 5079 ὀρθὰ

2141 5101 2364 5195 φρονεῖν
2416 5117 2820 5185 ὲπιστάμενοςς
2851 5110 2926 5163 Τὸ
2957 5109 3015 5162 δὲ
3049 5108 3145 5162 καὶ
3195 5106 3333 5178 πρδς
3368 5105 3468 5174 τὴν
3496 5101 3723 5155 παλαιό-

2140 5193 2281 5284 τητα
2310 5208 2626 5278 συγκρίνειν
2655 5206 2757 5277 τὴν
2792 5205 2953 5276 χάριν
2989 5204 3085 5255 καὶ
3116 5200 3213 5254 τὸν
3243 5198 3520 5268 μακάριον
3558 5193 3727 5247 Δαϐἰδ

2143 5308 2225 5369 εἰς
2256 5305 2420 5375 μέσον
2454 5300 2745 5371 παράγειν,
2779 5297 2880 5350 ούκ
2917 5290 3036 5348 οἶδα
3064 5293 3119 5347 τί
3154 5286 3725 5356 συναντιλαμϐάνεται

2142 5374 2439 5459 τοῐςίτοῦτο
2470 5391 2846 5464 προφέρουσιν
2869 5402 2883 5417 ⁸
2921 5388 2971 5440 ει
3006 5385 3082 5455 μὴ
3113 5385 3225 5454 ἄρα
3256 5380 3353 5434 καὶ
3393 5379 3483 5432 τὸν
3524 5374 3724 5430 Ἰακὼϐ

2143 5493 2242 5546 σὺν
2276 5492 2396 5553 ταῖς
2424 5489 2546 5542 Boot
2567 5487 2840 5556 γαμεταῖς
2859 5481 3026 5537 αὑτοῦ
3063 5478 3326 5547 ἀδελφαῖς
3357 5473 3552 5535 οὔσαις
3588 5472 3724 5541 ἡμῖν

2149 5584 2567 5657 προσοίσουσιν·
2619 5581 2669 5634 εξ
2719 5578 2899 5649 βούλει
2928 5576 2987 5630 δὲ
3037 5574 3130 5629 καὶ
3168 5573 3256 5626 τὸν
3284 5568 3541 5642 Σαμουὴλ
3582 5565 3723 5620 κατὰ

2147 5677 2248 5746 τῆς
2278 5674 2497 5745 σφαγῆς
2542 5671 2636 5725 τοῦ
2684 5671 2866 5737 ’Λγαγ
2891 5666 2952 5721 τὸ
2985 5665 3140 5735 ξίφος
3165 5664 3468 5736 βάπτοντα,
3503 5658 3598 5712 καὶ
3626 5657 3722 5727 την

477 5774 800 5855 περιτομὴν,
835 5773 929 5827 καὶ
969 5773 1037 5827 τᾶ
1082 5775 1307 5845 σφάγια,
1345 5773 1438 5827 καὶ
1474 5776 1573 5828 ὅσα
1605 5772 1670 5843 τῇ
1713 5769 2037 5842 παλαιότητι
2080 5769 2430 5843 πραττόμενα
2452 5765 2588 5830 τέως
2613 5759 2962 5834 ὲγνωρῑζετο.
