4038 6204
315 306 422 369 ΞΠ

1772 324 2183 388 ΕΡΙΞἸῚΗίΕ.

3477 330 3584 396 2ἰὸ

404 424 567 478 Ἀλλά
598 426 709 497 γὰρ
741 430 950 488 πολλῶν
977 435 1070 487 καὶ
1090 435 1266 489 ἀλλων
1292 438 1627 508 προσόντων,
1655 441 1690 496 ἃ
1721 442 1893 512 ῥηθῆ-

2065 446 2204 498 Cmn
2237 455 2416 500 autem
2449 445 2620 501 multa
2662 445 2766 500 alia
2815 455 3141 501 succurrant
3195 461 3318 514 quae
3346 447 3413 501 ad
3455 463 3572 503 rem

316 530 408 566 ναι
438 517 471 584 ἡ
503 516 760 583 ὑπόθεσις
805 524 1080 593 ἐπιζητεῖ,
1118 525 1348 582 πλεῖστα
1394 525 1548 599 οἶμαι
1594 533 1688 585 καὶ
1724 533 1896 586 ταῦτα

315 607 406 659 διὰ
431 607 491 660 τὸ
526 609 700 680 μῆκος
726 612 820 666 τοῦ
853 619 1202 688 γράμματος.
1237 621 1496 689 Ἀφέντες
1529 619 1622 677 οὖν
1655 623 1715 677 τὸ
1737 623 1899 678 πλέον

315 712 367 748 τι
392 698 575 764 λέγειν
606 704 734 770 περὶ
763 707 988 771 τούτων,
1015 709 1190 762 ἐκεῖνό
1215 729 1396 782 φαμεν
1419 727 1436 744 ⁸
1488 713 1895 787 Ἐπιστράφητε

318 787 458 879 πρὸς
492 789 740 856 ἑαυτοὺς,
782 795 1002 864 ἀδελφοὶ
1045 801 1388 869 τιμιώτατοι,
1437 805 1534 858 καὶ
1569 808 1680 861 τῶν
1721 826 1897 879 πραχ-

316 877 523 934 θέντων
556 881 618 935 τὸ
657 887 971 956 παράλογον
992 894 1454 962 κατανοήσαντες,
1483 897 1579 950 καί¹
1615 899 1714 968 τῆς
1759 877 1896 969 πρὸς

316 970 479 1040 χάριν
530 975 886 1048 ἀνθρωπίνης
914 983 1231 1053 οἰκονομίας
1275 987 1433 1057 ὑμῶν
1482 989 1557 1052 ὡς
1585 991 1896 1062 ἀσχήμονος

318 1067 709 1133 καταγνόντες,
737 1070 798 1123 τὸ
823 1075 1034 1142 πρέπον
1061 1076 1156 1129 καὶ
1186 1078 1315 1147 ὑμῖν
1349 1081 1532 1144 αὐτοῖς
1561 1083 1894 1153 φρονήσατε,

317 1157 413 1208 καὶ
460 1157 526 1211 τὸ
561 1161 696 1229 πρὸς
729 1164 898 1235 τιμὴν
946 1167 1224 1226 διαϐαῖνον
1271 1167 1371 1242 τῆς
1417 1175 1746 1246 Ἐκκλησίας
1801 1178 1895 1231 καὶ

314 1247 418 1316 τῆς
457 1250 568 1303 τῶν
595 1253 938 1324 Χριστιανῶν
983 1261 1334 1331 σεμνότητος.
1365 1266 1456 1336 Μὴ
1499 1266 1557 1320 δὲ
1593 1267 1894 1339 βουληθῆτε

313 1344 572 1435 γενέσθαι
620 1347 890 1420 διήγημα,
927 1352 1004 1414 ὡς
1048 1355 1311 1423 Ῥωμαῖοι
1348 1363 1722 1432 τετραγαμίαν
1756 1382 1896 1435 προ-

315 1433 480 1524 φασει
508 1435 794 1508 βασιλικῆς
814 1443 1036 1513 χάριτος
1055 1448 1136 1509 εἰς
1158 1447 1218 1500 τὸ
1240 1450 1347 1503 τῶν
1370 1452 1714 1518 Χριστιανῶν
1739 1433 1893 1524 ἅγιον

315 1521 470 1585 ἔθνος
515 1527 848 1596 εἰσήγαγον·
895 1533 1075 1589 οἴδατε
1123 1537 1234 1610 γὰρ
1270 1540 1341 1604 ὡς
1383 1542 1534 1607 ὀξεῖα
1576 1545 1669 1598 τοῦ
1717 1521 1891 1602 κακοῦ

316 1616 347 1683 ἡ
378 1617 546 1710 φορὰ,
605 1621 697 1673 καὶ
736 1623 914 1695 ἀρχὴν
957 1627 1196 1683 λαϐοῦσα
1231 1633 1466 1702 μάλιστα
1499 1637 1566 1690 ἐκ
1587 1639 1890 1710 δυνάμεως,

313 1709 406 1760 καὶ
455 1709 576 1767 τότε
619 1715 888 1786 τοσαύτης
914 1720 974 1772 οὑ
1024 1722 1223 1793 ῥᾳδίως·
1269 1727 1693 1786 ἀνακόπτεσθαι.
1736 1733 1911 1787 Οὕτω-

2008 540 2234 606 faciunt,
2268 548 2446 594 tamen
2499 555 2566 594 ne
2598 540 2998 603 scripsiuncnla
3043 541 3155 593 haec
3183 539 3330 607 justo
3362 540 3578 610 longius

2004 631 2368 696 extendatur,
2431 631 2522 685 hic
2573 629 2980 686 subsistendum
3040 629 3273 686 videtur.
3342 628 3578 686 Omissis

2007 724 2171 792 igitur
2194 739 2316 794 quae
2347 723 2526 778 adhuc
2561 724 2664 778 dici
2700 734 2950 792 possunt,
2986 723 3207 777 nonnisi
3240 723 3344 776 hnc
3384 723 3526 778 addo
3563 741 3578 779 :

2005 815 2280 869 Attendite
2319 817 2384 869 ad
2431 831 2528 868 vos
2575 815 2742 883 ipsos,
2797 815 2990 868 fratres
3027 813 3490 877 rererendissimi,
3525 821 3581 868 et

2005 920 2196 958 eorum
2247 919 2370 974 quae
2415 913 2714 959 evenerunt
2764 905 3157 959 ahsurditatem
3193 905 3582 971 intelligentes,

2003 1007 2057 1050 et
2089 1013 2150 1052 ea
2183 1013 2305 1065 quae
2328 998 2380 1051 in
2418 999 2648 1068 gratiam
2684 999 2969 1068 potestatis
3003 999 3456 1054 humanaeillicite
3485 999 3588 1054 ad-

2006 1089 2232 1145 misistis
2284 1091 2675 1159 reprobantes,
2725 1100 2890 1158 atque
2945 1100 3134 1144 curate
3200 1092 3390 1146 sedulo
3451 1107 3574 1160 qua!

2003 1183 2162 1238 vobis
2230 1182 2529 1238 honorifica
2582 1193 2730 1250 sunt,
2785 1194 2836 1238 et
2885 1183 3141 1240 Ecclesiae
3186 1200 3250 1239 ac
3302 1186 3585 1254 religionis

2003 1271 2316 1326 christiana:
2358 1273 2585 1342 gloriam
2646 1283 2992 1342 promovent.
3042 1273 3218 1328 Nolite
3264 1276 3582 1344 permittere

2005 1374 2064 1419 ut
2091 1365 2336 1419 omnium
2367 1364 2733 1420 traducamini
2754 1381 2877 1431 ore,
2912 1368 3068 1436 quasi
3094 1365 3322 1422 Romani
3356 1368 3423 1422 ad
3450 1384 3582 1437 cap-

2004 1456 2227 1513 tandum
2265 1457 2607 1527 imperatoris
2665 1458 2902 1513 favorem
2953 1471 3208 1530 quartum
3242 1459 3578 1514 connuhium

2002 1551 2058 1605 in
2131 1560 2383 1606 sanctum
2441 1551 2875 1606 Christianorum
2948 1561 3150 1607 emtum
3228 1551 3580 1614 invexerint,

2001 1641 2274 1710 siquidem
2332 1642 2470 1697 bene
2511 1643 2684 1698 nostis
2715 1652 2921 1713 quanto
2953 1645 3156 1713 impetu
3189 1658 3255 1698 ac
3284 1642 3582 1712 rapiditate

2002 1735 2202 1790 malum
2252 1734 2477 1799 feratur,
2535 1745 2698 1804 atque
2753 1746 3038 1806 postquam
3099 1752 3129 1790 a
3177 1733 3580 1804 potentioribus

315 1800 410 1897 κει).
445 1806 718 1874 τριγαμία
748 1808 810 1897 ἐν
837 1809 1149 1882 ἀνθρώποις
1199 1818 1376 1888 ἀρχὴν
1415 1820 1575 1876 ἔλαϐε
1623 1826 1893 1880 πολιτεύε-

2006 1827 2271 1897 originem
2321 1828 2499 1894 duxit,
2553 1799 2660 1882 non
2723 1799 2905 1883 facile'
2941 1799 3208 1896 supprimi
3241 1835 3426 1897 queat.
3490 1824 3586 1879 Sic

315 1888 461 1984 σθαι.
500 1896 861 1968 συνεχωρήθη
920 1900 1058 1969 πρὸς
1110 1903 1272 1975 χάριν
1311 1907 1451 1970 ἐνὸς,
1506 1912 1601 1964 καὶ
1643 1912 1902 1984 δεύτερος

308 1977 438 2050 ἦλθε
485 1986 568 2048 εἰς
615 1986 869 2056 μίμησιν,
908 1992 1003 2044 καὶ
1042 1995 1205 2049 πάλιν
1237 1998 1420 2063 ἄλλος,
1457 2003 1553 2054 καὶ
1591 2003 1767 2069 οὕτως

313 2072 606 2169 πλείστους
629 2077 852 2135 διελθὼν
878 2084 959 2148 εἰς
994 2089 1241 2161 πονηρὰν
1270 2094 1514 2164 κατέστη
1545 2096 1623 2168 τῷ
1649 2097 1750 2169 βίῳ
1775 2117 1901 2154 συν-

308 2166 532 2266 ήθειαν.
553 2170 659 2266 ΔΜὴ
693 2172 790 2226 οὖν
849 2176 1186 2249 ἀνάσχησθε,
1216 2184 1397 2239 καίτοι
1429 2166 1774 2262 γεγηρκνίας
1801 2199 1900 2266 τῆς

311 2258 667 2354 ἀνθρωπίνης
707 2267 946 2334 φύσεως,
987 2273 1080 2326 τὸν
1130 2273 1278 2338 ξένον
1326 2279 1516 2334 τοῦτον
1559 2258 1753 2354 γάμον

311 2351 596 2422 ἀλλότριον
629 2355 723 2410 τοῦ
755 2359 970 2426 γένους.
1022 2363 1231 2430 διδάξαι
1269 2371 1441 2442 αὑτήν
1467 2391 1483 2406 ο
1519 2351 1594 2446 μή
1634 2351 1688 2432 δὲ
1719 2383 1896 2436 τοιού-

306 2457 400 2540 eo?
424 2446 657 2540 *μικροῦ
700 2451 1059 2540 πράγματος,
1111 2457 1186 2522 ὡς
1235 2463 1499 2528 γεγόνατε
1557 2468 1891 2540 διδάσκαλοι,

304 2533 386 2602 τῷ
415 2535 520 2626 βίῳ
549 2539 906 2597 καταλίποιτε
938 2544 1146 2617 ὄνομαο
1179 2551 1295 2604 ἀλλ’
1325 2555 1481 2608 αὑτοί¹
1511 2559 1739 2626 ἑαυτοὺς
1765 2533 1894 2620 ἔπαλ

303 2625 645 2722 νορθώσατε.
678 2631 754 2685 Οὐ
786 2635 897 2706 γὰρ
924 2637 1083 2708 φέρει
1130 2641 1398 2714 αἰσχύνην
1421 2646 1454 2714 ή
1494 2647 1604 2700 τῶν
1639 2652 1792 2722 παρὰ
1831 2657 1891 2708 τὸ

304 2718 431 2772 δέον
466 2725 814 2795 γεγενημένη
846 2729 1243 2800 ἐπανόρθωσις.
1278 2735 1482 2804 μᾶλλον
1533 2739 1634 2808 μὲν
1663 2718 1756 2794 οὖν
1795 2747 1888 2800 καὶ

306 2812 529 2868 σύνεσιν
546 2814 999 2889 προσμαρτυρεῖ,
1041 2825 1136 2877 καὶ
1161 2826 1367 2896 ἀρετῆς
1393 2827 1596 2900 ἔρωτα,
1622 2834 1716 2886 καὶ
1755 2840 1889 2908 τιμᾷ

301 2904 403 2999 οὑχ
455 2906 671 2999 septe“
706 2912 832 2976 τοὺς
881 2912 1024 2966 οὕτω
1077 2919 1515 2989 πεφροντικότας.
1565 2923 1744 2999 Ὅπερ

302 2997 453 3066 ὑμᾶς
493 2998 644 3063 ἄξιον
686 3004 954 3073 φρονῆσαι
1010 3008 1249 3076 μάλιστα
1286 3012 1397 3065 τῶν
1438 2997 1783 3086 πραγμάτων
1825 3021 1886 3088 ἐξ

2006 1919 2169 1975 etiam
2225 1920 2451 1974 tertium
2490 1920 2824 1975 connubimn
2886 1920 3027 1974 inter
3075 1919 3324 1974 homines
3375 1915 3585 1970 invale-

2005 2027 2160 2067 scere
2201 2013 2388 2081 coepit.
2445 2011 2741 2081 Postquam
2787 2014 2840 2066 in
2893 2013 3058 2067 unius
3106 2011 3334 2080 gratiam
3377 2007 3585 2064 admis-

2004 2120 2122 2160 sum
2158 2104 2354 2168 fuerat,
2405 2105 2678 2160 secundus
2735 2105 2895 2174 primi
2963 2104 3270 2173 exemplum
3335 2102 3581 2157 imitatus

2002 2207 2110 2263 est,
2143 2206 2196 2251 et
2231 2195 2425 2252 deinde
2451 2196 2613 2260 alius,
2639 2197 2710 2250 ita
2745 2205 2803 2251 ut
2832 2195 2987 2266 quasi
3025 2211 3119 2261 per
3145 2195 3421 2249 traducem
3455 2208 3582 2262 pro-

2000 2299 2292 2361 pagaretur
2319 2299 2373 2345 et
2400 2289 2515 2360 jam
2549 2289 2600 2343 in
2630 2302 2849 2357 pravam
2877 2288 3329 2343 consuetudinem
3367 2285 3582 2342 abierit.

1999 2383 2198 2439 Cavete
2225 2383 2389 2452 igitur
2433 2398 2521 2444 ne.
2555 2381 2808 2452 quamvis
2845 2390 3038 2435 natura
3082 2381 3323 2436 humana
3364 2377 3430 2433 ad
3476 2377 3582 2432 hoc

1997 2471 2491 2534 extraordinarium
2541 2471 2990 2540 immanitateque
3049 2469 3334 2540 indignum
3391 2469 3582 2522 matri-

1996 2568 2241 2624 monium
2272 2567 2520 2631 inclinet,
2550 2565 2802 2620 doctrina
2841 2574 3022 2619 vestra
3056 2564 3186 2617 illud
3222 2560 3575 2617 commende-

1994 2663 2094 2724 tis,
2118 2673 2298 2728 neque
2329 2657 2494 2714 talem
2521 2673 2634 2712 rem
2665 2664 2880 2727 turpem
2905 2655 3062 2710 vobis
3093 2654 3372 2724 magistris
3397 2651 3571 2722 origi-

1993 2767 2116 2806 nem
2147 2748 2340 2804 debere
2373 2764 2402 2803 a
2431 2746 2752 2818 posteritate
2781 2745 2888 2800 dici
2919 2754 3105 2816 queat,
3138 2743 3232 2800 sed
3264 2743 3330 2797 ad
3354 2740 3576 2796 meliora

1993 2861 2092 2898 vos
2129 2843 2452 2896 convertite.
2489 2837 2814 2909 iiujusmodi
2850 2837 2994 2893 enim
3030 2835 3318 2891 conversio
3355 2849 3474 2905 qua:
3507 2832 3573 2888 ad

1987 2933 2257 3001 justitiam
2311 2933 2390 2994 lit,
2435 2939 2646 2986 tantum
2686 2928 2840 2988 abest
2887 2935 2948 2982 ut
2982 2927 3138 2981 nobis
3176 2925 3247 2980 sit
3284 2931 3574 2980 contume-

1991 3023 2129 3082 liosa
2151 3066 2166 3092 ,
2201 3033 2261 3080 ut
2293 3025 2457 3079 etiam
2495 3022 2793 3093 prudentes
2822 3019 3150 3091 virtutisque
3186 3025 3436 3072 amantes
3470 3030 3571 3069 nos

301 3093 526 3165 ἀπάτης
557 3095 652 3146 καὶ
704 3099 1043 3168 κακουργίας
1080 3102 1180 3171 τὴν
1224 3101 1458 3176 ὕπαρξιν
1498 3107 1794 3178 λαϐόντων,
1825 3117 1892 3188 ἢν

1996 3134 2116 3174 esse
2165 3118 2523 3177 demonstret,
2564 3115 2833 3184 siquidem
2889 3127 2985 3168 cos
3037 3111 3132 3182 qui
3193 3109 3272 3165 sic
3317 3107 3581 3173 sentiunt,

301 3186 449 3254 ὑμᾶς
491 3189 952 3260 ἀποκρυψάμενοι
1009 3197 1368 3266 παρήνεγκαν
1405 3200 1491 3269 ἐφ’
1525 3200 1560 3254 ἃ
1593 3204 1668 3276 μὴ
1701 3207 1810 3262 ἔδει
1845 3186 1894 3264 οἱ

297 3276 477 3376 ταῦτα
509 3281 869 3376 σκεψάμενοι.
907 3287 1015 3340 Καὶ
1045 3287 1363 3357 θαυμαστὸν
1389 3293 1562 3362 οὐδὲν,
1600 3301 1648 3352 εἰ
1676 3299 1890 3376 ἄνθρω-

301 3385 397 3466 ποι
424 3371 600 3466 ὄντες,
631 3373 701 3427 δι’
729 3377 946 3450 ἀπάτης
997 3381 1271 3453 ὲσφάλητε
1308 3386 1446 3442 ἀλλά
1475 3390 1635 3444 τοῦτο
1680 3371 1894 3466 θαυ-μαη

305 3462 433 3556 στὸν
461 3465 693 3556 μᾶλλον,
729 3471 775 3522 εἰ
806 3469 1002 3538 ἄλλους
1028 3477 1499 3550 ἐπαγγελλόμενοι
1523 3462 1893 3556 διορθοῦσθαι,

305 3554 382 3651 μη
417 3554 486 3608 τὰ
524 3555 742 3651 εὑαγῶς
775 3561 902 3630 ὑμῖν
936 3569 1304 3638 πεπραγμένα
1343 3572 1442 3643 τῆς
1472 3554 1730 3649 τοιαύτης
1762 3554 1897 3651 “apo;

301 3644 454 3706 νοίας
497 3647 904 3722 καταξιώσητε.
948 3655 1119 3710 Τοῦτο
1151 3657 1206 3710 δὲ
1259 3661 1478 3726 πάντως
1509 3644 1890 3740 προνοηθήσε-

296 3755 391 3791 ται
421 3740 556 3808 ὑμῖν
604 3742 993 3815 ἀθετουμένων
1037 3749 1131 3802 καὶ
1164 3753 1581 3824 ἀκυρουμένων,
1617 3760 1717 3812 καὶ
1754 3762 1890 3814 ἀνα-ν

302 3831 502 3903 θέματι
528 3841 1062 3909 παραπεμπομένων
1085 3842 1194 3896 τῶν
1221 3850 1639 3915 προγεγονότων
1665 3852 1764 3906 καὶ
1790 3855 1899 3907 τῶν

300 3925 721 3994 εἰσαγαγόντων
749 3934 848 4000 τὴν
885 3932 994 3986 τῶν
1021 3937 1335 3991 σκανδάλων
1367 3941 1551 3994 αἰτίαν
1574 3943 1656 4007 εἰς
1678 3944 1777 4015 τὴν
1805 3947 1898 4000 τοῦ

302 4014 440 4070 Θεοῦ
487 4015 846 4090 Ἐκκλησίαν,
881 4025 974 4077 καὶ
1006 4026 1150 4096 ὑμᾶς
1179 4030 1314 4100 πρὶς
1358 4031 1598 4102 μέμψεις
1632 4014 1898 4104 τηᾘκαύ-

301 4123 404 4168 τας
434 4109 774 4166 ἐλασὰντων.

1994 3225 2101 3264 non
2137 3208 2344 3278 pudore
2367 3206 2458 3260 sed
2493 3209 2700 3261 honore
2731 3204 2920 3263 allicit.
2952 3203 3047 3257 Est
3068 3211 3250 3256 autem
3285 3215 3350 3255 eo
3375 3200 3571 3280 magis,

1999 3312 2058 3356 ut
2090 3315 2189 3356 vos
2222 3299 2303 3354 sic
2347 3297 2618 3361 sentiatis,
2659 3294 2988 3367 optandum,
3043 3308 3149 3364 quo
3198 3292 3400 3348 certius
3447 3307 3582 3345 con-

1997 3405 2105 3452 stat
2133 3404 2299 3450 totam
2337 3394 2478 3447 hanc
2512 3406 2623 3446 rem
2661 3407 2692 3444 a
2728 3389 2919 3443 fraude
2950 3400 3003 3442 et
3035 3384 3420 3441 malevolentia
3464 3383 3577 3437 ori-

1997 3488 2178 3557 ginem
2242 3486 2510 3549 duxisse,
2572 3480 3014 3553 quandoquidem
3068 3479 3144 3534 illi
3197 3478 3398 3548 quibus
3452 3476 3570 3530 ha-c

2005 3577 2158 3634 cordi
2193 3576 2374 3641 fuere,
2401 3591 2498 3630 vos
2528 3573 2734 3628 inscios
2763 3571 2828 3626 ad
2859 3570 3010 3625 nefas
3049 3575 3445 3640 pertraxerunt.
3471 3565 3582 3620 Nec

1998 3669 2224 3732 mirum,
2263 3667 2409 3737 quod
2440 3695 2510 3706 —
2539 3680 2645 3734 qua
2683 3662 2932 3717 homines
2959 3659 3092 3716 estis
3121 3690 3189 3702 —-
3213 3675 3306 3730 per
3330 3656 3577 3712 fallacias

1998 3764 2051 3818 in
2077 3779 2316 3819 errorem
2353 3759 2674 3824 cecidistis;
2724 3756 2893 3827 magis
2943 3765 3124 3810 autem
3183 3753 3380 3808 mirum
3415 3750 3577 3811 foret.

2000 3855 2068 3920 si,
2101 3855 2230 3910 dum
2275 3854 2412 3908 alios
2446 3854 2498 3906 in
2538 3860 2739 3907 rectam
2773 3850 2916 3904 viam
2949 3847 3186 3914 dirigere
3239 3843 3576 3916 promittitis,

1957 3935 2126 4015 icrga
2160 3961 2257 4000 vos
2293 3946 2441 4014 ipsos
2471 3945 2572 3998 hoc
2626 3942 2860 3997 oliicium
2909 3938 3278 4012 negligeretis.
3317 3935 3422 3992 Sed
3463 3949 3580 3988 om-

1999 4038 2129 4090 nino
2158 4036 2456 4103 fungemini
2497 4038 2600 4089 hoc
2647 4033 2846 4096 oiiicio,
2896 4033 2943 4087 si
2987 4047 3049 4086 ea
3092 4046 3215 4102 qua:
3254 4028 3575 4084 acciderunt

1996 4141 2048 4183 et
2096 4127 2410 4199 hujusmodi
2476 4126 2718 4182 scandali
2769 4140 2990 4180 causam
3036 4125 3089 4178 in
3140 4122 3439 4177 Ecclesiam
3480 4119 3574 4180 Dei

302 4201 613 4269 iniecerunt
652 4223 860 4277 vosque
912 4212 982 4267 ad
1027 4212 1155 4267 talia
1196 4215 1333 4271 facta
1408 4219 1760 4290 vituperanda
1839 4221 2234 4294 perduxerunt,
2292 4231 2548 4290 tanquam
2633 4219 2784 4274 irrita
2836 4214 3183 4272 aboleveritis
3228 4223 3282 4269 et
3355 4215 3579 4267 anathe-

301 4302 446 4348 mate
476 4300 884 4365 percusseritis.

367 4388 546 4443 Τοῦτο
570 4390 628 4444 δέ
659 4409 842 4462 φαμεν
872 4394 932 4447 οὑ
969 4397 1099 4466 περὶ
1142 4397 1236 4452 τοῦ
1265 4399 1431 4454 καλοῦ
1479 4401 1769 4472 βασιλέως,
1811 4405 1886 4477 μὴ
1926 4413 1967 4467 D

296 4480 550 4555 γένοιτοι
579 4483 700 4535 οὐδὲ
727 4487 860 4554 περὶ
889 4487 982 4539 τοῦ
1023 4489 1293 4560 ὑμετέρου
1323 4492 1592 4565 προέδρου
1635 4496 1887 4567 Σεργίου,

296 4573 412 4626 οὐδ’·
439 4572 530 4626 ἴνα
562 4574 764 4628 ἐκεῖνοι
809 4577 889 4646 τῷ
922 4579 1229 4649 ἀναθέματι
1263 4585 1759 4656 παραπέμποιντο·
1791 4591 1892 4662 ήδη

299 4667 409 4734 γὰρ
433 4667 599 4734 χεῖρα
631 4666 996 4737 ὲπορέξαντος
1020 4671 1156 4724 Θεοῦ
1180 4673 1260 4744 τῷ
1291 4675 1442 4747 καλῷ
1471 4677 1701 4746 βασιλεῖ,
1729 4681 1894 4746 αὑτὸς

305 4757 445 4828 πρὸς
486 4756 550 4809 τὸ
575 4758 728 4821 τέλος
748 4759 863 4829 τῆς
899 4760 1044 4832 ζωῆς
1074 4764 1341 4832 γεγονὼς,
1383 4768 1478 4820 καὶ
1506 4769 1600 4823 τοῦ
1629 4771 1895 4841 κατακρί-

307 4864 479 4915 pate;
534 4850 631 4902 καὶ
683 4851 778 4904 τοῦ
824 4853 1190 4925 ἀναθέματος,
1231 4858 1572 4930 πεποίθαμεν
1619 4866 1684 4934 τῇ
1733 4864 1889 4937 θεῖκῇ

300 4941 585 5013 εὐμενείᾳ,
628 4945 728 5014 τὴν
776 4945 957 5016 φυγὴν
988 4948 1166 5020 ἐαυτῷ
1219 4953 1672 5024 περιπεποίηται,
1702 4957 1763 5010 τὸ
1793 4959 1891 5028 μὲν

301 5037 504 5087 οἰκεῖον
531 5035 844 5108 ἁμάρτημα
862 5040 1143 5109 ἐπιγνοὺς,
1179 5042 1516 5115 συγγνώμην
1533 5045 1590 5098 δι
1621 5050 1715 5099 καὶ
1737 5048 1890 5102 λύσιν

296 5129 392 5193 τῆς
423 5129 733 5200 καταδίκης
767 5131 1220 5202 ἐξαιτησάμενος,
1329 5137 1462 5207 ιιιαρ⁹
1493 5137 1650 5207 ήμῶν
1687 5139 1887 5192 ὑποϐέ-

299 5218 489 5289 ϐλητο,
509 5223 604 5273 καὶ
625 5223 861 5284 ἀποδοὺς
889 5225 983 5277 καὶ
996 5225 1128 5295 ἡμῖν
1142 5227 1205 5278 τὸ
1219 5229 1474 5298 ποίμνιον
1490 5229 1551 5294 ἐξ
1566 5223 1697 5284 οὗπε
1705 5248 1736 5301 ρ
1757 5229 1890 5300 ήλά-

296 5307 494 5378 θημεν,
533 5312 628 5364 καὶ
677 5313 858 5368 πάντα
880 5315 1154 5386 διοικῆσαι
1180 5319 1319 5388 ἡμῖν
1339 5319 1658 5389 ἐπιτρέψας,
1695 5320 1881 5384 καθὼς

301 5401 623 5472 συνορῶμεν
669 5406 767 5458 καὶ
796 5405 916 5475 Θεῷ
949 5409 1211 5479 ἀρέσκον,
1241 5412 1338 5464 καὶ
1369 5413 1480 5476 τοῖς
1502 5411 1665 5476 θείοις
1722 5413 1887 5493 ἱεροῖς

301 5494 521 5548 κανόσιν
558 5495 839 5567 ἁρμόδιον.
900 5500 1012 5554 Καὶ
1057 5501 1155 5555 τοῦ
1199 5503 1474 5575 ὑμετέρου
1506 5504 1564 5558 δὲ
1615 5505 1882 5575 προέδρου

308 5583 387 5636 τὸν
419 5583 536 5654 βίον
586 5587 860 5653 λιπόντος,
906 5593 1001 5644 καὶ
1049 5591 1128 5663 τῷ
1170 5593 1378 5666 πρώτῳ
1413 5594 1509 5648 καὶ
1540 5596 1762 5667 μεγάλῳ
1791 5596 1883 5648 τδν

302 5669 457 5741 λόγον
509 5675 614 5749 τῆς
669 5679 839 5760 αὑτοῦ
889 5683 1208 5754 οἰκονομίας
1262 5684 1558 5754 ὑπέχοντος
1610 5687 1877 5758 ἀρχιερεῖ,

311 5764 526 5842 ἀπόχρη
560 5776 734 5842 τούτῳ
761 5775 851 5826 καὶ
887 5773 1054 5845 χωρὶς
1078 5776 1174 5847 τῆς
1215 5775 1448 5832 ἐνταῦθα
1485 5775 1574 5831 καὶ
1602 5777 1876 5850 ἀνθρωπί-

2070 4403 2185 4460 l-ioc
2213 4411 2394 4458 autem
2434 4418 2541 4456 non
2573 4399 2807 4455 dicimus
2843 4398 2910 4453 de
2957 4395 3126 4467 probo
3157 4394 3484 4464 imperatore
3507 4423 3579 4435 —-

1998 4496 2141 4566 quod
2165 4495 2306 4550 Deus
2322 4492 2568 4548 avertat!
2593 4505 2852 4560 --neque
2883 4490 2948 4544 de
2971 4498 3149 4543 vestro
3177 4487 3576 4557 pra‘decessore

2001 4587 2233 4658 Sergio,
2283 4595 2345 4643 ut
2395 4585 2743 4641 anathemate
2788 4583 3076 4638 feriantur.
3126 4577 3282 4646 Quod
3329 4578 3473 4632 enim
3511 4578 3577 4633 ad

1999 4681 2203 4736 bonum
2251 4681 2639 4750 imperatorem
2677 4678 2888 4741 attinet,
2935 4676 3048 4745 jam
3089 4673 3293 4729 divinis
3323 4665 3465 4726 ulnis
3493 4687 3580 4726 re-

1995 4783 2186 4844 ceptus
2211 4773 2276 4828 ad
2306 4774 2467 4827 linem
2503 4771 2628 4826 vita:
2660 4768 2926 4838 pervenit,
2952 4777 3005 4822 et
3036 4765 3496 4822 condenmatione
3525 4773 3578 4818 et

1995 4866 2343 4920 anathemate
2377 4864 2679 4919 secundum
2732 4861 2823 4915 Dei
2875 4858 3292 4929 benignitatem,
3342 4857 3416 4910 uti
3456 4871 3577 4910 cre-

1991 4959 2122 5013 dere
2168 4957 2251 5014 fas
2301 4967 2406 5023 est,
2442 4956 2727 5010 absolutus
2786 4951 2994 5023 peccati
3033 4949 3118 5006 sui
3175 4947 3278 5003 sibi
3317 4946 3574 5000 conscius

1991 5048 2168 5105 factus
2193 5057 2276 5104 est
2301 5057 2464 5120 atque
2491 5033 2705 5103 veniam
2736 5044 3180 5112 solutionemque
3210 5035 3574 5093 damnationis

1989 5148 2078 5200 cui
2111 5152 2235 5200 eum
2287 5130 2723 5215 subjeceramus,
2762 5141 3017 5212 precibus
3043 5139 3159 5193 suis
3187 5133 3440 5190 obtinuit.
3479 5129 3574 5184 Et-

1988 5234 2134 5290 enim
2158 5242 2213 5287 et
2240 5243 2441 5287 emtum
2467 5247 2494 5285 a
2526 5247 2636 5301 quo
2651 5232 2858 5296 depulsi
2881 5244 3122 5292 eramus,
3145 5225 3302 5280 nobis
3321 5220 3573 5280 reddidit.

1987 5332 2043 5377 et
2064 5321 2249 5378 omnia
2292 5321 2373 5376 uti
2406 5335 2506 5377 nos
2549 5320 2662 5377 Deo
2711 5322 2927 5392 placere
2958 5328 3012 5374 et
3057 5315 3230 5372 sacris
3263 5312 3569 5370 canonibns

1987 5413 2276 5468 convenire
2304 5411 2768 5480 existimaremus,
2801 5414 3091 5468 instituere
3130 5417 3299 5480 atque
3331 5405 3574 5463 admini-

1987 5516 2163 5560 Strare
2193 5505 2466 5576 permisit.
2491 5504 2686 5561 Vester
2703 5515 2885 5560 autem
2919 5504 3284 5574 praedecessor
3311 5517 3434 5556 cum
3452 5489 3565 5570 jam

1987 5607 2054 5647 ex
2087 5594 2185 5650 hac.
2222 5596 2331 5649 vita
2361 5595 2696 5661 discesserit,
2728 5594 2991 5664 primario
3025 5608 3088 5646 ac
3124 5607 3345 5647 summo
3376 5591 3528 5662 ponti

1989 5682 2073 5738 fici
2131 5685 2631 5742 administrationis
2699 5700 2811 5740 sua:
2861 5685 3128 5739 rationem
3197 5684 3513 5740 redditurus
3546 5722 3562 5748 ,

1989 5775 2305 5849 neutiquam
2321 5794 2482 5850 conus
2529 5786 2614 5833 cst
2654 5785 2712 5832 ut
2750 5776 2877 5852 haec
2923 5777 3088 5834 multa
3124 5777 3363 5834 humana
3396 5773 3442 5828 ci
3473 5772 3560 5825 iu-
