4038 6204
412 308 516 371 213

1542 312 1852 373 NICOLAI
1890 311 2000 372 CP.
2042 309 2559 371 PATBIARCILE

3568 309 3673 373 220

412 419 650 490 ﬂigatur.
717 420 959 490 Uterque
1022 419 1188 489 igitur
1254 420 1620 485 eximendus,
1678 438 1706 476 a
1767 421 1991 490 reliquis

2116 439 2194 492 ιης
2245 422 2655 491 ὁποτιμήσεως.
2691 422 2855 473 Ὥστε
2907 419 3125 485 τούτους
3178 418 3279 486 μὲν
3336 417 3663 488 ἐξαιρετέον·

416 519 595 566 autem
626 511 717 580 qui
761 514 1064 568 etiamnum
1120 523 1414 583 supersunt
1447 528 1664 583 pmnam
1714 529 1877 583 quam
1912 515 1996 568 in-

416 609 727 663 currerunt,
773 601 1031 670 expetite.
1089 601 1301 656 Etenim
1339 619 1447 657 non
1495 604 1673 659 solum
1706 620 1807 661 nos
1842 606 1997 660 vobis

418 689 737 760 scripsimus
785 708 890 761 qua
951 693 1220 761 pravitate
1260 694 1344 747 usi
1390 693 1654 759 fuerunt,
1709 694 1800 750 sed
1831 696 1996 750 etiam

420 796 670 838 summus
719 782 1035 853 Christique
1089 799 1281 838 amans
1334 785 1631 855 imperator
1665 787 1730 840 ad
1761 797 1994 842 vestram

422 875 673 932 nutitiam
725 875 951 946 perferri
994 876 1165 947 jussit
1196 894 1539 949 quaecunque
1568 880 1759 935 dolose
1789 881 1997 935 machi-

421 967 535 1022 nati
569 976 717 1027 sunt.
751 968 822 1022 ita
855 977 914 1022 ut
944 969 1079 1023 nihil
1118 985 1214 1023 vos
1247 970 1416 1049 latere
1444 970 1618 1040 possit
1653 987 1843 1026 eorum
1876 987 1999 1039 quae

422 1059 670 1114 mendaci
710 1060 958 1127 Iartilicio
1014 1072 1361 1131 peregerunt,
1412 1078 1537 1118 cum
1591 1064 1821 1118 illustris
1856 1064 2000 1118 illius

425 1154 686 1220 magister
714 1164 765 1207 et
806 1171 929 1224 qua:
963 1157 1100 1209 mala
1145 1157 1327 1210 animo
1362 1158 1750 1226 conceperiut,
1788 1166 1841 1211 et
1881 1172 2002 1227 qua:

423 1247 605 1315 pejora
626 1248 788 1302 etiam
816 1249 1038 1317 scriptis
1067 1250 1462 1318 evulgaverint,
1492 1252 1645 1305 vobis
1673 1266 1770 1320 per
1794 1250 2004 1305 litteras

328 1344 333 1345 '
426 1340 769 1395 iudicaverit.
821 1339 1036 1407 Quibus
1098 1342 1354 1397 omnibus
1408 1343 1611 1397 veritas
1670 1342 1809 1397 adeo
1856 1343 2003 1397 clare

426 1431 642 1495 enituit,
672 1440 732 1485 ut
760 1431 869 1501 jam
920 1434 1207 1488 mendacia
1258 1437 1574 1505 reprobare,
1613 1444 1668 1491 et
1706 1434 1849 1490 facta
1883 1451 2004 1506 quae

424 1524 645 1579 evenire
694 1540 978 1594 nunquam
1029 1527 1322 1591 debebant,
1382 1527 1786 1592 condemnare,
1841 1539 2005 1598 atque

428 1616 707 1685 antiquam
733 1626 972 1673 vestram
1001 1619 1231 1689 gloriam
1266 1622 1691 1691 opinionemque
1714 1623 2006 1677 restituere

430 1710 691 1766 debeatis.
721 1710 882 1767 Omni
926 1712 1013 1767 illa
1044 1713 1210 1783 igitur
1240 1713 1292 1768 in
1308 1715 1698 1769 sceleratorum
1735 1726 1900 1785 caput
1924 1731 2008 1768 re-

428 1801 597 1869 jicite,
625 1803 914 1872 siquidem,
941 1815 1207 1874 quantum
1233 1821 1397 1875 penes
1425 1806 1573 1874 ipsos
1595 1806 1719 1872 luit,
1744 1807 2004 1877 majorem

439 1890 695 1947 Romame
718 1908 879 1962 quam
913 1904 1112 1949 nostrae
1146 1896 1402 1950 Ecclesiae
1427 1896 1600 1950 labem
1632 1905 2009 1967 asperserunt.

784 2008 1023 2064 XXXIII.
1060 2009 1324 2081 Tryphoni
1358 2013 1637 2066 monacho.

508 2123 659 2178 IIaud
690 2124 869 2179 minor
903 2136 955 2179 et
982 2126 1137 2180 nobis
1202 2125 1342 2181 inest
1373 2128 1642 2197 cupiditas
1672 2136 1777 2182 tuae
1806 2128 2011 2183 sancti-

434 2218 532 2270 tati
590 2218 973 2283 conversandi,
1063 2219 1463 2289 praesentiaque
1538 2228 1593 2273 ct
1680 2220 2012 2274 commercio

435 2309 673 2376 fruendi,
706 2326 868 2379 quam
914 2324 1028 2379 quo
1087 2320 1140 2363 tu
1197 2310 1333 2379 ipse,
1362 2326 1394 2365 ο
1446 2310 1610 2365 homo
1662 2309 1778 2377 Dei,
1812 2313 2012 2367 teneris

434 2401 723 2456 desiderio.
752 2400 855 2455 Sed
883 2405 1143 2473 quoniam
1174 2419 1354 2457 rerum
1380 2418 1686 2459 concursus
1709 2404 1758 2458 id
1787 2420 2013 2474 corpore

436 2493 550 2545 fieri
579 2508 685 2546 non
719 2494 867 2556 sinit,
905 2496 1112 2549 meliori
1166 2495 1403 2565 quodam
1454 2511 1749 2565 congressu
1793 2497 2013 2552 satisfa-

436 2587 644 2639 ciamus
679 2596 881 2639 nostrae
905 2588 1216 2656 cupiditati,
1279 2598 1460 2643 mente
1517 2596 1928 2653 conversantes,
1963 2599 2016 2644 et

439 2678 639 2731 mentis
670 2678 845 2735 oculis
874 2679 1333 2748 contemplatione
1366 2680 1544 2750 potiti,
1586 2680 1689 2749 hoc
1720 2681 1864 2735 enim
1912 2691 2017 2736 tute

433 2788 651 2842 quoque
672 2773 946 2829 sanctitati
982 2784 1193 2841 gratum
1216 2774 1332 2829 lleri
1354 2774 1625 2828 existimo.
1652 2773 1804 2840 Quod
1833 2783 2014 2829 autem

437 2867 628 2918 ιι.οι·1›ο
696 2865 931 2929 laboras,
967 2864 1111 2928 inde,
1171 2873 1368 2934 praeter
1398 2877 1592 2919 caetera
1650 2881 1769 2933 qua:
1802 2876 2017 2934 propter

437 2964 658 3026 peccata
717 2965 905 3027 nostra
954 2955 1395 3011 indellcientibus
1453 2956 1739 3011 doloribus
1816 2956 2019 3011 feriunt

440 3051 681 3102 animam
727 3056 1000 3112 nostram,
1055 3048 1371 3117 accepimus
1406 3055 1461 3103 et
1512 3063 1660 3103 nunc
1691 3049 1897 3105 doloris
1934 3050 2018 3103 iu-

439 3150 799 3195 erementum.
833 3141 1084 3195 Attamen
1118 3140 1395 3211 supplices
1420 3139 1571 3207 facti,
1612 3142 1662 3195 iu
1697 3141 1804 3197 Deo
1832 3141 2021 3197 Salva-

442 3243 561 3289 tore
584 3241 770 3289 nostro
790 3233 1140 3298 conlidimus,
1173 3248 1279 3288 non
1339 3245 1460 3303 past
1486 3234 1717 3288 multum
1765 3236 2019 3305 temporis

442 3339 595 3382 tuum
636 3326 888 3381 morbum
923 3326 1261 3381 curationem
1297 3326 1648 3396 adepturum,
1703 3328 1830 3380 dum
1860 3330 2021 3381 modo

445 3431 501 3474 tu
530 3420 685 3483 velis,
713 3419 1169 3490 quemadmodum
1221 3416 1520 3487 efﬂagitasti
1564 3430 1624 3472 ut
1679 3419 2025 3474 mitterentur

447 3511 785 3579 adiumenta,
835 3525 956 3579 qua:
1000 3519 1054 3563 ct
1101 3508 1373 3573 misimus,
1421 3508 1492 3562 ita
1546 3509 1800 3565 utilitatis
1834 3526 2021 3565 eorum

447 3602 881 3669 experimentum
914 3598 1093 3655 facere
1122 3599 1239 3654 sine
1270 3615 1443 3653 mora.
1478 3597 1631 3653 Patet
1656 3600 1799 3655 enim
1846 3602 2026 3657 omnis

449 3692 799 3747 adversitatis
857 3691 911 3745 in
941 3691 1210 3763 principio
1260 3690 1418 3745 facile
1463 3707 1587 3747 esse
1644 3692 1940 3762 eﬂ'ugium;
1978 3695 2024 3751 si

450 3786 575 3855 quis
604 3796 785 3840 autem
816 3783 963 3839 illius
987 3785 1324 3840 vexationem
1362 3784 1683 3853 neglexerit,
1715 3785 1924 3840 viribus
1957 3802 2024 3843 ex

452 3889 694 3947 tempore
744 3877 1007 3946 acceptis,
1054 3877 1169 3947 jam
1208 3891 1334 3931 .non
1366 3876 1569 3946 pariter
1601 3891 1696 3932 eos
1729 3876 2025 3945 dimittere,

449 3975 567 4044 qui,
618 3989 742 4029 cum
794 3973 949 4043 prius
992 3971 1374 4043 neglexerunt,
1450 3970 1725 4042 posterius
1778 3971 2027 4028 vexantis

451 4065 581 4121 mali
636 4063 908 4120 curationi
969 4063 1315 4117 incumbunt.
1341 4061 1570 4133 Oportet
1598 4062 1762 4133 igitur
1788 4071 2028 4120 vestram

452 4161 819 4222 sanctitatem,
883 4158 1274 4228 adjumentisa
1313 4155 1425 4212 Deo
1481 4157 1751 4227 susceptis
1806 4157 2031 4213 minime

450 4255 688 4323 segniter
718 4253 817 4307 uti.
848 4251 1085 4308 Omnino
1110 4254 1255 4308 enim
1280 4251 1333 4306 in
1360 4252 1499 4307 bona
1527 4267 1623 4323 spe
1643 4266 1856 4317 sumus,
1884 4252 1927 4307 si
1950 4251 2031 4307 eis

452 4348 766 4403 accuratius
811 4362 943 4403 usus
1002 4346 1195 4413 fueris,
1254 4344 1552 4399 redituram
1583 4359 1704 4403 esse
1727 4344 2028 4399 naturalem

2098 518 2225 579 τοὺς
2256 515 2301 567 δ’
2353 515 2551 578 ἄλλους
2604 515 2698 568 καὶ
2734 514 2812 584 τῷ
2860 513 2961 584 βίῳ
3002 514 3312 582 περιόντας,
3352 513 3416 580 τῇ
3464 511 3662 578 ὀφειλο·

2103 607 2240 676 μένῃ
2290 605 2564 677 παράδοτε
2615 606 2917 675 καταδίκῃ·
2947 607 3040 659 καὶ
3093 604 3179 658 διὰ
3222 604 3338 677 τῶν
3388 590 3662 672 ἦμετέρω·

2098 698 2449 768 γραμμάτων
2484 697 2750 767 μαθόντες
2777 698 2875 750 ὅσα
2922 697 3381 768 ὲπονηρεύσαντο,
3419 696 3512 748 καὶ
3545 689 3627 757 οἷς

2101 791 2450 862 φιλόχριστος
2501 792 2596 845 καὶ
2660 791 2835 862 μέγας
2885 792 3043 860 ἡμῶν
3105 788 3360 859 βασιλεὺς
3420 789 3681 857 πρόνοιαν

2100 885 2255 938 ἔθετο
2286 884 2491 952 γνῶναι
2539 884 2685 953 ὑμᾶς
2714 883 2782 937 τά
2826 872 3056 946 ἐκείνοις
3110 880 3679 953 δραματοποιηθέντα,

2101 978 2197 1029 καὶ
2260 975 2427 1047 μηδὲν
2477 975 2663 1029 λαθεῖν
2685 977 2785 1045 τῆς
2828 974 3059 1044 ψευδοῦς
3098 974 3277 1027 αὐτῶν
3320 970 3591 1040 συσκευῆς
3623 972 3682 1024 ἐν

2102 1070 2180 1140 τῷ
2208 1070 2695 1141 καταπράξασθαι,
2718 1070 2807 1123 διά
2842 1070 2938 1122 τοῦ
2970 1067 3337 1139 περιϐλέπτου
3371 1064 3539 1119 αὐτοῦ
3579 1081 3684 1134 μα-

2102 1164 2332 1234 γίστρου
2378 1164 2516 1235 πρδς
2566 1164 2713 1235 ὑμᾶς
2756 1163 3089 1233 κομισθέντα
3126 1160 3194 1213 τὰ
3218 1158 3403 1221 κακῶς
3453 1158 3685 1228 μελετη-

2105 1257 2286 1320 θέντα,
2323 1255 2457 1311 πολὺ
2483 1256 2540 1309 δὲ
2570 1256 2743 1326 χείρω
2774 1256 2870 1308 καὶ
2897 1253 3114 1324 γραφῆς
3152 1250 3468 1315 ἀξιωθέντα.
3504 1249 3582 1300 Δι’
3605 1242 3685 1302 ὧν

2105 1349 2324 1402 πάντων
2345 1349 2444 1419 τῆς
2475 1347 2737 1418 ἀληθείας
2770 1345 3238 1417 ὲμφανιζομὲνης,
3267 1342 3530 1411 ὑμέτερόν
3565 1341 3683 1394 ἐστι

2109 1440 2457 1509 καταγνῶναι
2490 1440 2583 1494 τοῦ
2634 1440 2884 1508 ψεύδους,
2918 1438 3011 1492 καὶ
3041 1436 3077 1491 ἀ
3117 1436 3191 1506 μὴ
3235 1434 3339 1487 ἔδει
3370 1433 3470 1503 τὴν
3507 1433 3687 1504 ἀρχὴν

2108 1534 2447 1602 πραχθῆναι,
2478 1532 2653 1585 ταῦτα
2677 1532 2724 1584 εἰ
2759 1531 2857 1585 καὶ⁹
2885 1528 3189 1600 διεπράχθη
3219 1525 3565 1596 κατακρίναι,
3589 1524 3689 1577 καὶ⁵

2109 1624 2209 1695 τὴν
2231 1626 2289 1689 ἐξ
2308 1625 2480 1696 ἀρχῆς
2502 1623 2655 1693 ὑμῶν
2673 1623 2833 1689 δόξαν
2855 1620 3266 1677 ἀνασώσασθαι.
3290 1618 3474 1672 Πάντα
3500 1619 3688 1671 ἐκεῖνα

2112 1717 2376 1787 ῥίψαντας
2400 1720 2479 1781 είς
2499 1716 2743 1786 κεφαλὴν
2772 1717 2881 1769 τῶν
2904 1715 3428 1784 κακουργησάντων,
3447 1712 3541 1766 καὶ
3562 1712 3690 1764 ὅσον

2113 1811 2198 1862 ἐπ’
2256 1810 2455 1873 αὐτοὺς
2509 1806 2634 1885 ἧκε,
2687 1810 2849 1863 πλέον
2877 1812 2944 1880 τῇ
2988 1808 3279 1879 Ῥωμαίων
3331 1804 3691 1877 Ἐκκλησίᾳῆ

2110 1905 2181 1973 τῇ
2211 1900 2448 1957 ἐνταῦθα
2480 1902 2886 1974 λυμηναμένων
2916 1902 3018 1972 (I).

2484 2017 2606 2071 AI".
2656 2015 2927 2085 Τρύφωνι
2963 2013 3305 2086 μονάζοντι.

2185 2133 2353 2186 Οὐδὲν
2392 2133 2618 2186 ἔλαττον
2653 2132 2747 2185 καὶ
2776 2133 2905 2201 ἡμῖν
2937 2134 3017 2195 είς
3051 2130 3347 2200 ἐπιθυμίαν
3385 2128 3695 2199 καθέστηκε

2114 2229 2179 2296 τῇ
2250 2229 2315 2296 σῇ
2377 2227 2615 2295 ὁσιότητι
2664 2226 3066 2294 συγγενέσθαι,
3113 2227 3208 2279 καὶ
3251 2224 3554 2293 παρουσίας
3600 2223 3699 2277 καὶ

2114 2321 2331 2390 ὁμιλίας
2364 2320 2711 2387 κοινωνῆσαι,
2757 2320 2790 2391 ἢ
2833 2322 2956 2374 ὅσον
3000 2320 3183 2385 αὐτὸς,
3225 2312 3269 2371 ὦ
3313 2317 3407 2372 τοῦ
3438 2317 3571 2371 Θεοῦ
3603 2318 3699 2372 άν-

2117 2415 2325 2483 θρωπε,
2362 2415 2458 2481 τῆς
2500 2414 2771 2483 τοιαύτης,
2799 2412 3061 2483 ὑπάρχεις
3107 2412 3367 2481 ἐφέσεως.
3412 2411 3549 2464 Ἀλλ’
3571 2410 3700 2465 ἐπεὶ

2114 2506 2224 2560 τῶν
2249 2508 2594 2576 πραγμάτων
2622 2506 2681 2557 σί
2705 2504 3070 2576 περιπτώσεις
3101 2506 3426 2572 σωματικῶς
3442 2504 3700 2571 γενέσθαι

2116 2593 2277 2647 τοῦτο
2336 2594 2408 2663 μὴ
2447 2593 2747 2664 βούλονται,
2783 2594 3063 2669 κρείττονι
3088 2596 3196 2648 τινὶ
3236 2595 3491 2667 κοινωνίᾳ
3538 2593 3705 2665 θεραο

2118 2685 2377 2756 πεύωμεν
2422 2687 2520 2755 τὴν
2571 2685 2872 2756 ἐπιθυμίαν
2918 2687 3119 2759 νοερῶς
3160 2688 3568 2757 συγγινόμενοι,
3600 2688 3696 2740 καὶ

2120 2777 2399 2848 βλέμμασι
2429 2780 2525 2846 τῆς
2555 2776 2732 2848 ψυχῆς
2761 2777 2860 2850 τὴν
2900 2779 3203 2832 ἀπόλαυσιν
3245 2778 3481 2848 ἔχοντες.
3525 2777 3701 2831 Τοῦτο

2120 2864 2237 2921 οἶδα
2269 2869 2364 2922 καλ⁹
2390 2872 2455 2939 τῇ
2492 2871 2558 2939 σῇ
2591 2870 2835 2939 ὁσιότητι
2863 2870 2955 2924 τοῦ
2990 2872 3104 2924 ἴσου
3129 2869 3295 2923 πόθου
3327 2869 3706 2941 παρεχόμενον

2121 2960 2440 3015 ἀπολαύειν.
2504 2961 2643 3031 Περὶ⁵
2707 2961 2763 3015 δὲ
2809 2962 2908 3033 τῆς
2951 2962 3229 3033 λυπούσης
3271 2962 3575 3027 ἀσθενείας,
3606 2963 3720 3016 ἐπὶ

2121 3054 2235 3115 τοῖς
2262 3051 2441 3113 ἀλλοις
2461 3052 2561 3106 ὅσα
2589 3052 2677 3107 διὰ
2706 3054 2804 3116 τὰς
2843 3055 3120 3124 ἁμαρτίας
3145 3054 3317 3125 ἡμῶν
3335 3054 3705 3118 ἀδιαλείπτοις

2123 3144 2381 3215 ἀλγηδόσι
2410 3145 2595 3216 βάλλει
2616 3147 2716 3217 τὴν
2742 3146 3021 3218 ἡμετέραν
3050 3146 3255 3218 ψυχὴν,
3274 3146 3578 3215 ἐδεξάμεθα
3610 3146 3706 3199 καὶ

2122 3240 2217 3292 νῦν
2252 3239 2572 3311 προσθήκην
2614 3239 2932 3311 ἀλγηδόνος.
2968 3242 3161 3309 Ὅμως
3181 3238 3274 3294 οὖν
3313 3239 3707 3310 ἀναφέροντες,

2123 3332 2216 3386 ἐπὶ
2251 3332 2327 3404 τῷ
2364 3332 2579 3403 Σωτῆρι
2610 3332 2729 3403 Θεῷ
2774 3332 2929 3404 ἡμῶν
2953 3333 3051 3403 τὴν
3087 3332 3279 3386 ἐλπίδα
3312 3331 3709 3403 προσδοκῶμεν

2122 3424 2223 3493 τῆς
2282 3426 2376 3477 ἐπὶ
2421 3424 2506 3478 σοὶ
2542 3425 2859 3495 ἀλγηδόνος,
2891 3426 2990 3478 οὐκ
3040 3426 3121 3488 είς
3158 3424 3378 3495 μακράν
3406 3425 3588 3495 εὑρεῖν
3610 3424 3713 3493 τὴν

2126 3517 2446 3585 θεραπείαν,
2490 3518 2587 3572 ὲάν
2636 3520 2797 3588 μόνον
2854 3519 2917 3571 σὺ
2966 3516 3258 3588 βουληθῇς,
3301 3516 3492 3587 ὥσπερ
3522 3516 3713 3593 ᾐτήσω

2124 3610 2224 3682 τὴν
2264 3612 2373 3663 τῶν
2429 3610 2790 3682 βοηθημάτων
2815 3609 3145 3680 ἀποστολὴν,
3171 3608 3209 3663 ἀ
3243 3612 3335 3663 καὶ
3378 3607 3723 3661 ἀπεστείλαον

2129 3721 2251 3773 μεν,
2276 3701 2419 3757 οὕτω
2452 3704 2546 3757 καὶ
2572 3703 2670 3774 τῆς
2697 3706 2945 3774 χρήσεως
2974 3702 3157 3756 αὐτῶν
3192 3703 3387 3771 πεῖραν
3410 3699 3598 3753 λαϐεῖν
3632 3699 3712 3769 μὴ

2130 3794 2393 3867 βραδέως.
2424 3796 2568 3850 Διότι
2602 3797 2702 3849 οὐκ
2746 3796 2965 3867 ἄδηλον,
3014 3796 3095 3849 ὅτι
3137 3794 3338 3856 παντὸς
3370 3790 3715 3861 ἐναντιώμα-

2126 3905 2219 3951 τος
2260 3890 2317 3941 ὲν
2351 3889 2493 3960 ἀρχῇ
2529 3889 2691 3960 ῥᾳδία
2725 3891 2757 3960 ὴ
2791 3890 3072 3960 ἀποφυγὴ,
3104 3888 3137 3957 ἠ
3177 3886 3235 3940 δὲ
3261 3885 3453 3938 τούτου
3482 3884 3717 3953 παρενό-

2128 3978 2319 4051 χλησις
2354 3982 2411 4034 ὲν
2443 3982 2848 4051 καταφρονήσει
2901 3978 3183 4050 τιθεμένη,
3214 3977 3446 4046 δύναμιν
3485 3974 3593 4034 ἀπὸ
3617 3973 3717 4027 τοῦ

2130 4075 2325 4144 χρόνου
2379 4073 2752 4145 λαμϐάνουσα,
2801 4073 2990 4127 οὐκέτι
3052 4072 3254 4142 ὁμοίως
3292 4069 3465 4123 ἐθέλει
3504 4069 3715 4121 ἀνιέναι

2129 4170 2258 4232 τοὺς
2290 4168 2555 4240 πρότερον
2587 4168 3031 4239 καταφρονητάς,
3077 4165 3304 4237 ὕστερον
3332 4166 3388 4218 δὲ
3426 4164 3558 4235 πρὸς
3587 4164 3716 4215 ἐπι-

2135 4260 2358 4329 μέλειαν
2431 4260 2869 4330 καθισταμένους
2929 4263 3026 4332 τῆς
3093 4261 3188 4314 τοῦ
3248 4256 3716 4331 παρενοχλοῦντος

2134 4350 2392 4417 διώξεως.
2413 4354 2506 4406 Δεῖ
2533 4349 2625 4406 οῦν
2646 4356 2741 4407 καὶ
2782 4353 2881 4425 τὴν
2914 4355 3067 4426 ὑμῶν
3112 4354 3425 4424 τελειότητα
3446 4351 3555 4405 τῶν
3586 4349 3716 4420 βοη-

452 4448 558 4492 ιιιαι
581 4438 765 4495 carnis
801 4438 1225 4502 restitutionem,
1257 4437 1324 4491 Et
1352 4435 1467 4491 bazc
1496 4435 1715 4505 quidem
1742 4436 2007 4492 hactenus

2137 4440 2396 4511 θημάτων
2440 4443 2975 4514 καταλαμϐανόντων
3022 4445 3119 4499 σὺν
3175 4444 3314 4512 Θεῷ,
3353 4444 3428 4513 μὴ
3454 4440 3720 4514 ῥᾳθύμως

346 4576 353 4583 .
453 4528 533 4581 Tu
558 4545 684 4584 vero
705 4530 796 4597 qui
828 4530 970 4584 nosti
999 4540 1204 4598 quanta
1238 4528 1396 4582 nobis
1428 4527 1680 4597 patienda
1704 4527 1814 4581 sint
1836 4527 2013 4582 talibu;

2134 4533 2317 4587 αὐτῶν
2366 4536 2465 4603 τὴν
2522 4536 2720 4606 χρῆσιν
2760 4536 3114 4608 ποιήσασθαι.
3170 4537 3395 4595 Πάντως
3424 4536 3532 4606 γὰρ
3562 4533 3717 4586 εὺέλο

453 4634 635 4673 rerum
708 4620 1126 4688 tempestatibus
1173 4620 1399 4690 jactatis
1460 4619 1652 4690 quales
1710 4619 1852 4673 haud
1922 4619 2013 4674 εοίι

2132 4625 2284 4689 πιδές
2341 4626 2533 4697 ἐσμεν,
2588 4630 2665 4692 ὼς
2724 4628 2773 4681 εί
2835 4630 3253 4699 σπουδαιότερον
3292 4628 3475 4699 χρήσῃ
3512 4624 3716 4689 αὐτοῖς,

452 4721 635 4766 utrum
677 4711 859 4781 aliqua
920 4724 1162 4783 unquam
1242 4712 1564 4767 excitaverit
1618 4710 1919 4773 calamitas,
1976 4711 2013 4765 ir

2126 4717 2552 4774 ὲπανελεύσεται
2613 4722 2646 4792 ἡ
2681 4722 2889 4795 φυσικὴ
2939 4721 3033 4776 τοῦ
3073 4722 3303 4792 σαρκίον
3345 4721 3715 4779 κατάστασις.

453 4802 766 4873 adjuvando
798 4817 884 4859 me
917 4802 1027 4859 tuis
1054 4802 1262 4860 sanctis
1293 4802 1549 4874 precibus
1578 4812 1697 4857 esto
1727 4802 2013 4873 promptior

2130 4810 2318 4865 Ταῦτα
2358 4814 2457 4882 μὲν
2487 4814 2579 4867 ἐπὶ
2615 4813 2893 4870 τοσοῦτον.
2934 4815 3006 4867 Σὺ
3041 4814 3097 4868 δὲ
3128 4813 3286 4878 εἰδὼς
3310 4810 3401 4868 οἷα
3432 4813 3579 4874 εἰκὸς
3609 4812 3719 4865 πά-

451 4908 506 4953 et
543 4896 907 4954 constantior.
2133 4917 2283 4972 σχειν
2315 4904 2463 4974 ἡμᾶς
2494 4906 2551 4959 ἐν
2572 4904 2848 4969 τοιαύταις
2879 4906 3160 4973 καταιγίσι
3193 4904 3533 4976 πραγμάτων
3562 4918 3721 4972 στρε-

453 4992 749 5064 φομένους,
802 4993 919 5057 οῖας
969 4992 1071 5046 οὐκ
1103 4986 1258 5058 οῖδα,
1293 4990 1348 5053 εί
1383 4990 1467 5056 τίς
1509 5007 1641 5044 ποτε
1719 4987 2067 5061 πραγμάτων
2106 4992 2372 5066 ἐπήγειρε
2427 4996 2692 5070 βιαιότης,
2731 5001 2858 5063 ταῖς
2914 5000 3094 5063 ὁσίαις
3146 4996 3453 5069 ἐπαμύνειν
3526 4994 3722 5066 εὐχαῖς

451 5091 614 5163 γενοὖ
654 5091 865 5164 μοικαὶ
893 5089 1305 5161 προθυμότερος
1343 5088 1437 5141 καὶ
1474 5086 1894 5159 συντονώτερος.

884 5201 1135 5259 XXXIV.
1169 5200 1308 5255 Daci
1340 5200 1587 5256 Graeciaa.

2504 5207 2625 5262 AA'.
2679 5206 2995 5276 Στρατηγῷ
3027 5204 3353 5271 Ἓλληδος.

528 5326 732 5382 Dilecte
757 5324 914 5380 nobis
940 5322 1038 5385 ﬁli,
1072 5319 1352 5383 novimus,
1385 5319 1561 5389 gratia
1624 5317 1717 5373 Dei
1757 5317 2013 5374 intellecti

2215 5305 2420 5359 Τέκνον
2472 5302 2629 5373 ήμῶν
2677 5300 3057 5373 ἠγαπημένον,
3121 5298 3348 5368 οἴδαμεν
3398 5297 3483 5351 ὅτι
3536 5297 3727 5367 χάριτι

459 5426 515 5471 et
543 5417 828 5485 prudentia
861 5422 1086 5471 ornatus
1124 5426 1246 5465 cum
1299 5387 1408 5476 sis,
1441 5424 1541 5464 nec
1573 5424 1680 5464 non
1730 5418 1784 5465 et
1814 5409 2012 5479 pietate

2142 5397 2281 5453 Θεοῦ
2332 5396 2591 5467 φρονήσει
2640 5391 3019 5463 κοσμούμενος
3077 5392 3173 5444 καὶ
3201 5392 3444 5454 συνέσει,
3476 5389 3573 5440 καὶ
3607 5387 3727 5440 θεο-

460 5480 662 5580 quanta
690 5511 755 5564 ad
794 5512 1055 5564 honorem
1087 5514 1142 5562 et
1173 5505 1378 5559 bonum
1409 5512 1609 5558 statum
1662 5502 2013 5557 Ecclesiarun

2143 5491 2303 5563 φιλὴς
2355 5489 2637 5559 ὑπάρχων,
2666 5488 2766 5542 ὅσα
2798 5486 2880 5550 εις
2915 5484 3085 5556 τιμὴν
3114 5484 3210 5538 καὶ
3245 5483 3587 5538 κατάστασιν
3616 5480 3726 5533 τῶν

2132 5632 2383 5705 epistola,
2409 5629 2596 5705 nescio
2615 5642 2881 5705 quocasu
2907 5626 3097 5705 mutila
3125 5634 3289 5697 atque
3329 5621 3594 5705 informis.
3619 5627 3722 5705 est.

533 5648 608 5718 (I)
631 5646 901 5701 Hactenus
926 5644 1142 5718 Nicolai
1181 5640 1481 5718 magnifica
1510 5637 1764 5709 epistola,
1795 5653 1889 5694 seu
1918 5647 2028 5718 tre:
2132 5637 2383 5705 epistola,
2409 5637 2881 5718 nescioquo‘casu
2907 5637 3594 5718 mutpi’laatquelriztormts:

2138 5698 2313 5777 neque
2345 5698 2505 5776 ει·πεί
2547 5698 2875 5770 exemplaris
2909 5699 3233 5770 dignitatem
3295 5698 3431 5751 satis
3494 5698 3719 5748 retinet.

463 5707 664 5782 elatus,
722 5731 1053 5785 quamquam
1112 5707 1302 5785 dere
1350 5707 1573 5766 minime
1610 5725 1788 5785 aequa,
1816 5720 1873 5762 ut
1898 5707 2027 5785 alibi

464 5778 721 5848 dixit-rus.
742 5778 843 5841 'llla
867 5778 1045 5841 autem
1064 5799 1185 5850 quae
1205 5783 1372 5839 latine
1389 5786 1536 5838 extat
1564 5778 1705 5847 apud
1738 5778 2027 5836 Baronium
