4038 6204
275 287 376 352 221

1736 294 2149 358 EPISTOLr’E.

3448 300 3553 363 2ξὲ

288 401 629 474 Ἐκκλησιῶν
662 403 752 457 τοῦ
780 403 939 472 Θεοῦ,
968 402 1148 460 ταῦτα
1195 406 1290 459 καὶ
1318 406 1489 477 χωρὶς
1522 409 1623 476 τῆς
1653 408 1870 476 ἡμετέ-

1979 409 2098 473 Dei,
2155 409 2367 479 hocque
2394 408 2559 464 etiam
2591 406 2800 478 absque
2846 415 3034 463 nostra
3068 407 3472 474 exhortatione,
3500 423 3554 464 ct

280 515 379 569 ρας
428 496 831 567 παραινέσεως,
886 498 981 550 καὶ⁸
1031 497 1217 568 διανοῇ
1278 500 1373 551 καὶ
1403 498 1683 569 πράττεις.
1722 498 1867 565 Πλὴν

276 591 394 643 ἀλλ’
455 587 581 642 ἐπεὶ
626 591 661 659 ἠ
713 589 810 660 ὅλη
849 591 1092 663 μέριμνα
1126 591 1220 644 καὶ
1264 591 1296 661 ὴ
1328 590 1551 662 φροντὶς
1578 592 1714 660 ἡμῖν
1747 591 1867 643 ὲπί-

279 699 459 736 κειται
494 681 605 734 τῶν
645 680 1008 752 Ἐκκλησιῶν,
1040 683 1332 753 γράφομέν
1376 700 1459 736 σοι
1491 683 1585 737 καὶ
1618 685 1797 754 ἡμεῖς,
1831 682 1868 739 ἃ

278 772 372 826 καὶ
397 772 483 824 σοι
518 772 709 840 μισθὸν
740 773 993 843 οὐράνιον
1041 774 1316 845 προξενεῖ,
1354 774 1452 830 καὶ
1475 777 1595 837 ταῖς
1630 773 1869 844 Ἐκκλη-

278 864 424 927 σίαις
447 863 531 926 είς
561 865 849 934 συμφέρον
897 864 1076 916 ἐστίν·
1121 866 1259 917 ἀλλὰ
1291 865 1429 929 τέως
1470 864 1568 935 μὲν
1605 867 1732 935 περὶ
1762 864 1868 918 τῶν

276 955 453 1010 ἄλλων
492 955 757 1025 σιγῶμεν.
791 955 949 1008 Ἐπεὶ
976 957 1033 1008 δὲ
1066 956 1196 1027 περὶ
1216 957 1319 1026 τῆς
1337 957 1454 1010 τῶν
1481 956 1676 1027 Θηὸῶν
1705 956 1866 1023 ἁγίας

279 1046 633 1117 άνεμάθομεν
662 1046 1012 1116 Ἐκκλησίας,
1070 1048 1144 1109 ὡς
1174 1049 1223 1099 οί
1261 1047 1515 1117 κληρικοὶ
1547 1048 1670 1101 κατ’
1702 1047 1870 1117 ἀλλή-

278 1138 387 1191 λων
419 1138 831 1203 στασιάζοντες,
859 1139 981 1191 ἀντὶ
999 1138 1094 1190 τοῦ
1123 1137 1293 1201 τύπος
1315 1134 1457 1192 εἶναι
1483 1137 1869 1200 καταστάσεως

278 1231 388 1290 τοῖς
447 1230 766 1297 κοσμικοῖς,
803 1230 958 1283 αὐτοὶ
1024 1229 1328 1299 ἀταραξίας
1384 1228 1481 1283 καὶ
1530 1229 1711 1300 μάχας
1749 1246 1871 1282 συν-

289 1322 506 1389 ιστῶσι,
538 1324 633 1376 καὶ
660 1323 719 1375 τὸ
750 1322 1121 1376 έλεεινότατον
1152 1324 1245 1376 καὶ
1272 1322 1488 1392 πληγὰς
1517 1322 1870 1392 ἐπιφέρουσιν

280 1414 564 1483 ἀλλήλοις,
616 1412 875 1483 ὁρίζομεν
923 1415 1009 1467 ἵνα
1053 1413 1275 1475 τούτους
1306 1414 1385 1476 είς
1433 1412 1552 1483 ἒνή
1590 1413 1658 1482 σὴ
1696 1428 1867 1483 προσ-

279 1504 581 1573 καλέσηται
601 1503 840 1566 σύνεσις,
862 1505 959 1556 καὶ
983 1503 1166 1572 λόγοις
1189 1504 1285 1556 κα)⁸
1316 1502 1675 1575 παραινέσεσι
1707 1502 1870 1574 πείσῃ

276 1594 375 1664 τῆς
397 1596 661 1663 τοιαύτης
689 1595 917 1660 ἀταξίας
958 1595 1300 1664 ἀποσχέσθαι
1324 1611 1339 1626 ·
1391 1595 1487 1649 καὶ
1524 1594 1870 1667 παραγγείλῃ

278 1687 405 1743 τοὺς
461 1683 603 1752 μετὰ
651 1681 745 1735 τοῦ
795 1683 1231 1751 ἁρχιεπισκόπου
1284 1681 1867 1752 συλλειτουργοῦντας,

278 1776 524 1837 ἐκείνους
569 1774 671 1843 τὴν
720 1774 1017 1844 καθολικὴν
1051 1774 1386 1846 Ἐκκλησίαν
1446 1774 1720 1844 κατέχειν,
1771 1773 1864 1826 καὶ

279 1868 377 1937 τὴν
440 1870 501 1920 ἑν
556 1868 693 1937 αὐτῇ
729 1865 1043 1935 δοξολογίαν
1091 1868 1187 1920 τοῦ
1233 1867 1370 1919 Θεοῦ
1402 1866 1708 1919 ἐπιτελεῖν*
1736 1868 1864 1927 τοὺς

279 1960 335 2014 δέ
362 1959 584 2024 ἄλλους,
638 1959 687 2012 οἳ
718 1958 856 2018 τέως
895 1958 972 2029 τῷ
1002 1950 1429 2031 ἀρχιεπισκόπῳ
1462 1959 1588 2013 οὔτε
1620 1961 1862 2013 συνελει-

281 2052 617 2121 τούργησαν,
657 2050 784 2104 οὕτε
841 2052 1231 2121 ἐκοινώνησαν,
1269 2055 1326 2105 έν
1365 2054 1486 2117 ταῖς
1515 2052 1728 2116 λοιπαῖς
1767 2053 1861 2106 ὲκ·

283 2144 539 2212 κλησίαις
569 2142 903 2212 συνάγεσθαι
928 2145 1317 2211 καθ’ἐαυτοὺς,
1356 2146 1443 2200 ἵνα
1471 2144 1647 2208 οὕτως
1694 2147 1864 2214 ἀσύγ-

281 2254 442 2306 χυτος
468 2238 503 2305 ὴ
547 2235 789 2305 ίερατεία
822 2236 1101 2307 διαμείνῃ,
1163 2236 1355 2311 μέχρις
1408 2238 1475 2291 ἂν
1498 2239 1525 2291 ὁ
1549 2238 1705 2307 ἆγιος
1735 2238 1867 2302 Θεὸς

281 2328 553 2398 gemam
583 2343 636 2379 τι
665 2325 1087 2397 οἰκοδομηθῆναι
1132 2328 1211 2391 είς
1240 2330 1307 2381 τά
1356 2329 1699 2399 κατασχόντα
1727 2330 1866 2398 πρά·

282 2438 468 2490 γματα
526 2420 615 2473 διὰ
672 2421 772 2482 τὰς
809 2420 1086 2490 ἁμαρτίας
1143 2420 1301 2490 ἡμῶν
1349 2421 1450 2490 τὴν
1500 2421 1665 2491 ἁγίαν
1701 2420 1867 2475 αὑτοῦ

295 2516 647 2585 Ἐκκλησίαν.
713 2515 917 2568 Τούτου
986 2517 1094 2587 γὰρ
1132 2518 1425 2586 γενομένου
1467 2518 1558 2570 καὶ
1608 2519 1657 2570 οί
1718 2517 1869 2585 παρὰ

280 2610 371 2661 τοῦ
405 2608 545 2661 Θεοῦ
594 2608 1022 2680 διατηρηθέντες
1065 2610 1352 2680 ἄμεμπτοι
1398 2613 1456 2663 ἐν
1481 2612 1548 2680 τῇ
1587 2611 1870 2681 ἱερουργία

281 2700 486 2764 αὐτῶν,
525 2701 587 2752 ού
637 2701 713 2771 μὴ
764 2702 1184 2771 ’τιτροιςκόιῖιωσιν⁸
1225 2703 1321 2756 καὶ
1360 2703 1409 2756 οἱ
1452 2701 1793 2772 ἀνθρώπινόν
1818 2719 1870 2754 τι

280 2793 551 2857 παθόντες
581 2796 675 2847 καὶ
711 2794 1028 2863 σφαλέντες,
1094 2795 1231 2864 μετὰ
1275 2794 1377 2862 τῆς
1418 2793 1629 2864 ἀγαθῆς
1660 2794 1872 2858 ἐλπίδος

284 2890 499 2942 ἑσονται
563 2889 927 2959 ἀναμένοντες
953 2888 1051 2958 τὴν
1097 2888 1227 2957 περὶ
1261 2887 1458 2949 αὐτοὺς
1498 2886 1871 2956 γενησομένην

282 2981 622 3050 οἰκονομίαν,
664 2982 793 3034 ὅταν
827 2981 855 3033 ὁ
894 2981 1067 3051 μέγας
1097 2978 1256 3050 ἡμῶν
1295 2978 1588 3049 ἀρχιερεὺς
1624 2979 1717 3032 καὶ
1739 2978 1872 3042 Θεὸς

1974 505 2181 576 cogites
2212 514 2269 560 et
2302 520 2455 575 agas.
2506 505 2757 558 Attamen
2826 516 2948 557 cum
3004 501 3068 555 ad
3110 516 3209 557 nos
3284 504 3549 572 pertineat

1972 598 2153 653 omnis
2173 611 2305 653 cura
2334 606 2388 652 et
2421 594 2735 652 sollicitudo
2794 595 3192 657 Ecclesiarum,
3255 593 3552 649 scribimus

1974 687 2067 743 tibi
2095 696 2149 743 et
2178 703 2297 753 nos,
2332 702 2452 758 quze
2478 696 2531 742 et
2574 686 2669 742 tibi
2719 685 3020 741 mercedem
3043 685 3330 742 .ctelestem
3372 685 3555 738 conci-

1971 781 2201 845 liabunt,
2253 790 2306 835 et
2344 780 2610 836 Ecclesiis
2667 779 2822 834 utilia
2871 779 3016 844 sint;
3058 779 3153 834 sed
3204 777 3273 832 ad
3314 792 3553 846 praesens

1972 871 2191 942 quidem
2211 871 2278 926 de
2318 871 2533 926 ca’teris
2558 879 2859 925 taceamus.
2893 869 3160 936 Quoniam
3189 884 3318 924 vero
3350 877 3553 923 sauctte

1972 965 2286 1021 Thebarum
2341 966 2603 1021 Ecclesiae
2657 965 2974 1020 audivimus
3014 964 3247 1019 clericos
3293 962 3438 1018 inter
3493 977 3552 1017 se

1971 1058 2388 1123 dissentientes,
2424 1059 2624 1113 nedum
2645 1059 2755 1113 sint
2782 1058 2869 1112 bis
2899 1058 2992 1128 qui
3031 1057 3100 1113 de
3159 1057 3363 1112 mundo
3402 1065 3552 1121 sunt,

1970 1150 2233 1206 virtutum
2264 1152 2568 1221 exemplar,
2613 1151 2888 1205 tumultus
2915 1159 2969 1205 et
3011 1165 3221 1222 pugnas
3276 1151 3553 1205 concitare

1972 1244 2225 1313 quodque
2285 1243 2660 1298 miserrimum
2713 1252 2817 1305 est,
2850 1243 3035 1312 plagas
3066 1243 3171 1298 sibi
3198 1242 3429 1297 invicem
3464 1242 3551 1295 in-

1972 1334 2140 1398 ferre,
2166 1334 2218 1388 id
2237 1333 2533 1390 statuimus
2566 1345 2623 1387 ut
2642 1348 2737 1389 eos
2764 1344 2852 1389 tua
2878 1333 3166 1403 prudentia
3188 1334 3255 1387 ad
3287 1334 3548 1410 unitatem

1972 1439 2216 1489 revoces,
2248 1424 2437 1494 eisque
2464 1432 2519 1478 et
2565 1423 2748 1479 verbis
2807 1434 2861 1477 et
2901 1423 3376 1478 exhortationibus
3427 1438 3551 1492 per-

1973 1514 2206 1570 suadeas
2290 1522 2350 1569 ut
2421 1512 2728 1568 istiusmodi
2800 1513 3126 1567 tumultibus
3203 1513 3551 1572 abstineant;

1974 1618 2028 1664 et
2061 1607 2146 1663 his
2173 1607 2267 1678 qui
2300 1606 2718 1675 archiepiscopo
2774 1606 3219 1662 comministrant
3263 1604 3552 1659 denunties

1976 1707 2035 1753 ut
2066 1697 2170 1768 ipsi
2193 1695 2517 1751 catholicam
2549 1695 2846 1751 Ecclesiam
2906 1703 3210 1765 protegant,
3244 1704 3320 1760 et,
3352 1709 3473 1764 qua:
3498 1692 3551 1755 in

1974 1806 2037 1845 ea
2069 1798 2173 1856 est,
2212 1788 2306 1843 Dei
2341 1788 2571 1858 gloriam
2625 1787 2956 1857 perﬁciant;
2993 1786 3206 1841 celeris
3234 1795 3416 1839 autem
3459 1785 3550 1853 qui

1974 1884 2243 1938 hactenus
2268 1881 2686 1951 archiepiscopo
2718 1895 2897 1950 neque
2953 1878 3550 1939 comministraverunt,

1977 1992 2150 2048 neque
2176 1974 2746 2039 communicaverunt,
2779 1983 2839 2028 ut
2866 1973 2920 2027 in
2950 1971 3174 2041 reliquis
3212 1969 3470 2025 Ecclesiis
3494 1968 3553 2021 in

1976 2084 2146 2123 unum
2178 2076 2393 2131 coeant,
2431 2077 2489 2121 ut
2518 2067 2591 2120 ita
2625 2065 2991 2122 sacerdotium
3024 2062 3368 2119 inconfusum
3434 2076 3553 2115 ma-

1976 2168 2122 2228 neat,
2155 2158 2510 2231 quoadusque
2540 2156 2649 2212 Deo
2674 2165 2862 2212 sancto
2888 2157 3062 2211 visum
3117 2153 3281 2210 fuerit
3316 2168 3552 2223 quonam

1955 2257 2140 2329 _modo
2180 2255 2481 2310 aediﬁcetur
2512 2261 2705 2307 sancta
2760 2266 2857 2307 sua
2892 2248 3143 2305 Ecclesia
3194 2249 3246 2301 iu
3282 2246 3389 2311 his,
3435 2261 3557 2314 quae

1974 2360 2199 2422 propter
2249 2356 2471 2418 peccata
2506 2356 2693 2401 nostra
2723 2344 3097 2405 obtinuerunt,
3128 2337 3551 2396 calamitatibus.

1976 2444 2091 2500 Hoc
2120 2444 2264 2499 enim
2303 2442 2466 2503 facto,
2502 2453 2554 2496 et
2570 2440 2647 2505 hi,
2683 2439 2775 2509 qui
2809 2455 2838 2491 a
2872 2436 2982 2492 Deo
3048 2430 3555 2503 irreprehensibiles

1978 2537 2181 2593 servati
2222 2546 2350 2589 sunt
2385 2533 2437 2585 in
2466 2548 2565 2587 suo
2588 2529 2920 2596 ministerio,
2948 2544 3054 2582 non
3086 2526 3378 2588 oﬂ‘endeut,
3414 2529 3467 2577 et
3505 2522 3555 2574 hi

1977 2628 2069 2698 qui
2107 2625 2330 2680 humani
2363 2622 2568 2694 aliquid
2602 2622 2752 2692 passi
2791 2628 2942 2686 sunt,
2971 2630 3022 2674 et
3053 2625 3393 2679 erraverunt,
3430 2630 3555 2669 cum

1980 2720 2118 2773 bona
2184 2731 2281 2786 spe
2359 2714 2758 2784 exspectabunt
2798 2710 3199 2765 ordinationem
3243 2708 3310 2763 de
3362 2706 3558 2774 seipsis

1978 2811 2240 2874 futuram,
2276 2807 2496 2878 quando
2546 2805 2678 2861 illud
2726 2819 2943 2860 summo
2991 2810 3182 2857 nostro
3213 2798 3481 2856 sacerdoti
3506 2807 3559 2853 ct

1979 2902 2089 2956 Deo
2124 2901 2384 2972 perﬁcere
2431 2900 2608 2952 visum
2643 2897 2827 2951 fuerit.
2880 2894 3215 2950 Incolumem
3252 2902 3307 2947 te
3371 2898 3556 2944 servet

1983 2995 2270 3058 Dominus,
2335 2988 2798 3047 desideratissime
2833 2997 3020 3043 noster
3070 2984 3166 3049 lili,
3200 2984 3252 3040 in
3302 2981 3559 3039 omnibus

284 3071 440 3127 τοῦτο
476 3073 752 3146 εὐδοκήσῃ
791 3072 1233 3141 ἐπιτελεσθῆναι.
1272 3070 1621 3140 Ἐρρωμένον
1654 3087 1712 3123 σε
1750 3070 1869 3123 δια-

1981 3086 2137 3142 bonis
2160 3083 2535 3155 proﬁcientem
2592 3092 2645 3136 et
2675 3080 2812 3135 bene
2866 3079 3175 3135 audientem
3211 3081 3264 3131 et
3290 3072 3439 3131 omni
3475 3072 3559 3126 in-

285 3163 520 3233 φυλάξαι
570 3166 599 3216 ό
634 3163 840 3233 Κύριος
863 3204 876 3226 ,
921 3162 1113 3215 τέκνον
1144 3160 1300 3230 ἡμῶν
1339 3160 1611 3223 ποθεινὸν,
1652 3159 1710 3211 έν
1737 3160 1873 3213 πᾶσι

285 3258 468 3320 καλοῖς
531 3256 917 3326 προκόπτοντα
973 3255 1067 3308 καὶ
1119 3252 1537 3324 εὐδοκιμοῦντα,
1592 3252 1689 3305 καὶ
1743 3252 1873 3306 ὄντα

286 3349 547 3412 παντοίας
577 3347 843 3417 ἐπηρείας
868 3346 1162 3417 ἀνώτερον.

636 3486 758 3539 AE‘.
804 3483 1122 3555 Στρατηνῷ
1164 3486 1528 3556 Στρυμόνος.

358 3624 511 3687 οἶδα,
540 3625 731 3680 τέκνον
752 3629 784 3698 ἡ
796 3626 912 3696 μῶν
941 3626 1321 3695 ἠγαπημένον,
1344 3626 1426 3680 ὅτι
1481 3624 1575 3678 κα)⁵
1610 3626 1874 3697 φρονήσει

288 3721 379 3775 καὶ
410 3721 633 3774 συνέσει
686 3720 1083 3789 κοσμούμενος,
1134 3720 1321 3773 έκεῖνα
1365 3720 1585 3789 φρονεῖς
1614 3718 1875 3788 περὶτῆς

283 3816 375 3869 τοῦ
421 3814 562 3868 Θεοῦ
612 3814 944 3883 Ἐκκλησίας
1010 3814 1112 3868 ὃσα
1145 3812 1355 3883 πρέπον
1395 3814 1545 3866 ἐστὶν
1589 3811 1875 3881 ἄνθρωπον

285 3908 512 3978 θεοφιλῆ
540 3908 639 3961 καὶ
672 3909 825 3979 παρὰ
867 3907 1000 3960 Θεοῦ
1035 3908 1131 3960 καὶ
1170 3905 1267 3960 νῦν
1297 3906 1602 3976 τιμηθέντα
1663 3906 1759 3960 καὶ
1786 3906 1876 3959 δο-

287 4002 593 4066 ξασθέντα,
637 4000 732 4054 καὶ
787 4000 866 4063 είς
889 4002 981 4052 τὸν
1024 3999 1285 4067 μέλλοντα
1339 3998 1514 4053 αἰῶνα
1571 3997 1740 4065 δόξαν
1781 3997 1878 4051 καὶ

286 4095 458 4166 τιμὴν
494 4092 685 4147 λαὸεῖν
717 4095 849 4161 παρ’
916 4092 1082 4145 αὑτοῦ
1131 4091 1454 4156 ὲλπίζοντα’
1495 4091 1589 4145 καὶ
1617 4089 1747 4152 ἴσως
1779 4107 1877 4142 πε-

288 4188 478 4255 ρισσόν
500 4202 557 4238 τι
594 4181 861 4252 ποιοῦμεν
893 4182 991 4251 τὴν
1041 4183 1140 4251 σὴν
1172 4181 1551 4249 διανοηθέντες
1586 4182 1877 4251 παραινεῖν

284 4277 513 4346 θεοφιλῆ
544 4274 723 4346 ψυχὴν
756 4274 887 4343 περὶ
920 4272 1013 4325 τοῦ
1060 4273 1427 4343 προΐστασθαι
1461 4273 1569 4326 τῶν
1609 4271 1878 4342 πραγμά-

281 4388 390 4423 των
434 4372 540 4438 τῆς
597 4366 841 4437 μεγάλης
901 4364 995 4419 τοῦ
1036 4364 1171 4418 Θεοῦ
1222 4364 1574 4435 Ἐκκλησίας,
1629 4364 1687 4416 ὲν
1783 4363 1879 4415 καὶ

1976 3175 2122 3248 juria
2174 3172 2569 3244 superiorem.)

2398 3493 2616 3549 XXXV.
2654 3492 2785 3546 Duci
2816 3492 3141 3563 Strymonis.

2048 3631 2208 3697 Novi,
2237 3629 2431 3686 dilecte
2487 3628 2646 3683 nobis
2674 3627 2771 3693 illi,
2802 3636 2854 3681 te
2884 3635 2936 3681 et
2980 3624 3267 3696 prudentia
3313 3632 3369 3679 et
3404 3623 3563 3677 intel-

1978 3722 2121 3777 lectu
2165 3730 2419 3776 ornatum
2461 3720 2566 3775 hoc
2625 3719 2830 3774 sentire
2857 3718 2924 3772 de
2978 3715 3072 3770 Dei
3132 3714 3371 3770 Ecclesia
3416 3714 3558 3785 quod

1980 3817 2137 3870 decet
2167 3814 2446 3867 hominem
2484 3809 2585 3866 Dei
2651 3818 2926 3866 amantem
2962 3816 3015 3863 et
3039 3823 3068 3861 a
3099 3806 3209 3862 Deo
3242 3807 3352 3877 jam
3391 3808 3562 3861 hone-

1979 3915 2181 3979 statum
2210 3901 2672 3974 etgloriﬂcatum,
2707 3908 2761 3955 et
2812 3909 3124 3970 sperantem
3161 3913 3220 3952 se
3276 3898 3327 3950 in
3362 3896 3563 3951 saeculo

1981 3996 2169 4050 futuro
2201 3995 2371 4065 gloria
2396 4001 2450 4048 et
2505 3994 2712 4048 honore
2741 3992 2810 4047 ab
2836 4008 2904 4047 eo
2956 3991 3291 4047 donandum.
3326 3990 3392 4047 Et
3425 3994 3563 4045 forte

1981 4102 2381 4157 supervacuum
2438 4086 2644 4155 aliquid
2690 4084 2949 4149 facimus,
2993 4086 3242 4141 arbitrati
3291 4096 3437 4140 tuam
3471 4084 3561 4139 Dei

1978 4191 2251 4235 amantem
2270 4179 2665 4234 exhortandam
2683 4194 2802 4234 esse
2828 4181 3088 4241 animam,
3112 4180 3349 4235 utrebus
3374 4179 3563 4249 praesis

1983 4289 2189 4344 magure
2221 4271 2479 4326 Ecclesiae
2510 4270 2603 4326 Dei
2637 4272 2691 4326 in
2714 4286 2819 4341 qua
2841 4272 3178 4341 gloriﬁcatus
3193 4289 3250 4328 es
3279 4288 3308 4327 a
3347 4272 3558 4343 Spiritu

1982 4375 2172 4418 saneto
2201 4379 2297 4433 per
2326 4361 2731 4432 impositionem
2770 4361 3061 4417 humilium
3106 4378 3366 4417 manuum
3411 4380 3561 4419 mea-

282 4460 581 4530 έδοξάσθης
606 4458 759 4529 παρὰ
798 4457 891 4510 τοῦ
924 4457 1086 4525 ἁγίου
1124 4456 1463 4526 Πνεύματος,
1498 4455 1588 4510 διὰ
1625 4456 1725 4524 τῆς
1758 4455 1872 4507 ἐπι·

1988 4474 2134 4521 rum,
2168 4454 2551 4511 benedictione
2613 4454 2667 4509 in
2723 4455 3017 4526 patriciatu
3073 4465 3320 4526 accepta,
3366 4456 3418 4510 in
3455 4473 3561 4527 qua

283 4557 492 4617 θέσεως
524 4552 635 4607 τῶν
682 4549 961 4604 ταπεινῶν
986 4548 1146 4618 ἡμῶν
1181 4547 1380 4619 χειρῶν
1411 4548 1512 4617 τὴν
1545 4548 1637 4600 ἐπὶ
1667 4548 1735 4618 τῇ
1768 4563 1878 4599 πα·

280 4646 598 4717 τρικιότητι
656 4642 909 4711 εὐλογίαν
957 4641 1286 4712 δεξάμενος’
1336 4641 1395 4693 ὲν
1436 4633 1724 4713 ᾖπάντως
1785 4639 1880 4691 καὶ

282 4742 381 4802 τὰς
450 4736 678 4799 ἐλπίδας
730 4735 898 4806 ἔχεις,
937 4734 1219 4787 τουτέστιν
1259 4734 1339 4794 είς
1383 4732 1485 4801 τὴν
1521 4732 1579 4785 έν
1617 4731 1755 4799 αύτῇ
1790 4730 1878 4782 διὰ

284 4830 491 4892 παντὸς
553 4827 920 4881 κατοικοῦσαν
953 4825 1115 4896 χάριν
1146 4822 1240 4877 τοῦ
1296 4820 1568 4889 παναγίου
1625 4818 1879 4888 [Ῑνεύμα-

284 4941 395 4988 τος.
460 4923 603 4976 Ἀλλ’
664 4924 811 4992 ὅμως
858 4917 1047 4988 ἐπειδὴ
1104 4916 1341 4987 γράμμα
1384 4913 1693 4983 ἐδεξάμεθα
1727 4912 1878 4982 παρὰ

286 5019 374 5071 τοῦ
429 5017 545 5070 τῶν
591 5014 893 5085 κτημάτων
924 5013 1096 5081 αὐτῆς
1143 5008 1510 5082 προεστῶτος,
1550 5007 1783 5078 λέγομεν
1814 5004 1877 5074 δὴ

284 5110 372 5162 τοῦ
402 5106 918 5179 Στρογγυλίζοντος,
954 5103 1263 5173 ὑπόμνησιν
1292 5098 1596 5171 ποιούμεθα
1624 5098 1717 5152 τοῦ
1746 5098 1882 5168 γράο

281 5200 374 5267 ςαι
404 5201 548 5271 πρὸς
576 5199 679 5270 τὴν
722 5198 878 5268 ὑμῶν
922 5195 1428 5267 μεγαλοπρέπειαν,
1472 5192 1614 5247 ῶστε
1654 5192 1750 5261 τῆς
1781 5195 1879 5262 σῆς

282 5291 684 5362 ἀντιληπτικῆς
731 5289 915 5361 χειρὸς
961 5291 1018 5341 έν
1071 5287 1373 5341 ἀπολαύσει
1425 5285 1592 5339 αὐτόν
1643 5304 1697 5339 τε
1750 5302 1881 5354 τυγ-

285 5386 509 5455 χάνειν,
574 5382 833 5445 καὶτοὺς
894 5378 1515 5446 καταπεπιστευμένους
1573 5377 1724 5447 αὐτῷ
1776 5377 1878 5447 τῆς

299 5475 627 5547 Ἑκκλησίας
649 5475 875 5540 τόπους,
921 5466 982 5527 οὗ
1008 5473 1125 5542 ἂνή
1150 5470 1313 5542 χρεία
1340 5471 1507 5542 καλῇ,
1541 5470 1638 5539 τὴν
1666 5470 1876 5524 ἐκείνου

291 5568 626 5639 πληροῦντες
657 5567 993 5638 ὑπόμνησιν,
1029 5565 1207 5619 ταῦτά
1238 5581 1322 5617 σοι
1348 5564 1418 5617 τὰ
1439 5563 1745 5636 γράμματα
1764 5563 1877 5615 δια-

288 5663 605 5735 πέμπομεν,
628 5663 725 5716 καὶ
751 5660 944 5733 ῶσπερ
985 5660 1255 5732 παρόντες
1298 5657 1365 5711 δι’
1392 5658 1574 5713 αὐτῶν
1605 5675 1875 5727 προσομι-

288 5750 511 5823 λοῦμεν,
552 5754 649 5808 καὶ
682 5749 1059 5825 παραινοῦμεν
1090 5746 1185 5805 τοῦ
1216 5748 1293 5820 μὴ
1316 5748 1577 5819 περιορᾷν
1611 5748 1733 5811 τοὺς
1753 5748 1874 5819 βουο

1985 4550 2211 4605 omnino
2251 4557 2305 4604 et
2336 4565 2433 4620 spe
2469 4548 2693 4613 frueris,
2748 4550 2934 4618 grati-.e
2980 4548 3189 4604 scilicet
3221 4549 3563 4604 sanctissimi

1986 4622 2227 4713 Spiritus
2260 4658 2381 4713 quze
2401 4642 2454 4696 in
2481 4656 2545 4697 ea
2576 4639 2951 4697 indeﬁcieuter
2984 4642 3273 4698 inhabitat.
3311 4643 3566 4699 Attamen

1981 4736 2241 4807 quoniam
2292 4736 2504 4792 litteras
2553 4736 2868 4806 accepimns
2901 4738 2968 4791 ab
2987 4752 3052 4791 eo
3084 4737 3177 4807 qui
3236 4737 3403 4792 rebus
3446 4737 3570 4805 ejus

1980 4836 2197 4899 praeest,
2229 4842 2258 4880 a
2292 4828 2551 4897 praefecto
2593 4827 3031 4898 Strongylizonte
3061 4844 3184 4898 quae
3246 4828 3567 4883 memoriam

1982 4921 2188 4977 faciunt
2212 4919 2489 4977 scribundi
2519 4922 2585 4976 ad
2617 4930 2764 4977 tuam
2802 4922 3236 4991 amplitudinem,
3273 4936 3338 4976 eo
3368 4909 3483 4974 (ine
3506 4929 3566 4974 ut

1983 5024 2073 5067 tua
2099 5021 2349 5083 prompta
2373 5028 2535 5067 manu
2557 5010 2789 5078 fruatur,
2810 5023 2922 5067 tum
2942 5013 3079 5082 ipse,
3100 5024 3210 5067 tum
3236 5011 3289 5067 hi
3307 5011 3565 5066 Ecclesiae

1982 5107 2089 5163 loci
2127 5105 2219 5176 qui
2253 5106 2305 5160 ei
2365 5107 2800 5173 committuntur,
2834 5107 2950 5161 ‘uhi
3016 5122 3154 5178 Opus
3204 5105 3390 5169 fuerit,
3426 5106 3566 5160 hanc

1985 5200 2342 5254 monitiouent
2375 5199 2642 5263 exsecuti,
2672 5198 2769 5255 has
2802 5200 2896 5254 tibi
2929 5200 3137 5254 litteras
3190 5199 3480 5261 mittimus,
3513 5206 3567 5251 et

1982 5300 2078 5355 per
2106 5285 2252 5354 ipsas
2291 5295 2341 5339 te
2368 5288 2523 5357 quasi
2559 5295 2853 5355 prtesentes
2893 5288 3248 5357 alloquimur,
3279 5295 3334 5341 et
3363 5287 3566 5340 exhor-

1985 5388 2164 5432 tamur
2220 5393 2288 5431 ne
2321 5378 2591 5448 despicias
2660 5397 2754 5438 eos
2780 5382 2875 5452 qui
2943 5381 3257 5436 inordinate
3305 5394 3473 5435 sensu
3510 5388 3563 5433 et

1994 5470 2495 5538 impetu,invadere
2556 5474 2781 5528 tendunt
2831 5476 2887 5529 in
2950 5475 3063 5529 loca
3119 5474 3295 5527 sancti
3372 5473 3557 5542 templi

1979 5562 2164 5632 magni
2196 5560 2288 5618 Dei
2320 5573 2374 5619 ct
2403 5564 2706 5620 Salvatoris
2731 5565 2924 5627 nostri,
2949 5572 3002 5618 ct
3035 5572 3089 5616 ut
3108 5565 3309 5620 avcllas
3337 5565 3555 5634 quidem

1978 5669 2075 5711 eos
2097 5670 2163 5711 ex
2193 5656 2312 5727 ejus
2340 5656 2567 5724 ditione,
2600 5658 2657 5711 in
2706 5667 2854 5711 tuam
2916 5665 3096 5711 autem
3158 5662 3429 5729 propriam
3474 5657 3562 5710 di-

1981 5748 2182 5806 tionem
2226 5749 2456 5822 redigas.
2517 5745 2656 5805 Sunt
2695 5756 2902 5816 autem,
2960 5759 3019 5807 ut
3070 5750 3347 5818 audimus,
3384 5747 3549 5818 hujus
