4038 6204
286 290 394 353 225

1752 299 2157 361 EPISTOLE.

3458 298 3567 362 2‘23

287 407 386 458 καὶ
421 402 587 459 πλέον
624 406 719 477 τῆς
765 409 1051 482 παρούσης
1098 411 1247 483 ζωῆς
1283 414 1357 477 ὥς
1394 431 1457 481 γε
1502 414 1871 485 ὑπολαμϐάνω

1978 415 2105 469 hinc
2137 422 2354 469 maneat
2378 390 2643 469 nterccsa
2677 415 2786 470 Deo
2822 422 3040 484 prapter
3068 427 3131 467 ea
3166 427 3285 481 qua:
3314 413 3365 466 in
3401 428 3570 483 nego-

288 495 579 569 ἐφιέμενος
615 501 714 569 τῆς
770 501 1076 573 μελλούσης
1099 521 1114 537 ’
1154 506 1375 570 πάντως
1402 506 1459 558 δὲ
1487 507 1548 559 οὐ
1596 504 1878 569 διατάξεις

284 592 369 645 ὅτι
400 591 695 645 ἀπόκειταί
749 610 833 646 σοι
887 596 1081 665 μισθὸς
1130 598 1342 652 ἐκεῖθεν
1373 598 1523 668 παρά
1568 597 1704 651 Θεοῦ
1735 598 1879 668 ὑπὲρ

284 678 360 737 ὧν
397 685 589 747 ἐντοῖς
612 688 905 757 πράγμασι
942 690 1038 759 τῆς
1066 689 1235 743 αὑτοῦ
1280 692 1609 762 Ἐκκλησίας
1661 694 1843 755 πονεῖς
1866 706 1881 722 ο

288 777 413 845 ῆσὺ
444 777 541 831 ἐάν
596 796 681 841 τις
731 783 789 834 ἐν
828 786 941 845 τοῖς
988 785 1100 848 σοῖς
1150 784 1313 837 πόνον
1353 786 1448 839 καὶ
1487 785 1725 856 σπουδὴν
1761 787 1883 838 ἔπιε

288 869 570 924 δείκνυται
609 872 955 941 πράγμασιν,
1019 875 1165 929 ὥστε
1207 878 1480 946 ὠφέλειαν
1502 878 1627 932 τινὰ
1664 878 1877 942 τούτοις

287 966 544 1033 γενέσθαι
565 967 664 1036 τῆς
683 967 1044 1039 ὀφειλομένης
1068 972 1289 1040 χάριτος
1316 971 1421 1024 οὐκ
1440 972 1763 1040 ἀποστερεῖς
1792 970 1884 1024 τὸν

290 1058 691 1125 σπουδάζοντα,
729 1058 870 1113 ἀλλὰ
923 1062 1085 1114 παντὶ
1123 1065 1315 1132 τρόπῳ
1363 1063 1461 1132 τὴν
1498 1062 1741 1132 ἀμοιϐὴν
1774 1062 1883 1114 τῶν

288 1153 471 1205 πόνων
500 1153 693 1205 τούτου
737 1156 1106 1225 περισκοπεῖς
1131 1172 1148 1221 ;
1179 1156 1271 1209 τὸν
1303 1155 1359 1208 δὲ
1393 1157 1483 1209 ἐπὶ
1506 1156 1725 1209 πάντων
1748 1155 1883 1209 Θεὸν

286 1243 575 1297 λείπεσθαι
634 1247 734 1315 τῆς
805 1245 906 1315 σῆς
987 1246 1365 1318 προαιρέσεως
1437 1247 1880 1317 ύπολαμϐάνεις;

300 1334 443 1387 Ἀλλ’
490 1334 702 1388 ἄτοπον
732 1335 916 1401 τοῦτο,
958 1338 1055 1392 καὶ
1113 1340 1189 1409 μή
1234 1356 1363 1392 ποτε
1412 1342 1492 1401 εἰς
1521 1338 1645 1391 νοῦν
1676 1337 1885 1408 ἀνθρώ-

293 1438 450 1475 πινον
477 1420 642 1474 ἔλθοι.
682 1422 770 1486 Ὠς
805 1420 981 1487 εἷπον,
1032 1427 1309 1481 κατάὸαλε
1338 1426 1436 1498 τὴν
1474 1428 1569 1480 ἐπὶ
1591 1427 1667 1497 τῷ
1699 1429 1883 1499 γράμ-

293 1530 423 1582 ματι
452 1514 716 1586 ἀθυμίαν.
755 1518 889 1588 Περὶ
918 1518 977 1570 δὲ
1036 1522 1135 1589 τῆς
1165 1520 1276 1573 τῶν
1329 1523 1678 1591 πραγμάτων
1718 1538 1883 1591 περι-

293 1605 543 1669 στάσεως
583 1608 678 1661 καὶ
714 1606 1006 1673 δυσκολίας
1068 1611 1393 1682 ἐγράψαμεν
1452 1612 1532 1682 τῷ
1564 1612 1880 1683 στρατηγῷ»

288 1699 382 1750 καὶ
410 1699 740 1768 λογιζόμεθα
790 1700 983 1755 τοῦτον
1016 1703 1092 1774 μὴ
1149 1704 1207 1756 ἐν
1259 1704 1664 1776 παραλογισμῷ
1691 1705 1881 1771 θέσθαι

1986 506 2076 560 tiis
2110 505 2369 563 Ecclesia:
2389 509 2503 578 ejus
2551 508 2788 564 laboras.
2842 506 2983 561 Num
3038 515 3118 569 tu,
3145 505 3337 574 siquis
3368 507 3421 559 in
3463 507 3571 560 tuis

1985 601 2227 655 laborem
2289 608 2344 655 et
2417 601 2658 655 studium
2722 601 2964 662 exhibet.
3054 600 3127 654 ita
3191 608 3247 652 ut
3320 599 3567 669 quaedam

1988 691 2198 747 utilitas
2214 692 2298 748 his
2334 692 2461 747 inde
2488 696 2792 762 contingat,
2814 694 3151 747 laborantem
3181 690 3361 746 debita
3402 693 3575 761 gratia

1986 784 2265 848 destituis,
2299 794 2395 839 aut
2426 800 2533 839 non
2568 787 2750 854 potius
2780 787 2929 839 omni
2989 786 3152 839 modo
3181 785 3387 851 justam
3419 784 3573 837 labo~

1987 890 2107 929 rum
2143 876 2262 944 ejus
2294 876 2704 931 retributionem
2726 877 3140 946 circumspicis?
3163 876 3331 931 Deum
3359 884 3567 937 autem.

1984 965 2077 1035 qui
2117 976 2201 1020 est
2232 980 2398 1035 super
2452 982 2669 1034 omnes,
2708 967 3023 1023 inferiorem
3058 980 3151 1023 tua
3190 971 3329 1023 bona
3384 970 3570 1023 volun-

1986 1064 2094 1108 tate
2125 1055 2414 1110 arbitraris
2444 1058 2466 1111 ?
2504 1058 2572 1112 At
2596 1058 2850 1113 insanum
2886 1059 3056 1126 istud,
3090 1046 3193 1114 nec
3223 1074 3463 1129 unquam
3511 1057 3566 1113 in

1985 1162 2221 1207 mentem
2308 1153 2603 1209 humanam
2666 1156 2852 1209 intret.
2909 1154 3376 1221 Quemadmodum
3452 1154 3564 1220 iam

1984 1244 2118 1309 dixi,
2148 1243 2321 1314 abjice
2353 1246 2493 1299 hanc
2523 1245 2689 1299 animi
2721 1247 2998 1301 tristitiam
3031 1247 3098 1301 de
3125 1246 3339 1302 litteris.
3376 1244 3450 1300 De
3481 1262 3567 1302 re-

1984 1351 2105 1389 rum
2135 1334 2336 1390 deinde
2364 1334 2553 1404 iniquo
2601 1345 2746 1390 statu
2804 1336 3129 1406 scripsimus
3156 1336 3300 1402 duci,
3339 1346 3391 1390 et
3422 1337 3566 1390 hunc

1985 1440 2091 1478 non
2151 1424 2491 1478 arbitramur
2553 1425 2709 1479 nihili
2768 1426 3041 1480 facturum
3103 1442 3164 1480 ea
3197 1427 3565 1496 quaeanobis

1982 1515 2185 1583 scripta
2218 1525 2367 1581 sunt,
2400 1516 2515 1577 sed,
2549 1533 2714 1587 quam
2748 1519 3012 1587 potuerit,
3044 1518 3113 1573 ab
3154 1518 3273 1588 ipso
3304 1528 3567 1586 praestan-

1982 1610 2105 1663 dam
2140 1610 2253 1663 fore
2288 1625 2445 1678 opem
2479 1620 2533 1665 et
2556 1611 2845 1670 auxilium,
2872 1612 2945 1665 ita
2977 1612 3113 1665 utin
3147 1611 3229 1665 his
3261 1610 3453 1664 fortior
3488 1611 3568 1664 fa-

1982 1709 2125 1767 ctus,
2151 1702 2449 1758 studiosius
2478 1704 2541 1756 ad
2587 1718 2673 1757 res
2721 1703 3029 1758 incumbas.
3070 1705 3205 1757 Cum
3250 1711 3431 1756 autem
3466 1704 3561 1756 ad-

286 1792 355 1842 τά
396 1792 530 1857 παρ’
562 1792 722 1861 ἡμῶν
748 1796 1052 1865 γρατέντα,
1074 1795 1210 1849 ἀλαλά
1231 1798 1330 1866 τὴν
1364 1797 1723 1868 ἐνδεχομένην
1753 1800 1871 1850 ἑπι-

1978 1792 2144 1849 fucris
2181 1795 2327 1859 duci,
2367 1797 2597 1865 ejusque
2653 1805 2887 1850 mentem
2934 1813 2996 1849 ex
3037 1798 3140 1850 hoc
3170 1811 3315 1849 nunc
3358 1810 3564 1865 cogno-

287 1884 669 1954 χορηγηθῆναί
702 1904 785 1940 σοι
812 1888 941 1959 παρ’
960 1889 1126 1942 αὐτοῦ
1154 1889 1409 1961 βοήθειαν
1439 1890 1535 1944 καὶ
1564 1889 1872 1960 ἀντίληψιν.

288 1976 454 2029 Ὥστε
477 1980 573 2030 καὶ
598 1979 655 2031 ἐν
683 1979 894 2043 τούτοις
937 1981 1305 2053 εὐθυμότερος
1335 1983 1652 2052 γενόμενος,
1702 1999 1876 2036 σπου-

286 2067 568 2139 δαιότερον
609 2072 718 2124 τῶν
759 2073 1107 2143 πραγμάτων
1140 2076 1392 2145 ἀντέχου,
1418 2075 1513 2128 καὶ
1546 2074 1878 2145 συγγινόμε-

1985 1887 2149 1952 reris,
2185 1887 2252 1941 ad
2293 1902 2395 1943 nos
2442 1890 2641 1953 scribe,
2672 1898 2746 1954 et,
2780 1905 2877 1959 pro
2918 1898 3102 1943 nostra
3150 1897 3435 1959 potestate,
3508 1886 3560 1940 id

1986 1994 2210 2050 agemus
2266 1989 2325 2033 ut
2379 1994 2487 2033 non
2549 1996 2671 2048 ope,
2721 1996 2819 2036 nec
2875 1981 3055 2036 debita
3116 1981 3454 2051 providentia
3509 1990 3564 2034 et

1987 2073 2328 2143 proiectione
2354 2072 2693 2128 destituaris.

286 2178 374 2226 νος
409 2163 487 2233 τῷ
526 2164 839 2236 στρατηγῷ,
862 2169 954 2219 καὶ
985 2167 1086 2235 τὴν
1106 2168 1315 2222 ἐκείνου
1337 2168 1564 2239 γνώμην
1617 2168 1728 2221 ἀπὸ
1766 2167 1861 2220 τοῦ
1913 2166 2008 2219 νῦν
2044 2165 2449 2235 άναμανθάνων
2497 2168 2676 2239 γράφε
2701 2167 2835 2237 πρὸς
2870 2168 3040 2239 ἡμᾶς,
3072 2170 3165 2223 καὶ
3202 2169 3302 2239 τῆς
3331 2169 3563 2240 δυνατῆς

285 2256 385 2310 οὐκ
412 2258 470 2310 ἐν
499 2258 740 2330 δευτέρῳ
760 2259 1102 2330 ποιησόμεθα
1124 2260 1380 2334 βοηθείας
1409 2280 1469 2317 σε
1501 2262 1576 2334 μὴ
1594 2263 2015 2333 ἀποτυγχάνειν,
2049 2261 2182 2331 μηδὲ
2206 2263 2303 2329 τῆς
2337 2260 2695 2332 ὀφειλομένης
2719 2262 2977 2332 προνοίας
3006 2279 3065 2314 τε
3093 2262 3184 2315 καὶ
3204 2261 3559 2333 προστασίας.

2366 2380 2632 2437 XXXVII.
2666 2379 2913 2451 Styltano
2959 2381 3206 2433 diacono.

358 2493 697 2563 Προστάξεις
766 2495 864 2548 καὶ
919 2496 1262 2550 διδασκαλίαι
1339 2496 1594 2567 πράξεων
1640 2496 1871 2559 ἐκείνοις

2041 2492 2320 2563 Praecepta
2362 2502 2417 2548 et
2491 2494 2877 2548 instructiones
2931 2492 2997 2547 iis
3036 2491 3356 2547 nectssarim
3410 2500 3560 2556 sunt,

283 2586 606 2653 ἀναγκαῖαι,
622 2588 737 2641 ὅσοι
767 2588 841 2659 μὴ
865 2589 955 2640 τὸν
975 2592 1177 2642 οἰκεῖον
1202 2586 1328 2642 νοῦν
1344 2589 1663 2642 διδάσκαλον
1685 2589 1871 2659 ἔχωσι.

1976 2586 2067 2655 qui
2099 2586 2380 2655 propriam
2412 2595 2656 2639 mentem
2684 2587 2999 2655 magistram
3029 2600 3137 2638 non
3166 2586 3386 2638 habent.
3420 2584 3559 2640 Illud

285 2675 461 2731 Τοῦτο
485 2678 651 2746 ἡμεῖς
680 2679 743 2730 ού
780 2678 1114 2747 λογιζόμεθα
1148 2680 1278 2749 περὶ
1314 2678 1432 2733 σοῦ.
1464 2681 1565 2732 Διά
1591 2680 1751 2734 τοῦτο
1779 2685 1871 2733 καὶ

1976 2685 2155 2729 autem
2208 2676 2275 2729 de
2325 2685 2374 2728 te
2424 2690 2534 2728 non
2582 2676 2867 2729 sentimus.
2914 2674 3036 2729 Ideo
3063 2684 3117 2729 et
3164 2675 3257 2729 tibi
3320 2675 3561 2730 scribere

282 2768 377 2821 τοῦ
407 2771 644 2840 γράφειν
669 2786 751 2823 σοι
776 2772 924 2835 ὅπως
946 2772 1026 2825 δεῖ
1049 2788 1110 2825 σε
1136 2771 1206 2825 τὰ
1228 2773 1324 2839 τῆς
1347 2776 1441 2827 τοῦ
1466 2773 1604 2829 Θεοῦ
1645 2776 1871 2848 Ἐκκλη-

1979 2771 2253 2839 quomodo
2288 2778 2535 2838 oporteat
2566 2777 2617 2823 te
2637 2768 2728 2822 Dei
2762 2766 3024 2824 Ecclesia:
3053 2769 3270 2838 negotia
3326 2769 3562 2823 admini-

285 2864 410 2928 σίας
439 2866 743 2937 πράγματα
771 2866 995 2921 διοικεῖν
1029 2868 1408 2941 ἀ-πεσχόμεθα.
1444 2867 1733 2937 Πείσαντες
1764 2873 1871 2942 γὰρ

1978 2870 2153 2914 stt-are
2176 2860 2624 2929 supersedemus.
2660 2858 2804 2913 Cum
2829 2859 2973 2913 enim
3003 2860 3174 2913 semel
3236 2874 3556 2928 persuasum

287 2959 439 3026 ἅπαξ
498 2961 753 3025 ἑαυτοὺς,
813 2962 895 3016 ὅτι
949 2962 1166 3035 πρῶτον
1200 2967 1300 3035 μὲν
1340 2966 1420 3028 είς
1452 2965 1585 3019 Θεὸν
1614 2967 1746 3038 ὁρᾷς
1778 2968 1871 3021 καὶ

1979 2952 2282 3008 habeamus
2305 2953 2551 3024 primum
2582 2952 2806 3022 quidem
2830 2962 2882 3006 te
2911 2954 2962 3006 in
3006 2952 3175 3007 Deum
3207 2954 3471 3022 aspicere,
3503 2962 3559 3007 et

281 3055 344 3104 το
374 3051 588 3105 ἐκείνου
646 3056 973 3126 κατάκριμα
1040 3057 1307 3127 φρίττεις,
1334 3057 1531 3110 ἔπειτα
1564 3058 1619 3112 δὲ
1660 3062 1742 3113 ὅτι
1776 3060 1870 3114 καὶ

1976 3045 2367 3115 ejusjudicinm
2400 3046 2782 3109 reformidare,
2815 3045 3009 3100 deinde
3037 3053 3091 3099 et
3126 3046 3378 3099 humanae
3426 3060 3557 3113 pru-

282 3145 394 3196 τῶν
453 3144 816 3217 ἀνθρωπίνων
861 3146 1140 3219 λογισμῶν
1171 3144 1253 3213 οἷς
1283 3150 1345 3203 τὸ
1382 3149 1503 3203 δέον
1532 3152 1740 3220 γίνεται
1773 3152 1871 3222 οὐχ

1976 3138 2188 3205 (lentiae,
2223 3139 2278 3193 in
2328 3139 2527 3209 quibus
2560 3154 2699 3209 opus
2754 3149 2857 3202 est,
2908 3155 3017 3193 non
3073 3154 3194 3194 esse
3249 3148 3554 3208 expertem,

284 3239 563 3309 ὑστερεῖς,
621 3240 879 3311 περιττὸν
927 3242 1260 3313 ἡγησάμεθα
1303 3244 1398 3296 τοῦ
1441 3244 1871 3317 προστιθέναιτι

1976 3246 2374 3303 supervacuum
2431 3232 2690 3287 duximus
2751 3231 2957 3301 aliquid
3005 3232 3217 3287 anobis
3246 3234 3383 3301 ipsis
3429 3233 3556 3287 addi

283 3334 417 3404 παρ’
455 3332 667 3387 ἑαυτῶν
693 3334 832 3405 πρὸς
865 3334 964 3407 τὴν
995 3336 1228 3390 δέουσαν
1263 3336 1372 3389 τῶν
1406 3338 1506 3407 τῆς
1544 3337 1871 3409 Ἑκκλησίας

1976 3324 2043 3379 ad
2141 3324 2341 3378 bonam
2426 3325 2765 3393 negotiorum
2871 3324 3127 3378 Ecclesiae
3208 3325 3558 3378 administra-

281 3425 634 3494 πραγμάτων
671 3424 961 3497 διοίκησιν,
993 3430 1095 3498 ὅση
1124 3446 1184 3482 τε
1207 3431 1267 3483 ἐν
1303 3432 1370 3501 τῇ
1400 3431 1736 3484 καταστάσει
1762 3431 1871 3484 τῶν

686 2378 809 2436 ΛΖ’.
847 2382 1159 2448 Στυλιανῷ
1187 2382 1464 2447 διακόνῳ.

1976 3418 2200 3485 tionem,
2264 3419 2380 3474 sive
2446 3426 2712 3487 quantum
2768 3417 2835 3472 ad
2895 3417 3241 3473 sacerdotum
3329 3419 3555 3471 ordina-

282 3517 502 3585 ἱερέων,
559 3517 657 3570 καὶ
710 3519 813 3589 ὅση
844 3521 903 3573 ὲν
940 3521 1235 3593 ἐπιμελείᾳ
1267 3525 1573 3593 γεωργικῇ.
1605 3522 1779 3577 Τοῦτο
1815 3523 1871 3576 δὲ

283 3610 447 3676 μόνον
516 3610 825 3681 γράφομεν,
878 3612 1019 3684 ὅπερ
1058 3612 1270 3685 ᾔτησας
1304 3614 1400 3669 τοῦ
1444 3614 1655 3682 ἀνοῖξαι
1689 3616 1786 3685 μὲν
1812 3614 1871 3669 eo

281 3702 768 3772 σκευοφυλακεῖον,
830 3705 1139 3776 ἐξενεγκεῖν
1175 3707 1232 3760 δὲ
1294 3707 1356 3762 τὸ
1390 3710 1633 3779 χαρτίον,
1673 3708 1700 3760 δ
1733 3708 1870 3780 πρὸς

278 3798 338 3847 τὸ
382 3796 800 3867 ἀνεπηρέαστον
856 3799 967 3853 τῶν
1036 3800 1230 3872 ἱερέων
1280 3801 1378 3871 τῆς
1440 3800 1767 3872 Ἐκκλησίας
1816 3803 1869 3855 κοί

283 3888 426 3941 κατά
459 3892 689 3959 καιροὺς
746 3892 957 3946 ἔδωκαν
1007 3893 1269 3963 βασιλεῖς,
1306 3893 1441 3946 ἀλλά
1489 3893 1585 3948 καὶ
1619 3894 1761 3947 ὥστε
1802 3892 1871 3945 τά

282 3982 403 4051 ιερὰ
458 3983 638 4036 πάντα
680 3985 1087 4053 ἐπισκέψασθαι
1123 3987 1195 4040 τά
1233 3989 1299 4058 τῇ
1331 3986 1668 4058 μητροπόλει
1695 4003 1870 4057 προσ-

280 4074 431 4139 όντα,
466 4076 560 4127 καὶ
598 4077 698 4147 τὴν
725 4077 932 4132 τούτων
979 4078 1354 4151 παραγραφὴν
1379 4079 1696 4133 ἀποστεῖλαι
1733 4079 1871 4150 πρὸς

280 4169 450 4238 ἡμᾶς.
486 4168 661 4223 Τοῦτο
687 4170 1172 4241 ἐπιτελεσάμενος,
1202 4170 1299 4224 καὶ⁹
1328 4170 1428 4232 τὰς
1457 4168 1616 4241 ἡμῶν
1643 4168 1870 4232 ἐλπίδας

283 4263 356 4333 μὴ
389 4263 758 4335 καταισχῦναι
805 4264 897 4317 διά
958 4264 1197 4334 σπουδῆς
1242 4264 1591 4333 ποιούμενος,
1632 4260 1865 4334 ἔρρωσο.

686 4378 819 4435 AH'.
854 4378 1094 4448 Φιλητῷ
1114 4379 1456 4449 μονάζοντι.

1975 3510 2204 3577 tionem,
2246 3511 2366 3565 sive
2413 3520 2679 3580 quantum
2718 3509 2787 3564 ad
2839 3524 3098 3576 agrorum
3147 3522 3358 3563 curam.
3417 3506 3553 3563 illud

1974 3614 2152 3658 autem
2204 3603 2389 3658 solum
2420 3602 2734 3669 scribimus,
2766 3602 2913 3673 quod
2975 3600 3291 3675 postulasti,
3355 3614 3552 3670 nempe

1974 3705 2033 3750 ut
2065 3698 2340 3767 aperiatur
2375 3696 2881 3768 chartophylaeium
2915 3706 2968 3752 et
2998 3698 3332 3766 producatur
3364 3698 3551 3751 charta

1973 3803 2136 3858 quam
2200 3790 2406 3844 denon
2472 3789 2801 3845 insultandis
2865 3789 3245 3844 sacerdotibus
3296 3788 3554 3844 Ecclesia:

1973 3887 2240 3940 dederunt
2271 3899 2369 3954 pro
2414 3895 2658 3954 tempore
2714 3884 3112 3952 imperatores:
3145 3885 3367 3952 insuper
3399 3892 3452 3936 et
3493 3890 3555 3937 ut

1973 3975 2356 4029 examinentur
2382 3975 2747 4043 metropoleos
2782 3974 3011 4039 reditus,
3038 3984 3088 4028 et
3132 3989 3320 4028 eorum
3372 3973 3555 4026 mitta-

1974 4078 2062 4123 tur
2090 4068 2249 4122 nobis
2289 4067 2496 4121 tabula.
2527 4066 2686 4130 Quod
2710 4080 2834 4118 cum
2872 4066 3190 4135 perfeceris,
3224 4075 3277 4120 et
3301 4081 3423 4135 spes
3451 4081 3550 4120 no-

1980 4173 2126 4218 stras
2169 4150 2419 4216 imiuime
2463 4158 2728 4214 confundi
2759 4173 2853 4227 per
2900 4168 3054 4212 tuum
3084 4159 3323 4214 studium
3356 4173 3551 4228 passus

1974 4255 2165 4312 fueris.
2197 4253 2412 4308 Valeas.

2325 4369 2612 4426 XXXVI".
2658 4366 2872 4423 Phileto
2916 4366 3193 4422 monacho.

359 4494 528 4563 Ἐγὼ,
561 4495 749 4549 τέκνον
784 4494 941 4565 ἐμὸν,
972 4495 1132 4549 τοῦτο
1178 4496 1226 4548 εί
1280 4494 1372 4548 καὶ
1412 4493 1734 4564 ἁμαρτωλὸς
1775 4492 1864 4546 εὔ-

2040 4486 2175 4557 Ego,
2210 4485 2281 4540 fili
2306 4483 2403 4551 mi,
2426 4486 2549 4548 hoc,
2580 4483 2678 4539 etsi
2742 4490 2993 4553 peccator
3047 4464 3200 4545 sum,
3255 4493 3468 4549 precor,
3492 4488 3552 4535 ut

278 4605 448 4657 χομαι
520 4589 729 4652 πάντας
783 4588 1001 4659 ἐκείνην
1053 4589 1154 4656 τὴν
1215 4587 1335 4642 ὁδὸν
1402 4586 1683 4658 βαδίζειν,
1741 4587 1864 4658 ἥτις

280 4680 547 4748 ἀφίστησι
590 4679 689 4748 τῆς
718 4680 988 4750 κοσμικῆς
1014 4678 1211 4742 αὐτοὺς
1244 4677 1587 4746 συγχύσεως,
1625 4678 1764 4747 προς
1806 4676 1865 4728 δὲ

281 4775 377 4842 τὴν
402 4774 676 4843 σωτήριον
722 4773 930 4841 ἀπάγει
980 4774 1075 4825 καλ⁸
1130 4774 1554 4839 κατασκήνωσιν
1606 4770 1701 4823 καὶ
1738 4770 1864 4823 ἀνά-

282 4878 503 4917 παυσιν.
571 4861 677 4916 Καὶ
732 4862 787 4913 el’
819 4878 883 4931 γε
929 4862 1179 4925 δυνατὸν,
1219 4862 1278 4913 οὐ
1309 4862 1472 4931 μόνον
1509 4859 1608 4930 τὴν
1648 4860 1865 4929 αἴτησιν

281 4954 357 5017 είς
414 4955 571 5016 τέλος
608 4955 840 5022 ἀγαγεῖν
904 4955 1022 5019 εἰμι
1076 4952 1384 5023 πρόθυμος,
1432 4951 1571 5005 ἀλλά
1602 4953 1698 5005 καὶ
1733 4952 1863 5003 εἴτι

278 5046 466 5110 πλέον,
502 5045 665 5115 μόνον
708 5047 759 5099 εί
814 5043 1175 5115 ἐπηκολούθει
1215 5043 1279 5096 τὸ
1331 5040 1767 5112 σπουδαζόμενον
1797 5043 1860 5112 τῇ

278 5137 639 5212 προαιρέσει,
696 5138 874 5190 ποιεῖν
932 5135 1262 5207 ἐϐουλόμην.
1334 5136 1451 5189 Ούκ
1512 5135 1726 5202 άγνοεῖς
1775 5133 1861 5197 δὲ,

275 5230 470 5283 τέκνον
502 5229 685 5299 ἡμῶν,
717 5228 815 5281 καὶ
872 5228 1046 5300 χωρὶς
1080 5229 1190 5283 τῶν
1222 5228 1510 5298 ἡμετέρων
1554 5225 1729 5293 λόγων
1764 5225 1863 5297 τὴν

277 5322 616 5377 κατάστασιν
668 5321 780 5375 τῶν
836 5320 1205 5393 πραγμάτων,
1251 5320 1344 5372 καὶ
1390 5318 1467 5381 ὡς
1498 5318 1651 5371 οὐδέν
1694 5318 1864 5387 ἐσμεν

275 5414 496 5467 δυνατοὶ
557 5416 694 5483 πρὸς
738 5415 841 5485 τὴν
882 5412 1140 5467 ὑπόθεσιν
1174 5411 1500 5483 συμϐαλεῖν,
1539 5408 1657 5464 ἀλλ’
1690 5411 1861 5463 ὁπόσα

276 5510 373 5562 καὶ
415 5508 776 5578 ἀγωνιεῖσθαι
845 5508 1108 5579 δόξομεν,
1170 5508 1430 5579 ρυἡσεται
1481 5504 1570 5558 διά
1607 5503 1777 5575 κενῆς
1833 5503 1862 5554 ό

274 5601 451 5670 ἀγών.
479 5604 547 5655 Τί
578 5598 673 5656 οὖν
708 5620 875 5674 φημι,
904 5602 981 5667 ὡς
1013 5605 1072 5655 ἐν
1110 5602 1339 5669 τοιούτῳ
1363 5597 1564 5670 καιρῷ.
1593 5597 1627 5668 ἢ
1658 5597 1720 5651 τὸ
1751 5598 1862 5649 πάν

277 5692 779 5764 ὰνατιθέναιθεῷς
821 5693 920 5750 καὶ
949 5696 978 5748 ό
1013 5694 1109 5763 μὲν
1144 5691 1222 5764 τῷ
1278 5690 1428 5757 πόθῳ
1480 5689 1576 5743 τοῦ
1620 5687 1860 5761 Χριστοῦ

276 5786 665 5857 άαιαφλεχθετς,
688 5785 801 5855 εἴγε
833 5784 1050 5858 άληθῶς
1069 5784 1414 5857 ἐπεπόθησεν
1438 5781 1624 5850 αὐτὸν,
1652 5782 1852 5852 πληρο-

1968 4596 2156 4637 omnes
2188 4581 2330 4633 hanc
2360 4580 2502 4633 viam
2530 4575 2903 4646 ingrediantur
2929 4590 3051 4644 qua:
3080 4588 3175 4628 eos
3213 4588 3243 4627 e
3277 4573 3551 4627 mnmlana

1968 4673 2174 4729 eximat
2207 4671 2553 4735 confusione,
2588 4668 2655 4724 ad
2686 4669 2981 4724 salutarem
3031 4681 3161 4721 vero
3216 4666 3437 4720 indm-at
3498 4674 3551 4720 et

1971 4767 2361 4823 habitationem
2392 4772 2446 4819 et
2488 4764 2748 4834 quietem.
2808 4761 2892 4827 Et,
2940 4764 2985 4816 si
3027 4760 3145 4815 ﬁeri
3210 4767 3409 4830 potest,
3443 4774 3549 4812 non

1967 4862 2143 4917 Solum
2198 4870 2381 4913 votum
2452 4858 2518 4912 ad
2554 4859 2711 4911 linem
2754 4854 3053 4926 perducere
3094 4851 3148 4908 itt
3195 4853 3382 4907 animo
3418 4851 3549 4904 mihi

1967 4966 2071 5020 est,
2126 4954 2221 5011 sed
2280 4953 2484 5024 aliquid
2528 4951 2789 5021 amplius,
2827 4947 3127 5005 dummodo
3167 4954 3397 5002 conatus
3457 4959 3548 4996 rc-

1967 5045 2231 5116 spondeat
2258 5044 2547 5107 voluntati,
2588 5042 2640 5096 id
2674 5040 2851 5095 facere
2889 5040 3107 5094 vellem.
3156 5036 3273 5092 Non
3306 5036 3547 5107 ignoras,

1969 5138 2043 5193 fili
2079 5148 2289 5203 noster,
2314 5137 2478 5191 etiam
2508 5135 2715 5205 absque
2745 5132 2947 5189 nostris
2963 5131 3333 5195 sermonibus,
3358 5141 3540 5181 rerum

1968 5238 2195 5293 statum,
2224 5243 2435 5299 nosque
2468 5226 2604 5281 nihil
2631 5240 2791 5297 posse
2816 5224 2883 5278 ad
2911 5222 3250 5294 propositum
3274 5215 3543 5280 conferre,

1967 5324 2062 5379 sed
2094 5321 2448 5391 quantumvis
2487 5318 2818 5375 contendere
2872 5314 3213 5376 duxerimus,
3260 5310 3313 5363 in
3344 5322 3545 5362 vanum

1968 5417 2263 5471 desituram
2336 5412 2762 5469 contentionem.
2824 5407 2967 5476 Quid
3020 5406 3185 5477 igitur
3241 5402 3442 5461 dicam.
3485 5404 3542 5454 in

1967 5510 2126 5564 istius
2187 5506 2334 5562 modi
2391 5520 2574 5559 rerum
2614 5513 2780 5569 statu,
2811 5500 2915 5555 nisi
2938 5496 3118 5554 omnia
3154 5500 3264 5551 Deo
3292 5502 3546 5550 commit-

1968 5601 2216 5657 tcreiEt
2261 5600 2354 5670 qui
2419 5599 2693 5655 desiderio
2752 5593 2954 5650 Christi
3012 5590 3378 5646 inflammatus
3435 5597 3541 5653 est,

1967 5693 2128 5748 modo
2172 5699 2354 5747 tamen
2400 5690 2549 5745 illum
2599 5688 2866 5743 veraciter
2917 5683 3209 5749 desideret,
3272 5680 3543 5751 compleat

1967 5798 2258 5842 act-ensum
2321 5780 2682 5845 desiderium,
2742 5776 3027 5848 sequendo
3058 5774 3337 5832 Christum
3374 5771 3541 5826 Deum
