4038 6204
437 253 553 316 .227

1366 320 1402 347 κ

1584 248 1894 311 NICOLAI
1938 250 2047 309 (ΣΡ.
2089 247 2601 308 ΡΑΤΒῙΑΗΟΗΕ

3599 244 3707 308 2ὶὸ

447 376 723 428 nostrum,
756 362 847 433 qui
879 361 1170 432 postulavit
1211 372 1269 417 ιιι
1326 377 1512 416 curam
1544 363 1855 417 committat
1907 362 2027 432 quis

2134 360 2365 432 φορήσοι
2414 360 2507 413 τὸν
2549 357 2860 428 ἀναφθέντα
2902 357 3065 411 πόθον
3092 358 3182 412 διά
3214 356 3307 409 τοῦ
3341 356 3706 426 ἀκολουθῆσαι

446 477 555 516 sum
582 455 1074 513 administrationis
1106 456 1267 512 alteri
1317 456 1530 510 cuidam
1564 471 1671 509 non
1718 456 1895 509 solum
1957 455 2028 507 li-

446 551 591 607 benti
647 548 740 604 sed
774 549 935 601 etiam
994 547 1101 601 tale
1133 562 1333 601 munus
1400 547 1706 608 recusanti,
1750 555 1897 601 etut
1955 528 2031 599 illi

444 642 670 711 ejusque
698 638 985 692 indefessa:
1025 638 1383 706 providentiae
1412 638 1685 708 relinquat
1716 636 2035 707 impenden-

444 744 549 787 tem
577 732 679 786 sibi
707 745 922 795 curam,
956 738 1217 799 tanquam
1280 730 1502 796 idoneo,
1531 740 1585 783 et
1618 740 1673 784 ut
1694 745 1849 784 suam
1881 729 2032 801 (εοεί-

384 854 389 860 ·
447 824 703 877 tationem
727 834 1063 891 exsequatur
1089 821 1403 891 utiliterque
1452 822 1615 874 vitam
1642 821 1801 890 degat
1827 831 1879 874 et
1907 821 2035 875 huic

447 912 753 967 committat
809 912 1077 981 integrum
1132 912 1428 980 negotium.
1482 909 1827 978 Respicimus
1881 910 2026 963 enim

452 1008 707 1075 antiquas
759 1004 1163 1074 generationes,
1202 1016 1300 1057 nee
1355 1005 1605 1056 videmus
1635 1002 1941 1070 depositam
1976 1002 2029 1055 in

448 1104 671 1157 Christo
697 1100 807 1155 Deo
838 1111 1026 1155 nostro
1055 1116 1204 1170 spem
1264 1110 1451 1169 postea
1511 1097 1682 1152 fuisse
1723 1097 2030 1151 confusam.

447 1194 570 1250 llaec
604 1194 724 1258 tibi,
756 1202 938 1247 noster
963 1194 1058 1260 lili,
1118 1193 1275 1263 quasi
1312 1190 1633 1262 intelligenti
1662 1200 1716 1245 et
1739 1191 1805 1245 de
1832 1188 2034 1244 divinis

448 1288 612 1341 rebus
666 1295 956 1354 occupato,
1008 1292 1062 1338 et
1100 1300 1208 1339 non
1254 1284 1410 1354 quasi
1442 1299 1543 1353 pro
1569 1292 1873 1352 temporum
1899 1281 2037 1335 dilIi-

448 1380 648 1433 cultate
673 1378 881 1447 aliquid
917 1380 1153 1431 humano
1184 1378 1346 1430 modo
1384 1376 1491 1431 tuis
1520 1377 1774 1446 precibus
1822 1390 2026 1430 conce-

446 1472 637 1524 dentes
678 1469 996 1523 scribimus.
1032 1466 1110 1521 Tu
1147 1478 1353 1531 autem,
1382 1482 1481 1536 pro
1513 1476 1606 1521 tua
1634 1465 1839 1521 ccelesti
1873 1466 2035 1521 bene.

453 1562 853 1626 volentia,eum
898 1560 993 1629 qui
1024 1575 1090 1614 ex
1121 1559 1282 1626 hujus
1306 1558 1427 1612 vitae
1461 1566 1782 1628 tempestate
1804 1557 2033 1611 evadere

450 1655 630 1724 gestit,
660 1651 1132 1707 exhortationibus
1188 1658 1243 1704 et
1295 1650 1547 1719 precibus
1588 1650 1713 1704 inde
1768 1650 2030 1727 deducas.

2134 454 2212 522 τῷ
2261 452 2485 522 Χριστῷ
2524 453 2623 506 καὶ
2687 450 2808 521 Θεῷ
2860 451 3036 520 ἡμῶν,
3088 450 3167 519 τῷ
3220 449 3578 519 αἰτησαμένῳ
3618 454 3711 503 καὶ

2134 543 2278 613 ἀλλῳ
2328 542 2435 595 τινὶ
2476 540 2777 611 ἐπιτροπὴν
2824 540 3010 592 λαϐεῖν
3064 538 3193 608 περὶ
3235 540 3335 608 τῆς
3357 537 3465 590 τῶν
3493 537 3711 591 οίκείων

2132 634 2475 702 διοικήσεως,
2535 634 2610 704 μὴ
2660 633 2821 703 μόνον
2873 631 3250 703 ἐπιτρέψαντι,
3296 629 3432 683 ἀλλὰ
3487 630 3581 682 καὶ
3610 630 3712 700 τὴν

2134 727 2391 795 τοιαύτην
2429 725 2868 795 ἀπαγορεύσαντι
2924 726 3217 795 μέριμναν,
3267 721 3361 775 καὶ
3393 722 3713 774 καταλιπεῖν

2135 817 2222 870 ἐπ’
2252 816 2444 887 ἐκείνῳ
2475 817 2570 869 καὶ
2591 819 2658 886 τῇ
2685 815 2850 871 αὑτοῦ
2882 814 3157 885 ἀκαμάτῳ
3185 810 3415 883 προνοίᾳ
3441 811 3545 883 τὴν
3587 813 3713 863 ἐπι-

2134 912 2496 980 κρεμαμένην
2566 908 2717 978 αὒτῷ
2784 907 3069 980 φροντίδα,
3123 907 3201 969 ὡς
3248 904 3464 958 ἐκείνου
3523 900 3714 956 ἱκανοῦ

2132 1002 2310 1068 δντος,
2339 1003 2435 1055 καὶ
2474 1000 2511 1055 ἃ
2543 998 2822 1071 φροντίζει
2864 998 3230 1066 ἀναδέξασθαι
3272 997 3370 1050 καὶ
3407 996 3714 1065 συμφερόνο

2132 1113 2244 1159 τως
2294 1095 2659 1163 διεξαγαγεῖν,
2713 1093 2810 1147 καὶ
2862 1092 3037 1163 τούτῳ
3077 1090 3411 1163 προξενῆσαι
3435 1090 3495 1142 τὸ
3518 1086 3719 1157 ἀπερί-

2136 1205 2397 1242 σπαστον.
2430 1187 2833 1256 Ἐπιϐλέπομεν
2861 1186 2968 1255 γὰρ
2996 1186 3075 1247 είς
3110 1184 3343 1254 ἀρχαίας
3376 1181 3594 1250 γενεὰς,
3618 1179 3714 1231 καὶ

2134 1281 2234 1350 οὐχ
2282 1280 2498 1350 ὁρῶμεν
2556 1278 2992 1349 ἀνατεθειμένην
3041 1276 3231 1331 ἐλπίδα
3273 1274 3411 1345 πρὸς
3441 1273 3535 1326 τὸν
3580 1273 3713 1342 Χριο

2136 1371 2260 1425 στὸν
2284 1372 2378 1424 καὶ
2398 1371 2534 1424 Θεὸν
2568 1370 2752 1439 ἡμῶν,
2792 1365 2913 1423 εἶτα
2957 1364 3473 1437 καταισχυνθεῖσαν.
3526 1361 3715 1416 Ταῦτά

2137 1480 2242 1527 σοι,
2275 1463 2468 1516 τέκνον
2522 1461 2702 1532 ἡμῶν,
2754 1462 2848 1515 καὶ
2891 1461 2971 1523 ὡς
3020 1458 3249 1527 συνετῷ,
3283 1456 3381 1521 καὶ
3411 1456 3485 1519 ὡς
3504 1457 3571 1507 τὰ
3595 1453 3716 1507 θεῖε

2136 1554 2459 1626 μελετῶντι,
2522 1555 2618 1609 καὶ
2654 1554 2731 1617 ὡς
2782 1554 2889 1606 ὑπὸ
2917 1553 3017 1622 τῆς
3047 1551 3343 1614 δυσκολίας
3377 1549 3470 1603 τοῦ
3517 1547 3715 1618 καιροῦ

2138 1645 2514 1717 συμϐαλέσθαι
2562 1664 2613 1699 τι
2680 1643 3042 1716 ἀνθρωπίνως
3099 1645 3165 1713 τῇ
3212 1646 3279 1713 σῇ
3312 1642 3590 1711 ἐξαιτήσει
3640 1640 3714 1710 μὴ

451 1745 514 1798 Et
551 1745 877 1800 conﬁdimus
906 1743 958 1797 in
995 1742 1216 1798 Christo
1250 1740 1360 1796 Deo
1387 1749 1599 1808 nostro,
1642 1740 1882 1795 futurum
1909 1755 2027 1795 esse

2137 1740 2581 1811 συγχωρούμενοι
2628 1737 2935 1809 γράφομεν.
2986 1736 3058 1789 Σὺ
3088 1736 3147 1788 δέ
3207 1734 3346 1805 μετά
3374 1733 3475 1803 τῆς
3508 1732 3718 1788 ἄνωθεν

453 1846 510 1889 nt
538 1854 602 1892 ea
632 1854 750 1908 quae
778 1838 1076 1892 meditatur
1108 1834 1161 1887 in
1215 1835 1421 1888 bonum
1480 1837 1696 1890 cedant.
1756 1834 1910 1900 Quod
1940 1849 2032 1888 su-

451 1945 565 1999 per,
591 1940 677 1984 est
712 1928 857 1997 vale,
920 1946 1018 1984 nec
1045 1944 1144 2000 pro
1208 1937 1392 1982 nostra
1447 1927 1751 1982 humilitate
1815 1925 2029 1997 precari

448 2023 657 2076 desine.

2132 1831 2427 1902 εὐμενείας
2479 1830 2573 1884 τον
2632 1833 2697 1883 ἐκ
2746 1829 2839 1882 τοῦ
2870 1826 3125 1901 βιωτικοῦ
3160 1826 3427 1887 κλύδωνος
3460 1823 3716 1889 ἐξελάσαι

2133 1924 2429 1990 ποθοῦντα,
2486 1925 2584 1977 καὶ
2618 1923 2975 1995 παραινέσεσι
3007 1921 3103 1975 καὶ
3147 1920 3335 1989 εὐχαῖς
3363 1917 3578 1971 ἐκεῖθεν
3626 1918 3719 1980 ἐξ·

2133 2017 2309 2085 ἀγαγε
2333 2032 2350 2049 ⁸
2383 2016 2477 2070 καὶ
2506 2017 2836 2087 πιστεύομεν
2874 2016 2954 2085 τῷ
2992 2014 3217 2084 Χριστῷ
3251 2015 3346 2065 καὶ⁸
3375 2011 3497 2081 Θεῷ
3533 2009 3717 2080 ἡμῶν,

446 2115 522 2177 ὡς
548 2115 799 2186 καὶπερὶ
831 2107 903 2167 ὧν
929 2114 1231 2187 φροντίζει,
1257 2111 1460 2165 τούτων
1492 2110 1628 2181 πρὸς
1652 2111 1713 2163 τὸ
1783 2107 2063 2178 συμφέρον
2103 2109 2331 2176 γένηται
2376 2109 2410 2178 ἠ
2503 2107 2836 2177 διεξαγωγή.
2889 2105 2971 2159 Τὰ
3023 2106 3068 2159 δ’
3127 2106 3265 2161 ἄλλα
3309 2103 3521 2176 ἔρρωσό
3583 2118 3717 2172 μοι,

449 2207 543 2259 καὶ
562 2208 662 2275 τῆς
698 2207 853 2277 ἡμῶν
878 2206 1271 2275 ταπεινότητος
1300 2205 1376 2276 μὴ
1399 2203 1770 2273 διαλιμπάνης
1797 2202 2254 2272 ὑπερευχόμενος.
3090 2218 3111 2233 ο
3464 2200 3471 2209 ’

658 2317 901 2373 XXXIX.
931 2317 1185 2388 Gregorio
1220 2315 1411 2386 Ephesi
1451 2313 1818 2385 metropolitw.

524 2430 685 2486 Forte
714 2445 1117 2502 supervacuum
1144 2440 1227 2485 est
1254 2431 1307 2485 id
1357 2430 1502 2501 quod
1554 2430 1787 2500 agimus.
1826 2426 2033 2483 Scribi-

450 2540 571 2579 mus
606 2524 752 2578 enim
782 2524 929 2593 quod
953 2539 1019 2577 ex
1054 2523 1210 2578 labiis
1238 2526 1443 2579 nostris
1473 2522 1754 2577 audivisti.
1794 2521 1861 2578 Et
1886 2522 2028 2577 scri-

450 2616 629 2671 bimus
671 2631 777 2670 non
802 2627 1001 2669 temere
1031 2615 1123 2669 sed
1152 2630 1277 2669 cum
1305 2625 1453 2670 tanta
1499 2616 1822 2680 intentione,
1856 2630 2030 2684 quan-

448 2718 559 2762 tam
587 2708 771 2762 vidisti
804 2722 930 2762 cum
990 2707 1210 2762 audires
1271 2721 1371 2761 nos
1418 2707 1720 2776 loquentes.
1770 2709 2023 2760 Attamen

446 2814 500 2854 et
525 2800 675 2854 hisce
710 2799 903 2853 litteris
921 2799 1017 2851 tibi
1062 2798 1277 2851 absenti
1308 2799 1637 2866 proferimus
1669 2812 1789 2866 quze
1811 2806 2025 2865 etprae-

450 2888 590 2942 senti
634 2887 890 2940 diximus.
942 2884 1055 2939 Nos
1101 2886 1332 2940 distrahi
1362 2886 2023 2955 nonpatiunturnegotia.

447 2981 580 3045 Qua:
624 2979 737 3033 sint
793 2979 934 3033 inter
957 2993 1052 3033 vos
1088 2976 1232 3031 fama
1264 2978 1602 3046 pervulgata,
1629 2992 1722 3031 vos
1746 2975 2024 3045 ipsiscitis.

2320 2314 2430 2368 ΛΘ.
2465 2316 2773 2385 Γρηγορίῳ
2805 2318 3217 2387 μητροπολίτῃ
3255 2315 3537 2385 Ἐφέσου.

2143 2431 2307 2494 Ἴσως
2336 2430 2595 2499 περιττὸν
2624 2432 2653 2485 ὃ
2681 2431 2965 2502 ποιοῦμεν.
2993 2433 3285 2503 Γράφομεν
3303 2433 3410 2502 γὰρ
3437 2431 3717 2502 ἀχειλέων

2137 2522 2293 2593 ἡμῶν
2321 2524 2586 2593 ἤκουσας’
2626 2525 2724 2595 ούχ
2762 2525 2838 2587 ὼς
2866 2524 3077 2596 ἔτυχεν,
3116 2526 3244 2579 ἀλλ’
3291 2524 3397 2580 ἀπὸ
3453 2523 3717 2595 σπουδῆς,

2135 2614 2268 2684 ὅσην
2298 2614 2478 2684 ἐώρας
2503 2617 2561 2669 ὲν
2590 2614 2667 2686 τῷ
2692 2617 2913 2671 ἀκούειν
2941 2616 2977 2670 ἃ
3001 2617 3283 2689 ἐλέγομεν.
3315 2616 3463 2685 Πλὴν
3493 2616 3601 2668 ἰδού
3630 2632 3715 2667 σοι

2134 2709 2230 2759 καὶ
2298 2708 2591 2778 γράμματι
2641 2709 2838 2761 ἀπόντι
2890 2709 3385 2781 προσφθεγγόμεθα
3452 2710 3553 2763 ὅσα
3618 2708 3715 2761 καὶ

2135 2798 2368 2868 παρόντι
2408 2799 2640 2868 ἔφημεν.
2684 2800 2758 2853 Οὐ
2819 2804 3095 2872 συγχωρεῖ
3144 2802 3214 2855 τὰ
3270 2804 3573 2872 πράγματα
3615 2802 3717 2869 τὴν

2134 2888 2417 2942 διάστασιν
2444 2889 2603 2959 ἡμῶν
2637 2907 2652 2919 ·
2682 2890 2801 2945 τίνα
2857 2893 2955 2962 μὲν
2985 2893 3095 2964 γάρ
3132 2893 3249 2946 ἐστι
3282 2893 3351 2947 τά
3384 2894 3520 2965 πρὸς
3566 2894 3718 2962 ὑμᾶς

2135 2978 2569 3050 διαϐιῦαζόμενα
2606 2982 2758 3052 παρά
2784 2983 2882 3053 τῆς
2915 2987 3129 3056 φήμης,
3164 2986 3321 3040 αύτοὶ
3357 2986 3427 3039 ἂν
3456 2986 3710 3055 εἰδείητε.
3752 3029 3756 3032 ‹

450 3071 582 3132 Quae
599 3076 781 3121 autem
813 3079 914 3119 nos
943 3063 1061 3121 sive
1095 3066 1350 3119 audimus
1366 3064 1480 3119 sive
1507 3065 1652 3119 clare
1679 3064 2026 3133 percipimus,

2140 3069 2206 3125 "A
2235 3072 2291 3123 δὲ
2322 3073 2504 3142 ἡμεῖς,
2539 3076 2700 3127 τοῦτο
2729 3076 2827 3146 μὲν
2855 3076 3148 3146 ἀκούομεν,
3179 3078 3337 3132 τοῦτο
3362 3078 3421 3132 δὲ
3448 3080 3540 3133 καὶ
3576 3098 3715 3149 μαν-

449 3172 702 3225 magnam
732 3157 935 3211 habent
965 3172 1064 3212 nos
1091 3154 1448 3210 contristaudi
1494 3156 1621 3209 vim.
1647 3152 1872 3209 Talibus
1923 3153 2028 3224 igi-

451 3260 540 3302 tur
570 3264 696 3303 cum
746 3248 1116 3313 detineamur,
1168 3247 1223 3301 id
1257 3247 1351 3301 tibi
1391 3246 1707 3309 scribimus,
1743 3261 1934 3315 nempe
1963 3261 2031 3300 ne

450 3352 603 3396 tuum
648 3343 908 3412 negotiun
939 3354 1252 3412 pr'epouas,
1285 3354 1351 3393 ne
1373 3338 1416 3393 si
1453 3337 1674 3407 quidem
1728 3340 1833 3390 hoc
1875 3345 2026 3390 tuum

450 3437 522 3488 sit
570 3434 775 3504 aliquid
810 3432 955 3502 quod
1009 3433 1255 3501 ejuvare
1304 3426 1633 3499 possit;sed
1677 3441 2027 3482 communem

451 3526 706 3580 Ecclesiae
764 3524 1246 3587 disturbationem,
1270 3536 1435 3592 quam
1476 3520 1765 3576 celerrime
1795 3520 2028 3589 poteris,

449 3618 623 3672 nostri
670 3632 834 3671 causa
873 3616 1083 3686 suscipi
1109 3631 1192 3680 as,
1222 3629 1323 3669 nec
1358 3614 1501 3669 idem
1536 3612 1630 3667 tibi
1658 3614 1939 3682 contingat
1965 3627 2030 3666 ac

449 3710 630 3779 Cysici
675 3713 933 3780 episeopo
977 3710 1072 3779 qui
1104 3711 1255 3763 visus
1290 3714 1373 3762 est
1403 3707 1629 3761 omnino
1664 3706 1954 3760 immemor
1975 3713 2030 3759 et

448 3802 826 3855 communium
908 3816 1092 3856 rerum
1123 3812 1175 3855 et
1204 3810 1404 3856 nostra:
1460 3796 1871 3855 mediocritatis.
1908 3797 2028 3850 Oti-

449 3895 643 3947 iiorum
668 3908 796 3964 erga
812 3902 992 3964 patres
1012 3892 1278 3957 studium,
1295 3901 1351 3948 et
1372 3907 1521 3948 curae
1536 3901 1590 3947 et
1610 3890 2027 3953 sollicitudines,

446 4001 556 4055 quo
580 3986 796 4041 tandem
828 3987 1081 4040 abiistisl
1119 3984 1275 4041 Nunc
1291 3986 1439 4040 enim
1461 3988 1515 4040 in
1552 3986 1661 4040 vita
1704 3999 1813 4040 non
1849 3984 1902 4039 in
1930 3998 2026 4038 co-

447 4078 640 4133 limini.
668 4076 796 4135 Vale
821 4090 874 4134 et
899 4094 1120 4149 precare
1149 4095 1247 4150 pro
1277 4086 1464 4134 n0stra
1486 4078 1812 4133 humilitate.

873 4284 985 4340 XL.
1046 4287 1093 4338 Μ
1105 4286 1312 4342 alacino
1359 4291 1599 4357 patricio.

2135 3162 2371 3234 θάνομεν
2410 3166 2680 3235 ἐναργῶς,
2722 3168 2924 3239 πολλὴν
2954 3169 3069 3239 ἔχει
3118 3170 3351 3240 δύναμιν
3396 3171 3488 3225 τοῦ
3521 3171 3718 3225 λυπεῖν

2135 3255 2297 3324 ὑμᾶς.
2318 3255 2405 3318 Ὠς
2434 3255 2526 3309 οὖν
2555 3257 2823 3321 τοιούτοις
2853 3262 3231 3332 συνεχόμενοι,
3256 3264 3437 3317 ἐκεῖνό
3460 3279 3542 3317 σοι
3571 3264 3716 3334 γρά-

2134 3365 2328 3417 φομεν,
2364 3347 2441 3419 μὴ
2473 3350 2535 3402 τὸ
2573 3351 2665 3404 σὸν
2691 3353 2994 3423 ἐπίπροσθε
3032 3358 3226 3409 ποιεῖν’
3286 3355 3430 3424 εἴγε
3463 3358 3557 3409 καὶ
3593 3357 3712 3408 ἔστι

2132 3439 2289 3493 τοῦτο
2314 3444 2404 3495 σόν
2435 3459 2487 3496 τι
2521 3445 2616 3497 καὶ
2646 3446 2727 3497 σοὶ
2761 3446 3085 3517 χαρίζεσθαι
3105 3448 3426 3516 δυνάμενον,
3451 3448 3590 3503 ἀλλὰ
3611 3449 3714 3516 τὴν

2131 3530 2317 3600 κοινὴν
2354 3532 2455 3604 τῆς
2482 3533 2809 3605 Ἐκκλησίας
2844 3537 3185 3609 ἀνωμαλίαν,
3225 3540 3318 3592 καὶ
3353 3540 3451 3594 σὺν
3504 3538 3585 3610 τῷ
3616 3539 3714 3591 δυ-

2130 3623 2274 3693 νατῷ
2300 3625 2456 3696 τάχει
2495 3627 2827 3683 καταλαϐεῖν
2868 3632 3004 3700 πρὸς
3040 3634 3208 3702 ἡμᾶς,
3246 3633 3339 3686 καὶ
3384 3632 3460 3703 μὴ
3514 3633 3715 3685 ταύτὸν

2131 3716 2323 3769 παθεῖν
2354 3718 2432 3787 τῷ
2476 3720 2742 3787 Κυζίκου,
2776 3721 2837 3785 ὃς
2893 3723 3039 3779 ἔοικε
3072 3726 3350 3789 παντελῶς
3383 3726 3714 3795 ἐκλελῆσθαι

2130 3805 2235 3857 τῶν
2268 3807 2465 3861 κοινῶν
2498 3813 2592 3863 καὶ
2625 3813 2723 3881 τῆς
2760 3813 2920 3881 ήμῶν
2972 3817 3351 3887 μετριότητος.
3385 3812 3455 3871 Ὦ
3507 3818 3715 3870 τέκνων

2130 3896 2266 3966 πρὸς
2292 3899 2535 3968 πατέρας
2584 3902 2788 3973 στοργὴ
2825 3905 2919 3955 καὶ
2971 3906 3253 3975 φροντίδες
3297 3908 3393 3960 καὶ
3425 3908 3715 3978 μέριμναι,

2130 3992 2222 4040 ποῖ
2241 4006 2367 4043 ποτε
2392 3992 2737 4064 ἀπανέστητε
2768 3995 2781 4047 !
2809 3994 2900 4047 νῦν
2918 3997 3024 4066 γὰρ
3044 3996 3102 4051 ἐν
3124 3996 3225 4067 βίῳ
3251 3997 3310 4049 ού
3336 3996 3711 4052 πολιτεύεσθε.

2134 4083 2387 4152 Ἵεὶρρωσό
2422 4099 2535 4153 μοι,
2590 4088 2683 4137 καὶ
2741 4087 3048 4158 ὑπερεύχου
3079 4089 3179 4160 τῆς
3222 4089 3379 4160 ἡμῶν
3420 4090 3713 4160 μετριότη-

2128 4191 2241 4237 τος.

2552 4294 2621 4345 Μ’
2644 4295 2972 4363 Μαλακίιψ
3000 4296 3288 4365 πατρικίῳ

519 4397 638 4452 Non
683 4414 825 4470 aegre
871 4398 1097 4453 tulimus
1150 4400 1574 4469 exprobatioues
1623 4416 1761 4471 quas
1813 4402 1866 4456 in
1922 4415 2022 4455 nos

2209 4402 2322 4455 Οὐκ
2353 4400 2677 4474 ὴλγήσαμεν
2727 4406 2822 4458 ἐπὶ
2882 4410 2993 4472 τοῖς
3028 4408 3523 4479 όνειδισμοίςηοῦς
3577 4412 3714 4464 καθ’

448 4489 653 4560 prcl‘ert
697 4490 925 4558 epistola
954 4505 970 4554 ;
998 4490 1127 4558 quia
1164 4493 1263 4545 hoc
1324 4491 1501 4560 ipsum
1534 4506 1789 4562 magnum
1819 4492 2025 4563 aliquid

443 4579 719 4642 ducimus,
771 4592 873 4631 nos
942 4580 1166 4632 omnino
1211 4580 1407 4649 dignos
1462 4582 1631 4635 fuisse
1687 4582 2026 4638 existimatos

446 4669 731 4733 memoria,
755 4682 881 4721 cum
911 4684 1104 4723 sumus
1149 4671 1397 4726 homines
1438 4682 1660 4741 propter
1692 4683 1911 4743 peccata
1957 4692 2027 4731 ne

443 4760 589 4831 digni
626 4759 845 4829 quidem
895 4762 990 4831 qui
1023 4777 1151 4817 aera
1199 4764 1430 4833 spirent.
1483 4766 1616 4820 Illud
1646 4776 1825 4821 autent
1858 4769 2028 4823 mole-

444 4867 589 4907 5tum
626 4854 785 4907 nobis
833 4855 1010 4907 visum
1038 4864 1145 4919 est,
1177 4855 1324 4924 quod
1361 4867 1542 4912 mente
1572 4859 1831 4927 praeditus
1862 4860 2025 4915 homo

444 4958 498 5000 et
530 4962 617 5000 res
660 4945 945 5015 iudicandi
1016 4949 1247 5016 peritus,
1282 4948 1552 5004 abductus
1606 4950 1768 5005 fuerit
1798 4966 1829 5005 a
1863 4953 2024 5009 rebus

445 5051 673 5106 natura),
710 5055 813 5094 nec
842 5041 1038 5094 rationi
1069 5042 1377 5107 attenderit,
1437 5043 1530 5098 sed
1563 5044 1629 5097 ad
1661 5044 1831 5099 solam
1868 5060 2021 5099 suam

440 5133 717 5199 aspexerit
769 5132 1147 5200 cupiditatem.
1199 5132 1641 5203 Exprobratqua:
1694 5135 2024 5204 exprobrare

444 5237 551 5275 non
579 5224 855 5291 oportuit,
896 5231 950 5277 et
982 5222 1110 5276 illud
1144 5224 1363 5290 quidem
1394 5239 1517 5277 eum
1567 5237 1899 5294 compertam
1925 5229 2018 5279 ha-

445 5313 567 5365 beat
591 5331 657 5368 ex
674 5314 999 5384 praecedenti
1029 5316 1361 5384 experientia
1394 5326 1637 5370 nostram
1667 5321 2021 5381 voluntatem,

441 5416 508 5458 eo
537 5419 731 5474 nempe
780 5419 1026 5479 tempore
1080 5424 1190 5477 quo
1246 5408 1391 5462 nulla
1422 5420 1537 5462 erat
1558 5411 1893 5479 producendi
1924 5427 2021 5464 no-

443 5505 611 5549 stram
678 5503 1000 5555 sententiam
1050 5499 1355 5556 dttlicultas.
1411 5500 1469 5555 Si
1509 5502 1638 5573 quid
1666 5510 1844 5557 autem
1894 5510 2022 5574 quia

444 5586 532 5641 hic
561 5594 612 5639 et
650 5587 741 5642 ille
768 5590 970 5659 aliquid
1006 5594 1412 5650 obtinuerunta
1436 5593 1618 5661 nobis,
1653 5593 1787 5649 illud
1810 5596 2022 5651 mordet

442 5681 684 5735 animum
732 5688 785 5735 et
831 5690 897 5735 ad
955 5688 1407 5753 reprehensiones
1455 5689 1718 5755 stimulat,
1766 5706 1864 5747 nec
1916 5692 2017 5746 huc

2132 4493 2289 4563 ήμῶν
2312 4495 2646 4568 ἀπορρίπτει
2672 4502 2733 4551 τὸ
2762 4499 3026 4571 γράμμα,
3051 4500 3191 4555 διότι
3227 4502 3323 4555 καὶ
3376 4503 3532 4556 τοῦτο
3563 4506 3712 4575 μέγα

2132 4586 2426 4657 νομίζομεν
2455 4589 2514 4642 τὸ
2542 4589 2827 4657 ἀξιοῦσθαι
2851 4593 2990 4656 ὅλως
3032 4596 3277 4666 μνήμης,
3311 4595 3591 4667 ἄνθρωποι
3620 4600 3710 4653 διὰ

2128 4681 2227 4743 τὰς
2284 4681 2561 4751 ἁμαρτίας
2598 4683 2774 4752 ἡμῶν,
2839 4684 2978 4753 μηδὲ
3012 4686 3105 4737 τὸν
3139 4687 3283 4756 ἀέρα
3317 4691 3460 4759 σπᾷν
3497 4677 3709 4761 τυγχὰ-

2128 4788 2330 4835 νοντες.
2381 4773 2533 4825 Ἀλλ’
2567 4774 2748 4826 ἐκεῖνο
2780 4777 2912 4843 ἡμῖν
2944 4776 3196 4847 ἀλγεινὸν
3234 4780 3432 4851 ἐφάνη,
3466 4782 3547 4836 ὅτι
3578 4784 3707 4837 νοῦν

2130 4860 2269 4930 ἔχων
2301 4861 2609 4932 ἄνθρωπος,
2640 4866 2732 4916 καὶ
2770 4868 3075 4937 πράγματα
3101 4871 3309 4941 κρίνειν
3339 4874 3493 4939 είδὼς
3519 4877 3709 4947 ἀπήχ-

2128 4952 2194 5022 θη
2229 4951 2337 5005 τῶν
2360 4956 2702 5024 πραγμάτων
2727 4957 2824 5025 τῆς
2856 4959 3094 5027 φύσεως,
3130 4965 3224 5017 καὶ
3249 4965 3349 5019 οὐκ
3378 4966 3546 5020 ἔδωκε
3578 4971 3708 5023 σκε-

2125 5045 2218 5114 ψιν
2246 5046 2325 5116 τῷ
2358 5046 2625 5119 λογισμῷ,
2653 5049 2789 5104 ἀλλά
2818 5052 2956 5122 πρὸς
2993 5056 3165 5126 μόνην
3201 5055 3300 5127 τὴν
3343 5059 3539 5112 ἑαυτοῦ
3561 5062 3708 5114 ἀπέ-

2126 5137 2321 5206 ωεψεν
2350 5139 2672 5210 ἐπιθυμίαν.
2695 5142 2991 5212 Μέμφεται
3013 5141 3095 5210 οἷς
3116 5148 3215 5201 οὐκ
3230 5149 3338 5203 ἔδει
3362 5152 3705 5221 μέμφεσθαι,

2125 5232 2219 5282 καί
2248 5233 2328 5284 τοί
2370 5250 2433 5300 γε
2467 5233 2627 5298 εἰδὼς
2659 5236 2723 5288 ἐκ
2769 5236 3153 5313 προλαὸούσης
3184 5244 3381 5313 πείρας
3428 5244 3531 5310 τὴν
3561 5245 3699 5314 ἡμεο

2124 5322 2291 5393 τέραν
2320 5321 2665 5397 προαίρεσιν,
2693 5329 2784 5383 ὅτε
2810 5334 3003 5403 καιρὸς
3031 5331 3100 5404 ἦν
3129 5335 3205 5407 μὴ
3248 5335 3677 5390 δυσκολίανέπά

2125 5433 2234 5483 γων
2261 5416 2355 5469 τοῦ
2394 5418 2529 5488 πρὸς
2564 5419 2726 5490 ἔργον
2756 5422 2853 5492 τὴν
2898 5425 3174 5496 ἡμετέραν
3205 5426 3409 5491 ἐξιέναι
3444 5428 3674 5499 γνώμην

2123 5510 2185 5563 Εἰ
2214 5510 2271 5563 δ’
2304 5511 2387 5562 ὃτι
2417 5504 2575 5575 οὗτος
2621 5515 2874 5577 κάκεῖνος
2915 5516 3103 5586 ἔτυχον
3158 5518 3305 5582 τινὸς
3343 5520 3477 5589 παρ’
3518 5521 3678 5591 ἡμῶν

2122 5601 2281 5656 ἔδακε
2307 5602 2404 5675 τὴν
2436 5605 2667 5676 καρδίαν
2694 5606 2753 5657 τὸ
2788 5609 3043 5678 πρᾶγμα,
3085 5612 3181 5664 καὶ
3213 5612 3348 5681 πρὸς
3396 5614 3498 5676 τὰς
3555 5613 3701 5683 μέμ-

2122 5693 2243 5766 ψεις
2269 5697 2544 5767 ἠρέθισεν,
2583 5696 2881 5751 οὐδὲτοῦτο
2909 5699 3149 5769 εὔλογον.
3197 5704 3550 5773 Οὐκοάγνοεῖ
3590 5708 3701 5776 γὰρ
