4038 6204
308 281 414 344 22'.)

1775 286 2180 347 EI‘ISTOI..’E.

3458 287 3565 351 230

305 397 428 450 οὲδὲ
456 395 615 449 τοῦτο
667 397 933 469 φρόνιμος
978 398 1287 469 ἄνθρωπος,
1337 399 1419 453 ὅτι
1469 400 1715 470 μεγάλην
1769 399 1885 469 ἔχει

1992 400 2169 464 decet,
2214 398 2330 454 Non
2382 398 2528 453 enim
2576 397 2786 467 ignorat
2850 396 3014 450 homo
3061 396 3281 466 sapiens
3330 401 3563 456 multum

309 488 483 559 ῥοπὴν
514 489 544 542 ό
569 490 780 558 καιρὸς,
813 490 986 543 πολλά
1015 491 1122 543 τῶν
1151 491 1522 560 διοικημάτων
1552 492 1611 543 οὐ
1633 492 1775 545 κατὰ
1790 493 1889 562 τὴν

310 578 567 651 βούλησιν
598 580 693 633 τοῦ
724 580 1077 645 διοικοῦντος,
1115 582 1231 635 ἀλλ’
1262 582 1433 635 ἐνίοτε
1458 582 1553 635 καὶ
1588 582 1888 651 ἀσχάλλον-

314 685 401 733 to;
438 671 524 723 ἐπ’
554 672 743 730 αὐτοῖς
772 673 854 733 είς
888 673 1185 728 ὑπόστασιν
1215 674 1360 742 ἄγει.
1389 673 1575 727 Ταῦτα.
1604 673 1889 740 γινώσκων

290 754 298 785 ⁸
323 764 389 825 iu;
416 763 676 834 νουνεχὴς
694 763 791 818 xui.
813 765 1053 831 συνετὸς,
1086 765 1222 835 ἄφες
1250 765 1348 829 τὰς
1372 766 1631 839 μέμψεις,
1671 769 1764 821 καὶ
1790 768 1889 830 τὰς

312 854 517 926 μικρὰς
547 857 763 927 ἡμέρας
784 860 884 928 τῆς
913 857 1056 925 ζωῆς
1076 859 1106 927 ἡ
1116 856 1234 927 μῶν
1253 857 1437 927 εὔχου.
1463 863 1755 930 χρεωστείς
1779 860 1889 930 γὰρ

308 948 375 1002 τά
411 964 469 1001 τε
500 948 661 1014 ἄλλα,
690 949 786 1003 καὶ
818 951 902 1003 ὅτι
932 951 1087 1020 φίλος
1121 951 1264 1022 ὑπὲρ
1297 950 1454 1020 φίλου
1482 953 1582 1022 τὴν
1614 952 1801 1023 εὐχὴν,
1838 955 1890 1005 εί

313 1038 391 1110 μὴ
418 1040 767 1095 παντάπασιν
797 1042 1093 1113 ἀπαρέσκῃ
1122 1041 1244 1113 Θεῷ
1298 1043 1363 1097 ὲκ
1400 1044 1497 1097 τοῦ
1550 1046 1886 1113 περιστοιχί-

310 1128 496 1194 ζοντος
520 1129 721 1201 βάρους
748 1131 859 1185 τῶν
898 1132 1134 1203 θλίψεων
1156 1133 1379 1196 ἀνέτους
1405 1134 1711 1204 διαγαγεῖν.

488 1337 628 1395 MA'.
659 1340 967 1409 Γρηγορίῳ
981 1342 1393 1411 μητροπολίυτῃ
1423 1341 1708 1412 Ἐφέσου.

384 1448 494 1501 Καὶ
527 1448 704 1515 ἄλλως
738 1451 870 1522 ἡμῖν
896 1452 1159 1526 λυπηρῶς
1194 1457 1290 1510 xui.
1338 1456 1566 1527 ἀθύμως
1611 1458 1890 1530 διακειμέι

311 1556 443 1606 νοις,
490 1542 575 1612 ἐφ’
605 1536 687 1605 οἷς
710 1542 798 1597 διὰ
822 1547 920 1607 τὰς
959 1546 1236 1631 ἁμαρτίας
1260 1548 1416 1620 ημῶν
1465 1550 1634 1620 ἐσμὲν
1666 1553 1887 1623 συνεχό-

313 1647 488 1699 μενοι,
520 1632 589 1689 τὰ
619 1634 924 1705 γράμματα
954 1636 1050 1706 τῆς
1080 1636 1234 1707 ὑμῶν
1261 1639 1659 1711 ἀρχιερατικῆς
1684 1643 1888 1696 τελειό-

1990 489 2247 561 ponderis
2273 489 2453 546 inesse
2487 488 2789 552 occasioni,
2828 501 3060 556 eamque
3084 487 3284 542 multas
3319 493 3567 547 actiones

1991 598 2101 636 non
2158 581 2226 637 ad
2275 590 2514 636 mentem
2572 579 3037 644 administrantis,
3100 579 3194 634 sed
3273 580 3569 649 aliquando

1991 678 2045 730 in
2128 675 2249 745 ejus
2328 674 2572 729 dolorem
2638 674 2929 727 deducere.
3018 670 3151 737 Quae
3224 684 3348 724 eum
3402 672 3570 740 probe

1990 768 2131 823 scias
2163 779 2420 836 tanquam
2466 766 2708 836 prudens
2747 774 2802 819 et
2854 764 3184 834 intelligens,
3220 762 3431 818 dimitte
3479 780 3568 820 re-

1991 860 2382 931 prehensiones
2433 868 2488 913 et
2518 874 2614 928 pro
2642 858 2829 927 paucis
2853 858 3044 912 diebus
3073 858 3194 911 vita:
3214 868 3412 912 nostra:
3441 872 3568 926 pre-

1990 968 2135 1008 care.
2173 952 2345 1007 Debes
2391 953 2532 1006 enim
2560 961 2616 1005 et
2662 951 2883 1005 aliunde
2936 961 2987 1005 et
3045 961 3297 1020 tanquam
3356 952 3570 1007 amicus

1990 1057 2088 1113 pro
2138 1044 2317 1097 amico
2375 1056 2589 1111 preces,
2625 1041 2673 1095 si
2728 1055 2836 1095 non
2868 1041 3095 1095 omnino
3126 1042 3238 1095 Deo
3298 1041 3569 1111 placuerit

1991 1134 2339 1189 incumbente
2368 1132 2777 1188 tribulationum
2830 1134 3072 1202 pondere
3132 1149 3233 1188 nos
3288 1135 3570 1204 expeditos

1992 1230 2156 1283 vitam
2196 1228 2413 1297 degere.

2237 1339 2370 1393 XLI.
2423 1339 2677 1409 Gregorio
2733 1338 2929 1408 Ephesi
2955 1339 3321 1409 metropolilm.

2060 1453 2179 1511 Jatn
2218 1465 2271 1511 et
2305 1456 2523 1511 aliunde
2548 1453 2864 1527 dolentibus
2888 1463 2941 1508 et
2971 1454 3206 1521 alllictis,
3241 1456 3308 1510 de
3340 1456 3422 1510 Itis
3456 1456 3566 1526 qui-

1994 1551 2094 1606 bus
2128 1559 2345 1619 propter
2399 1557 2620 1618 peccata
2675 1557 2861 1602 nostra
2896 1549 3197 1616 premimur
3254 1552 3483 1605 accessit
3519 1561 3574 1604 et

1992 1644 2229 1714 amplius
2277 1642 2464 1695 dolore
2504 1640 2692 1710 aﬂligi,
2726 1641 2983 1709 perlectis
3036 1650 3229 1695 vestrae
3284 1642 3573 1711 pontiﬁcize

308 1740 471 1793 τητος
524 1726 965 1795 ἀναλεγομένοις,
1007 1730 1100 1782 ἐπὶ
1154 1730 1315 1783 πλέον
1373 1737 1713 1803 προσγέγονε
1774 1740 1888 1801 τοῖς

1994 1737 2297 1792 sanctitatis
2318 1735 2537 1798 litteris,
2561 1750 2625 1788 ex
2650 1733 2845 1803 quibus
2884 1733 3182 1788 didicimus
3243 1744 3437 1803 praeter
3466 1750 3571 1789 ca:-

311 1816 623 1894 είρημέντις
661 1820 1087 1892 κατασχεθῆναι,
1114 1822 1183 1875 δι’
1213 1816 1289 1879 ὧν
1322 1824 1530 1878 ἐκεῖθεν
1581 1828 1887 1897 ἐμανθάνο-

313 1922 412 1975 μεν
450 1909 590 1976 μετὰ
632 1909 731 1978 τῆς
772 1910 938 1983 ἄλλης
967 1912 1369 1980 ταλαιπωρίας,
1409 1915 1504 1967 xui.
1539 1916 1679 1984 νόσῳ
1731 1935 1888 1989 περι-

312 2002 496 2053 πεσεῖν
528 2001 693 2070 ὐμᾶς*
728 2001 964 2071 μάλιστα
1003 2004 1099 2057 καὶ
1148 2005 1248 2077 τὴν
1285 2005 1380 2059 τοῦ
1435 2007 1635 2079 καιροῦ
1673 2009 1889 2081 ὑφορώ-

313 2107 473 2157 μενος
538 2091 735 2161 φλόγα,
778 2095 849 2165 ἥν
907 2097 1046 2165 φασὶ
1076 2099 1188 2161 τοῖς
1227 2096 1415 2151 αὐτόθι
1476 2100 1886 2172 ἐπιχωριάζειν.

312 2182 482 2236 Τοῦτο
511 2185 661 2254 ἡμᾶς
691 2186 880 2255 ἠνίασε
912 2189 1267 2258 σφοδρότερον
1300 2192 1395 2244 xui.
1416 2192 1561 2263 ἀνιᾷ,
1596 2195 1644 2245 εί
1669 2196 1761 2246 καὶ
1792 2198 1891 2265 τῆς

312 2274 461 2339 θείας
495 2278 787 2348 εὐμενείας
820 2281 976 2345 ἐλπὶς
1014 2281 1083 2335 τὰ
1129 2288 1475 2356 χρηστότερα
1509 2289 1889 2356 ὑποφαίνουσα

308 2367 525 2421 δίδωσιν
576 2371 707 2440 ἡμῖν
738 2372 801 2424 ὲκ
848 2373 941 2425 τοῦ
975 2372 1175 2445 βάρους
1218 2376 1407 2447 ὥσπερ
1450 2381 1746 2453 ἀναφέρειν
1790 2387 1890 2455 τῆς

309 2456 510 2528 λύπης.
560 2462 697 2533 Περὶ
766 2463 823 2517 δὲ
889 2467 986 2536 τῆς
1045 2468 1280 2523 ἐνταῦθα
1363 2474 1743 2544 καταλήψεως,
1827 2478 1887 2530 οὑ

309 2553 415 2622 χρὴ
448 2554 761 2623 δυστορείν.
788 2556 1089 2625 Ἀναγκαία
1126 2559 1227 2629 μὲν
1256 2560 1364 2632 γὰρ
1395 2564 1427 2632 ἠ
1463 2564 1705 2634 ὑμετέρα
1730 2583 1890 2618 συνα-

307 2648 587 2718 ναστροφὴ
613 2650 679 2718 τῇ
716 2649 866 2720 παρὰ
916 2650 1011 2703 τοῦ
1050 2651 1208 2717 ἀγίου
1272 2653 1591 2723 Πνεύματος
1638 2659 1889 2727 ἐγκεχει-

312 2739 552 2811 ρισμένῃ
599 2757 682 2793 σοι
710 2741 1003 2813 ἐκκλησίᾳ.
1037 2742 1186 2814 Πλὴν
1235 2744 1364 2798 ἀλλ’
1389 2746 1515 2800 ἐπεὶ
1544 2748 1611 2802 τὰ
1652 2750 1890 2804 ἐνταῦθα

309 2830 611 2899 πράγματα
650 2832 791 2901 μετά
823 2832 923 2904 τὴν
975 2834 1252 2906 ὑμετέραν
1282 2834 1486 2904 ἔξοδον,
1521 2840 1633 2908 (οὑς
1661 2836 1783 2894 οἶδα
1834 2843 1889 2895 δὲ

306 2923 401 2973 τὸν
425 2924 654 2993 τρόπον,
689 2925 838 2988 ὅπως
891 2928 970 2989 είς
1009 2928 1256 2981 τοιοῦτον
1318 2931 1626 3002 καθέστηκε
1654 2935 1886 3004 σχῆμα),

302 3017 406 3086 τὴν
437 3018 537 3085 σὴν
567 3018 815 3088 ἐπιζητεῖ
843 3019 1167 3091 παρουσίαν,
1189 3021 1417 3094 δεύτερα
1440 3024 1545 3096 χρὴ
1578 3025 1888 3095 λογίζεσθαι

305 3111 447 3172 τέως
481 3111 551 3163 τὰ
586 3113 642 3165 ὲν
691 3114 801 3175 τοῖς
835 3113 1045 3178 αὐτόθι,
1078 3114 1172 3169 xui
1210 3116 1412 3186 μᾶλλον
1443 3119 1538 3189 τῆς
1575 3123 1711 3188 πρὸς
1741 3123 1887 3191 ἡμᾶς

307 3204 571 3268 γενέσθαι
600 3206 923 3275 φοιτήσεως.
960 3202 1123 3271 υἷδας
1151 3209 1259 3277 γὰρ
1291 3210 1367 3273 ὡς
1395 3212 1537 3263 κατὰ
1568 3213 1696 3282 ῥοῦν
1722 3230 1887 3285 φεροο

308 3298 491 3364 μένων
520 3291 754 3368 τῶνςῶδε
785 3303 1150 3370 πραγμάτων,
1186 3303 1279 3355 καὶ
1307 3302 1375 3355 τά
1393 3305 1535 3357 κατὰ
1558 3305 1740 3358 πᾶσαν
1768 3306 1890 3358 ’Ex-

306 3391 547 3460 κλησίαν
603 3392 816 3461 ἀγαθὴν
850 3392 962 3463 ἔχει
1014 3394 1113 3464 τὴν
1169 3395 1522 3449 κατάστασινο
1572 3398 1778 3451 τούτων
1832 3400 1889 3453 δὲ

305 3484 618 3553 ἀνωμάλως
676 3486 933 3554 ἑχόντων,
989 3487 1202 3556 ἀνάγκη
1252 3487 1387 3540 πολὺ
1433 3491 1613 3560 χεῖρον
1662 3492 1731 3544 τὰ
1788 3492 1890 3557 ἔξω

307 3576 681 3629 καθίστασθαι
708 3578 1032 3648 πράγματα.
1056 3579 1239 3647 Μηδὲν
1270 3574 1364 3634 οὖν
1396 3597 1453 3632 σε
1479 3581 1636 3636 τοῦτο
1664 3584 1887 3650 ἀνιάτω,

306 3667 493 3730 καθὼς
520 3668 761 3737 εἴρηται,
799 3670 933 3721 ἀλλὰ
967 3670 1167 3737 μᾶλλον
1197 3670 1332 3725 Θεοῦ
1382 3672 1629 3742 εὐμενῶς
1671 3674 1893 3729 ἐπιϐλέ-

311 3775 529 3824 ποντος,
558 3760 654 3811 xui
678 3759 776 3829 τὴν
824 3759 1148 3831 ἀπαλλαγὴν
1195 3760 1269 3824 ὥς
1301 3778 1364 3829 γε
1417 3764 1757 3836 πεποίθαμεν
1792 3768 1893 3837 τῆς

308 3855 467 3905 νόσου
498 3851 755 3919 διδόντος,
791 3853 884 3906 καὶ
914 3853 1037 3922 δίχα
1077 3856 1175 3925 τῆς
1204 3854 1314 3907 τῶν
1362 3857 1891 3925 παρακελευομένων

310 3947 621 4019 ἐπιτροπῆς
656 3948 731 4018 μὴ
762 3947 1032 4021 βραδύνῃς
1064 3948 1416 4004 καταλαὸεῖν.
1470 3950 1542 4003 Τὸ
1579 3951 1635 4004 δὲ
1670 3952 1892 4020 χαρτίον

307 4041 335 4093 ὃ
365 4040 724 4110 ὑπεσχόμεθα
755 4038 876 4092 οὐτε
922 4039 1194 4111 ἀναϐολῆς
1232 4057 1378 4103 τινος
1428 4040 1461 4110 ἦ
1530 4042 1892 4110 μεταμελείας

309 4135 678 4205 ἐγγενομένης
708 4133 869 4203 μέχρι
915 4132 1008 4185 τοῦ
1050 4132 1142 4184 νῦν
1176 4133 1284 4185 τῶν
1318 4133 1425 4185 σῶν
1457 4133 1762 4203 ἀπελείφθη
1787 4151 1896 4203 χει-

312 4228 445 4296 ρῶν·
478 4226 573 4278 xui.
617 4223 726 4294 γὰρ
759 4224 854 4277 καὶ
890 4225 996 4294 πρὸ
1026 4225 1121 4291 τῆς
1176 4224 1326 4293 ἱερᾶς
1389 4224 1755 4295 πανηγύρεως
1796 4223 1891 4276 τοῦ

316 4319 559 4391 μεγάλου
594 4320 819 4387 γέγονεν
866 4318 1217 4371 Ἀποστόλου.
1273 4316 1412 4370 Ἀλλ’
1465 4318 1545 4370 ὅτι
1584 4316 1732 4385 λόγοι
1778 4319 1893 4381 τοῖς

312 4415 447 4468 ὠσὶν
485 4413 643 4485 ἡμῶν
675 4411 988 4483 προσῄεσαν
1021 4411 1120 4475 τὴν
1148 4412 1245 4481 σὴν
1290 4412 1725 4479 ἀπαγγέλλοντες
1753 4412 1893 4481 μετά

1990 1845 2134 1887 teras
2162 1828 2498 1883 calamitates
2515 1841 2611 1880 vos
2640 1838 2691 1881 et
2716 1826 2767 1879 in
2796 1826 3047 1879 morbum
3100 1825 3358 1881 incidisse
3389 1844 3403 1879 :
3429 1841 3571 1895 pra:—

1988 1924 2174 1980 serlim
2230 1935 2353 1974 cum
2418 1919 2753 1972 attendimus
2813 1918 3075 1987 temporis
3122 1918 3374 1972 incendio
3426 1917 3571 1988 quod

1989 2016 2061 2070 ibi
2109 2012 2312 2069 versari
2353 2011 2552 2066 ferunt.
2618 2010 2754 2064 Illud
2793 2026 2889 2064 nos
2928 1998 3486 2065 vehementeraﬂlitit
3515 2019 3573 2065 et

1988 2107 2194 2177 alﬂigit,
2234 2108 2338 2162 etsi
2386 2104 2584 2160 divina:
2632 2103 2937 2157 clementia:
2968 2117 3113 2171 spes,
3149 2103 3370 2157 meliora
3403 2102 3577 2171 subji-

1989 2199 2164 2261 ciens,
2200 2196 2403 2267 aliquid
2440 2210 2540 2250 nos
2587 2193 2719 2247 sinit
2740 2208 2805 2246 ex
2838 2193 3047 2248 doloris
3090 2185 3330 2262 pondere
3359 2194 3575 2248 auferre

1989 2290 2103 2346 huic
2132 2299 2327 2359 autem,
2348 2287 2720 2359 apprehensio
2757 2301 2867 2340 non
2908 2294 2992 2341 est
3021 2301 3166 2355 (egre
3198 2286 3439 2340 ferenda.
3476 2285 3579 2341 Ne-

1988 2383 2260 2437 cessarius
2291 2383 2436 2435 enim
2489 2389 2572 2434 est
2600 2389 2729 2434 tuus
2757 2378 2823 2433 ad
2868 2379 3215 2432 commissam
3248 2379 3343 2434 tibi
3373 2394 3403 2433 a
3450 2377 3574 2448 Spi-

1991 2477 2097 2530 ritu
2120 2484 2312 2530 saneto
2347 2472 2653 2528 Ecclesiam
2704 2471 2937 2526 reditus.
2998 2471 3254 2525 Attamen
3297 2487 3420 2525 cum
3486 2486 3576 2526 res

1991 2576 2114 2638 post
2144 2575 2297 2621 tuum
2323 2566 2624 2620 discessum
2658 2565 2823 2635 (haud
2860 2565 2973 2618 seio
3003 2563 3278 2632 quomodo
3307 2563 3376 2617 ad
3436 2562 3578 2619 hanc

1990 2660 2328 2712 devenerunt
2368 2654 2620 2725 formam)
2668 2664 2814 2709 tuam
2866 2656 3148 2725 requirant
3208 2656 3576 2726 praesentiam,

1989 2746 2374 2800 attendendum
2428 2754 2508 2800 est
2551 2745 2795 2800 secundo
2829 2746 2992 2800 rebus
3028 2746 3317 2815 hujusloci
3362 2749 3568 2816 potius,

1990 2853 2152 2907 quam
2205 2836 2271 2889 ad
2320 2851 2423 2890 nos
2457 2835 2879 2891 deveniendum.
2920 2835 3039 2892 Scis
3093 2839 3238 2891 enim
3294 2841 3456 2893 rebus
3486 2841 3576 2894 hic

1991 2931 2128 2986 bene
2146 2930 2463 2995 ﬂuentibus,
2495 2931 2670 2986 t0tius
2688 2940 2910 3001 'quoque
2939 2929 3196 2985 Ecclesia:
3231 2933 3432 2986 bonum
3457 2946 3578 2986 esse

1992 3034 2235 3079 statum:
2271 3024 2354 3079 his
2389 3034 2569 3079 autem
2620 3024 2760 3079 male
2808 3025 3158 3087 habentibus,
3207 3040 3433 3082 necesse
3494 3034 3580 3081 cst

1917 3102 1959 3159 (ἶ
1994 3116 2167 3171 multo
2203 3117 2360 3185 pejus
2385 3131 2441 3170 se
2470 3116 2668 3170 habere
2686 3119 3123 3172 res‘exteriores.
3172 3116 3385 3173 Nullam
3417 3116 3582 3188 igitur

1991 3206 2123 3262 illud
2154 3208 2251 3262 tibi
2284 3206 2588 3262 molesdam
2633 3205 2844 3269 aﬂerat,
2875 3217 2935 3261 ut
2963 3208 3169 3262 dictum
3209 3220 3292 3265 est
3316 3226 3331 3276 ;
3359 3210 3452 3265 sed
3487 3224 3581 3279 po-

1994 3301 2124 3361 tius,
2154 3299 2261 3354 lico
2288 3300 2585 3354 clementer
2620 3300 2980 3369 respiciente,
3015 3309 3068 3352 et
3095 3299 3497 3365 remissionem,
3526 3309 3582 3354 ut

1991 3392 2181 3447 saltem
2222 3391 2571 3455 conﬁdimus,
2601 3392 2778 3446 morbi
2801 3392 3157 3453 concedente.
3182 3392 3343 3446 etiam
3374 3396 3583 3460 alisque

1992 3483 2330 3539 hortantium
2364 3483 2728 3553 permissione
2757 3482 3041 3552 suscipere
3078 3497 3281 3536 munus
3314 3497 3382 3538 ne
3424 3482 3583 3538 αισθ-

1947 3584 1966 3598 ⁶
1992 3593 2104 3632 ras.
2124 3576 2328 3632 Charta
2376 3585 2558 3630 autem
2608 3591 2771 3644 quam
2810 3576 3263 3643 promiseramus,
3323 3576 3470 3630 nulla
3504 3576 3584 3629 Ia-

1993 3680 2139 3725 elum
2191 3680 2272 3724 est
2304 3669 2798 3738 procrasuinatione
2825 3678 2919 3722 aut
2956 3669 3125 3722 animi
3188 3669 3492 3723 mutatione
3525 3678 3585 3723 ut

1996 3766 2281 3834 hucusque
2311 3762 2455 3817 absit
2480 3777 2509 3814 a
2540 3764 2647 3816 tuis
2708 3761 2960 3815 manibus
2992 3778 3006 3814 :
3042 3776 3168 3815 nam
3196 3772 3325 3816 ante
3381 3762 3581 3816 festum

1996 3860 2172 3922 magni
2207 3854 2453 3924 Apostoli
2509 3855 2749 3923 perfecta
2803 3863 2903 3907 est.
2947 3854 3049 3908 Sed
3086 3868 3208 3907 cum
3268 3854 3335 3907 ad
3368 3864 3583 3909 nostras

1994 3963 2157 4001 aures
2212 3962 2495 4002 sermones
2560 3946 2912 4015 pervenerint
2982 3947 3374 4001 aununtiantes
3427 3959 3581 4001 tuum

1996 4048 2117 4108 post
2136 4036 2348 4111 festum
2382 4038 2431 4090 in
2464 4036 2653 4091 urbem
2703 4036 2937 4091 celerem
2969 4034 3225 4100 reditum,
3257 4036 3382 4089 inde
3440 4035 3582 4089 tacta

1994 4139 2076 4185 est
2104 4130 2316 4183 dilatio.
2368 4126 2525 4182 Nunc
2573 4137 2758 4183 autem
2795 4127 2938 4181 hanc
2991 4127 3245 4180 misimus
3282 4135 3339 4181 ut
3372 4136 3426 4180 et
3478 4139 3581 4180 nos

1996 4223 2134 4276 citra
2163 4221 2481 4277 indecoram
2515 4220 2888 4289 suspicionem
2920 4218 3208 4287 degamus.
3248 4216 3379 4271 Vale
3428 4230 3581 4282 ergo,

1998 4317 2072 4370 lili
2120 4315 2517 4379 sacratissime,
2553 4327 2763 4367 memor
2808 4312 2861 4366 in
2902 4312 3010 4365 tuis
3070 4308 3277 4365 sanctis
3330 4310 3583 4378 precibus

1996 4418 2197 4463 nostrae
2231 4407 2581 4461 humilitatis.

310 4511 410 4579 τὴν
448 4511 765 4579 πανήγυριν
809 4508 895 4561 διά
926 4506 1126 4578 τάχους
1172 4508 1309 4577 πρὶς
1361 4510 1461 4578 τὴν
1498 4509 1650 4561 πόλιν
1694 4505 2051 4577 ἀνακομιδὴν,
2123 4506 2348 4575 γέγονεν
2407 4504 2786 4575 ήὺστέρησις.
2821 4504 2937 4557 Νῦν
3000 4502 3055 4555 δέ
3087 4518 3167 4555 σοι
3233 4502 3391 4557 τοῦτο
3410 4500 3584 4553 ἀπεσ-

312 4600 595 4670 τείλαμεν,
666 4601 751 4654 ἵνα
785 4598 880 4653 xui
943 4600 1103 4669 ἡμεῖς
1145 4599 1429 4666 ἀπρεποῦς
1479 4600 1733 4663 ὑπονοίας
1788 4600 1893 4663 ἕξω
1930 4597 2287 4669 διατελῶμεν.
2342 4597 2596 4668 Ἐῥρωσό
2665 4613 2781 4667 μοι,
2831 4595 3023 4649 τέκνον
3085 4590 3399 4662 ἱερώτατον,
3438 4606 3583 4662 μεμ-

314 4695 548 4764 νημένος
584 4694 641 4745 ἐν
669 4694 789 4754 ταῖς
816 4690 990 4753 ὁσίαις
1024 4690 1207 4759 εὐχαῖς
1246 4693 1343 4759 τῆς
1388 4692 1546 4761 ἡμῶν
1588 4693 1961 4763 μετριότητος.

851 4806 947 4861 ΜΒ
964 4807 999 4862 “.
1036 4805 1121 4871 Τῷ
1140 4806 1322 4871 αὐτῷ.

387 4928 522 4980 Ὀτε
558 4924 622 4977 τὸ
660 4923 897 4995 γράμμα
924 4922 1023 4992 τῆς
1056 4922 1211 4991 ὑμῶν
1245 4922 1640 4993 ἀρχιερατικῆς
1692 4921 1895 4974 τελειό-

309 5038 475 5092 τητος
500 5018 697 5089 χερσὶν
724 5015 1047 5085 ἐδεξάμεθα,
1101 5014 1212 5069 τῶν
1248 5016 1586 5087 συνεχόντων
1614 5016 1759 5086 ὑμᾶς
1794 5016 1890 5067 λυ-

313 5111 509 5181 πηρῶν
551 5107 785 5178 βραχεῖά
802 5122 884 5168 τις
910 5104 1091 5170 ἄνεσις
1121 5105 1426 5176 προσῆλθεν
1452 5105 1609 5176 ἡμῶν
1630 5108 1697 5175 τῇ
1722 5105 1894 5174 ψυχῇ,

310 5207 374 5257 τὸ
403 5210 503 5274 μὲν
536 5204 621 5255 ὅτι
664 5198 1002 5268 ποθουμένου
1055 5199 1249 5251 τέκνου
1308 5199 1401 5250 xui.
1452 5196 1684 5264 ἀδελφοῦ
1716 5197 1896 5265 λόγοις

312 5298 540 5365 ἔμελλον
578 5293 953 5362 ἐντυγχάνειν,
1002 5291 1062 5345 τὸ
1108 5290 1165 5343 δὲ
1217 5292 1297 5344 ὅτι
1334 5290 1428 5344 καὶ
1481 5288 1784 5361 ἠλπίζομεν
1831 5291 1890 5342 οὑ

312 5386 749 5459 προσαγγέλλειν
781 5386 912 5456 ἡμῖν
942 5383 1001 5436 τὸ
1051 5382 1288 5453 γράμμα
1317 5381 1352 5436 ἃ
1377 5380 1742 5452 προσήγγειλε
1798 5381 1894 5434 λυ-

310 5483 466 5551 πηρά
543 5478 829 5551 (Λυπηρδν
857 5477 965 5546 γὰρ
1000 5478 1033 5546 η
1053 5476 1160 5528 τῶν
1187 5475 1393 5528 τέκνων
1424 5475 1686 5546 κάκωσις)
1720 5490 1734 5505 ⁶
1757 5474 1894 5529 ἀλλὰ

1922 4790 1974 4849 D

2554 4804 2709 4859 XLII.
2774 4803 2979 4859 Eidem.

2070 4918 2299 4987 Quando
2356 4920 2566 4972 litteras
2610 4928 2800 4971 vestrae
2851 4914 3144 4983 pontificiaa
3189 4914 3491 4970 sanctitatis
3525 4915 3577 4968 in

2002 5028 2197 5068 manus
2255 5011 2584 5079 accepimus,
2647 5007 3020 5061 molestiarum
3068 5022 3188 5076 qua:
3236 5021 3337 5059 nos
3399 5014 3583 5059 tenent

2002 5105 2182 5160 brevis
2220 5103 2465 5172 quaedam
2511 5092 2785 5154 remissio’
2818 5098 3013 5152 animae
3067 5105 3269 5152 nostrre
3318 5096 3577 5158 accessit,

2001 5208 2112 5250 tum
2131 5195 2256 5264 quia
2291 5192 2737 5249 desideratissimi
2764 5190 2853 5245 (iiii
2875 5201 2926 5245 et
2952 5188 3138 5244 fratris
3171 5188 3332 5242 verbo
3357 5201 3579 5241 eramus

2001 5288 2268 5354 audituri,
2296 5289 2550 5355 tumquia
2570 5287 2925 5355 sperabamus
2960 5299 3065 5337 non
3090 5282 3245 5335 nobis
3278 5280 3469 5333 atferre
3492 5279 3580 5333 lit-

1997 5396 2143 5442 teras
2182 5382 2313 5436 illud
2356 5380 2498 5450 quod
2547 5380 2844 5434 attulerunt
2892 5378 3150 5431 acerbum
3193 5373 3367 5439 (triste
3433 5373 3578 5427 enim

2000 5480 2142 5550 quod
2176 5476 2269 5531 lilii
2290 5475 2432 5529 male
2456 5475 2745 5542 habeant);
2768 5472 2862 5525 sed
2888 5469 3064 5539 potius
3094 5465 3332 5536 jucunda
3354 5465 3582 5534 la'taque

317 5577 521 5645 μᾶλλον
558 5576 628 5626 τά
654 5573 916 5643 ἡδύνοντα
944 5570 1038 5623 καὶ
1073 5569 1306 5640 φέροντα
1327 5567 1707 5637 ψυχαγωγίαν,
1744 5567 1812 5637 ἢν
1835 5568 1891 5620 ὲκ

2000 5571 2263 5642 perferre,
2283 5568 2478 5639 quippe
2499 5582 2620 5637 qua:
2645 5565 2947 5618 indicarent
2978 5568 3030 5614 et
3049 5574 3146 5613 vos
3171 5557 3373 5623 valere,
3404 5567 3457 5611 et
3488 5571 3578 5611 res

311 5669 412 5724 τοῦ
443 5669 783 5737 διακομίζειν
806 5664 865 5718 τὸ
890 5666 1114 5735 μήνυμα
1140 5663 1243 5731 τῆς
1278 5662 1550 5731 ὑμετέρας
1580 5661 1771 5728 ὑγείας
1804 5663 1901 5715 xui.

308 5763 423 5816 τῶν
460 5763 805 5833 πραγμάτων
831 5759 929 5829 τῆς
956 5756 1075 5811 καθ’
1102 5758 1251 5828 ἡμᾶς
1286 5754 1617 5824 Ἑκκλησίας
1645 5755 1701 5810 ὲν
1731 5757 1901 5827 Χρισ.

2005 5661 2263 5717 Ecclesiae
2305 5667 2503 5714 nostra:
2538 5656 2591 5710 in
2619 5653 2837 5709 Christo
2870 5651 2982 5705 Deo
3010 5658 3203 5705 nostro
3247 5647 3442 5702 melius
3482 5646 3580 5698 lia-

2008 5761 2154 5811 bcre.
2197 5751 2350 5808 Nunc
2399 5764 2527 5806 vero
2579 5747 2797 5818 quidem
2849 5743 3225 5802 revelaverant
3266 5740 3462 5795 morbo
3492 5738 3581 5791 de-
