4038 6204
393 305 498 365 231
1531 286 1843 352 NICOLAI
1885 288 1998 349 CP.
2042 284 2561 347 PATRIARCH/E
3548 280 3653 343 232

392 411 555 471 tineri
587 424 714 477 vos;
747 418 859 464 tttm
892 416 1070 461 autent
1121 422 1219 461 nec
1256 403 1635 459 remissionem
1670 402 1969 457 attulerunt
1998 432 2013 463 λ

2116 398 2148 468 ξ’)
2181 397 2259 468 τῷ
2284 397 2401 469 Θεῷ
2434 397 2591 469 ήμῶν
2654 394 2752 466 τὴν
2812 393 3021 465 ἀμείνω
3054 394 3409 449 κατάστασιν.
3447 391 3493 445 Ν
3505 394 3566 445 ὗν
3599 389 3657 442 δὲ

393 518 497 561 nec
526 499 961 557 consolationem
994 497 1246 551 dolorum
1287 508 1534 548 meorum
1566 508 1687 562 quae
1715 502 1798 546 est
1826 506 1975 544 sem-

2116 490 2298 561 πρῶτον
2332 489 2431 558 μὲν
2460 487 2653 559 ἐδήλου
2688 486 3013 556 κατέχεσθαι
3067 487 3207 555 νόσῳ
3245 485 3415 555 ὑμᾶς,
3464 484 3659 537 ἔπειτα

400 608 496 665 per
523 592 577 646 in
629 589 888 660 precibus
932 586 1068 639 meis
1098 602 1113 649 ;
1153 584 1253 639 etsi
1290 592 1511 653 propter
1537 588 1757 651 peccata
1790 589 1976 634 nostra

400 685 572 739 irrita:
603 680 823 736 fuerunt
850 693 1039 747 preces
1070 686 1269 730 nostra:
1299 689 1399 744 pro
1433 675 1577 727 bono
1610 671 1975 726 Ecclesiarum

402 777 615 841 ordine,
646 775 759 827 haec
801 782 980 825 tamen
1033 784 1153 839 qua:
1204 778 1451 821 nostrum
1484 779 1579 819 cor
1603 763 1809 817 humile
1842 761 1981 816 dila-

401 871 575 934 niant,
599 869 713 922 sive
743 866 973 919 libentes
1000 861 1112 915 sive
1142 859 1294 913 inviti
1322 856 1747 917 sustinebimus,
1772 868 1978 923 usque—

406 964 537 1017 dum
574 956 971 1026 investigabilia
1016 954 1105 1007 Dei
1140 952 1347 1022 judicia
1374 949 1669 1019 dignentur
1700 947 1792 1001 illa
1818 946 1981 1002 simul

407 1069 535 1111 cum
574 1066 899 1108 arummosa
938 1056 991 1103 et
1023 1044 1222 1099 infelici
1250 1044 1359 1097 vita
1390 1049 1579 1095 nostra
1607 1039 1863 1110 dirigere.
1899 1037 1982 1091 Tu

406 1155 610 1204 autem.
639 1138 1010 1196 sacratissime
1059 1143 1243 1192 noster
1267 1134 1359 1197 lili,
1392 1132 1489 1186 etsi
1526 1145 1732 1201 corpus
1759 1128 1989 1184 inﬁrmi-

412 1236 615 1290 tatibus
643 1233 930 1292 labm-avit,
956 1239 1012 1283 et
1042 1228 1179 1281 forte
1208 1226 1384 1279 adhuc
1422 1224 1657 1287 laborat,
1686 1224 1780 1279 sed
1811 1221 1987 1291 gratia

410 1323 504 1377 Dei
532 1323 713 1376 anima
738 1322 970 1375 donatus
1000 1317 1336 1372 lirtnissima.
1364 1329 1428 1366 ne
1462 1314 1696 1367 desistas
1725 1310 1985 1365 commis-

413 1428 531 1465 sum
566 1409 659 1475 tibi
688 1426 716 1463 a
747 1420 937 1463 sancto
969 1404 1171 1475 Spiritu
1206 1418 1419 1474 gregem
1470 1410 1523 1454 et
1554 1401 1720 1454 verbo
1750 1410 1800 1452 et
1826 1413 1990 1468 opere

413 1513 465 1558 et
494 1502 753 1571 exemplis
784 1513 838 1554 et
872 1498 1273 1554 bortationibns
1302 1496 1410 1549 tuis
1455 1495 1524 1547 ita
1574 1506 1795 1562 pascere
1830 1500 1882 1545 et
1912 1491 1993 1544 di-

412 1598 589 1665 rigere
633 1594 929 1655 etducere,
965 1601 1024 1647 ut
1067 1603 1119 1644 et
1163 1588 1303 1642 Deus
1334 1601 1429 1657 per
1472 1595 1523 1639 te
1554 1592 1841 1639 contentus
1882 1582 1989 1647 sit;

418 1703 476 1741 ιι.
538 1702 639 1741 nos
691 1685 946 1747 humiles,
1005 1680 1191 1736 audita
1246 1688 1442 1731 vestrae
1500 1674 1993 1729 administrationis

2078 580 2133 632 δὲ
2169 581 2266 633 καὶ
2292 578 2413 631 οὐδὲ
2450 578 2531 641 είς
2578 577 2762 631 ἄνεσιν
2797 576 2960 644 φέρον
3016 575 3109 627 καὶ
3156 571 3508 640 παραμύθιον
3550 570 3660 623 τῶν

2082 668 2233 738 ἐμῶν
2266 667 2465 720 ὀδυνῶν
2501 665 2600 735 τῆς
2654 664 2742 720 ἀεὶ
2778 664 2856 717 δι’
2884 663 3049 733 εὐχῆς
3085 664 3219 733 ἡμῖν
3281 659 3660 731 ὑπαρχούσης,

2085 761 2136 812 εἰ
2163 759 2257 812 καὶ⁵
2295 758 2384 811 διὰ
2436 757 2534 819 τὰς
2567 756 2845 825 ἁμαρτίας
2896 754 3055 825 ἡμῶν
3119 752 3403 815 ἀτέλεστος
3438 754 3470 819 ή
3527 751 3663 820 εὐχὴ

2085 852 2228 922 ὑπὲρ
2257 851 2355 920 τῆς
2375 848 2485 903 τῶν
2521 847 2858 917 Ἑκκλησιῶν
2888 845 3165 912 εὐταξίας,
3191 846 3337 914 ὅμως
3369 843 3543 896 ταῦτα
3571 844 3665 895 καὶ

2086 945 2303 1007 ἑκόντες
2331 943 2425 996 καὶ
2456 941 2681 1005 ἀκοντες
2710 941 2806 1010 τὴν
2837 939 2993 1010 ήμῶν
3025 938 3286 1008 ταπεινήν
3312 937 3661 1002 διαξαίνιντα

2086 1037 2338 1109 καρδίαν·
2375 1035 2470 1088 καὶ
2532 1033 2970 1102 καρτερήσομεν,
3009 1031 3201 1100 μέχρις
3257 1028 3323 1083 ἂν
3360 1029 3427 1081 τὰ
3486 1024 3667 1091 ἀνεξι-

2087 1130 2315 1201 χνίαστα
2342 1127 2587 1197 κρίματα
2620 1125 2715 1179 τοῦ
2740 1123 2877 1177 Θεοῦ
2902 1121 3077 1176 ταῦτα
3103 1122 3265 1192 κρίνῃ
3296 1123 3361 1190 τῇ
3393 1118 3674 1171 ταλαιπώ-

2091 1239 2169 1291 ρῳ
2194 1221 2288 1273 καὶ
2323 1218 2577 1289 δυστήνω
2602 1216 2761 1287 ἡμῶν
2794 1214 2909 1285 ζωῇ
2942 1212 3455 1283 συμπολιτεύεσθας.
3491 1212 3562 1262 Συ
3590 1210 3667 1272 δὲ,

2087 1312 2279 1363 τέκνον
2301 1308 2456 1379 ήμῶν
2488 1306 2801 1378 ἱερώτατον,
2840 1308 2889 1359 εί
2920 1306 3012 1359 καὶ
3035 1305 3094 1357 τὸ
3118 1304 3356 1373 ,σαρκίον
3388 1301 3667 1370 πεπόνηκε

2088 1406 2210 1464 ταῖς
2242 1401 2571 1463 ἀσθενείαις,
2598 1400 2759 1470 τυχὸν
2801 1400 2857 1452 δὲ
2880 1398 2974 1451 καὶ
3001 1399 3081 1451 ἔτι
3115 1400 3283 1460 πονεῖ,
3315 1394 3449 1449 ἀλλὰ
3486 1396 3584 1464 τήν
3608 1411 3673 1460 γε

2089 1492 2266 1564 ψυχὴν
2304 1492 2486 1562 χάριτι
2544 1492 2680 1545 Θεοῦ
2713 1491 2788 1554 ὡς
2840 1490 3165 1563 ἐρρωμένην
3196 1487 3555 1559 κεκτημένος,
3599 1488 3675 1558 μὴ

2097 1583 2369 1647 διαλίποις
2400 1583 2460 1636 τὸ
2494 1582 2599 1636 ὑπὸ
2623 1582 2719 1635 τοῦ
2756 1582 3026 1651 παναγίου
3064 1580 3382 1650 Πνεύματος
3430 1582 3677 1649 ἐγκεχει-

2098 1676 2355 1746 ρισμένον
2391 1692 2474 1728 σοι
2510 1674 2762 1744 ποίμνιον
2796 1677 2916 1736 ταῖς
2952 1677 3071 1737 σαῖς
3124 1673 3328 1727 καὶδιά
3368 1672 3475 1723 τῶν
3502 1672 3677 1738 λόγων

418 1777 1022 1853 εειΙυιοτῑνρτονὶιΙρηιίο,
1047 1787 1211 1827 onere
1238 1771 1535 1823 allevemur
1570 1766 1991 1836 desperationis.

2116 1767 2193 1820 ιαὶ
2223 1766 2331 1818 τῶν
2360 1765 2534 1836 ἔργων
2554 1766 2799 1834 ὁδηγίαις
2835 1767 2928 1818 καὶ
2953 1766 3339 1834 παραινέσεσιν
3362 1763 3506 1816 οὕτω
3544 1780 3679 1817 κατ-

424 1870 486 1921 Et
516 1878 570 1921 tu
598 1869 734 1937 ipse,
771 1875 830 1919 ut
869 1864 1086 1918 lucerna
1129 1863 1180 1915 in
1233 1861 1456 1925 mundo,
1487 1858 1711 1912 verbum
1748 1858 1867 1911 vita:
1900 1857 1999 1910 ha-

423 1962 579 2021 bens,
620 1967 674 2012 et
718 1958 772 2011 in
819 1956 1069 2023 pragsenli
1114 1954 1220 2006 vita
1251 1966 1414 2020 opera
1460 1960 1547 2005 tua
1582 1951 1720 2005 lucis
1745 1951 1997 2004 ostendes

421 2052 489 2103 iis
537 2049 628 2119 qui
679 2047 911 2117 diliguttt
962 2046 1243 2109 virtutem,
1291 2053 1345 2097 et
1397 2043 1450 2097 in
1508 2047 1708 2097 saeculo
1765 2051 1999 2096 venturo

422 2158 546 2197 cum
595 2136 1111 2206 lucis_ha:redibus,
1148 2136 1293 2206 quod
1352 2134 1595 2189 futurum
1649 2132 1996 2200 conﬁdimus,

422 2240 817 2287 annumeratus
851 2227 1209 2298 spectalieris.
1252 2225 1522 2281 Caeterum
1552 2230 1734 2278 autem
1792 2224 1847 2277 in
1894 2226 2000 2280 luis

426 2325 630 2378 sant-tis
675 2322 930 2390 precibus
967 2334 1034 2374 ne.
1064 2318 1392 2372 humilitatis
1430 2324 1633 2371 nostra:
1669 2315 1999 2371 meminisse

429 2411 790 2467 obliviscaris.

2104 1860 2338 1933 αρείξων
2365 1858 2534 1923 οὕτως
2567 1859 2758 1911 ἰθύνων
2796 1860 2890 1911 καὶ
2921 1859 3151 1927 ὁδηγῶν,
3188 1858 3274 1910 ἴνα
3304 1857 3395 1910 καὶ
3425 1854 3555 1918 Θεὸς
3590 1854 3679 1907 διὰ

2103 1951 2196 2005 σοῦ
2230 1950 2592 2022 εύαρεστηθῇ,
2630 1953 2721 2004 καὶ
2748 1954 2908 2022 ἡμεῖς
2936 1953 2991 2003 οι
3024 1950 3269 2004 ταπεινοὶ
3309 1947 3684 2019 μανθάνοντες

2103 2048 2203 2116 τὴν
2246 2044 2564 2114 σωτηριὼδη
2603 2046 2859 2114 πρόνοιαν
2891 2043 2989 2113 τῆς
3020 2042 3143 2098 καθ’
3206 2044 3351 2112 ὑμᾶς
3385 2041 3681 2110 ἐπαρχίας,

2103 2140 2168 2211 ὲκ
2191 2136 2286 2190 τοῦ
2320 2135 2520 2207 βάρους
2563 2136 2926 2206 ἀναφέρωμεν
2959 2134 3060 2206 τῆς
3086 2133 3324 2203 ἀθυμίας
3350 2147 3363 2161 ⁶
3404 2133 3501 2185 καὶ
3522 2132 3686 2193 ait}

2104 2228 2179 2291 ὡς
2212 2230 2437 2299 φωστὴρ
2468 2229 2527 2280 ὲν
2570 2228 2759 2298 κόσμῳ
2810 2227 2969 2295 λόγον
3032 2226 3243 2295 ἐπέχων
3275 2226 3439 2293 ζωῆς,
3484 2224 3577 2276 καὶ
3629 2226 3689 2276 ὲν

2106 2320 2185 2391 τῷ
2211 2324 2438 2393 παρόντι
2471 2322 2570 2394 βίῳ
2596 2323 2663 2375 τὰ
2699 2323 2766 2375 σα
2818 2322 2979 2394 ἔργα,
3031 2321 3124 2374 τοῦ
3177 2321 3353 2390 φωτὸς
3398 2318 3689 2383 ἐπιδείξεις

2106 2417 2221 2476 τοῖς
2247 2416 2533 2484 ἀγαπῶσιν
2593 2416 2815 2487 ἀρετὴν,
2872 2417 2966 2469 καὶ
3000 2417 3056 2468 ὲν
3097 2415 3174 2485 τῷ
3228 2414 3476 2483 μέλλοντι
3531 2412 3691 2466 αἰῶνι

431 2504 571 2572 μστά
624 2502 747 2573 τῶν
780 2501 874 2555 τοῦ
922 2502 1099 2571 φωτὸς
1130 2500 1505 2573 κληρονόμων,
1557 2498 1693 2570 ὅπερ
1734 2498 2073 2572 πεποίθαμεν
2139 2508 2213 2570 ὡς
2281 2512 2455 2575 ἔσται,
2523 2511 2954 2579 συντεταγμένος
3022 2507 3263 2579 ὀψο-[ης.
3329 2509 3411 2561 Τὰ
3460 2507 3504 2559 δ’
3556 2506 3694 2561 mn

432 2596 509 2666 μὴ
536 2596 806 2659 διαλίποις
831 2597 888 2648 ἐν
936 2598 1056 2657 ταῖς
1107 2594 1292 2664 ἁγίαις
1350 2594 1536 2663 εὐχαῖς
1570 2609 1664 2645 σου
1698 2592 1796 2663 τῆς
1849 2592 2008 2663 ήμῶν
2048 2603 2398 2673 μεμνημένος
2428 2603 2836 2673 ταπεινότητος.

622 2731 803 2787 XLIII.
846 2733 1067 2788 Andrea:
1100 2729 1392 2785 Patrarum
1426 2729 1799 2798 metropolitw.

503 2869 832 2923 Praesentem
875 2866 1163 2936 epistolam
1213 2866 1508 2921 scribimus
1548 2866 1665 2932 tibi,
1718 2866 1792 2919 ﬁli
1823 2876 2012 2921 noster

433 2971 663 3024 sacrate,
697 2975 803 3012 non
838 2960 1173 3025 ignorantes,
1204 2956 1367 3008 etiam
1404 2956 1610 3025 absque
1646 2956 1851 3011 nostris
1887 2971 2011 3010 ver-

438 3054 542 3114 bis,
574 3064 722 3105 tuam
762 3048 1174 3119 intelligentiam
1214 3047 1463 3119 apprime
1507 3047 1649 3103 scire
1681 3047 1813 3118 quid
1848 3061 2012 3119 agere

436 3146 649 3198 deceat.
693 3142 943 3195 Attamen
984 3150 1037 3195 et
1074 3154 1174 3195 nos
1215 3141 1514 3196 secundum
1548 3141 1791 3196 rationes
1815 3140 2018 3211 quibus
2045 3126 2087 3183 (ἶ

436 3237 692 3291 ducimur
748 3236 1024 3306 pmpriatn
1076 3234 1400 3289 sententiam
1450 3232 1821 3300 notilicamus,
1857 3242 1937 3298 ut,
1971 3234 2017 3288 si

438 3329 720 3384 veritatem
774 3344 896 3382 cutn
939 3328 1023 3383 his
1061 3343 1182 3397 quae
1222 3328 1382 3382 nobis
1423 3327 1670 3381 nuntiata
1716 3338 1845 3381 sunt
1886 3340 2020 3381 con-

441 3433 723 3490 gruentem
751 3420 1196 3489 deprehenderis,
1216 3428 1605 3488 congruentem
1628 3418 1799 3474 facias
1824 3419 2018 3489 agendi

440 3516 729 3570 t-atimtem.
788 3512 924 3565 Cum
989 3514 1136 3566 enim
1192 3512 1281 3567 ille
1330 3514 1425 3583 qui
1473 3512 1762 3581 epistolam
1802 3513 2015 3580 detulit,
2060 3582 2065 3587 ἡ

442 3606 602 3659 nobis
676 3605 1026 3657 annuntiavit
1079 3605 1365 3658 mulierem
1430 3606 1725 3673 quamdam
1772 3605 2016 3670 viduam,

445 3696 737 3749 mundana:
791 3695 914 3748 vitae
958 3695 1257 3763 spiritalem
1319 3695 1683 3764 disciplinam,
1737 3696 1882 3766 quod
1937 3705 2022 3750 est

446 3787 731 3858 prudentis
784 3787 954 3841 animi
1006 3788 1334 3856 praetulisse,
1388 3798 1441 3840 et
1488 3787 1740 3851 sepulcro
1779 3786 2023 3841 adhaere-

446 3893 687 3936 scentem
728 3881 996 3949 conjugis,
1046 3896 1169 3935 cum
1216 3881 1338 3935 aliis
1386 3882 1501 3934 suis
1537 3880 1699 3935 rebus
1746 3882 2020 3950 propriam

447 3987 666 4041 quoque
695 3973 859 4026 vitam
888 3971 1139 4025 attulisse
1163 3971 1383 4025 Christo
1419 3971 1529 4025 Deo
1570 3980 1780 4036 nostro,
1814 3971 1866 4024 in
1903 3987 2024 4024 mo-

452 4065 661 4118 nastica
710 4064 996 4133 degentem
1023 4062 1353 4132 disciplina;
1388 4062 1517 4118 huic
1559 4070 1740 4116 autem
1770 4070 1823 4117 et
1851 4062 2027 4115 homi-

452 4170 581 4211 num
630 4154 858 4222 malitia,
889 4165 946 4210 et
971 4154 1173 4208 invidia
1196 4153 1399 4208 diaboli
1427 4169 1679 4223 magnam
1708 4153 2025 4207 suscitatam

452 4248 622 4304 (uisse
642 4247 973 4317 procellam;
1008 4255 1063 4301 tu
1099 4255 1251 4301 tuum
1286 4247 1359 4301 illi
1396 4246 1663 4316 prmbebis
1695 4245 2026 4309 subsidium,

454 4354 557 4395 nec
602 4340 747 4395 sines
779 4343 923 4394 hunc
966 4340 1306 4409 episcopum,
1342 4340 1658 4408 quicunque
1708 4338 1811 4400 sit,
1852 4337 1900 4389 ei
1942 4351 2033 4389 no-

452 4448 601 4499 ccre,
630 4434 724 4489 sed
752 4434 931 4503 potius
959 4433 1008 4487 ei
1041 4433 1392 4503 complaules
1418 4442 1475 4484 ut
1506 4431 1558 4482 in
1585 4446 1680 4484 sua
1711 4438 2031 4498 permaneat

453 4524 838 4593 dispositione,
892 4523 1008 4576 sive
1054 4520 1465 4588 gubernationis
1507 4521 1717 4573 obtinet
1773 4520 2024 4587 gradum,

455 4611 570 4666 sive
624 4612 678 4664 in
706 4611 1061 4670 ,monasterio
1104 4610 1308 4663 mavult
1360 4619 1636 4678 utcunque
1682 4623 2019 4676 permanere.

460 4703 707 4771 Iniquum
740 4703 884 4754 enim
923 4711 977 4755 et
1011 4701 1176 4755 nimis
1214 4701 1575 4754 inhumanum
1634 4708 1799 4762 esset,
1837 4699 2031 4751 mulie-

459 4811 571 4848 l‘t‘tll
612 4794 681 4847 ita
724 4793 776 4847 in
815 4794 1013 4863 pietate
1042 4793 1307 4846 viventem
1358 4792 1478 4845 loco
1526 4792 1794 4861 depellere
1834 4790 1888 4843 in
1925 4805 2032 4858 quo

460 4888 561 4940 viri
606 4886 866 4955 reliquias
895 4884 1165 4946 condidit,
1211 4893 1259 4937 el
1296 4883 1386 4937 ubi
1416 4898 1635 4936 onmem
1672 4882 2032 4936 substantiam

461 4994 615 5033 suam
665 4979 718 5031 itt
758 4976 1233 5031 salutem'anitnze
1265 4990 1377 5028 sua:
1403 4983 1458 5027 ct
1496 4974 1547 5025 in
1593 4972 1695 5026 loci
1744 4986 2036 5026 conserva-

465 5088 667 5141 tionem
716 5082 1026 5138 collocavit.
1068 5080 1234 5151 Igitur
1262 5083 1406 5135 sicut
1437 5078 1639 5133 dictum
1684 5086 1790 5141 est,
1818 5090 2036 5147 gravem

461 5191 516 5234 et
550 5180 761 5234 avidam
788 5175 1027 5246 episcOpi
1063 5190 1279 5227 manum
1316 5174 1439 5227 inde
1465 5181 1649 5226 averte
1674 5181 1729 5225 et
1762 5171 1840 5225 illi
1870 5172 2039 5227 suade

466 5286 531 5323 ne
565 5271 799 5325 aliorum
841 5277 1059 5338 appetat
1089 5281 1262 5336 opes;
1314 5266 1428 5329 sed,
1477 5265 1523 5318 si
1560 5264 1697 5317 inter
1729 5262 1819 5317 Dei
1857 5264 2046 5317 minis-

466 5371 581 5414 tros
607 5359 1000 5417 connumerat-i
1041 5361 1190 5420 velit,
1221 5367 1276 5411 et
1310 5373 1374 5412 ex
1420 5356 1657 5427 propriis
1702 5356 1863 5411 rebus
1892 5365 1947 5410 et
1976 5370 2043 5409 ex

467 5454 567 5507 sibi
594 5450 1232 5522 provenientibus,juxta
1260 5449 1493 5520 Spiritus
1535 5450 1875 5512 mandatum,
1919 5461 2045 5517 cge-

467 5545 553 5599 uis
578 5546 878 5601 subveniat.

2309 2735 2419 2792 Ml"
2474 2736 2721 2805 Ἀνδρέᾳ
2770 2740 3183 2806 μητροπολίτῃ
3214 2734 3479 2804 Πατρῶν.

2189 2869 2299 2939 Τὴν
2349 2867 2628 2939 παροῦσαν
2684 2868 2972 2940 ἐπιστολὴν
3038 2870 3323 2940 γράφομέν
3373 2887 3471 2931 σοι,
3504 2872 3698 2924 τέκνον

2119 2958 2274 3030 ήμῶν
2308 2960 2475 3030 ίερδν,
2508 2960 2709 3023 εἰδότες
2734 2959 2809 3023 ὡς
2840 2960 2934 3012 καὶ
2960 2962 3127 3030 χωρὶς
3157 2965 3266 3012 τῶν
3292 2963 3576 3030 ἡμετέρων
3607 2963 3700 3013 λό-

2120 3069 2233 3122 γων
2262 3052 2360 3124 τὴν
2389 3053 2739 3123 ἁρμόζουσαν
2775 3050 3032 3124 πρᾶξινή
3064 3054 3131 3117 σὴ
3188 3052 3543 3116 ἐξεπίσταται
3597 3052 3699 3105 σύ-

2120 3162 2289 3209 νεσις.
2330 3145 2478 3216 Πλὴν
2506 3145 2636 3198 ἀλλὰ
2657 3145 2753 3199 καὶ
2778 3147 2939 3216 ἡμεῖς
2970 3148 3092 3199 καθ’
3131 3145 3224 3208 οὓς
3257 3146 3566 3217 ἐνήχοημεν
3607 3145 3698 3198 λόο

2121 3254 2272 3307 γους,
2303 3238 2403 3308 τὴν
2432 3236 2640 3291 οἰκείαν
2684 3254 2766 3290 σοι
2814 3235 3041 3309 γνώμην
3089 3239 3487 3307 ὲμςρανίζομεν,
3520 3239 3607 3291 τνα
3648 3240 3698 3291 εί

2124 3327 2526 3397 συμϐαίνουσαν
2592 3329 2691 3398 τὴν
2762 3327 3016 3398 ἀλήθειαν
3103 3333 3215 3392 τοῖς
3260 3329 3702 3400 ἀπηγγελμένους

2123 3420 2255 3490 ἡμῖν
2289 3420 2495 3492 εὕροις,
2524 3420 2782 3491 τοιαύτην
2813 3420 2935 3473 τινὰ
2960 3422 3161 3491 ποιήσῃ
3194 3424 3290 3474 καὶ
3345 3423 3444 3484 τὴν
3490 3422 3699 3493 διοίκη-

2126 3528 2228 3567 σιν.
2276 3512 2427 3565 Ἐπεὶ
2462 3512 2572 3582 γὰρ
2607 3516 2633 3565 ὁ
2661 3511 2724 3564 τὸ
2766 3512 3001 3582 γράμμα
3040 3515 3283 3580 κομίζων
3336 3514 3699 3584 ἀπήγγειλεν,

2122 3605 2196 3667 ὡς
2221 3607 2357 3675 γυνή
2383 3621 2469 3668 τις
2504 3604 2695 3675 ἀνδρὸς
2726 3604 3060 3675 χηρωθείσα,
3117 3605 3255 3675 ὅπερ
3287 3607 3401 3657 ἐστὶ
3433 3605 3704 3676 φρονίμης

2123 3695 2321 3766 ψυχῆς,
2378 3698 2499 3749 ἀντὶ
2531 3697 2630 3766 τῆς
2673 3697 2943 3767 κοσμικῆς
2990 3693 3137 3765 ζωῆς
3199 3697 3295 3767 τὴν
3329 3699 3707 3767 πνευματικὴν

2126 3790 2420 3859 προέκρινε
2450 3790 2745 3853 πολιτείαν,
2776 3789 2868 3841 καὶ
2919 3787 2995 3857 τῷ
3026 3788 3182 3858 τάφῳ
3218 3790 3707 3860 προσκαρτεροῦσι

2125 3879 2219 3932 τοῦ
2249 3879 2542 3950 ὁμοζύγου,
2610 3880 2749 3950 μετὰ
2797 3880 2905 3932 τῶν
2936 3881 3113 3933 ἄλλων
3144 3880 3313 3947 αὐτῆς
3362 3882 3707 3951 πραγμάτων

2128 3973 2223 4024 tul
2252 3972 2349 4041 τὴν
2379 3972 2591 4025 οἰκείαν
2623 3972 2768 4043 ζωὴν
2808 3974 3150 4042 προσήνεγκε
3188 3971 3266 4042 τῷ
3331 3972 3553 4042 Χριστῷ
3612 3973 3711 4026 καὶ

2129 4066 2248 4134 Θεῷ
2277 4064 2435 4135 ήμῶν
2466 4068 2522 4118 ὲν
2570 4066 2828 4135 μοναδικῇ
2862 4064 3189 4132 διεξάγουσα
3224 4064 3491 4134 πολιτεία.
3520 4066 3634 4117 Ταύ
3675 4084 3707 4136 ῃ

2129 4158 2205 4218 δὲ,
2258 4153 2347 4212 οἶα
2402 4159 2468 4211 τὰ
2498 4159 2557 4222 ἐξ
2619 4158 2921 4228 ἀνθρώπων
2965 4160 3377 4229 πονηρεύματα,
3412 4159 3557 4212 καὶὸ
3612 4160 3708 4212 του

2131 4250 2377 4303 διαϐόλου
2408 4250 2600 4319 φθόνος
2630 4252 2893 4322 ἐπήγειρε
2951 4252 3269 4321 τρικυμίας,
3305 4251 3402 4322 τήν
3432 4251 3532 4322 σήν
3590 4253 3712 4305 ἐπι-

2138 4342 2472 4411 χορηγήσεις
2509 4339 2766 4411 βοήθειαν
2822 4342 3020 4412 καὶμὴ
3051 4345 3217 4413 ἐάσῃς
3276 4343 3367 4394 τὸν
3416 4345 3713 4396 ἐπίσκοπον

2137 4434 2363 4495 ἐκεῖνον,
2394 4432 2451 4493 ὃς
2474 4431 2555 4494 τίς
2598 4432 2727 4486 ποτέ
2759 4434 2929 4498 ἐστιν,
2960 4434 3291 4504 ἐπηρέαζειν
3345 4433 3536 4504 αὐτὴν,
3580 4434 3715 4487 ἀλλα

2141 4523 2340 4593 μᾶλλον
2386 4523 2594 4594 ταύτην
2629 4527 3118 4597 συνεπικροτήσεις
3154 4528 3211 4579 ὲν
3251 4528 3315 4597 τῇ
3370 4529 3545 4599 uiitan
3593 4528 3712 4580 δια-

2140 4618 2321 4685 μένειν
2350 4616 2523 4684 τάξει,
2563 4619 2673 4671 εἴτε
2726 4620 3087 4689 ήγυυμενείας
3120 4621 3304 4690 ἐπέχει
3344 4620 3571 4691 βαθμὸν,
3606 4623 3714 4675 εἴτε

2136 4707 2309 4771 ἄλλως
2345 4709 2401 4760 ὲν
2448 4708 2526 4781 τῷ
2582 4711 2935 4781 μοναστηρίῳ
2998 4711 3247 4782 βούλεται
3300 4712 3573 4781 διαμένειν
3621 4714 3715 4765 καὶ

2136 4805 2595 4873 προσκαρτερεῖν.
2638 4804 2860 4857 ’Λδικον
2906 4804 3012 4876 γάρ
3042 4805 3138 4857 καὶ
3167 4803 3284 4857 λίαν
3322 4805 3714 4875 ἀπάνθρωπον,

2138 4896 2312 4955 οὓτως
2340 4894 2600 4965 εὐλαϐείᾳ
2632 4896 2731 4963 τήν
2764 4898 3005 4961 γυναῖκα
3059 4896 3240 4960 ζῶσαν
3284 4896 3592 4961 ἐξελαύνειν
3621 4897 3717 4950 τοῦ

2140 4986 2330 5049 τόπου,
2364 4988 2424 5039 ἐν
2455 4980 2499 5053 ᾧ
2536 4986 2597 5038 τὸ
2632 4986 2887 5056 λείψανον
2914 4987 3009 5039 τοῦ
3046 4988 3241 5059 ἀνδρὸς
3291 4988 3593 5059 κατέθηκε,
3625 4991 3723 5041 καὶ

2140 5073 2204 5131 οὗ
2241 5079 2311 5131 τὰ
2362 5078 2680 5149 ὑπάρχοντα
2727 5080 2865 5149 αὐτῇ
2905 5082 3285 5149 προσήνεγκεν
3318 5082 3396 5145 είς
3435 5098 3493 5134 τε
3544 5098 3724 5152 σωτη-

2145 5176 2267 5245 ρίαν
2298 5175 2396 5244 τῆς
2430 5174 2566 5237 ιδίας
2601 5173 2800 5243 ψυχῆς,
2852 5174 2947 5226 καὶ⁵
3002 5177 3080 5238 είς
3126 5176 3225 5245 τὴν
3258 5174 3352 5228 τοῦ
3384 5175 3551 5227 τόπου
3600 5176 3722 5229 δια-

2147 5268 2317 5337 μονήν
2338 5283 2398 5319 τε
2423 5267 2517 5319 καὶ
2542 5266 2828 5320 σύστασιν.
2864 5266 2950 5330 Ὠς
2981 5262 3073 5320 οὖν
3098 5269 3335 5337 εἴρηται,
3365 5268 3463 5336 τὴν
3494 5266 3723 5335 βαρεῖαν

2146 5358 2243 5414 καὶ
2276 5358 2674 5431 πλεονεκτικὴν
2697 5360 2791 5413 τοῦ
2824 5361 3129 5415 ἐπισκόπου
3154 5363 3311 5431 χεῖρα
3336 5360 3551 5413 ἐκεῖθεν
3584 5362 3722 5412 ἁπό-

2149 5447 2403 5520 στρεψον,
2442 5453 2536 5502 κα)⁸
2557 5450 2768 5518 δίδαξον
2817 5453 2894 5522 μὴ
2932 5452 3040 5506 τῶν
3089 5453 3389 5524 ἀλλοτρίων
3432 5453 3724 5523 ἰπιθυμείν

2149 5542 2247 5612 τὴν
2307 5541 2527 5609 κτῆσιν,
2571 5542 2687 5596 ἀλλ’
2720 5544 3055 5615 εἶπερκὸλως
3105 5547 3163 5598 ὲν
3215 5546 3551 5615 λειτουργοῖς
3584 5542 3722 5597 Θεοῦ

472 5639 917 5712 συναριθμεῖσθαι
964 5643 1131 5713 φιλεῖ,
1170 5640 1269 5697 καὶ
1314 5640 1422 5695 τῶν
1478 5641 1694 5696 οἰκείων
1759 5641 1853 5696 καὶ
1891 5637 2039 5709 αύτῷ
2078 5639 2390 5709 προσόντων
2430 5644 2539 5703 τοῖς
2574 5642 2853 5712 δεομένοις
2884 5642 2953 5695 δι’
2983 5645 3219 5715 ἀπορίαν
3295 5647 3435 5700 κατά
3500 5644 3599 5719 τὴν
3627 5640 3721 5697 τοῦ

472 5740 517 5795 [1
534 5734 787 5807 ιεύματος
830 5738 1048 5809 ἐντολὴν
1074 5742 1362 5812 ἐπαρκεῖν.
