4038 6204
308 249 418 313 233

738 364 871 416 ΜΔν.
905 361 1062 430 Πρὸς
1111 363 1470 431 στρατηγόν.

348 476 457 530 Καὶ
475 475 592 541 νῦν,
610 475 802 547 ὥσπερ
820 477 928 543 ἀεὶ,
945 477 1106 546 χάριν
1119 476 1575 547 ὁμολογοῦμεντῷ
1589 477 1730 548 ἀγίῳ
1744 477 1881 547 Θεῷ,

314 569 400 637 ἐφ’
428 560 533 629 οἷς,
566 566 758 620 τέκνον
782 566 940 637 ἡμῶν
965 569 1155 637 ἠγαπη
1165 567 1346 637 μένον,
1383 568 1478 620 καὶ
1496 567 1592 639 τὴν
1615 568 1886 638 ὑμετέραν

315 659 664 727 διαφυλάττει
685 657 832 728 ζωὴν
855 659 951 711 καὶ
972 658 1071 728 τὴν
1094 659 1458 712 κατευόδωσιν
1495 659 1604 712 τῶν
1632 660 1888 729 πραγμά-

313 766 420 802 των
443 751 772 820 ἐχορήγησε⁸
795 753 889 802 καὶ
906 749 1248 820 πεποίθαμεν
1265 751 1344 803 δτι
1371 750 1465 803 καὶ
1482 749 1562 802 ἔτι
1591 753 1887 820 χορηγήσει

315 843 601 912 εὐχόμενοι
630 841 719 895 διὰ
746 841 947 904 παντὸς
976 843 1072 896 καὶ⁹
1101 843 1180 894 ἔτι
1232 840 1446 911 μείζοσι
1490 842 1883 912 κατορθώμασι

314 933 742 1005 λαμπρύνεσθαι
792 933 892 1004 τὴν
930 935 1028 1005 σὴν
1078 935 1455 1006 στρατηγικὴν
1488 936 1711 1005 ἀρετὴν,
1747 935 1886 989 ὥστε

313 1025 400 1077 διὰ
427 1024 538 1078 τῶν
576 1024 684 1078 σῶν
715 1023 1224 1094 ἀνδραγαθημάτων
1249 1024 1309 1077 τὸ
1339 1023 1480 1076 θεῖον
1509 1023 1679 1094 ὄνομα
1714 1039 1888 1094 μεγα-

316 1116 598 1180 λύνεσθαι,
627 1116 722 1170 καὶ
755 1116 814 1169 τὸ
843 1115 1016 1169 κοινὸν
1041 1115 1147 1168 τῶν
1191 1115 1467 1186 ὁμοδόξων
1513 1117 1672 1184 γένος
1703 1118 1886 1186 κοινῆς

318 1207 617 1261 ἀπολαύειν
664 1208 987 1278 εὐεργεσίας
1012 1206 1108 1260 καὶ
1143 1207 1506 1278 εὐφροσύνηςο
1543 1208 1633 1276 καὶ.
1667 1211 1747 1276 σε,
1793 1209 1889 1262 τέ-

316 1317 442 1354 κνον
487 1300 668 1371 ἡμῶν,
698 1302 790 1354 καὶ
835 1302 892 1353 ὲν
934 1299 1013 1370 τῷ
1066 1299 1296 1371 παρόντι
1339 1300 1441 1372 βίῳ
1480 1302 1729 1370 καρποὺς
1776 1301 1887 1354 τῶν

321 1391 468 1444 ἰδίων
507 1393 688 1446 πόνων
711 1395 810 1456 τὰς
852 1389 1107 1461 μείζονας
1133 1391 1300 1461 τιμὰς
1341 1392 1434 1445 καὶ
1466 1391 1563 1463 τὴν
1594 1393 1686 1444 ἐπὶ
1720 1392 1884 1445 πλέον

317 1482 544 1553 αὐξησίν
594 1500 651 1536 τε
698 1485 793 1537 καὶ
825 1484 1109 1554 προκοπὴν
1179 1483 1489 1549 ἀπολαὸεῖν,
1549 1483 1644 1537 καὶ
1699 1486 1756 1537 ὲν
1810 1483 1886 1554 τῷ

322 1576 568 1645 μέλλοντι
598 1575 754 1629 αίῶνι
798 1577 897 1645 τῆς
920 1575 1108 1645 κοινῆς
1149 1572 1550 1645 καταξιωθῆναι
1595 1575 1705 1628 τῶν
1743 1575 1884 1645 ὑπὲρ

320 1666 409 1720 τοῦ
435 1667 677 1736 Χριστοῦ
704 1666 799 1720 καὶ
824 1666 959 1719 Θεοῦ
994 1666 1150 1736 ἡμῶν
1201 1669 1294 1720 καὶ
1338 1667 1438 1738 τῆς
1470 1666 1683 1720 ἐκείνου
1725 1666 1884 1737 δόξης

321 1758 737 1827 ἀγωνιζομένων
773 1757 1116 1820 ἀντιδόσεως.
1153 1756 1235 1810 Τὰ
1263 1757 1321 1810 δὲ
1353 1755 1730 1810 ἀποσταλέντα
1757 1759 1887 1827 ἡμῖν

322 1851 722 1916 ἀπεδεξάμεθα,
763 1850 857 1905 καὶ
889 1853 1296 1923 ἀπεστείλαμεν
1336 1870 1418 1905 σοι
1456 1851 1708 1920 εὐλογίας
1731 1853 1892 1921 χάριν

324 1939 523 1992 ἀλιπτὰ
545 1941 760 2004 ἑκατὸν,
796 1943 1152 2013 ἐπευχόμενοι
1191 1940 1290 2013 τὴν
1333 1942 1483 1995 θείαν
1515 1942 1609 1994 καὶ
1641 1941 1895 2012 ἀμάραν-

320 2049 408 2085 τον
431 2033 661 2085 εὐωδίαν
697 2033 967 2102 μηδέποτε
990 2035 1090 2104 τὴν
1124 2033 1221 2104 σὴν
1245 2034 1424 2104 ψυχὴν
1448 2033 1748 2086 ἐπιλιπεῖν·
1775 2029 1890 2083 ἀλλ’

322 2130 403 2181 ἀεὶ
434 2131 528 2180 ὑπ’
562 2129 736 2197 αὐτῆς
767 2129 1182 2193 εὐωδιάζεσθαι,
1221 2131 1314 2182 καὶ
1344 2124 1486 2180 εἶναι
1536 2128 1718 2197 πάσης
1750 2127 1894 2195 ἀκη-

321 2219 431 2282 δίας
470 2217 706 2289 [ἀηδίας]
740 2219 1015 2288 άνωτέραν
1047 2219 1140 2270 καὶ
1184 2219 1446 2287 καθαράν.

702 2334 833 2387 ME’.
867 2333 1142 2400 Ἀρσενίῳ
1162 2331 1496 2403 pomifer-tt.

401 2469 593 2537 Ἥμεῐς
644 2465 736 2519 καὶ
781 2465 996 2535 ἀπούσῃ
1053 2467 1119 2535 τῇ
1172 2467 1238 2535 σῇ
1296 2463 1561 2534 ὁσιότητι,
1609 2464 1703 2516 καὶ
1741 2463 1894 2515 οὔπω

327 2561 455 2628 ἡμῖν
512 2556 855 2626 ὲγνωσμὲνῃ,
928 2556 1065 2628 μόνῃ
1112 2559 1268 2626 φήμῃ
1310 2559 1374 2625 τῇ
1440 2553 1893 2624 ἀνακηρυττούσῃ

326 2653 421 2720 τὴν
462 2650 561 2720 σὴν
591 2648 814 2720 ἀρετὴν,
855 2649 1239 2720 συνηπτόμεθα
1260 2650 1316 2701 ἐν
1341 2648 1482 2715 ἁγίῳ
1511 2647 1787 2717 Πνεύματι
1816 2646 1895 2717 τῷ

327 2743 508 2811 δεσμῴ
535 2743 637 2810 τῆς
668 2738 834 2794 αὐτοῦ
892 2741 1250 2810 ἀγαπήσεως·
1307 2743 1403 2793 καὶ
1456 2739 1653 2801 ἰδόντες
1705 2755 1763 2791 σε
1804 2740 1896 2791 καὶ⁹

326 2837 518 2903 πεῖραν
561 2833 819 2896 λαϐόντες
867 2832 1000 2902 ὅσην
1054 2830 1340 2902 ἐλάϐομεν,
1371 2830 1462 2883 καὶ
1505 2830 1894 2899 ἠγαπήσαμεν,

329 2928 416 2979 καὶ
445 2930 511 2998 τῇ
551 2928 897 2994 πνευματικῇ
936 2923 1125 2977 ένώσει
1160 2923 1255 2975 ἐπὶ
1303 2923 1465 2975 πλέον
1515 2921 1891 2992 συνήφθημεν.

328 3019 472 3072 Είδὲ
505 3018 581 3088 μὴ
627 3018 979 3088 παρέσχομεν
1038 3015 1313 3080 ἀπόδειξιν
1365 3014 1467 3084 τῆς
1498 3014 1756 3084 τοιαύτης
1811 3015 1894 3066 ὲν-

1760 247 2168 309 EPISTOL/E.

1908 369 1962 427 A

3441 253 3548 320 234

2497 363 2678 420 XLIV.
2714 363 2794 417 Ad
2825 366 3030 421 ducem.

2059 474 2124 529 Et
2186 489 2354 538 nunc,
2415 475 2556 530 sicut
2628 491 2861 546 semper,
2902 480 3107 547 gratias
3155 480 3387 542 dicimus
3444 489 3554 545 Deo

1985 575 2196 628 sancto,
2241 565 2409 634 quod,
2455 567 2648 620 dilecte
2697 578 2883 622 noster
2912 569 3010 634 ﬁli,
3052 578 3105 624 et
3149 581 3384 628 vestram
3421 593 3555 631 con-

1986 667 2168 713 servat
2194 659 2385 724 vitam,
2420 668 2474 714 et
2502 675 2681 714 rerum
2711 670 2914 715 statum
2943 661 3078 716 bene
3103 662 3324 731 direxit,
3348 674 3402 720 et
3426 682 3557 722 con-

1988 750 2206 807 ﬁdimus
2250 753 2430 807 adhuc
2461 753 2817 820 directurum,
2870 754 3240 810 indesinenter
3273 769 3556 826 precantes

1987 842 2289 910 majoribus
2310 843 2468 897 bonis
2489 845 2667 898 adhuc
2680 844 2838 898 ditari
2863 856 3008 899 tuam
3029 847 3431 915 imperatoriam
3446 851 3556 904 viro

1987 943 2176 999 tutem,
2210 936 2282 989 ita
2315 945 2373 990 ut
2403 951 2498 1006 per
2526 946 2616 992 tua
2647 938 2902 1006 praeclare
2927 938 3066 993 facta
3096 939 3338 995 divinum
3358 957 3556 996 nomen

1986 1029 2383 1097 magnilicctur,
2424 1036 2478 1084 ct
2523 1044 2811 1085 commune
2841 1031 2982 1085 idem
3019 1033 3356 1086 credentium
3388 1049 3557 1104 genus

1987 1117 2267 1170 communi
2295 1117 2507 1171 fruatur
2536 1120 2888 1174 beneﬁcentia
2933 1129 2985 1174 et
3016 1121 3226 1187 laetitia,
3262 1130 3317 1175 et
3347 1131 3424 1186 tu,
3462 1125 3555 1188 liii,

1986 1215 2040 1258 et
2080 1206 2132 1258 in
2182 1209 2433 1275 praesenti
2487 1208 2595 1262 vita
2645 1209 2857 1264 fructus
2887 1220 3104 1264 tuorum
3136 1212 3406 1277 laborum,
3446 1230 3562 1268 ma-

1982 1295 2134 1365 jores
2171 1312 2364 1366 nempe
2416 1298 2653 1354 honores
2689 1309 2744 1354 et
2787 1301 3022 1370 amplius
3072 1303 3468 1361 incrementum
3505 1317 3560 1362 et

1986 1400 2333 1457 augmentum
2383 1391 2638 1461 accipias,
2688 1393 2824 1447 etin
2878 1396 3077 1450 saeculo
3128 1395 3314 1453 futuro
3364 1400 3559 1469 dignus

1979 1480 2240 1548 judiceris
2277 1486 2554 1539 communi
2602 1500 2792 1540 eorum
2843 1488 2935 1556 qui
2973 1503 3071 1557 pro
3109 1488 3329 1546 Christo
3367 1502 3421 1546 et
3452 1492 3559 1544 Deo

1987 1583 2178 1627 nostro
2217 1573 2447 1644 ejusque
2489 1577 2660 1644 gloria
2710 1579 3125 1634 decertaverunt
3171 1582 3555 1638 retributione.

1989 1664 2120 1731 Quae
2151 1665 2278 1720 dein
2325 1669 2390 1721 ad
2425 1683 2527 1722 nos
2562 1668 2759 1724 misisti
2803 1671 3114 1740 accepimus
3148 1681 3202 1726 et
3236 1674 3560 1727 remittimus

1991 1755 2106 1820 tibi,
2145 1755 2538 1814 benedictionis
2569 1759 2762 1829 gratia,
2798 1767 3018 1813 centum
3052 1761 3239 1830 alipta,
3277 1774 3560 1832 precantes

1994 1855 2052 1899 ut
2080 1845 2263 1900 divina
2316 1857 2366 1901 et
2404 1848 2872 1904 immarcescibilis
2925 1849 3223 1919 fragrantia
3276 1867 3558 1921 nunquam

1995 1947 2138 1992 tuam
2185 1941 2422 1993 animam
2468 1940 2706 2007 deliciat,
2753 1941 2848 1997 sed
2895 1956 3112 2013 semper
3148 1959 3243 2012 per
3270 1958 3389 2000 eam
3425 1945 3561 2000 bene

1995 2031 2154 2095 cleat,
2187 2032 2366 2102 sitque
2404 2047 2540 2103 pura
2570 2043 2623 2088 ct
2652 2033 2798 2088 omni
2841 2033 3028 2091 acedia
3057 2039 3326 2106 superior.

2416 2329 2574 2389 XLV.
2609 2335 2827 2390 Arsem‘o
2862 2333 3137 2400 monacho.

2055 2464 2167 2520 Nos
2180 2466 2389 2522 absenti
2406 2468 2567 2522 etiam
2594 2477 2696 2523 tua:
2719 2471 3013 2537 sanctitati,
3039 2471 3270 2525 necdum
3301 2472 3454 2524 nobis
3471 2488 3562 2523 cc—

1995 2559 2176 2626 gnitm,
2197 2559 2308 2612 sola
2338 2559 2674 2614 virtutistuae
2695 2562 2825 2614 moti
2849 2563 3013 2625 fama,
3038 2564 3092 2616 in
3112 2562 3317 2632 Spiritu
3339 2573 3558 2628 sancto,

1997 2650 2213 2702 vinculo
2239 2649 2518 2705 charitatis
2539 2652 2676 2721 ejus,
2701 2653 3132 2711 adhaerebamus.
3150 2654 3285 2710 Cum
3308 2665 3487 2711 autem
3513 2669 3563 2711 te

1995 2738 2236 2794 vidimus
2269 2749 2324 2794 et
2370 2743 2448 2794 tui
2487 2743 2929 2813 experimentum
2969 2745 3222 2808 fecimus,
3269 2749 3562 2804 dileximus

1994 2841 2049 2886 et
2077 2830 2306 2898 spiritali
2364 2833 2567 2888 unione
2622 2836 2858 2904 amplius
2912 2836 3265 2893 adhaesimus.
3318 2839 3474 2905 Quod
3512 2845 3560 2895 si

1996 2924 2235 2978 nondum
2275 2925 2794 2982 demonstrationem
2851 2928 3166 2997 huiusmodi
3204 2930 3423 2986 unionis
3467 2947 3565 3001 per

2000 3014 2138 3071 facta
2173 3025 2504 3086 perspectam
2542 3019 2789 3085 fecimus,
2825 3021 2956 3076 illud
3013 3036 3134 3088 nos,
3192 3037 3336 3086 reor.
3377 3039 3564 3094 repre-

331 3108 515 3172 ώσεως
535 3111 600 3162 ἐκ
632 3109 975 3179 πραγμάτων
995 3106 1426 3177 γνωριζομένην,
1454 3101 1610 3176 οἶμαι
1636 3105 1738 3174 τῆς
1759 3105 1895 3174 μέμ-

2001 3104 2263 3160 hensione
2307 3108 2569 3169 absolvet,
2601 3110 2746 3176 quod
2784 3110 2920 3164 nihil
2954 3121 3134 3166 vestra
3173 3091 3450 3169 sanctitas
3479 3116 3566 3168 in-

328 3202 469 3270 ψεως
501 3203 648 3271 ἡμᾶς
682 3199 945 3253 ἀπολύσει
974 3200 1033 3252 τὸ
1065 3196 1232 3269 μηδὲν
1266 3197 1418 3267 παρά
1442 3198 1539 3268 τῆς
1572 3195 1726 3266 ὐμῶν
1747 3195 1894 3248 ὁσιό-

328 3312 488 3363 τητος
515 3293 962 3363 ἀναδιδαχθῆναι,
1013 3286 1089 3346 ὦν
1110 3293 1270 3361 ἡμεῖς
1305 3290 1404 3360 μὲν
1440 3289 1709 3342 ἐπιτελεῖν
1731 3288 1896 3341 δυνα-

330 3389 430 3450 τοὶ,
461 3389 523 3440 σὺ
549 3387 604 3440 δὲ
636 3388 694 3438 ἐν
719 3385 877 3456 χρείᾳ
912 3385 1276 3453 καθέστηκας.
1308 3380 1468 3446 Οἶδας
1501 3382 1608 3452 γὰρ
1636 3381 1710 3444 ὡς
1746 3380 1897 3434 οὐδὲν

333 3482 408 3543 εἰς
441 3479 660 3547 αἴτησιν
689 3478 1014 3550 προεϐάλου,
1042 3472 1117 3532 ὧν
1157 3478 1461 3546 παρασχεῖν
1501 3477 1650 3545 ἡμᾶς
1700 3473 1895 3526 ἱκανοί.

338 3573 461 3625 οὔτε
487 3572 932 3643 προϐαλλόμενος
961 3574 1230 3642 ἀπέτυχες
1252 3572 1350 3639 τῆς
1372 3567 1726 3640 πληρώσεως.
1753 3567 1898 3635 Πλὴν

331 3669 377 3716 εἰ
420 3669 510 3719 καὶ
540 3665 712 3727 οὕτως
746 3664 882 3735 ἔχει,
909 3664 1106 3732 ἀγαπῶ
1151 3664 1210 3716 τὸ
1261 3661 1532 3730 ἔγκλημα·
1566 3659 1735 3727 φίλων
1793 3657 1900 3726 γὰρ

264 3805 268 3807 .
331 3760 720 3828 πνευματικῶν
749 3761 883 3830 πρὸς
916 3759 1134 3828 ὁμοίους
1153 3757 1339 3827 φίλους
1370 3756 1504 3826 ἡδέα
1529 3757 1619 3808 καὶ
1648 3751 1902 3821 ὠφέλιμα

326 3856 392 3907 τὰ
416 3856 758 3923 ἐγκλήματα.
778 3855 962 3907 Ταῦτα
984 3855 1080 3922 μὲν
1096 3853 1223 3922 περὶ
1244 3845 1601 3919 ὧνέδόξαμεν
1624 3848 1899 3900 ὐπάίτίαν

328 3949 538 4012 πεσεῖν,
575 3947 657 3998 ὅτι
698 3945 1050 4016 παρορῶντες
1077 3944 1341 4012 ὤφθημεν
1380 3941 1479 4010 τὴν
1510 3939 1606 4009 σὴν
1625 3930 1897 4006 ὁσιότητα.

392 4136 531 4204 Περὶ
554 4133 612 4186 δὲ
633 4133 734 4199 τῆς
757 4129 1082 4200 κινουμένης
1110 4127 1461 4198 φιλονεικίας,
1488 4126 1581 4177 καὶ
1613 4125 1723 4177 εῐθε
1754 4124 1902 4176 πᾶσα

327 4228 638 4294 φιλόνεικος
677 4223 918 4285 διάθεσις
950 4221 1199 4276 ἀπώλετο
1223 4220 1281 4285 ἐξ
1317 4217 1642 4287 ἀνθρώπων,
1670 4215 1902 4286 μάλιστα

325 4318 384 4369 δὲ
417 4316 526 4368 τῶν
559 4315 660 4383 τὴν
687 4309 1071 4382 πνευματικὴν
1101 4309 1383 4363 πολιτείαν
1415 4307 1900 4377 ὲπανῃρημένων),

1997 3197 2260 3251 dicaverit
2274 3237 2290 3260 ,
2307 3201 2449 3267 quod
2465 3214 2564 3253 nos
2585 3199 2802 3267 quidem
2821 3202 3076 3269 perlicere
3095 3203 3393 3272 possimus,
3407 3203 3564 3274 cujus

1998 3298 2054 3343 tu
2071 3289 2444 3345 necessitatem
2458 3291 2952 3346 constitueris.Scis
2969 3293 3112 3346 enim
3128 3303 3178 3348 te
3191 3294 3392 3348 nullam
3409 3296 3565 3350 nobis

1998 3381 2416 3450 postulationem
2443 3383 2758 3439 exhibuisse
2810 3399 3000 3438 eorum
3029 3401 3150 3455 qua:
3179 3397 3438 3456 praestare
3462 3402 3564 3441 nos

1998 3489 2308 3543 possumus.
2335 3490 2454 3538 nec,
2479 3477 2872 3542 siexhibueris,
2907 3477 3016 3531 voti
3035 3489 3334 3548 compotem
3359 3479 3560 3536 factum

2000 3581 2106 3619 non
2151 3564 2339 3622 fuisse.
2368 3567 2424 3619 Si
2451 3574 2629 3620 tamen
2662 3566 2738 3620 ita
2765 3582 2826 3622 se
2875 3568 3056 3632 habet,
3097 3569 3447 3639 reprehensio
3478 3587 3564 3625 me

1993 3655 2144 3720 juvat
2177 3675 2190 3710 :
2220 3658 2520 3712 amicorum
2543 3658 2683 3712 enim
2703 3659 3066 3728 spiritualium
3097 3661 3294 3715 amicis
3319 3661 3561 3730 ejusdem

1999 3748 2212 3817 generis
2257 3749 2514 3818 iucundae
2553 3759 2609 3803 et
2641 3751 2796 3806 utiles
2847 3751 3326 3821 reprehensiones.
3358 3751 3424 3807 Et
3451 3754 3560 3808 haec

1999 3841 2214 3908 quidem
2255 3842 2322 3896 de
2358 3841 2441 3896 his
2485 3844 2537 3896 in
2569 3843 2767 3912 quibus
2812 3844 2866 3897 in
2918 3845 3124 3898 crimen
3174 3844 3431 3900 incidisse
3463 3849 3562 3900 rati

2001 3931 2226 3994 fuimus,
2268 3935 2425 4000 quasi
2471 3932 2790 4001 destiexisse
2843 3943 2989 3988 tuam
3040 3935 3386 3991 sanctitatem
3419 3937 3564 3991 vitle-

2001 4023 2124 4076 bam
2135 4039 2219 4076 ur.

2075 4117 2146 4169 De
2178 4125 2323 4171 ructo
2361 4125 2539 4172 autem
2574 4118 2755 4186 jurgio
2799 4120 2872 4187 (et
2911 4119 3118 4172 utinam
3161 4121 3340 4175 omnis
3400 4121 3564 4190 jurgii

2002 4219 2164 4258 causa
2208 4206 2406 4274 periret
2445 4207 2583 4259 inter
2618 4206 2887 4271 homines,
2927 4207 3066 4260 inter
3103 4208 3227 4262 illos
3266 4213 3562 4276 praesertim

2003 4295 2199 4364 quibus
2253 4296 2512 4365 spiritalis
2555 4296 2963 4358 administratio
3008 4298 3213 4352 credita
3260 4300 3406 4367 est!)
3439 4315 3574 4366 cum,

325 4405 680 4473 ἐξαπεστάλη
717 4402 859 4472 μετὰ
902 4401 1264 4470 ὲντάλματος,
1302 4397 1360 4460 ὃς
1385 4399 1463 4467 τῷ
1481 4397 1583 4467 τὴν
1616 4395 1895 4465 βασιλικὴν

2006 4388 2260 4440 mandato
2313 4389 2514 4442 missus
2547 4397 2631 4443 est
2672 4388 2790 4456 qui,
2833 4389 2995 4443 rebus
3031 4402 3136 4441 una
3172 4404 3295 4443 cum
3331 4391 3567 4460 impera-

324 4497 610 4568 δεχομένῳ
638 4494 889 4547 κέλευσιν
917 4489 1480 4559 συνεπισκεπτόμενος
1509 4490 1576 4542 τὰ
1602 4488 1902 4558 πράγματα

325 4589 634 4660 (παράσχοι
657 4585 712 4638 δὲ
732 4587 760 4637 ὁ
785 4583 940 4652 ἅγιος
979 4582 1113 4646 Θεὸς
1146 4581 1360 4634 τελείαν
1389 4580 1489 4650 τὴν
1521 4578 1765 4632 διάλυσιν
1787 4576 1904 4629 δοῦ-

322 4680 439 4747 ναι)
483 4679 597 4732 τῶν
649 4675 969 4747 ἀμφιϐόλων
995 4677 1095 4740 τὴν
1144 4674 1324 4744 κρίσιν
1390 4673 1695 4739 ποιήσεται.
1734 4669 1813 4720 Τὰ
1847 4668 1904 4720 δὲ

321 4771 464 4824 ἄλλα
494 4768 592 4823 τοῦ
634 4769 965 4839 γράμματος
998 4761 1072 4820 ὧν
1112 4782 1171 4817 τε
1208 4767 1235 4816 ὁ
1264 4764 1422 4833 κύρις
1455 4762 1662 4831 Βάρδας
1708 4759 1902 4823 ἐδίδου,

320 4866 424 4919 καὶ
460 4860 537 4919 ὧν
571 4865 623 4916 εί
658 4865 856 4932 παρεὶς
923 4859 1157 4914 ἐνταῦθα
1183 4857 1278 4910 τοῦ
1327 4854 1497 4926 κυροῦ
1551 4853 1904 4922 Ἀλεξάνδρου

319 4958 639 5027 περιόντος,
670 4950 1069 5023 πεφιλοτίμησο
1094 4950 1159 5002 ἂν
1194 4949 1252 5014 ὲξ
1280 4945 1467 5000 αὐτοῦ’
1495 4945 1629 4997 ἀλλὰ
1656 4944 1751 4996 καὶ
1777 4941 1906 5006 περὶ

314 5054 434 5104 τῶν
471 5049 871 5119 παρεχομένων
903 5045 1052 5114 παρά
1080 5041 1176 5094 τοῦ
1234 5041 1404 5110 κυροῦ
1447 5039 1697 5101 Λέοντος,
1748 5036 1906 5104 ἴσμεν

313 5148 419 5199 καὶ
456 5148 628 5213 χωρίς
655 5142 752 5194 τοῦ
806 5139 1154 5208 γράμματος,
1193 5134 1266 5196 ὡς
1300 5136 1348 5186 εἰ
1396 5133 1504 5185 τῶν
1564 5130 1905 5196 ἀγαπώντων

313 5239 577 5306 ὑπῆρχες
607 5232 859 5285 δεδέσθαι
903 5230 1200 5298 κοσμικαῖς
1231 5225 1410 5286 ὕλαις,
1443 5223 1541 5274 οὐκ
1565 5222 1631 5275 ἂν
1663 5220 1781 5272 οὐδὲ
1813 5217 1907 5272 νῦν

311 5332 619 5398 ἀπορήσῃς
666 5323 914 5376 τοιούτου
975 5321 1233 5381 πλούτου,
1289 5317 1427 5370 ἀλλὰ
1463 5317 1681 5377 πάντως
1743 5315 1807 5382 ἦν
1849 5312 1909 5376 ἐξ

308 5420 504 5491 ἀρχῆς
526 5417 804 5487 ἐτίμησας
847 5416 942 5467 καὶ
989 5413 1114 5467 ἀντὶ
1147 5411 1352 5475 παντὸς
1407 5409 1553 5462 εἵλου
1609 5407 1907 5461 ἀπόλαυσιν

306 5514 423 5581 τὴν
464 5510 607 5580 μετὰ
635 5507 729 5561 τοῦ
765 5505 1005 5578 Χριστοῦ
1046 5507 1141 5558 καὶ
1167 5503 1302 5557 Θεοῦ
1326 5505 1481 5574 ἡμῶν
1507 5500 1904 5562 κακοπάθειαν,

305 5603 534 5670 ταύτην
575 5599 1005 5670 μακαριωτέραν
1033 5598 1144 5667 ἡγῇ
1190 5598 1384 5666 κτῆσιν
1417 5595 1524 5647 τῶν
1575 5591 1742 5645 πολλὰ
1778 5590 1904 5641 πλέ-

305 5697 427 5765 θρα
464 5693 854 5763 κεκτημένων,
897 5689 994 5744 καὶ
1027 5688 1432 5751 πολυπλούτους
1465 5684 1802 5757 περιουσίας,
1832 5681 1910 5734 δι’

654 5791 926 5869 Panos.
966 5788 1085 5854 Gn.
1131 5776 1294 5851 CXI.

2007 4479 2200 4532 torium
2236 4479 2673 4548 jurisdictionem
2707 4480 2983 4535 obtinente
3024 4482 3324 4550 perspectis
3356 4480 3570 4552 (concc-

2005 4571 2095 4626 dat
2126 4583 2307 4627 autem
2347 4572 2490 4628 Deus
2540 4587 2762 4629 sanctus
2819 4573 3114 4643 perlectam
3155 4573 3474 4630 solutionem
3503 4577 3570 4628 de

2007 4662 2096 4716 bis
2147 4661 2311 4732 ﬁeri),
2347 4663 2660 4731 ambiguum
2693 4663 2971 4718 decernat.
3024 4662 3102 4718 De
3146 4664 3353 4733 reliqua
3391 4674 3569 4718 autem

2008 4755 2256 4823 epistola,
2291 4755 2434 4823 quod
2469 4755 2660 4809 attinet
2686 4764 2798 4809 tum
2826 4755 2891 4809 ad
2922 4770 2986 4810 ea
3011 4769 3134 4824 quae
3155 4755 3405 4824 princeps
3440 4755 3571 4808 But"-

2007 4848 2105 4900 das
2134 4845 2301 4911 dedit,
2335 4855 2448 4900 tum
2479 4847 2547 4900 ad
2573 4862 2634 4901 ea
2665 4849 2862 4916 quibus
2883 4847 2954 4901 ab
2987 4847 3294 4901 Alexandro
3325 4848 3515 4915 princi,
3541 4862 3571 4900 ο

2009 4936 2185 4992 adhuc
2231 4939 2352 4992 vivo
2396 4938 2629 4992 donatus
2677 4953 2759 5002 es,
2804 4937 2897 4992 sed
2936 4946 2990 4991 et
3041 4939 3107 4991 ad
3157 4953 3218 4992 ea
3258 4953 3379 5007 qua:
3412 4936 3569 4990 tibia

2009 5027 2187 5083 Leone
2224 5029 2468 5099 principe
2494 5029 2729 5099 praestita
2768 5037 2917 5092 sunt,
2954 5029 3227 5094 novimus,
3253 5027 3410 5081 etiam
3449 5028 3572 5080 abs-

2009 5136 2116 5191 que
2178 5120 2424 5189 epistola,
2478 5129 2549 5185 te,
2609 5121 2655 5174 si
2699 5121 2792 5174 tibi
2848 5135 2943 5190 per
2989 5129 3232 5174 amantes
3281 5116 3570 5171 mundanis

2011 5213 2172 5267 rebus
2197 5213 2404 5283 alligari
2432 5213 2680 5282 contigit,
2712 5211 2862 5266 nullo
2898 5212 3057 5265 modo
3093 5220 3272 5264 tamen
3304 5210 3446 5262 circa
3473 5207 3572 5262 has

2010 5306 2228 5360 divitias
2260 5307 2491 5379 haerere,
2512 5307 2605 5360 sed
2640 5305 2864 5358 omnino
2915 5321 3074 5373 quam
3126 5302 3194 5354 ab
3228 5299 3383 5352 initio
3429 5303 3573 5352 ωδιι-

2013 5400 2175 5455 masti
2227 5410 2281 5455 et
2324 5399 2579 5454 omnibus
2646 5399 2933 5468 prmtulisti
2976 5393 3392 5464 iucunditatem,
3443 5407 3567 5446 cum

2011 5493 2232 5547 Christo
2280 5491 2526 5547 videlicet
2563 5491 2675 5547 Deo
2723 5501 2910 5545 nostro
2948 5484 3402 5555 compassionem,
3431 5483 3574 5543 hanc

2014 5587 2210 5640 ducere
2259 5585 2656 5654 possessionem
2715 5580 3011 5635 feliciorem
3078 5576 3263 5630 multis
3317 5591 3569 5648 agrorum

2015 5677 2452 5750 possessionibus
2491 5673 2882 5745 ditissimisque
2915 5669 3261 5734 substantiis,
3293 5685 3385 5740 per
3413 5683 3574 5738 quam

3227 5769 3267 5834 8
