4038 6204
396 246 503 309 235

1534 240 1848 300 NICOLAI
1890 240 2001 299 GP.
2042 237 2550 299 PATRIARCIME

3548 228 3656 295 236

403 355 632 417 scilicet,
665 361 719 406 et
769 367 911 406 nunc
958 350 1069 421 jam
1106 350 1250 419 apud
1287 363 1383 403 eos
1409 348 1502 418 qui
1549 363 1675 402 vere
1706 349 1848 401 bona
1884 362 1979 400 no-

2102 347 2147 417 δν
2180 346 2275 399 καὶ
2306 345 2401 398 νῦν
2438 344 2589 415 παρὰ
2618 347 2728 408 τοῖς
2761 344 2978 415 ἀληθῶς
3014 347 3080 398 τὰ
3109 346 3251 399 καλὰ
3284 343 3449 397 εἰδόσι
3486 361 3663 413 μακα-

403 458 531 501 runt
580 444 954 505 felicissimus.
997 443 1106 498 eris
1149 450 1201 496 et
1247 441 1300 496 in
1348 457 1517 511 regno
1557 440 1823 494 caelorum
1855 455 1978 495 eum

370 542 483 593 eis
523 540 679 608 quia
718 538 824 592 Deo
876 538 1252 591 beatificantur
1308 536 1512 588 ditatus
1563 542 1618 587 et
1668 532 1982 604 eonglorifi-

403 646 579 683 ratus.

406 724 591 777 XLVI.
646 722 1008 793 Inclysissimo
1048 732 1100 776 et
1145 719 1332 793 dilecto
1382 720 1499 793 ﬁlio
1536 727 1739 793 nostro,
1779 717 1983 770 illustri

722 850 723 853 η
768 790 1029 863 Ἀὺαεθίίυ
1060 792 1286 862 regionis
1328 790 1577 859 principi.

480 909 552 963 De
586 924 837 971 excessu,
880 908 950 961 fili
989 914 1195 972 noster,
1226 904 1305 965 tui
1350 902 1649 958 beatissimi
1690 902 1859 972 patris
1887 901 1982 956 do-

412 1003 637 1065 luimus,
670 1002 811 1056 sicut
835 1000 1084 1062 decebat,
1116 1009 1169 1053 et
1219 998 1297 1052 tui
1344 996 1517 1066 ipsius
1574 995 1984 1051 considerantes

412 1096 593 1149 cordis
629 1096 839 1163 plagam
881 1108 990 1163 prae
1025 1092 1235 1155 dolore,
1278 1099 1333 1146 et
1374 1100 1697 1144 caeterorum
1738 1087 1983 1142 omnium

412 1197 679 1257 quotquot
699 1188 927 1256 diligere
961 1192 1233 1241 noverunt
1266 1183 1443 1237 virum
1478 1182 1683 1235 virtute
1708 1191 1984 1245 ornatum,

412 1278 593 1348 qualis
646 1278 832 1347 utique
884 1285 1004 1332 erat
1063 1286 1190 1330 tuus
1242 1281 1395 1344 pater
1431 1274 1499 1328 ab
1552 1273 1811 1328 omnibus
1844 1272 1986 1327 cele-

414 1370 607 1424 bratus
656 1378 708 1423 et
756 1368 1030 1423 laudatus.
1086 1365 1300 1420 Doloris
1340 1376 1519 1419 tamen
1566 1364 1986 1418 allevamentum

415 1462 729 1524 habuimus,
760 1460 901 1530 quod
939 1467 991 1514 te
1022 1474 1244 1530 germen
1307 1457 1429 1527 ejus
1459 1456 1757 1528 genuinum
1786 1463 1842 1510 et
1870 1452 1987 1508 fru-

415 1564 559 1607 etum
594 1553 817 1607 seminis
850 1552 968 1620 ejus
999 1550 1181 1605 divina
1202 1549 1548 1604 Providentia
1591 1546 1858 1617 judicavit
1889 1561 1987 1615 po-

415 1653 660 1698 testatem
706 1643 1041 1713 principatus
1077 1640 1193 1709 ejus
1237 1639 1537 1709 suscipere,
1571 1647 1627 1692 et
1664 1637 1820 1708 quasi
1852 1637 1989 1692 ima-

2085 435 2271 506 ριστδς
2303 435 2402 506 ἔσῃ
2434 436 2491 487 ἐν
2521 436 2587 504 τῇ
2637 433 2746 488 τῶν
2798 436 3043 506 οὐρανῶν
3093 434 3340 505 βασιλείᾳ
3368 435 3480 495 τοῖς
3516 438 3665 504 παρὰ

2084 526 2219 580 Θεοῦ
2254 526 2725 598 μακαριζομένοις
2776 527 3138 597 συμπλουτῶν
3189 527 3283 580 καί
3345 525 3666 590 συνδοξαζό-

2087 636 2271 689 μενος.

2086 709 2234 777 Μετ’.
2258 708 2339 780 Τῷ
2356 710 2825 778 ὐπερφυεστιίτῳ
2859 712 2955 763 καὶ
2982 708 3345 780 ἠγαπημένῳ
3372 709 3541 779 ἡμῶν
3560 708 3670 773 υἱῷ

2260 779 2340 843 τῷ
2369 781 2662 848 περιδόξῳ
2703 779 3078 850 ὲξουσιαστῇ
3141 783 3485 851 Ἀϐασγίας.

2170 892 2293 943 Ἐπὶ
2324 889 2400 961 τῷ
2428 890 2718 962 χωρισμῷ,
2753 891 2942 945 τέκνον
2972 892 3150 961 ἡμῶν,
3184 891 3274 944 τοῦ
3308 892 3667 963 μακαριωτά-

2085 1002 2179 1037 του
2211 986 2418 1054 πατρός
2453 1001 2549 1038 σου
2593 985 2972 1056 ὲλυπήθημεν,
3014 984 3204 1055 ὥσπερ
3254 980 3321 1055 ἦν
3350 985 3669 1052 ἀκόλουθον,

2086 1076 2185 1144 τήν
2224 1093 2282 1128 τε
2321 1077 2418 1147 σὴν
2470 1076 2780 1140 ἐννοοῦντες
2827 1080 2920 1130 ἐπὶ
2963 1077 3039 1147 τῷ
3084 1075 3249 1132 πάθει
3299 1076 3515 1148 πληγὴν
3569 1079 3671 1146 τῆς

2087 1165 2337 1234 καρδίας,
2382 1166 2608 1220 καὶτῶν
2648 1167 2826 1221 ἄλλων
2859 1170 2973 1221 ὅσοι
3014 1168 3190 1237 φιλεῖν
3226 1169 3429 1222 οἴδασιν
3459 1169 3674 1242 ἄνθρω-

2088 1279 2187 1315 πον
2238 1263 2408 1333 ἀρετῇ
2463 1263 2908 1333 κεκοσμημένον,
2959 1263 3196 1332 μάλιστα
3237 1258 3349 1327 οἷος
3396 1258 3464 1334 ἦν
3495 1264 3525 1316 ό
3578 1266 3672 1327 ob;

2088 1354 2271 1426 πατὴρ
2307 1354 2460 1427 παρὰ
2496 1355 2714 1409 πάντων
2749 1357 2847 1410 καὶ
2881 1355 3281 1426 ἐπαινούμενος
3330 1356 3423 1410 καὶ
3455 1356 3671 1427 θαυμα-

2090 1450 2345 1519 ζόμενος.
2373 1447 2521 1518 Πλὴν
2547 1448 2767 1518 εἴχομεν
2793 1448 2895 1517 τῆς
2922 1447 3100 1519 λύπης
3128 1448 3477 1518 ἀπαλλαγὴν,
3504 1450 3585 1502 ὅτι
3613 1450 3674 1502 σὲ

2093 1539 2320 1610 βλαστὸν
2347 1540 2515 1595 αὐτοῦ
2555 1539 2687 1595 ὄντα
2725 1542 2966 1611 γνήσιον,
3007 1544 3104 1595 καὶ
3137 1543 3347 1613 καρπὸν
3391 1543 3491 1614 τῆς
3525 1543 3674 1596 ὲκεί-

2093 1648 2184 1685 νου
2219 1634 2450 1704 σπορᾶς,
2479 1634 2512 1703 ἡ
2552 1632 2673 1686 θεία
2724 1633 2987 1706 εύδὸκησε
3008 1635 3240 1706 Πρόνοια
3276 1636 3371 1689 καὶ⁸
3396 1636 3493 1704 τὴν
3522 1635 3677 1700 ἐξου-

416 1738 594 1806 ginem
625 1735 912 1804 quamdam
942 1734 1089 1789 cerni
1120 1733 1238 1801 ejus
1277 1733 1475 1801 populo
1505 1730 1652 1785 dedit
1683 1745 1780 1799 pro
1811 1746 1874 1785 eo
1899 1729 1991 1803 qui

2102 1723 2218 1777 σίαν
2248 1724 2348 1793 τῆς
2374 1726 2545 1796 ἀρχῆς
2580 1725 2965 1793 ἀναδέξασθαι,
3003 1729 3094 1780 καὶ
3118 1727 3311 1798 ὥσπερ
3334 1728 3528 1783 εἰκόνα
3555 1730 3678 1783 τινὰ

415 1845 446 1882 e
496 1844 633 1881 vana
686 1827 772 1881 illa
813 1827 921 1880 vita
950 1826 1204 1882 decessit.
1235 1826 1349 1878 Hoc
1394 1832 1639 1879 nostrum
1672 1822 1870 1877 levavit
1893 1822 1989 1876 do-

415 1923 587 1974 iorem
618 1929 669 1973 et
691 1919 755 1973 ad
786 1918 986 1987 gratias
1020 1918 1129 1971 Deo
1162 1914 1473 1971 referendas
1498 1914 1736 1985 impulit.
1764 1913 1827 1969 Et
1863 1930 1989 1984 gra-

418 2016 524 2068 tias
577 2012 862 2067 retulimus
892 2010 1271 2072 etreferimus,
1302 2009 1652 2079 divinamque
1686 2008 1987 2063 bonitatem

418 2117 704 2173 precamur
747 2111 806 2154 ut
839 2102 891 2155 in
941 2099 1090 2154 nullo
1126 2110 1176 2153 te
1211 2100 1399 2169 patriae
1433 2098 1688 2153 deficiant
1736 2098 1986 2164 virtutes,

419 2194 510 2248 sed
558 2192 741 2263 potius
786 2191 1214 2261 superemineas,
1240 2191 1474 2260 talisque
1510 2190 1610 2245 ﬁas
1644 2189 1699 2243 in
1736 2189 1988 2244 subditos

421 2295 571 2355 pater
614 2293 667 2337 et
702 2286 954 2354 princeps
987 2292 1046 2338 ut
1071 2281 1255 2336 divina
1298 2282 1351 2335 in
1402 2288 1455 2335 te
1497 2281 1691 2336 electio
1734 2282 1990 2351 operibus

419 2377 767 2448 justiﬁcatur,
800 2385 1118 2445 patremque
1151 2383 1300 2428 tuum
1327 2373 1501 2428 adhuc
1532 2372 1825 2428 feliciorem
1859 2388 1996 2442 pra:-

425 2472 555 2525 beas
588 2470 699 2526 tuis
734 2469 976 2525 moribus
1007 2477 1208 2538 tuaque
1228 2466 1428 2521 virtute
1464 2465 1670 2535 tibique
1697 2474 1751 2520 et
1779 2465 1832 2519 in
1856 2480 1994 2535 pra:-

425 2560 564 2614 senti
589 2560 787 2614 seculo
814 2568 1079 2614 aeternum
1110 2557 1277 2612 decus
1307 2569 1591 2626 compares
1628 2563 1683 2610 et
1720 2554 1773 2608 in
1810 2553 1997 2609 futuro

427 2650 790 2705 immortalem
837 2649 1062 2719 gloriam
1114 2655 1168 2702 et
1202 2647 1465 2701 honorem
1499 2643 1995 2714 etjucunditatem.

2095 1816 2174 1887 τῷ
2209 1816 2395 1888 οἰκείῳ
2430 1818 2573 1871 ἔθνει
2618 1821 2740 1873 ἀντὶ
2789 1819 2886 1873 τοῦ
2926 1821 3294 1891 χωρισθέντος
3322 1823 3389 1876 ὲκ
3421 1822 3521 1892 τῆς
3571 1841 3679 1892 μα-

2098 1910 2257 1973 ταίας
2288 1910 2496 1980 ταύτης
2536 1910 2684 1980 ζωῆς
2718 1911 2993 1982 παρέσχεν
3029 1913 3286 1980 ὁρᾶσθαι.
3320 1914 3493 1968 Τοῦτο
3530 1918 3678 1986 ἡμᾶς

2097 2001 2376 2072 ἀπήλλαξε
2438 2005 2537 2074 τῆς
2600 2003 2817 2075 λύπης,
2871 2007 2966 2058 καὶ
3032 2006 3235 2074 μᾶλλον
3298 2008 3441 2079 πρὸς
3527 2007 3684 2060 Θείαν

2094 2092 2445 2163 εὐχαριστίαν
2527 2095 2886 2165 μετήνεγκεν.
2985 2097 3095 2149 Καὶ
3186 2098 3676 2169 ηὐχαρίστησαμεν

2097 2186 2189 2238 καὶ
2260 2185 2733 2257 εὐχαριστοῦμεν,
2793 2187 3042 2259 δεόμενοι
3097 2189 3197 2259 τῆς
3263 2190 3453 2259 θεῖκῆς
3536 2193 3679 2259 ἀγα-

2097 2278 2319 2347 θότητος
2396 2281 2453 2332 ἐν
2515 2280 2706 2351 μηδενί
2787 2298 2846 2334 σε
2907 2282 3016 2335 τῶν
3095 2284 3379 2353 πατρικῶν
3458 2282 3681 2337 ἀπολει-

2099 2370 2299 2441 φθῆναι
2345 2373 2815 2444 κατορθωμάτων,
2877 2374 3018 2427 ἀλλὰ
3069 2375 3273 2446 μᾶλλον
3323 2375 3681 2446 ὐπερῦαλεῖν,

2100 2464 2196 2515 καὶ
2250 2463 2505 2530 γενέσθαι
2541 2464 2787 2518 τοιοῦτον
2818 2467 2877 2518 ἐν
2907 2468 3021 2529 τοῖς
3077 2468 3414 2539 ὑποχειρίοις
3461 2470 3680 2540 πατέρα

2100 2554 2197 2607 καὶ
2233 2554 2498 2627 ἄρχοντα,
2529 2553 2643 2621 oio;
2673 2560 2767 2612 καὶ
2798 2558 2897 2629 τὴν
2941 2559 3036 2613 τοῦ
3079 2559 3216 2614 Θεοῦ
3248 2561 3427 2631 ψῆφον
3467 2562 3552 2614 ἐπ’
3583 2561 3681 2632 ἔρ-

2100 2663 2219 2715 γοις
2252 2650 2604 2721 μαρτυρῆσαι
2638 2652 2856 2706 δικαίαν
2896 2653 2989 2706 ἐπὶ
3021 2654 3103 2707 σοί
3137 2656 3432 2722 γενέσθαι,
3464 2653 3683 2709 καὶτὸν

428 2750 641 2817 πατέρα
685 2746 766 2799 ἔτι
818 2745 1242 2816 μακαριώτερον
1298 2742 1577 2811 ἀποφῆναι
1625 2739 1716 2793 διὰ
1758 2740 1854 2793 τοῦ
1901 2740 1997 2794 σοῦ
2033 2744 2239 2812 τρόπου
2270 2746 2497 2815 καὶτῆς
2566 2747 3002 2816 καλοκάγαθίας,
3072 2751 3167 2803 καὶ
3205 2748 3419 2820 σεαυτῷ
3454 2749 3685 2820 ἀείμνη-

429 2860 554 2897 στον
584 2842 737 2903 κλέος
771 2840 828 2892 ἐν
860 2858 919 2893 τε
947 2839 1027 2909 τῷ
1060 2837 1290 2906 παρόντι
1318 2836 1477 2890 αἰῶνι
1500 2834 1988 2905 περιποιήσασθαι,
2030 2838 2123 2891 καὶ
2153 2840 2210 2892 ἐν
2234 2839 2313 2909 τῷ
2377 2839 2632 2909 μέλλοντι
2687 2841 2785 2913 τὴν
2841 2843 3112 2898 ἀθάνατον
3180 2844 3339 2909 δόξαν
3389 2846 3485 2899 καὶ
3514 2845 3687 2916 τιμὴν

429 2940 523 2990 καὶ
544 2936 865 2990 ἀπόλαυσιν.

502 3027 903 3084 Benedictionis
946 3026 1120 3097 gratia
1165 3025 1420 3080 misimus
1473 3023 1879 3080 vestimentum.
1926 3021 2003 3079 De
2030 3031 2073 3089 c

432 3123 846 3192 archiepiscopo
907 3128 1084 3175 autem
1132 3118 1361 3181 Alaniae,
1402 3117 1498 3184 fili,
1548 3117 1694 3187 quod
1763 3117 1999 3173 scribam

431 3229 542 3269 non
573 3213 766 3267 habeo.
802 3212 919 3282 Ipse
942 3211 1113 3271 enim.
1151 3218 1338 3280 utpote
1375 3211 1469 3279 qui
1505 3224 1566 3265 es
1620 3209 1928 3279 intelligens
1950 3216 2002 3263 et

431 3307 694 3378 prudens,
732 3305 949 3376 scisque
979 3320 1119 3374 opus
1150 3303 1291 3373 ejus,
1327 3319 1521 3372 nempe
1552 3303 1604 3356 in
1645 3304 1875 3356 salutem
1902 3302 2002 3356 ho-

435 3402 641 3455 minum
673 3408 727 3453 et
774 3400 827 3454 in
876 3400 1057 3468 magni
1098 3397 1334 3450 nominis
1370 3395 1460 3450 Dei
1513 3395 1750 3460 laudem,
1782 3394 2005 3447 omnino

433 3502 487 3546 et
531 3494 734 3562 absque
768 3490 972 3545 nostris
1007 3489 1224 3551 litteris,
1273 3496 1492 3557 propter
1540 3488 1830 3554 repositam
1878 3484 2006 3540 hinc

436 3584 627 3638 amicis
670 3582 762 3637 Dei
805 3582 1329 3642 remunerationem,
1367 3588 1421 3633 et
1453 3579 1528 3632 illi
1562 3578 1921 3647 opilulaberis
1952 3586 2007 3632 et

435 3692 556 3730 cum
606 3690 671 3731 eo
729 3675 951 3729 labores
980 3673 1355 3743 partieipabis.
1389 3671 1455 3725 Et
1482 3672 1528 3727 si
1553 3671 1681 3741 quid
1719 3686 1783 3726 ex
1810 3685 2005 3725 ncces-

436 3767 599 3823 sariis
645 3777 699 3821 et
752 3767 819 3821 ad
849 3767 970 3820 vita:
1029 3767 1483 3819 sustentationem
1538 3764 1763 3818 utilibus
1811 3763 1867 3817 in
1906 3763 2013 3819 hac,

435 3869 592 3929 gente
625 3870 677 3913 et
722 3860 775 3912 in
807 3869 948 3913 terra
978 3856 1154 3910 aliena
1186 3857 1233 3910 ei
1266 3855 1437 3921 deest,
1475 3856 1640 3910 alacri
1672 3855 1856 3911 animo
1878 3870 2008 3925 sup-

434 3950 723 4019 peditabis,
774 3948 882 4002 Deo
913 3947 1008 4001 tibi
1055 3946 1371 4000 facultatem
1408 3945 1721 4009 tribuente;
1787 3944 2008 4012 erisque

437 4042 742 4110 etaznplius
777 4056 870 4109 per
924 4039 1137 4108 c0piam
1168 4038 1332 4106 hujus
1358 4037 1631 4093 facultatis
1661 4036 1717 4091 in
1742 4035 2007 4091 auxilium

439 4133 816 4188 laborantibus
848 4132 1197 4187 constitutus.

438 4317 647 4374 XLVII.
673 4318 1017 4373 Constantino
1062 4316 1234 4368 vicino
1293 4313 1661 4367 consolatorios
1712 4314 1902 4368 littera
1947 4313 2010 4366 de

988 4402 1168 4439 sorore
1196 4385 1466 4453 defuncta.

510 4505 669 4564 Cum,
704 4502 776 4555 fili
800 4502 874 4555 mi
905 4499 1204 4562 benediete,
1236 4497 1512 4565 inopinam
1537 4510 1657 4565 qua:
1684 4496 1781 4550 tibi
1810 4494 2009 4550 accidit

442 4593 808 4653 afllictiouem,
857 4601 911 4644 et
941 4602 1188 4643 amarum
1251 4587 1491 4641 dolorem
1544 4602 1753 4641 mecum
1797 4596 2008 4656 reputo.

438 4682 736 4737 contrabor
752 4689 807 4736 et
827 4695 926 4750 ego
946 4694 1078 4734 voce
1099 4679 1387 4741 exstincta,
1424 4691 1531 4731 non
1562 4678 1734 4732 habeo
1753 4680 1899 4747 quod
1925 4679 2009 4733 di-

440 4790 585 4837 cam,
618 4783 712 4828 aut
739 4787 901 4841 quam
947 4772 1246 4827 orationem
1287 4770 1558 4825 inveniam
1595 4785 1715 4839 quae
1738 4771 2009 4825 consolari

441 4869 801 4938 possitneque
832 4869 999 4923 animi
1018 4869 1122 4923 mei
1144 4867 1541 4938 aegritudinem,
1565 4883 1739 4939 neque
1759 4877 2012 4938 te,neque

442 4976 588 5014 tuam
628 4962 771 5031 piam
804 4969 1058 5024 matrem,
1088 4975 1266 5028 neque
1300 4970 1530 5014 caeteros
1573 4959 2010 5028 consanguineos

442 5066 535 5110 aut
582 5055 811 5119 amicos,
838 5068 1069 5124 quorum
1104 5067 1324 5107 amarus
1359 5051 1448 5105 ille
1473 5051 1630 5107 dolor
1659 5064 1848 5122 pectus
1872 5052 2010 5106 dila-

444 5156 581 5205 niat.
628 5148 789 5219 Fugit
819 5149 961 5203 enim
1011 5162 1200 5201 revera
1247 5162 1461 5202 omnem
1486 5146 1925 5201 exhortationem
1954 5154 2010 5200 et

443 5243 869 5299 consolationem
885 5241 974 5294 illa
993 5256 1113 5310 quae
1134 5239 1261 5309 (heu
1280 5240 1292 5292 ι
1309 5239 1582 5309 quomodo
1599 5238 1835 5307 dicam?)
1854 5237 2010 5292 nobis

445 5338 643 5389 accidit
680 5335 983 5390 calamitas.
1036 5333 1174 5397 Quid
1209 5334 1353 5386 enim
1405 5332 1556 5400 prius
1588 5332 1710 5400 quis
1760 5328 2012 5400 lugebit?

447 5425 586 5479 Num
633 5428 751 5496 ejus
779 5444 900 5499 qua:
928 5443 1031 5482 nos
1065 5426 1280 5495 reliquit
1304 5435 1683 5495 praematurum
1711 5433 1766 5478 et
1809 5424 1862 5476 in
1894 5424 2010 5491 ipso

450 5516 625 5570 astatis
652 5516 785 5571 flore
810 5528 1034 5585 sortem,
1064 5518 1153 5572 cui
1178 5531 1364 5570 amara
1396 5529 1544 5571 mors
1580 5530 1687 5569 non
1729 5514 2003 5584 pepercit!

447 5609 589 5665 Num
610 5607 771 5677 hujus
792 5611 976 5665 eximii
1009 5609 1258 5679 conjugis
1280 5606 1652 5670 solitudinem,
1677 5608 1769 5675 qui
1792 5615 1846 5660 et
1869 5605 2007 5675 ipse,

448 5702 504 5757 in
535 5700 721 5759 eodem
748 5700 903 5766 flore,
950 5702 1000 5758 si
1030 5718 1134 5759 non
1166 5720 1195 5758 e
1227 5702 1333 5758 vita
1374 5700 1637 5765 decessit,
1679 5698 2007 5754 anteriorem

2035 4410 2089 4469 D

2185 3024 2617 3096 Ἀπεστείλαμεν
2666 3026 2917 3094 εὐλογίας
2960 3027 3121 3098 χάριν
3168 3029 3419 3098 ίμάτιον’
3452 3030 3583 3101 περὶ
3624 3030 3685 3085 δὲ

2102 3116 2199 3171 τοῦ
2230 3119 2664 3189 ἀρχιεπισκόπου
2704 3120 2978 3185 Ἀλανίας,
3010 3121 3201 3175 τέκνον
3236 3122 3414 3192 ήμῶν,
3450 3124 3684 3194 γράφειν

2104 3230 2155 3264 τι
2184 3212 2285 3264 οὐκ
2318 3211 2446 3281 ἔχω.
2500 3212 2672 3277 Αὐτὸς
2703 3213 2813 3284 γὰρ
2868 3213 3091 3277 συνετὸς
3139 3213 3217 3268 ὢν
3261 3216 3355 3269 καὶ
3394 3217 3683 3286 φρόνιμος,

2106 3304 2200 3356 καὶ
2226 3302 2385 3369 εἰδὼς
2413 3304 2473 3358 τὸ
2504 3306 2714 3359 ἐκείνου
2762 3306 2950 3378 ἔργον,
2979 3307 3061 3361 ὅτι
3103 3306 3241 3379 πρὸς
3289 3309 3564 3380 σωτηρίαν
3592 3311 3689 3363 ἀν-

2106 3392 2363 3461 θρώπων,
2401 3396 2483 3447 ὅτι
2520 3397 2655 3465 πρὸς
2698 3397 2859 3464 δόξαν
2890 3398 2982 3451 τοῦ
3017 3400 3257 3469 μεγάλου
3296 3401 3562 3470 ὀνόματος
3588 3401 3684 3454 τοῦ

2106 3483 2265 3550 Θεοῦ,
2299 3486 2520 3549 πάντως
2549 3488 2644 3542 καὶ
2683 3489 2857 3560 χωρὶς
2892 3490 3172 3561 ἡμετέρας
3204 3492 3422 3564 γραφῆς
3464 3491 3553 3544 διὰ
3585 3495 3688 3563 τὴν

2106 3575 2480 3648 ἀποκειμένην
2514 3580 2726 3634 ἐκεῖθεν
2768 3583 3200 3653 μισθαποδοσίαν
3239 3588 3348 3648 τοῖς
3393 3584 3688 3652 φιλοθέοις,

2108 3669 2203 3721 καὶ
2248 3674 2740 3745 συνεπικουρήσεις
2798 3676 2970 3747 αὐτῷ,
3022 3679 3116 3731 καὶ
3163 3677 3535 3752 συναντιλήψῃ
3575 3677 3690 3733 τῶν

2108 3762 2321 3816 πόνωνο
2355 3765 2449 3817 καὶ
2482 3766 2536 3819 εί
2558 3784 2703 3828 τινος
2742 3768 2801 3821 ἐν
2847 3769 2993 3823 ἔθνει
3054 3771 3285 3842 τοιούτῳ
3318 3772 3412 3826 καὶ
3452 3775 3521 3843 γῇ
3558 3770 3687 3844 ξένῃ

2109 3853 2217 3907 τῶν
2248 3856 2562 3926 ἀναγκαίων
2594 3859 2689 3912 καὶ
2715 3860 2899 3915 ἄνεσιν
2936 3864 3003 3933 τῇ
3038 3863 3150 3935 ζωῇ
3185 3865 3465 3935 φερόντων
3498 3866 3690 3936 ἐνδεής

2110 3948 2246 4013 ἐστι,
2280 3947 2583 4019 προθύμως
2615 3951 3048 4021 ἐπιχορηγήσεις
3076 3952 3174 4005 τοῦ
3210 3954 3347 4007 Θεοῦ
3400 3972 3480 4008 σοι
3519 3955 3686 4009 δύνα-

2114 4053 2207 4106 μιν
2264 4039 2672 4109 παρασχόντος·
2709 4040 2803 4093 καὶ
2839 4041 2959 4111 είης
3012 4043 3110 4095 καὶ
3154 4042 3237 4096 ἔτι
3277 4044 3372 4097 ἐπὶ
3404 4045 3566 4098 πλέον
3604 4047 3688 4107 είς

2110 4129 2374 4199 εὐπορίαν
2397 4129 2498 4199 τῆς
2528 4128 2789 4199 τοιαύτης
2818 4130 3098 4201 δυνάμεως
3132 4132 3531 4205 καθιστάμενος
3553 4133 3687 4206 βοη-

2113 4221 2227 4284 θεῖς
2260 4224 2374 4284 τοῖς
2411 4224 2835 4294 ἀπορουμένοις.

2147 4313 2280 4368 ιη’.
2312 4313 2751 4393 Κωνστᾳνζίκῳ
2762 4319 3278 4393 Δπαρα-κοιμωμένῳ
3301 4326 3651 4393 παραμυθη·

2430 4384 2565 4453 τικὴ
2595 4386 2688 4440 ἐπ’
2709 4384 2945 4457 ἀδελφῇ
2974 4384 3351 4461 κόιμῖηθειονῃ.

2190 4497 2383 4558 Ὅταν,
2435 4495 2627 4551 τέκνον
2693 4515 2793 4568 μου
2861 4499 3229 4571 εὐλογημένον
3281 4501 3532 4577 [τίμιον.]
3589 4506 3692 4578 τὴν

2113 4586 2533 4657 ἀπροσδοκήτως
2572 4589 2988 4645 καταλαϐοῦσαν
3016 4590 3210 4661 θλίψιν,
3264 4594 3358 4646 καὶ
3395 4593 3456 4646 τὸ
3491 4597 3689 4667 πικρὸν

2114 4676 2277 4743 ἄλγος
2304 4678 2565 4745 ὲννοήσω,
2587 4681 2723 4751 πρὸς
2750 4681 2995 4750 ἀφωνίαν
3022 4683 3386 4753 συστέλλομαι
3403 4686 3497 4738 καὶ
3526 4689 3690 4751 αὐτὸς

2113 4768 2243 4836 ἐγὼ,
2262 4770 2355 4823 καὶ
2385 4771 2487 4824 οὐκ
2506 4772 2615 4842 ἔχω
2627 4774 2679 4827 τί
2708 4775 2847 4828 είπω
2867 4774 2903 4846 ἢ
2937 4775 3057 4829 τίνα
3086 4776 3244 4843 λόγον
3257 4776 3404 4849 εὕρω
3427 4794 3691 4851 παραμυ-

2115 4861 2325 4917 θεῖσθαι
2351 4863 2649 4934 δυνάμενον
2678 4863 2800 4919 οὔτε
2826 4866 2926 4936 τῆς
2955 4868 3095 4939 ἐμῆς
3125 4869 3303 4940 ψυχῆς
3352 4874 3413 4926 τὸ
3438 4873 3689 4943 ἄλγημα,

2113 4953 2236 5007 οὔτε
2277 4955 2358 5020 σὲ,
2395 4955 2519 5009 οὔτε
2534 4956 2632 5026 τὴν
2653 4956 2872 5028 θεοφιλῆ
2898 4960 3135 5030 μητέρα,
3171 4960 3294 5015 οὔτε
3330 4964 3458 5026 τοὺς
3488 4962 3690 5026 ἄλλους

2116 5050 2396 5115 συγγενεῖς
2415 5049 2508 5102 καὶ
2524 5049 2733 5117 φίλους,
2767 5044 2842 5103 ὧν
2870 5050 2934 5103 τὸ
2952 5052 3151 5121 πικρὸν
3167 5052 3335 5107 τοῦτο
3367 5052 3540 5118 πάθος
3571 5055 3691 5110 δια-

2115 5142 2423 5211 σπαράσσει
2451 5141 2549 5211 τὴν
2569 5141 2819 5212 καρδίαν.
2851 5143 2997 5216 Νικᾷ
3024 5146 3131 5215 γὰρ
3158 5145 3234 5209 ὡς
3260 5146 3479 5217 ἀληθῶς
3505 5149 3692 5201 πᾶσαν

2116 5235 2463 5306 παρηγορίαν
2498 5235 2595 5287 καὶ
2642 5235 2994 5306 παράκλησιν
3035 5237 3211 5307 λόγων
3260 5240 3340 5303 τὸ,
3388 5240 3536 5310 οἴμοι
3570 5241 3692 5306 πῶς

2114 5327 2276 5384 εἴπω.
2300 5325 2648 5396 συμὸεϐηκὸς
2677 5327 2810 5397 ἡμῖν
2831 5327 3112 5399 ἀτύχημα.
3154 5329 3220 5382 Τί
3259 5331 3368 5401 γάρ
3394 5348 3477 5395 τις
3534 5333 3690 5403 πρῶ·
3743 5338 3752 5347 “

2113 5434 2205 5469 τον
2238 5418 2537 5487 πενθήσει;
2576 5419 2676 5488 τῆς
2726 5420 3133 5492 καταλιπούσης
3184 5424 3335 5493 ἡμᾶς
3369 5424 3430 5478 τὸ
3479 5424 3682 5496 ἄωρον,

2115 5510 2209 5565 καὶ
2236 5509 2335 5581 τὴν
2374 5511 2431 5563 ὲν
2465 5511 2613 5582 αὐτῷ
2648 5512 2727 5583 τῷ
2749 5512 2901 5568 ἄνθει
2932 5514 3035 5586 τῆς
3061 5514 3277 5585 ἡλικίας
3327 5516 3518 5588 τομὴν,
3558 5520 3629 5588 ἢν
3656 5519 3685 5571 ό

2116 5601 2314 5673 πικρὸς
2335 5603 2435 5656 οὐκ
2465 5604 2722 5673 ἐφείσατο
2751 5605 2979 5669 θάνατος
3013 5607 3370 5676 ὲπενεγκεῖνς
3404 5607 3437 5676 ἢ
3464 5606 3564 5680 τὴν
3591 5608 3682 5663 τοῦ

2115 5695 2283 5750 καλοῦ
2301 5693 2545 5766 ’συζύγου
2577 5698 2775 5768 ταύτης
2807 5699 3060 5768 μόνωσιν,
3082 5698 3143 5763 ὃς
3179 5700 3274 5755 καὶ
3310 5699 3470 5763 αὐτὸς
3495 5703 3552 5756 ἐν
3584 5704 3685 5765 (σῳ
