4038 6204
409 267 510 331 237

402 355 477 425 τῷ
507 355 655 408 ἄνθει
684 395 697 418 ,
731 358 781 410 εἰ
822 358 916 414 καὶ
953 360 1028 432 μὴ
1065 359 1163 432 τὴν
1203 362 1266 415 ix
1309 363 1406 417 τοῦ
1458 365 1575 434 βίου
1631 366 1802 438 τομὴν
1841 368 1974 421 ὑπέ-

1857 282 2267 348 EPISTOLIE.

3551 300 3655 368 933

2089 379 2271 426 tamen
2327 373 2534 442 accepit
2577 374 2830 445 plagam?
2887 378 3030 444 Quid
3066 392 3248 438 autem
3301 385 3550 446 dicamus
3591 399 3656 450 de

399 464 518 517 στη,
553 445 691 500 ἀλλὰ
733 452 1069 523 πικροτέραν
1116 453 1338 518 ὲδέξατο
1527 433 1781 528 πληγηνς
1819 459 1883 512 Τί
1915 461 1955 514 δὲ

2081 464 2426 533 separatione
2464 480 2493 519 a
2545 477 2616 530 te,
2660 468 2805 524 illius
2838 485 3031 540 nempe
3066 473 3254 543 fratre,
3287 481 3380 548 qui
3411 483 3482 537 ob
3510 493 3653 539 tuam

396 539 646 604 εἴποιμεν
679 541 816 611 πρὸς
843 542 942 613 τὴν
986 544 1270 598 διάστασιν
1311 545 1405 598 σοῦ
1440 546 1532 600 τοῦ
1559 549 1780 620 ’ταύτης
1810 549 1969 603 ἀδελ-

393 629 601 697 φοῦ,δς
638 631 729 684 διὰ
775 632 869 687 τὸν
922 637 1186 707 συμπαθῆ
1241 639 1465 710 τρόπον,
1509 639 1570 694 οὐ
1623 641 1783 711 μόνον
1835 643 1973 712 πρὸς

391 723 627 790 ἐκείνην,
666 724 803 778 ἀλλὰ
833 728 925 778 καὶ
959 727 1094 797 πρὸς
1126 728 1253 793 τοῦς
1295 728 1478 794 ξένους
1505 734 1595 784 καὶ
1625 733 1811 804 πόρρω
1846 751 1972 803 συγ-

389 813 608 878 γενείας
638 815 783 884 ἔχεις
814 816 873 868 τὸ
909 817 1252 888 συμπάσχειν
1277 820 1370 873 καὶ
1397 821 1682 889 συναλγεῖν
1732 840 1747 890 ;
1803 823 1868 876 Τί
1917 825 1973 876 δὲ

389 906 528 973 πρὸς
555 905 654 977 τὴν
690 908 968 978 γηραλέαν
995 911 1228 981 μητέρας
1283 912 1314 982 ἢ
1345 930 1427 976 τις
1456 915 1504 967 εἰ
1538 915 1631 967 καὶ
1668 914 1729 966 τὸ
1758 915 1970 986 χαίρειν

389 989 534 1062 εἶχεν
567 997 660 1048 ἐπὶ
701 999 805 1061 σοὶ,
834 998 1024 1051 τέκνον
1077 1000 1233 1072 ἐμὸν,
1258 1001 1331 1063 ὡς
1357 1004 1441 1071 ἐφ’
1473 1003 1571 1075 υἱῷ
1595 1005 1821 1076 τοιούτῳ
1842 1021 1971 1074 τυγ-

389 1087 628 1156 χανοντι,
675 1089 791 1143 ἀλλ’
820 1089 912 1144 οὖν
953 1093 1244 1166 ἐπ’ἐκείνη
1298 1095 1372 1160 ὡς
1429 1097 1658 1168 θυγατρὶ
1726 1100 1822 1151 καὶ
1872 1099 1970 1170 τῆς

389 1183 558 1253 αὐτῆς
605 1184 928 1257 ὑπαρχούσῃ
978 1186 1214 1255 φύσεως.
1287 1189 1594 1260 Προσθήσω
1639 1191 1696 1244 δὲ
1734 1191 1814 1244 ὅτι
1874 1191 1972 1245 καὶ⁵

2079 558 2498 626 compatientem
2547 560 2808 625 indolem,
2861 579 2972 618 non
3018 566 3194 620 solum
3236 584 3335 638 pro
3371 573 3511 642 ipsa,
3559 581 3652 632 sed

2079 643 2240 697 etiam
2280 661 2378 713 pro
2406 647 2598 702 alienis
2629 658 2684 703 et
2719 665 2750 704 a
2795 655 3118 722 cognatione
3151 662 3379 716 remotis
3417 672 3652 734 compati

2081 742 2135 788 et
2164 737 2452 793 eondolere
2476 741 2665 795 nosti?
2694 741 2835 808 Quid
2875 744 2943 800 de
2982 748 3162 802 vetula
3199 763 3390 818 matre,
3415 757 3502 808 cui
3528 757 3655 812 licet

2080 827 2423 896 gaudendum
2477 833 2547 886 sit
2586 834 2653 888 de
2713 845 2783 899 te,
2842 837 2939 903 ﬁli,
2982 841 3074 894 tali
3133 858 3329 914 nempe
3389 851 3564 917 qualis
3599 869 3657 908 es

2078 919 2210 987 ﬁlio,
2238 921 2524 978 laetandum
2551 927 2716 981 etiam
2749 939 2865 985 erat
2906 931 2972 987 de
3004 933 3091 987 illa
3130 951 3234 1006 qua
3272 939 3378 993 ﬁlia
3411 941 3653 1012 ejusdem

2079 1023 2325 1082 naturas;
2376 1020 2469 1072 sed
2521 1029 2574 1073 et
2616 1021 2810 1075 addam
2860 1027 3007 1094 quod
3045 1043 3169 1083 cum
3229 1037 3543 1101 progeniem
3591 1053 3652 1090 cx

2078 1104 2197 1174 ejus
2238 1120 2425 1163 ventre
2465 1110 2607 1166 ferre
2636 1113 2971 1172 desideraret
3011 1121 3128 1175 suis
3167 1121 3430 1191 brachiis,
3459 1130 3654 1199 majori

2079 1195 2353 1252 frueretur
2373 1202 2570 1270 gaudio
2594 1220 2657 1258 ex
2685 1205 2804 1275 ejus
2824 1213 3111 1279 praesentia
3137 1224 3188 1268 et
3214 1195 3651 1280 conversatione.

386 1274 586 1342 ἔκγονα
634 1277 733 1346 τῆς
796 1278 1010 1347 ἐκείνης
1077 1277 1285 1342 κοιλίας
1322 1278 1563 1351 ποθούσῃ
1618 1280 1805 1350 φέρειν
1846 1283 1903 1335 ὲν
1964 1284 2085 1348 ταίς
2145 1287 2415 1357 ἀγκάλαις
2469 1293 2659 1361 αὐτῆς,
2697 1297 2940 1366 μείζονος
3009 1303 3290 1374 ἀπήλασεν
3350 1308 3546 1384 ἡδονῆς
3577 1313 3654 1368 τῶ

389 1370 489 1439 βίῳ
534 1371 820 1442 παρούσης
854 1372 951 1425 καὶ
983 1375 1566 1445 συναναστρεφομένης
1596 1377 1756 1448 αὐτῇ.

467 1468 636 1517 Ὅταν
663 1464 836 1518 ταῦτα
871 1466 1049 1520 πάντα
1075 1468 1234 1538 ὁμοῦ,
1265 1467 1453 1522 τέκνον
1483 1485 1583 1537 μου
1615 1468 1964 1539 τιμιώτατον,

385 1556 820 1625 ἀναλογίσωμαι,
858 1557 951 1610 καί
1004 1574 1086 1610 τοι
1140 1560 1231 1611 καὶ
1269 1559 1330 1612 ἓν
1369 1560 1600 1615 ἕκαστον
1652 1562 1833 1618 αὐτῶν
1866 1565 1967 1618 οὐκ

2148 1472 2285 1528 Cum
2331 1475 2446 1531 lucc
2477 1481 2660 1534 omnia
2688 1481 2873 1548 simul,
2909 1485 2981 1538 ﬁli
3027 1488 3100 1542 mi
3171 1496 3647 1565 reverendissime,

2075 1581 2291 1621 mecum
2341 1579 2550 1641 reputo,
2602 1588 2705 1628 nec
2753 1581 3184 1651 unumquodque
3244 1599 3432 1642 eorum
3487 1592 3649 1651 ullius

385 1651 530 1705 ἔστιν
557 1651 782 1721 εὐχερὲς
827 1649 1086 1715 δέξασθαι
1130 1652 1508 1723 παραμυθίαν,
1542 1654 1841 1725 ἐπίσταμαι
1888 1654 1955 1720 ὡς

2072 1659 2463 1716 consolationis
2499 1676 2618 1718 esse
2647 1679 2838 1734 capax,
2874 1682 2982 1723 non
3015 1649 3110 1724 me
3139 1673 3277 1728 fallit
3306 1679 3506 1736 nullam
3527 1649 3652 1741 esse

383 1745 482 1797 ούκ
512 1744 628 1796 ἐστι
668 1744 826 1812 λόγος
855 1743 977 1798 οὐδὲ
1029 1744 1378 1816 παράκλησις
1418 1746 1451 1816 ὴ
1481 1746 1754 1818 δυναμένη
1787 1765 1970 1817 παρα-

385 1837 630 1901 καλέσαι,
680 1838 774 1891 καὶ
827 1834 907 1906 τῷ
945 1835 1223 1906 τραύματι
1270 1835 1458 1890 δοῦναι
1507 1837 1606 1907 τὴν
1642 1837 1961 1909 θεραπείαν.

383 1931 492 1983 Καὶ
521 1933 631 2001 γὰρ
661 1931 714 1984 εί
740 1948 847 1992 τιῖ,
881 1931 1024 2000 ἅπερ
1057 1925 1234 1996 εἷπον,
1265 1929 1407 1982 αὐτὰ
1441 1931 1566 1984 καθ’
1602 1931 1772 1985 ἑαυτὰ
1816 1933 1964 2002 λογί-

381 2020 548 2086 ζοιτο,
579 2020 862 2092 βαρύτατά
891 2022 1041 2075 ἐστιν
1071 2021 1312 2092 άληθῶς,
1346 2022 1466 2076 ὅλον
1500 2023 1604 2075 ὑπὸ
1630 2023 1728 2076 τοῦ
1763 2023 1964 2095 βάρους

381 2113 869 2182 συγκαταφέροντα
919 2113 1056 2183 πρὸς
1101 2112 1344 2183 ἀθυμίαν
1392 2113 1486 2165 καὶ
1515 2112 1694 2184 λύπην
1741 2114 1964 2185 άπαρά-

379 2205 577 2274 κλητον
607 2204 699 2258 τὸν
729 2205 989 2276 λογισμόν
1013 2223 1027 2237 ·
1063 2201 1176 2259 οἷον
1209 2206 1409 2276 μικροῦ
1445 2207 1538 2260 καὶ
1568 2207 1728 2276 ἡμεῖς
1758 2207 1961 2259 πεπόν-

379 2297 555 2367 θαμεν
627 2298 1054 2368 ἀπροσδοκήτως
1117 2300 1216 2368 τῆς
1268 2299 1474 2368 πικρᾶς
1527 2297 1790 2366 ἀγγελίας
1840 2302 1962 2363 ταῖς

376 2391 677 2460 ἡμετέραις
706 2391 898 2453 ἀκοαῖς
937 2388 1368 2460 προσελθούσης.
1404 2391 1515 2444 Καὶ
1544 2392 1654 2462 γὰρ
1683 2392 1772 2445 ὅτε
1803 2393 1961 2446 τοῦτο

376 2483 681 2552 ἐμάθομεν,
713 2483 887 2546 οὕτως
939 2481 1144 2545 εὐθέως
1177 2481 1567 2554 ἐκρατήθημεν
1597 2484 1702 2536 ὑπὸ
1741 2484 1840 2553 τῆς
1869 2483 1962 2535 λύ-

376 2592 505 2645 πης,
541 2576 638 2627 καὶ
684 2576 780 2644 τῆς
814 2575 1072 2642 ἀθυμίας,
1109 2575 1184 2638 ὡς
1236 2574 1440 2644 ,μικροῦ
1475 2575 1612 2644 μήτε
1647 2575 1831 2645 φωνὴν
1864 2574 1958 2627 δύ-

373 2669 571 2720 νασθαι
625 2669 866 2736 ἀφεῖναι,
923 2670 1061 2739 μήτε
1110 2668 1272 2722 ἄλλου
1332 2666 1466 2736 πρὸς
1512 2666 1663 2736 ἡμᾶς
1707 2666 1959 2734 λέγοντος

375 2759 670 2831 βούλεσθαι
722 2760 942 2812 ἀκούειν
972 2759 1145 2821 οὕτως
1177 2758 1282 2811 ὑπὸ
1332 2756 1427 2810 τοῦ
1470 2756 1673 2834 βάρους
1706 2756 1807 2824 τῆς
1849 2757 1961 2810 θλί-

369 2853 519 2922 ψεως
562 2853 1013 2923 συνεκλάσθημεν
1066 2851 1164 2922 τὴν
1229 2849 1483 2922 καρδίαν.
1540 2837 1680 2901 Ἀλλ’
1711 2848 1811 2918 ὀψὲ
1863 2848 1959 2902 καὶ

374 2947 515 3019 μετὰ
545 2947 683 3000 πολὺ
738 2947 862 3008 τοὺς
897 2944 1194 3014 λογισμοὺς
1232 2942 1392 3013 ἡμῶν
1437 2941 1827 3008 ἀναλαϐόντες,
1863 2941 1957 2994 καὶ

369 3040 593 3111 πρῶτον
627 3039 728 3107 μὲν
782 3037 1220 3107 κατανοήσαντες
1256 3034 1325 3087 τὰ
1385 3035 1541 3087 κοινὰ
1588 3034 1687 3104 τῆς
1740 3032 1955 3102 φύσεως

370 3107 699 3201 πράγματα,
733 3129 829 3183 καὶ
858 3130 959 3182 ὅσα
985 3130 1042 3195 ἐξ
1067 3129 1244 3198 ἀρχῆς
1271 3125 1684 3197 καταλαμϐάνει
1709 3125 1834 3188 τοὺς
1864 3126 1959 3178 άν-
1981 3107 2025 3166 c

369 3224 647 3295 θρώπους,
683 3225 762 3284 είς
805 3221 1104 3293 ἐνθύμησιν
1134 3219 1504 3281 καταστάντες
1535 3217 1612 3280 ὡς
1645 3218 1798 3271 οὐδὲν
1832 3234 1958 3270 και-

366 3316 460 3369 νὸν
483 3315 601 3366 οὐδὲ
627 3313 775 3377 ξένον
798 3314 1130 3382 ὑπέστημεν,
1150 3311 1266 3363 ἀλλ’
1293 3313 1432 3378 ὓπερ
1455 3312 1570 3363 ἐστὶ
1608 3309 1839 3381 σύνηθες
1865 3308 1960 3362 καὶ

364 3408 648 3478 γνώριμον
677 3408 740 3476 τῇ
775 3406 1090 3475 ἀνθρωπίνῃ
1107 3403 1220 3474 ζωῇ
1245 3417 1257 3432 ·
1279 3403 1414 3472 πρὸς
1429 3402 1641 3465 τούτοις
1655 3401 1710 3455 δὲ
1738 3403 1830 3455 καὶ
1857 3404 1958 3470 τὴν

364 3501 461 3554 τοῦ
479 3502 726 3554 Πλάστου
745 3499 838 3552 καὶ
851 3499 1122 3550 Δεσπότου
1137 3497 1453 3566 οἰκονομίαν
1474 3497 1846 3567 λογισάμενοι,
1863 3499 1956 3550 καὶ

363 3597 572 3660 εἰδότες
595 3597 679 3648 ὅτι
722 3595 898 3650 πάντα
933 3593 1069 3665 πρὸς
1108 3592 1170 3646 τὺ
1207 3594 1490 3664 συμφέρον
1514 3595 1814 3662 οἰκονομεῖ,
1849 3591 1946 3646 καὶ

363 3691 445 3753 ὡς
493 3692 744 3761 κρεῖττον
789 3688 992 3748 ἐκεῖνος
1021 3685 1285 3739 διευθετεῖ
1330 3686 1398 3739 τὰ
1429 3685 1524 3738 τοῦ
1576 3685 1779 3738 οἰκείου
1815 3683 1951 3737 πλάει

367 3797 601 3850 σματος,
647 3779 680 3848 ἢ
716 3777 873 3847 εἴπερ
921 3777 1082 3845 ἡμεῖς
1123 3773 1430 3844 φρονοῦμεν
1459 3773 1555 3825 xa‘t
1583 3771 1946 3839 διανοούμεθα

367 3873 503 3943 περὶ
542 3871 775 3936 ἑαυτῶν,
817 3868 1098 3937 ἀναψυχήν
1138 3884 1260 3918 τινα
1293 3869 1386 3918 καὶ
1419 3863 1766 3935 παραμύθιον
1792 3861 1948 3932 εὖροι

367 3978 492 4032 μεν,
528 3959 624 4012 καὶ
661 3960 754 4013 τοῦ
814 3959 1008 4029 βαθέος
1056 3957 1266 4010 ἐκείνου
1314 3957 1511 4024 νέφους
1556 3957 1654 4025 τῆς
1682 3954 1943 4024 ἀθυμίας,

362 4053 557 4124 ὥσπερ
587 4051 1010 4105 ἀνακύπτουσαν
1062 4050 1292 4119 ἔσχομεν
1320 4050 1420 4118 τὴν
1462 4046 1661 4117 ψυχὴν,
1709 4046 1946 4116 μάλιστα

363 4147 420 4198 ἃ
458 4147 542 4198 ὅτι
584 4144 675 4197 καὶ
711 4144 799 4197 διὰ
844 4143 945 4213 τῆς
996 4143 1147 4205 θείας
1196 4143 1490 4211 ἐλπίζομεν
1530 4140 1946 4211 φιλανθρωπίας

2068 1752 2373 1805 orationem
2409 1761 2503 1807 aut
2543 1757 2977 1814 consolationem
3007 1777 3128 1830 qua:
3161 1765 3326 1821 solari
3369 1773 3560 1840 possit,
3599 1788 3652 1831 et

2069 1840 2282 1897 vulneri
2312 1844 2558 1900 sanando
2588 1848 2658 1902 sit
2689 1860 2832 1918 apta.
2879 1851 2934 1906 Si
2965 1849 3087 1923 quis
3114 1856 3257 1913 enim
3294 1861 3506 1932 singula
3529 1883 3650 1937 quae

2067 1933 2180 1988 dixi
2209 1937 2510 2003 examinat,
2551 1941 2878 2008 gravissima
2926 1960 3054 2001 sunt
3095 1960 3265 2018 certe,
3320 1933 3650 2030 omnemque

2065 2030 2467 2098 cogitationem
2536 2048 2643 2088 non
2684 2034 2750 2089 ad
2783 2039 3215 2097 consolationem
3247 2045 3340 2100 sed
3368 2047 3436 2102 ad
3475 2053 3645 2106 animi

2064 2120 2421 2188 dejectionem
2472 2133 2528 2178 et
2573 2126 2950 2195 aegritudinem
2979 2147 3092 2202 pra:
3124 2150 3289 2192 onere
3314 2137 3597 2199 deducunt
3625 2163 3641 2199 :

2065 2211 2211 2280 quod
2267 2211 2384 2268 fere
2438 2224 2490 2268 et
2539 2216 2697 2272 nobis
2741 2219 2943 2276 accidit
2983 2237 3106 2278 cum
3154 2225 3434 2298 inopinate
3479 2233 3641 2289 triste

2064 2305 2318 2359 nuntium
2359 2307 2424 2362 ad
2464 2317 2681 2366 nostras
2715 2327 2875 2368 aures
2908 2319 3174 2384 pervenit.
3216 2320 3352 2376 Cum
3399 2326 3546 2381 enim
3588 2329 3643 2382 id

2062 2397 2394 2465 audivimus,
2425 2401 2610 2456 statim
2645 2403 2717 2458 ita
2745 2405 2931 2462 dolore
2948 2409 3072 2464 victi
3101 2427 3294 2469 sumus
3315 2424 3366 2470 et
3397 2427 3641 2488 stupore,

2064 2495 2123 2540 ut
2149 2502 2284 2555 pene
2329 2504 2431 2544 nec
2459 2504 2648 2546 vocem
2698 2496 2949 2551 emittere
2985 2514 3086 2554 nec
3124 2517 3452 2571 quemquam
3486 2509 3642 2564 nobis

2063 2575 2376 2645 loquentem
2442 2583 2629 2637 audire
2683 2587 3048 2652 potuerimus,
3103 2591 3240 2647 adeo
3302 2596 3403 2648 sub
3431 2597 3640 2655 doloris

2061 2667 2301 2735 pondere
2331 2685 2430 2725 cor
2457 2671 2796 2728 confractum
2835 2685 2939 2732 est.
2978 2677 3218 2736 Tandem
3254 2700 3382 2740 vero
3411 2695 3468 2742 et
3515 2702 3640 2759 post

2061 2762 2290 2818 multum
2323 2766 2581 2834 temporis
2610 2775 2851 2822 nostram
2893 2779 3234 2828 resumentes
3261 2777 3553 2845 rationem,
3585 2791 3642 2835 et

2059 2854 2293 2922 primum
2315 2856 2537 2925 quidem
2562 2857 2780 2912 animad
2791 2868 3059 2917 vertentes
3081 2868 3397 2923 communia
3427 2879 3636 2928 natura:

2059 2945 2192 3014 fata,
2229 2959 2284 3004 et
2325 2965 2447 3022 quae
2504 2953 2572 3006 ab
2617 2951 2775 3007 initio
2815 2953 3137 3012 hominibus
3191 2971 3526 3031 competant,
3577 2967 3633 3021 in

2059 3041 2240 3096 animo
2279 3051 2579 3099 statuentes
2613 3044 2748 3098 nihil
2789 3059 2990 3102 novum
3028 3059 3083 3103 et
3120 3050 3443 3108 inusitatum
3479 3058 3640 3112 nobis

2058 3131 2344 3198 accidisse,
2395 3136 2490 3189 sed
2528 3135 2674 3206 quod
2719 3137 2858 3191 solet
2903 3138 3158 3196 humana:
3201 3143 3359 3213 vita;
3411 3147 3636 3220 insuper

2058 3233 2242 3280 autem
2294 3237 2353 3281 et
2387 3227 2668 3284 Creatoris
2715 3239 2771 3284 et
2826 3232 3039 3288 Domini
3079 3235 3428 3306 dispositioni
3460 3253 3637 3299 atten-

2057 3319 2267 3385 dentes,
2286 3319 2794 3390 scientesqueillum
2819 3324 3006 3378 omnia
3041 3326 3108 3380 ad
3131 3329 3415 3384 utilitatem
3451 3333 3635 3404 dispo-

2057 3423 2204 3474 nere,
2257 3410 2561 3480 meliusque
2615 3426 2740 3466 eum
2787 3413 3025 3485 dirigere
3064 3431 3128 3471 ea
3177 3433 3300 3488 quae
3361 3433 3490 3477 sunt
3520 3439 3635 3479 suae

2056 3509 2326 3555 creatura:
2356 3516 2519 3570 quam
2556 3503 2603 3557 si
2639 3518 2738 3559 nos
2768 3505 2868 3575 ipsi
2910 3508 3070 3562 nobis
3113 3524 3302 3565 curam
3331 3523 3386 3566 et
3410 3529 3630 3584 operam

2060 3590 2524 3660 impenderemus,
2573 3592 2924 3662 refrigerium
2971 3596 3246 3666 quoddam
3285 3608 3340 3653 et
3383 3601 3631 3657 levamen

2058 3682 2386 3746 invenimus,
2409 3693 2545 3738 etex
2561 3684 2724 3738 densa
2754 3686 2842 3740 illa
2862 3687 3182 3756 dejectionis
3203 3691 3511 3763 nubequasi
3543 3710 3628 3748 re-

2056 3773 2252 3829 fectam
2301 3775 2598 3831 habuimus
2651 3787 2936 3845 mentem;
2983 3784 3221 3836 maxime
3267 3793 3448 3840 autem
3502 3789 3629 3857 quia

2052 3881 2153 3936 pro
2176 3869 2356 3922 divina
2383 3869 2652 3923 charitate
2677 3886 2962 3940 speramus
2991 3888 3111 3928 eam
3141 3891 3261 3944 qua:
3285 3892 3395 3932 nos
3413 3880 3631 3951 reliquit

2055 3969 2110 4010 et
2149 3971 2286 4010 vana
2338 3958 2428 4011 illa
2472 3959 2580 4011 vita
2630 3961 2887 4026 excessit,
2935 3962 3066 4017 illuc
3122 3966 3478 4023 deventuram
3538 3973 3626 4024 ubi

2055 4063 2216 4104 omne
2269 4050 2548 4118 gaudium.
2589 4055 2770 4106 omnis
2807 4056 3093 4120 serenitas,
3127 4059 3310 4113 omnis
3362 4063 3624 4126 suavitas,

2053 4140 2236 4194 omnis
2266 4141 2677 4210 impassibtlitas
2710 4152 2764 4196 et
2792 4145 3011 4213 requies
3040 4147 3271 4202 inlini-ta.
3325 4189 3339 4202 .

365 4240 464 4309 τὴν
513 4239 922 4292 καταλιποῦσαν
967 4239 1116 4308 ἡμᾶς
1162 4239 1260 4291 καὶ
1312 4239 1409 4307 τῆς
1462 4239 1701 4306 ματαίας
1739 4237 1948 4306 ταύτης
1990 4236 2136 4307 ζωῆς
2201 4236 2525 4303 ἐξελθοῦσαν
2547 4239 2628 4300 εἰς
2693 4240 2902 4292 ἐκεῖνον
2929 4241 3017 4293 τὸν
3052 4243 3217 4295 τόπον
3242 4247 3621 4315 καταντήσειν,

361 4334 426 4387 οῦ
459 4335 609 4386 πᾶσα
637 4333 737 4404 μὲν
770 4333 938 4402 χαρὰ,
961 4333 1110 4384 πᾶσα
1139 4332 1193 4384 δὲ
1216 4331 1532 4402 φαιδρότης,
1558 4333 1708 4384 πᾶσα
1732 4331 1787 4383 δὲ
1816 4329 2093 4402 γλυκύτης
2127 4332 2222 4384 καὶ
2251 4332 2490 4385 ἀπάθεια
2521 4332 2614 4384 καὶ
2645 4332 2828 4395 ἄνεσις
2865 4333 3080 4397 ἄλυτος.

438 4427 652 4491 Ταῦτα,
700 4425 892 4477 τέκνον
945 4424 1099 4494 ἐμὸν,
1148 4424 1243 4477 καὶ
1277 4423 1335 4475 σὲ
1376 4425 1642 4494 φρόνιμον
1678 4423 1807 4477 ὄντα
1846 4425 1940 4476 καὶ

2119 4423 2267 4489 Haac,
2305 4425 2376 4478 ﬁli
2409 4427 2504 4490 mi,
2541 4435 2729 4495 utpote
2750 4426 2842 4495 qui
2869 4442 2927 4481 es
2966 4436 3022 4480 et
3047 4427 3160 4496 ipse
3200 4430 3441 4497 prudens
3465 4440 3518 4486 et
3539 4433 3624 4487 in-

369 4520 587 4574 συνετὸν
623 4519 760 4572 Θεοῦ
813 4518 1023 4589 χάριτι,
1068 4518 1164 4570 καὶ
1209 4517 1598 4588 παρακαλείτω
1627 4517 1721 4569 καὶ
1763 4532 1940 4586 παρα-

370 4610 650 4682 μυθεῖσθω
682 4611 781 4666 καὶ
811 4610 1264 4680 ἀνακουφιζέσθω
1300 4610 1402 4679 τῆς
1434 4610 1700 4682 ὀδυνηρᾶς
1727 4609 1946 4663 διαστά-

370 4720 526 4765 σεως.
555 4703 671 4756 Οὐκ
701 4697 770 4772 ἦν
803 4703 953 4773 ἡμᾶς
983 4703 1152 4772 χωρὶς
1183 4701 1412 4764 πένθους
1445 4705 1540 4755 καὶ
1571 4702 1818 4756 κοπετῶν
1849 4703 1943 4754 καὶ

369 4795 712 4866 σπαραγμῶν
769 4796 1015 4862 ἐνεγκεῖν
1046 4795 1143 4864 τὴν
1205 4793 1509 4859 διάστασιν,
1564 4793 1684 4847 οὐδὲ
1713 4795 1820 4864 γὰρ
1849 4790 1940 4864 ἦν.

379 4888 830 4958 Ἐπειδθήσαμεν,
893 4886 1193 4956 ἑκόψαμεν,
1251 4884 1701 4955 ὲσπαρὰχοημεν.
1761 4885 1939 4962 Μέχρι

364 4981 554 5033 τούτου
597 4983 889 5051 στήσωμεν
921 4978 982 5031 τὺ
1033 4975 1251 5044 πένθος,
1288 4977 1589 5046 παύσωμεν
1625 4977 1938 5046 σπαραττόο

366 5090 536 5138 μενοι.
583 5073 682 5126 Διὰ
711 5071 792 5137 τί;
825 5069 1017 5140 καιρὸν
1053 5069 1268 5123 λύοντα.
1304 5069 1369 5121 Τί
1400 5064 1528 5133 οὖν;
1576 5069 1701 5120 Ἐπὶ
1735 5068 1938 5121 τούτων

365 5168 578 5218 πάντων
614 5162 935 5234 σωζομένην
970 5163 1200 5234 ὁρῶντες
1237 5161 1336 5232 τὴν
1367 5161 1520 5226 τάξιν
1547 5163 1646 5230 τῆς
1696 5159 1934 5228 φύσεως,

364 5259 510 5311 οὐδέν
557 5276 610 5311 τι
663 5257 968 5327 πάσχομεν,
1015 5255 1137 5308 οὐδὲ
1181 5252 1536 5322 καινοτομίαν
1586 5254 1710 5304 τινὰ
1770 5251 1936 5322 ἡγού-

370 5351 503 5415 μεθα
527 5351 585 5403 τὸ
611 5352 916 5419 γινομενον.
952 5349 1045 5410 Ei;
1077 5349 1223 5419 ἡμᾶς
1255 5347 1542 5413 δὲ-μόνους
1573 5344 1829 5414 ὁρῶντες,
1859 5345 1934 5404 ὡς

367 5443 684 5512 καινοτομού
695 5458 847 5512 μενοι
866 5440 1063 5493 πενθοῦ
1071 5458 1188 5510 μεν,
1208 5442 1288 5492 ὅτι
1310 5439 1452 5493 κατὰ
1473 5440 1596 5500 τοὺς
1613 5439 1826 5500 κοινοὺς
1846 5439 1934 5490 v6-

374 5559 491 5610 μους
505 5541 961 5614 οἰκονομούμεθα.
983 5541 1092 5596 Καὶ
1109 5539 1224 5602 πῶς
1241 5539 1389 5606 ἄξιον
1414 5538 1570 5591 τοῦτο
1590 5538 1687 5608 τῆς
1717 5540 1817 5607 σῆς
1838 5539 1932 5589 καὶ

370 5633 696 5695 παιδεύσεως
735 5634 830 5684 καὶ
848 5633 1118 5694 συνέσεως
1133 5631 1227 5684 καὶ
1257 5630 1366 5682 τῶν
1380 5628 1541 5682 θείων
1559 5627 1810 5693 ἐλπίδων,
1843 5624 1931 5688 αἷς

367 5725 551 5777 taurea
569 5723 964 5794 ἱξανήρτησαςς
995 5722 1137 5778 Ἀλλ’
1157 5715 1410 5790 ἐάσωμεν
1431 5720 1487 5772 τὸ
1513 5719 1811 5782 abdicata
1833 5719 1921 5770 δά-

2048 4517 2317 4587 telligens,
2347 4517 2438 4572 Dei
2470 4520 2665 4586 gratia,
2699 4527 2752 4573 te
2781 4520 3132 4573 consolentur
3164 4529 3218 4576 et
3252 4522 3346 4576 tibi
3379 4526 3620 4583 animum

2049 4612 2306 4676 relevent,
2351 4619 2407 4665 et
2452 4609 2740 4664 dolendam
2775 4613 3174 4680 separationem
3229 4614 3454 4674 leniant,
3503 4617 3621 4673 Non

2047 4700 2083 4754 ii
2143 4701 2346 4756 fuimus
2400 4703 2516 4770 qui-
2560 4703 2767 4770 absque
2823 4701 2973 4756 luctu
3013 4712 3067 4754 et
3113 4703 3302 4760 dolore
3347 4714 3400 4760 et
3453 4707 3620 4761 animi

2048 4795 2473 4850 lacerationibus
2517 4795 2918 4864 separationem
2974 4793 3283 4862 ferremus;
3342 4813 3452 4851 non
3505 4799 3619 4854 ﬁeri

2043 4895 2162 4941 erat
2198 4887 2460 4950 luximus,
2511 4887 2806 4949 doluimus,
2849 4885 3070 4940 lacerati
3115 4902 3352 4941 sumus:
3407 4886 3620 4960 Httcus-

2043 4993 2148 5046 que
2193 4977 2453 5031 sistamus
2492 4976 2732 5040 luctum;
2786 4975 3070 5031 dolori-bus
3117 4978 3277 5030 ﬁnem
3328 4975 3613 5033 faciamus.

2042 5068 2269 5134 Quare?
2296 5075 2517 5136 tempus
2548 5067 2757 5121 lenivit.
2788 5067 2928 5132 Quid
2976 5068 3142 5138 igitur
3175 5069 3196 5121 i
3228 5067 3289 5121 in
3323 5068 3408 5124 his
3438 5071 3618 5122 omni-

2041 5161 2144 5214 bus
2172 5168 2446 5214 servatum
2498 5159 2742 5213 videntes
2787 5160 3034 5215 ordinem
3077 5169 3309 5224 naturae,
3345 5159 3482 5212 nihil
3516 5175 3614 5229 pa-

2042 5254 2227 5318 timur,
2260 5267 2362 5306 nec
2391 5252 2690 5306 novitatem
2724 5253 3016 5322 quamdam
3049 5262 3368 5322 reputemus
3389 5250 3446 5306 id
3465 5258 3610 5322 quod

2038 5354 2240 5399 evenat.
2273 5346 2333 5398 in
2365 5359 2462 5399 nos
2488 5354 2673 5399 autem
2701 5346 2851 5400 solos
2885 5345 3263 5414 respicientes,
3293 5347 3452 5414 quasi
3481 5347 3607 5401 novi

2037 5437 2240 5507 aliquid
2264 5437 2522 5506 patimur,
2551 5437 2816 5507 lugemus,
2845 5453 2966 5490 cum
2999 5437 3150 5504 juxta
3181 5437 3327 5506 leges
3353 5454 3604 5494 commu-

2039 5543 2137 5585 nes
2164 5529 2554 5597 gubernemur.
2584 5529 2653 5586 Et
2675 5529 2950 5598 quomodo
2983 5528 3126 5584 istud
3158 5529 3381 5601 dignum
3405 5541 3461 5587 et
3511 5541 3605 5587 tua

2036 5623 2360 5679 educatione
2389 5632 2444 5677 et
2483 5620 2839 5692 intelligentia
2897 5627 2953 5675 et
2995 5620 3203 5676 caelesti
3253 5637 3348 5691 spe
3409 5623 3498 5678 cui
3527 5630 3608 5678 te-

2039 5717 2214 5787 ipsum
2253 5716 2641 5773 addixisti?At
2666 5714 3004 5792 dimittamus
3039 5715 3263 5802 luctum,
3319 5717 3608 5787 lacrymas.
