4038 6204
329 246 434 307 23E)

1464 245 1929 307 NICOLAI"CP.
1969 248 2483 308 ‘PATRlARCII/E

3471 243 3578 308 940

325 356 623 413 tristitiam.
677 353 831 424 Apud
886 353 1249 424 nosmetipsos
1284 353 1499 419 simus;
1543 365 1596 409 et
1628 355 1887 410 cedamus

1998 374 2141 428 κρυα
2172 358 2271 427 τὴν
2300 358 2945 431 κατήφειαν.Τενὼμεθα
2971 363 3000 431 ἡ
3011 364 3125 433 μῶν
3151 359 3349 428 α’ὗτῶν,
3371 365 3463 418 καί
3484 384 3582 419 πα-

324 450 417 504 Dei
464 447 709 519 judiciis,
760 446 853 516 qui
903 446 1050 502 dedit
1082 456 1135 501 et
1160 446 1348 510 vitam,
1401 455 1561 516 prout
1593 447 1693 516 ipsi
1719 447 1898 501 visum

322 551 428 604 est.
466 552 518 596 et
548 539 861 594 convictum
896 537 1063 606 hujus
1101 537 1441 592 suavissimae
1483 538 1689 594 sororis
1722 552 1896 607 quan-

323 646 435 688 tum
492 633 799 687 conducere
845 627 1195 694 existimavit,
1225 628 1480 699 illamque
1513 631 1579 684 ad
1609 645 1669 686 se
1698 630 1902 700 recepit

323 726 623 781 secundum
656 738 817 778 suum
866 722 1195 792 profundum
1226 722 1505 778 decretum
1534 721 1895 792 etjudicium.

322 814 510 870 Melius
541 813 630 867 ille
659 828 820 882 quam
849 812 994 879 quod
1027 827 1126 867 nos
1158 812 1414 865 volumus
1445 820 1539 866 aut
1579 826 1896 882 precamur,

320 920 449 959 vere
514 904 792 957 benelicus
858 899 1022 956 Pater
1074 909 1262 957 nostra
1329 900 1516 972 dirigit
1564 911 1619 956 et
1676 899 1901 957 deducit

322 997 389 1051 ad
426 1005 665 1051 nostram
724 994 1035 1049 utilitatem.
1087 994 1199 1048 Nos
1264 995 1379 1049 sola
1436 994 1695 1049 ducimur
1744 996 1901 1065 cupi-

323 1090 511 1155 ditate,
543 1096 597 1143 et
617 1087 683 1142 ad
711 1088 883 1158 ipsam
904 1085 1281 1142 existimamus
1306 1086 1438 1141 utile
1469 1085 1895 1143 conferendum:

322 1192 378 1236 et
431 1181 475 1236 si
512 1181 727 1251 quidem
763 1195 850 1234 res
876 1187 1183 1247 congruunt
1231 1177 1535 1247 cupiditati,
1575 1176 1712 1234 bene
1742 1179 1899 1235 nobis

322 1284 544 1324 currere
581 1272 744 1323 vitam
778 1282 1063 1323 censemus
1100 1282 1115 1320 :
1148 1266 1231 1321 sin
1258 1277 1467 1333 autem,
1519 1268 1673 1337 quasi
1723 1266 1775 1322 in
1812 1268 1895 1322 in-

323 1360 593 1414 toleranda
644 1358 752 1412 vita
800 1357 1199 1427 angustiamur.
1246 1355 1344 1412 Hic
1389 1367 1571 1412 autem
1605 1371 1713 1412 non
1743 1358 1894 1425 item,

324 1450 417 1506 sed
448 1465 542 1519 per
580 1463 643 1503 ea
670 1464 790 1518 quae
825 1449 1020 1504 acerba
1074 1459 1129 1504 et
1165 1449 1391 1503 molesta
1435 1448 1708 1515 videntur,
1777 1450 1898 1519 plus

322 1538 595 1593 commodi
616 1538 842 1607 largitur
866 1554 1028 1609 quam
1050 1538 1172 1609 quis
1196 1537 1486 1593 crediderit
1537 1551 1602 1591 ex
1638 1538 1897 1608 jucundis

322 1632 610 1685 utilitatem
647 1630 1347 1700 percipere."l‘ranseamus
1383 1630 1545 1699 igitur
1571 1632 1639 1685 ad
1693 1632 1897 1700 gratia-

2003 451 2540 521 ραχωρήσωμεντοῖς
2567 452 2801 522 κρίμασι
2824 452 2918 506 τοῦ
2942 453 3098 521 Θεοῦ,
3124 454 3183 519 ὃς
3214 457 3458 527 παρέσχε
3484 461 3577 512 καὶ

2000 540 2098 613 τὴν
2125 544 2340 610 γένεσιν
2368 542 2551 606 καθὼς
2579 543 2743 607 αὐτὸς
2778 543 3092 616 ἐδοκίμασε,
3120 548 3216 601 καὶ
3257 549 3550 619 συμϐιοτεῦ
3570 580 3581 588 -

2004 650 2095 686 σαι
2121 636 2256 705 ἡμῖν
2284 634 2383 705 τὴν
2414 633 2762 707 γλυκυτάτην
2792 636 3027 709 ἀδελφὴν
3059 639 3185 692 ὅσον
3215 639 3397 711 ἔκρινε
3433 661 3575 710 συμ-

2002 721 2214 793 φέρειν,
2277 723 2374 775 καὶ
2430 722 2798 793 προσελάϐετο
2836 724 3042 794 ταύτην
3070 724 3212 778 κατά
3256 725 3356 795 τὴν
3409 727 3575 781 αύτοῦ

2000 814 2310 885 ἀπόρρητον
2346 813 2541 886 βουλὴν
2571 817 2663 869 καὶ
2704 814 2903 886 κρίσιν.
2923 816 3113 869 Πλεῖον
3138 818 3361 883 ἐκεῖνος,
3391 818 3423 889 ἢ
3455 820 3577 873 ὅσον

1999 905 2166 975 ἡμεῖς
2205 903 2507 975 βουλόμεθα
2545 904 2642 958 καὶ
2674 905 2969 974 εὐχόμεθα,
2999 907 3027 959 ό
3049 905 3349 976 φιλόψυχος
3406 907 3576 971 ὅντως

2000 996 2196 1068 Πατὴρ
2224 996 2296 1050 τὰ
2324 997 2573 1067 ἡμέτερα
2598 998 2869 1051 διευθετεῖ
2892 999 2994 1051 καὶ
3047 998 3283 1068 διεξάγει
3319 999 3456 1071 πρὸς
3514 1002 3577 1054 τὸ

2002 1088 2309 1159 συμφέρον.
2362 1086 2554 1158 Ἡμεῖς
2591 1091 2728 1161 μόνῃ
2754 1092 2820 1163 τῇ
2864 1089 3579 1163 ἐπιθυμίᾳ’ὲλκόμεθα,καὶ

2001 1179 2140 1251 πρὸς
2177 1178 2382 1247 ταύτην
2413 1177 2709 1249 νομίζομεν
2742 1178 2839 1233 καὶ
2874 1178 2937 1233 τδ
2975 1179 3251 1250 ὠφέλιμον
3308 1180 3580 1250 συμϐιϐά-

2000 1274 2115 1339 ζειν
2144 1289 2162 1309 ο
2188 1272 2295 1326 κᾶν
2332 1271 2434 1342 μὲν
2472 1274 2745 1342 συντρέχῃ
2774 1271 2842 1328 τά
2868 1271 3169 1340 πράγματα
3189 1274 3255 1343 τῇ
3291 1272 3574 1343 ἐπιθυμίᾳ,

2000 1361 2179 1425 καλῶς
2213 1363 2348 1431 ἡμῖν
2401 1360 2664 1431 φέρεσθαι
2713 1361 2805 1412 τὸν
2849 1359 2964 1430 βίον
3008 1358 3491 1430 ὑπολαμϐάνομεν,
3525 1364 3575 1414 εἰ

1999 1451 2056 1504 δὲ
2100 1451 2197 1520 μὴ,
2229 1450 2304 1513 ὡς
2324 1450 2425 1502 ἐπ’
2449 1449 2756 1517 ἀσυμφόρῳ
2778 1447 2881 1517 τῆς
2898 1447 3042 1517 ζωῆς
3070 1449 3571 1520 στενοχωρούμεθα.

2012 1544 2250 1606 Ἐκεῖνος
2279 1542 2337 1595 δὲ
2367 1540 2464 1611 οὐχ
2494 1539 2687 1604 οὕτως,
2717 1539 2854 1594 ἀλλὰ
2888 1540 2983 1593 καὶ
3011 1539 3099 1593 διά
3132 1539 3242 1593 τῶν
3261 1540 3454 1594 λυπεῖν
3479 1543 3575 1594 καὶ

2000 1634 2226 1705 στύφειν
2248 1632 2570 1699 δοκούντων,
2601 1632 2767 1685 πλέον
2797 1630 2857 1685 τδ
2877 1630 3071 1700 ὄφελος
3093 1631 3332 1694 δίδωσιν.
3390 1634 3423 1703 ἢ
3452 1634 3577 1687 ὅσον

322 1737 445 1775 rum
466 1723 760 1786 actionem,
791 1721 856 1775 ad
885 1720 1123 1787 laudem,
1180 1721 1247 1774 ad
1279 1721 1731 1789 benedictionem,
1764 1738 1891 1795 gra-

1998 1728 2059 1784 άν
2088 1745 2173 1791 τις
2200 1728 2467 1797 ἡγήσαιτο
2506 1725 2592 1779 διά
2619 1723 2727 1778 τῶν
2758 1723 3063 1795 ἡδυνόντων
3094 1724 3445 1793 ὠφελεῖσθαι.
3467 1726 3578 1779 ὠσ-

322 1814 429 1867 tias
464 1814 681 1883 quidem
712 1822 935 1879 agentes
958 1826 1075 1882 pro
1105 1821 1309 1880 quanto
1354 1824 1596 1885 tempore
1641 1817 1892 1871 convictu

2001 1839 2062 1875 τε
2097 1820 2492 1893 μεταϐάλωμεν
2527 1820 2608 1882 είς
2639 1818 3011 1888 εὐχαριστίαν,
3048 1817 3130 1880 είς
3178 1813 3347 1881 αἶνον,
3381 1818 3461 1880 είς
3491 1816 3578 1869 δο-

326 1904 473 1958 illius
526 1904 608 1958 usi
651 1919 867 1969 sumus,
902 1906 1107 1975 gratias
1133 1918 1353 1977 quoque
1389 1922 1535 1961 nunc
1574 1907 1892 1964 exhibentes

2004 1911 2252 1980 ξολογίαν
2285 1910 2445 1982 χάριν
2481 1910 2580 1980 μὲν
2615 1909 2817 1972 εἰδότες
2848 1909 2934 1978 ἐφ’
2973 1909 3096 1961 ὅσον
3120 1908 3311 1977 καιρὸν
3332 1908 3542 1961 ἀπελαύ
3561 1936 3578 1950 ο

325 1997 470 2065 quod
513 1996 580 2051 de
623 2011 757 2051 vana
800 1999 903 2052 hac
936 2007 992 2052 et
1038 1998 1268 2052 molesta
1324 2013 1560 2069 vereque
1611 2000 1898 2070 multiplici

324 2089 472 2143 luctu
497 2088 699 2144 referta
732 2088 840 2144 vita
874 2089 1090 2144 sublata
1124 2104 1301 2156 soror,
1333 2090 1401 2144 ad
1433 2092 1647 2146 beatam
1692 2106 1897 2162 perve-

323 2179 407 2234 nit
436 2182 598 2234 vitam
626 2188 679 2236 et
712 2182 950 2247 quietem
981 2184 1130 2236 omni
1163 2181 1353 2236 dolore
1384 2181 1680 2238 etitristitia
1709 2198 1897 2240 exem-

323 2281 493 2339 ptam,
511 2281 565 2327 et
586 2272 984 2343 proindedigna
1012 2286 1118 2325 non
1139 2287 1259 2342 qua:
1286 2272 1555 2342 lugeatur,
1576 2275 1669 2331 sed
1698 2276 1783 2330 cui
1803 2290 1900 2346 po-

324 2365 427 2418 tius
469 2365 794 2433 invideatur,
831 2372 883 2419 et
935 2364 1092 2433 cujus
1126 2364 1407 2420 beatitudo
1429 2367 1752 2422 celebretur.

535 2665 760 2722 XLVIII.
800 2666 1049 2738 Gregorio
1082 2663 1273 2734 Ephesi
1315 2665 1683 2735 metropolilae.

390 2787 590 2839 Praeter
644 2796 913 2838 maerores
972 2779 1159 2834 multis
1211 2779 1494 2833 doloribus
1558 2778 1894 2833 laborantem

320 2876 557 2931 animam
597 2883 840 2927 nostram
890 2877 1222 2939 prementes,
1273 2868 1348 2921 [ili
1378 2870 1449 2921 mi
1495 2868 1891 2935 sacratissime,

324 2971 394 3021 ita
429 2982 515 3021 me
557 2964 854 3019 aﬂ‘ecerunt
889 2961 1136 3018 nuntiata
1181 2975 1277 3031 per
1312 2968 1434 3016 tuas
1482 2960 1694 3017 litteras
1750 2964 1894 3018 mala

2004 2020 2178 2074 σαμεν
2206 2003 2305 2073 τῆς
2336 2000 2714 2073 συμϐιώσεως,
2746 2000 2909 2071 χάριν
2927 1999 2984 2052 δὲ
3010 1999 3105 2053 νῦν
3159 1996 3577 2068 ὁμολογοῦντες,

2000 2096 2081 2148 ὅτι
2114 2095 2189 2161 ὲκ¹
2212 2093 2313 2163 τῆς
2364 2091 2727 2163 ματαιότητος
2765 2088 2976 2159 ταύτης
3022 2088 3249 2155 καὶτῆς
3298 2086 3577 2141 ὲπωδύνον

2001 2189 2099 2243 καὶ
2154 2188 2325 2248 δντως
2362 2182 2732 2247 πο).υπενθοῦς
2776 2180 2923 2253 ζωῆς
2992 2181 3317 2251 ἀπάρασαή
3372 2180 3578 2251 ἀδελφὴ

2002 2277 2142 2349 πρὸς
2170 2276 2270 2348 τὴν
2313 2276 2594 2347 μακαρίαν
2649 2276 2955 2345 κατήντησε
3005 2272 3100 2328 καὶ
3131 2271 3276 2343 ζωὴν
3319 2272 3412 2325 καὶ
3434 2272 3579 2325 ἀπό.

1999 2368 2217 2431 λαυσιν,
2240 2367 2336 2420 καὶ
2366 2366 2550 2436 πάσης
2569 2364 2749 2434 λύπης
2788 2362 3078 2433 ἐλευθέραν
3098 2364 3200 2416 καὶ
3247 2362 3573 2431 κατηφείαςο

2001 2460 2097 2513 καὶ
2124 2458 2215 2512 διὰ
2268 2456 2427 2511 τοῦτο
2464 2456 2620 2523 ἀξίας
2668 2454 2837 2528 οὔσης
2882 2455 3004 2525 οὐχὶ
3050 2454 3388 2521 πενθεῖσθαι,
3431 2456 3581 2510 ἀλλὰ

2001 2548 2297 2617 ζηλοῦσθαι
2333 2547 2535 2619 μᾶλλον
2567 2547 2661 2602 καὶ
2716 2546 3145 2619 μακαρίζεσθαι.

2141 2657 2283 2711 MII’.
2323 2658 2631 2728 Γρηγορῐῳ
2695 2658 3103 2729 μητροπολίτῃ
3159 2658 3434 2729 Ἐφέσου.

2079 2771 2209 2826 Ἐπὶ
2252 2774 2366 2836 τοῖς
2396 2774 2997 2844 ςπροκατειργασμένοις
3075 2772 3174 2844 τὴν
3241 2774 3578 2829 πολυώδυνον

2000 2863 2157 2935 ημῶν
2188 2863 2389 2935 ψυχὴν,
2418 2865 2606 2920 τέκνον
2648 2866 2806 2935 ἡμῶν
2867 2866 3188 2938 ἱερώτατον,
3237 2869 3572 2938 ἀλγήμασιν,

1998 2955 2142 3010 οὕτω
2172 2957 2391 3028 διέθηκε
2415 2957 2483 3011 τά
2516 2956 2612 3012 νῦν
2646 2958 3025 3012 καταλαϐόντα
3076 2958 3164 3012 διὰ
3187 2959 3288 3030 τῆς
3329 2960 3437 3013 τῶν
3466 2960 3589 3013 σῶνν

322 3069 382 3113 ut
419 3073 557 3127 pene
600 3066 752 3111 extra
813 3070 899 3110 me
940 3055 1151 3125 positus
1186 3056 1316 3120 sim,
1351 3064 1405 3109 et
1441 3070 1553 3125 pra:
1592 3056 1763 3111 multa
1798 3072 1892 3112 an-

2002 3052 2346 3120 γραμμάτων
2401 3040 2759 3120 ἀπαγγελίας
2792 3049 3040 3117 ἀλγεινὰ,
3076 3048 3151 3112 ὡς
3182 3049 3393 3122 μικροῦ
3439 3050 3576 3121 προς

321 3149 499 3218 gustia
538 3147 747 3217 aliquid
793 3145 974 3201 simile
1004 3159 1199 3215 passus
1226 3145 1329 3200 sim
1370 3144 1455 3201 his
1490 3146 1605 3216 qui,
1643 3148 1700 3202 in
1727 3148 1893 3204 vehe-

322 3242 660 3297 mentissima
695 3246 1038 3309 tempestate,
1093 3237 1341 3293 hiscente
1392 3238 1530 3292 mari
1569 3240 1895 3309 deprehensi

320 3350 536 3387 omnem
571 3333 839 3401 dejiciunt
881 3344 1033 3399 spem
1079 3328 1311 3393 salutis;
1354 3328 1457 3384 nisi
1503 3328 1633 3398 quia
1665 3330 1897 3399 praebuit

319 3424 640 3493 quinbique
683 3422 840 3476 adest
874 3420 1170 3474 auxiliator
1193 3420 1263 3474 ad
1298 3434 1361 3475 se
1395 3421 1594 3487 redire,
1632 3430 1687 3476 et
1730 3421 1894 3477 Iidem

318 3516 446 3569 fecit
474 3516 547 3571 iis
564 3514 772 3583 quibus
807 3526 981 3583 usque
1015 3512 1198 3568 adhuc
1229 3527 1451 3566 manum
1482 3512 1677 3568 fortem
1716 3516 1895 3584 porri-

318 3623 444 3677 gere
501 3620 609 3660 non
645 3604 875 3667 destitit,
919 3617 1020 3660 nec
1049 3605 1285 3660 cessavit
1332 3613 1553 3674 propter
1600 3606 1892 3661 inenarra-

320 3700 481 3753 bilem
552 3696 857 3752 bonitatem
905 3696 975 3752 de
1035 3696 1343 3752 innumeris
1388 3707 1441 3753 et
1496 3688 1892 3769 multiplicibus

322 3788 873 3846 casibus'Echesiam
942 3801 1120 3843 suam.
1167 3788 1249 3843 Ita
1278 3787 1425 3842 enim
1456 3788 1613 3844 nobis
1645 3790 1891 3846 animum

320 3879 711 3949 recipientibus
794 3892 918 3947 spes
978 3876 1235 3932 meliores
1294 3892 1636 3936 conservare
1698 3882 1887 3952 coepit.

316 3969 448 4035 Quae
477 3968 682 4023 utinam
713 3976 1020 4032 serventur,
1050 3967 1267 4027 Christe
1300 3964 1552 4024 Salvator
1578 3985 1753 4038 meus,
1788 3987 1891 4028 nec

315 4069 536 4131 propter
571 4059 838 4114 inﬁnitam
889 4067 1238 4129 peccatorum
1288 4074 1537 4115 meorum
1586 4063 1890 4118 multitudi-

316 4165 440 4204 nem
489 4150 622 4204 mibt
658 4158 714 4205 et
766 4157 971 4205 sancta:
996 4149 1254 4205 Ecclesiae
1295 4158 1401 4206 tuae
1445 4155 1715 4222 pereant!
1760 4155 1887 4211 Haec

316 4244 432 4308 tibi,
460 4242 533 4297 ﬁli
564 4241 656 4310 mi,
689 4241 861 4296 habeo
885 4240 1145 4297 scribere.
1174 4239 1251 4297 De
1275 4244 1509 4309 caeteris,
1542 4259 1737 4315 nempe
1760 4261 1887 4316 aqua:

316 4350 481 4405 penes
508 4344 636 4390 sunt
668 4333 971 4399 hominem,
1000 4333 1240 4397 auxiliis,
1276 4337 1413 4390 scito
1433 4350 1533 4391 nos
1554 4336 1611 4390 in
1636 4345 1883 4395 extrema

2001 3142 2259 3199 ἔκστασιν
2282 3140 2489 3197 ἑαυτῶν
2520 3142 2878 3212 καταστῆναι,
2899 3144 2989 3194 καὶ
3004 3144 3067 3212 τῇ
3100 3141 3269 3213 πολλῇ
3289 3143 3574 3213 ἀμηχανία

2000 3234 2185 3305 ὅμοιόν
2215 3250 2269 3286 τι
2303 3230 2497 3286 παθεῖν
2527 3234 2640 3295 τοῖς
2664 3234 2721 3285 ὲν
2747 3234 2977 3304 χειμῶνι
3004 3233 3352 3305 σφοδροτάτῳ
3382 3236 3575 3304 ἀχανεῖ

2000 3324 2491 3395 ἐναπειλημμένοις
2520 3325 2774 3393 πελάγει,
2835 3328 2928 3378 καὶ
2975 3324 3063 3378 διὰ
3109 3324 3271 3379 τοῦτο
3312 3326 3572 3395 ῥίπτουσι

2000 3417 2182 3480 πάσας
2225 3416 2325 3487 τῆς
2356 3417 2631 3488 σωτηρίας
2657 3416 2902 3479 ἐλπίδας.
2937 3417 3083 3489 Πλὴν
3107 3418 3189 3471 ὃτι
3226 3418 3515 3487 παρέσχεν
3542 3420 3571 3470 ὁ

1997 3507 2228 3562 πάντοτε
2256 3509 2671 3580 παριστάμενος
2694 3568 2697 3569 ν
2720 3508 2939 3580 βοηθὸς,
2974 3509 3069 3563 καὶ
3090 3511 3407 3577 ἀνενεγκεῖν
3442 3509 3570 3562 ἔδω-

1995 3619 2092 3656 κεν
2122 3602 2541 3672 ἐπιλογίσασθαι
2576 3596 2658 3667 οἷς
2681 3604 2851 3675 μέχρι
2893 3606 2987 3657 καὶ
3019 3602 3111 3657 νῦν
3141 3604 3202 3656 ού
3232 3602 3441 3656 διέλιπε
3469 3604 3569 3674 τὴν

1998 3697 2242 3768 μεγάλην
2278 3698 2565 3768 ὲπορέγων
2595 3699 2788 3770 χεῖρα,
2831 3697 2939 3759 καὶ,
2962 3697 3223 3769 ῥυόμενος
3252 3698 3332 3751 ’δι’
3362 3696 3568 3766 ἄφατον

1993 3789 2308 3861 ἀγαθότητα
2346 3791 2453 3845 τῶν
2482 3791 2840 3862 πολυτρόπων
2896 3792 2993 3845 καὶ
3031 3789 3430 3861 πολυμηχάνων
3468 3790 3567 3860 τὴν

1993 3880 2322 3953 Ἐκκλησίαν
2370 3882 2534 3937 αὐτοῦ
2570 3883 2966 3953 περιστάσεων.
3003 3880 3094 3945 Είς
3119 3880 3278 3935 τοῦτο
3309 3880 3417 3950 γὰρ
3443 3882 3565 3935 ἀνεη

1992 3972 2281 4044 νεγκοῦσιν
2312 3975 2445 4046 ἡμῖν
2484 3974 2583 4038 τάς
2621 3973 2993 4045 χρηστοτέρας
3032 3970 3242 4043 ὑπῆρξε
3262 3970 3563 4034 ’διασώζειν

1990 4063 2232 4129 ἐλπίδας.
2256 4066 2366 4119 Καὶ
2394 4066 2584 4137 εἴησαν
2621 4063 3037 4134 διασωζόμεναι,
3094 4063 3299 4133 Χριστέ
3332 4080 3437 4132 μου
3471 4064 3564 4116 καὶ

1989 4154 2198 4224 Σῶτερ,
2228 4156 2324 4210 καὶ
2368 4156 2444 4227 μὴ
2466 4156 2544 4226 τῷ
2572 4154 2784 4227 ἀπείρῳ
2806 4154 2915 4208 τῶν
2946 4155 3095 4224 ἐμῶν
3118 4152 3404 4225 ἁμαρτιῶν
3430 4153 3561 4223 πλη-

1990 4244 2071 4299 θει
2094 4246 2229 4317 ἡμῖν
2257 4263 2316 4300 τε
2357 4247 2451 4300 καὶ
2477 4249 2544 4318 τῇ
2577 4250 2643 4317 σῇ
2673 4246 2806 4317 ἁγίᾳ
2832 4245 3219 4299 διαπίπτουσαι
3269 4243 3559 4316 ἐκκλησίᾳ.

1989 4330 2177 4386 Ταῦτά
2203 4350 2306 4400 σοι,
2346 4334 2539 4389 τέκνον
2571 4334 2748 4405 ἡμῶν,
2777 4333 3013 4403 γράφειν
3038 4334 3166 4405 ἔχω.
3206 4334 3343 4405 Περὶ
3371 4335 3429 4388 δὲ
3461 4335 3563 4403 τῆς

315 4428 561 4497 angustia
599 4425 826 4491 versari,
877 4440 1058 4495 neque
1081 4425 1264 4479 .ullam
1306 4426 1399 4481 hic
1424 4436 1535 4481 aut
1572 4427 1683 4485 illic
1725 4444 1884 4501 opem

1998 4424 2177 4496 Ξλλης,
2201 4427 2302 4479 ὅσα
2337 4441 2401 4493 γε
2439 4426 2511 4479 τὰ
2543 4424 2886 4497 ἀνθρώπινα,
2937 4424 3191 4495 βοηθείας
3217 4424 3333 4478 ῖσθι
3365 4428 3427 4479 ἒν
3476 4426 3566 4478 ὲσσσ

314 4522 456 4574 terre
489 4533 686 4588 posse.
706 4517 897 4571 Potius
949 4517 1113 4584 igitur
1142 4531 1231 4572 res
1257 4525 1562 4588 exposcunt
1595 4530 1652 4574 ut
1688 4529 1739 4575 te
1775 4522 1885 4578 cito

313 4614 378 4667 ad
411 4628 509 4666 nos
539 4609 817 4679 recipias;
842 4608 1085 4679 illudque
1110 4609 1230 4664 sine
1255 4611 1364 4665 ulla
1393 4624 1545 4666 mora
1575 4609 1885 4669 faciendum

311 4714 415 4760 cst.
453 4702 509 4756 Id
542 4700 712 4763 enim,
738 4700 786 4754 si
823 4701 952 4771 quid
978 4700 1145 4767 aliud,
1173 4700 1339 4756 rebus
1372 4703 1478 4757 erit
1506 4702 1884 4770 utilissimum,

310 4798 520 4853 scilicet
550 4809 656 4850 una
681 4807 823 4860 esse,
854 4802 914 4848 ut
942 4803 1144 4858 mente,
1173 4793 1246 4848 ita
1281 4802 1335 4849 et
1371 4810 1606 4866 corpore
1640 4806 1885 4854 :caetera

310 4903 491 4946 autem
541 4896 707 4959 prout
765 4901 976 4956 magnae
1018 4895 1072 4941 et
1114 4886 1480 4957 investigabili
1525 4889 1731 4946 Christi
1784 4891 1882 4947 Dei

312 4983 484 5038 nostri
523 4978 802 5051 sapientiae
829 4979 1322 5049 disponerevisum
1359 4980 1548 5036 fuerit.
1583 4981 1711 5037 Vale
1741 4983 1880 5053 jam,

312 5078 384 5130 Iili
422 5076 498 5131 mi
536 5073 928 5139 sacratissime,
960 5072 1029 5127 ab
1073 5074 1224 5127 omni
1264 5072 1574 5130 calamitate
1603 5083 1717 5131 tum
1751 5078 1885 5134 visi-

316 5168 409 5229 hiti
433 5179 543 5222 tum
576 5164 832 5222 invisibili
854 5164 1054 5220 divinis
1085 5164 1186 5220 alis
1215 5164 1484 5223 obtectus.

1988 4519 2129 4590 χάτῃ
2147 4517 2308 4581 ὄντας
2335 4517 2537 4589 ἀπορίᾳ
2562 4518 2655 4571 καὶ
2680 4516 2805 4571 οὔτε
2831 4518 2944 4580 τοῖς
2968 4514 3156 4570 αὐτόθι
3185 4514 3463 4586 ἐπαμῦναι
3486 4532 3562 4575 τι.

1988 4605 2113 4659 οὕτε
2158 4608 2272 4670 τοῖς
2302 4605 2536 4660 ἐνταῦθά
2562 4608 2712 4661 ἐστιν
2747 4606 2921 4678 ἰσχύς.
2952 4605 3171 4660 Μᾶλλον
3201 4604 3303 4676 μὲν
3345 4600 3439 4658 οὖν
3468 4605 3566 4658 καὶ

1990 4697 2052 4752 σὲ
2098 4697 2169 4753 τὰ
2200 4699 2502 4771 πράγματα
2540 4699 2791 4771 ἐπιζητεί
2843 4697 2932 4753 διὰ
2978 4699 3180 4769 τάχους
3230 4697 3564 4753 καταλαϐεῖν

1991 4792 2129 4865 πρὸς
2155 4793 2324 4864 ἡμᾶς,
2355 4793 2451 4847 καὶ
2491 4792 2649 4847 τοῦτο
2672 4792 2796 4864 δίχα
2830 4793 3017 4863 πάσης
3048 4791 3318 4862 ἀναϐολῆς
3363 4790 3445 4843 δεῖ
3471 4806 3567 4858 γε-

1991 4885 2201 4940 νέσθαι.
2247 4884 2423 4939 Τοῦτο
2472 4885 2581 4956 γάρ
2630 4885 2791 4957 εῐπερ
2832 4902 2887 4937 τι
2920 4884 3060 4939 εάλλο
3092 4885 3206 4946 τοῖς
3243 4885 3565 4953 πράγμασιν

1990 4978 2435 5050 ὠφελιμώτατον,
2457 4978 2771 5049 ἡνωμένους
2792 4972 2932 5032 εἶναι
2955 4976 3143 5046 ὥσπερ
3166 4975 3243 5045 τῷ
3264 4974 3564 5044 πνεύματι,

1991 5072 2134 5126 οὕτω
2162 5071 2254 5124 καὶ
2289 5070 2366 5141 τῷ
2402 5070 2642 5141 σώματι,
2680 5069 2772 5123 καὶ
2804 5068 2864 5121 τὸ
2890 5068 3020 5139 ἑξῆς
3058 5069 3135 5132 ὡς
3166 5068 3232 5122 ἂν
3256 5068 3289 5137 ἠ
3315 5063 3407 5119 τοῦ
3431 5065 3569 5134 Χρι-

1992 5166 2119 5220 στοῦ
2160 5164 2258 5222 καὶ
2288 5163 2424 5218 Θεοῦ
2445 5164 2604 5235 ἡμῶν
2640 5161 2849 5233 μεγάλη
2877 5165 2974 5218 καὶ
3008 5160 3417 5232 ἀνεξιχνίαστος
3438 5158 3571 5211 διοι-

315 5263 481 5331 κῆσαι
509 5259 775 5330 βούληται
804 5259 1039 5319 σύνεσις.
1072 5256 1324 5329 Ἐρῤωσό
1351 5275 1465 5329 μοι,
1493 5257 1691 5313 τέκνον
1720 5260 1881 5331 ,ήμῶν
1920 5260 2235 5334 ἱερώτατον,
2266 5262 2386 5323 ταῖς
2406 5258 2578 5323 θείαις
2645 5257 2870 5329 πτέρυξι
2934 5259 3115 5331 πάσης
3142 5256 3405 5329 ἐπηρείας
3431 5257 3571 5325 ὀρω-

320 5352 569 5419 μένηςτε
604 5351 699 5404 καὶ
728 5349 960 5419 ἀοράτου
991 5346 1418 5417 φυλαττόμενος.

315 5460 501 5520 XLIX.
576 5460 849 5530 Episcopis
910 5471 1083 5583 castrqb
1140 5462 1556 5515 communionem
1601 5468 1883 5521 exsistan-

1011 5541 1050 5583 ιι
1083 5547 1170 5583 us.
1568 5578 1571 5581 .

1011 5541 1170 5585 trbus.

384 5665 527 5721 Sane
556 5664 631 5719 ita
664 5673 765 5730 est,
800 5674 855 5718 ut
905 5666 1229 5724 caelestiillo
1260 5678 1356 5724 ore
1386 5662 1587 5723 Paulus
1621 5664 1876 5733 aliirmat,

2217 5455 2352 5511 MG’.
2381 5454 2546 5535 Πρὸς⁸
2558 5454 2711 5535 ,τοὺς
2751 5455 3196 5535 μητροπολίτας
3224 5456 3348 5511 ἔσω

2376 5525 2483 5593 τῆς
2531 5525 2897 5593 Ἐκταιησίας
2934 5525 3134 5592 ὄντας.

2042 5662 2406 5764 ᾇΛνθρὼπους
2446 5661 2730 5734 πείθομεν,
2758 5661 2923 5733 φησὶν
2949 5663 2978 5716 ὁ
3019 5660 3561 5751 θεῖοςΙἉπόστολος,
