4038 6204
476 325 573 388 2H

1917 330 2038 393 EPl
2048 333 2322 394 STOLE.

3628 339 3737 401 242

475 437 592 505 Θεῷ
650 437 707 489 δὲ
753 440 1193 512 πεφανερώμεθα
1232 458 1247 472 ·
1285 442 1381 495 καὶ
1441 443 1540 495 οὒκ
1600 440 1747 493 ἔστιν
1788 441 1963 504 ἄλλως
2020 443 2051 511 ἢ

2185 441 2470 496 luminibus
2530 441 2732 512 imponi
2789 452 2986 511 potest,
3028 442 3137 499 Deo
3194 456 3373 499 autem
3437 450 3745 517 revelantur

476 524 615 576 κατὰ
646 523 748 595 τὴν
774 528 1055 596 μακαρίαν
1086 530 1306 599 ἐκείνην
1345 531 1620 597 γλῶσσαν,
1662 532 1763 600 τὴν
1796 530 1855 596 ἐξ
1895 531 2057 601 ούρα-

475 614 565 666 νοῦ
606 611 901 681 λαλοῦσαν,
931 620 1026 672 καὶ
1070 620 1194 691 οὐχὶ
1233 621 1515 693 λογισμῶν
1572 621 1784 692 θνητῶν
1818 621 1914 675 καὶ
1963 622 2059 675 ἁν-

473 706 769 773 Θρωπίνων
802 724 817 739 ’
861 711 962 781 δρα
999 712 1063 784 δὴ
1101 708 1195 767 οὖν
1234 714 1331 767 καὶ
1390 714 1475 778 σὺ,
1517 713 1719 783 μᾶλλον
1770 713 1827 767 δὲ
1868 714 2055 783 ὁρᾶτε,

475 797 566 859 οὓς
590 799 690 852 οὐκ
727 796 848 854 οἴδα
890 802 1011 867 πῶς
1052 805 1507 875 συμπαθέστερον
1543 804 1707 870 εἴπω,
1743 803 2056 873 δυστυχῶς;

476 892 700 960 ἐμαυτῷ
740 894 835 947 καὶ
863 897 928 964 τῇ
972 894 1066 949 τοῦ
1120 896 1358 967 Χριστοῦ
1390 896 1485 950 καὶ
1521 896 1657 949 Θεοῦ
1717 896 2065 965 ἀπεγέννησα

487 981 787 1053 Ἐκκλησία
811 1001 827 1016 ⁸
861 987 979 1050 πῶς
1014 989 1124 1058 γάρ
1153 990 1273 1060 οὐχ).
1298 989 1613 1059 δυστυχῶς;
1665 990 1715 1042 οἳ
1742 986 2073 1058 ἐγεννήθητέ

2165 534 2351 587 omnia
2379 541 2565 588 nostra
2601 545 2766 604 atque
2816 535 3188 589 innotescunt.
3225 535 3347 592 llaec
3389 554 3559 606 pauca
3593 544 3747 597 vobis

2166 625 2238 681 sit
2264 627 2396 680 satis
2439 626 2662 690 dixisse,
2723 641 2862 695 quos
2912 642 3035 697 ego,
3081 637 3142 681 ut
3198 628 3486 686 mitissime
3541 634 3748 694 divam,

2166 714 2368 771 infelici
2394 716 2529 771 satis
2562 716 2814 772 Ecclesiae
2834 758 2848 782 ,
2880 718 3124 786 mihique
3166 720 3348 788 genui.
3376 718 3573 784 Quidni
3605 724 3749 776 enim

2170 822 2268 863 vos
2297 808 2375 863 sic
2403 810 2694 879 appellem,
2727 811 2825 880 qui
2859 826 2967 875 me,
2997 826 3159 880 quem
3192 813 3353 867 etiam
3378 814 3573 867 merito
3596 816 3745 869 dam!

2173 908 2363 954 natum
2402 900 3063 966 défenderedebueratis,
3103 913 3162 958 ut
3198 919 3293 973 par
3323 915 3440 960 erat
3468 905 3609 961 ﬁlios
3655 923 3751 976 pa-

2175 998 2408 1055 rentem,
2434 990 2635 1044 nullius
2678 991 2895 1047 afﬁnem
2950 994 3144 1064 eulpae,
3173 994 3283 1050 imo
3342 1010 3437 1065 per
3480 1012 3751 1051 summam

483 1091 596 1142 μοι,
623 1075 721 1146 οὐχ
751 1077 837 1130 ἵνα
879 1078 1023 1133 κατὰ
1044 1081 1138 1133 τὸν
1165 1083 1445 1148 πρέποντα
1474 1081 1690 1143 τέκνοις
1728 1080 1866 1150 πρὸς
1910 1077 2071 1147 γονέα

2185 1078 2426 1146 iniuriam
2454 1082 2594 1137 solio
2618 1083 2878 1150 ejectum,
2917 1086 3075 1156 quasi
3118 1102 3310 1155 parum
3347 1087 3538 1142 luisset
3565 1087 3752 1142 deser-

478 1164 641 1232 νόμον
665 1170 1073 1243 προασπίσητε,
1131 1173 1625 1245 ὑπερμαχήσησθε,
1660 1174 1755 1226 καὶ
1795 1171 1959 1242 τυχὸν
2011 1172 2069 1223 ἐν

2185 1173 2346 1235 uisse,
2405 1173 2755 1241 prodidistis?
2822 1175 2944 1231 llaec
3004 1179 3188 1232 animo
3249 1180 3547 1246 revolvile,
3620 1180 3753 1235 iram

479 1256 753 1322 κινδύνοις
789 1262 947 1331 ὴμῶν
976 1264 1148 1319 ὄντων
1179 1266 1671 1337 συναντιλάϐησθε,
1699 1264 1796 1319 καὶ
1818 1262 1913 1318 τοῦ
1954 1281 2069 1318 κιν-

2185 1264 2389 1318 Domini
2420 1265 2686 1321 scelerum
2726 1266 2975 1323 ultricem
3014 1280 3416 1340 exspectantes.

474 1348 632 1405 δύνου
672 1353 911 1425 ρύσησθε
950 1357 1042 1412 τὸν
1076 1361 1308 1431 πατέρα,
1331 1361 1433 1415 κᾶν
1466 1362 1597 1424 ἴσως
1612 1360 1765 1430 παρὰ
1806 1359 1982 1429 δίκην.
2017 1357 2249 1429 ἐπείπερ
2282 1357 2399 1410 ἐστὶ
2440 1360 2594 1430 παρὰ
2623 1359 2764 1430 Θεῷ,
2794 1362 2888 1415 καὶ
2926 1363 3186 1433 τοιαύτης
3229 1365 3572 1435 συμπαθείας
3607 1365 3755 1419 ἀντί’

475 1444 620 1510 δοσις
645 1448 723 1519 τῷ
745 1450 965 1516 τάξαντι
995 1458 1165 1525 τιμῆς
1202 1458 1362 1529 ὅρους
1404 1457 1645 1528 πατράσι
1685 1456 1779 1510 καὶ
1813 1455 2048 1519 τέκνοιςο
2089 1454 2205 1508 ἀλλ’
2239 1454 2360 1525 οὐχὶ
2386 1455 2449 1508 τὸ
2518 1457 2791 1529 ἡμέτερον
2862 1459 3124 1514 τοιοῦτονο
3157 1460 3251 1515 τοῦ
3277 1463 3386 1532 γὰρ
3416 1462 3624 1532 Κυρίου
3651 1463 3750 1515 καὶ

479 1545 613 1597 Θεοῦ
645 1565 748 1616 μου
775 1550 872 1620 οὐχ
897 1552 980 1605 ὅτι
1005 1553 1144 1621 πρὸς
1172 1552 1471 1623 θεραπείαν
1502 1552 1668 1608 αὐτοῦ
1700 1551 2054 1624 ἐξείργασταί
2092 1568 2144 1603 τι
2181 1550 2312 1603 ποτε
2358 1549 2489 1621 παρ’
2515 1551 2693 1621 ἡμῶν,
2718 1553 2853 1608 ἀλλὰ
2879 1555 2947 1608 δι’
3005 1556 3211 1625 ἄφατον
3271 1556 3587 1628 ἁγαθότητα
3614 1559 3753 1619 τέως

477 1642 741 1712 εὐμενοῦς
790 1645 922 1713 ἡμῖν
949 1646 1335 1715 τυγχάνοντος
1386 1647 1479 1701 καὶ
1524 1648 1676 1703 οὐδὲν
1724 1644 2259 1716 παρακεχωρηκότος
2309 1645 2551 1700 τοιοῦτόν
2615 1665 2668 1701 τι
2730 1649 3124 1720 πεπραγμένον
3187 1652 3319 1720 ἡμῖν
3358 1652 3610 1723 ὀφθῆναι.

696 1756 777 1812 N’.
826 1759 1093 1827 ’Ῑγνατίῳ
1107 1761 1522 1831 μητροπολίτῃ
1551 1760 1600 1815 Κ
1609 1760 1830 1822 υζῗκου.

560 1871 987 1945 Εὑφράνθημεν,
1022 1874 1073 1927 εί
1104 1874 1200 1927 καὶ
1239 1873 1315 1945 μὴ
1359 1874 1576 1928 τελείαν
1602 1874 1970 1945 εὐφροσύνην,
2010 1874 2071 1926 τὸ

486 1965 576 2017 σὸν
610 1960 873 2035 γράμμα,
903 1966 1093 2020 τέκνον
1111 1966 1276 2037 ἡμῶν
1306 1968 1473 2038 ἱερὸν,
1494 1967 1805 2038 δεξάμενοι.
1832 1968 1943 2021 Καὶ
1964 1965 2071 2036 γὰρ

487 2057 579 2109 καὶ
617 2056 755 2111 αὐτὸ
776 2056 938 2112 τοῦτο
962 2061 1024 2111 τὸ
1052 2057 1141 2112 διὰ
1195 2058 1451 2113 τοσούτον
1505 2061 1721 2130 χρόνον,
1775 2059 1836 2124 ἐξ
1860 2052 1920 2113 οῦ
1976 2059 2072 2112 ἀπ’

488 2148 734 2219 ἀλλήλων
777 2150 1096 2222 διέστημεν,
1158 2153 1309 2223 σαφῆ
1366 2169 1492 2206 τινα
1525 2151 1684 2221 λόγον
1734 2152 1811 2222 μὴ
1878 2150 2072 2222 μαθεῖν

492 2242 617 2312 περὶ
654 2242 757 2312 τῆς
790 2243 1066 2314 ὑμετέρας
1098 2244 1265 2314 ζωῆς,
1308 2242 1405 2298 νῦν
1434 2244 1523 2298 διὸ.
1553 2245 1647 2298 τοῦ
1684 2244 1779 2297 σοῦ
1811 2243 2075 2316 γράμμα-

491 2353 578 2399 τος
606 2335 634 2387 ὅ
656 2335 965 2407 ἐποθοῦμεν
1005 2336 1405 2408 μεμαθηκόσιν,
1441 2336 1701 2401 ὑπόθεσις
1730 2335 1958 2405 γέγονεν
1979 2334 2074 2388 εῦ-

496 2427 792 2498 φροσύνης.
819 2428 1066 2499 Δεόμεθα
1100 2428 1158 2482 δὲ
1186 2429 1282 2483 τοῦ
1318 2428 1705 2500 φιλανθρώπου
1735 2427 1873 2482 Θεοῦ
1910 2427 2072 2498 ἡμῶν

494 2522 583 2573 καὶ
607 2519 935 2592 τελεώτερον
958 2522 1049 2574 ἐπὶ
1083 2521 1165 2574 σοὶ
1185 2521 1581 2593 εὐφρανθῆναι,
1627 2520 1716 2575 διὰ
1740 2520 1837 2591 τῆς
1862 2519 2074 2581 τελείας

493 2611 814 2682 ἀπαλλαγῆς
849 2611 945 2666 τοῦ
996 2613 1193 2677 κοινῶς
1224 2614 1374 2685 ἡμᾶς
1401 2614 1772 2685 λελυπηκότος
1810 2612 1908 2665 καὶ
1943 2610 2075 2679 σφό-

496 2704 594 2775 δρα
645 2703 949 2769 λυποῦντος
994 2704 1225 2768 πάθους.
1287 2706 1397 2759 Καὶ
1452 2704 1663 2774 γένοιτο
1715 2706 2008 2779 πληρωτὴς
2045 2707 2074 2760 ὁ

494 2796 696 2864 ἀγαθὸς
723 2796 825 2866 τῆς
849 2798 1147 2868 αἰτήσεως,
1178 2797 1360 2861 διδοὺς
1393 2799 1485 2852 καὶ
1514 2799 1698 2863 ἄλλοις
1716 2800 1949 2872 ὀφθῆναι
1977 2802 2075 2855 καὶ

493 2888 710 2954 δοξάσαι
740 2886 824 2954 οἷς
872 2890 1265 2959 ἀπελαύσαμεν
1294 2891 1393 2963 τὴν
1421 2891 1587 2946 αὑτοῦ
1624 2894 1962 2965 ἀγαθότητα.

595 2982 726 3036 ΝΔ⁹.
766 2981 851 3047 Τῷ
885 2982 1178 3051 περιδόξῳ
1198 2983 1575 3053 ἐξουσιαστῇ
1623 2987 1961 3054 Ἀϐαστίας.

2093 1737 2141 1795 Β

2491 1759 2549 1819 L.
2593 1758 2807 1830 lgnatio
2835 1762 3012 1832 Cyzici
3061 1764 3433 1833 metropolila’.

2244 1870 2429 1925 Gavisi
2492 1886 2707 1936 sumus,
2780 1872 2882 1926 etsi
2937 1889 3042 1928 non
3098 1874 3342 1944 perfecto
3413 1878 3631 1946 gaudio,
3681 1880 3753 1933 lili

2174 1972 2360 2018 noster
2389 1972 2620 2028 sacrate,
2662 1966 2905 2035 acceptis
2938 1967 3036 2022 abs
3077 1977 3130 2022 te
3166 1967 3385 2024 litteris.
3420 1968 3473 2024 ld
3500 1972 3643 2025 enim
3673 1973 3753 2041 ξι)-

2174 2071 2318 2122 sum,
2359 2072 2483 2110 eum
2528 2071 2595 2112 ex
2636 2057 2797 2125 longo
2828 2067 3071 2127 tempore
3123 2074 3233 2128 quo
3278 2060 3346 2114 ab
3408 2061 3637 2117 invicem
3674 2064 3757 2117 di-

2176 2159 2408 2215 Stamus,
2442 2150 2577 2205 nihil
2605 2152 2735 2205 certi
2769 2140 3106 2206 audierimus
3132 2152 3198 2207 de
3221 2161 3395 2209 vestra
3428 2154 3560 2219 vita,
3610 2172 3756 2211 nunc

2176 2242 2391 2311 tandem
2444 2242 2805 2299 audientibus
2844 2243 2988 2311 quod
3042 2245 3392 2314 optabamus,
3433 2261 3600 2302 causa
3656 2248 3757 2300 fuit

2174 2335 2465 2406 gaudendi.
2524 2336 2821 2391 Precamur
2862 2346 3044 2392 autem
3093 2338 3395 2393 beneﬁcum
3434 2338 3601 2393 Deum
3635 2356 3757 2394 nos—

2174 2435 2319 2481 trum
2361 2438 2419 2480 ut
2455 2441 2560 2482 nos
2607 2427 2903 2497 perfectius
2939 2430 3007 2483 de
3048 2437 3102 2484 te
3125 2430 3486 2499 gaudeamus,
3524 2429 3593 2483 ob
3628 2445 3753 2499 per-

2174 2518 2375 2572 fectam
2422 2519 2569 2573 illius
2597 2535 2708 2589 quo
2752 2522 3046 2576 nossimul
3085 2521 3473 2587 laboravimus,
3511 2532 3565 2577 et
3611 2539 3757 2577 nunc

2175 2609 2525 2664 vehementer
2541 2610 2876 2675 laboramus,
2900 2609 3108 2666 doloris
3132 2610 3536 2666 liberationem.
3572 2611 3765 2665 Bonus

2175 2700 2446 2770 compleat
2497 2711 2741 2757 nostram
2777 2701 3124 2771 petitionem,
3167 2702 3367 2775 detque
3395 2718 3551 2758 suam
3595 2704 3756 2758 boni-

2179 2798 2343 2844 tatem
2405 2790 2828 2861 aliis-conspici
2894 2800 2948 2848 et
2999 2792 3264 2848 celebrari
3308 2795 3509 2864 quibus
3569 2793 3794 2848 donati-

2177 2902 2389 2943 sumus.

2396 2978 2482 3035 Ll.
2523 2979 2737 3035 Illustri
2777 2979 3001 3050 Abasgw
3029 2979 3257 3050 regionis
3294 2978 3559 3048 principi.-

566 3097 640 3151 Τὸ
673 3096 923 3169 φιλόθεόν
965 3115 1060 3152 σου
1086 3098 1180 3152 καὶ
1211 3099 1271 3153 τὸ
1301 3099 1539 3171 χρηστὸν
1569 3099 1662 3154 τοῦ
1713 3103 1916 3172 τρόπου
1943 3102 2071 3156 ἐκί-

2251 3093 2434 3150 Pietas
2470 3102 2559 3148 tua
2599 3104 2655 3149 et
2689 3093 2887 3149 indolis
2928 3093 3238 3150 bonit‘asad
3273 3108 3516 3150 amorem
3548 3095 3621 3149 tui
3659 3112 3758 3150 nos

493 3205 659 3258 νησεν
703 3192 852 3261 ἡμᾶς
901 3190 1041 3261 πρὸς
1081 3190 1181 3259 τὴν
1212 3191 1312 3260 σὴν
1343 3192 1589 3263 ἀγάπην,
1621 3186 1787 3246 ὧτοῦ
1824 3194 1959 3246 Θεοῦ
1982 3194 2075 3249 άν-

497 3282 685 3351 θρωπε
746 3284 844 3336 καὶ
879 3283 988 3337 ἰδοὺ
1024 3283 1232 3354 πρῶτοι
1256 3284 1346 3338 διὰ
1380 3284 1475 3337 τοῦ
1509 3286 1841 3356 γράμματος
1898 3303 2068 3357 προσ-

494 3374 836 3446 αγορεύομεν
875 3393 957 3443 σε,
1006 3377 1102 3430 καὶ
1154 3377 1230 3441 ώς
1257 3377 1451 3431 τέκνον
1495 3378 1654 3448 ἡμῶν
1689 3372 1775 3431 οἷα
1810 3378 2078 3449 παρόντες

497 3467 1095 3536 ἐναγκαλιζόμεθα,καὶ
1134 3470 1426 3539 πατρικοῖς
1453 3468 1724 3539 φιλήμασι
1771 3486 2074 3539 περιπτυσ⁹

501 3559 729 3630 σόμεθα.
768 3561 880 3613 Καὶ
924 3562 1031 3631 γὰρ
1067 3560 1162 3615 τοῦ
1199 3561 1301 3632 μὲν
1337 3561 1587 3631 φιλοθέου
1617 3562 1894 3629 ἀπόδειξις
1927 3565 1960 3633 ἡ
1990 3563 2079 3616 ἔν-

498 3653 619 3717 θεός
682 3671 777 3707 σου
841 3654 1070 3726 σπουδὴ,
1117 3655 1193 3725 ἥνι
1255 3654 1350 3707 ἐπὶ
1402 3656 1470 3725 τῇ
1559 3655 1804 3728 σωτηρίᾳ
1852 3657 1947 3709 καὶ
2009 3659 2076 3728 τῇ

498 3745 798 3814 ἐπιγνώσει
875 3745 975 3814 τῆς
1050 3744 1310 3816 ἀληθείας
1382 3745 1475 3800 τοῦ
1532 3745 1718 3811 ἔθνους
1772 3747 1882 3801 τῶν
1917 3747 2079 3802 Ἀλα-

500 3837 608 3890 νῶν
716 3838 978 3902 ἐπεδείξω
1059 3838 1155 3891 καὶ
1240 3838 1635 3894 ἐπιδείκνυσαι.
1708 3839 2080 3910 ’Λνεμάθομεν

496 3930 608 4000 γὰρ
674 3931 741 3984 ὲκ
772 3930 1045 4001 διαφόρων
1092 3931 1200 3983 τῶν
1234 3931 1617 4001 ἐπισταμένων
1664 3931 1731 3985 τά
1772 3932 1840 3985 σά
1876 3949 2076 4003 κατορ-

501 4020 756 4092 θώματα,
808 4022 883 4085 ώς
937 4023 1078 4094 μετά
1119 4039 1182 4091 γε
1230 4023 1364 4077 Θεὸν
1419 4024 1621 4093 πολλὴν
1666 4026 1768 4094 τὴν
1820 4024 2083 4094 πρόνοιαν

503 4115 812 4169 κατεὸάλου
845 4118 927 4179 εἷς
982 4134 1041 4170 τε
1088 4117 1180 4172 τὸν
1211 4117 1495 4187 φωτισμὸν
1547 4116 1643 4171 τοῦ
1682 4117 1782 4187 τῆς
1831 4118 2083 4183 Ἀλανίας

503 4207 788 4277 ἄρχοντος,
821 4208 915 4262 καὶ
940 4209 1023 4272 εἰς
1053 4210 1179 4272 τοὺς
1205 4210 1321 4262 ὅσοι
1353 4210 1450 4262 σὺν
1476 4188 1629 4277 αὐτῷ
1660 4206 2087 4280 κατηξιώθησαν

503 4299 601 4353 τοῦ
636 4300 799 4370 ἁγίου
860 4300 1260 4371 βαπτίσματος.
1295 4301 1406 4371 Τῆς
1453 4300 1509 4353 δὲ
1556 4301 1926 4372 χρηστότητος
1972 4300 2084 4356 τῶν

503 4390 725 4460 τρόπων
776 4391 870 4444 καὶ
921 4390 1022 4461 τῆς
1050 4390 1299 4453 εὐποιίας
1348 4388 1608 4458 τίςᾶλλη
1638 4388 2085 4459 περιφανεστέρα
2115 4428 2165 4489 D

505 4481 661 4537 ἔσται
690 4481 1002 4549 ἀπόδειξις
1043 4482 1075 4553 ἢ
1110 4483 1193 4547 τίς
1221 4482 1289 4536 ἂν
1318 4482 1447 4537 ἄλλο
1501 4480 1811 4552 ἐπιζητήσῃ
1872 4481 2084 4552 μαρτύ-

510 4593 627 4640 ριον
655 4591 670 4639 ;
701 4574 981 4647 ἀρκούσης
1006 4575 1107 4646 τῆς
1158 4574 1483 4645 ξενοδοχίας,
1508 4573 1609 4643 τῆς
1643 4572 1963 4644 θεραπείας,
1984 4571 2087 4643 τῆς

507 4669 781 4741 sum.“
809 4671 946 4724 πᾶσι
1007 4667 1388 4740 παραμυθίας,
1442 4667 1546 4738 ὅση
1597 4666 1796 4738 δυνατὴ
1841 4667 2094 4737 χορηγεῖ-

510 4762 657 4825 σθαι,
689 4762 757 4831 ἣν
773 4763 854 4825 εἰς
873 4760 964 4814 τὸν
983 4758 1402 4828 θεοφιλέστατον
1424 4756 1860 4829 ἀρχιεπίσκοπον
1879 4757 1940 4810 τὺ
1964 4756 2091 4811 τόκ-

508 4871 600 4905 νον
630 4851 811 4923 ἡμῶν,
837 4852 933 4922 ὅλῃ
967 4849 1285 4921 προαιρέσει
1312 4849 1406 4903 καὶ
1433 4848 1533 4922 ὅλῃ
1562 4848 1708 4919 ψυχῇ
1745 4846 1933 4918 ὤφθης
1963 4846 2088 4900 ἐπι-

507 4944 845 5014 δειξάμσνος.
881 4943 983 4996 Διὰ
1020 4941 1176 4995 τοῦτο
1225 4940 1459 5012 δεόμεθα
1523 4938 1619 4992 τοῦ
1658 4937 1845 4993 ίκανοῦ
1890 4936 2091 4991 πολλα-

512 5035 778 5101 πλασίους
803 5034 1115 5089 ἀντιδοῦναι
1148 5034 1248 5096 τὰς
1274 5031 1513 5104 ἀμοιόἁς
1546 5030 1605 5084 ἔν
1644 5047 1704 5084 τε
1752 5029 1831 5100 τῷ
1861 5029 2090 5100 παρόντι

513 5128 633 5197 βίῳ,
662 5128 759 5181 καὶ
800 5125 881 5197 τῷ
914 5124 1162 5196 μέλλοντι
1199 5124 1362 5178 αὑτὸν
1420 5122 1566 5177 κατὰ
1603 5121 1694 5174 τὸν
1730 5118 1962 5173 πλοῦτον
1994 5118 2093 5172 τοῦ

512 5218 697 5279 ἐλέους
726 5215 894 5271 αὐτοῦ
930 5212 1551 5285 ἁνταναπληρῶσαιλτὰς
1582 5214 1833 5282 χάριτας,
1865 5210 1962 5264 νῦν
1990 5209 2089 5281 μὲν

514 5311 575 5361 ἐκ
603 5309 789 5379 πάσης
817 5305 1183 5378 διατηροῦντά
1240 5322 1300 5358 σε
1354 5303 1832 5374 σκυθρωπότητος,
1868 5302 1961 5356 καὶ
1993 5300 2093 5371 τῆς

520 5402 620 5455 τῶν
651 5402 1015 5473 ἀνθρωπίνων
1042 5399 1385 5471 πραγμάτων
1422 5396 1823 5468 ἐναντιότητος,
1856 5397 1915 5450 ἐν
1946 5395 2002 5448 δὲ
2025 5396 2094 5465 τῇ

522 5493 788 5566 μελλούσῃ
823 5494 937 5565 ζωῇ
987 5490 1427 5564 συναριθμοῦντά
1457 5508 1515 5544 σε
1547 5490 1663 5553 τοῖς
1717 5487 2096 5559 ἠγαπημένοις

521 5587 688 5656 αὐτῷ,
746 5588 842 5640 καλ⁵
880 5585 975 5649 οὒς
1019 5587 1055 5657 ἡ
1083 5586 1196 5639 τῶν
1225 5583 1577 5655 θεραπόντων
1623 5582 1788 5637 αὐτοῦ
1821 5581 1934 5652 ἔχει
1979 5596 2103 5633 συν-

525 5683 842 5754 αρίθμησις.
876 5683 943 5736 Εί
968 5697 1112 5744 τινος
1150 5679 1197 5732 δ’
1223 5680 1291 5732 ἂν
1320 5679 1416 5732 καὶ
1446 5678 1525 5731 ἔτι
1554 5675 1782 5731 δυνατοῦ
1812 5692 1907 5727 σου
1948 5674 2099 5737 ὄντος

2183 3187 2376 3249 movit,
2405 3202 2438 3239 ο
2475 3186 2642 3240 homo
2677 3184 2792 3239 Dei.
2848 3183 2912 3237 Et
2945 3198 3073 3238 ecce
3127 3185 3365 3253 primum
3397 3201 3493 3255 per
3542 3186 3759 3241 litteras

2182 3278 2528 3350 alloquimur
2550 3286 2621 3342 te,
2654 3286 2707 3332 et
2738 3286 2798 3332 ut
2833 3277 3002 3331 ﬁlium
3030 3276 3185 3346 quasi
3233 3288 3528 3346 praesentes
3551 3280 3757 3348 ample-

2182 3368 2382 3423 ctimur
2420 3376 2474 3422 et
2511 3367 2752 3439 paternis
2787 3365 2990 3422 osculis
3026 3366 3352 3421 salutamus.
3415 3363 3626 3420 Etenim
3652 3376 3757 3421 tuae

2181 3459 2402 3530 pietatis
2454 3467 2844 3529 argumentum
2895 3465 2977 3512 est
3016 3457 3235 3511 divinus
3278 3456 3368 3510 ille
3406 3457 3554 3511 zelus
3590 3474 3753 3525 quem

2182 3565 2283 3621 pro
2313 3550 2572 3605 salvanda
2621 3558 2675 3605 et
2706 3550 2763 3604 in
2808 3549 3039 3605 veritate
3081 3548 3414 3603 instituenda
3457 3550 3754 3603 Alanorum

2184 3654 2343 3714 gente
2397 3643 2680 3700 ostendisti
2712 3652 2769 3698 et
2815 3642 3085 3698 ostendis.
3134 3640 3464 3696 Audivimus
3509 3641 3653 3695 enim
3692 3657 3769 3696 ex.

2184 3736 2372 3793 multis
2410 3736 2614 3807 quibus
2657 3736 3008 3791 innotescunt
3067 3743 3160 3789 tua
3203 3734 3461 3803 prmclare
3501 3732 3665 3799 facta,
3710 3743 3761 3787 le

2185 3828 2412 3883 multam
2434 3827 2735 3885 secundum
2761 3826 3132 3894 Deumfcuram
3158 3824 3612 3887 contulisse,etin
3635 3824 3761 3879 illu-

2186 3920 2538 3975 minationem
2560 3918 3138 3988 Alanorum'prineipis
3165 3926 3218 3972 et
3248 3916 3488 3970 omnium
3512 3915 3603 3985 qui
3634 3931 3762 3970 eum

2187 4026 2254 4067 eo
2274 4019 2466 4067 sancto
2489 4010 2760 4079 baptismo
2794 4009 2977 4064 donati
2995 4008 3330 4074 sunt.{Bona2
3356 4017 3536 4061 autem
3564 4006 3763 4061 indolis

2188 4111 2245 4158 et
2295 4100 2670 4157 beneﬁcentia:
2741 4096 3021 4167 quodnam
3067 4096 3272 4152 clarius
3321 4098 3425 4151 crit
3479 4096 3761 4161 indicium,

2189 4204 2243 4250 et
2292 4191 2567 4263 quodnam
2627 4189 2777 4245 aliud
2824 4186 3181 4257 querendum
3242 4195 3326 4239 est
3362 4186 3762 4251 testimonium,

2190 4301 2315 4343 cum
2350 4284 2586 4341 sufﬁciat
2616 4280 2992 4352 hospitalitas,
3019 4287 3074 4333 et
3095 4292 3254 4342 cura,
3294 4287 3347 4332 et
3373 4278 3477 4331 alia
3504 4277 3556 4330 in
3586 4281 3765 4331 omni-

2190 4381 2297 4436 bus
2329 4376 2665 4442 sollicitudo,
2715 4380 2923 4444 quanta
2967 4370 3217 4442 praestari
3270 4378 3466 4441 potest,
3502 4384 3665 4439 quam
3710 4370 3763 4424 in

2195 4472 2293 4527 Dei
2326 4468 2745 4527 dilectissimum
2782 4465 3253 4535 archiepiscopum
3287 4463 3457 4517 ﬁlium
3495 4471 3769 4525 nostrum;

2196 4571 2309 4617 tota
2342 4559 2628 4616 voluntate
2665 4564 2722 4613 et
2761 4564 2873 4613 tota
2904 4555 3086 4610 anima
3127 4554 3434 4610 ostendisse
3468 4567 3619 4608 visus
3659 4568 3719 4608 es
3750 4555 3771 4605 ἲ

2197 4651 2496 4723 Propterea
2531 4664 2826 4721 precamur
2846 4662 2971 4704 eum
3004 4647 3099 4718 qui
3143 4647 3446 4703 retribuere
3470 4654 3661 4717 potens
3687 4655 3773 4700 est

2198 4741 2704 4805 remunerationes,
2754 4747 2876 4794 tum
2931 4737 2991 4793 in
3029 4738 3287 4807 praesenti
3322 4746 3436 4793 tum
3496 4738 3549 4791 in
3586 4736 3771 4791 futura

2198 4836 2333 4900 vita,
2352 4843 2413 4890 ut
2440 4831 2744 4890 secundum
2776 4830 2997 4887 divitias
3021 4844 3137 4886 suae
3155 4827 3546 4885 misericordiae
3564 4827 3770 4897 gratias

2200 4928 2467 4999 suppleat,
2495 4941 2643 4981 nunc
2674 4924 2893 4995 quidem
2919 4929 2973 4978 te
3005 4921 3076 4977 ab
3125 4922 3275 4977 omni
3298 4920 3518 4975 malitia
3548 4928 3603 4973 et
3636 4920 3763 4973 'hu‘

2200 5034 2487 5077 manarum
2516 5032 2700 5073 rerum
2743 5014 3072 5071 adversitate
3099 5013 3475 5076 custodiendo,
3502 5011 3554 5065 in
3590 5009 3769 5065 futura

2200 5121 2381 5167 autem
2418 5111 2526 5165 vita
2570 5107 2984 5164 annumerando
3026 5116 3079 5163 te
3118 5121 3244 5162 cum
3292 5104 3504 5160 dilectis
3550 5103 3667 5157 suis
3719 5113 3773 5157 et

2200 5220 2324 5260 eum
2364 5203 2446 5259 eis
2498 5216 2640 5273 quos
2688 5202 2932 5256 continet
2977 5215 3262 5256 servorum
3290 5198 3409 5267 ejus
3461 5204 3656 5251 coetus.
3711 5195 3770 5249 Si

2201 5294 2347 5365 quod
2396 5302 2580 5349 autem
2623 5293 2825 5359 adhuc,
2868 5307 2995 5363 pro~
3024 5303 3117 5347 tuo
3165 5304 3343 5359 posse;
3402 5287 3772 5342 amicissimus

2203 5387 2313 5444 Deo
2338 5386 2783 5456 archiepiscopus
2801 5383 3098 5441 obtinuerit
3120 5382 3373 5437 solatium
3401 5386 3506 5433 tuae
3532 5380 3769 5443 virtutis,

2206 5483 2280 5539 lili
2313 5485 2406 5549 mi,
2445 5482 2670 5537 omnino
2696 5491 2752 5537 et
2798 5480 2956 5535 illud
2987 5475 3213 5533 habebis
3266 5474 3376 5530 tuis
3418 5474 3772 5544 prmcedenti-

2210 5581 2312 5633 bus
2375 5577 2536 5632 bonis
2579 5576 2854 5637 additum,
2922 5569 3244 5638 centuplum
3311 5568 3688 5623 retributionis
3746 5582 3775 5619 a

2204 5672 2464 5726 muuilico
2500 5667 2610 5724 Deo
2651 5676 2843 5721 nostro
2882 5664 3163 5719 obtinens.

526 5777 997 5849 ὸθεοφιλὲστατος
1055 5777 1485 5848 ἁρχιιπίσκοπος
1552 5768 1894 5838 ἐπιτεύξεται
1950 5766 2305 5841 παραμυθίας
2365 5765 2462 5836 τῆς
2504 5762 2628 5833 σῆς,
2660 5760 2846 5814 τέκνον
2911 5758 3087 5829 ἡμῶν,
3153 5758 3374 5833 ἀρετῆς,
3428 5758 3641 5819 πάντως
3682 5752 3777 5805 καὶ
