4038 6204
352 417 460 482 243

1485 421 1792 483 NICOLAI
1834 421 1940 482 (ΖΡ.
1977 419 2492 481 ΡΑΤΒΙΑΒΕΗΕ

3503 415 3612 483 2M

348 542 507 596 τοῦτο
528 540 671 607 ἔξεις
703 547 813 609 τοῖς
878 545 1219 616 προλαϐοῦσι
1251 563 1345 598 σου
1379 543 1564 606 καλοῖς
1649 541 2176 614 συναριθμούμενον,
2225 540 2319 595 καὶ
2402 540 2502 609 τὴν
2567 537 2835 592 ἀντίδοσιν
2899 536 3048 609 παρὰ
3080 537 3176 591 τοῦ
3231 537 3612 609 μεγαλοδώρου

345 635 482 690 Θεοῦ
509 637 668 707 ήμῶν
703 641 783 702 είς
812 640 874 693 τὸ
905 638 1280 693 πολυπλάσιον
1320 636 1782 706 ἀπεκδεχόμενος.

637 772 750 827 ιιι.
789 771 951 828 Petro
995 774 1200 828 Αίαιιὶω
1237 771 1652 840 archiepiscopo.

421 906 750 976 Accepimus
811 916 932 961 luas
965 906 1193 970 litteras,
1216 891 1490 974 jucundas
1533 901 1750 973 quidem
1784 899 1930 970 quod

237 1066 254 1078 κ
353 1008 484 1063 ture,
536 1008 795 1055 caeterum
841 999 1258 1052 molestissimas
1325 1003 1508 1064 utpote
1551 1009 1670 1064 qua:
1737 993 1931 1047 imme-

354 1105 539 1147 mores
564 1107 663 1146 nos
691 1102 929 1162 paternae
949 1090 1003 1144 in
1029 1090 1170 1146 filios
1201 1089 1514 1143 dilectionis
1561 1085 1928 1153 appellabant,

354 1195 409 1238 et
446 1184 591 1252 quod
625 1183 1010 1254 gravissimum
1046 1192 1129 1236 est
1159 1179 1492 1236 adolescenti
1536 1177 1929 1241 ministerium,

354 1275 456 1330 etsi
493 1289 746 1345 magnam
791 1275 843 1329 in
899 1274 1007 1328 Deo
1068 1275 1310 1344 requiem
1363 1271 1656 1343 promittit,
1708 1270 1762 1323 in
1793 1283 1932 1338 prae-

357 1368 498 1422 senti
553 1369 745 1424 saltem
798 1369 910 1422 vita
951 1368 1252 1421 certamina
1307 1377 1362 1420 et
1419 1365 1636 1418 labores
1693 1363 1932 1414 minatur

355 1459 548 1522 duros,
581 1459 684 1513 nisi
728 1459 782 1512 in
814 1458 995 1511 divina
1035 1460 1237 1511 virtute
1269 1473 1392 1525 spes
1427 1466 1616 1510 nostra
1657 1453 1929 1508 firmatur.

359 1549 416 1603 Si
476 1565 606 1619 ergo
651 1550 786 1604 tales
819 1565 1012 1604 sumus
1065 1564 1191 1619 erga
1251 1550 1418 1610 filios,
1468 1548 1689 1618 quinam
1727 1545 1935 1600 erimus

359 1655 490 1710 erga
518 1649 748 1695 ea-teros
771 1648 822 1695 et
840 1641 933 1711 qui
959 1655 1064 1694 non
1092 1641 1146 1692 in
1179 1640 1372 1694 ordine
1405 1639 1632 1692 liliorum
1659 1650 1933 1705 reponun-

358 1736 492 1788 tur?
519 1733 623 1790 Sed
659 1744 806 1789 tuam
844 1733 1184 1796 memoriam,
1222 1731 1290 1784 lili
1324 1731 1396 1784 mi
1458 1737 1690 1791 sacrate,
1721 1730 1772 1781 in
1809 1743 1935 1797 pec-

360 1838 476 1881 tore
524 1843 645 1882 meo
695 1827 1016 1896 permanere
1070 1825 1208 1878 bene
1255 1813 1407 1876 novit
1439 1819 1709 1891 qui-illud
1756 1819 1931 1872 tinxit.

360 1919 497 1987 Quia
557 1934 686 1973 vero
740 1934 805 1973 ex
843 1917 1088 1987 epistolis
1153 1914 1320 1968 infers
1371 1925 1618 1968 nostrum
1668 1925 1932 1971 amorem,

361 2013 500 2068 scito
539 2026 637 2066 nec
665 2011 793 2064 illud
824 2025 923 2064 nos
963 2008 1240 2064 omisisse.
1277 2005 1613 2076 Scripsimus
1646 2003 1792 2058 enim
1828 2016 1936 2056 non

1962 775 2009 838 Α

2253 771 2380 825 NB“.
2417 770 2617 838 Πέτρῳ
2633 769 3084 838 ἀρχιεπισκόπῳ
3101 769 3395 835 Ἀλανίας.

2120 909 2454 978 Ἑδεξάμεθά
2507 925 2604 961 σου
2655 907 2755 976 τὴν
2813 903 3130 976 ἐπιστολὴν,
3194 903 3265 956 τὰ
3323 901 3427 971 μὲν
3478 905 3613 957 ἄλλα

2035 1004 2334 1075 ἡδύνουσαν
2365 1003 2513 1071 ἡμᾶς
2545 1002 2626 1054 ὅτι
2667 998 2734 1070 σὴ
2765 997 3046 1068 ἐπιστολὴ.
3084 996 3152 1050 τὰ
3195 997 3251 1050 δὲ
3291 997 3454 1050 λοιπὰ
3495 997 3618 1050 λίαν

2033 1096 2311 1152 ὁδυνῶσαν
2336 1095 2404 1149 δι’
2431 1089 2505 1147 ὧν
2531 1093 2908 1164 ἐπιλήσμονας
2942 1091 3035 1143 καὶ
3085 1089 3184 1161 τὴν
3255 1089 3393 1157 πρὸς
3446 1088 3615 1142 τέκνα

2037 1189 2272 1260 στοργήν
2323 1188 2739 1260 ἀπορρίψαντας
2811 1185 2988 1250 ἔλεγε,
3045 1183 3138 1236 καὶ
3187 1182 3246 1236 τδ
3305 1181 3616 1251 βαρύτατον

2034 1286 2230 1336 τέκνου
2263 1283 2398 1352 πρὸς
2423 1281 2726 1344 διακονίαν,
2758 1280 2806 1332 εί
2852 1276 2950 1331 καὶ
2977 1275 3178 1342 πολλὴν
3205 1274 3614 1341 ἐπαγγέλλεται

2036 1378 2134 1448 τὴν
2153 1375 2301 1428 Θείαν
2333 1374 2662 1440 ἀνάπαυσιν,
2698 1373 2815 1428 ἀλλ’
2856 1371 2915 1425 ἐν
2969 1387 3034 1438 γε
3095 1373 3161 1440 τῇ
3201 1368 3451 1438 παρούσῃ
3502 1365 3614 1437 ζωῇ

2037 1469 2257 1536 ἀγῶνας
2288 1469 2382 1520 καὶ
2408 1467 2606 1530 πόνους
2656 1466 2718 1519 ού
2748 1464 2947 1534 ῥᾳδίως
2998 1463 3266 1529 ἐνεγκεῖν,
3326 1459 3466 1529 πλὴν
3494 1459 3620 1512 ὅσον

2037 1563 2130 1615 ἐπὶ
2161 1563 2226 1628 τῇ
2265 1559 2387 1629 θεία
2416 1557 2646 1627 δυνάμει
2669 1559 2766 1626 τῆς
2799 1555 3012 1617 ἐλπίδος
3043 1553 3204 1624 ἡμῶν
3252 1550 3622 1605 ἁποσαλευούο

2039 1669 2157 1718 σης.
2195 1643 2514 1718 Είοῦνπερὶ
2569 1647 2734 1700 τέκνα
2793 1646 3054 1707 τοιοῦτοι,
3106 1645 3253 1707 τίνες
3332 1642 3398 1696 ἂν
3423 1642 3621 1710 εἴημεν

2039 1743 2176 1813 πρός
2196 1743 2436 1812 ἐτέρους,
2465 1740 2557 1792 καὶ
2575 1738 2670 1803 οὓς
2702 1740 2733 1807 ὴ
2762 1738 2870 1792 τῶν
2897 1737 3108 1790 τέκνων
3140 1737 3242 1790 οὐκ
3277 1731 3388 1790 οἶδε
3427 1735 3618 1800 τάξιςς

2038 1836 2154 1888 ἀλλ’
2187 1836 2270 1887 ὅτι
2305 1834 2456 1904 μὲνὴ
2487 1833 2550 1904 σὴ
2585 1833 2798 1901 μνήμη.
2829 1833 3020 1884 τέκνον
3071 1829 3228 1901 ἡμῶν
3259 1830 3427 1898 ἱερὸν,
3461 1830 3520 1880 ἐν
3550 1831 3616 1898 τῇ

2039 1930 2144 1998 ἐμῇ
2175 1927 2374 1997 καρδία
2403 1926 2492 1980 διὰ
2525 1928 2754 1987 παντὸς,
2784 1920 2924 1976 οἶδεν
2954 1925 2982 1976 ὁ
3011 1923 3226 1984 πλάσας
3251 1921 3426 1988 αύτὴν
3455 1937 3469 1951 ’
3494 1920 3620 1972 ἐπεὶ

2037 2020 2094 2073 δὲ
2118 2019 2224 2072 ἀπὸ
2253 2019 2364 2071 τῶν
2416 2017 2766 2088 γραμμάτων
2796 2013 3130 2085 συμϐάλλεις
3183 2013 3284 2083 τὴν
3343 2012 3625 2082 ἡμετέραν

362 2105 554 2168 semel,
590 2105 683 2160 sed
718 2103 801 2158 bis
831 2113 881 2157 et
915 2113 1019 2168 ter,
1056 2101 1332 2171 quamvis,
1367 2109 1428 2154 ut
1485 2099 1720 2160 videtur,
1761 2110 1934 2164 usque

2046 2111 2318 2182 στοργήν,
2373 2110 2484 2164 ῐσθι
2547 2107 2682 2179 μηδὲ
2732 2107 2929 2160 τούτου
2990 2107 3139 2176 ἡμᾶς
3194 2103 3623 2175 διημεληκότας.

363 2198 430 2251 ad
491 2206 541 2251 te
596 2197 844 2266 epistolae
881 2211 988 2250 non
1046 2201 1433 2266 pervenerunt,
1492 2207 1616 2246 cum
1664 2203 1842 2258 neque
1880 2188 1936 2240 in

367 2302 509 2344 terra
533 2288 709 2342 aliena
737 2289 1254 2359 peregrinationem,
1276 2301 1454 2356 neque
1488 2283 1638 2338 aliud
1657 2280 1933 2352 quidpiam

362 2382 520 2453 quasi
555 2382 848 2438 oblivionis
880 2397 1102 2455 causam
1151 2381 1380 2450 allegas.
1413 2380 1686 2442 Attamen,
1731 2375 1801 2428 fili
1839 2371 1934 2433 mi,

361 2475 580 2530 etiamsi
608 2477 680 2529 ita
739 2484 909 2537 esset,
944 2475 1232 2544 oportebat
1269 2484 1321 2528 te
1361 2471 1629 2542 conjicere
1678 2467 1933 2522 ardorem

365 2575 566 2620 nostra:
599 2566 823 2619 humilis
850 2567 1070 2630 animae,
1099 2575 1153 2620 et
1179 2579 1244 2618 ea
1277 2579 1398 2633 quae
1425 2577 1528 2617 nos
1559 2575 1773 2630 semper
1802 2555 1939 2611 deti-

363 2667 494 2712 nent
520 2669 738 2728 propter
759 2658 956 2713 delicta
985 2665 1172 2712 nostra
1209 2657 1261 2710 in
1292 2655 1705 2710 excusationem
1740 2649 1940 2705 habere

363 2750 511 2816 quod
548 2766 652 2804 non
715 2751 997 2820 acceperis
1049 2749 1357 2819 epistolam,
1408 2762 1514 2800 non
1568 2753 1750 2799 autem
1806 2740 1938 2794 illud

365 2842 580 2896 crimini
619 2851 850 2896 vertere.
907 2841 1174 2896 Novimus
1207 2840 1354 2892 enim
1415 2848 1467 2892 te
1517 2849 1737 2904 quoque
1793 2833 1936 2886 inter

363 2934 774 2989 vicissitudines
799 2934 1079 2988 ambulare
1138 2942 1193 2986 et
1221 2930 1633 2984 tribulationum
1661 2927 1936 2980 fornacem

366 3024 641 3096 experiri;
673 3025 765 3080 sed
800 3033 1016 3078 nostras
1049 3037 1138 3078 res
1167 3037 1292 3076 esse
1327 3021 1432 3076 illis
1459 3037 1580 3090 qua:
1613 3029 1662 3073 te
1693 3017 1936 3070 circum-

367 3114 592 3170 veniunt
626 3114 964 3169 molestiores
1006 3128 1114 3168 non
1161 3111 1410 3181 negabis.

438 3401 544 3459 Sed
573 3402 639 3458 de
669 3402 752 3457 his
779 3401 978 3471 quibus
1027 3416 1129 3470 ego
1159 3409 1213 3455 et
1263 3407 1317 3454 tu
1347 3397 1529 3453 aﬂlicti
1572 3410 1764 3450 sumus
1803 3392 1940 3446 nihil

2054 2202 2410 2272 Ἐγράψαμεν
2439 2199 2548 2270 γὰρ
2587 2198 2686 2268 οὐχ
2708 2197 2879 2264 ἅπαξ,
2915 2196 3053 2250 ἀλλὰ
3087 2194 3306 2256 καὶδὶς,
3342 2191 3436 2245 καὶ
3477 2191 3624 2259 τρὶς,

2042 2298 2092 2350 εί
2129 2295 2245 2358 καὶ,
2275 2293 2351 2355 ὼς
2380 2293 2550 2354 ἔοικε,
2590 2293 2755 2362 μέχρι
2784 2289 2880 2343 σοῦ
2922 2290 2990 2343 τὰ
3016 2286 3302 2357 γραφέντα
3350 2282 3473 2354 (μὴ)
3507 2283 3624 2353 διή-

2042 2403 2183 2449 κετο,
2223 2384 2364 2439 ὥστε
2399 2385 2538 2452 μήτε
2594 2382 2693 2452 τὴν
2752 2380 2811 2432 ὲν
2861 2378 3119 2448 ἀλλοτρίᾳ
3163 2378 3232 2446 γῇ
3287 2371 3624 2441 ἀποδημίαν,

2047 2480 2187 2549 μήτε
2227 2477 2354 2532 ἄλλο
2380 2493 2431 2528 τι
2463 2474 2603 2546 πρὸς
2653 2472 2834 2526 αἰτίαν
2886 2469 3060 2542 λήθης
3114 2470 3251 2539 ἡμῖν
3305 2464 3624 2534 ἀναφέρεις.

2043 2571 2155 2624 Καί
2190 2589 2296 2634 τοι,
2329 2569 2527 2622 τέκνον
2555 2566 2739 2638 ἡμῶν,
2775 2565 2822 2618 εἰ
2853 2566 2950 2617 καὶ
2975 2560 3134 2616 τοῦτο
3164 2556 3253 2632 ἦν,
3285 2559 3391 2612 ἔδει
3416 2571 3473 2608 σε
3497 2557 3627 2607 ava—

2041 2663 2397 2732 λογιζόμενον
2426 2660 2525 2732 τὴν
2558 2660 2732 2728 φλόγα
2764 2657 2866 2726 τῆς
2901 2656 3043 2726 ἐμῆς
3089 2655 3360 2722 ταπεινῆς
3417 2649 3620 2719 ψυχῆς,

2046 2761 2138 2810 καὶ
2169 2758 2238 2810 τὰ
2269 2755 2565 2824 συνέχοντα
2599 2753 2686 2806 διὰ
2712 2751 2810 2814 τάς
2840 2750 3116 2820 ἁμαρτίας
3147 2747 3326 2818 ἡμῶν,
3371 2747 3448 2807 είς
3489 2761 3627 2810 συγ-

2043 2849 2271 2920 γνώμην
2326 2847 2510 2902 δοῦναι
2562 2847 2622 2897 τὸ
2667 2846 2742 2916 μὴ
2777 2845 3035 2912 δέξασθαι
3085 2845 3341 2914 γράμμα,
3381 2838 3514 2892 ἀλλὰ
3550 2837 3627 2909 μὴ

2044 2943 2304 3011 ἔγκλησιν
2337 2941 2495 2994 τοῦτο
2519 2939 2812 2994 ποιεῖσθαι.
2841 2939 3080 3008 Οἴδαμεν
3105 2933 3198 2991 οὖν
3224 2937 3306 2990 ὅτι
3339 2934 3432 2988 καὶ
3461 2932 3627 2994 αὐτὸς

2043 3039 2141 3109 τὴν
2174 3037 2286 3091 τῶν
2341 3034 2721 3106 περιστάσεων
2784 3033 3034 3095 ἐλαύνεις
3100 3031 3351 3102 πορείαν,
3385 3027 3484 3080 καὶ
3525 3025 3628 3093 τῆς

2045 3129 2279 3200 καμίνου
2315 3128 2424 3182 τῶν
2447 3127 2682 3195 θλίψεων
2707 3128 2902 3196 πεῖραν
2930 3122 3254 3193 λαμϐάνεις.
3285 3118 3446 3172 Ἀλλὰ
3471 3117 3532 3170 τό
3563 3133 3627 3184 γε

2045 3223 2318 3294 ἡμέτερον
2347 3219 2458 3273 οὐδ’
2502 3218 2666 3280 αὐτὸς
2712 3217 2778 3270 ἂν
2824 3216 3123 3283 ἀντείποις,
3149 3214 3226 3278 ὡς
3255 3211 3377 3284 οὐχὶ
3423 3209 3531 3264 τῶν
3566 3225 3626 3262 σε

2047 3312 2562 3387 περιστοιχιζόντων
2597 3308 2920 3364 ἐπωδννὼτε
2931 3324 3046 3379 ρον.

2132 3409 2293 3462 Ἀλλὰ
2352 3408 2482 3475 περὶ
2533 3399 2610 3459 ὧν
2659 3404 2771 3472 ἐγώ
2824 3419 2884 3456 τε
2913 3403 3010 3456 καὶ
3041 3402 3106 3456 σὺ
3135 3397 3510 3470 λελυπήμεθα,
3552 3394 3629 3468 μὴ

370 3498 626 3567 amplius.
658 3494 780 3550 llaec
815 3507 996 3550 autem
1021 3493 1202 3547 scribo
1231 3507 1354 3561 quae
1387 3503 1626 3560 praesens
1651 3485 1850 3540 audisti
1890 3492 1940 3538 et

2049 3503 2212 3556 πλέον
2246 3499 2508 3572 είρὴσθω.
2555 3500 2773 3553 Ἐκεῖνα
2800 3499 2858 3552 δέ
2889 3514 2974 3550 σοι
2997 3496 3186 3550 λοιπὸν
3216 3494 3415 3566 γράφω
3458 3492 3495 3546 ἃ.
3531 3490 3632 3544 καὶ

369 3593 567 3645 absens
597 3589 777 3650 audis,
809 3587 1052 3642 dictante
1120 3584 1326 3654 Spiritu
1353 3589 1568 3642 sancto,
1599 3593 1793 3648 nempe
1830 3590 1938 3631 non

367 3698 489 3739 esse
517 3681 822 3750 condignas
854 3679 1136 3750 passiones
1173 3677 1335 3746 hujus
1380 3673 1641 3743 temporis
1677 3671 1742 3725 ad
1789 3672 1944 3724 futu-

371 3789 486 3828 tam
523 3771 753 3840 gloriam
782 3785 906 3840 quae
939 3770 1266 3825 revelabitur
1294 3769 1346 3821 in
1373 3767 1554 3820 nobis.
1607 3765 1674 3819 Et
1729 3771 1941 3816 tantum

370 3871 525 3919 abest
555 3873 613 3917 ut
639 3863 855 3918 doleam
899 3862 965 3916 de
994 3863 1082 3916 his
1107 3876 1226 3930 quae
1253 3859 1394 3915 dicis
1422 3857 1662 3926 regionis
1693 3855 1946 3910 afﬂictio-

370 3957 533 4012 nibus
557 3964 616 4010 ut
643 3971 672 4011 e
701 3966 892 4010 contra
925 3953 1201 4009 desiderio
1229 3962 1433 4008 tenear.
1463 3949 1530 4004 Et
1551 3952 1758 4004 utinam
1793 3947 1945 4002 auris

369 4051 461 4105 Dei
505 4063 670 4115 nunc,
697 4048 742 4103 si
783 4047 1219 4117 forteunquam,
1253 4045 1514 4116 precibus
1548 4044 1687 4098 meis
1725 4039 1944 4094 humili-

369 4145 472 4199 bus
513 4142 782 4208 attendat,
827 4150 883 4196 et
929 4141 1486 4196 communicationem
1551 4147 1768 4191 tuarum
1800 4148 1944 4188 aeru-

369 4252 619 4292 mnarum
652 4236 950 4291 inveniam.
997 4235 1138 4301 Quid
1171 4231 1315 4288 enim
1358 4232 1413 4286 in
1445 4231 1571 4286 vita:
1615 4227 1945 4299 prosperita-

368 4330 520 4384 tibus
541 4329 630 4384 liis
651 4327 1099 4384 tribulationibus
1118 4325 1548 4396 comparandum
1574 4318 1947 4380 inveniretur?

368 4420 627 4486 Quzenam
659 4437 722 4473 ex
747 4421 826 4475 eis
849 4433 972 4488 qua:
1000 4418 1158 4472 beata
1191 4424 1483 4472 censentur
1509 4415 1745 4470 felicitas
1774 4413 1946 4476 renui-

368 4511 609 4580 paranda
645 4509 787 4564 foret
836 4509 922 4564 his
961 4525 1082 4578 qum
1130 4517 1200 4573 te,
1234 4508 1310 4562 fili
1347 4508 1443 4573 mi,
1487 4508 1725 4576 afﬂigere
1757 4509 1947 4563 viden-

371 4602 494 4656 tur?
541 4601 793 4669 Magnam
850 4600 1027 4654 sortiti
1101 4614 1294 4654 sumus
1362 4598 1590 4669 gratiam
1638 4613 1669 4652 a
1712 4598 1947 4668 benigno

369 4694 590 4751 Christo
633 4692 746 4748 Deo
789 4701 978 4747 nostro
1007 4691 1100 4761 qui
1135 4691 1325 4745 dilexit
1363 4706 1484 4748 nos.
1517 4690 1944 4760 Magnitudinem

369 4787 489 4858 ejus
519 4785 954 4848 consideremus,
981 4799 1082 4839 nec
1108 4781 1466 4846 benefactori,
1490 4783 1536 4837 si
1572 4797 1678 4837 non
1707 4782 1941 4852 plenam,

371 4878 561 4936 saltem
586 4892 684 4948 pro
707 4876 931 4936 viribus.
952 4874 1344 4945 gratitudinem
1369 4875 1572 4930 referre
1597 4873 1942 4928 omittamus.

373 4969 476 5024 Sed
498 4983 606 5024 non
635 4968 792 5038 quasi
835 4979 1245 5022 murmurantes
1273 4966 1468 5032 simus,
1494 4981 1594 5022 nec
1615 4965 1950 5038 magnitudi-

370 5077 492 5117 nem
521 5061 709 5132 gratia:
743 5059 897 5114 nihili
932 5058 1218 5114 faciamus.
1241 5059 1358 5123 Die,
1393 5059 1466 5114 fili
1502 5059 1596 5122 mi,
1625 5059 1670 5113 si
1726 5059 1852 5129 quis
1879 5073 1947 5113 ex

373 5162 529 5209 terrae
560 5153 877 5224 potentibus
910 5161 963 5207 te
992 5153 1046 5207 in
1083 5153 1199 5208 suis
1223 5153 1508 5208 ordinibus
1543 5154 1948 5214 constituisset,

373 5247 552 5315 qualis
589 5246 835 5304 fuisses?
867 5245 1042 5312 Quam
1095 5245 1513 5313 dispositionem
1554 5248 1892 5315 suscepisses
1921 5248 1944 5298 ’ἐ

370 5339 527 5392 Nunc
550 5349 732 5395 autem
763 5354 871 5395 non
894 5339 1131 5394 attendis
1155 5345 1430 5391 amantem
1458 5354 1560 5394 nos
1587 5337 1948 5405 Salvatorem,

371 5430 463 5500 qui
497 5433 848 5502 semetipsum
881 5431 1183 5488 exinanivit
1211 5446 1274 5486 es
1305 5431 1592 5485 altitudine
1619 5431 1806 5500 gloria:
1833 5445 1948 5485 suae

373 5531 433 5577 ut
462 5522 698 5577 salvaret
751 5527 897 5594 quod
957 5525 1217 5594 perierat,
1251 5533 1304 5577 et
1353 5538 1455 5578 eos
1503 5523 1596 5591 qui
1647 5523 1699 5576 in
1752 5521 1945 5576 umbra

375 5616 672 5684 impietatis
705 5619 962 5672 errabant
1011 5619 1066 5672 in
1111 5618 1289 5673 lucem
1337 5616 1595 5685 dirigeret
1627 5615 1868 5684 pietatis,
1898 5625 1949 5668 te

373 5711 430 5766 in
455 5708 585 5765 illud
612 5709 758 5780 quod
787 5711 903 5778 ipse
929 5712 1170 5782 suscepit
1205 5711 1572 5766 ministerium
1601 5709 1950 5779 produxisse,

376 5818 477 5860 nec
507 5816 674 5858 omne
704 5800 988 5873 gaudium,
1021 5818 1239 5859 omnem
1271 5803 1515 5860 laetitiam
1552 5819 1669 5873 qua:
1702 5803 1756 5856 in
1799 5816 1952 5856 men-

379 5906 486 5952 tem
519 5896 817 5952 humanam
850 5893 1047 5951 cadere
1074 5895 1243 5962 possit
1280 5897 1540 5963 assumis,
1579 5913 1676 5952 nec
1705 5894 1948 5951 omnium

2049 3595 2245 3668 παρὼν
2302 3596 2565 3666 ἤκουσας,
2613 3593 2710 3646 καὶ
2774 3590 2931 3645 ἀπὼν
2970 3589 3191 3652 ἀκούεις
3222 3587 3317 3642 τοῦ
3359 3583 3630 3650 παναγίου

2049 3707 2134 3744 σοι
2166 3690 2482 3758 Πνεύματος
2530 3685 2872 3758 ἐνηχοῦντος,
2918 3685 3001 3737 ὅτι
3045 3683 3146 3736 ούκ
3183 3681 3306 3746 ἄξια
3345 3682 3414 3733 τά
3455 3677 3633 3747 παθή-

2051 3798 2195 3852 ματα
2223 3780 2317 3834 τοῦ
2344 3779 2441 3834 νῦν
2471 3777 2666 3851 καιροῦ
2690 3779 2828 3850 πρὸς
2865 3777 2962 3846 τὴν
3004 3773 3308 3845 μέλλουσάν
3355 3788 3438 3824 σοι
3468 3769 3632 3834 δόξαν

2049 3873 2540 3929 ἀποκαλύπτεσθαι
2571 3888 2586 3905 ·
2633 3871 2729 3924 καὶ
2788 3869 3046 3923 τοσοῦτον
3088 3869 3280 3936 ἀπέχω
3308 3864 3404 3918 τοῦ
3440 3864 3632 3930 ἀλγεῖν

2047 3968 2134 4038 ἐφ’
2164 3961 2246 4029 οἷς
2289 3965 2470 4035 λέγεις
2502 3963 2773 4033 θλιϐεροῖς
2799 3962 2900 4031 τῆς
2925 3959 3132 4031 χώρας,
3168 3957 3310 4012 ὥστε
3344 3957 3439 4010 καὶ
3469 3955 3632 4021 εὖχο-

2051 4077 2171 4132 μαι.
2223 4059 2333 4112 Καὶ
2390 4057 2476 4127 εἴη
2507 4073 2571 4125 γε
2609 4056 2670 4109 τὸ
2701 4055 2844 4108 θετον
2869 4049 2962 4116 οὖς
2989 4054 3042 4106 ετ
3070 4069 3202 4104 ποτε
3231 4052 3297 4121 τῇ
3335 4051 3439 4118 ἐμῇ
3471 4063 3632 4099 τετα-

2049 4149 2364 4221 πεινωμένῃ
2423 4147 2555 4218 εὐχῇ
2609 4145 2704 4200 νῦν
2769 4144 3063 4215 προσέχον,
3118 4142 3217 4196 καὶ
3263 4139 3483 4210 εὕροιμι
3527 4137 3633 4208 τὴν

2047 4241 2338 4296 κοινωνίαν
2386 4238 2497 4292 τῶν
2558 4237 2667 4290 σῶν
2734 4235 2990 4305 θλίψεων.
3023 4231 3091 4285 Τί
3121 4233 3233 4301 γὰρ
3277 4231 3390 4285 τῶν
3423 4233 3482 4283 ὲν
3528 4227 3632 4299 βίῳ

2047 4331 2455 4402 εὐφραινόντων
2484 4327 2876 4397 ἁντιτιμᾶσθαι
2907 4328 3028 4388 ταῖς
3055 4323 3344 4386 τοιαύταις
3380 4322 3632 4390 θλίψεσιν

2048 4425 2338 4496 εὑρεθείης
2378 4421 2516 4476 Ποία
2544 4421 2656 4474 τῶν
2720 4419 3057 4489 νομιζόντων
3119 4415 3456 4485 εὐδαιμόνων
3501 4415 3633 4467 ἀντ-

2048 4519 2201 4584 άξιος
2227 4514 2390 4586 ἡδονὴ
2421 4513 2635 4582 γένοιτο
2655 4511 2768 4572 τοῖς
2795 4511 2878 4574 σὲ,
2909 4508 3102 4560 τέκνον
3144 4498 3324 4578 ἡμῶν,
3374 4504 3634 4573 ἀλγύνειν

2047 4608 2307 4674 δοκοῦσι;
2335 4603 2599 4673 Μεγάλης
2627 4601 2900 4672 ἐλάχομεν
2951 4597 3103 4669 παρὰ
3139 4597 3236 4650 τοῦ
3265 4593 3634 4663 πεφιληκότος

2049 4703 2200 4771 ἡμᾶς
2239 4696 2624 4767 φιλανθρώπου
2647 4691 2887 4761 Χριστοῦ
2919 4690 3016 4745 καὶ
3039 4689 3176 4743 Θεοῦ
3197 4687 3360 4759 ἡμῶν
3381 4687 3631 4754 χάριτοςο

2050 4792 2111 4845 τὸ
2143 4789 2432 4862 μεγαλεῖον
2449 4787 2618 4856 αὐτῆς
2641 4784 2934 4854 ἐννοῶμεν,
2969 4782 3062 4835 καὶ
3093 4779 3170 4851 τῷ
3190 4779 3459 4850 εὐεργέτῃ
3491 4775 3634 4830 κατὰ

2052 4885 2288 4954 δύναμιν
2311 4883 2412 4952 τὴν
2443 4878 2823 4950 εὐχαριστίαν,
2855 4878 2904 4930 εί
2951 4874 3046 4929 καὶ
3083 4873 3157 4945 μὴ
3207 4873 3306 4934 τὴν
3338 4871 3632 4941 ὀφειλομέ-

2053 4993 2173 5047 νην,
2216 4973 2563 5035 ἀποδιδόντες
2617 4971 2692 5041 μὴ
2745 4971 3027 5040 λήγωμεν.
3091 4966 3252 5020 Ἀλλά
3311 4966 3384 5036 μὴ
3440 4964 3632 5035 ὥσπερ

2053 5061 2566 5132 καταγογγύζοντες
2594 5053 2768 5128 ὦμεν,
2801 5059 2896 5112 καὶ
2922 5059 2983 5112 τὸ
3014 5056 3246 5128 μέγεθος
3275 5057 3376 5127 τῆς
3406 5056 3635 5126 χάριτος

2051 5155 2208 5227 παρὰ
2243 5153 2446 5223 φαῦλον
2480 5150 2785 5220 ποιώμεθα.
2811 5149 2972 5214 Εἰπὲ,
3001 5151 3192 5203 τέκνον
3220 5147 3403 5218 ἡμῶν,
3445 5146 3500 5197 εἴ
3551 5145 3636 5206 τίς

2053 5267 2114 5304 σε
2148 5249 2258 5302 τῶν
2292 5248 2385 5301 ἐπὶ
2429 5246 2534 5315 γῆς
2585 5245 2732 5316 μέγα
2791 5244 3110 5312 δυναμένων
3159 5244 3239 5305 είς
3287 5241 3387 5310 τὴν
3433 5237 3636 5292 ἑαυτοῦ

2055 5339 2364 5410 κατέστησε
2400 5337 2577 5403 τάξιν,
2631 5335 2715 5398 τίς
2746 5336 2812 5388 ἂν
2839 5334 3030 5403 ἐγένου
3055 5349 3071 5397 ;
3097 5333 3192 5386 καὶ
3225 5331 3389 5384 ποίαν
3412 5327 3480 5382 ἃν
3510 5327 3636 5380 διά-

2055 5432 2206 5485 θεσιν
2233 5430 2500 5485 ἁνελάϐοιι
2531 5446 2547 5495 ;
2578 5423 2713 5483 Εἶτα
2763 5429 2863 5482 οὐκ
2895 5429 3120 5490 ἐννοεῖς,
3149 5427 3225 5482 ὡς
3265 5426 3295 5477 ὁ
3324 5419 3519 5490 φιλάνο
3529 5434 3634 5488 ρω-

2055 5523 2334 5594 ποςήμῶν
2381 5521 2573 5592 Σωτὴρ
2607 5522 2634 5574 ό
2666 5519 2916 5582 κενώσας
2971 5519 3168 5571 ἑαυτὴν
3221 5514 3280 5580 ἐξ
3337 5512 3505 5581 ὕψους
3533 5507 3634 5579 τῆς

2051 5615 2211 5686 δόξης
2262 5614 2453 5680 αὐτοῦ,
2483 5613 2571 5667 ἵνα
2624 5613 2686 5666 τὸ
2723 5610 3009 5672 ἀπολωλὸς
3067 5606 3241 5678 σώσῃ,
3295 5606 3385 5658 ἵνα
3411 5605 3540 5664 τοὺς
3572 5603 3633 5656 ἐν

2055 5709 2238 5762 σκότει
2304 5707 2694 5777 πλανωμένους
2746 5705 2846 5773 τῆς
2913 5701 3170 5763 ἀσεϐείας
3230 5699 3370 5770 πρὸς
3401 5698 3463 5751 τὸ
3510 5696 3632 5764 φῶς

2054 5800 2298 5871 ὁδηγήσῃ
2323 5799 2425 5870 τῆς
2447 5797 2836 5862 εύσεϐείας,είς
2857 5794 2926 5865 ῆν
2948 5791 3111 5856 αὐτὸς
3137 5789 3312 5845 είλετο
3327 5787 3628 5852 διακονίαν,

2059 5891 2136 5956 εἰς
2159 5889 2368 5961 ταύτην
2399 5907 2458 5943 σε
2484 5887 2827 5962 προύϐάλετο
2858 5887 2952 5942 καὶ
2985 5889 3169 5940 πᾶσαν
3197 5883 3395 5954 χαρὰν,
3452 5880 3634 5933 πᾶσαν
