4038 6204
341 316 441 380 2ί5

1794 323 2200 386 ΕΡῘΞΊῸΙΑΕ.

3479 317 3588 380 236

342 430 554 502 ἡδονὴν,
587 430 688 499 ὅση
716 429 911 500 πτεροῖ
938 428 1032 482 τὸν
1055 429 1400 500 ἀνθρώπινον
1432 434 1556 487 νοῦν
1597 434 1921 502 ἀναλαμϐά-

2042 433 2121 505 lui
2151 439 2294 488 sunt"
2339 432 2395 486 in
2460 431 2569 485 vita
2615 439 2666 486 te
2710 426 2996 484 existimas
3031 426 3428 486 beatissimum.
3483 429 3588 483 Sed

342 541 472 590 νεις,
495 522 594 576 καὶ
621 521 842 575 πάντων
871 522 1102 576 σεαυτὸν
1125 526 1233 596 ἡγῇ
1252 525 1362 578 τῶν
1390 528 1448 579 ἐν
1477 524 1580 598 βίῳ
1617 527 1909 597 μακαριώ-

340 632 521 676 τατον,
553 612 670 668 ἀλλ’
705 613 872 684 ὀδύρῃ
898 614 991 667 καὶ
1023 613 1242 686 θρηνεῖς
1271 617 1478 690 ἐσχάτῃ
1507 620 1916 690 περιπεσόντων

343 708 599 776 συμφορᾷ
633 723 650 773 ;
703 707 813 759 Καὶ
859 705 963 760 ποῦ
1000 706 1177 761 ταῦτα
1200 707 1310 762 τῶν
1354 709 1431 773 ὡς
1466 710 1530 764 σὲ
1564 710 1745 782 χάριτι
1780 710 1916 766 Θεοῦ

340 800 402 852 ἐκ
443 797 633 864 παιδὸς
688 798 1022 868 ἀνηγμένον,
1057 799 1153 853 καὶ
1209 801 1415 871 ἀρετὴν
1478 802 1912 872 μεμελετηκότα,

342 893 433 943 καὶ
455 890 608 944 οὐδὲν
633 891 729 944 ἐπὶ
755 890 858 960 γῆς
889 890 984 944 τοῦ
1041 892 1443 963 μακαρίζεσθαι
1485 893 1640 959 ἄξιον
1689 895 1916 962 λογισα-

343 982 520 1052 μένων
546 983 922 1052 προσήκοντα,
971 982 1083 1052 ἐγὼ
1118 983 1375 1039 τοσοῦτον
1409 986 1602 1056 ἀπέχω
1646 986 1740 1038 τοῦ
1794 985 1921 1039 ἀθυ-

343 1077 469 1144 μεῖν
500 1075 587 1142 ἐφ’
617 1070 700 1137 οἷς
735 1073 990 1145 ἀθυμεῖς,
1035 1073 1176 1129 ὥστε
1233 1077 1362 1130 ὃταν
1396 1076 1464 1129 τὰ.
1496 1077 1564 1130 σά
1614 1077 1920 1148 πράγματα

340 1168 422 1230 είς
440 1167 566 1220 νοῦν
592 1166 985 1237 ἁναλήψωμαι,
1019 1167 1108 1220 διὰ
1139 1167 1236 1222 τοῦ
1271 1168 1487 1240 χαίρειν
1517 1169 1610 1222 ἐπὶ
1642 1169 1756 1232 τοῖς
1786 1171 1919 1233 σοῖς,

340 1258 778 1327 ἐπιλανθάνομαι
806 1257 918 1310 τῶν
950 1259 1170 1312 οἰκείων
1201 1261 1413 1314 κακῶν.

426 1350 619 1418 Ἡμεῖς
643 1351 744 1419 μὲν
767 1350 877 1419 γὰρ
910 1352 958 1404 εί
988 1353 1084 1406 καλ⁸
1139 1351 1480 1423 συνεχόμεθα
1532 1357 1645 1418 τοῖς
1687 1354 1924 1409 ἐνταῦθα

341 1445 624 1513 λυπηροῖς,
656 1443 791 1496 άλλά
811 1443 913 1511 φεῦ
936 1445 1044 1498 τῶν
1062 1445 1210 1516 ἐμῶν
1241 1447 1452 1513 παθῶν,
1479 1448 1696 1502 πάντων
1721 1451 1794 1513 ὡς
1811 1450 1930 1504 ἐπί-

343 1552 540 1589 στασαι
562 1537 779 1598 ἱκανοὺς
797 1537 1021 1600 ἑαυτοὺς
1042 1538 1302 1608 οἰομένων
1318 1539 1516 1595 εἰδέναι
1535 1541 1630 1609 τὴν
1654 1543 1927 1613 σωτηρίαν

342 1625 547 1696 μικροῦ
579 1625 682 1678 δέω
714 1628 912 1690 εἰπεῖν,
955 1627 1161 1697 ἀκερδῆ
1220 1629 1460 1700 φέρομεν
1491 1631 1588 1698 τὴν
1621 1632 1924 1701 ὑπομονήν.

339 1719 432 1770 Σοὶ
468 1717 525 1769 δὲ
556 1718 654 1786 οὐχ
687 1717 860 1780 οὕτως
889 1717 1024 1788 ἔχει,
1058 1718 1193 1771 ἀλλὰ
1237 1719 1375 1789 μετά
1417 1722 1515 1790 τῆς
1541 1719 1745 1774 ἀνωθεν
1772 1721 1930 1774 δυνά-

343 1809 565 1877 μεως,εί
591 1807 686 1860 καὶ
706 1807 780 1876 μὴ
802 1807 1038 1872 πάντων,
1053 1806 1170 1858 ἀλλ’
1191 1807 1313 1860 ὅσον
1329 1808 1537 1878 δήποτε
1557 1809 1936 1878 προσεχόντων

346 1895 417 1964 τῷ
429 1896 575 1966 λόγῳ
588 1894 690 1963 τῆς
706 1895 1175 1962 διδασκαλίας,κα“ι
1189 1896 1306 1948 ἀντὶ
1319 1897 1418 1967 τῆς
1433 1897 1620 1960 ἀθεῖας
1636 1898 1733 1968 τὴν
1749 1898 1932 1968 θεῖκὴν

340 1989 640 2053 ἐπίγνωσιν
661 1987 1082 2055 ἀλλασσομὲνων
1103 1989 1438 2059 ἀσύγκριτον
1460 1991 1559 2060 τῆς
1577 1991 1856 2061 ὑπομονῆς
1875 1993 1934 2043 τὸ

341 2077 552 2147 κέρδος.
573 2077 664 2147 Μὴ
676 2071 768 2130 οὖν
783 2077 1059 2148 δυσφόρει,
1080 2079 1213 2150 μηδὲ
1228 2079 1383 2144 ἀνιῶ,
1405 2079 1540 2151 μηδὲ
1553 2080 1722 2134 τδπτε
1732 2081 1821 2153 ρὺν
1835 2083 1935 2150 τῆς

339 2168 582 2232 διανοίας
612 2167 700 2221 διὰ
725 2168 794 2222 τὰ
825 2169 1235 2238 προσπίπτοντα
1264 2173 1622 2244 ὑποχαλάσῃς
1672 2173 1933 2246 δυσχερῆ,

342 2259 459 2313 ἀλλ’
489 2260 598 2313 ὑπὸ
624 2263 728 2330 τῆς
787 2260 1028 2332 ἀληθοῦς
1084 2262 1323 2328 ἐλπίδος,
1365 2264 1400 2336 ἥ
1433 2263 1508 2335 μὴ
1578 2265 1934 2331 διαψεύδεται

340 2352 470 2415 τοὺς
501 2351 851 2422 θεράποντας
877 2353 972 2407 τοῦ
994 2355 1153 2420 Θεοῦ,
1183 2358 1653 2430 μετεωριζόμενος
1674 2360 1934 2431 ὑπεράνω

349 2461 440 2513 μοι
479 2445 633 2512 γίνου
664 2444 773 2498 τῶν
793 2446 1048 2518 ὀδυρμῶν
1071 2448 1289 2503 καὶτῶν
1312 2451 1548 2521 θρήνων,
1580 2451 1820 2522 νικώσης
1839 2453 1936 2522 τῆς

347 2537 573 2590 αίωνίου
607 2537 951 2611 γλυκύτητος
985 2541 1165 2595 πάντα
1213 2543 1282 2597 τά
1335 2544 1613 2614 ἐφήμερα.
1653 2545 1724 2598 Τί
1773 2546 1882 2615 γάρ
1907 2547 1936 2598 ό

345 2628 694 2700 ἀνθρώπινος
734 2630 888 2701 βίος;
921 2635 1082 2706 εἰπερ
1112 2634 1264 2706 χίλια
1305 2635 1401 2706 ἐτη
1444 2636 1522 2700 ὡς
1557 2637 1746 2707 ἡμέρα
1780 2637 1935 2706 λογί-

346 2723 526 2789 ζεται,
570 2726 884 2796 πικραίνειν
919 2727 1181 2782 δοκοῦντα
1206 2728 1308 2800 τὴν
1342 2727 1637 2800 αἴσθησιν;
1664 2730 1848 2799 Χωρὶς
1877 2729 1936 2784 δὲ

347 2817 558 2873 τούτων
580 2817 905 2889 ἀναλογίζου
947 2839 1038 2892 μοι
1066 2821 1134 2874 τά
1165 2821 1277 2875 τῶν
1297 2822 1588 2892 μακαρίων
1613 2823 1933 2876 ἀποστόλων

350 2910 500 2982 πάθη
531 2927 547 2942 ο
605 2912 678 2965 ἐῶ
711 2912 829 2983 γὰρ
868 2913 945 2967 τά·
993 2915 1089 2967 τοῦ
1141 2914 1452 2967 Δεσπότου·
1525 2915 1704 2968 καίτοι
1775 2916 1936 2969 ποίαν

353 3004 668 3075 πικρότητα
694 3005 884 3060 παθῶν
914 3005 975 3059 οὐ
1005 3005 1212 3062 διαλύει
1250 3007 1360 3061 τῶν
1419 3007 1771 3063 Δεσποτικῶν
1830 3025 1936 3062 πα-

349 3093 419 3164 θη
430 3095 622 3163 μάτων
655 3096 688 3164 ή
715 3097 1046 3166 ἀνάμνησις.

436 3185 607 3248 Ἀλλ’,
650 3189 701 3240 εί
745 3186 950 3257 βούλει,
1002 3187 1186 3259 ἐῶμεν
1219 3187 1414 3256 ταῦτα,
1448 3190 1585 3245 διότι
1617 3193 1806 3262 κύριος
1859 3189 1936 3243 ῶν

355 3278 450 3332 τοῦ
493 3279 570 3350 μὴ
611 3279 867 3350 πάσχειν,
926 3279 1068 3334 ἑκὼν
1118 3281 1312 3335 ἑαυτὸν
1349 3284 1432 3347 εἰς
1480 3283 1642 3337 τοῦτο
1665 3285 1933 3356 παρεῖχε.

363 3371 509 3442 Πλὴν
539 3373 840 3442 σκοπῶμεν
870 3373 999 3436 τοὺς
1025 3374 1142 3443 μετ’
1175 3373 1383 3428 ἐκεῖνον
1411 3373 1480 3427 τὰ
1531 3374 1725 3428 τούτου
1787 3375 1934 3444 πάθη

359 3462 815 3531 ἀναδεξαμένους,
847 3461 1086 3526 καὶτοὺς
1143 3461 1238 3516 ἀπ’
1270 3461 1455 3516 αὐτῶν
1486 3463 1654 3533 μέχρι
1689 3462 1791 3532 τῆς
1843 3463 1938 3532 σή-

364 3572 529 3626 μερον
559 3556 640 3616 είς
667 3554 761 3608 τὸν
784 3556 878 3608 τοῦ
908 3554 1247 3622 Εὐαγγελίου
1285 3555 1768 3625 παραγγείλαντας
1816 3555 1938 3624 δρόο

364 3665 484 3716 μον,
517 3647 614 3700 καὶ
665 3649 780 3711 τοῖς
818 3647 1120 3718 ὁμοταγέσι
1181 3646 1250 3700 τά
1298 3648 1476 3700 οἰκεία
1514 3647 1932 3719 συγκρίνοντες,

366 3739 484 3808 μηδ’
522 3740 607 3791 ὅτι
644 3739 888 3808 φέρομεν
925 3736 962 3792 ἃ.
1011 3737 1290 3800 κάκείνοις
1361 3737 1598 3809 ὑπῆρξε,
1658 3738 1942 3810 δυσφορῶ.

367 3847 481 3900 μεν.
534 3830 678 3883 Ἀλλ’
715 3830 767 3883 εῐ
783 3847 836 3884 τι
869 3829 1066 3894 ἐνδεῶς
1109 3831 1178 3884 τά
1207 3830 1456 3902 ἡμέτερα
1508 3829 1658 3901 πάθη
1686 3830 1798 3883 τῶν
1832 3847 1938 3901 μα-

364 3924 569 3993 καρίων
625 3924 886 3994 Πατέρων
938 3923 1096 3996 ῄμῶν
1166 3921 1304 3993 ἔχει·
1357 3924 1416 3976 ὲν
1449 3921 1661 3986 τούτοις
1713 3922 1849 3994 πρὸς
1879 3921 1941 3974 τὸ

363 4015 604 4085 ἀγωνιᾷ-θ
638 4013 1018 4084 καθιστάμεθα
1052 4014 1144 4068 διὰ
1177 4013 1276 4086 τὴν
1307 4013 1550 4083 ἔλλειψιν
1594 4015 1694 4082 τῆς
1716 4013 1941 4067 ἐκείνων

365 4110 560 4180 χαρᾶς,
594 4108 694 4175 τῆς
751 4107 1142 4178 λαμπρότητος
1199 4108 1296 4161 καὶ
1333 4109 1434 4178 τῆς
1492 4105 1672 4175 δόξης,
1700 4107 1830 4159 ὅταν
1862 4106 1943 4169 είς

364 4200 604 4271 ἀμοιϐὴν
640 4200 753 4253 τῶν
781 4201 960 4254 πόνων
989 4203 1085 4255 καὶ
1121 4201 1222 4272 τὴν
1276 4200 1617 4272 ἀνακήρυξιν
1648 4199 1758 4253 τῶν
1793 4202 1942 4268 ἀγωυ

365 4295 669 4365 νίζομένων
699 4294 728 4346 ό
751 4293 1036 4361 Δεσπότης
1059 4292 1393 4365 προκαθίσῃ.
1430 4294 1622 4365 Ἀρκεῖ
1661 4291 1835 4345 ταῦτα
1866 4293 1946 4355 εἰς

365 4385 718 4458 παραμύθιον
777 4385 888 4438 τῶν
935 4383 1173 4454 θλίψεων
1230 4385 1412 4455 ἡμῶν,
1468 4385 1564 4438 καὶ
1619 4383 1824 4454 συνετῷ
1859 4400 1946 4437 σοι

2020 526 2191 594 gemis
2222 532 2276 578 et
2312 520 2630 578 lamentari:
2671 520 2831 591 quasi
2878 520 2970 589 qui
3005 525 3246 574 extrema
3277 518 3412 586 lapsi
3461 532 3590 574 sunt

2023 616 2264 672 fortuna.
2296 616 2361 671 Et
2389 616 2666 688 quomodo
2697 614 2802 668 ista
2837 611 2979 682 apud
3010 610 3309 676 hominem,
3346 620 3403 664 ιιι
3439 621 3506 670 te.
3540 613 3590 666 in

2024 706 2194 774 gratia
2228 704 2323 759 Dei
2379 721 2409 759 a
2451 719 2622 774 puero
2657 701 2976 768 educatum,
3003 709 3060 755 et
3091 700 3294 754 virtute
3327 701 3594 754 exercita-

2023 805 2160 864 tum,
2191 807 2245 853 et
2273 807 2453 852 ratum
2483 797 2620 852 nihil
2655 811 2778 852 esse
2836 810 3003 865 super
3038 803 3239 849 terram
3287 793 3434 861 quod
3472 793 3596 846 bea-

2024 901 2136 947 tum
2162 892 2376 948 etlicere
2405 892 2604 962 possit.
2629 891 2743 961 Ego
2798 890 3018 960 quidem
3063 895 3275 942 tantum
3326 887 3480 942 abest
3535 897 3596 942 nt

2025 985 2268 1039 animum
2301 983 2666 1053 despondeam
2720 982 2772 1036 in
2813 981 3016 1050 quibus
3064 991 3121 1036 tu
3151 980 3478 1049 despondes,
3514 987 3594 1039 ut,

2025 1093 2147 1133 cum
2176 1086 2297 1133 luas
2325 1092 2412 1132 res
2441 1077 2492 1131 in
2519 1083 2755 1130 mentem
2783 1089 2997 1140 revoco,
3022 1090 3130 1146 pra:
3151 1075 3350 1145 gaudio
3374 1078 3436 1128 de
3465 1073 3596 1135 tuis,

2027 1170 2374 1240 propriorum
2410 1169 2704 1225 obliviscar
2733 1168 3032 1223 malorum.

2099 1357 2206 1413 Nos
2251 1357 2420 1419 enim,
2457 1355 2557 1410 etsi
2625 1354 2710 1411 his
2755 1354 2806 1408 in
2843 1353 3003 1408 terris
3036 1352 3435 1406 calamitatibus
3474 1367 3600 1419 pre-

2029 1451 2249 1514 mimur,
2283 1458 2518 1503 attamen
2549 1449 2651 1502 heu
2681 1448 2692 1500 l
2733 1446 2870 1499 mala
2899 1455 3104 1508 nostra,
3141 1445 3416 1503 omnibus.
3455 1444 3599 1497 sicut

2030 1542 2198 1606 nosti,
2231 1549 2384 1610 aptos
2407 1555 2466 1594 se
2488 1537 2925 1593 existimantibus
2944 1536 3009 1590 ad
3033 1536 3314 1590 sciendum
3345 1535 3598 1597 salutem,

2032 1634 2147 1688 sine
2217 1634 2423 1697 fructu,
2469 1642 2527 1685 ut
2589 1631 2661 1685 ita
2712 1631 2914 1696 dicant,
2965 1627 3219 1693 patimur.
3267 1625 3387 1679 Tibi
3421 1637 3602 1680 autem

2038 1741 2146 1780 non
2178 1725 2252 1779 ita
2287 1734 2369 1778 est
2403 1741 2416 1777 ι
2471 1722 2563 1779 sed
2587 1738 2710 1775 cum
2735 1736 2968 1791 superna
3008 1721 3226 1783 virtute,
3248 1719 3292 1773 si
3338 1731 3448 1770 non
3485 1732 3600 1770 ont-

2045 1817 2218 1881 nium,
2246 1825 2300 1870 at
2320 1829 2512 1870 eorum
2533 1813 2724 1868 saltem
2743 1813 2834 1881 qui
2857 1811 3136 1866 adhaerent
3155 1810 3317 1864 verbo
3343 1808 3604 1862 doctrinae

2037 1917 2111 1975 et,
2169 1922 2266 1976 pro
2295 1906 2388 1960 Dei
2436 1905 2734 1968 oblivione,
2769 1902 2967 1957 divina:
3019 1900 3304 1970 subj-accol
3338 1897 3602 1961 scientiae,

2035 1999 2270 2054 eximius
2294 2007 2377 2054 est
2397 1997 2672 2068 patientiae
2703 1995 2931 2050 fructus.
2968 1993 3043 2047 Ne
3081 1993 3246 2062 igitur
3270 2008 3410 2062 aegre
3437 1991 3603 2051 feras.

2038 2109 2106 2148 ne
2136 2092 2498 2156 contristeris,
2531 2105 2599 2146 ne.
2632 2090 2746 2171 alas
2785 2089 2986 2143 mentis
3029 2096 3250 2157 propter
3296 2083 3606 2139 accidentia

2037 2186 2286 2240 remittas
2324 2185 2464 2239 mala
2492 2202 2508 2250 ;
2549 2183 2643 2238 sed
2677 2197 2771 2252 per
2805 2196 2986 2235 veram
3020 2194 3170 2248 spem
3206 2193 3328 2247 quae
3365 2176 3457 2230 Dei
3491 2191 3606 2230 ser-

2039 2294 2138 2335 vos
2165 2293 2447 2349 nunquam
2473 2276 2610 2331 fallit
2633 2277 2687 2330 in
2711 2275 2877 2329 altum
2905 2273 3157 2329 sublatus
3182 2287 3346 2341 supra
3375 2269 3607 2339 gemitus

2034 2379 2089 2426 et
2113 2370 2529 2426 lamentationes
2563 2370 2683 2432 tias,
2713 2378 2914 2421 aeterna
2936 2365 3225 2420 dulcedine
3255 2363 3441 2416 omnia
3467 2370 3603 2414 tcm-

2038 2463 2243 2532 poralia
2303 2469 2617 2532 superante.
2678 2459 2820 2526 Quid
2876 2459 3021 2514 enim
3079 2459 3188 2512 vita
3244 2456 3503 2521 humana,
3561 2453 3607 2507 si

2040 2553 2185 2607 mille
2237 2553 2367 2608 anni
2410 2563 2672 2621 tanquam
2714 2567 2858 2606 unus
2903 2552 3020 2607 dies
3070 2557 3480 2617 computantur,
3513 2545 3636 2614 qui

2038 2641 2291 2696 videntur
2336 2641 2576 2695 animam
2627 2638 3093 2709 exasperare?Et
3153 2639 3375 2706 insuper
3416 2644 3606 2703 reputa

2037 2733 2319 2790 beatorum
2349 2731 2718 2802 apostolorum
2747 2731 2911 2796 mala,
2940 2739 2999 2784 ut
3029 2740 3236 2785 taceam
3265 2727 3332 2783 de
3362 2724 3638 2794 Magistri.

2040 2823 2427 2894 passionibus:
2453 2831 2507 2877 et
2537 2832 2718 2878 tamen
2751 2833 3013 2892 quantam
3041 2821 3289 2876 dolorum
3333 2817 3603 2872 amaritu-

2039 2917 2219 2972 dinem
2263 2930 2370 2969 non
2407 2915 2550 2970 delet
2600 2915 2923 2986 passionum
2969 2912 3216 2986 Magistri
3261 2908 3639 2966 recordatio!"

2111 3195 2242 3262 Sed,
2274 3195 2318 3250 si
2355 3194 2552 3265 placcl,
2611 3193 2703 3248 illa
2739 3191 3240 3262 praetermittamus.
3305 3190 3432 3259 quia
3484 3205 3648 3244 cum

2038 3302 2204 3358 penes
2250 3301 2374 3341 eum
2428 3293 2574 3341 esset
2634 3299 2739 3338 non
2804 3285 2934 3352 pati,
2992 3291 3185 3353 Sponte
3248 3284 3487 3350 seipsnm
3545 3283 3612 3335 ad

2046 3377 2182 3432 illud
2254 3375 2470 3431 obtulit.
2542 3374 2611 3429 At
2685 3373 2870 3444 potius
2950 3387 3046 3428 eos
3103 3371 3464 3441 inspiciamus
3519 3373 3608 3441 qui
3636 3403 3648 3419 .-

2039 3477 2164 3539 post
2199 3469 2379 3539 ipsum
2412 3469 2530 3535 ejus
2563 3467 2849 3537 passiones
2875 3473 3259 3534 susceperunt,
3295 3473 3346 3518 et
3379 3477 3473 3518 cos
3519 3464 3612 3532 qni

2040 3562 2109 3615 ab
2133 3576 2322 3616 eorum
2359 3562 2694 3630 temportbus
2717 3572 2892 3628 usque
2913 3571 3058 3612 nunc
3091 3555 3365 3625 Evangelii
3390 3569 3614 3610 cursum

2041 3653 2273 3725 ingressi
2301 3660 2464 3717 sunt;
2495 3661 2548 3706 et
2579 3649 3047 3706 commilitonibus
3073 3657 3262 3702 nostra
3288 3659 3615 3716 comparan-

2042 3751 2146 3806 tes,
2181 3758 2249 3799 ne
2296 3757 2440 3813 aegre
2470 3740 2714 3797 feramus
2745 3741 2888 3809 quod
2935 3755 2999 3794 ea
3049 3738 3286 3808 patimur
3329 3752 3452 3807 quae
3482 3736 3647 3806 ipsis-

2042 3844 2364 3889 evenerunl.
2424 3832 2528 3888 Sed
2573 3832 2780 3902 siquid
2834 3832 3018 3887 minus
3071 3831 3275 3885 habent
3327 3829 3615 3896 passiones

2042 3937 2243 3982 nostra:
2281 3926 2630 3997 passionibus
2677 3925 2963 3981 beatorum
3001 3924 3225 3979 Patrum
3277 3932 3614 3983 nostrorum,

2045 4025 2099 4079 in
2139 4025 2226 4080 his
2256 4024 2324 4079 ad
2374 4032 2653 4079 certamen
2703 4023 3101 4078 constituimur
3139 4030 3368 4092 propter
3418 4033 3612 4075 eorum

2045 4116 2252 4188 gaudii,
2313 4115 2606 4180 claritatis,
2638 4123 2694 4170 et
2741 4114 2931 4185 glorize
2985 4114 3282 4178 defectum,
3357 4128 3482 4168 cum
3548 4113 3616 4166 ad

2047 4207 2482 4263 remunerandos
2536 4206 2778 4262 labores.
2806 4212 2862 4260 et
2914 4204 3320 4260 denuntiandos
3379 4204 3620 4259 athletas

2051 4300 2312 4355 Dominus
2343 4298 2577 4355 sedebit.
2609 4297 2717 4352 Sed
2757 4299 2861 4352 ista
2892 4295 3166 4351 suiIiciunt
3189 4294 3257 4349 ad
3295 4304 3610 4350 nostrarum

2048 4389 2458 4444 tribulationum
2488 4387 2770 4450 solatium,
2824 4401 2946 4442 cum
2978 4383 3286 4456 intelligens
3323 4385 3399 4440 sis
3419 4395 3474 4440 et
3522 4400 3620 4454 pro

364 4455 499 4543 aut,
523 4455 620 4531 καὶ
645 4479 766 4542 τοὺς
806 4477 946 4546 ὑπὲρ
990 4476 1231 4547 Χριστοῦ
1286 4477 1564 4540 κινδύνους
1592 4478 1936 4547 ἠγαπηκότι·

2047 4481 2266 4536 Christo
2303 4479 2542 4550 pericula
2566 4479 2753 4535 subire
2779 4477 3048 4534 amaveris
3074 4479 3214 4544 ;‘nec
3240 4477 3350 4531 ulla
3376 4491 3617 4546 unquam

367 4573 586 4631 πάντως
635 4567 691 4621 δὲ
749 4567 924 4631 οὐδείς
978 4584 1044 4638 με
1110 4568 1290 4620 πείσει
1341 4567 1518 4633 λόγος,
1568 4568 1651 4620 ὅτι
1706 4570 1803 4620 καὶ
1870 4566 1944 4636 μὴ

365 4660 452 4712 διὰ
484 4660 696 4722 τέλους,
723 4659 751 4712 ὁ
783 4657 948 4721 αὐτὸς
1001 4652 1053 4710 εί
1080 4657 1252 4726 φιλῶν
1291 4657 1437 4729 ἅπερ
1471 4658 1529 4724 ἐξ
1574 4659 1752 4728 ἀρχῆς
1815 4673 1944 4726 προ-

368 4755 657 4824 ετίμησας.

437 4847 579 4917 Περὶ
608 4845 665 4898 δὲ
689 4837 766 4898 ὧν
789 4843 1037 4914 ἔγραψας
1067 4842 1178 4897 τῶν
1206 4859 1268 4896 τε
1297 4842 1440 4896 κατά
1469 4842 1648 4913 γάμον
1671 4841 1949 4895 ἐναντιου-

373 4941 549 5011 μένων
582 4938 931 5009 πραγμάτων
962 4941 1028 5010 τῇ
1073 4939 1411 4994 καταστάσει
1463 4937 1562 5007 τῆς
1594 4936 1946 5007 Ἐκκλησίας,

372 5033 463 5085 καὶ
491 5031 604 5085 τῶν
635 5030 814 5086 ἄλλων
862 5032 964 5084 ὅσα
1010 5031 1148 5100 πρὸς
1187 5032 1282 5085 τόν
1334 5029 1698 5100 ὲθνικώτερον
1745 5029 1948 5099 τρόπον

372 5124 576 5192 ὑπάγει
609 5123 738 5187 τοὺς
769 5121 1112 5193 χρωμένους,
1157 5121 1260 5175 οὐκ
1291 5121 1477 5189 ἀγνοεῖ
1512 5138 1606 5174 σου
1638 5121 1672 5192 ἡ
1709 5118 1954 5183 σύνεσις,

372 5214 450 5267 ὅτι
481 5214 659 5276 οὕτως
693 5213 891 5283 ἀθρόον
926 5214 960 5284 ή
1001 5211 1333 5283 μετάστασις
1392 5210 1496 5280 τῆς
1552 5209 1773 5282 ὲθνικῆς
1802 5208 1950 5280 ζωῆς

375 5308 506 5380 πρὸς
529 5307 631 5378 τὴν
652 5305 938 5378 ἀκρίϐειαν
960 5304 1054 5358 τοῦ
1078 5303 1409 5372 Εὑαγγελίου
1425 5303 1485 5356 τὺ
1503 5304 1682 5373 ῥᾴδιον
1703 5305 1763 5357 οὐ
1779 5320 1960 5356 καταοι

375 5399 610 5471 δέχεται.
647 5400 748 5452 Διὰ
777 5398 939 5451 τοῦτο
957 5397 1067 5468 χρὴ
1096 5397 1198 5468 τὴν
1225 5396 1326 5466 μὲν
1352 5395 1702 5448 διδασκαλίαν
1727 5393 1824 5448 ml.
1850 5393 1950 5466 τὴν

379 5495 511 5565 πρὸς
543 5492 615 5546 τά
674 5490 816 5545 καλά
849 5489 1156 5561 ὁδηγοῦσαν
1205 5489 1533 5560 παραίνεσιν
1585 5487 1949 5550 ἀδιαλείπτως

377 5585 662 5656 πατρικῶς
684 5585 779 5636 καὶ
798 5581 915 5654 μετ’
934 5581 1238 5642 ἐπιεικείας
1261 5579 1585 5650 προσάγειν·
1619 5578 1712 5631 καὶ
1744 5574 1824 5639 οἷς
1851 5574 1950 5646 μὲν

376 5679 732 5749 πειθομένους
757 5676 925 5746 ἔχεις,
951 5674 1304 5745 εὐχαριστεῖν
1337 5671 1413 5742 τῷ
1441 5669 1638 5725 διδόντι
1675 5671 1834 5741 χάριν
1883 5674 1950 5741 τῇ

383 5776 448 5844 σῇ
480 5769 808 5840 διδασκαλία
841 5785 854 5799 ·
908 5763 989 5831 οἷς
1049 5766 1105 5820 δὲ
1158 5762 1610 5836 δυσχεραίνοντας
1643 5762 1796 5836 ὁρᾷς,
1825 5761 1952 5818 ἀνέ-

2054 4574 2186 4628 ιηὶίιί
2223 4574 2475 4629 suadebit
2503 4574 2680 4628 oratio
2713 4572 2844 4629 tein
2871 4572 3034 4628 tinem
3067 4585 3174 4626 non
3223 4585 3409 4626 amare
3438 4585 3560 4640 quae
3589 4584 3652 4624 a-

2053 4664 2322 4736 principio
2351 4665 2661 4736 prtetulisti.

2123 4851 2278 4919 Quod
2318 4860 2497 4906 autem
2525 4849 2817 4921 scripsisti.
2846 4858 2958 4903 tum
2988 4847 3055 4902 de
3079 4847 3144 4902 iis
3167 4863 3286 4918 qua:
3313 4848 3456 4900 circa
3487 4861 3623 4913 nup-

2055 4945 2156 4998 tias
2181 4943 2535 4998 adversantur
2562 4941 2706 4996 bono
2738 4939 2993 4996 Ecclesia:
3017 4939 3290 5010 regimini,
3317 4949 3428 4992 tum
3458 4937 3520 4990 de
3558 4938 3651 4991 iis.

2057 5050 2178 5104 quze
2201 5034 2265 5088 ad
2304 5035 2555 5089 ethnicos
2575 5048 2753 5088 mores
2777 5032 2951 5102 magis
2973 5031 3239 5086 inducunt
3279 5046 3372 5084 eos
3397 5029 3489 5098 qui
3511 5030 3618 5084 tali-

2058 5128 2158 5182 bus
2173 5137 2417 5192 utuntur,
2432 5143 2538 5182 non
2559 5126 2695 5181 fallit
2711 5136 2856 5182 tuam
2879 5124 3287 5194 intelligentiam
3311 5132 3415 5176 tam
3446 5137 3625 5189 prom-

2059 5229 2208 5288 ptum
2238 5219 2308 5273 ab
2345 5218 2694 5273 ethnica-vita
2740 5218 3028 5273 transitum
3061 5215 3129 5270 ad
3165 5214 3437 5282 Evangelii
3472 5229 3625 5268 seve-

2058 5311 2272 5366 ritatem
2306 5325 2413 5364 non
2441 5309 2601 5364 facile
2630 5310 2814 5380 recipi.
2858 5309 3088 5378 Propter
3112 5306 3256 5376 quod
3293 5305 3623 5360 documenta

2058 5411 2112 5458 ct
2149 5417 2270 5472 qua:
2323 5400 2599 5456 inducunt.
2637 5401 2706 5456 ad
2749 5402 3000 5456 virtutem
3054 5397 3466 5454 exhortationes
3509 5399 3628 5454 sine

2059 5493 2471 5548 intermissione
2499 5508 2622 5548 cum
2646 5503 2868 5562 paterna
2894 5490 3162 5544 suavitate
3197 5498 3412 5557 oportet
3448 5490 3623 5544 addu-

2058 5600 2216 5652 cere;
2247 5594 2304 5638 et
2332 5585 2396 5638 de
2424 5584 2491 5637 iis
2521 5583 2740 5653 quidem
2781 5597 2922 5652 quos
2955 5579 3274 5635 obedientes
3309 5579 3475 5635 babes
3502 5597 3628 5650 gra-

2061 5676 2190 5730 tiam
2221 5676 2331 5732 Dco
2369 5676 2573 5730 referre
2605 5681 2697 5744 qui
2729 5675 2874 5729 dedit
2926 5674 3034 5727 vim
3085 5674 3192 5730 tuis
3238 5673 3579 5730 documentis
3612 5690 3627 5736 ;

2061 5780 2155 5823 eos
2182 5775 2361 5822 autem
2393 5780 2530 5836 quos
2557 5763 2781 5821 rebelles
2806 5763 3014 5821 invenis
3039 5780 3232 5835 magna
3260 5764 3442 5820 animo
3465 5761 3636 5822 terra.
