4038 6204
383 366 492 432 2ἰῖ

1524 359 1835 424 NICOLAI
1875 358 1986 422 (ΣΡ.
2025 356 2540 420 PATRIARCH/E

3533 348 3630 415 9&3

387 491 440 533 (ιι
483 475 722 532 maxime
763 473 810 532 si
852 473 924 532 ita
962 474 1336 532 inobedientes
1380 473 1448 530 de
1481 475 1812 545 primoribus
1847 474 1957 528 sint

2080 473 2251 544 [εσθαι
2295 469 2689 544 μακροθύμως,
2722 466 2816 521 καὶ
2853 465 3086 537 μάλιστα
3121 463 3231 518 τῶν
3263 460 3629 517 ἀπειθούντων

393 569 600 638 pepuli,
635 578 690 622 et
723 583 831 622 non
862 583 925 622 ex
960 567 1240 637 subjectis,
1267 566 1361 621 sed
1397 580 1460 620 ex
1485 566 1771 635 imperium
1799 580 1960 620 exer-

389 661 664 715 rentibus.
719 657 854 712 Nam
890 659 944 712 in
979 659 1266 712 inferiores
1295 657 1508 726 quidem
1544 656 1726 711 forsan
1779 656 1959 710 acrius

383 762 437 805 et
470 747 843 804 vehementius
876 747 1058 802 invehi
1085 747 1183 801 tibi
1209 748 1292 801 fas
1318 755 1421 802 est.
1452 745 1556 812 Qui
1591 755 1770 800 autem
1805 745 1959 799 mul-

385 854 500 894 tum
535 849 780 910 potentes
814 848 944 893 sunt
981 839 1244 894 adversus
1273 839 1454 892 omnis
1489 838 1673 908 populi
1704 841 1958 903 salutem,

387 933 700 989 necessario
732 931 1024 986 videndum
1081 941 1165 986 est
1222 946 1290 986 ne
1325 945 1576 1000 asperius
1628 946 1728 985 nos
1762 931 1815 983 in
1865 943 1961 984 eos

392 1037 637 1097 agentes,
663 1026 868 1081 incauti
895 1039 988 1080 eos
1010 1025 1247 1094 denique
1275 1037 1686 1093 exasperemus,
1734 1031 1962 1075 cuncta-

388 1135 494 1184 que
527 1133 742 1173 sursum
778 1119 1032 1171 deorsum
1069 1126 1369 1170 vertamus.

2064 567 2164 635 τῆς
2197 564 2536 636 ὑψηλοτέρας
2566 561 2770 626 τάξεως
2799 559 2894 613 τοῦ
2916 558 3101 622 ἔθνους
3123 555 3506 626 ὑπαρχόντων,
3541 556 3628 607 καί

2067 661 2127 712 οὑ
2180 658 2290 710 τῶν
2331 657 2674 728 ἀρχομένων,
2729 653 2868 707 ἀλλὰ
2932 652 3040 704 τῶν
3105 650 3296 720 ἄρχειν
3338 648 3636 717 λαχόντων.

2067 750 2211 821 “pb;
2246 751 2342 818 μὲν
2368 751 2475 818 γὰρ
2498 748 2622 810 τοὺς
2653 745 3000 816 ὑποχειρίους
3025 742 3188 812 τυχὸν
3241 741 3333 793 καὶ
3361 739 3629 809 αὐστηρό-

2067 860 2225 914 τερον
2253 843 2347 895 καὶ
2370 837 2928 908 ἐξουσιαστικώτερον
2955 838 3181 889 δυνατόν
3230 850 3311 886 σοι
3344 847 3614 902 προσενεχ

2060 933 2240 1002 θῆναι,
2297 932 2392 986 καὶ
2452 931 2514 984 τὸ
2567 931 2828 998 ἀτόπημα
2879 927 3148 998 μηδαμῶς
3202 921 3628 987 καταδέξασθαι.

2058 1024 2202 1092 Πρὸς
2234 1023 2291 1076 δὲ
2329 1023 2458 1084 τοὺς
2486 1019 2629 1089 μέγα
2661 1017 2994 1088 δυναμένους
3047 1017 3125 1079 εἰς
3179 1014 3496 1068 ἐναντίωσιν
3527 1012 3630 1081 τῆς

2055 1115 2150 1168 τοῦ
2183 1115 2386 1177 παντὸς
2413 1113 2599 1175 ἔθνους
2626 1112 2900 1182 σωτηρίας
2931 1110 3145 1180 ἀνάγκη
3191 1107 3525 1176 λογίζεσθαι,
3561 1107 3635 1174 μή

390 1228 507 1275 πως
531 1209 873 1283 τραχύτερον
899 1209 1058 1279 ἡμῶν
1091 1209 1227 1277 πρὸς
1288 1209 1486 1272 αὐτοὺς
1537 1209 1954 1278 διατιθεμένων,
1996 1209 2251 1278 λήσωμεν
2316 1207 2514 1270 αὑτοὺς
2572 1206 2756 1259 τέλεον
2784 1203 3243 1274 ὲξαγριώσαντες,
3275 1201 3370 1254 καὶ
3399 1199 3510 1254 ἄνω
3544 1216 3640 1274 και

389 1304 542 1357 κάτω
569 1303 630 1356 τὸ
657 1305 764 1356 πᾶν
798 1302 1266 1371 καταστήσαντες.

461 1412 596 1469 LIII.
627 1411 826 1466 Joanni
873 1413 1205 1466 sanctissimo
1238 1414 1469 1482 antiqna’
1505 1412 1681 1465 Roma:
1715 1411 1896 1480 Papa’.

459 1597 588 1664 Quae
635 1595 792 1650 nobis
822 1595 1149 1657 acciderim,
1185 1593 1496 1648 beatissime
1527 1592 1713 1654 frater,
1747 1601 1968 1661 propter

387 1697 610 1758 peccata
663 1695 846 1742 nostra
889 1685 982 1757 (ita
1033 1686 1176 1739 enim
1218 1685 1347 1738 mihi
1384 1685 1713 1752 loquendum
1760 1691 1861 1746 est,
1915 1691 1970 1736 et

2066 1411 2192 1464 NI".
2241 1409 2492 1478 Ἰωάννῃ
2528 1407 2606 1474 τῷ
2629 1407 2928 1478 ἁγιωτάτῳ
2958 1403 3131 1470 Πάπςι
3173 1402 3280 1471 τῆς
3322 1401 3650 1471 πρεσϐυτέ-

2607 1497 2720 1546 ρας
2774 1477 3001 1546 Ῥώμης
3025 1478 3124 1545 (ἰ).

2139 1595 2279 1648 "031
2305 1594 2437 1661 ἡμῖν
2473 1592 2776 1661 ἀπήντησε,
2817 1587 3202 1658 μακαριώτατε
3239 1587 3398 1656 ἡμῶν
3431 1586 3650 1656 ἀδελερέ,

2071 1691 2161 1743 δια
2193 1687 2292 1750 τὰς
2327 1685 2605 1755 ἁμαρτίας
2657 1683 2816 1753 ἡμῶν
2871 1682 3038 1751 (οὑτω
3066 1681 3173 1752 γὰρ
3203 1681 3303 1750 ἐμὲ
3333 1680 3413 1732 δεῖ
3443 1680 3648 1747 λέγειν,

389 1781 594 1849 qurevis
632 1780 737 1832 alia
771 1793 938 1832 causa
969 1776 1198 1830 inferior
1232 1783 1314 1829 est
1358 1777 1516 1844 culpa
1552 1776 1765 1844 nostra)
1811 1783 1960 1827 tuam

2080 1785 2162 1838 ιαί
2190 1781 2546 1852 ὑποχωρείτω
2577 1781 2609 1850 ἡ
2641 1779 2747 1832 τῶν
2772 1778 2947 1833 ἄλλων
2988 1777 3137 1830 αἰτία
3165 1777 3264 1845 τῆς
3306 1776 3426 1828 καθ’
3485 1774 3649 1845 ἡμῶν

395 1872 742 1925 sanctitatem
781 1869 966 1939 fugere
1009 1885 1114 1922 non
1155 1868 1414 1931 arbitror,
1459 1883 1635 1936 neque
1665 1867 1963 1922 novissima

393 1978 516 2031 qua:
549 1963 598 2015 in
634 1971 819 2016 nostra
852 1961 1092 2016 Ecclesia
1125 1970 1427 2015 evenerunt
1454 1961 1734 2025 scandala,
1767 1975 1960 2030 parum

391 2059 544 2111 abest
560 2055 688 2124 quin
713 2055 888 2109 dicam
917 2054 1189 2109 veteribus
1214 2054 1487 2122 graviora,
1517 2068 1617 2108 nec
1652 2053 1815 2108 ullam
1853 2053 1965 2107 fere

390 2148 682 2203 solutionis
734 2163 908 2217 spem,
956 2148 1145 2203 saltem
1173 2159 1438 2218 quantum
1483 2148 1536 2202 in
1591 2148 1813 2203 homine
1861 2158 1966 2214 est,

390 2240 709 2309 prmbentia.
739 2237 907 2311 Igitur
939 2249 1196 2310 tanquam
1218 2241 1410 2295 scienti
1435 2240 1606 2295 satius
1629 2241 1758 2295 duxi
1778 2257 1837 2296 ea
1862 2257 1966 2295 non

392 2333 657 2399 scribere,
691 2347 926 2402 quorum
963 2331 1083 2386 sine
1117 2332 1253 2387 meis
1289 2333 1484 2387 litteris
1521 2349 1628 2387 non
1653 2347 1710 2387 es
1732 2333 1967 2388 nescius.

395 2424 807 2495 Supervacuum
833 2423 1000 2489 enim,
1047 2438 1114 2477 ne
1145 2423 1320 2477 dit-am
1361 2439 1580 2492 vanum,
1612 2440 1735 2480 eum
1773 2423 1970 2480 docere

391 2517 483 2587 qui
509 2531 615 2570 non
649 2515 854 2586 indiget
893 2524 951 2570 ut
975 2516 1257 2570 doceatur.
1292 2515 1406 2571 Hoc
1439 2527 1618 2572 autem
1651 2518 1830 2573 scribo
1853 2527 1973 2571 tan-

392 2620 531 2672 tum,
571 2609 780 2663 scilicet
815 2610 1104 2663 tumultum
1136 2609 1394 2664 Ecclesire
1428 2619 1628 2665 nostra:
1669 2609 1782 2678 iam
1811 2611 1975 2680 quin-

394 2701 573 2755 decim
621 2699 821 2754 abhinc
877 2715 1056 2766 annis,
1107 2715 1209 2770 pax
1242 2715 1364 2770 quae
1403 2710 1696 2770 exsuperat
1748 2716 1966 2754 omnem

397 2809 619 2848 sensum
649 2792 915 2847 Dominus
942 2802 1128 2846 noster
1160 2804 1214 2846 et
1262 2792 1402 2846 Deus
1431 2790 1590 2847 Jesus
1622 2793 1877 2848 Christus
1918 2799 1971 2847 in

395 2887 634 2954 quietem
663 2883 937 2944 dissolvit,
966 2891 1019 2936 et
1047 2883 1325 2935 horridam
1359 2891 1760 2948 tempestatem,
1793 2886 1976 2953 inspe-

397 2987 569 3030 ratam
599 2976 936 3029 sedationem
970 2975 1218 3028 sortitam
1252 2973 1400 3045 (quis
1429 2975 1747 3044 Deijudicia
1801 2985 1978 3047 potest

397 3065 630 3123 scrutari
655 3065 696 3135 ί)
725 3065 775 3119 in
809 3065 974 3119 altam
1006 3065 1455 3135 tranquillitatem
1483 3067 1665 3122 subito
1689 3070 1975 3135 convertit,

397 3161 551 3215 nulla
595 3167 966 3228 consequente
1007 3173 1249 3212 arrumna
1280 3200 1294 3226 ,
1330 3159 1545 3230 qualem
1581 3175 1722 3229 saepe
1755 3176 1840 3214 res
1874 3161 1976 3213 hu-
2008 3139 2050 3200 (ἶ

397 3267 574 3308 maria?
599 3260 802 3322 cogunt
839 3259 1037 3321 prmter
1065 3251 1378 3320 opinionem
1413 3253 1767 3322 supervenire
1811 3253 1972 3306 alicui

398 3341 640 3404 eventui,
677 3355 851 3411 neque
909 3341 1019 3394 ullo
1048 3341 1100 3393 in
1133 3343 1566 3410 experimentum
1595 3342 1771 3411 posito
1801 3344 1977 3396 ttibu-

398 3430 626 3485 rationis
659 3439 753 3484 aut
813 3433 1105 3499 angustiae,
1133 3441 1407 3484 extranea:
1438 3431 1684 3500 inquam,
1729 3435 1977 3502 proprio-

402 3544 522 3582 rum
559 3527 928 3596 spoliationis,
969 3526 1115 3579 illius
1163 3527 1372 3581 scilicet
1401 3527 1539 3581 alius
1573 3528 1804 3580 miseria:
1852 3541 1974 3595 qua:

401 3618 671 3673 dominari
699 3617 837 3671 solet
885 3617 939 3670 in
966 3617 1259 3682 rationem,
1288 3626 1341 3670 et
1365 3625 1559 3687 praeter
1582 3617 1974 3672 conscientiam

403 3708 546 3778 cogit
589 3707 898 3777 quempiam
922 3709 1230 3762 necessitati
1269 3711 1479 3764 cedere.
1516 3709 1618 3763 Sed
1656 3710 1826 3780 gratia
1859 3707 1974 3775 Dei,

403 3799 561 3869 quasi
605 3813 670 3852 ex
708 3814 812 3852 una
853 3799 1214 3853 conventione
1265 3800 1414 3869 (quid
1470 3800 1594 3855 dico
1623 3816 1688 3855 ex
1741 3801 1978 3854 humana

404 3891 768 3945 conventione
793 3891 856 3961 ?),
899 3891 990 3944 sed
1042 3905 1228 3945 revera
1268 3907 1331 3946 ex
1385 3891 1478 3946 Dei
1531 3905 1688 3956 nutu,
1732 3893 1784 3946 in
1819 3907 1980 3946 unam

405 3982 730 4036 seintentiam
764 3997 956 4036 omnes
987 3991 1384 4046 convenerunt,
1420 3995 1472 4038 ct
1517 3993 1663 4040 tenet
1701 3986 1842 4054 apud
1885 3999 1985 4040 nos

407 4084 592 4130 sancta
628 4075 870 4132 Ecclesia
931 4074 1026 4130 Dei
1063 4079 1113 4130 in
1139 4092 1240 4132 suo
1279 4091 1635 4148 congregatos
1663 4080 1809 4136 sinu.

2069 1877 2356 1948 ἐπηρείας)
2441 1874 2538 1946 τὴν
2603 1872 2700 1942 σὴν
2776 1870 3087 1940 ἁγιωσύνην
3143 1867 3512 1938 ὑπολαμϐάνω
3573 1868 3650 1936 μὴ

2070 1971 2311 2039 ἀγνοεῖν,
2363 1966 2484 2020 οὐδὲ
2522 1965 2589 2019 τὰ
2636 1967 2695 2018 ἐν
2739 1967 2804 2034 τῇ
2838 1961 2959 2015 καθ’
2990 1963 3139 2032 ἡμᾶς
3184 1959 3482 2028 Ἐκκλησία
3507 1976 3648 2027 συμ-

2070 2062 2344 2131 ϐεϐηκέτα
2373 2057 2611 2127 νεώτερα
2649 2057 2748 2126 μὲν
2781 2053 3072 2116 σκάνδαλα,
3116 2051 3316 2121 μικροῦ
3369 2050 3423 2102 δὲ
3469 2051 3649 2103 εἰπεῖν

2072 2155 2288 2210 ἀποδέω
2321 2153 2428 2207 τῶν
2455 2149 2696 2204 παλαιῶν
2731 2148 3032 2220 βιαιότερα,
3087 2146 3180 2199 καὶ
3231 2145 3332 2198 οὑκ
3398 2143 3464 2196 ἄν
3519 2159 3653 2194 ποτε

2071 2247 2281 2308 λύσεως
2311 2243 2500 2296 ἐλπίδα
2540 2240 2873 2311 παρέχοντα,
2909 2237 3011 2289 ὅσα
3064 2251 3128 2303 γε
3184 2233 3251 2286 τι
3305 2229 3650 2302 ἀνθρώπινα.

2087 2342 2174 2404 Ὠς
2202 2334 2294 2392 οῦν
2331 2336 2465 2407 πρὸς
2501 2334 2702 2395 εἰδότα,
2743 2329 3078 2400 παραλιπεῖν
3137 2325 3301 2379 καλὸν
3351 2323 3654 2393 ἡγησάμην

2071 2434 2133 2486 τὸ
2159 2432 2422 2503 γράφειν,
2450 2427 2485 2482 ἂ
2526 2426 2620 2480 καὶ
2655 2423 2750 2478 τοῦ
2779 2423 3107 2494 γράμματος
3136 2419 3305 2489 χωρὶς
3331 2416 3390 2468 οὑ
3424 2413 3656 2482 λέληθεν

2077 2526 2244 2596 ὑμᾶς.
2283 2519 2546 2591 Περιττδν
2574 2520 2704 2588 γὰρ,
2738 2517 2825 2568 ἵνα
2854 2515 2929 2584 μὴ
2985 2513 3132 2577 λέγω
3193 2510 3441 2580 μάταιον,
3511 2505 3660 2558 διδά-

2079 2635 2231 2672 σκειν
2262 2616 2350 2669 τὸν
2374 2615 2432 2677 ὃς
2462 2614 2522 2666 οὑ
2563 2611 2737 2664 δεῖται
2774 2606 3066 2677 μανθάνειν
3119 2603 3180 2656 τδ
3207 2602 3464 2670 δίδαγμα.
3511 2598 3658 2668 Γράο

2078 2727 2252 2781 φομεν
2274 2709 2331 2762 δὲ
2364 2707 2524 2759 τοῦτο
2595 2704 2778 2773 μόνον,
2830 2700 2905 2762 ὡς
2961 2699 3052 2750 τὸν
3098 2697 3338 2766 τάραχον
3388 2693 3486 2759 τῆς
3529 2688 3656 2743 καθ’

2079 2803 2228 2871 ἡμᾶς
2291 2796 2624 2865 Ἔκκλησίας
2705 2794 2814 2846 ἰδοῦ
2884 2788 3382 2844 πεντεκαιδέκατον
3442 2784 3560 2846 ἔτος
3623 2783 3659 2851 ἡ

2081 2893 2424 2962 ὑπερέχουσα
2478 2888 2656 2940 πάντα
2721 2884 2846 2937 νοῦν
2896 2883 3117 2954 εἰρήνη,
3163 2883 3192 2933 ὁ
3252 2877 3452 2950 Κύριος
3501 2873 3662 2944 ἡμῶν

2059 2982 2299 3052 ’Ἰησοῦς
2326 2981 2354 3033 ὁ
2384 2977 2624 3048 Χριστὸς
2651 2978 2746 3030 καὶ
2779 2975 2934 3038 Θεὸς,
2969 2976 3047 3036 εἰς
3077 2973 3136 3024 τὸ
3169 2972 3446 3040 ἀτάραχον
3485 2964 3662 3018 διελύ-

2083 3088 2238 3135 σατο,
2283 3071 2377 3122 καὶ
2406 3067 2506 3138 τὴν
2526 3066 2705 3134 δεινὴν
2736 3064 3055 3131 καταιγίδα,
3083 3061 3180 3116 καί
3215 3061 3349 3132 πρὸς
3387 3059 3444 3112 τὸ
3502 3056 3664 3111 ἀνέλ-

2071 3180 2273 3229 ,πιστον
2291 3161 2389 3230 τὴν
2430 3156 3218 3229 καταστόρεσινκεκτημένην.
3255 3153 3373 3223 (Τίς
3430 3149 3495 3204 ἂν
3544 3147 3666 3213 ἐξε-

2085 3255 2347 3327 ρευνήσαι
2381 3253 2520 3306 Θεοῦ
2569 3252 2813 3323 κρίματα
2844 3249 2885 3318 ς)
2946 3249 3083 3319 πρὸς
3139 3245 3362 3316 βαθεῖαν
3421 3240 3668 3310 γαλήνην

2079 3346 2277 3418 ἀθρόον
2336 3345 2663 3415 μετήνεγκε,
2753 3341 2984 3412 μηδενὸς
3069 3334 3664 3408 παρακολουθήσαντος

2080 3438 2396 3510 δυσχεροῦς,
2437 3433 2525 3491 οἷα
2555 3435 2819 3496 πολλάκις
2849 3433 2910 3486 τδ
2951 3429 3296 3502 ἀνθρώπινον
3349 3425 3665 3489 ἐκϐιάζεται

2083 3534 2236 3605 παρᾶ
2256 3532 2482 3602 γνώμην
2507 3528 2869 3600 συνέρχεσθαι
2897 3527 2975 3598 τῷ
3023 3523 3314 3594 γινομένῳ,
3345 3521 3466 3574 ούδέ
3521 3535 3668 3581 τινος
3709 3555 3712 3558 -

2085 3624 2456 3684 καταστάντος
2507 3622 2589 3684 εἰς
2635 3623 2832 3692 πεῖραν
2884 3616 3115 3684 θλίψεως
3179 3613 3211 3684 ἢ
3277 3608 3666 3680 στενοχωρίας.

2086 3715 2387 3785 ὑπερορίας
2409 3714 2572 3783 φημὶ,
2604 3711 2714 3764 τῶν
2737 3710 2955 3763 οἰκείων
2987 3705 3435 3776 ἀποστερήσεως,
3473 3701 3669 3753 ταλαι-

2081 3807 2294 3879 πωρίας
2336 3806 2523 3874 ἄλλης,
2557 3805 2656 3874 ὅση
2689 3803 2976 3872 τυραννεῖν
3007 3797 3360 3865 ἐξεπίσταται
3407 3794 3496 3846 τὸν
3524 3793 3672 3859 λογι-

2085 3901 2242 3969 σμὸν,
2271 3897 2367 3951 καὶ
2390 3897 2543 3963 παρά
2595 3894 2902 3960 συνείδησιν
2935 3889 3242 3960 ἀναγκάζει
3301 3886 3375 3956 τῷ
3420 3881 3673 3937 δοκοῦντι

2083 3994 2150 4063 τῇ
2189 3992 2409 4060 ἀνάγκῃ
2463 3985 2840 4058 συνέρχεσθαι.
2892 3983 3060 4037 Ἀλλὰ
3121 3982 3229 4050 γὰρ
3276 3978 3462 4051 χάριτι
3507 3972 3672 4036 Θεοῦ.

2088 4078 2278 4150 ὥσπερ
2312 4078 2372 4143 ἐξ
2431 4077 2548 4140 ἑνὸς
2604 4076 2954 4145 συνθήματος
2995 4072 3069 4142 (τί
3125 4070 3272 4139 λέγω
3325 4064 3673 4132 ἀνθρωπίνου

407 4169 754 4240 συνθήματος
776 4169 814 4237 ;)
845 4169 984 4223 ἀλλά
1031 4171 1106 4241 τῷ
1143 4174 1254 4226 ὄντι
1287 4175 1434 4227 θείου
1489 4173 1760 4244 νεύματος
1815 4177 1894 4238 εἰς
1925 4175 1982 4228 ἓν
2022 4177 2277 4246 φρόνημα
2309 4176 2512 4236 πάντες
2573 4171 2855 4241 συνῆλθον,
2886 4170 2980 4222 καὶ
3043 4166 3431 4239 ἕχειὸιπαντας
3497 4163 3530 4232 ἡ
3575 4157 3673 4212 τοῦ

403 4261 541 4314 Θεοῦ
599 4262 722 4316 καθ’
783 4264 929 4335 ἡμᾶς
984 4262 1117 4332 ἁγία
1186 4265 1484 4337 Ἐκκλησία
1553 4267 1612 4319 ἐν
1665 4269 1779 4328 τοῖς
1814 4266 1978 4337 ἱεροῖς
2022 4267 2191 4335 αὑτῆς
2223 4265 2594 4335 συνηγμένους
2628 4263 2873 4324 κόλποις.

478 4353 584 4410 Sed
615 4355 731 4411 hate
781 4358 1000 4426 quidem
1054 4359 1120 4411 de
1154 4360 1336 4414 nobis.
1375 4359 1643 4426 Quoniam
1696 4371 1877 4415 autem
1935 4370 1988 4414 et

2178 4361 2340 4413 ’Λλλά
2371 4360 2438 4411 τὰ
2489 4357 2588 4428 μὲν
2642 4357 2890 4427 ἡμέτερα
2941 4355 3188 4409 τοιαῦτα.
3239 4351 3462 4422 Ἐπειδὴ
3489 4350 3546 4402 δὲ
3571 4345 3672 4401 καὶ

407 4457 645 4502 vestram
699 4451 995 4501 fraternam
1038 4449 1107 4502 ab
1152 4449 1310 4504 initio
1349 4452 1612 4505 unitatem
1667 4452 1977 4520 querimus,

2093 4453 2190 4524 τὴν
2223 4452 2496 4522 ὑμετέραν
2526 4449 2821 4519 ἀδελφικὴν
2881 4448 2942 4513 ἐξ
2997 4447 3175 4518 ἀρχῆς
3231 4445 3425 4498 ἕνωσιν
3474 4441 3673 4509 ἐπιζη-

409 4555 596 4607 quam,
627 4539 955 4606 quihusdam
989 4554 1054 4592 ex
1105 4541 1263 4595 nobis
1298 4542 1362 4593 ad
1412 4558 1507 4595 vos
1541 4543 1982 4604 transeuntibus,

409 4643 560 4682 mine
603 4637 814 4682 tantum
863 4629 1204 4682 disciderunt
1236 4647 1356 4699 qua:
1404 4632 1456 4684 in
1504 4630 1744 4686 Ecclesia
1796 4643 1986 4687 nostra

411 4725 714 4772 evenerunt
760 4716 1039 4782 scandala,
1075 4717 1240 4788 hujus
1272 4721 1350 4774 rei
1400 4736 1564 4774 causa
1602 4732 1788 4775 notum
1831 4724 1986 4779 vehis

417 4807 675 4872 facimus,
709 4806 1025 4862 beatissime
1067 4806 1254 4871 frater,
1289 4817 1349 4862 ut
1378 4819 1433 4862 et
1480 4825 1579 4865 vos
1621 4812 1738 4880 pari
1791 4823 1991 4866 nostra:

417 4897 874 4962 condelectantes,
908 4900 1142 4967 primum
1177 4900 1419 4969 quidem,
1471 4904 1614 4972 quod
1669 4915 1721 4957 et
1784 4908 1992 4974 absque

420 4992 600 5047 verbis
645 4993 848 5046 nostris
883 5003 1317 5049 consentaneum
1351 5004 1455 5060 est,
1507 4996 1822 5066 glorificetis
1863 5013 1987 5052 eum

419 5087 512 5156 qui
546 5084 765 5153 reliquit
814 5085 973 5138 nobis
1009 5087 1162 5153 pacis
1196 5087 1571 5142 haereditatem
1620 5098 1675 5143 et
1720 5104 1838 5142 eam
1878 5089 1993 5145 sin-

421 5178 562 5247 gulis
607 5176 822 5238 diebus,
852 5191 1166 5245 quanquam
1224 5179 1494 5247 malignus
1547 5194 1664 5232 eam
1719 5182 1994 5249 surripere

421 5281 672 5335 conatur,
711 5279 1006 5324 conservat
1050 5278 1228 5322 tamen
1268 5270 1333 5324 iis
1369 5272 1461 5340 qui
1515 5271 1749 5342 diligunt
1783 5274 1932 5329 illum
1979 5293 1993 5328 :

423 5361 638 5424 deinde,
670 5372 753 5426 ut,
801 5361 1184 5417 scandalorum
1236 5362 1413 5415 soluta
1467 5378 1657 5428 causa,
1699 5377 1886 5419 mutua
1927 5366 1995 5420 ad

424 5449 656 5504 invicem
713 5452 1058 5507 transmissio
1103 5460 1158 5506 et
1208 5451 1539 5520 colloquium
1589 5457 1995 5510 renovationem

424 5539 823 5608 aceipiat;nee
866 5560 973 5599 non
1022 5555 1075 5600 et
1119 5544 1260 5599 sacri
1305 5545 1471 5600 vestri
1510 5546 1748 5600 nominis
1781 5549 1998 5616 procla-

2088 4545 2314 4615 τοῦμεν,
2359 4547 2455 4599 καὶ
2485 4543 2592 4596 τῶν
2617 4541 2677 4607 ἐξ
2707 4542 2864 4613 ἡμῶν
2928 4540 3068 4612 πρὸς
3102 4540 3248 4610 ὑμᾶς
3294 4532 3674 4607 παραγινομέ-

2091 4655 2219 4702 νων,
2276 4639 2343 4709 ἢν
2411 4637 2548 4700 τέως
2593 4635 2662 4688 τὰ
2706 4636 3058 4706 συμπεσόντα
3119 4633 3394 4687 σκάνδαλα
3446 4633 3512 4701 τῇ
3549 4629 3673 4681 καθ’

2093 4733 2241 4798 ἡμᾶς
2276 4729 2577 4801 Ἐκκλησία
2628 4727 2901 4796 διέκοψεν.
2939 4725 3144 4780 Τούτου
3197 4723 3262 4795 δὴ
3291 4723 3450 4794 χάριν
3474 4717 3674 4790 γνωρί-

2096 4823 2263 4892 ζομέν
2327 4839 2443 4886 σοι,
2512 4821 2900 4890 μακαριώτατε
2952 4817 3111 4888 ἡμῶν
3163 4816 3383 4885 ἀδελφέ,
3447 4813 3534 4866 ἵνα
3575 4810 3673 4865 καὶ

2099 4916 2255 4984 ὑμεῖς
2293 4916 2358 4983 τῇ
2395 4914 2554 4982 ἡμῶν
2587 4915 2784 4983 εἰρήνῃ
2835 4910 3388 4982 συνευφραινόμενοι,
3452 4905 3672 4976 πρῶτον

2105 5006 2205 5076 μὲν
2250 5005 2278 5058 ὃ
2323 5007 2418 5059 καὶ
2463 5006 2631 5076 χωρίς
2677 5004 2786 5057 τῶν
2816 5003 3104 5074 ἡμετέρων
3145 5003 3326 5070 λόγων
3378 4997 3676 5055 ἀκόλουθόν

2102 5101 2238 5162 ἐστι,
2299 5097 2560 5168 δοξάσητε
2618 5097 2708 5150 τὸν
2770 5096 3144 5150 καταλιπόντα
3190 5097 3281 5149 τὸν
3313 5096 3413 5164 τῆς
3447 5097 3674 5165 εἰρήνης

2098 5191 2301 5261 κλῆρον
2337 5193 2488 5260 ἡμῖν,
2515 5191 2608 5244 καὶ
2633 5189 2822 5242 τοῦτον
2842 5191 2964 5243 ὅσαι
3005 5191 3234 5259 ἡμέραι,
3260 5188 3307 5240 εἰ
3333 5189 3426 5240 καί
3446 5187 3612 5257 συλᾷν
3647 5189 3676 5238 ό

2100 5281 2335 5351 πονηρὸς
2363 5279 2710 5347 ἀγωνίζεται,
2734 5279 2884 5348 ὅμως
2929 5278 3352 5342 ὲπανασὼζοντα
3397 5279 3510 5336 τοῖς
3539 5277 3674 5342 ἀγα-

2097 5375 2274 5424 πῶσιν
2309 5371 2499 5424 αὑτόν·
2538 5369 2727 5422 ἔπειτα
2750 5369 2806 5422 δὲ
2837 5369 2924 5422 ἵνα
2972 5371 3067 5422 καὶ
3095 5368 3191 5438 τῆς
3223 5368 3330 5420 τῶν
3362 5365 3676 5418 σκανδάλων

2097 5463 2400 5532 λελυμένης
2458 5461 2641 5524 αἰτίας
2689 5464 2721 5532 ἠ
2778 5461 2917 5529 πρὸς
2975 5460 3238 5528 ἀλλήλους
3271 5457 3546 5528 ἀποστολὴ
3577 5459 3676 5510 καὶ

2101 5551 2383 5616 συνομιλία
2413 5553 2512 5622 τὴν
2543 5550 2887 5606 ἀνακαίνισιν
2911 5549 3150 5622 δέξηται.
3177 5549 3251 5602 Οὐ
3424 5548 3560 5603 ἀλλὰ
3585 5549 3679 5600 καὶ

423 5716 811 5845 ωῊῗἫΜιιὶιο
837 5727 920 5776 est
966 5724 1082 5780 haec
1105 5724 1321 5796 longior
1375 5721 1626 5794 epistola,
1661 5738 1821 5794 quam
1865 5725 1956 5782 illa
2003 5740 2124 5797 qua:
2164 5726 2354 5785 Latine
2385 5735 2562 5786 exstat
2587 5727 2935 5784 hrcviuscula
2975 5726 3116 5799 apud
3165 5725 3458 5783 Baronium
3489 5723 3555 5780 ad
3584 5741 3676 5788 an.

525 5786 660 5846 XVI.
