4038 6204
304 361 408 424 249

1762 369 2168 435 EPISTOIJE.

3448 377 3556 442 950

298 476 387 526 τοῦ
423 471 573 543 ἱεροῦ
625 472 782 543 ὑμῶν
847 474 1113 548 ὀνόματος
1163 481 1197 550 ἡ
1236 480 1541 553 ἀνάῤῥησις
1594 481 1732 547 μετὰ
1767 483 1866 551 τῆς

1981 485 2137 538 matio
2154 501 2278 540 cum
2298 495 2480 541 nostra
2504 487 2694 542 humili
2717 486 3160 544 denominatione
3181 487 3232 541 in
3261 489 3433 543 sacris
3467 506 3555 544 re-

299 563 450 633 ημῶν
497 569 977 638 τεταπεινωμένης
1029 570 1276 641 κλήσεως
1305 574 1364 624 ὲν
1401 575 1514 636 τοῖς
1556 575 1722 642 ἱεροῖς
1750 591 1874 628 συν-

300 659 538 728 άπτηται
599 657 902 728 διπτύχοις.
970 661 1142 716 Τοῦτο
1174 664 1232 718 δὲ
1272 665 1492 730 πάντως
1557 669 1868 738 γενήσεται,

297 749 397 802 τῶν
425 748 590 802 ἕνεκα
643 749 740 803 τοῦ
783 753 1049 822 τετάρτου
1112 757 1294 826 γάμου
1351 761 1763 833 προαχθέντων,
1791 764 1873 827 είς

298 839 583 909 ὁμολογίαν
607 841 1027 914 καθισταμένων
1059 847 1138 912 ὡς
1169 850 1421 922 ἐπράχθη
1456 854 1608 925 παρά
1643 856 1703 908 τὸ
1727 857 1868 922 δέον,

298 934 342 983 εξ
365 933 459 984 καὶ
483 934 581 1002 τῆς
617 933 907 1003 βασιλικῆς
942 938 1133 992 ἕνεκεν
1178 943 1530 1009 συμπαθείας
1555 945 1618 998 τὸ
1648 947 1874 1014 γεγονὸς

297 1020 454 1074 ἔλαϐε
511 1021 612 1093 τὴν
656 1025 1003 1082 κατάνευσιν.
1052 1026 1176 1083 Οἵδε
1216 1032 1330 1102 γὰρ
1380 1034 1515 1104 ήσὴ
1575 1034 1870 1103 τελειότης,

296 1115 376 1166 ὅτι
415 1130 523 1182 περ
551 1107 640 1167 οἷα
669 1116 845 1169 πολλὰ
873 1118 942 1170 τά
975 1119 1310 1191 ἀνθρώπινα
1346 1127 1702 1196 καινοτομίας
1731 1128 1874 1191 τινὸς

298 1208 609 1277 γινομένης,
664 1211 760 1260 καὶ
822 1211 896 1280 μὴ
951 1211 1050 1282 τὴν
1104 1214 1874 1290 ὀφειλομένηνλαμδανούσης

299 1297 616 1368 θεραπείαν,
663 1301 888 1371 ἀφορμή
937 1320 1022 1365 τις
1079 1306 1176 1358 καὶ
1227 1310 1309 1368 εἰς
1340 1312 1400 1361 τὸ
1433 1309 1628 1364 ἔπειτα
1657 1312 1872 1380 γίνεται

298 1392 404 1452 τοῖς
439 1389 790 1460 βουλομένοις
813 1395 907 1448 τοῦ
939 1396 1152 1461 δέοντος
1181 1402 1659 1472 παρατρέπεσθαι,
1686 1405 1875 1474 φέρειν

297 1483 391 1551 τὴν
419 1482 596 1553 ὁρμὴν
621 1486 1002 1557 ἀνεπίσχετον,
1057 1494 1514 1564 προτρεπομένης
1554 1496 1753 1555 αὐτοὺς
1783 1496 1876 1549 ἐπὶ

295 1574 467 1644 τούτῳ
487 1578 586 1646 τῆς
635 1579 1020 1652 προλιαδούσης
1067 1588 1548 1657 καταφρονήσεως.
1593 1589 1694 1642 Διά
1716 1589 1874 1643 τοῦτο

297 1667 387 1719 καὶ
415 1667 510 1719 νῦν
538 1669 622 1721 δεῖ
658 1671 719 1723 τὸ
776 1673 950 1726 αἴτιον
1009 1676 1234 1744 γεγονὸς
1283 1681 1392 1730 τῶν
1439 1681 1754 1734 σκανδάλων
1795 1683 1876 1745 εἰς

296 1759 587 1828 ὁμολογίαν
630 1764 934 1835 προελθεῖν,
985 1768 1070 1821 ὅτι
1116 1772 1266 1841 παρᾶ
1323 1772 1384 1825 τὸ
1412 1773 1532 1826 δέον
1575 1775 1826 1846 ἐπράχθη
1858 1792 1870 1805 ·

1981 587 2213 646 ponatur
2233 579 2523 650 diptychis.
2552 580 2686 635 lllud
2715 595 2843 635 vero
2861 580 3086 634 omnino
3129 579 3239 644 ﬁet,
3259 581 3554 635 dummodo

1977 670 2048 724 de
2097 673 2357 726 anteactis
2388 682 2704 741 quartarum
2735 675 3047 742 nuptiarum
3067 689 3257 735 causa,
3293 675 3433 727 inter
3454 690 3553 728 nos

1980 763 2264 816 conveniat
2313 764 2404 818 illa
2436 773 2621 818 contra
2647 765 2738 832 jus
2770 765 2909 819 facta
2941 764 3133 830 fuisse,
3160 766 3286 828 etsi,
3332 775 3554 835 propter

1981 852 2370 921 indulgentiam
2425 856 2478 908 in
2519 856 2930 924 imperatorem,
2985 857 3128 924 quod
3192 855 3392 909 factum
3467 865 3553 909 est

1981 958 2263 998 assensum
2298 946 2526 1014 accepit.
2560 945 2719 1000 Novit
2745 948 2890 1000 enim
2913 955 3094 1001 vestra
3120 949 3402 1012 sanctitas,
3432 963 3557 1015 per-

1980 1051 2122 1104 saepe
2146 1037 2198 1090 in
2239 1037 2400 1093 rebus
2436 1038 2686 1094 humanis
2726 1040 2960 1108 quadam
2995 1041 3348 1094 innovatione
3379 1041 3554 1093 inter-

1980 1131 2231 1184 veniente
2258 1146 2357 1185 nec
2381 1132 2617 1186 debitam
2655 1134 2956 1201 accipiente
2987 1136 3274 1193 medelam.
3305 1135 3559 1187 occasio-

1981 1238 2103 1276 nem
2135 1223 2258 1277 inde
2306 1225 2458 1278 nasci
2504 1225 2586 1279 his
2624 1226 2716 1294 qui
2761 1226 2850 1294 jus
2895 1225 3197 1292 transgredi
3253 1225 3462 1284 volunt,
3502 1234 3556 1277 et

1982 1315 2366 1378 impulsionem
2406 1318 2519 1370 ﬁeri
2545 1317 2656 1387 jam
2691 1318 2974 1381 invictam,
3005 1333 3128 1372 cum
3154 1319 3217 1370 ad
3248 1318 3298 1371 id
3331 1318 3554 1371 inducat

1983 1417 2229 1462 anteacta
2278 1411 2664 1478 transgressio.
2711 1409 3004 1478 Propterea
3063 1416 3275 1478 oportet
3311 1407 3363 1462 id
3409 1406 3553 1476 quod

1982 1499 2188 1555 factum
2241 1509 2322 1555 est
2355 1503 2733 1555 scandalorum
2771 1504 2944 1571 origo,
2995 1510 3183 1554 contra
3228 1501 3316 1568 jus
3350 1497 3551 1552 factum

1982 1593 2172 1655 fuisse,
2195 1601 2252 1647 ut
2279 1609 2387 1645 non
2419 1593 2470 1646 in
2507 1592 2556 1646 id
2583 1593 2850 1661 aspiciant
2877 1593 3031 1660 quasi
3059 1592 3111 1644 in
3136 1590 3432 1659 exemplar,
3459 1591 3553 1659 qui

1983 1684 2047 1738 ad
2083 1685 2263 1752 pejora
2311 1685 2560 1739 tendunt.
2621 1683 2736 1738 Non
2785 1686 2997 1740 desinet
3044 1694 3222 1738 autem
3285 1682 3552 1752 quidquid

1985 1776 2208 1829 humani
2244 1776 2404 1830 habet
2455 1777 2571 1831 haec
2622 1777 2904 1846 impulsio,
2960 1777 3134 1830 donec
3184 1775 3380 1845 accipit
3413 1790 3554 1844 pra:-

297 1849 436 1904 ὥστε
489 1855 688 1924 μηκέτι
742 1857 998 1930 καθάπερ
1042 1861 1124 1925 είς
1163 1881 1216 1916 τι
1263 1863 1582 1935 ἀρχέτυπον
1631 1867 1874 1938 ὁρῶντας

1981 1867 2126 1920 vium
2156 1867 2220 1920 ad
2254 1867 2614 1922 imitationem
2648 1869 3088 1922 incitamentum.

297 1946 418 2006 τοὺς
449 1946 542 1999 ἐπὶ
599 1948 658 2000 τὸ
708 1952 893 2022 χεῖρον
933 1953 1327 2024 ὡρμημένους.
1389 1958 1464 2010 Οὐ
1509 1959 1782 2014 παύσεται
1807 1961 1863 2014 δὲ
1902 1961 2120 2024 πάντως
2151 1961 2213 2014 τὸ
2269 1961 2616 2033 ἀνθρώπινον
2693 1963 2792 2033 τῆς
2830 1961 3090 2032 τοιαύτης
3118 1961 3318 2031 ὁρμῆς,
3349 1959 3454 2022 ἕως
3488 1959 3555 2012 ἂν

297 2037 354 2087 τδ
375 2037 530 2102 γένος
556 2037 824 2109 λαμϐάνει
873 2043 972 2113 τὴν
1016 2045 1246 2115 πρόοδον
1293 2049 1688 2118 ὲπαλείςρεσθαι
1731 2051 1870 2123 πρὸς
1908 2053 2007 2126 τὴν
2037 2053 2293 2124 μίμησιν.

363 2128 534 2183 Τοῦτο
559 2132 659 2201 μὲν
691 2130 828 2200 οἴδα,
867 2136 941 2200 ὡς
985 2139 1077 2191 καὶ
1105 2139 1180 2211 μὴ
1203 2143 1527 2212 γραφόντων
1558 2146 1771 2217 ἡμῶνὴ
1804 2147 1874 2218 σὴ

297 2217 602 2290 ἀμώμητος
640 2225 737 2277 καὶ
769 2227 1191 2301 ἐμφρονεστάτη
1237 2233 1384 2304 ψυχὴ
1419 2237 1511 2288 καὶ
1561 2217 1874 2304 ἐπίσταται,

298 2311 390 2362 καὶ
418 2313 521 2382 τῆς
555 2316 858 2387 εἰρημένης
885 2322 1253 2392 προνοήσεται
1284 2327 1608 2394 ἀσφαλείας,
1645 2329 1791 2397 ὅμως
1819 2331 1875 2383 δὲ

295 2401 444 2453 οὐδὲν
498 2405 729 2469 ἀπεικὸς
774 2409 871 2462 καὶ
933 2411 1082 2480 ἡμᾶς
1134 2417 1264 2485 περὶ¹
1306 2416 1515 2472 τούτων
1557 2420 1872 2492 ὑπόμνησιν

295 2494 505 2560 αέρειν.
537 2496 637 2549 Διὰ
663 2497 836 2552 ταῦτα
867 2506 962 2556 καὶ
982 2504 1011 2555 ὀ
1046 2503 1397 2580 φιλόχριστος
1421 2511 1581 2581 ἡμῶν
1617 2513 1875 2583 βασιλεὺς

295 2586 577 2641 Βασίλειον
615 2591 706 2644 τὸν
757 2594 1150 2652 εὐκλεέστατον
1213 2605 1717 2676 πρωτοσπαθάριον
1769 2607 1869 2660 καὶ

297 2679 388 2732 ἐπὶ
414 2681 511 2733 τοῦ
532 2687 980 2756 χρυσοτρικλίνου
1008 2693 1148 2761 μετὰ
1168 2694 1260 2747 τοῦ
1286 2697 1491 2750 οίκείου
1518 2697 1872 2762 ἐξαπέστειλε

294 2769 646 2842 γράμματος,
673 2779 768 2830 καὶ
820 2782 980 2850 ἡμεῖς
1025 2785 1287 2854 Εὑλόγιον
1329 2788 1424 2841 τὸν
1468 2790 1869 2846 εὐλαϐέστατον

296 2865 674 2935 πρεσϐύτερον
733 2873 830 2925 καὶ
882 2874 1363 2942 κουὸουκλείσιον,
1428 2883 1523 2935 καὶ
1581 2882 1871 2954 ἄνθρωπον

293 2958 451 3026 ἡμῶν
479 2960 622 3029 μετὰ
644 2962 738 3016 τοῦ
768 2967 1044 3037 ἡμετέρου
1071 2971 1404 3042 γράμματος
1455 2975 1876 3039 συνεξαπεστεί-

297 3051 490 3120 λαμεν,
524 3056 733 3119 ἐκεῖνα,
767 3060 862 3111 καὶ
892 3061 992 3113 σὺν
1023 3065 1138 3126 τοῖς
1169 3066 1466 3136 γράμμασι
1497 3070 1592 3121 καὶ
1623 3070 1730 3139 πρὸ
1761 3070 1869 3124 τῶν

2051 2145 2164 2202 lloc
2195 2149 2413 2218 quidem
2453 2149 2600 2209 novi,
2642 2150 2803 2204 etiam
2834 2165 2940 2204 non
2974 2150 3339 2205 scribentibus
3374 2147 3552 2214 nobis,

1977 2248 2124 2294 tuam
2153 2240 2685 2310 irrepreltensibilem
2713 2253 2761 2297 ct
2794 2243 3275 2312 prudentissimam
3310 2242 3550 2296 animum

1977 2343 2030 2388 et
2059 2335 2257 2389 callere
2290 2343 2343 2388 et
2397 2336 2681 2404 providere
2721 2335 2880 2390 dictae
2941 2335 3245 2391 securitati.
3301 2334 3551 2389 Attamen

1983 2440 2088 2479 non
2136 2425 2233 2480 abs
2297 2442 2354 2481 re
2385 2435 2538 2482 estet
2603 2443 2702 2482 nos
2751 2428 2818 2484 de
2872 2428 2958 2483 his
3010 2429 3329 2482 memoriam
3381 2426 3448 2479 ad
3503 2437 3554 2479 te

1982 2513 2246 2583 perferre.
2289 2514 2412 2570 Ideo
2462 2525 2515 2571 et
2550 2517 2672 2586 pius
2701 2527 2892 2571 noster
2938 2517 3238 2586 imperator
3290 2514 3552 2567 Basiliam

1983 2609 2420 2663 illustrissimum
2470 2608 2973 2678 protospatharium
3015 2617 3068 2661 et
3105 2607 3255 2660 aurei
3311 2605 3550 2660 cubiculi

1983 2699 2298 2771 prtel'ectum
2330 2717 2451 2755 cum
2481 2701 2717 2769 propriis
2739 2700 2937 2753 litteris
2964 2699 3134 2764 misit,
3165 2706 3218 2754 ct
3243 2712 3344 2752 nos
3382 2696 3552 2750 Eulo-

1977 2796 2123 2863 gium
2157 2793 2632 2862 religiosissimum
2658 2793 3036 2862 presbyterum
3065 2800 3119 2845 et
3147 2788 3550 2844 cubicularium

1975 2895 2030 2941 et
2070 2885 2346 2938 hominem
2387 2894 2635 2939 nostrum
2687 2899 2807 2938 cum
2857 2882 3088 2952 epistola
3128 2889 3315 2935 nostra
3372 2877 3539 2934 simul

1974 2977 2256 3040 misimus,
2299 2975 2384 3030 cui
2443 2976 2825 3030 mandavimus
2863 2960 2978 3028 haec
3028 2982 3141 3026 tttm
3191 2987 3312 3026 cum
3348 2971 3545 3025 litteris

1975 3078 2088 3123 tum
2127 3069 2347 3136 pmprio
2375 3082 2469 3122 ore
2493 3067 2696 3132 dicere,
2735 3076 2795 3120 ut
2827 3081 2948 3135 qua:
2984 3065 3036 3119 in
3074 3074 3263 3118 nostra
3299 3063 3549 3118 Ecclesia

291 3145 644 3214 γραμμάτων
665 3150 843 3221 οίκείᾳ
871 3152 1092 3228 γλώσσῃ
1113 3157 1506 3227 ἐπιτρέψαντες
1527 3164 1870 3231 πρόσειπεῖν,

1981 3163 2245 3232 impressa
2289 3161 2469 3230 vigent
2501 3167 2554 3213 et
2588 3160 2888 3228 'pacilicnm
2920 3166 3120 3213 statum
3175 3156 3369 3226 adepta
3397 3162 3548 3215 sunt,

291 3234 434 3287 ὥστε
457 3237 529 3290 τά
555 3243 1029 3298 κατατυπωθέντα
1054 3248 1112 3299 έν
1141 3249 1205 3318 τῇ
1238 3249 1361 3301 καθ’
1388 3252 1535 3320 ἡμᾶς
1571 3252 1872 3323 Ἐκκλησέᾳ

292 3331 386 3380 καὶ
417 3331 709 3402 εἰρηνικὴν
735 3333 970 3390 λασόντα
997 3339 1354 3405 κατάστασιν,
1385 3342 1527 3395 οὓτω
1549 3346 1643 3397 καὶ
1693 3346 1760 3399 τὰ
1813 3347 1870 3397 ἐν

292 3418 422 3486 ὑμῖν
448 3422 778 3490 τυπωθῆναι
808 3429 901 3479 καὶ
938 3431 1018 3492 είς
1047 3432 1145 3501 τὴν
1189 3433 1309 3502 μεθ’
1332 3434 1491 3504 ἡμῶν
1539 3435 1734 3490 ἕνωσιν
1783 3437 1872 3491 διὰ

286 3511 387 3565 τοῦ
435 3515 681 3570 τοιούτου
733 3526 1068 3594 καταστῆναι
1112 3525 1307 3581 τύπου.
1363 3528 1552 3582 Ταῦτα
1604 3529 1662 3582 δέ
1723 3532 1872 3584 ἐστιν

287 3605 562 3674 οὖμενουν
631 3610 861 3681 οὐδεμία
935 3617 1046 3669 τῶν
1098 3621 1464 3690 πεπραχότων
1517 3623 1865 3694 κατάκρισις,

286 3699 405 3752 οὐδ’
437 3701 739 3774 ἀπόῤῥιῲις
779 3706 1064 3780 δυσφήμου
1116 3712 1276 3781 λόγου
1326 3714 1448 3767 κατ’
1491 3717 1694 3779 αὐτῶν,
1735 3718 1872 3770 ἀλλὰ

293 3792 464 3860 μόνον
526 3795 622 3848 τοῦ
675 3798 742 3851 τά
788 3805 1135 3874 γεγενημένα
1185 3809 1278 3859 ἐπὶ
1319 3808 1395 3878 τῷ
1427 3810 1673 3881 τετάρτῳ
1705 3811 1870 3881 γάμῳ

289 3885 758 3958 διομολογηθῆναι
795 3895 932 3964 πρὸς
960 3898 1020 3951 τὸ
1053 3901 1338 3969 συμπαθὲς
1383 3903 1597 3972 ὁρῶντα
1637 3905 1736 3975 τῆς
1775 3905 1875 3974 βα-

291 3977 515 4048 σιλικῆς
537 3985 661 4036 κατ’
690 3984 870 4040 ἐκεῖνο
899 3991 1096 4061 καιροῦ
1124 3993 1404 4058 ἀξιώσεως
1423 3997 1754 4066 γεγενῆσθαι
1776 3997 1878 4066 (ι),

287 4070 415 4123 ἀλλ’
440 4073 503 4125 οὐ
525 4077 665 4130 κατᾶ
692 4077 758 4129 τὸ
796 4084 1095 4151 προσῆκον,
1123 4084 1246 4137 οὐδὲ
1303 4089 1446 4140 κατὰ
1499 4089 1736 4158 θεσμοὺς
1780 4091 1881 4160 τῆς

302 4164 643 4235 Ἑκκλησίας
676 4186 692 4202 ο
713 4169 742 4223 ὃ
774 4173 866 4224 καὶ
913 4176 1082 4244 χωρὶς
1126 4177 1237 4231 τῶν
1271 4179 1562 4250 ἡμετέρων
1618 4180 1794 4249 λόγων
1824 4184 1874 4236 ot

293 4258 418 4309 τότε
452 4258 532 4328 τῷ
562 4259 665 4330 βίῳ
687 4264 977 4332 παρόντες,
1003 4270 1146 4338 φημὶ
1202 4271 1259 4324 δὲ
1308 4271 1533 4340 Σέργιος
1589 4272 1667 4340 (ὃν
1693 4275 1750 4326 ὲν
1775 4276 1884 4334 τοῖς

298 4354 600 4422 μακαρίοις
625 4354 858 4426 εὔχομαι
883 4363 1245 4433 συντετάχθαι
1277 4363 1644 4436 ἀρχιερεῦσι),
1678 4364 1775 4418 καὶ
1831 4365 1881 4417 οἱ

1979 3269 2041 3307 ea
2103 3266 2322 3322 quoque
2353 3249 2494 3320 apud
2537 3264 2640 3304 vos
2693 3249 3034 3312 sanciantur,
3087 3255 3140 3301 et
3192 3248 3244 3300 in
3303 3254 3551 3300 mutuam

1981 3345 2121 3399 inter
2174 3359 2274 3398 nos
2334 3343 2595 3397 unitatem
2621 3343 2808 3396 eadem
2856 3340 3027 3395 forma
3061 3348 3389 3394 statuantur.
3423 3337 3555 3403 Quae

1981 3437 2201 3507 quidem
2246 3437 2558 3490 nullatenus
2615 3444 2741 3489 sunt
2801 3441 3078 3504 gestorum
3143 3430 3552 3492 condemnatio,

1987 3545 2087 3584 nec
2125 3544 2314 3583 eorum
2365 3527 2672 3596 repudiatio
2725 3541 2848 3596 quae
2896 3526 2962 3580 de
3017 3524 3105 3580 bis
3147 3523 3383 3577 inlanste
3411 3521 3552 3576 dicta

1982 3631 2132 3686 sunt,
2165 3621 2258 3676 sed
2291 3629 2500 3675 tantum
2525 3628 2584 3674 ut
2607 3620 2896 3675 conveniat
2920 3634 2981 3671 ea
3008 3633 3126 3688 qua:
3157 3617 3302 3672 circa
3330 3625 3554 3684 quartas

1980 3716 2202 3784 nuptias
2233 3723 2382 3784 gesta
2416 3723 2564 3777 sunt,
2597 3722 2845 3782 respectu
2883 3712 3249 3781 imperatoriae
3275 3707 3554 3777 dignitatis

1979 3823 2080 3877 pro
2119 3817 2365 3876 tempore
2401 3823 2523 3861 cum
2564 3806 2900 3875 indulgentia
2927 3815 3073 3873 gesta
3109 3804 3301 3866 fuisse,
3325 3801 3417 3856 sed
3447 3815 3552 3854 non

1978 3899 2082 3953 rite
2113 3907 2208 3953 aut
2252 3899 2552 3952 secundum
2589 3897 2846 3953 Ecclesiae
2881 3899 3045 3966 leges.
3080 3897 3233 3964 Quod
3264 3904 3318 3950 et
3346 3896 3554 3963 absque

1983 3989 2190 4043 nostris
2217 3987 2398 4040 verbis
2430 3989 2465 4040 ii
2506 3988 2596 4055 qui
2627 3996 2758 4042 tunc
2801 3988 2907 4040 vita
2947 3986 3291 4049 fruebantur,
3329 3984 3556 4053 Sergius

1983 4082 2192 4138 scilicet
2218 4081 2400 4152 (quem
2429 4080 2603 4136 beatis
2622 4081 2782 4150 cupio
2803 4079 3154 4133 annumerari
3175 4074 3554 4148 pontiﬁcibus)

1981 4184 2036 4230 et
2060 4174 2153 4244 qui
2188 4189 2310 4227 cum
2337 4188 2402 4227 co
2423 4182 2596 4238 erant,
2626 4174 2680 4226 in
2718 4173 2836 4228 suis
2867 4181 3204 4242 agnoverunt
3228 4170 3454 4224 litteris.
3487 4168 3557 4222 Et

1986 4286 2054 4324 ne
2088 4268 2224 4323 falsa
2255 4267 2437 4322 dicere
2468 4266 2772 4330 videamur,
2797 4267 2898 4320 has
2938 4268 3082 4336 ipsas
3133 4263 3202 4318 ab
3239 4264 3348 4318 illis
3399 4263 3557 4316 datas

1985 4361 2051 4416 ad
2085 4371 2136 4415 te
2161 4359 2415 4415 misimus
2441 4358 2671 4413 litteras.

296 4443 398 4494 σὺν
439 4444 669 4516 ἐκείνῳ,
706 4448 899 4510 ἐντοῖς
927 4450 1152 4513 οἶκείοις
1220 4452 1639 4524 διωμολόγησαν
1696 4453 2014 4524 γράμ-μασι.
2047 4450 2156 4502 Καὶ
2189 4448 2276 4502 ἵνα
2345 4447 2419 4518 μὴ
2480 4447 2723 4518 δόξωμεν
2784 4445 2854 4500 τὰ
2892 4445 2968 4518 μὴ
3024 4446 3152 4500 ὄντα
3181 4443 3383 4514 λέγειν,
3416 4441 3557 4496 αὐτὰ

290 4536 490 4589 ἑκεῖνά
516 4552 600 4588 σοι
631 4537 702 4589 τά
721 4538 1144 4608 διαπεμφθέντα
1175 4545 1308 4612 παρ’
1335 4545 1515 4597 αὐτῶν
1555 4544 2019 4611 ἔξαπεστείλαμεν
2045 4540 2355 4612 γράμματα
2390 4539 2488 4608 (2)-

380 4625 585 4690 ’Ᾱξίως
613 4626 705 4679 οὖν
735 4629 830 4681 καὶ
878 4632 979 4699 τῆς
1026 4631 1125 4700 σῆς
1183 4633 1438 4702 πράττων
1485 4635 1874 4706 ἀρχιερατικῆς

2060 4630 2233 4700 Digne
2267 4629 2433 4700 igitur
2465 4645 2632 4700 agens
2682 4639 2736 4684 et
2778 4638 2867 4684 tua
2899 4627 3175 4699 pontiﬁcia
3211 4629 3475 4699 gravitate
3505 4637 3560 4684 ct

292 4717 656 4785 σεμνότητος.
692 4720 787 4770 καὶ
839 4720 936 4788 τῆς
973 4722 1316 4794 τελειοτάτης
1352 4726 1691 4794 φρονήσεως,
1736 4723 1878 4778 οὕτω

297 4806 603 4877 βουλήθητι
652 4809 935 4863 διαθέσθαι
993 4811 1060 4866 τὰ
1116 4815 1440 4882 πράγματα,
1476 4814 1616 4869 ὥστε
1661 4816 1878 4870 καὶτὸν

293 4901 575 4954 ἀθάνατον
632 4903 726 4954 καὶ
779 4903 994 4973 πρῶτον
1043 4905 1305 4976 ἀρχιερέα
1360 4908 1518 4977 ἡμῶν
1575 4907 1667 4961 ἐπὶ
1717 4906 1881 4961 πλέον

290 4992 678 5062 εὐφρανθῆναι
703 4995 795 5046 ἐπὶ
821 4998 886 5064 τῇ
912 4997 1012 5064 τῆς
1037 4998 1158 5050 καθ’
1175 5000 1322 5067 ἡμᾶς
1361 4999 1686 5066 Ἐκκλησίας
1712 5017 1880 5053 κατα-

251 5105 254 5108 ί
288 5085 510 5138 στάσει.
550 5085 1004 5158 Εὖφρανθήσεται
1029 5090 1082 5142 δὲ
1131 5091 1402 5159 μηδεμιᾶς
1446 5092 1879 5162 ὑπολειπομένης

290 5180 563 5248 ἀφορμῆς
597 5181 709 5242 τοῖς
767 5183 1021 5252 ἀφορμὴν
1053 5178 1138 5235 οἷα
1164 5184 1233 5236 τὰ
1272 5184 1587 5254 ἀνθρώπινα
1623 5182 1880 5252 ζητοῦσιν

290 5270 376 5330 εἰς
405 5270 470 5322 τὸ
515 5271 619 5339 τήν
668 5271 913 5341 γαλήνην
960 5275 1314 5342 ἐκταράττειν
1368 5276 1468 5344 τῆς
1533 5273 1879 5343 Ἑκκλησίας,

289 5361 391 5412 aui
416 5361 520 5430 τὴν
552 5362 834 5432 ὕμετέραν
870 5366 926 5416 ἐν
963 5366 1150 5437 Κυρίῳ
1176 5367 1310 5434 πρὸς
1343 5368 1492 5436 ἡμᾶς
1535 5365 1754 5427 ἕνωσιν,
1785 5364 1880 5418 καὶ

291 5451 392 5504 τοῦ
424 5453 579 5522 ἱεροῦ
617 5453 773 5522 ὑμῶν
795 5456 1056 5523 ὀνόματος
1077 5460 1177 5527 τὴν
1209 5459 1264 5509 ἐν
1284 5459 1397 5521 τοῖς
1429 5455 1706 5527 διπτύχοις
1744 5458 1879 5510 ἀνα-

371 5612 452 5678 (l)
484 5611 564 5664 En
601 5624 656 5665 ut
681 5611 769 5665 hic
812 5610 1069 5667 Nicolans
1104 5615 1238 5669 satis
1275 5615 1874 5669 retractatsententiam

303 5695 479 5751 suain,
515 5684 571 5734 in
602 5684 832 5751 epistola
864 5683 1054 5746 XXXI,
1087 5695 1365 5751 tantopere
1423 5687 1774 5746 inculcatam,
1811 5685 1877 5739 de

307 5749 716 5824 dispensatione
757 5757 973 5821 quartis
1001 5755 1196 5810 Leonis
1223 5749 1354 5824 imp.
1406 5759 1612 5821 nuptiis
1653 5771 1760 5808 non
1789 5754 1876 5807 in-

307 5821 687 5889 dulgendaﬁn
748 5835 804 5878 ut
831 5829 1046 5881 tandem
1077 5821 1336 5882 Romanae
1385 5841 1605 5895 quoque
1629 5825 1878 5881 ecclesia:

1985 4722 2386 4794 perfectissima
2440 4723 2728 4792 sapientia,
2783 4721 2855 4776 ita
2902 4737 2988 4775 res
3022 4729 3262 4774 statuere
3293 4721 3451 4784 velis,
3498 4731 3559 4777 ut

1986 4825 2039 4871 ct
2085 4815 2411 4869 immortalis
2449 4825 2504 4869 et
2535 4829 2786 4868 summus
2817 4812 3065 4866 Pontifex
3103 4821 3289 4867 noster
3322 4815 3560 4883 amplius

1985 4907 2217 4976 gaudeat
2249 4905 2315 4960 de
2345 4915 2544 4960 nostra:
2579 4905 2835 4958 Ecclesiae
2851 4904 3245 4959 constitutione
3277 4905 3558 4970 (gaudebit

1987 5009 2166 5052 autem
2199 4996 2245 5052 si
2282 4997 2426 5050 nulla
2483 5003 2762 5050 remaneat
2803 4997 3024 5050 occasio
3055 4997 3126 5050 iis
3171 4997 3263 5064 qui
3317 4996 3556 5048 Immano

1990 5103 2140 5142 more
2171 5087 2513 5141 occasionem
2546 5094 2798 5155 qumrunt
2843 5084 3256 5151 tranquillitatis
3305 5082 3558 5136 Ecclesiae

1983 5178 2387 5250 perturbandae)
2428 5187 2480 5231 et
2522 5188 2697 5233 vestra
2747 5178 2802 5232 in
2835 5175 3064 5230 Domino
3099 5175 3383 5229 nobiscum
3426 5173 3558 5226 unio

1983 5281 2036 5327 ct
2097 5270 2260 5325 vestri
2323 5270 2465 5325 sacri
2527 5270 2764 5324 nominis
2815 5270 2868 5323 in
2907 5268 3180 5339 diptychis
3212 5265 3558 5321 denuntiatio

1984 5365 2143 5430 plane
2187 5371 2242 5417 et
2287 5363 2405 5416 sine
2452 5363 2824 5416 controversia
2878 5362 2992 5414 ﬁat.
3035 5359 3226 5412 Nullus
3260 5357 3404 5410 enim
3443 5357 3554 5426 jam

1985 5456 2204 5526 poterit,
2257 5463 2317 5508 ut
2385 5453 2646 5520 diximus,
2681 5456 2751 5508 ita
2787 5463 2980 5522 agente
3011 5458 3188 5504 vestra
3229 5450 3556 5516 sanctitate,

1981 5611 2280 5681 Sergioq-te
2312 5611 2576 5679 pontiﬁci,
2603 5612 2694 5679 qui
2727 5617 2912 5665 contra
2948 5623 3006 5664 se
3029 5615 3275 5675 steterat,
3311 5607 3554 5664 debitum

1983 5683 2207 5736 honoris
2244 5683 2617 5737 testimonium
2648 5683 2759 5734 dat.

2050 5754 2127 5878 get)
2160 5751 2535 5876 Ιριιιῐιιπυιιιιιιιιι
2563 5759 2805 5820 superest
2834 5751 2899 5808 dc.
2927 5749 3011 5808 his
3031 5748 3193 5808 Rom.
3219 5748 3550 5807 Pontiﬁcum

1978 5837 2095 5878 eius
2122 5838 2153 5877 o
2181 5837 2246 5876 IS.

2012 5839 2246 5894 plSlOlls.
