4038 6204
439 338 543 405 251

1578 351 1888 414 NICOLAI
1928 354 2039 419 ΟΡ.
2081 356 2610 417 ΡΛΤΒΙΛΒΕΗΕ

3596 357 3704 422 25⁸2

442 475 506 512 ex
544 457 631 511 Ιιίκ
668 459 1018 529 pontificibus
1064 478 1253 518 ansam
1303 465 1544 531 arripere
1573 475 1927 537 tempestates
1963 472 2015 526 in

2149 475 2355 544 ιήρυξιν
2385 474 2604 543 ὁμαλῶς
2639 472 2732 526 καὶ
2788 473 3151 541 ἀφιλονείκως
3192 472 3471 542 γενέσθαι.
3522 477 3711 544 Οὐδεὶς

446 549 687 605 Ecclesia
710 561 894 621 postea
917 555 1210 619 excitandi,
1232 564 1453 625 prepter
1477 570 1710 614 vestram
1737 563 2013 619 unionem.

445 641 714 709 Quoniam
765 655 944 700 autem
994 661 1211 716 semper
1255 650 1466 718 aliquos
1504 653 1771 707 malorum
1828 664 2017 709 natura

448 737 511 788 ad
543 752 601 789 se
633 738 797 789 trahit
849 738 1032 806 (liceat
1064 749 1117 794 et
1147 741 1248 795 hoc
1276 742 1474 797 litteris
1502 744 1747 815 addere),
1796 756 1850 801 et
1892 756 2020 803 sunt

446 829 539 897 qui
575 831 1033 896 perturbationem
1068 834 1438 902 praeferentes,
1483 847 1537 892 et
1572 837 1824 893 Ecclesia-
1860 849 2021 893 tran-

448 917 772 985 quillitatem
802 936 944 988 aegre
978 920 1236 986 ferentes,
1259 940 1289 977 ιι
1336 926 1494 981 nobis
1525 928 1735 994 seipsos
1772 929 2024 983 abscide.

450 1018 597 1072 runt,
657 1011 1025 1066 mandandum
1079 1029 1373 1071 censemus
1428 1018 1622 1071 vestris
1675 1019 1892 1088 legatis,
1944 1030 2020 1086 ut,

448 1102 708 1167 speetatis
737 1119 857 1170 qua:
889 1104 1146 1160 Ecelesize
1189 1110 1518 1174 conducant,
1578 1110 1709 1163 illud
1748 1110 1893 1165 circa
1922 1111 2025 1167 hos

450 1190 732 1245 nobiscum
773 1205 825 1247 et
855 1211 979 1249 cum
1025 1196 1268 1253 Ecclesia
1317 1209 1617 1269 peragant;
1671 1203 1822 1270 quod
1871 1219 2029 1271 pera-

448 1298 575 1353 gere
601 1299 816 1353 aaqnum
844 1298 926 1341 est
961 1287 1212 1343 homines
1239 1290 1332 1359 qui
1358 1307 1455 1361 pro
1483 1293 1870 1348 ecclesiastica:
1896 1310 2028 1351 con-

2120 564 2227 635 γᾶιρ
2252 566 2327 617 ἔτι
2354 566 2673 635 δυνήσεται,
2717 564 2907 635 ὥσπερ
2959 564 3193 634 ἔφημεν,
3233 564 3333 633 τῆς
3377 564 3532 635 ὑμῶν
3559 568 3713 635 ἅγιά.

2121 672 2282 725 τητος
2352 654 2699 725 πραττούσης
2732 654 2841 707 τῶν
2876 655 3112 707 ἐνταῦθα
3145 655 3453 724 ἀρχιερέων
3492 656 3588 709 καὶ
3638 658 3700 709 ίεσ

2128 749 2265 819 ρέων
2297 749 2622 819 προφάσεως
2653 748 2915 800 λαϐέσθαι
2945 747 3040 800 τοῦ
3063 746 3233 818 ζάλην
3261 751 3538 801 ἀνακινεῖν
3574 749 3705 815 μετὶ
3734 734 3741 818 ³,

2123 840 2299 894 ταῦτα
2344 843 2410 909 τῇ
2465 838 2767 909 Ἐκκλησία
2825 840 3014 891 ἕνεκεν
3063 839 3163 907 τῆς
3223 838 3382 907 ὑμῶν
3443 836 3735 900 ὲνώσεωςέ

2140 932 2363 1002 Ἐπειδὴ
2423 932 2480 985 δὲ
2538 931 2627 984 ἀεί
2658 949 2813 994 τινας
2850 934 2883 999 ἡ
2936 929 3046 983 τῶν
3074 930 3337 1001 χειρόνων
3362 931 3524 997 φύσις
3563 929 3691 982 ἕλκε
3724 964 3729 987 ,

2128 1028 2263 1098 πρὸς
2290 1027 2488 1095 ἑαυτὴν
2511 1028 2612 1095 (δεῖ
2634 1025 2725 1079 καὶ
2749 1024 2907 1077 τοῦτο
2930 1022 3247 1094 προσθεῖναι
3277 1021 3353 1090 τῷ
3372 1020 3692 1091 γράμματι)

2128 1122 2221 1169 καί
2266 1117 2371 1168 είσί
2407 1134 2553 1179 τινες
2584 1117 2633 1168 οἱ
2670 1115 3049 1185 προτιμῶντες
3081 1113 3183 1183 τὴν
3231 1112 3500 1181 ταραχὴν,
3531 1113 3625 1163 καὶ
3651 1114 3725 1180 τῇ

2130 1209 2559 1280 ὲκκλησιαστικῇ
2605 1209 2819 1279 γαλήνῃ
2871 1206 3344 1276 δυσχεραίνοντες,
3388 1205 3718 1274 ἀπέρρηξαν

2134 1302 2365 1364 ἑαυτοὺς
2408 1300 2467 1365 ἐξ
2517 1299 2699 1369 ἡμῶν,
2739 1297 3386 1364 ἐντείλασθαιι’ἁξιοῦμεν
3417 1298 3529 1359 τοῖς
3563 1296 3719 1364 ὑμῶν

451 1374 754 1431 stitutionis
789 1379 1043 1443 utilitate,
1088 1392 1140 1435 et
1189 1392 1311 1437 vota
1361 1382 1567 1438 faciunt
1601 1394 1652 1439 et
1678 1394 1735 1439 ttt
1775 1402 1873 1441 sua
1905 1396 2027 1442 vota

2149 1393 2453 1455 ἰποττόλοις
2478 1393 2552 1455 ὡς
2571 1392 2640 1444 τά
2674 1391 3024 1462 συμφέροντα
3059 1393 3124 1461 τῇ
3170 1389 3474 1459 Ἐκκλησία
3504 1388 3717 1456 σκεψά-

451 1482 575 1520 cum
617 1469 825 1523 caelesti
870 1472 1247 1528 misericordia
1321 1476 1523 1530 bonum
1569 1478 1837 1547 accipiant
1868 1482 2029 1535 linem

451 1560 693 1613 student.
739 1560 1023 1617 Mittantur
1068 1576 1250 1619 autem
1305 1568 1451 1635 digiti
1507 1579 1688 1623 vestra
1740 1571 2034 1627 sanctitate

450 1652 638 1723 legati,
694 1670 789 1722 per
833 1672 993 1723 quos,
1047 1673 1169 1711 cum
1204 1658 1296 1711 Dei
1332 1675 1455 1727 ope,
1504 1660 1641 1715 bene
1686 1670 1738 1715 et
1775 1666 2035 1717 conveni-

447 1756 609 1799 enter
640 1762 727 1802 res
778 1748 1147 1803 Ecclesiarum
1199 1750 1502 1818 dirigantur
1544 1762 1600 1806 et
1642 1754 1872 1808 dixerim
1911 1756 2037 1824 qui-

2139 1502 2308 1554 μενοι,
2364 1488 2543 1538 ἐκεῖνο
2597 1485 2691 1536 καὶ
2745 1485 2874 1553 περὶ
2923 1483 3105 1535 αὐτῶν
3148 1482 3267 1551 μεθ’
3306 1480 3465 1551 ἡμῶν
3502 1481 3595 1532 καὶ
3619 1482 3719 1550 τῆς

2148 1576 2476 1645 Ἐκκλησίας
2516 1574 2953 1645 διαπράξωνται,
3012 1574 3040 1625 ὃ
3091 1574 3355 1644 πράττειν
3403 1574 3549 1634 είκδς
3593 1573 3718 1634 τοὺς

2139 1670 2277 1737 ὑπὲρ
2308 1670 2406 1737 τῆς
2456 1668 2741 1737 ἱερατικῆς
2772 1667 3185 1731 καταστάσεως,
3219 1669 3312 1719 καὶ
3348 1667 3514 1734 εὐχὴν
3536 1682 3721 1717 ποιου-

2143 1759 2338 1827 μένους
2370 1760 2465 1809 κκὶ
2517 1758 2617 1825 τὴν
2655 1759 2823 1827 εὐχὴν
2858 1759 2955 1811 σὺν
2987 1759 3050 1827 τῇ
3089 1756 3296 1809 ἄνωθεν
3333 1756 3588 1826 εὐμενείᾳ
3624 1755 3720 1806 λαο

451 1838 599 1901 dem,
648 1840 694 1892 si
748 1841 863 1894 fieri
910 1849 1123 1909 posset,
1182 1841 1440 1907 Jacobns,
1486 1843 1579 1898 Dei
1619 1846 2032 1902 amantissimus

2149 1852 2255 1903 δεῖν
2308 1850 2481 1921 πέρας
2532 1849 2811 1912 λυσιτελὲς
2872 1848 3355 1910 διεσπουδακότας.
3405 1846 3721 1900 Ἀπόστολοι

454 1930 784 1999 episc0pus;
824 1948 946 1986 cum
982 1934 1123 1988 enim
1174 1935 1285 2003 jam
1335 1935 1403 1989 ad
1449 1953 1547 1991 nos
1594 1938 1825 2003 venerit,
1875 1941 2031 1993 nobis

456 2035 551 2087 per
582 2023 764 2075 omnia
799 2022 996 2092 dignus
1031 2025 1244 2093 legaltts
1290 2038 1494 2080 sant-ta:
1515 2026 1885 2081 Romanorum
1932 2027 2036 2083 Ec-

452 2112 638 2167 clesia:
677 2112 829 2168 visus
878 2124 989 2179 est;
1044 2125 1139 2169 aut
1193 2117 1329 2170 alter
1384 2117 1601 2186 quidem
1659 2118 1786 2174 huic
1837 2118 2039 2175 virtute

456 2203 673 2259 similis.

2141 1941 2198 1993 δὲ
2232 1940 2372 2004 ἄξιοι
2422 1941 2515 2009 τῆς
2551 1940 2703 2009 ὑμῶν
2746 1940 3037 2009 ἁγιότητος
3078 1938 3617 2002 ἀποσταλείσθωσαν,
3651 1938 3722 1990 δι’

2142 2028 2216 2087 ὧν
2276 2035 2459 2104 μέλλει
2510 2036 2607 2087 σὺν
2652 2033 2771 2101 Θεῴ
2804 2032 2983 2096 καλῶς
3024 2034 3119 2087 καὶ
3159 2033 3479 2103 πρεπόντως
3511 2031 3579 2084 τά
3611 2030 3722 2083 τῶν

2155 2126 2496 2196 Ἐκκλησιῶν
2520 2126 2956 2197 διευθετηθῆναι.
3001 2126 3264 2194 Λέγωμεν
3313 2125 3375 2193 δὴ
3404 2126 3451 2176 εί
3495 2123 3726 2176 δυνατὸν

2159 2215 2414 2278 Ἰάκωϐος
2469 2218 2496 2269 ὁ
2531 2215 2942 2285 θεοφιλέστατος
2996 2216 3326 2278 ἐπίσκοποςο
3354 2216 3446 2268 καὶ
3490 2214 3600 2282 γὰρ
3628 2213 3728 2266 καὶ

458 2295 726 2367 πρότερον
774 2300 912 2370 πρὸς
960 2302 1107 2371 ἡμᾶς
1165 2302 1407 2357 ἀνελθὼν
1464 2303 1604 2357 κατὰ
1650 2304 1828 2357 πάντα
1890 2304 2069 2369 ἔδοξεν
2108 2307 2239 2376 ἡμῖν
2298 2306 2425 2370 ἄξια
2474 2306 2571 2377 τῆς
2630 2306 2794 2374 ἁγίας
2840 2305 2953 2358 τῶν
3037 2304 3323 2374 Ῥωμαίων
3393 2303 3734 2371 Ἐκκλησξας

456 2391 838 2447 ἀποστέλλων
906 2395 1002 2448 καὶ
1051 2396 1238 2467 ἕτερός
1289 2415 1371 2462 τις
1444 2397 1639 2469 ἐκείνῳ
1691 2399 1790 2469 τὴν
1834 2400 2034 2471 ἀρετὴν
2075 2401 2481 2472 παραπλήσιος.

1048 2533 1178 2590 LIV.
1219 2535 1457 2591 Incerto.

530 2671 645 2727 Etsi
680 2672 836 2742 plena
868 2672 1148 2728 hominum
1188 2674 1295 2729 vita
1322 2676 1585 2731 molestiis
1626 2685 1731 2742 est,
1764 2676 1927 2732 habet
1956 2684 2042 2733 ta-

461 2780 587 2820 men
649 2781 748 2836 pro
780 2768 977 2821 solatio
1028 2768 1331 2821 amantium
1388 2769 1725 2838 frequentem
1781 2772 2043 2825 recorda-

457 2857 688 2912 tionem.
740 2856 837 2912 Ubi
887 2868 1067 2911 autem
1126 2858 1269 2913 istud
1301 2859 1473 2924 abest,
1530 2862 1831 2928 praesertim
1880 2862 1924 2916 si
1949 2863 2040 2931 jus

463 2948 960 3015 consanguinitatis
991 2948 1042 3002 id
1081 2950 1340 3018 postulat,
1379 2960 1509 3006 tunc
1553 2952 1778 3022 insuper
1822 2954 2042 3011 dolores

464 3042 743 3097 adduntur
785 3041 1118 3096 dolentibus.
1149 3041 1318 3096 Porro
1351 3044 1457 3097 tale
1481 3044 1612 3114 quid
1646 3047 1800 3102 nobis
1824 3048 2041 3102 accidit.

2630 2486 2633 2489 ⁴
2726 2518 2849 2575 NA'.
2882 2519 3138 2586 Ἀδήνῖῳ.

2214 2657 2276 2708 Εἰ
2310 2657 2404 2710 καὶ
2429 2655 2644 2728 πλήρης
2678 2658 2705 2709 ό
2736 2656 2843 2709 τῶν
2868 2656 3174 2727 ἀνθρώπων
3200 2655 3311 2725 βίος
3342 2656 3449 2708 τῶν
3488 2653 3726 2708 λυπούνν

2145 2767 2254 2802 των
2286 2750 2456 2815 ἐστὶν,
2490 2750 2639 2818 ὅμως
2668 2750 2780 2819 ἔχει
2812 2748 3171 2819 παραμυθίαν
3198 2750 3322 2802 τινὰ
3352 2748 3452 2816 τὴν
3479 2747 3588 2801 ἀπὸ
3613 2746 3741 2800 τῶν

2147 2838 2447 2905 φιλούντων
2505 2837 2765 2902 πολλάκις
2808 2841 3050 2910 μνήμην.
3115 2837 3285 2894 Ὅταν
3338 2839 3395 2892 δὲ
3457 2838 3611 2892 τοῦτο
3648 2837 3732 2907 μὴ

2149 2932 2321 3000 παρῇ,
2346 2931 2442 2984 καὶ
2486 2918 2719 3000 μάλιστα
2742 2931 2838 2985 τοῦ
2858 2932 3071 2986 δικαίου
3094 2934 3193 3003 τῆς
3224 2931 3544 3000 συγγενείας
3562 2933 3734 2985 άπαι-

2149 3027 2389 3091 τοῦντος,
2459 3027 2623 3081 πλέον
2676 3027 2903 3093 αὒξεται
2963 3031 3077 3090 τοῖς
3133 3028 3500 3098 λυπουμένοις
3527 3025 3596 3080 τά
3625 3026 3731 3079 λυ-

464 3131 604 3185 Cum
646 3130 788 3183 enim
827 3130 1012 3185 multis
1046 3131 1545 3187 circumveniantur
1576 3134 1804 3203 singulis
1851 3134 2041 3189 diebus

2149 3120 2319 3191 πηρά.
2356 3120 2608 3174 Τοιοῦτόν
2632 3138 2686 3173 τι
2722 3121 2817 3175 καὶ
2850 3121 2980 3190 ἡμῖν
3014 3121 3322 3191 ἀπήντησε.
3367 3120 3587 3182 Πολλοῖς
3617 3118 3745 3186 γάρ

465 3240 587 3293 quae
621 3223 863 3278 animum
901 3234 1128 3294 angunt,
1147 3226 1325 3280 nullus
1346 3226 1609 3296 (humano
1627 3227 1786 3282 modo
1806 3228 2041 3297 loquor);

465 3316 724 3373 solatium
798 3315 983 3371 ferens
1051 3317 1201 3372 visus
1253 3326 1357 3372 est.
1420 3317 1488 3372 Et
1539 3329 1768 3374 caeteros
1825 3320 2044 3388 quidem

466 3409 662 3463 omitto
701 3427 715 3463 :
755 3409 1190 3478 consanguineos
1240 3424 1368 3463 vero
1413 3410 1647 3464 similem
1699 3424 1886 3480 gerere
1929 3412 2047 3465 ani-

467 3517 641 3567 mum,
691 3501 966 3570 quomodo
1006 3501 1129 3571 quis
1161 3502 1411 3570 ignorare
1458 3503 1652 3571 possit,
1688 3502 1793 3557 nisi
1823 3503 2047 3559 omnino

471 3608 651 3647 rerum
690 3592 1054 3647 humanarum
1093 3608 1258 3649 sensu
1289 3595 1516 3650 careat?
1566 3593 1692 3649 Haec
1716 3595 1899 3651 scribo
1936 3611 2045 3651 non

466 3691 530 3739 ut
558 3685 911 3753 exprobrem,
956 3685 1051 3739 sed
1102 3694 1158 3739 ut
1189 3701 1469 3751 renovem,
1520 3687 1566 3742 si
1614 3688 1765 3751 libet,
1813 3702 2047 3742 consan-

465 3776 758 3846 guinitatis
813 3776 1096 3831 illecebras
1146 3787 1201 3831 et
1248 3778 1409 3831 aliam
1453 3778 1708 3834 amicitize
1754 3779 2045 3846 rationem,

461 3882 635 3940 quam
671 3868 811 3923 haud
836 3869 951 3924 scio
979 3870 1258 3939 quomodo
1295 3869 1453 3925 nobis
1484 3869 1780 3925 observare
1810 3886 2049 3941 presens

466 3970 689 4030 tempus
741 3975 850 4015 non
895 3961 1102 4016 siverit.
1144 3960 1375 4027 Quantis
1405 3962 1551 4017 enim
1594 3964 1866 4032 angustiis
1894 3978 2049 4017 com-

466 4051 728 4121 prehensi
785 4052 1048 4109 fuerimus
1101 4068 1207 4107 non
1265 4052 1505 4108 arbitror
1559 4063 1631 4120 te,
1679 4055 1843 4108 etiam
1892 4055 2049 4112 nobis

466 4161 584 4201 non
641 4146 1052 4211 scribentibus,
1116 4147 1390 4217 ignorare.
1450 4145 1526 4200 Te
1580 4157 1761 4200 autem
1824 4145 2050 4200 omnino

472 4237 702 4293 decebat
738 4247 795 4291 ut
846 4250 1193 4307 prazsentetn,
1231 4254 1354 4293 cum
1390 4239 1546 4293 nobis
1583 4237 1855 4294 scribendi
1884 4235 2054 4292 facul-

466 4338 559 4383 tas
584 4344 690 4382 non
712 4338 875 4392 esset,
902 4330 1129 4382 Romam
1156 4330 1302 4382 adire
1332 4337 1385 4382 et
1407 4328 1816 4382 sanctissimum
1848 4326 2049 4395 Papam

465 4429 530 4475 et
566 4419 788 4475 fratrem
825 4422 1071 4475 nostrum
1107 4421 1393 4475 certiorem
1452 4420 1631 4474 facere
1680 4419 1747 4473 de
1796 4419 1879 4474 his
1929 4433 2051 4487 quae

2145 3212 2268 3265 καθ’
2301 3213 2541 3283 ἑκάστην
2578 3212 3114 3283 περιστοιχιζόμενοι
3157 3214 3271 3275 τοῖς
3305 3209 3596 3279 ἀλγύνουσι
3627 3209 3734 3277 τὴν

2144 3298 2345 3369 ψυχὴν,
2395 3301 2497 3354 ὅσα
2561 3318 2625 3369 γε
2682 3302 2752 3355 τὰ
2803 3301 3123 3372 ἀνθρώπινα
3181 3301 3361 3364 οὐδεὶς
3410 3302 3542 3370 ἡμῖν
3572 3300 3731 3369 ὤφθη

2147 3393 2329 3464 φέρων
2351 3394 2701 3465 παραψυχήν.
2759 3396 2869 3448 Καὶ
2924 3395 3047 3459 τοὺς
3087 3395 3188 3464 μὲν
3218 3394 3411 3457 ἄλλους
3453 3393 3547 3457 ὲῶ,
3589 3392 3647 3445 τὸ
3672 3392 3735 3445 δὲ

2147 3491 2241 3543 καὶ
2271 3492 2556 3559 συγγενεῖς
2607 3490 2706 3563 τὴν
2745 3490 2938 3561 ὁμοίαν
2983 3490 3173 3561 φέρειν
3204 3490 3470 3552 διάθεσιν,
3506 3487 3623 3550 πῶς
3661 3486 3737 3540 ἄν

2149 3599 2230 3646 τις
2266 3582 2483 3653 παρίδοι
2545 3584 2620 3655 μὴ
2652 3584 2776 3651 λίαν
2810 3583 2886 3637 ὢν
2926 3584 3035 3638 τῶν
3068 3582 3430 3648 ἀνθρωπίνων
3464 3579 3731 3650 πραγμάα

2147 3693 2255 3729 των
2287 3675 2723 3748 ἀνεπαίσθητοςς
2772 3676 2974 3747 Γράφω
3024 3674 3197 3730 ταῦτα
3228 3675 3329 3728 οὐκ
3374 3672 3740 3737 ἐξονειδίζων,

2148 3769 2265 3824 ἀλλ’
2296 3769 2665 3835 ἁνακαινίξων
2717 3771 2766 3823 εἰ
2800 3769 2978 3840 βούλει
3014 3768 3075 3821 τὸ
3124 3765 3450 3837 συγγενικὸν
3484 3763 3735 3834 φίλτρον,

2149 3862 2245 3915 καὶ
2274 3861 2373 3932 τὴν
2404 3862 2573 3932 ἄλλην
2599 3861 2786 3932 σχέσιν
2833 3864 2934 3932 τῆς
2984 3860 3192 3930 φιλίας,
3234 3861 3301 3931 ἥν
3333 3859 3434 3912 οὐκ
3467 3853 3586 3910 οἶδα
3615 3854 3740 3916 πῶς

2149 3951 2272 4005 ὅσον
2307 3955 2441 4024 ἡμῖν
2482 3955 2771 4007 κατανοεῖν
2816 3955 2844 4006 ό
2885 3952 3078 4023 παρὼν
3113 3951 3354 4021 ἐκάλυψε
3400 3948 3613 4020 χρόνος.
3650 3947 3741 4000 Τά

2154 4043 2386 4118 μὲνγὰρ
2422 4045 2668 4118 ἡμέτερα
2728 4044 2874 4109 οἵαις
2930 4046 3202 4114 ἀνάγκαις
3243 4042 3600 4112 συνειχόμεθα
3636 4040 3741 4110 οὐχ

2154 4138 2527 4210 ὑπολαμϐάνω
2581 4156 2642 4192 σε
2689 4138 2784 4193 καὶ
2817 4137 2895 4210 μὴ
2929 4139 3254 4211 γραφόντων
3303 4139 3463 4207 ἡμῶν
3490 4137 3739 4201 ἀγνοεῖν.

2153 4232 2219 4284 Σὲ
2265 4232 2322 4286 δὲ
2377 4234 2595 4295 πάντως
2638 4232 2881 4303 ἔπρεπεν
2930 4234 2990 4285 ὲν
3033 4234 3147 4295 τοῖς
3221 4230 3409 4284 αὐτόθι
3466 4228 3740 4299 παρόντα,

2154 4324 2260 4377 κᾶν
2304 4324 2465 4395 ἡμεῖς
2510 4325 2866 4395 ἐκωλυόμεθα
2897 4327 3150 4396 γράφειν,
3185 4325 3277 4378 καὶ
3308 4323 3445 4393 πρὸς
3469 4322 3567 4393 τὴν
3602 4319 3742 4373 Ῥῶ·

2158 4434 2264 4487 μην
2310 4419 2749 4489 παραγενέσθαι,
2800 4421 2895 4474 καὶ
2929 4421 3020 4473 τὸν
3069 4419 3375 4489 ἁγιώτατον
3415 4418 3612 4471 Πάπαν
3640 4415 3744 4469 καὶ

470 4506 635 4562 nobis
672 4520 966 4561 evenerant
998 4508 1127 4571 (non
1157 4509 1299 4563 enim
1331 4509 1459 4577 quid
1496 4518 1546 4562 te
1581 4508 1784 4563 latebat
1830 4485 2041 4563 nostra-

2154 4485 2577 4581 ἀδελφὸν-ήμῶν
2600 4511 2915 4578 ἀναδιδάξαι
2937 4512 3007 4567 τὰ
3035 4485 3292 4583 είςγήμᾶς
3347 4528 3411 4563 συ
3421 4508 3749 4580 μὸεόηκότα

472 4612 598 4650 mm
633 4599 993 4651 tentationum
1023 4607 1078 4652 et
1109 4604 1500 4669 aerumnarum)
1543 4608 1597 4652 et
1626 4599 1886 4654 Ecclesia:
1918 4614 2046 4667 per-

479 4686 870 4751 turbationem,
924 4696 1106 4742 notam
1141 4689 1242 4759 ipsi
1276 4690 1475 4755 facere,
1520 4698 1575 4743 et
1616 4690 1845 4743 suadere
1887 4690 1962 4743 illi
1995 4698 2055 4745 ut

470 4777 867 4847 apoclrisiarios
897 4779 1135 4834 mitteret
1180 4780 1249 4834 ad
1293 4778 1514 4833 fratrem
1553 4780 1809 4849 injuriam
1843 4779 2055 4849 patien-

474 4880 610 4937 tem,
645 4878 699 4925 et
740 4881 799 4926 ut
824 4873 1183 4927 collaboraret
1213 4873 1278 4927 ad
1308 4872 1607 4928 Ecclesiant
1642 4883 1885 4928 nostram
1916 4887 2055 4927 con-

481 4972 739 5033 gruenter
788 4980 943 5020 sacro
994 4967 1156 5020 statui
1191 4967 1608 5031 restituendam,
1666 4974 1720 5020 et
1749 4980 1813 5018 ex
1842 4965 2055 5034 quartis

478 5058 689 5129 nuptiis
743 5068 869 5113 nata
932 5059 1185 5114 scandala
1237 5061 1559 5129 corrigeret,
1612 5066 1832 5127 prepter
1887 5070 2051 5123 quam

480 5151 900 5215 correctionem,
951 5152 1070 5222 ejus
1126 5167 1321 5208 nomen
1374 5154 1429 5207 in
1481 5151 1656 5208 sacris
1705 5149 1908 5205 nostris
1937 5149 2059 5218 dip-

485 5247 658 5318 tychis
692 5246 1103 5302 rescribendum
1131 5255 1185 5300 et
1219 5262 1344 5300 eum
1380 5253 1569 5301 nostra
1610 5241 2057 5298 denominatione

482 5348 629 5395 esset
670 5340 1120 5398 denuntiandum.

566 5615 673 5671 Sed
718 5621 979 5686 quoniam
1016 5619 1128 5673 haec
1178 5618 1362 5672 omnia
1402 5616 1513 5685 jam
1568 5617 1969 5686 prtetcrierunt,
2011 5624 2066 5672 et

488 5709 745 5765 Christus
782 5708 925 5765 Deus
955 5721 1140 5767 noster
1180 5718 1235 5764 et
1273 5724 1505 5779 magnus
1555 5706 1799 5764 Pontifex
1845 5709 2066 5763 investi-

496 5802 661 5873 gabili
713 5819 810 5862 sua
857 5802 1123 5873 sapientia
1160 5802 1384 5859 inultam
1428 5801 1567 5857 hanc
1603 5803 2064 5871 perturbationem

2158 4602 2242 4674 (ού
2270 4602 2377 4673 γὰρ
2418 4604 2682 4658 ἐλάνθανὲ
2714 4605 2775 4659 σέ
2806 4622 2860 4659 τι
2904 4606 3013 4659 τῶν
3044 4604 3166 4659 καθ’
3201 4604 3360 4674 ἡμῶν
3385 4599 3748 4668 ἐπιϐουλῶν),

2157 4696 2250 4749 καὶ
2283 4695 2384 4767 τῆς
2418 4697 2681 4767 ἐπηρείας
2710 4697 2929 4769 καὶτῆς
2966 4696 3301 4767 Ἐκκλησίας
3334 4695 3434 4766 τὴν
3462 4691 3749 4764 ταραχὴν,

2156 4793 2255 4862 ὅση
2283 4805 2368 4854 τις
2413 4785 2481 4860 ἧν
2503 4790 2772 4860 γνωρίσαι
2824 4790 2995 4862 αὐτῷ,
3029 4790 3127 4844 καλ⁵
3169 4792 3360 4843 πεῖσαι
3405 4789 3750 4857 ἀποκρισια-

2163 4883 2312 4953 ρίους
2356 4885 2561 4937 στεῖλαι
2618 4882 2758 4952 πρὸς
2798 4883 3030 4950 ἀδελφὸν
3079 4880 3434 4952 ἠδικημένον,
3482 4879 3573 4932 καὶ
3607 4893 3750 4929 συν-

2160 4974 2534 5041 αγωνίσασθαι
2566 4977 2703 5046 πρός
2731 4992 2790 5028 τε
2817 4977 2878 5028 τὸ
2897 4973 2994 5046 τὴν
3038 4973 3369 5041 Ἐκκλησίαν
3396 4970 3556 5041 ἡμῶν
3586 4969 3750 5022 ἀπο-

2161 5065 2498 5135 καταστῆναι
2537 5065 2702 5131 ἀξίως
2750 5066 2849 5136 τῆς
2903 5067 3053 5135 ίερᾶς
3086 5064 3499 5126 καταστάσεως,
3543 5060 3639 5113 καὶ
3667 5060 3749 5113 τὰ

2161 5158 2226 5209 ἐκ
2272 5156 2365 5210 τοῦ
2418 5158 2679 5227 τετάρτου
2711 5157 2891 5228 γάμου
2943 5156 3256 5226 ἀναφυέντα
3284 5154 3563 5208 σκάνδαλα
3594 5151 3750 5219 διορ-

2162 5247 2464 5311 θώσασθαι,
2520 5249 2580 5301 ού
2643 5248 2747 5319 μὴν
2778 5250 2915 5303 ἀλλὰ
2958 5251 3053 5303 καὶ
3092 5248 3153 5301 τὸ
3182 5247 3394 5300 ἐκείνου
3436 5244 3612 5313 ὖνομα
3650 5241 3752 5297 διὰ
3830 5262 3841 5270 '

2162 5341 2262 5411 τῆς
2299 5340 2555 5411 τοιαύτης
2583 5340 2923 5413 διορθώσεως
2955 5344 3013 5395 ὲν
3035 5343 3148 5404 τοῖς
3177 5341 3344 5411 ἱεροῖς
3370 5339 3529 5409 ἡμῶν
3550 5335 3754 5389 διπτύ-

2164 5445 2280 5498 κοις
2309 5431 2655 5500 ἐγγραφῆναι
2684 5432 2779 5485 καὶ
2822 5432 2959 5503 μετὰ
2988 5431 3087 5501 τῆς
3120 5429 3397 5502 ἡμετέρας
3426 5422 3755 5494 ἀνακηρύτ-

2165 5520 2353 5575 τεσθαι
2387 5523 2650 5594 κλήσεως.

2239 5618 2380 5670 Ἀλλ’
2438 5619 2561 5671 ἐπεὶ
2619 5618 2792 5672 ταῦτα
2852 5617 3128 5689 παρῆλθεν
3192 5618 3316 5689 ἤδη,
3366 5615 3459 5668 καὶ
3505 5610 3757 5681 Χριστὸς

2168 5711 2195 5761 ὁ
2238 5710 2369 5775 Θεὸς
2403 5709 2559 5782 ἡμῶν
2614 5710 2642 5763 ὁ
2696 5708 2914 5779 πρῶτος
2953 5709 3047 5761 καὶ
3106 5710 3280 5779 μέγας
3330 5704 3625 5778 ἀρχιερεὺς
3670 5706 3755 5772 τῇ

2169 5804 2577 5875 ἁνεξερευνὴτῳ
2622 5802 2788 5858 αὐτοῦ
2824 5800 2988 5872 σοφίᾳ
3016 5801 3115 5871 τὴν
3152 5800 3354 5871 πολλὴν
3396 5797 3614 5866 ἐκείνην
3646 5810 3758 5850 τα.-
