4038 6204
211 391 318 452 253

1677 412 2088 474 EPISTOLsE.

3365 430 3474 495 254

215 497 395 569 ραχὴν
437 500 535 554 καὶ
575 502 744 574 ζάλην
789 506 901 560 ἰδοὺ
951 513 1441 570 πεντεκαιδέκατον
1480 515 1600 580 ἔτος
1671 537 1786 574 κατι

218 587 426 609 1--υ--
495 591 582 609 μκηι
696 595 709 609 ι
783 597 803 609 οι
873 600 886 609 ι
939 601 993 609 .--
1074 603 1088 609 -
1189 605 1198 609 -
1400 608 1406 609 ,
1440 607 1448 609 ε

1904 535 1958 578 et
2018 526 2309 594 procellam
2356 530 2467 599 jam
2541 546 2570 584 a
2620 532 2926 602 quindecim
2995 537 3154 591 annis
3206 539 3471 609 vigentem

215 587 453 652 ἐπαυσε,
492 591 590 644 καὶ
615 595 752 664 πρὸς
783 597 895 668 ἓνή
939 601 1236 673 Ἐκκλησία
1262 607 1488 675 συνῆλθε
1521 610 1798 680 φρόνημα.

219 678 463 747 Συνῆλθε
522 683 634 754 γὰρ
691 686 803 742 τῶν
856 691 1327 764 ὑπουργησάντων
1363 700 1462 770 μὲν
1490 703 1581 756 ἐπὶ
1608 704 1683 772 τῷ
1709 721 1802 756 τεο

213 770 404 840 τάρτῳ
425 773 596 843 γάμῳ
628 777 691 828 τὸ
713 780 915 835 οἰκεῖον
941 790 1193 858 πταῖσμα
1222 792 1802 864 ἑξομολογησαμένων,

212 861 377 928 ἡμῶν
412 862 470 915 δὲ
514 868 613 919 σὺν
651 871 717 936 τῇ
750 869 872 944 θείᾳ
903 875 1288 952 φιλανθρωπίᾳ
1325 882 1423 954 τὴν
1452 861 1802 958 συγχωρησιν

213 953 405 1016 αὑτοῖς
454 961 894 1030 παρασχόντων,
953 969 1045 1022 καὶ
1101 975 1203 1043 μιᾷ
1254 953 1450 1048 γνώμῃ
1479 1016 1492 1037 ,
1533 953 1656 1031 οιαὶ⁷
1698 953 1803 1050 μιᾷ

215 1048 444 1120 γλώσσῃ
497 1051 726 1106 ἐκείνων
763 1073 823 1109 τε
858 1059 953 1111 καὶ
981 1061 1138 1130 ἡμῶν
1167 1063 1260 1115 τὸν
1299 1065 1562 1136 τέταρτον
1587 1048 1803 1141 ἀποκηὲ

221 1139 505 1208 ρυξάντων
532 1144 734 1214 γάμον,
761 1151 857 1202 καὶ
891 1153 970 1213 είς
996 1153 1227 1224 ἑνότητα
1253 1160 1646 1214 καταστάντων
1672 1166 1802 1231 μιᾶς

228 1231 590 1302 Ἐκκλησίας,
622 1239 719 1292 καὶ
758 1242 891 1310 μιᾶς
938 1247 1176 1317 ποίμνης
1227 1251 1447 1304 πάντων
1469 1255 1798 1324 γενομένων,

215 1324 312 1376 καὶ
339 1324 433 1392 ὑφ’
471 1327 555 1379 ἑνὶ
587 1335 817 1400 ποιμένι
869 1337 934 1405 τῇ
965 1337 1074 1407 ἐμῇ
1129 1341 1480 1411 ταπεινότητι
1510 1360 1799 1414 ποιμαινο-

217 1413 424 1481 μένων.
494 1415 680 1472 Ταῦτα
741 1424 841 1492 μὲν
901 1426 1040 1479 Θεοῦ
1095 1430 1279 1500 χάριτι
1333 1432 1508 1496 οὕτως
1561 1436 1800 1490 ἐνταῦθα

213 1505 492 1578 ἐπράχθη.
531 1509 936 1584 Ἐπιζητοῦμεν
991 1519 1049 1572 δὲ
1107 1521 1288 1584 καθὼς
1333 1523 1430 1576 ἀπ’
1475 1526 1651 1595 ἀρχῆς
1703 1531 1799 1583 καὶ

213 1595 307 1648 τοῦ
369 1599 680 1666 ἁγιωτάτου
740 1607 908 1661 Πάπα
951 1611 1046 1662 τοῦ
1099 1613 1336 1682 ἀδελφοῦ
1391 1620 1447 1670 ὲν
1487 1623 1599 1684 τοῖς
1633 1623 1798 1692 ἱεροῖς

213 1689 373 1756 ἡμῶν
423 1692 709 1765 διπτύχοις
747 1699 846 1752 τοῦ
897 1702 1162 1772 ὀνόματος
1189 1705 1288 1777 τὴν
1328 1710 1630 1782 ἀναφορὰν,
1654 1714 1687 1782 ἥ
1713 1732 1798 1778 τις

215 1780 382 1849 μέχρι
422 1783 517 1836 τοῦ
568 1785 664 1839 νῦν
693 1791 794 1843 οὐκ
826 1792 1165 1862 ὲκηρύσσετο
1208 1797 1295 1852 διὰ
1318 1801 1377 1853 τὸ
1415 1803 1480 1854 ὲκ
1506 1780 1606 1864 τῆς
1652 1780 1791 1858 Ῥω-

216 1877 426 1943 μαίκῆς
473 1877 800 1949 Ἐκκλησίας
852 1884 946 1938 τοῦ
991 1889 1254 1959 τετάρτου
1299 1895 1480 1964 γάμου
1534 1897 1792 1964 γενέσθαι
1824 1881 1866 1935 Β

212 1965 312 2032 τὴν
362 1967 681 2024 ὑπόστασιν.
737 1972 854 2026 Νῦν
890 1971 983 2030 οῦν
1025 1981 1213 2050 ἐπειδὴ
1253 1984 1433 2037 πάντα
1481 1985 1551 2038 τὰ
1589 1987 1798 2057 προλα-

213 2058 378 2110 δόντα
411 2063 718 2133 οἰκτιρμοῖς
743 2067 838 2119 καὶ
856 2069 1238 2146 φιλανθρωπίᾳ
1258 2075 1354 2129 τοῦ
1381 2077 1517 2131 Θεοῦ
1545 2096 1619 2132 πα
1630 2097 1801 2151 ρεχω-

216 2149 490 2243 ρήσαμεν,
520 2151 678 2206 τοῦτο
708 2157 872 2224 μόνον
899 2159 1015 2211 δέον
1044 2162 1164 2215 ἐστὶ
1194 2165 1451 2232 γενέσθαι
1479 2168 1540 2220 τὸ
1574 2149 1672 2223 καὶ

219 2233 540 2312 Ῥωμαϊκὴν
554 2242 909 2318 Ἐκκλησίαν,
929 2251 1117 2316 καθὼς
1133 2257 1166 2325 ἡ
1188 2257 1421 2310 ἐνταῦθα
1441 2233 1800 2333 ὁμολογῆσαι,

208 2329 288 2392 ὡς
336 2334 367 2385 ό
411 2333 676 2408 τέταρτος
725 2340 908 2410 γάμος
960 2345 1010 2396 εί
1068 2347 1164 2399 καὶ
1215 2348 1302 2402 διὰ
1341 2350 1440 2421 τὴν
1503 2329 1790 2427 βασιλικὴν

205 2422 458 2516 ἀναγκην
489 2431 932 2503 συγκεχώρηται,
966 2436 1086 2490 ἀλλ’
1129 2439 1234 2504 ἔξω
1277 2442 1373 2495 τοῦ
1406 2422 1790 2516 ἐκκλησιαστι-

207 2514 307 2613 xei}
333 2519 502 2589 νόμου
532 2525 973 2597 συγκεχώρηται,
1005 2532 1100 2584 καὶ
1144 2538 1248 2603 τῆς
1283 2514 1600 2611 πρεπούσης
1620 2559 1788 2613 γαμι-

208 2606 316 2672 κῆς
371 2617 763 2681 καταστάσεως
790 2635 806 2650 ·
853 2621 928 2684 ὡς
956 2623 1025 2677 ἂν
1053 2625 1142 2679 διὰ
1169 2630 1268 2699 τῆς
1316 2631 1576 2703 τοιαύτης
1599 2637 1790 2705 ὁμολο-

207 2699 331 2762 γίας
357 2703 472 2755 ἀπό
499 2722 564 2772 γε
599 2708 694 2760 τοῦ
724 2712 990 2782 παρόντος
1017 2717 1046 2770 ό
1077 2719 1318 2784 τοιοῦτος
1346 2727 1542 2794 γάμος,
1573 2727 1668 2781 καὶ
1693 2729 1786 2783 τοῦ

205 2791 552 2858 Χριστιανῶν
598 2800 791 2868 γένους
833 2805 1117 2878 ἀλλότριος
1147 2791 1538 2889 ὲξασφαλισθῇ,
1587 2823 1680 2873 καὶ
1715 2823 1789 2894 μὴ

205 2885 393 2954 χώραν
441 2889 578 2963 λάϐῃ
635 2896 714 2958 είς
754 2897 960 2964 ὄνειδος
991 2902 1100 2957 τῶν
1130 2885 1591 2978 Ἐκκλησιῶνττοῦ
1629 2885 1788 2980 Θεοῦ,

209 2979 410 3066 μᾶλλον
449 2983 506 3035 δὲ
548 2987 645 3039 τοῦ
680 2990 1076 3060 Χριστιανικοῦ
1164 3000 1357 3066 γένους

205 3059 427 3139 δεξηται
458 3076 632 3147 ἀρχὴν
662 3059 960 3152 ὲξνὲνδὸξου
989 3059 1282 3158 προσώπου
1315 3059 1410 3148 καὶ

1415 3002 1814 3065 πολιτεύεσθαι.

1902 617 2154 685 placavit,
2190 629 2244 674 et
2271 622 2324 675 in
2360 638 2519 676 unam
2552 626 2803 680 convenit
2832 627 3072 682 Ecclesia
3110 633 3430 687 sententiam
3458 653 3472 700 ;

1903 713 2160 768 convenit
2192 715 2336 768 enim
2371 731 2493 770 cum
2538 717 2591 772 hi
2625 721 2714 788 qui
2753 722 2961 789 quartis
3017 725 3218 792 nuptiis
3266 728 3478 780 submi—

1901 803 2284 869 nistraverant,
2336 822 2494 862 suum
2544 825 2781 865 errorem
2820 812 3058 868 confessi
3089 827 3239 878 sunt,
3273 827 3326 871 et
3375 834 3474 874 nos

1903 913 2030 952 cum
2081 899 2261 953 divina
2295 900 2562 956 charitate
2589 903 2800 957 veniam
2836 906 2967 975 ipsis
3002 910 3377 976 praestitimus,
3423 925 3476 967 et

1902 1005 2006 1046 una
2057 1000 2259 1057 mente,
2287 1009 2392 1046 una
2421 995 2599 1064 lingua
2630 1006 2683 1050 et
2733 999 2807 1053 illi
2845 1015 2944 1054 nos
2975 1012 3198 1070 quartas
3254 1007 3471 1074 nuptias

1901 1082 2150 1136 deteStati
2207 1083 2435 1151 fuimus,
2488 1095 2542 1140 et
2589 1105 2780 1144 omnes
2831 1101 3103 1150 steterunt
3156 1097 3208 1150 in
3265 1099 3478 1154 unitate

1901 1177 2064 1230 unius
2098 1175 2385 1244 Ecclesiae;
2437 1188 2488 1233 et
2523 1180 2742 1238 fuerunt
2773 1186 2932 1241 unius
2962 1189 3160 1257 gregis,
3185 1193 3329 1246 etab
3361 1209 3472 1246 uno

1901 1277 2141 1336 pastore,
2210 1269 2519 1327 humilitate
2569 1289 2709 1342 mea,
2779 1279 3088 1348 gubernati.
3119 1282 3214 1336 Illa
3255 1284 3474 1352 quidem

1900 1356 1994 1412 Dei
2027 1361 2196 1429 gratia
2230 1372 2444 1432 peracta
2477 1376 2605 1420 sunt
2642 1384 2655 1420 :
2689 1370 2986 1436 quaerimus
3032 1382 3236 1439 autem,
3280 1392 3475 1444 quem-

1901 1452 2194 1506 admodum
2242 1455 2310 1509 ab
2348 1456 2521 1521 initio,
2570 1460 2907 1515 sanctissimi
2966 1462 3150 1519 fratris
3184 1483 3335 1536 papa!
3372 1485 3476 1521 no-

1897 1545 2062 1599 minis
2103 1547 2156 1599 in
2202 1549 2372 1602 sacris
2402 1551 2602 1606 nostris
2655 1553 2925 1624 diptycbis
2958 1558 3302 1622 relationem,
3353 1578 3475 1631 qua:

1901 1635 2008 1690 huc
2038 1653 2208 1703 usque
2240 1654 2346 1694 non
2381 1641 2540 1696 ﬁebat
2565 1655 2785 1713 propter
2823 1659 3045 1716 quartas
3080 1652 3294 1720 nuptias
3331 1653 3472 1722 apud

1896 1727 2192 1784 Ecclesiam
2263 1732 2586 1788 Romanam.
2647 1736 2802 1792 Nunc
2861 1749 3041 1803 autem
3100 1758 3223 1797 cum
3276 1755 3473 1798 cuneta

1898 1823 2258 1888 praacedentia
2297 1824 2387 1878 Dei
2436 1826 2791 1882 miseratione
2833 1840 2886 1884 et
2931 1832 3197 1888 charitate
3247 1850 3476 1890 conces-

1896 1912 2092 1978 simus,
2120 1929 2288 1968 unum
2317 1914 2420 1969 hoc
2453 1927 2578 1980 stat,
2609 1935 2801 1988 nempe
2839 1921 3136 1977 Ecclesiam
3165 1923 3471 1981 Romanam

1897 2002 2041 2056 sicut
2086 2011 2140 2057 et
2189 2012 2437 2059 nostram
2492 2008 2740 2063 confiteri
2795 2021 3020 2079 quartas
3073 2017 3314 2084 nuptias,
3369 2017 3476 2072 etsi

1897 2105 2118 2163 propter
2141 2095 2546 2165 imperatoriam
2581 2104 2960 2158 necessitatem
2981 2108 3259 2175 permissre
3278 2111 3479 2166 fuerint

1900 2197 2052 2241 extra
2086 2195 2268 2244 tamen
2305 2189 2475 2260 legem
2512 2194 2945 2250 ecclesiasticam
2973 2214 3262 2257 concessas
3285 2202 3474 2270 fuisse,

1903 2290 1957 2336 et
1984 2290 2136 2337 extra
2171 2293 2374 2338 rectam
2410 2288 2742 2342 matrimonii
2775 2293 3261 2362 constitutionem;
3314 2296 3386 2349 ita
3420 2303 3478 2352 nt

1897 2389 1993 2444 per
2032 2374 2173 2429 hanc
2221 2377 2623 2436 confessionem
2659 2398 2724 2438 ex
2765 2385 2869 2440 hoc
2900 2402 3044 2440 nunc
3092 2388 3226 2443 tales
3273 2391 3479 2457 nuptiae

1896 2481 1926 2520 a
1950 2466 2262 2524 Christiano
2292 2473 2492 2541 populo
2517 2485 2793 2532 extranea:
2816 2479 3149 2535 aliirmentur
3173 2497 3271 2535 nec
3295 2483 3474 2536 locum

1896 2560 2116 2628 capiant
2145 2562 2197 2615 in
2229 2565 2585 2633 opprobrium
2623 2569 2994 2625 Ecclesiarnm
3031 2571 3122 2626 Dei
3148 2574 3262 2627 sive
3295 2576 3476 2642 potius

1895 2651 2192 2706 Christiani
2260 2656 2497 2723 generis.
2559 2658 2680 2715 Scis
2733 2662 2899 2725 enim,
2939 2661 3028 2733 stili
3085 2671 3294 2727 noster,
3349 2680 3474 2718 cum

1897 2739 2078 2811 aliqua
2113 2759 2202 2800 res
2255 2746 2470 2802 initium
2508 2752 2676 2805 sumit
2708 2752 2774 2806 ab
2825 2752 3020 2808 illustri
3074 2764 3125 2808 et
3174 2754 3474 2823 conspicua

1899 2846 2154 2901 persona,
2207 2838 2311 2892 nisi
2343 2841 2491 2894 omni
2522 2841 2732 2897 ratione
2780 2845 3152 2913 prohibeatur,
3196 2853 3262 2900 ad
3312 2848 3475 2916 hujus

1898 2921 2260 2981 imitationem
2296 2927 2454 2986 facile
2483 2931 2804 2989 humiliores
2841 2935 3090 2990 homines
3119 2936 3336 2992 deduci.

1870 3013 2197 3074 Ἐπίστασαι
2237 3023 2367 3092 γὰρ,
2430 3025 2624 3078 τέκνον
2671 3026 2852 3096 ἡμῶν,
2897 3029 2978 3082 ὅτι
3057 3030 3187 3083 ὅταν
3240 3033 3474 3102 πρᾶγμα

1460 3101 1816 3167 περιφανοῦς,
1859 3107 1906 3158 εἰ
1973 3109 2049 3179 μὴ
2118 3116 2283 3166 παντὶ
2332 3115 2521 3185 τρόπῳ
2575 3116 2834 3189 κωλυθῇ,
2885 3121 3021 3191 πρὸς
3085 3121 3185 3192 τὴν
3241 3101 3474 3195 μίμησιν

202 3164 395 3218 τούτου
424 3168 661 3237 εὐκόλως
694 3177 742 3229 οἱ
771 3183 1148 3255 ταπεινότεροι
1178 3187 1288 3241 τῶν
1310 3190 1615 3261 ἀνθρώπων
1647 3195 1974 3265 ὑπάγονται.

270 3287 372 3340 Διὰ
408 3289 584 3345 ταῦτα
638 3296 732 3349 καὶ
761 3298 1059 3373 ’Δδεοδάτῳ
1111 3304 1187 3376 τῷ
1224 3308 1603 3383 εὐλαϐεστάτῳ
1646 3316 1780 3388 κλη-

1962 3299 2260 3372 Propterea
2339 3315 2391 3361 et
2449 3307 2728 3362 Adeodato
2807 3309 3220 3377 religiosissimo
3270 3310 3475 3367 clerico

201 3380 340 3450 ρικῷ
400 3384 634 3440 αὐτόθεν
690 3389 1061 3463 ἀναδραμόντι
1135 3401 1354 3464 παντως
1398 3403 1534 3456 Θεοῦ
1576 3380 1785 3479 ’βουλη-

198 3471 383 3538 θέντος
433 3478 786 3550 ἐνετύχομεν,
838 3489 935 3540 καὶ⁸
997 3489 1263 3558 μαθόντες
1299 3495 1432 3565 παρ’
1469 3498 1637 3551 αὑτοῦ
1684 3503 1784 3573 τὴν

193 3565 383 3622 αἰτίαν
409 3571 508 3639 τῆς
545 3574 877 3650 ἀναδρομῆς,
909 3584 1003 3634 καὶ
1034 3583 1112 3666 ᾡς
1157 3593 1294 3656 πρὸς
1324 3594 1392 3642 τὰ
1435 3565 1782 3666 Ἱεροσόλυμα

186 3660 291 3729 τὴν
352 3663 586 3733 πορνίαν
637 3673 894 3737 ποιεῖται,
935 3664 1042 3744 τῆς
1072 3683 1300 3747 πορείας
1343 3684 1646 3756 ἐπέσχομεν
1680 3690 1780 3743 αῦ-

187 3755 306 3819 τὸν,
342 3757 586 3826 μάλιστα
635 3765 762 3834 περὶ
821 3767 920 3837 τῆς
971 3771 1245 3844 ὑμετέρας
1277 3777 1478 3848 ἀρετῆς
1515 3781 1783 3850 ἀπαγγεί-

185 3845 382 3911 λαντος
443 3853 575 3923 ἡμῖν
619 3857 721 3910 ὅσα
779 3861 1124 3932 ἀπήγγειλε,
1185 3867 1280 3920 καὶ
1320 3845 1781 3944 προετρεψάμεθα

192 3941 355 3994 αύτδν
407 3944 756 4017 ἀποστρέψαι
815 3953 909 4005 καὶ
941 3953 1262 4026 διακονῆσαι
1310 3961 1483 4033 ταύτῃ
1515 3941 1673 4034 ἡμῶν
1711 3968 1778 4036 τῇ

192 4039 353 4107 χρείᾳ
377 4052 391 4065 ’
426 4038 486 4091 ὃν
505 4042 599 4092 καὶ
628 4041 716 4095 διὰ
745 4045 839 4097 τοῦ
868 4048 1201 4118 γράμματος
1249 4053 1343 4106 καὶ
1375 4052 1456 4107 ἔτι
1510 4057 1778 4109 συνιστὼ-

200 4127 295 4193 μὲν
349 4146 457 4189 σοι.
495 4133 591 4184 καὶ
638 4139 1062 4209 προτρεπόμεθα
1097 4142 1171 4213 μὴ
1222 4144 1451 4214 ὀκνῆσαι
1498 4148 1632 4215 πρὸς
1680 4149 1780 4219 τὴν

207 4218 427 4292 Ῥώμην
479 4223 756 4295 διαϐῆναι,
803 4230 899 4282 καὶ
965 4233 1265 4287 σπουδάσαι
1307 4237 1461 4299 τέλος
1504 4237 1709 4304 λαϐεῖν,
1737 4218 1780 4294 γᾶ.

201 4311 272 4380 τῷ
305 4318 744 4389 ’μακαριωτάτῳ
798 4322 964 4394 Πὰπᾳ
1014 4326 1111 4378 καὶ
1169 4327 1386 4399 ἀδελφῷ
1445 4330 1603 4399 ἡμῶν
1651 4333 1679 4385 ὃ
1720 4351 1778 4387 τε

193 4404 545 4475 φιλόχριστος
591 4407 848 4478 βασιλεὺς
878 4413 1038 4483 ἡμῶν
1068 4419 1166 4469 καὶ
1195 4417 1331 4484 υίὸς,
1358 4419 1452 4472 καὶ
1480 4421 1778 4494 ἡήμετέρα

191 4495 401 4566 εγραιξιε
450 4501 764 4570 μετριότης.

780 4619 906 4675 NE'.
947 4621 1200 4690 Ἀδήλῳ.

260 4749 328 4801 Ἀ
360 4751 656 4819 γράφομεν
680 4757 744 4824 τῇ
789 4755 1067 4828 τιμιότητί
1112 4776 1228 4825 σου,
1274 4761 1499 4832 οἴδαμεν
1533 4764 1614 4816 ὅτι
1643 4781 1767 4817 συν-

196 4838 303 4892 έσει
368 4845 754 4916 κοσμούμενος
804 4851 862 4901 ἐν
909 4851 1121 4922 σεαυτῷ
1163 4855 1570 4923 περιστρέφεις.
1607 4858 1774 4910 Οὐδὲν

190 4936 295 5004 γὰρ
335 4937 487 4990 οὕτω
546 4941 813 5006 συνέσεως
867 4943 1178 5015 γνώρισμα,
1207 4947 1280 5010 ὡς
1323 4948 1383 5000 τὸ
1418 4949 1503 5001 ἀεὶ
1541 4952 1773 5021 μελετᾷν

183 5028 284 5080 ὅσα
344 5030 610 5085 ἑκάστοτε
665 5036 761 5086 καὶ
825 5037 946 5088 καθ’
993 5038 1124 5108 ὃλην
1153 5039 1309 5110 ἡμῶν
1345 5041 1769 5112 διαπράττομεν.

195 5122 258 5174 'll
293 5125 408 5194 γὰρ
444 5126 670 5194 τοιαύτη
706 5129 908 5198 μελέτη
942 5130 1380 5202 ἁσφαλεστέρους
1415 5136 1562 5203 ἡμᾶς
1592 5154 1773 5208 παρα-

201 5217 484 5280 σκευάζει*
516 5218 612 5270 καὶ
642 5212 717 5271 ὧν
751 5220 849 5287 μὲν
885 5221 938 5272 εῐ
963 5239 1014 5273 τι
1052 5224 1203 5294 παρὰ
1236 5225 1299 5277 τὸ
1324 5225 1469 5289 εἰκὸς
1494 5227 1766 5297 ἐπράχθη,

203 5304 474 5378 ἱπαναχθῇ
537 5311 675 5377 πρὸς
731 5313 1144 5383 ὲπανόρθωσιν’
1199 5317 1253 5368 εί
1290 5334 1342 5369 τι
1392 5318 1448 5370 δὲ
1505 5319 1767 5389 χρηστὸν,

207 5401 649 5473 σπουδαιοτέρους
677 5405 816 5474 προς
866 5407 966 5475 τὴν
1014 5407 1206 5460 τούτου
1242 5411 1504 5478 ἐργασίαν
1535 5414 1763 5466 ποιοῖτο.

205 5485 349 5555 Οἶδας
409 5492 438 5544 ὅ
478 5493 644 5561 λέγω,
704 5499 895 5549 τέκνον
947 5498 1100 5566 ἐμὸν,
1135 5501 1274 5571 πλὴν
1309 5503 1402 5554 καὶ
1433 5505 1460 5555 ὁ
1497 5505 1766 5575 ἡμέτερος

201 5579 340 5647 λόγος
398 5585 699 5650 ἀναπτύξει
747 5589 898 5643 αὑτό.
928 5589 1178 5658 Ἐγένετό
1213 5608 1297 5655 τις
1327 5595 1384 5645 ἐν
1414 5597 1527 5658 τοῖς
1562 5595 1764 5665 προλαο

194 5669 338 5728 δοῦσι
391 5680 610 5746 καιροῖς
665 5681 897 5748 ἐπήρεια
951 5681 1072 5734 καθ’
1113 5684 1272 5753 ἡμῶν
1323 5685 1623 5752 (αἰτιᾶσθαι
1663 5687 1762 5755 μὲν

190 5764 260 5814 οὗ
313 5767 582 5838 βούλομαι
632 5772 805 5835 τινὰς,
832 5773 966 5828 ἀλλὰ
1013 5781 1104 5827 καὶ
1145 5777 1521 5848 παραιτοῦμαι
1564 5778 1656 5832 τὸν
1681 5777 1762 5831 δί-

189 5874 338 5911 χλιι-ι
402 5862 622 5932 κριτὴν,
681 5865 803 5934 μηδ’
858 5867 1018 5922 αὑτὸν
1064 5869 1362 5942 ἀπαιτῆσαι
1393 5871 1490 5934 τὰς
1533 5871 1760 5938 εὐθύνας

1889 3397 2016 3451 inde
2044 3397 2288 3452 redeunti
2341 3398 2431 3454 Dei
2485 3400 2765 3455 voluntate
2798 3402 3180 3468 occurrimus;
3236 3411 3289 3454 et
3340 3417 3470 3456 cum

1887 3488 1955 3543 ah
1983 3504 2046 3544 eo
2073 3489 2423 3548 didicerimus
2456 3493 2660 3549 reditus
2689 3508 2910 3548 causam
2940 3507 2995 3548 et
3028 3494 3176 3547 illum
3213 3494 3278 3547 ad
3309 3492 3468 3548 Jero-

1886 3584 2146 3652 solymam
2176 3599 2422 3655 pergere,
2461 3587 2529 3640 ab
2564 3587 2760 3641 itinere
2790 3603 2913 3642 eum
2946 3587 3302 3655 dotinuimus,
3332 3605 3473 3659 pra:-

1886 3674 2070 3728 sertim
2118 3691 2242 3729 cum
2279 3677 2344 3732 de
2375 3687 2550 3732 vestra
2600 3678 2802 3732 virtute
2840 3681 3182 3734 annuutiavit
3211 3696 3330 3748 qua:
3365 3695 3468 3734 an-

1886 3769 2163 3823 nuntiavit
2211 3779 2264 3824 et.
2320 3771 2519 3826 hortati
2575 3788 2767 3827 sumus
2823 3787 2854 3826 a
2907 3773 2993 3826 via
3043 3771 3352 3839 deﬂectere,
3397 3771 3466 3826 ad

1884 3862 2042 3917 nobis
2096 3862 2503 3919 inserviendum
2553 3887 2564 3921 :
2625 3882 2748 3920 eum
2810 3867 2988 3922 adhuc
3019 3883 3114 3936 per
3148 3867 3288 3919 hanc
3321 3882 3465 3936 epis-

1885 3953 2048 4006 tolam
2103 3955 2197 4009 tibi
2243 3959 2713 4022 commendamus,
2781 3969 2835 4014 et
2888 3961 3172 4014 hortamur
3232 3958 3462 4013 Romam

1883 4045 2076 4102 Sedulo
2121 4048 2308 4112 adeas,
2357 4058 2412 4102 et
2469 4050 2533 4103 ad
2589 4050 2642 4104 id
2695 4051 2980 4106 incumbas
3021 4062 3078 4104 ut
3123 4051 3282 4105 finem
3316 4052 3462 4105 acci-

1884 4138 2030 4206 piant
2071 4153 2194 4207 qua:
2236 4139 2554 4195 beatissimo
2592 4140 2750 4211 Papa!
2796 4151 2849 4197 et
2897 4141 3052 4196 fratri
3104 4152 3292 4196 nostro
3344 4152 3462 4196 tum

1881 4228 2388 4287 Clu-istianissimus
2435 4233 2730 4302 imperator
2771 4243 2956 4290 noster
3011 4243 3064 4288 et
3113 4233 3277 4298 lilius,
3332 4243 3467 4290 tune.

1881 4335 2067 4380 nostra
2100 4327 2320 4396 scripsit
2349 4328 2652 4384 humilitas.

2472 4634 2585 4691 LV.
2627 4633 2861 4690 Incerto.

1945 4777 2076 4844 Quae
2106 4785 2208 4832 tua:
2236 4777 2528 4832 scribimus
2558 4778 2871 4831 reverentiae
2897 4776 3100 4832 scimus
3131 4787 3204 4840 te,
3241 4792 3339 4846 pro
3362 4787 3455 4834 tua

1870 4885 1975 4939 qua
2009 4867 2222 4921 ornaris
2258 4866 2635 4931 intelligentia,
2672 4867 2722 4920 in
2771 4877 2823 4921 te
2855 4869 2972 4936 ipso
3009 4869 3248 4922 volvere.
3307 4868 3458 4924 Nihil

1871 4960 2013 5014 enim
2043 4968 2128 5013 est
2151 4957 2334 5026 majus
2371 4957 2742 5028 intelligentia;
2780 4957 3066 5024 indicium,
3096 4975 3258 5029 quam
3291 4961 3355 5012 ad
3390 4975 3454 5014 ea

1871 5051 2052 5104 omnia
2082 5065 2202 5119 quae
2234 5053 2446 5121 agimus
2477 5050 2794 5121 singulatim
2829 5060 2882 5104 et
2917 5067 3010 5119 per
3043 5067 3205 5105 omne
3240 5066 3454 5119 tempus

1873 5144 2171 5195 attendere.
2215 5140 2338 5195 llaec
2379 5143 2524 5196 enim
2580 5144 2748 5196 animi
2807 5146 3037 5197 attentio
3087 5145 3314 5198 tutiores
3354 5160 3456 5195 nos

1881 5234 2026 5298 facit,
2068 5242 2120 5287 et
2161 5235 2205 5289 si
2251 5234 2380 5303 quid
2425 5244 2614 5290 contra
2648 5249 2858 5290 rectum
2895 5237 3187 5308 egerimus.
3231 5236 3296 5287 ad
3330 5249 3429 5286 eor

1875 5325 2160 5395 rigendum
2218 5341 2316 5379 nos
2364 5326 2572 5381 inducit
2624 5345 2639 5382 :
2694 5329 2738 5382 si
2793 5328 2924 5397 quid
2983 5338 3160 5381 autem
3225 5326 3452 5388 bonum,

1875 5416 2229 5472 studiosiores
2260 5416 2325 5470 ad
2361 5417 2506 5472 illius
2534 5419 2906 5488 operationem
2947 5417 3141 5471 reddit.

1946 5505 2154 5562 Novisti
2187 5523 2309 5576 qua:
2351 5507 2498 5574 dico,
2533 5509 2606 5563 lili
2637 5511 2710 5564 mi
2736 5511 2863 5576 ,scd
2900 5509 3028 5563 illud
3068 5518 3254 5563 nostra
3285 5509 3448 5564 verba

1873 5595 2142 5652 evolvent.
2209 5597 2372 5652 Facta
2434 5609 2520 5655 est
2571 5600 2818 5670 quaedam
2902 5599 2954 5652 in
3023 5601 3452 5668 praecedentibus

1877 5690 2210 5760 temporibus
2255 5692 2545 5747 adversum
2598 5708 2698 5748 nos
2745 5691 3047 5747 diil'amatio
3104 5692 3226 5762 (nec
3255 5708 3448 5763 quem-

1875 5799 2038 5852 quam
2070 5784 2388 5840 insimulare
2415 5785 2672 5852 intendo;
2724 5784 2818 5840 sed
2865 5785 3027 5840 etiam
3070 5786 3276 5854 justum
3308 5783 3450 5854 judi-

1873 5888 1989 5931 ccm
2024 5875 2284 5946 deprecor
2319 5891 2384 5933 nc
2413 5875 2654 5933 ratione:
2687 5876 2802 5946 ipse
2837 5877 3098 5948 exigatdc
3117 5874 3446 5935 diffamanti-
