4038 6204
555 373 663 436 255
1696 379 1746 440 Ν
1761 377 2010 438 [COLAI
2049 377 2149 440 ΟΡ.

2259 377 2353 437 AT
2365 377 2493 437 RIA
2505 377 2730 440 RCHzE
3714 373 3828 436 956

555 490 680 558 bus)
714 487 854 543 facta
887 495 967 544 est
999 495 1182 544 tamen
1217 496 1368 551 tunc,
1401 496 1455 542 et
1486 487 1614 543 hinc
1639 498 1861 559 accepta
1893 490 2129 560 origine,

2258 483 2347 538 τῶν
2401 485 2868 554 ἐπηρεασάντωνο
2924 484 3063 555 πλὴν
3115 481 3382 551 ἐγένετο),
3423 480 3484 535 τὸ
3527 481 3628 551 μέν
3660 499 3712 536 τι
3747 488 3836 537 ὲν-

555 593 670 636 tum
701 589 753 634 et
786 595 850 632 ex
880 587 1067 634 saneta
1103 578 1476 632 Romanorum
1513 579 1795 647 Ecclesia;
1841 592 1895 635 et
1923 582 2136 651 expul5t

2258 575 2432 629 τεῦθεν
2471 574 2710 630 λαϐοῦσα
2745 575 2841 645 τὴν
2867 575 3145 646 ἀφορμὴν,
3165 573 3226 626 τὸ
3255 573 3310 626 δὲ
3335 573 3427 626 καὶ
3449 574 3513 627 ἐκ
3543 575 3642 642 τῆς
3673 574 3837 642 άγὲας

556 670 763 726 fuimus
827 669 1073 724 Ecclesia
1126 679 1348 736 nostra,
1385 686 1509 726 cum
1551 672 1681 726 nihi'
1718 673 2140 742 deliquissemus

2258 667 2351 719 τῶν
2411 666 2702 737 Ῥωμαίων
2750 665 3105 736 Ἐκκλησίας,
3147 666 3242 717 καὶ¹
3296 663 3672 734 άπηλάΘημεν
3736 669 3840 736 τῆς

556 765 670 818 sive
694 769 883 815 contra
919 759 1289 814 Romanorum
1321 761 1640 821 Ecelesiam.
1674 764 1789 818 sive
1829 773 2015 818 contra
2046 779 2139 820 eos

555 857 648 926 qui
695 855 780 908 hic
811 864 961 920 sunt,
1008 853 1136 907 licet
1163 869 1345 908 coram
1385 855 1495 910 Deo
1546 856 1916 910 indesinenter
1944 871 2140 927 pecca-

562 963 708 1000 mus.
749 946 812 999 Et
843 964 906 1000 ex
940 946 1041 1000 hac
1091 961 1256 1000 causa
1324 948 1643 1016 prodierunt
1686 949 1967 1014 scandala,
2018 965 2142 1018 quae

2256 758 2582 830 Ἐκκλησίας
2617 760 2798 831 ἡμῶν,
2833 759 2986 812 οὐδὲν
3013 756 3138 812 οὔτε
3165 761 3230 827 τῇ
3266 757 3558 828 Ῥωμαίων
3576 759 3840 812 ττταίσαν⁶

2241 869 2334 915 τες
2361 851 2685 922 Ἐκκλησία,
2736 850 2862 905 οὔτε
2923 853 3038 914 τοῖς
3065 849 3328 915 ἐνταῦθα,
3361 852 3410 904 εί
3445 853 3539 903 καὶ
3570 852 3710 922 πρὸς
3746 852 3841 906 τὸν

2242 943 2380 998 Θεὸν
2402 944 2670 1015 διηνεκῶς
2703 944 3095 1014 ἁμαρτάνομεν
3119 983 3132 996 .
3178 943 3291 997 Καὶ
3333 943 3535 1012 συνέϐη
3562 945 3838 999 σκάνδαλα

557 1038 854 1094 secundum
904 1039 1172 1093 humanas
1228 1055 1352 1109 spes
1409 1055 1629 1095 omnem
1659 1042 1928 1097 medelam
1981 1057 2141 1097 exce-

565 1130 776 1184 derent.
821 1128 924 1183 Sed
958 1129 1050 1199 qui
1090 1131 1364 1185 mirabilia
1399 1141 1661 1200 operatur
1706 1131 1874 1200 Deus,
1911 1142 1965 1188 et
1995 1149 2144 1188 nunc

557 1223 767 1288 statim,
824 1231 878 1278 et
927 1237 993 1276 eo
1043 1239 1154 1293 quo
1196 1223 1380 1280 nullus
1423 1226 1679 1295 sperabat
1725 1227 1911 1293 modo,
1959 1226 2142 1282 attulit

557 1315 832 1369 scandalis
881 1315 1213 1371 solutionem
1271 1323 1325 1371 et
1377 1315 1432 1372 in
1491 1317 1943 1388 tranquillitatem
2003 1334 2141 1374 con-

556 1407 719 1461 vertit
762 1407 1052 1476 procellam
1109 1423 1230 1476 qua:
1278 1423 1381 1463 nos
1399 1408 1511 1478 jam
1545 1424 1574 1462 a
1624 1408 1935 1478 quindecim
1983 1409 2142 1465 annis

557 1497 909 1552 Vehementer
952 1500 1289 1571 exagitabat.
1351 1497 1418 1552 Et
1468 1499 1698 1570 gratiam
1743 1497 2036 1556 referimus
2085 1509 2142 1556 et

558 1585 798 1641 debitam
850 1586 1076 1657 gloriam
1127 1588 1458 1644 benefactori
1509 1589 1575 1643 de
1623 1597 1828 1644 nostrae
1883 1588 2144 1648 Ecclesiae

557 1681 984 1737 restauratione.

633 1867 1017 1923 Desideramus
1048 1877 1230 1922 autem
1265 1877 1318 1924 et
1350 1870 1630 1940 antiquam
1657 1873 1942 1928 vobiscum
1976 1875 2137 1929 unio-

559 1975 706 2025 nem,
743 1967 796 2014 et
829 1970 1118 2030 propterea
1149 1962 1305 2016 vobis
1339 1963 1650 2031 scribimus,
1696 1976 1808 2020 tum
1856 1967 1923 2024 de
1953 1977 2138 2023 nostra

562 2050 955 2106 constitutione
1025 2050 1201 2106 fausta
1273 2055 1611 2121 nuntiantes,
1671 2065 1784 2110 tum
1860 2057 2140 2115 trahentes

565 2159 662 2198 vos
695 2144 761 2198 ad
814 2143 1110 2198 fraternam
1159 2145 1505 2201 dilectionem
1541 2156 1598 2202 et
1645 2149 1982 2205 societatem.
2027 2149 2142 2207 Hoc

559 2245 741 2292 autem
798 2235 958 2292 facile
1005 2237 1116 2300 fiet,
1161 2238 1323 2292 modo
1380 2239 1582 2296 velitis.
1645 2241 1942 2297 Dicendum
1995 2243 2137 2298 enim

561 2329 905 2385 solummodo
942 2345 1004 2385 ea
1034 2347 1156 2402 qua:
1183 2332 1341 2388 nobis
1373 2341 1678 2387 evenerunt
1723 2334 1868 2389 circa
1918 2345 2140 2406 quartas

563 2423 810 2492 nuptias,
847 2432 1072 2493 propter
1108 2424 1541 2493 compassioncm
1576 2441 1703 2497 erga
1753 2426 2140 2498 imperatorem

562 2514 706 2570 facta
735 2515 926 2584 fuisse,
963 2531 1071 2571 non
1111 2527 1294 2571 autem
1325 2518 1627 2573 secundum
1662 2518 1714 2573 id
1745 2521 1888 2589 quod
1919 2522 2145 2577 decebat

562 2607 863 2664 Eeclesiam
897 2618 948 2663 et
976 2609 1297 2680 gravitatem
1334 2610 1634 2666 Christiani
1684 2611 1987 2683 regiminis.
2024 2614 2142 2669 Nm

559 2701 706 2755 enim
769 2701 914 2757 istud
971 2701 1196 2772 dignum
1266 2703 1647 2759 Romanorum
1704 2705 1949 2761 Ecclesia
2000 2706 2142 2762 viam

561 2795 788 2860 scilicet~
816 2795 1032 2863 aperire
1065 2795 1279 2864 quartis
1310 2797 1538 2864 nuptiis,
1586 2803 1641 2849 et
1674 2796 1954 2851 licentiam
2007 2813 2146 2868 pra:-

563 2889 693 2940 here
725 2887 794 2940 iis
828 2887 921 2954 qui
958 2886 1270 2956 polygamia
1302 2888 1466 2941 vitam
1501 2887 1790 2957 pecuinam
1841 2904 2003 2959 agere
2047 2906 2145 2946 vo-

564 2979 704 3032 lunt.
747 2977 938 3047 Igitur,
987 2986 1048 3031 ut
1081 2977 1284 3032 dictum
1327 2987 1434 3042 est,
1483 2989 1705 3049 propter
1734 2981 1872 3036 hanc
1899 2997 2144 3047 causam,

563 3077 782 3138 quarta:
820 3067 1038 3137 quidem
1092 3070 1298 3139 nuptiae
1347 3070 1718 3137 damnantur;
1771 3073 1916 3142 quod
1963 3082 2145 3127 autem

2243 1040 2308 1092 ἐκ
2339 1037 2439 1108 τῆς
2487 1038 2667 1098 αίτίας
2710 1039 2939 1109 ταύτης,
2977 1039 3104 1093 ὅσον
3142 1037 3224 1102 είς
3252 1035 3559 1109 ἀνθρώπων
3591 1039 3841 1110 ὑπῆρχεν

2243 1129 2488 1194 ἐλπίδας,
2529 1132 2710 1184 πᾶσαν
2740 1131 2980 1185 νικῶντα
3037 1128 3540 1201 θεραπείαν.Ἀλλ⁹
3583 1133 3610 1183 ὀ
3655 1133 3844 1200 παρά-

2241 1222 2369 1288 δοξα
2403 1222 2575 1278 ποιῶν
2595 1223 2728 1286 Θεὸς
2757 1225 2968 1286 ἐκεῖνος
2999 1224 3095 1277 καὶ
3133 1222 3230 1276 νῦν
3263 1222 3484 1291 ἀθρόον,
3515 1222 3616 1276 καὶ
3635 1222 3710 1285 ὡς
3738 1223 3842 1278 οὐκ

2242 1314 2307 1367 ἄν
2334 1330 2418 1377 τις
2454 1313 2686 1384 ἤλπισεν
2711 1314 2988 1385 ἐπήνεγκε
3022 1314 3133 1367 τῶν
3179 1313 3502 1367 σκανδάλων
3539 1312 3640 1382 τὴν
3662 1313 3838 1380 λύσιν,

2245 1406 2339 1459 καὶ
2379 1407 2478 1476 τὴν
2525 1407 2775 1476 ταραχὴν
2847 1408 3187 1477 μετήνεγκεν
3247 1407 3330 1470 είς
3391 1404 3658 1476 γαλήνην.
3727 1405 3842 1458 ίδοῦ

2244 1497 2740 1555 πεντεκαιδέκατον
2774 1499 2893 1562 ἔτος
2941 1499 3198 1570 χαλεπῶς
3224 1500 3374 1570 ἡμᾶς
3403 1499 3837 1570 ἑκταράξασανεο

2246 1591 2339 1644 καὶ
2364 1592 2527 1662 χάριν
2555 1591 2655 1660 μὲν
2679 1591 3028 1662 άναφέρομεν
3047 1591 3128 1662 τῷ
3149 1591 3421 1665 εὐεργέτῃ
3451 1593 3543 1644 καὶ
3562 1593 3663 1663 τὴν
3689 1591 3844 1659 ὀφεινο

2243 1683 2477 1755 λομένην
2509 1683 2670 1750 δόξαν
2709 1685 2804 1739 ἐπὶ
2859 1687 2924 1756 τῇ
2981 1684 3318 1739 καταστάσει
3367 1685 3469 1754 τῆς
3516 1684 3642 1738 καθ’
3684 1687 3842 1755 ἡμεῖς

2257 1775 2606 1846 Ἐκκλησίας.

2318 1869 2724 1940 Ἐπιποθοῦμεν
2780 1871 2838 1945 δὲ
2895 1869 2989 1923 καὶ
3046 1869 3146 1939 τὴν
3209 1869 3331 1940 μεθ’
3391 1868 3550 1938 ὑμῶν
3600 1871 3844 1940 ἀρχαίαν

2247 1959 2460 2022 ἕνωσιν,
2487 1961 2583 2014 καὶ
2613 1961 2699 2014 διὰ
2731 1960 2890 2014 τοῦτο
2930 1960 3219 2032 γράφομεν
3251 1961 3400 2031 ὑμῖν,
3434 1961 3549 2028 ἅμα
3579 1961 3678 2030 μὲν
3709 1965 3843 2029 περὶ

2247 2049 2348 2120 τῆς
2377 2051 2534 2121 ήμῶν
2557 2052 2952 2115 καταστάσεως
2987 2051 3306 2119 εὐαγγέλια,
3340 2050 3458 2121 ἅμα
3481 2050 3538 2104 δὲ
3565 2051 3662 2104 καὶ
3689 2052 3843 2120 ὑμᾶς

2247 2143 2498 2208 ἕλκοντες
2539 2144 2678 2213 πρὸς
2717 2144 2818 2214 τὴν
2865 2143 3166 2214 ἀδελφικὴν
3227 2143 3448 2213 ἀγάπην
3482 2160 3542 2196 τε
3579 2143 3676 2196 καὶ¹
3711 2160 3843 2196 συνο

2250 2236 2472 2306 ἀφειαν.
2532 2233 2706 2289 Τοῦτο
2753 2235 2810 2289 δὲ
2868 2236 3163 2306 γενήσεται
3237 2235 3436 2307 ῥαδίως
3489 2234 3843 2306 βουλομένων

2249 2327 2430 2398 ὑμῶν.
2477 2327 2754 2393 Ἐξειπεῖν
2795 2328 2908 2400 γὰρ
2953 2329 3036 2383 δεῖ
3068 2328 3230 2397 μόνον
3277 2329 3352 2392 ὡς
3389 2329 3457 2382 τά
3494 2329 3842 2399 γεγενημένα

2249 2421 2384 2492 ἡμῖν
2410 2419 2540 2492 περὶ
2572 2419 2667 2474 τοῦ
2717 2421 2988 2492 τετάρτου
3018 2420 3224 2492 γάμου,
3261 2420 3450 2474 ἕνεκεν
3491 2420 3593 2491 τῆς
3629 2420 3845 2491 βασιλι-

2251 2515 2353 2585 κῆς
2385 2512 2738 2584 συμπαθείας
2767 2513 3043 2584 ἐπράχθη,
3073 2515 3171 2566 καὶ
3213 2513 3274 2566 οὗ
3305 2513 3445 2566 κατὰ
3472 2512 3535 2568 τὺ
3562 2517 3844 2584 προσῆκον

2250 2610 2316 2678 τῇ
2356 2606 2662 2678 Ἐκκλησία
2708 2606 2802 2660 καὶ
2847 2608 2913 2677 τῇ
2967 2605 3257 2677 σεμνότητι
3303 2605 3405 2674 τῆς
3441 2605 3846 2677 Χριστιανικῆς

2253 2698 2552 2763 πολιτείας.
2585 2699 2722 2753 Οὐδὲ
2755 2698 2865 2771 γὰρ
2884 2698 3036 2766 ἄξιον
3065 2698 3225 2752 τοῦτο
3250 2698 3350 2768 τῆς
3390 2697 3679 2766 Ῥωμαίων
3711 2698 3849 2752 Ἐκ-

2253 2789 2483 2861 κλησίας
2515 2787 2701 2860 χώραν
2763 2789 3082 2858 ὑπανοίγειν
3127 2788 3205 2860 τῷ
3234 2790 3484 2859 τετάρτῳ
3513 2789 3704 2860 γάμῳ,
3747 2793 3847 2844 καὶ

2254 2883 2524 2954 παρέχειν
2575 2881 2889 2953 ἐπιτροπὴν
2947 2883 3062 2942 τοῖς
3119 2881 3468 2952 βουλομένοις
3521 2880 3848 2954 πολυγαμίᾳ

2253 2974 2393 3044 πρὸς
2419 2973 2512 3027 τὸν
2542 2971 2795 3043 κτηνώδη
2835 2972 2948 3043 βίον
2977 2971 3314 3040 ὑπάγεσθαι.
3350 2970 3438 3033 Ὧς
3476 2963 3569 3023 οὖν
3601 2971 3844 3041 εἴρηται.

2253 3065 2342 3120 διὰ
2364 3065 2570 3136 ταύτην
2583 3065 2683 3136 τὴν
2708 3064 2914 3128 αἰτίαν,
2941 3065 2969 3118 ὁ
2996 3064 3096 3134 μὲν
3113 3064 3373 3134 τέταρτος
3398 3059 3848 3131 άποκηρυχθήτω

565 3161 767 3216 factum
801 3169 906 3223 est,
955 3160 1308 3231 indulgentia:
1339 3163 1683 3234 imperatoris
1713 3168 2147 3228 commendetur,

2258 3157 2457 3228 γάμος,
2509 3155 2570 3208 τὸ
2623 3154 2680 3208 δὲ
2709 3153 2956 3226 πραχθὲν
2988 3152 3126 3224 πρὸς
3174 3150 3271 3223 τὴν
3303 3151 3594 3223 βασιλικὴν
3629 3151 3848 3216 ἀναφε-

564 3263 620 3308 et
652 3253 719 3312 de
745 3263 964 3318 caetero,
1004 3253 1097 3308 Dei
1129 3257 1305 3326 gratia
1339 3257 1736 3326 conjungamur
1767 3257 1913 3312 sicut
1941 3273 1969 3311 a
2007 3260 2154 3328 prin-

567 3345 735 3415 eipio,
773 3361 875 3401 nec
904 3347 1141 3416 amplius
1167 3346 1319 3401 locus
1351 3348 1456 3400 erit
1488 3347 1582 3400 ulli
1635 3347 1705 3400 ab
1753 3347 1983 3402 invicem
2019 3349 2156 3403 divi-

567 3438 733 3494 sioni.
769 3437 875 3492 Sed
925 3447 979 3492 et
1023 3435 1390 3508 apocrisiarii,
1439 3437 1594 3507 juxta
1648 3449 1884 3494 veterem
1923 3456 2154 3505 morem,

568 3530 696 3585 inde
723 3530 791 3584 ad
833 3544 932 3584 nos
980 3538 1034 3582 et
1061 3529 1187 3584 hinc
1237 3529 1303 3584 ad
1350 3545 1447 3585 vos
1489 3540 1751 3602 perpetuo
1805 3539 2155 3587 transeuntes

569 3629 749 3682 erunt.
777 3629 830 3674 et
863 3619 1044 3675 debita
1076 3621 1367 3675 dilectione
1385 3630 1438 3676 et
1483 3621 1856 3678 familiaritate
1885 3622 2154 3687 fruemur,

574 3721 632 3765 et
687 3720 881 3782 prreter
934 3713 1048 3767 haec
1093 3713 1276 3767 omnia
1322 3715 1464 3769 sacri
1523 3715 1766 3769 nominis
1821 3715 2155 3770 sanctissimi

578 3802 738 3873 Papa:
777 3803 1151 3874 pronuntiatio
1181 3819 1305 3859 cum
1341 3816 1531 3861 nostra
1559 3806 1749 3860 humili
1780 3808 2069 3864 vocatione
2103 3808 2157 3861 in

575 3895 749 3951 sacris
813 3894 1088 3966 diptychis
1126 3895 1478 3968 perficietur;
1551 3907 1606 3953 et
1654 3899 1998 3970 simpliciter,
2047 3914 2158 3954 uno

574 4001 762 4053 sensu,
804 4000 911 4042 una
941 3996 1143 4052 mente,
1182 4004 1294 4043 uno
1334 3989 1556 4059 spiritu,
1603 3992 1749 4061 quod
1783 3993 2158 4062 gratissimum

573 4088 660 4133 est
709 4079 860 4157 Deo,’
893 4080 1157 4135 vivemus.
1222 4082 1291 4136 Et
1331 4081 1447 4137 haec
1499 4083 1720 4154 quidem
1761 4100 1883 4149 nos,
1933 4085 2006 4139 fili
2056 4081 2156 4150 'mi,

575 4171 892 4237 scribimus,
925 4171 1299 4229 desiderantes
1327 4174 1378 4228 in
1406 4173 1517 4228 Deo
1541 4182 1774 4230 vestram
1809 4175 2156 4230 dilectionem

577 4263 673 4318 sed
727 4265 860 4319 nihil
909 4279 1099 4320 eorum
1152 4266 1355 4338 quibus
1397 4267 1583 4323 amicti
1625 4283 1819 4324 sumus
1870 4267 1938 4324 de
1969 4279 2160 4324 sancta

583 4355 956 4416 Romanorum
988 4360 1254 4416 Ecclesia.

945 4680 1079 4736 LVI.
1123 4681 1284 4750 Papa:
1320 4682 1552 4750 antiquae
1591 4679 1791 4736 Romw.

649 4821 804 4892 Szepc
835 4836 940 4876 non
982 4830 1088 4875 tam
1123 4835 1217 4890 per
1255 4819 1464 4874 litteras
1501 4834 1663 4890 quam
1697 4834 1792 4890 per
1829 4821 2096 4876 virosbuc
2125 4837 2156 4875 a

577 4924 759 4972 vestra
810 4912 983 4968 Ruina
1045 4913 1400 4969 devenientes
1463 4913 1578 4968 sive
1641 4915 1979 4980 monachos,
2040 4917 2158 4970 sive

578 5005 951 5070 clericos,sive
982 5005 1144 5059 etiam
1180 5003 1371 5066 laicos,
1401 5017 1502 5058 vos
1531 5001 1939 5068 admonuimus,
1971 5018 2159 5058 sacra-

582 5100 794 5157 tissime
823 5097 1008 5162 frater,
1048 5107 1107 5152 ut
1147 5112 1177 5152 a
1204 5096 1360 5151 vobis
1389 5095 1550 5165 legati
1599 5096 1688 5150 hic
1741 5096 2016 5162 adessent,
2065 5096 2158 5160 qui

582 5193 868 5250 nobiscum
901 5201 956 5247 et
985 5207 1110 5247 eum
1138 5201 1251 5246 tota
1288 5198 1476 5245 nostra
1507 5187 1775 5254 Ecclesia,
1823 5205 1945 5259 qua:
1990 5190 2044 5242 in
2096 5204 2158 5243 ea

581 5295 884 5343 evenerunt
939 5284 1150 5357 (nescio
1209 5281 1487 5352 quomodo
1535 5280 1744 5347 dicam;
1801 5280 1973 5336 satius
2012 5281 2157 5334 enim

585 5379 806 5433 silentio
835 5377 933 5447 uti)
964 5375 1198 5431 dolenda
1239 5372 1524 5437 scandala,
1577 5372 1776 5442 partim
1815 5371 1943 5426 hinc
1988 5370 2159 5439 origi-

588 5483 712 5523 nem
743 5469 1026 5532 habentia,
1061 5466 1259 5537 partim
1295 5474 1351 5521 et
1380 5480 1445 5520 ex
1483 5462 1569 5517 his
1593 5463 1685 5532 qui
1724 5461 1917 5532 primis
1959 5461 2161 5516 “Uilla-

588 5575 786 5615 norum
846 5561 1106 5617 Ecclesiae
1156 5559 1377 5615 sedibus
1421 5563 1693 5626 praesunt,
1748 5569 1870 5609 cum
1923 5569 2164 5623 superno

593 5651 868 5718 adiutorio
900 5655 967 5708 de
999 5651 1181 5707 medio
1212 5649 1484 5710 tollerent,
1529 5655 1584 5701 et
1624 5645 1861 5700 debitam
1899 5645 2166 5700 stabilita-

593 5753 700 5799 tem
732 5752 786 5799 et
816 5746 1264 5814 tranquillitatem
1298 5741 1399 5811 ipsi
1427 5737 1794 5812 providerent.
1835 5737 1959 5792 llaec
1987 5747 2166 5793 autem

2262 3248 2439 3319 ρέσθω
2471 3247 2844 3314 συμπάθειαν,
2896 3245 2993 3300 καὶ
3018 3244 3080 3298 τδ
3111 3243 3298 3297 λοιπὸν
3329 3240 3467 3296 Θεοῦ
3494 3242 3678 3314 χάριτι
3714 3257 3849 3292 συν-

2257 3338 2592 3410 απτώμεθα,
2627 3336 2810 3401 καθὼς
2832 3336 2928 3390 ἀπ’
2951 3337 3148 3407 ἀρχῆς,
3179 3336 3272 3388 καὶ
3303 3335 3491 3388 οὐκέτι
3520 3333 3631 3401 ἕξει
3658 3332 3849 3404 χώραν

2256 3433 2290 3502 ἠ
2321 3433 2380 3498 ἐξ
2406 3431 2658 3502 ἀλλήλων
2696 3429 3001 3494 διάστασις.
3056 3427 3219 3482 Ἀλλὰ
3269 3427 3362 3481 καὶ⁹
3425 3427 3860 3498 άποκρισιάριοι.

2258 3527 2400 3582 κατὰ
2459 3525 2521 3581 τὸ
2579 3527 2815 3598 ἀρχαῖον
2851 3525 2971 3589 ἔθος
3005 3525 3238 3579 αὐτόθεν
3278 3541 3336 3578 τε
3374 3524 3511 3595 πρὸς
3547 3525 3717 3593 ἡμᾶς,
3748 3523 3848 3576 καὶ

2260 3616 2396 3687 πρὸς
2433 3616 2580 3687 ὑμᾶς
2641 3617 2708 3670 ὲκ
2755 3616 2868 3669 τῶν
2924 3613 3161 3669 ἐνταῦθα
3193 3613 3435 3685 συνεχῶς
3474 3612 3850 3676 διαϐαίνοντες

2259 3710 2494 3775 ἔσονται,
2546 3710 2643 3764 καὶ
2692 3713 2788 3778 τῆς
2846 3705 3209 3776 ὀφειλομένης
3238 3705 3464 3775 ἀγάπης
3500 3704 3593 3756 καὶ
3623 3701 3850 3772 ὁμιλίας

2260 3803 2495 3875 ἐσόμεθα
2555 3801 2951 3862 ἀπολαύοντες.
3003 3798 3116 3852 Καὶ
3171 3797 3269 3852 ἐπὶ
3327 3795 3539 3859 τούτοις
3571 3796 3706 3849 πᾶσι
3748 3793 3848 3846 τοῦ

2261 3897 2410 3967 ἱεροῦ
2439 3895 2706 3968 ὀνόματος
2737 3897 2770 3966 ἠ
2802 3892 3137 3965 άνακήρυξις
3182 3889 3278 3944 τοῦ
3331 3889 3637 3960 ἁγιωτάτου
3682 3887 3853 3941 Πάπα

2263 3989 2404 4060 μετὰ
2461 3988 2563 4058 τῆς
2612 3987 2772 4058 ἡμῶν
2810 3983 3297 4054 τεταπεινωμένης
3341 3983 3590 4052 κλήσεως
3639 3981 3699 4032 ὲν
3729 3980 3853 4042 τοῖς

2262 4080 2432 4152 ἱεροῖς
2491 4079 2771 4148 διπτύχοις
2814 4074 3314 4146 ἑκτελεσθήσεταιο
3375 4073 3472 4126 καὶ
3514 4071 3707 4133 άπλῶς
3764 4071 3857 4122 ἐνὶ

2263 4173 2598 4245 φρονήματι,
2628 4173 2725 4226 καὶ
2751 4173 2851 4242 μιᾷ
2874 4168 3092 4242 γνώμῃ.
3141 4170 3236 4221 καὶ
3269 4168 3350 4220 ἐνὶ
3381 4164 3674 4236 πνεύματι,
3703 4162 3855 4232 ὅπερ

2260 4264 2379 4318 ἐστὶ
2427 4262 2546 4334 Θεῷ
2600 4263 2894 4333 εὐάρεστον
2980 4259 3386 4328 διαϐιώσωμεν.
3455 4255 3643 4328 Ἡμεῖς
3717 4252 3856 4323 μὲν,

2260 4357 2454 4412 τέκνον
2486 4355 2668 4427 ἡμῶν,
2699 4354 2874 4408 ταῦτα
2902 4355 3189 4425 γράφομεν
3233 4353 3291 4404 ἒν
3325 4349 3512 4421 Κυρίῳ
3538 4345 3693 4419 ὑμῶν
3723 4349 3858 4402 ἑπι-

2266 4449 2557 4520 ζητοῦντες
2587 4448 2831 4519 ἀγάπην,
2857 4447 2992 4519 μηδέ
3023 4464 3076 4500 τι
3093 4439 3166 4500 ὧν
3193 4443 3544 4515 ὲλυπήθημεν
3569 4441 3722 4511 παρὰ
3747 4440 3858 4513 τῆς

2191 4524 2236 4581 Ῑ)
2265 4542 2427 4612 ἁγίας
2446 4541 2558 4596 τῶν
2596 4540 2888 4612 Ῥωμαίων
2916 4539 3272 4609 Ἐκκλησίας.

2370 4677 2514 4744 NCT'.
2555 4675 2640 4741 Τῷ
2689 4673 2859 4743 adita
2900 4674 3013 4744 τῆς
3039 4673 3448 4744 πρεσϐυτέρας
3492 4671 3737 4743 Ῥώμης.

2333 4811 2624 4875 Πολλάκις,
2651 4812 2700 4864 εί
2731 4811 2826 4865 καὶ
2851 4812 2926 4880 μὴ
2960 4809 3048 4863 διὰ
3069 4809 3437 4881 γραμμάτων,
3457 4809 3593 4861 ἀλλὰ
3623 4808 3711 4860 διὰ
3736 4808 3862 4862 τῶν

2259 4906 2324 4957 ἐκ
2381 4903 2480 4972 τῆς
2537 4903 2812 4972 ὑμετέρας
2873 4903 3093 4973 Ῥώμης
3140 4898 3380 4954 ἐνταῦθα
3426 4898 3863 4954 καταλαϐόντων

2262 4995 2495 5066 ἀνδρῶν,
2556 4995 2715 5047 τοῦτο
2769 4993 2869 5062 μὲν
2908 4993 3004 5047 καὶ
3042 4993 3409 5063 μοναζόντων,
3447 4989 3606 5044 τοῦτο
3643 4989 3701 5042 δὲ
3750 4992 3862 5044 καὶ

2265 5087 2583 5158 ἱερατικῶν,
2633 5088 2720 5138 ναὶ
2771 5085 2834 5155 δὴ
2901 5087 2996 5137 καὶ
3047 5085 3148 5153 τῆς
3217 5084 3413 5153 λαῖκῆς
3470 5081 3868 5151 τυγχανόντων

2261 5183 2490 5246 τάξεως,
2525 5179 2902 5250 ἐδηλώσαμεν,
2945 5177 3143 5246 ἀδελιρὲ
3186 5176 3346 5246 ἡμῶν
3383 5174 3670 5245 ἱερώτατε,
3703 5174 3873 5229 ὥστε

2265 5270 2598 5334 ἀποστόλους
2640 5269 2796 5338 ὑμῶν
2848 5268 3085 5321 ἐνταῦθα
3141 5263 3575 5339 παραγενίσθαι,
3623 5266 3718 5320 καὶ
3751 5267 3874 5322 σὺν

2265 5365 2398 5433 ἡμῖν
2426 5364 2517 5414 καὶ
2542 5361 2640 5430 τῆς
2665 5361 2793 5428 ὅλης
2823 5360 2978 5430 ἡμῶν
3003 5359 3361 5429 Ἐκκλησίας,
3381 5358 3450 5411 τά
3473 5358 3529 5411 ὲν
3559 5358 3697 5429 αὐτῇ
3727 5357 3876 5430 (οὐχ

2267 5454 2385 5508 οἶδα
2433 5455 2551 5516 πῶς
2600 5455 2759 5513 εἴπω,
2814 5451 2980 5505 καλὸν
3027 5454 3135 5522 γὰρ
3169 5455 3350 5522 σιωπῇ
3389 5450 3597 5520 δοῦναι)
3630 5451 3876 5522 λυπηρᾶ

2272 5544 2656 5614 συμϐεϐηκότα
2694 5541 2984 5609 σκάνδαλα,
3035 5542 3203 5612 μέρος
3254 5542 3354 5611 μέν
3383 5560 3436 5595 τι
3480 5540 3739 5611 ἀφορμὴν
3768 5545 3833 5596 ὲν

2271 5636 2463 5692 τεῦθεν
2513 5633 2806 5705 ἐσχηκότα,
2843 5632 3005 5702 μέρος
3036 5631 3092 5685 δέ
3124 5650 3176 5685 τι
3228 5633 3322 5685 καὶ
3361 5631 3428 5685 ἐκ
3460 5632 3568 5684 τῶν
3604 5646 3868 5702 προηγης

2275 5731 2527 5800 σαμὲνων
2555 5730 2652 5796 τῆς
2687 5723 2977 5794 Ῥωμαίων
3000 5723 3332 5793 Ἐκκλησίας
3364 5723 3669 5793 προέδρων,
3709 5739 3817 5789 μετ
3837 5741 3864 5773 1

590 5852 738 5909 «cpe
782 5812 1058 5895 notificata
1089 5832 1479 5893 fuerunt.Eccc
1502 5831 1616 5905 jam
1660 5848 1838 5890 nouus
1874 5848 2049 5915 annus
2086 5847 2145 5889 es

2275 5825 2370 5896 τῆς
2403 5820 2607 5877 ἄνωθεν
2627 5814 3065 5886 συναντιλήψεως
3088 5814 3329 5871 ἐκποδῶν
3356 5814 3600 5886 ποιῆσαι,
3634 5812 3731 5867 καὶ
3761 5813 3865 5884 τὴ]
