4038 6204
202 256 309 322 257

1668 258 2082 322 ἘΡΙΞΤΟΙΛΕ.

3360 265 3471 329 258

189 371 563 445 ἑφειλομένηιυ
595 370 920 426 εὐστάθειαν
943 370 1041 425 καὶ
1064 369 1367 440 ἀταραξίαν
1405 371 1542 443 αὐτῇ
1572 389 1773 443 προμηι

1896 386 1961 425 ex
1982 385 2089 441 quo
2114 368 2476 441 judiciisquae
2502 371 2653 425 novit
2688 368 2854 437 Deus,
2884 372 2952 425 ad
2982 369 3276 428 Ecclesiam
3321 379 3476 434 redu-

190 464 522 519 ιεύσασθαι.
568 462 716 519 Ἀλλ’
747 461 992 534 ἐδηλώθη
1027 462 1125 533 μὲν
1153 462 1328 515 ταῦτα
1351 463 1635 527 πολλάκις.
1660 463 1791 517 Ἰδοὺ

188 542 384 625 χρόνος
402 554 661 619 ἐννατος,
693 554 753 621 ἐξ
780 549 843 608 οὗ
884 556 1154 624 κρίμασιν
1177 549 1259 618 οἷς
1287 551 1395 608 οἶδε
1424 555 1556 619 Θεὸς
1590 556 1669 619 είς
1696 556 1794 626 τὴν

199 644 539 715 Ἐκκλησίαν
570 644 977 716 ἐπανήλθομεν,
1020 640 1166 714 ὲξῆς
1195 646 1294 698 οὐκ
1326 648 1383 698 ὲν
1415 645 1539 716 δίκῃ
1576 645 1794 714 ἀπηλά-

186 736 390 805 θημεν,
422 737 519 789 καὶ
568 736 728 789 οὐδὲν
776 736 914 800 ὅλως
969 738 1102 807 ήμῖν
1141 738 1269 807 περὶ
1314 737 1521 807 ταύτης
1548 736 1791 808 ἐδηλώθη

186 829 281 896 τῆς
311 827 652 890 ὑποθέσεως.
684 826 830 899 Πλὴν
866 828 1045 898 ἐῶμεν
1086 829 1302 883 πάντα⁶
1348 827 1511 881 τοῦτο
1544 828 1601 881 δὲ
1634 831 1699 899 τῇ
1724 831 1790 899 σῇ

188 920 565 989 μακαριότητι
613 918 980 991 γνωρίζομεν,
1029 920 1112 973 ὅτι
1144 919 1475 990 ἐϐράϐευσεν
1506 920 1533 971 ὁ
1577 919 1794 990 πρῶτος

185 1012 483 1081 ἀρχιερεὺς
545 1012 707 1082 ήμῶν
766 1013 860 1065 καὶ
918 1013 1053 1075 Θεὸς
1109 1014 1334 1085 εἰρήνην
1378 1015 1445 1083 τῇ
1487 1013 1610 1065 καθ’
1645 1014 1794 1084 ἡμᾶς

199 1103 525 1175 Ἐκκλησία,
548 1103 661 1156 τῶν
694 1105 864 1158 πάλαι
919 1105 1232 1175 σφαλέντων
1266 1104 1326 1156 τὸ
1364 1104 1563 1157 οίκεῖον
1599 1104 1793 1175 ἐξομο-

184 1196 587 1267 λογησαμένων
626 1197 960 1269 ἁμάρτημα,
990 1201 1085 1253 καὶ
1128 1199 1409 1269 τυχόντων
1437 1198 1791 1270 συγγνώμης,

184 1288 281 1341 καὶ
300 1287 381 1351 ὡς
408 1288 627 1359 μέλεσιν
646 1290 780 1359 ἡμῖν
803 1289 1205 1359 συναφθέντων,
1221 1291 1361 1362 πλήν
1376 1291 1584 1359 νόλίγων
1603 1291 1789 1356 τινῶν,

182 1380 233 1434 οἶ
247 1383 351 1451 τῆς
378 1382 603 1452 εἰρήνης
624 1383 686 1435 τὸ
710 1382 1023 1447 στασιάζειν
1042 1384 1418 1455 προτιμῶντες
1441 1384 1521 1437 ἔτι
1551 1383 1791 1453 φιλονει-

186 1473 372 1535 κθῦσι,
404 1473 482 1542 τῷ
515 1474 631 1542 ἰδίῳ
661 1474 928 1546 χωρισμῷ
982 1474 1080 1546 τὴν
1107 1476 1199 1529 ἐπὶ
1226 1478 1292 1547 τῇ
1327 1477 1661 1529 καταστάσει
1690 1475 1790 1544 τῆς

187 1566 352 1634 ἁγίας
406 1566 740 1635 Ἐκκλησέας
770 1565 1163 1637 συνταράττειν
1190 1566 1454 1637 γαλήνην.
1485 1566 1583 1619 Διά
1633 1564 1791 1618 τοῦτο

187 1657 478 1727 γράφομεν
523 1656 899 1726 ἀποσταλῆναι
940 1658 1077 1729 πρὸς
1111 1659 1261 1728 ἡμᾶς
1292 1659 1393 1729 τῆς
1432 1659 1585 1731 ὑμῶν
1613 1674 1790 1730 μακα-

1896 480 1990 519 ces
2018 478 2297 528 sumus,ex
2337 477 2441 533 qua
2462 464 2663 536 injuste
2694 464 2902 535 expulsi
2928 464 3228 530 fueramus,
3259 480 3311 523 et
3340 472 3475 525 nihil

1895 554 2119 608 omnino
2153 552 2313 607 nobis
2349 554 2495 608 circa
2522 554 2624 608 hoc
2652 554 2994 624 prapositum
3035 563 3318 609 ostensum
3360 570 3473 611 est.

1903 646 2007 701 Sed
2038 647 2521 716 prmtermittamus
2547 648 2751 702 omnia.
2789 646 2902 702 Hoc
2946 656 3125 701 autem
3165 659 3270 702 tua:
3301 649 3475 705 beati-

1906 738 2085 792 tudini
2112 747 2299 791 notum
2328 737 2582 804 facimus,
2626 738 2771 808 quod
2803 739 3069 793 concessit
3098 738 3305 807 primus
3338 740 3478 794 Pon-

1896 830 2027 885 tifex
2052 840 2236 883 noster
2263 840 2315 883 et
2345 829 2487 884 Deus
2513 846 2697 900 pacem
2732 831 2987 886 Ecclesiae
3024 842 3245 895 nostrae,
3285 848 3407 885 cum
3441 833 3477 886 ii

1895 920 2279 991 quiqnondam
2302 931 2619 975 erraverant
2640 939 2798 977 suum
2832 922 3065 978 confessi
3095 923 3298 978 fuerint
3326 940 3480 979 erro-

1895 1027 2008 1065 rem
2029 1021 2081 1066 et
2099 1012 2306 1066 veniam
2333 1011 2748 1081 obtinuerint,et
2768 1014 2927 1067 nobis
2943 1024 3196 1084 tanquam
3219 1017 3477 1071 membris

1894 1103 2253 1169 adbazserinl,
2296 1104 2491 1173 paucis
2532 1106 2797 1173 exceptis,
2848 1104 2939 1173 qui
2982 1107 3099 1175 paci
3146 1108 3472 1162 seditionem

1902 1199 2278 1266 praeferentes,
2314 1196 2492 1251 adhuc
2526 1198 2861 1251 contendunt
2895 1207 2954 1252 ut
2987 1208 3188 1254 sancta:
3214 1198 3476 1256 Ecclesiae

1898 1290 2359 1362 tranquillitatem
2411 1292 2760 1346 conturbent.
2825 1291 3119 1361 Propterea
3180 1295 3475 1349 scribimus

1893 1384 2245 1440 utmittantur
2274 1383 2338 1437 ad
2369 1397 2469 1437 nos
2492 1393 2683 1438 vestrae
2714 1384 3075 1439 beatitudinis
3108 1384 3264 1454 legati
3295 1386 3384 1455 qui
3420 1393 3476 1440 et

1893 1476 1997 1547 ipsi
2043 1485 2362 1546 quartarum
2411 1476 2741 1545 nuptiarum
2787 1476 3241 1531 abominationem
3282 1478 3473 1532 nobis-

1894 1585 2020 1626 cum
2072 1570 2298 1624 omnino
2351 1569 2715 1624 condemnent
2767 1578 2820 1623 et
2870 1568 3309 1625 Christianorum
3347 1570 3472 1625 tidei

1892 1664 2179 1717 communi
2213 1659 2471 1733 suffragio
2505 1662 2818 1716 firmitatem
2854 1661 3100 1728 aderant,
3135 1663 3205 1716 ita
3235 1674 3294 1716 ut
3334 1678 3473 1715 nun-

191 1752 439 1820 ριότητος
481 1749 837 1813 ἀποστόλους,
898 1748 947 1801 οἳ
982 1754 1076 1802 καὶ
1121 1750 1202 1805 ἐτι
1255 1751 1316 1803 τὸ
1368 1751 1469 1820 τῆς
1523 1766 1773 1821 τετραγα·

1892 1769 2056 1825 quam
2086 1755 2192 1809 illae
2222 1753 2568 1809 detestabiles
2596 1754 2797 1823 nuptiae
2842 1754 2982 1824 apud
3011 1754 3355 1809 Christianos
3391 1753 3471 1806 vi-

188 1842 317 1910 μξας
359 1841 534 1912 μῦσος
576 1842 676 1894 σὺν
719 1843 854 1912 ἡμῖν
885 1841 1172 1905 παντελῶς
1224 1841 1656 1914 ἁποκηρύξουσι,
1688 1842 1784 1895 καὶ⁹

185 1938 248 2004 τῇ
287 1934 400 1987 τῶν
438 1935 789 2004 Χριστιανῶν
825 1932 1009 1987 πίστει
1053 1933 1220 2004 κοινῷ
1247 1933 1477 2005 δόγματι
1500 1934 1560 1988 τὸ
1603 1935 1782 2003 ἀσφα-

184 2024 276 2086 λὲς
332 2025 812 2095 περιποιήσονται,
868 2024 1009 2077 ὥστε
1072 2024 1341 2095 μηδαμῶς
1414 2024 1495 2077 ἔτι
1545 2024 1784 2079 τοιοῦτον

184 2114 594 2185 βδελυρώτατον
642 2118 823 2187 γάμον
856 2119 921 2170 ἐκ
967 2117 1318 2187 Χριστιανοίς
1358 2116 1781 2169 πολιτεύεσθαι·

1906 1853 2100 1916 geant;
2145 1854 2198 1899 et
2243 1845 2290 1899 si
2334 1845 2464 1915 quid
2496 1845 2638 1901 inter
2668 1846 2808 1900 lianc
2834 1855 2888 1899 et
2920 1856 3162 1901 sanctam
3191 1844 3469 1900 Romano-

1890 1954 2012 1993 rum
2051 1937 2378 2003 Ecclesiam,
2436 1938 2629 1992 harum
2668 1939 2997 2007 nuptiarum
3026 1954 3210 2004 causa,
3258 1939 3470 1993 dissidii

1890 2027 2113 2094 accidit,
2165 2027 2297 2082 illud
2330 2027 2643 2093 dirimatur,
2686 2039 2739 2085 et
2781 2030 2980 2100 prioris
3014 2029 3293 2085 sententia:
3336 2044 3469 2084 con-

1893 2119 2080 2173 cordia
2112 2120 2440 2175 restauratio
2475 2118 2587 2173 flat.

182 2207 278 2258 καὶ
306 2206 360 2258 εἴ
385 2224 438 2260 τι
472 2208 677 2276 μεταξῦ
725 2207 929 2280 ταύτης
957 2226 1017 2261 τε
1062 2209 1159 2278 τῆς
1183 2208 1510 2279 Ἐκκλησίας
1546 2209 1641 2262 καὶ
1672 2208 1773 2277 τῆς
1810 2209 1972 2277 ἁγίας
1999 2210 2108 2264 τῶν
2145 2209 2434 2280 Ῥωμαίων
2491 2210 2650 2281 χάριν
2679 2210 2773 2263 τοῦ
2840 2210 3084 2263 τοιούτου
3104 2211 3283 2279 γάμου
3313 2210 3469 2261 ὲναν.

180 2303 294 2355 τίον
344 2304 688 2375 συμϐέϐηκε,
739 2308 834 2359 καὶ
879 2305 1037 2359 τοῦτο
1079 2306 1423 2375 διαλυθῆναι,
1462 2307 1554 2359 καὶ
1580 2306 1660 2369 είς
1706 2308 1765 2360 τὸ
1803 2307 1862 2375 ἐξ
1888 2308 2064 2378 ἀρχῆς
2097 2307 2350 2378 φρόνημα
2412 2308 2508 2361 καὶ
2546 2308 2645 2378 τήν
2679 2306 2810 2377 μίαν
2875 2307 3178 2379 σύμπνοιαν
3203 2309 3295 2362 καὶ
3330 2305 3463 2377 ὁμό-

180 2411 331 2448 νοιαν
356 2396 462 2465 τὴν
492 2398 940 2451 ἀποκατάστασιν
972 2400 1346 2468 ἐγγεγονέναι.

692 2513 817 2567 NZ'.
853 2513 935 2579 Τῷ
959 2513 1265 2581 Συνάδων.

252 2626 365 2678 Καὶ
402 2626 537 2680 αὐτὸ
585 2628 644 2681 τὸ
702 2630 949 2701 ἐντυχεῖν
1009 2633 1123 2695 τοῖς
1161 2633 1454 2702 γράμμασι
1498 2633 1593 2703 τῆς
1624 2632 1777 2701 ὑμῶν

178 2718 491 2789 ἐσιᾶτητος,
546 2722 770 2790 ἐγένετο
825 2725 957 2794 ἡμῖν
1007 2725 1087 2787 είς
1151 2724 1501 2796 παραμύθιον
1536 2726 1642 2778 τῶν
1685 2725 1778 2778 λυ-

178 2809 453 2877 πούντων,
491 2813 583 2865 καὶ
617 2814 813 2885 ήδονής
852 2815 1085 2886 ἔσχομεν
1122 2820 1507 2888 πνευματικῆς
1534 2818 1777 2872 ἀπόλαυ-

179 2916 262 2952 σιν
291 2918 307 2933 ·
336 2903 435 2955 καὶ
462 2904 493 2972 ή
518 2903 607 2956 διὰ
636 2905 732 2957 τοῦ
759 2907 1159 2961 εύλαϐεστάτου
1189 2908 1305 2960 υἱοῦ
1332 2910 1487 2979 ήμῶν
1526 2910 1773 2963 Ἰωάννου

178 2992 497 3061 ἀπαγγελία
545 2998 672 3067 περὶ
698 2997 790 3050 τοῦ
822 2998 1003 3069 χάριτι
1035 2999 1171 3052 Θεοῦ
1215 3003 1272 3053 ὲν
1318 3000 1477 3070 ύγείᾳ
1511 3001 1776 3055 διατελεῖν

2296 2511 2450 2567 LVII.
2499 2513 2752 2583 Episcopo
2797 2515 3050 2585 Sgnudw.

1947 2626 2097 2680 Istud
2147 2626 2351 2696 ipsum,
2412 2627 2706 2696 perlegisse
2758 2630 3068 2684 sanctitatis
3126 2640 3318 2686 vestrae
3366 2633 3461 2688 lit-

1880 2726 2047 2780 teras,
2090 2718 2245 2772 nobis
2277 2718 2473 2773 solatio
2505 2717 2611 2772 fuit
2664 2734 2853 2773 eorum
2900 2721 3100 2790 quibus
3149 2722 3460 2793 amigimus.

1880 2820 1935 2864 et
1980 2809 2285 2879 spiritualis
2336 2811 2519 2880 gaudii
2565 2824 2846 2880 compores
2899 2810 3128 2869 fuimus.
3193 2816 3255 2869 Et
3310 2820 3458 2887 quod

1881 2901 2037 2955 nobis
2067 2917 2163 2970 per
2197 2902 2673 2971 religiosissimum
2706 2905 2876 2959 ﬁlium
2909 2916 3161 2960 nostrum
3191 2905 3454 2964 Joannem

1881 2995 2104 3049 allatum
2133 3007 2216 3049 est
2246 2996 2523 3061 nuntium,
2552 3014 2647 3052 vos
2675 2998 2881 3052 scilicet
2920 2997 3008 3052 Dei
3047 3000 3220 3069 gratia
3253 3002 3456 3068 valere,

180 3081 347 3150 ὑμᾶς,
372 3087 456 3147 είς
485 3086 707 3141 πλείονα
745 3090 1080 3159 κατέστησεν
1109 3090 1468 3163 εὐφροσύνην.
1510 3093 1773 3162 Ἀνεπέμ-

1881 3100 1980 3139 nos
2022 3086 2075 3138 in
2124 3086 2318 3155 majori
2351 3088 2640 3141 constituit
2688 3088 2894 3143 laetitia.
2940 3086 3248 3146 Extulimus
3292 3091 3459 3161 igitur

176 3173 356 3243 φαμεν
382 3175 479 3231 οὖν
513 3177 614 3249 τὴν
639 3178 846 3250 συνήθη
874 3180 952 3250 τῷ
987 3181 1102 3250 Θεῷ
1155 3183 1527 3252 εὐχαριστίαν,
1552 3186 1644 3237 καὶ
1674 3186 1765 3238 εὐ-

176 3264 389 3333 χόμεθα
412 3269 469 3320 εί
539 3269 637 3323 καὶ
688 3270 1003 3340 ἀμαρτωλοὶ
1038 3270 1309 3339 ἀνώτερόν
1336 3288 1394 3323 σε
1419 3270 1557 3324 εἶναι
1588 3272 1768 3342 πάσης

176 3356 373 3423 πείρας
412 3356 515 3425 ὅση
551 3358 647 3412 καὶ
710 3358 767 3410 σὲ
800 3359 985 3422 λυπεῖ,
1031 3360 1127 3412 καὶ
1178 3361 1303 3422 τοὺς
1357 3360 1642 3427 φιλοῦντας
1671 3362 1767 3430 τῆς

177 3450 364 3518 φήμης
404 3449 800 3520 διαϐαινούσης
823 3453 901 3514 εἰς
920 3451 1096 3521 λύπην
1120 3451 1541 3522 meiat-qut.va
1562 3453 1617 3505 δὲ
1641 3455 1768 3522 περί

170 3542 262 3593 τοῦ
320 3545 697 3614 μοναστηρίου
750 3545 999 3615 ἔγραψας
1044 3545 1409 3617 διοικηοῆναι,
1457 3546 1628 3598 ταῦτα
1675 3549 1770 3598 καὶ

168 3634 306 3699 ἡμῖν
345 3632 500 3699 εδοξε
543 3635 726 3698 καλῶς
771 3635 939 3705 ἔχειν,
990 3637 1038 3688 εἰ
1082 3637 1156 3706 μή
1198 3654 1342 3699 τινες
1384 3637 1533 3690 ἄλλοι
1561 3637 1769 3690 ἀνακύ-

166 3724 334 3790 ψουσι
358 3726 514 3792 λόγοι
540 3726 676 3797 πρὸς
707 3728 805 3790 τὰς
829 3729 1099 3799 ὑμετέρας
1131 3729 1299 3793 ἀκοάς
1321 3728 1472 3782 ούπω
1504 3729 1767 3793 ἐλθόντες,

169 3818 267 3869 καὶ
297 3818 443 3881 ἴσως
469 3820 597 3880 τοὺς
648 3820 1093 3889 φιλονεικοῦντας
1138 3821 1221 3875 ἔτι
1259 3822 1585 3892 διεγείρουσι
1631 3824 1769 3894 πρὸς

165 3912 229 3961 τὸ
267 3910 606 3977 φιλόνεικον.
654 3913 1014 3984 Ἐγράψαμεν
1065 3914 1121 3969 δὲ
1169 3915 1581 3987 καὶπρότερον,
1630 3916 1770 3985 γρά-

172 4019 351 4072 φομεν
370 4004 430 4056 δὲ
474 4005 571 4057 καὶ
602 4004 720 4059 νῦν.
783 4001 927 4059 Ἦκε
956 4006 1091 4079 πρὸς
1131 4007 1299 4077 ἡμᾶς,
1323 4007 1414 4071 οὓς
1451 4010 1566 4077 μετ’
1592 4007 1770 4076 ἀλίγον

169 4094 302 4155 ἴσως
358 4093 461 4145 καὶ
512 4093 837 4164 βουλόμενος
891 4095 1019 4147 ἰδεῖν
1074 4098 1176 4149 οὐκ
1212 4096 1356 4162 ὄψει,
1396 4096 1494 4149 τοῦ
1534 4098 1768 4167 πέρατος

176 4184 271 4251 τῆς
307 4185 483 4252 ζωῆς,
548 4186 671 4239 ὅσον
722 4186 849 4240 κατ’
908 4186 1047 4256 ἐμὴν
1105 4188 1380 4258 αἴσθησιν,
1430 4187 1570 4241 κατὰ
1601 4188 1767 4251 πόδας

180 4278 446 4347 παρόντος
457 4317 471 4330 .

590 4382 591 4387 ¹
676 4393 808 4447 NII'.
853 4393 936 4460 Τῷ
989 4396 1270 4457 Ἰκονίου,

254 4507 315 4562 Ἦ
362 4505 724 4577 συνεισφορᾶ,
766 4500 957 4561 τέκνον
1014 4507 1174 4578 ήμῶν
1234 4509 1472 4579 lapathi;
1526 4510 1591 4561 ὲκ
1650 4508 1759 4563 τῶν

184 4598 529 4671 Ἑκκλησιῶν
593 4597 686 4651 τοῦ
747 4598 882 4651 Θεοῦ
934 4600 1224 4670 γινομένη,
1292 4602 1474 4669 ἀλγεῖν
1537 4618 1594 4653 σε
1652 4619 1758 4654 πα-

170 4690 531 4759 ρασκευάζει,
576 4689 672 4743 καὶ
707 4689 891 4753 καλῶς
918 4690 1141 4759 ἀλγεῖς’
1192 4691 1300 4744 ἴσθι
1346 4692 1403 4744 δὲ
1445 4693 1526 4745 ὄτι
1572 4694 1663 4746 καὶ
1696 4693 1757 4745 τὸ

170 4783 445 4853 ἡμέτερον
504 4781 670 4848 ἄλγος
732 4782 825 4834 ἐπὶ
868 4782 935 4851 τῇ
987 4782 1212 4852 τοιαύτῃ
1260 4782 1610 4854 αἰχμαλωείᾳ
1650 4783 1756 4836 τῶν

184 4870 527 4941 Ἐκκλησιῶν
558 4870 653 4923 τοῦ
692 4869 830 4923 Θεοῦ
863 4870 997 4924 πολὺ
1029 4872 1361 4942 πικρότερον
1387 4875 1480 4925 καὶ
1523 4874 1757 4943 άνιαρὼ-

163 4980 347 5033 τερον.
386 4961 558 5017 Ἀλλὰ
598 4962 651 5015 τί
685 4964 1047 5033 ποιήσωμεν;
1077 4963 1337 5035 τοιαύτης
1382 4967 1630 5037 ἀνάγκης
1663 4967 1750 5020 διά

166 5059 266 5125 τῆς
313 5054 478 5125 ήμῶν
516 5054 797 5124 ἁμαρτίας
848 5054 1288 5124 καταλαϐούσης,
1324 5056 1463 5108 ὥστε
1517 5059 1621 5110 κᾶν
1680 5057 1756 5129 μὴ

178 5148 441 5217 δὲλωμεν,
493 5147 595 5215 τήν
640 5144 840 5217 ὀδύνην
888 5146 1094 5217 ταύτην
1146 5146 1465 5217 ύποίσομεν.
1521 5150 1585 5200 Ἃ
1626 5148 1682 5201 δὲ
1728 5150 1756 5201 ὁ

180 5240 569 5308 Καταφλώρων
615 5241 699 5302 είς
757 5240 861 5309 τήν
914 5238 1069 5308 ὑμῶν
1123 5239 1380 5309 ὁσιότητα
1431 5238 1750 5303 ἐνεδείξατο,

179 5332 336 5385 ταῦτα
374 5333 427 5385 εί
461 5330 557 5384 καὶ
594 5329 839 5401 λυπηρὰ,
884 5330 946 5385 σὲ
980 5330 1082 5399 μὲν
1111 5330 1386 5402 ὠφελήσει
1436 5330 1627 5400 πράως
1659 5330 1753 5384 καὶ

182 5424 552 5493 μακροθύμως
583 5424 683 5499 τήν
709 5424 979 5495 ἐπήρειαν
1006 5421 1262 5490 φέροντα,
1300 5422 1509 5475 ἐκεῖνον
1538 5420 1595 5474 δὲ
1621 5420 1757 5474 πάνυ

175 5526 281 5572 τως
301 5515 364 5567 τὸ
405 5514 554 5566 θεῖον
592 5514 689 5568 καὶ
717 5512 1232 5585 ἀπροσωπόληπτον
1265 5512 1442 5583 ϐμμα,
1464 5514 1513 5565 εί
1549 5514 1644 5565 καὶ
1676 5512 1752 5583 μη

167 5600 439 5665 νῦν,ἀλ5ι’
477 5604 629 5659 ἐστιν
675 5605 770 5661 ὅτε
820 5604 1097 5675 βλοσυρῶς
1148 5605 1541 5673 ύποϐλέψεται.
1574 5606 1641 5659 "0
1675 5606 1749 5675 μὴ

163 5696 423 5769 γενέσθαι
458 5697 533 5765 ὡς
575 5697 872 5786 ἀρχιερεύς
904 5696 997 5753 τοῦ
1045 5698 1202 5786 φεοῦ,
1239 5699 1331 5786 καί
1376 5698 1451 5764 ὡς
1500 5700 1751 5769 μεμαθη-

1792 4438 1842 4497 D

1871 3176 2062 3230 solitas
2094 3176 2159 3228 ad
2187 3175 2352 3229 Deum
2379 3178 2609 3246 gratias,
2641 3187 2693 3230 et
2720 3194 3029 3247 precamur,
3060 3182 3310 3250 quamvis
3333 3198 3457 3250 pec-

1874 3276 2109 3325 catores,
2140 3276 2190 3319 te
2224 3281 2347 3321 esse
2374 3267 2523 3320 omni
2552 3266 2876 3343 adversitate
2909 3272 3270 3339 superiorem,
3303 3290 3450 3343 qua:-

1877 3373 2096 3427 cunque
2127 3367 2183 3412 et
2238 3367 2288 3412 te
2319 3359 2529 3430 afﬂigit,
2560 3370 2615 3414 et
2641 3342 2887 3415 amantes
2918 3373 2970 3417 te
3004 3364 3055 3417 in
3086 3342 3454 3433 amictionem,

1870 3448 2018 3503 fama
2070 3460 2388 3519 grassante,
2443 3451 2675 3506 inducit.
2720 3452 2873 3518 Quod
2926 3469 3104 3509 autem
3162 3458 3451 3527 scripsisti,

1871 3543 2264 3598 monasterium
2325 3544 2463 3598 bene
2530 3546 2795 3612 ordinari,
2865 3546 2969 3602 hoc
3022 3549 3179 3604 nobis
3228 3564 3450 3621 quoque

1871 3634 2006 3689 bene
2037 3634 2237 3689 habere
2271 3635 2448 3690 visum
2478 3644 2583 3700 est,
2612 3635 2717 3691 nisi
2743 3638 2887 3707 quod
2924 3638 3013 3692 alii
3059 3638 3278 3707 quidem
3309 3644 3453 3695 revi-

1881 3726 2104 3781 viscunt
2160 3741 2439 3782 sermones
2490 3728 2583 3796 qui
2613 3728 2682 3781 ad
2735 3738 2946 3785 vestras
2996 3745 3157 3786 aures
3204 3735 3447 3788 nondum

1871 3825 2263 3885 pervenerunt,
2301 3826 2354 3871 et
2376 3817 2679 3887 iurgiorum
2717 3828 2987 3874 amatores
3014 3820 3189 3875 adbne
3221 3823 3292 3875 ad
3317 3823 3443 3893 jur-

1871 3908 1956 3977 gia
1990 3908 2256 3962 excitant.
2293 3909 2625 3977 Scripsimus
2654 3918 2836 3964 autem
2884 3911 2994 3980 jam
3032 3922 3211 3978 antea,
3256 3917 3449 3969 SCl'lbI-

1871 4013 1992 4051 mus
2022 4012 2152 4052 vero
2190 4008 2244 4053 et
2271 4014 2415 4052 nunc
2448 4016 2463 4052 :
2500 3998 2636 4053 Veni
2697 4001 2762 4053 ad
2796 4016 2896 4055 nos
2930 4018 3067 4070 quos
3106 4013 3228 4072 post
3270 4008 3445 4060 modi-

1869 4106 1991 4143 cum
2043 4090 2227 4145 forsan
2278 4090 2467 4152 videre
2512 4094 2699 4145 volens
2758 4106 2865 4146 non
2898 4093 3127 4156 videbis,
3162 4110 3283 4149 cum
3327 4103 3447 4154 vita:

1871 4182 2159 4249 terminus,
2193 4191 2459 4253 quantum
2488 4183 2689 4237 sentire
2718 4196 2965 4253 possum,
2994 4184 3103 4253 jam
3130 4186 3321 4241 instet.

2303 4385 2482 4442 LVIII.
2525 4384 2699 4440 Iconii
2738 4387 2998 4456 episcopo.

1940 4499 2189 4566 Tributa,
2244 4498 2314 4554 tili
2367 4500 2439 4554 mi
2485 4511 2722 4563 sacrate,
2776 4515 2896 4568 quae
2931 4499 2996 4554 de
3039 4500 3291 4557 Ecclesiis
3343 4502 3436 4559 Dei

1866 4592 2024 4659 fiunt,
2081 4591 2326 4662 afﬂigunt
2355 4602 2406 4646 te
2428 4601 2483 4647 et
2510 4592 2742 4645 multum
2778 4592 2953 4647 doles.
2999 4592 3149 4648 Scito
3176 4605 3357 4651 autem
3384 4610 3440 4654 et

1862 4690 2110 4738 nostrum
2145 4683 2388 4736 dolorem
2432 4682 2499 4736 de
2531 4680 2622 4735 tali
2656 4684 2915 4737 servitute
2946 4682 3313 4740 Ecclesiarum
3342 4690 3439 4746 Dei

1862 4775 2034 4830 multo
2087 4774 2415 4828 amariorem
2464 4783 2519 4828 et
2566 4774 2889 4830 tristiorem.
2938 4773 3044 4831 Sed
3096 4778 3224 4845 quid
3268 4778 3438 4835 facia-

1860 4863 2024 4919 mus?
2070 4878 2194 4918 cum
2244 4864 2358 4917 haec
2396 4862 2645 4930 angustia
2694 4872 2912 4931 propter
2993 4874 3213 4933 peccata
3250 4875 3433 4921 nostra

1860 4954 2255 5026 supervenerit,
2317 4955 2457 5008 banc
2499 4953 2871 5016 afﬂictionem,
2924 4954 3137 5011 etiamsi
3191 4958 3434 5012 nolueri-

1860 5063 2003 5114 mus,
2040 5046 2456 5103 sustinebimus.
2496 5045 2628 5110 Quae
2668 5056 2849 5100 autem
2881 5046 3212 5117 Cataphloru
3242 5058 3431 5103 contra

1857 5149 2097 5194 vestram
2124 5140 2468 5193 sanctitatem
2498 5137 2859 5202 denuntiavit,
2882 5138 3015 5201 basc,
3048 5140 3150 5193 etsi
3172 5140 3427 5202 dolenda,

1860 5232 1913 5286 in
1950 5239 2184 5285 vestram
2219 5227 2440 5297 quidem
2478 5227 2771 5282 utilitatem
2804 5227 3023 5293 cedent,
3054 5243 3180 5283 cum
3215 5229 3429 5296 placide

1856 5334 1910 5379 et
1937 5336 2135 5393 magno
2162 5319 2348 5374 animo
2379 5318 2637 5387 injuriam
2670 5320 3025 5389 pertuleritis.
3063 5318 3218 5373 Ilunc
3243 5329 3439 5373 autem

1856 5416 1951 5471 Dei
2002 5415 2195 5471 oculus
2241 5411 2335 5482 qui
2387 5426 2496 5466 non
2543 5421 2628 5465 est
2667 5427 3026 5481 personarum
3061 5418 3335 5479 acceptor,
3377 5413 3425 5467 si

1855 5525 1964 5564 non
2009 5521 2177 5572 nunc,
2213 5504 2405 5559 saltem
2437 5502 2732 5573 aliquando
2767 5504 2938 5558 iratus
2979 5501 3225 5571 aspiciet.
3267 5502 3421 5567 Quod

1855 5615 1922 5655 ne
1958 5602 2071 5665 fiat,
2117 5607 2172 5652 tu
2221 5605 2477 5666 tanquam
2530 5594 2621 5649 Dei
2653 5593 2919 5664 pontifex,
2948 5600 3021 5653 et
3064 5592 3152 5662 qui
3183 5593 3426 5651 didicisti

1854 5692 2310 5766 persequentibus
2347 5688 2672 5748 benedicere
2700 5696 2754 5744 et
2784 5701 2880 5757 pro
2911 5687 3211 5744 tortoribus
3240 5703 3422 5750 orare.
