4038 6204
563 240 670 304 259

1700 227 1748 286 N
1762 223 2015 286 [COLAI
2053 221 2167 284 (ΞΡ.
2210 216 2722 280 PATRIARCH/E

3696 207 3802 272 ιω

560 363 674 406 tua
691 353 1057 419 congruenter
1087 357 1250 414 agens
1273 339 1482 404 virtuti,
1529 337 1828 406 deprecare
1868 343 1924 388 et
1959 345 2128 386 exora

2255 325 2346 390 ιὼς
2390 327 2517 388 τοὺς
2570 323 2870 386 διώκοντας
2909 320 3174 391 εὐλογεῖν,
3203 336 3296 373 κα.
3329 318 3437 371 τῶν
3463 319 3807 389 ἐπηρεαζόν-

555 457 682 500 eum
715 442 810 512 qui
843 455 933 496 res
962 440 1232 494 humanas
1261 447 1415 504 aequa
1457 432 1614 486 lance
1642 428 1926 500 ponderat.
1973 424 2125 479 Vale.

1149 729 1285 786 LIX.
1325 729 1551 784 Incerto.

633 873 764 930 Mihi
793 875 886 943 qui
922 873 1036 926 scio
1062 881 1253 923 vestra:
1283 865 1656 934 intelligentia:
1684 865 1857 919 zelum
1913 862 1965 916 in
2015 878 2135 916 om-

566 969 748 1031 nibus,
784 966 855 1018 liii
890 963 985 1030 mi,
1042 961 1172 1016 illud
1207 960 1515 1014 mirandum
1562 957 1726 1023 venit,
1770 955 2047 1028 quomodo
2080 955 2133 1008 in

561 1056 816 1127 prarscnti
855 1054 1159 1123 proposito,
1215 1052 1281 1104 de
1312 1064 1418 1119 quo
1447 1050 1686 1104 scribere
1717 1049 1869 1111 libet,
1920 1046 2136 1118 propri-

562 1164 656 1202 um
705 1162 809 1201 nou
851 1144 1149 1200 servaverit
1200 1142 1445 1198 modum.
1490 1141 1596 1196 Sed
1645 1140 1832 1195 nescio
1884 1155 1953 1194 an
1994 1139 2134 1192 obli-

565 1241 744 1304 vione,
784 1241 966 1292 nescio
998 1251 1067 1289 an
1098 1235 1202 1288 alia
1235 1235 1416 1303 aliqua
1450 1232 1772 1302 impediente
1823 1245 2008 1294 causa,
2047 1244 2138 1283 us-

561 1347 670 1402 que
701 1331 765 1384 ad
799 1342 1058 1399 prmscns,
1109 1327 1303 1381 saltem
1331 1325 1479 1396 quod
1522 1325 1718 1389 sciam,
1768 1338 1877 1377 non
1914 1320 2137 1391 contigit

564 1434 626 1479 ut
661 1425 1033 1496 perficeretur.
1093 1420 1248 1486 Quod
1278 1419 1513 1474 maxime
1544 1417 1913 1472 necessariam
1951 1414 2140 1484 requi-

568 1519 640 1570 rit
673 1517 1105 1570 exsecutionem.
1169 1511 1304 1565 Dato
1351 1512 1495 1566 cnim
1549 1510 1644 1565 tibi
1698 1508 1765 1562 ab
1812 1507 2140 1574 imperatore

567 1609 846 1672 mandato,
886 1619 943 1660 ut
975 1607 1129 1660 aiunt
1173 1605 1363 1659 saltem
1393 1603 1484 1672 qui
1519 1603 1569 1654 id
1603 1600 1806 1662 sciunt,
1858 1606 1918 1652 ut
1961 1597 2142 1652 consi-

2228 435 2337 472 των
2371 415 2796 488 ὑπερεύχεσθαι,
2833 415 2959 481 ἄξια
2986 414 3089 483 τῆς
3126 412 3338 474 οἰκείας
3375 411 3546 462 ποιῶν
3573 411 3803 480 ἀρετῆς,

2231 510 2534 579 ὑπερεύχου
2561 505 2982 578 καὶπαραιτοῦ,
3017 506 3106 559 τὸν
3148 504 3334 570 ζυγοῖς
3371 497 3804 573 άντιμετροῦντα

2232 601 2368 664 ῐσοις
2389 601 2456 654 τὰ
2496 600 2816 670 ἀνθρώπινα
2853 598 3180 667 πράγματα.
3221 596 3493 666 Ἐρῤωσο.

2795 713 2924 768 ΝΘ’.
2985 711 3237 777 Ἀδήλῳ.

2305 856 2378 908 Τὸ
2406 857 2461 908 ὲν
2486 855 2619 907 πᾶσι
2659 851 2945 904 σπουδαῖον
2979 849 3083 917 τῆς
3118 846 3272 916 ὑμῶν
3314 847 3583 908 συνέσεως
3639 847 3806 900 εἰδότι

2233 967 2350 1021 μοι,
2387 948 2576 1001 τέκνον
2613 945 2790 1016 ἡμῶν,
2828 943 3130 1013 θαυμάζειν
3175 940 3376 1012 ἐπῆλθε
3417 940 3535 1003 πῶς
3581 941 3674 992 ἐπὶ
3707 944 3808 1012 τῆς

2237 1041 2515 1112 παρούσης
2542 1039 2868 1101 ὑποθέσεως,
2897 1036 3026 1107 περὶ
3056 1028 3123 1106 ἧς
3155 1033 3514 1105 προαγόμεθα
3545 1033 3803 1102 γράφειν,

2236 1135 2334 1208 τὴν
2359 1135 2564 1188 οἰκείαν
2594 1134 2691 1186 οὐκ
2715 1131 2946 1201 ἐφύλαξε
2973 1128 3146 1192 τάξιν.
3179 1128 3321 1182 Ἀλλ’
3343 1129 3444 1181 οὐκ
3469 1123 3585 1181 οἴδα
3612 1125 3804 1199 λήθης,

2236 1231 2336 1282 οὐκ
2367 1225 2483 1282 οἶδα
2519 1227 2684 1296 ἄλλης
2730 1225 2878 1287 τινος
2914 1224 3093 1286 αἰτίας
3139 1222 3476 1290 κωλυούσης,
3517 1221 3678 1290 μέχρι
3709 1221 3807 1274 καὶ

2237 1322 2332 1376 τοῦ
2366 1322 2634 1392 παρόντος
2672 1320 2771 1373 ὅσα
2816 1335 2878 1386 γε
2911 1318 3058 1388 ἡμᾶς
3112 1315 3336 1376 ειδέναι,
3382 1315 3482 1367 οὐκ
3529 1312 3812 1379 ἐξεγένετο

2238 1413 2662 1485 διαπραχθῆναι,
2715 1409 3207 1478 ὂάναγκαιοτάτην
3264 1407 3517 1478 ἐπιζητεῖ
3570 1406 3666 1476 τὴν
3715 1422 3811 1458 τε·

2239 1508 2477 1560 λείωσιν.
2508 1505 2804 1573 Βασιλικῆς
2829 1504 2938 1570 γάρ
2972 1501 3264 1571 δεδομένης
3310 1515 3393 1552 σοι
3429 1497 3807 1567 προστάξεως,

2242 1601 2316 1665 ὥς
2345 1617 2407 1668 γε
2441 1600 2602 1668 φασὶν
2634 1599 2683 1651 οἱ
2715 1598 2870 1650 τοῦτο
2912 1596 3135 1657 εἰδότες,
3165 1592 3566 1662 ἐπισκέψασθαι
3607 1593 3668 1644 τὸ
3699 1609 3812 1661 χω-

566 1702 786 1756 derares
819 1700 1000 1754 locum
1051 1714 1114 1754 ex
1149 1712 1259 1767 quo
1305 1696 1568 1767 inclytum
1606 1692 1698 1748 Dei
1731 1692 1993 1762 templum
2025 1689 2140 1743 fru-

2255 1699 2379 1768 ρίον,
2407 1694 2465 1759 ἐξ
2490 1690 2549 1747 οὗ
2567 1694 2595 1745 ό
2616 1690 2963 1762 περιώνυμος
2998 1688 3092 1740 τοῦ
3122 1686 3255 1740 Θεοῦ
3295 1687 3422 1748 ναὸς
3457 1690 3602 1739 σῖτον
3625 1685 3815 1754 μέλλει

572 1801 754 1845 menta
790 1791 890 1844 sibi
925 1804 1241 1858 comparare
1273 1788 1454 1854 debet,
1491 1796 1601 1840 tum
1632 1786 1698 1840 ad
1742 1783 2139 1839 confectionem

569 1889 726 1958 panis
753 1887 937 1941 divino
974 1884 1177 1954 Spiritu
1230 1880 1553 1938 sanctilicati
1598 1892 1652 1934 et
1687 1893 1782 1934 eos
1831 1877 1921 1948 qui
1963 1876 2031 1930 de
2077 1890 2141 1930 eo

567 1979 904 2050 participant
935 1977 1349 2040 sanctiﬁcantis,
1401 1973 1709 2028 tumeliam
1751 1971 1818 2024 ad
1866 1977 2144 2024 sustenta-

571 2073 776 2126 tionem
809 2080 1011 2125 nostrzr.
1044 2069 1387 2134 humilitatis,
1439 2077 1493 2121 ct
1523 2066 1746 2134 reliqum
1782 2059 2146 2116 multitudinis

573 2177 763 2218 eorum
819 2164 913 2233 qui
967 2172 1127 2217 nocte
1178 2177 1242 2215 ac
1281 2161 1368 2216 die
1411 2159 1613 2227 templo
1661 2157 1754 2212 Dei
1806 2155 2143 2217 ministrant,

573 2257 762 2310 nescio
787 2255 1064 2326 quomodo
1081 2255 1280 2319 dicam,
1313 2268 1419 2306 non
1451 2251 1695 2306 studiose
1720 2250 2034 2302 mandatum
2053 2261 2148 2298 ex-

575 2349 912 2418 sequendum
947 2347 1231 2402 curavisti.
1271 2344 1375 2399 Sed
1409 2353 1462 2396 tu
1501 2342 1719 2412 quidem
1757 2354 1977 2394 causam
2007 2339 2147 2392 scire

577 2443 779 2512 possis.
834 2441 948 2495 Nos
971 2449 1152 2494 autem
1186 2439 1499 2501 scribimus,
1553 2434 1626 2487 lili
1659 2433 1757 2499 mi,
1791 2441 1848 2485 ut
1876 2431 1982 2484 alia
2013 2446 2150 2500 qua-

575 2533 710 2587 libet
761 2533 926 2586 citius
981 2547 1040 2585 re
1098 2532 1164 2585 de
1223 2531 1324 2583 hoc
1348 2528 1552 2582 referas
1595 2527 1680 2579 his
1710 2524 1802 2593 qui
1830 2523 2146 2577 mandatum

575 2625 867 2680 dederunt.
917 2623 1052 2678 Nam
1083 2621 1435 2690 Ecclesiaquc
1486 2618 1578 2672 Dei
1619 2627 1674 2671 et
1713 2630 1838 2680 nos,
1881 2624 2147 2685 quantum

576 2716 770 2769 saltem
802 2716 868 2770 ad
921 2715 1113 2770 horum
1149 2713 1498 2768 commodum
1547 2725 1652 2763 non
1692 2709 1906 2762 modice
1935 2705 2151 2776 pericli-

578 2815 779 2867 tamur,
819 2808 1085 2862 Cmterum
1121 2815 1301 2860 autem
1346 2803 1548 2866 valeas,
1594 2799 1846 2869 superior
1885 2798 2154 2851 constitu-

581 2904 668 2951 tus
699 2899 847 2951 omni
883 2897 1048 2951 malo.

863 3101 972 3157 LX.
1015 3101 1313 3157 αῐσοηοιιιο
1355 3101 1564 3173 Magna:
1622 3101 1870 3158 ecclesia.

656 3241 850 3297 Tenuit
884 3256 982 3296 nos
1026 3255 1152 3311 spes
1183 3242 1296 3295 fore
1335 3250 1415 3307 ut,
1467 3240 1520 3293 in
1569 3239 1746 3294 sancti
1773 3238 2047 3308 prophetae
2075 3237 2156 3291 di-

584 3337 713 3390 vino
745 3334 904 3401 festo,
957 3343 1050 3388 tua
1077 3334 1337 3390 sanctitas
1373 3333 1659 3387 nobiscum
1708 3339 2042 3392 versaretur,
2077 3337 2152 3390 et,

586 3439 648 3484 ut
683 3444 780 3499 par
805 3437 910 3490 est,
941 3427 998 3480 in
1031 3427 1330 3480 amicorum
1375 3425 1595 3488 unione,
1640 3421 1890 3478 suaviore
1919 3421 2152 3491 quodam

585 3530 732 3574 statu
768 3518 1078 3572 fruereinur
1118 3515 1417 3586 przesertim
1461 3530 1585 3569 cum
1634 3524 1712 3568 tot
1761 3523 1815 3568 et
1858 3523 2018 3567 tantae
2049 3513 2158 3567 sint

586 3610 928 3664 calamitates
957 3622 1080 3675 qua:
1107 3606 1265 3660 nobis
1289 3605 1633 3659 incumbunt.
1673 3604 1942 3670 Quoniam
1976 3614 2154 3657 autem

589 3702 842 3756 humana:
871 3714 958 3753 res
997 3697 1284 3753 mutabiles
1319 3706 1444 3752 sunt
1475 3705 1530 3752 et
1561 3697 1878 3762 indelluitae,
1910 3705 2159 3766 prepter-

589 3807 762 3862 eaque
795 3807 894 3845 nos
925 3788 1114 3844 fefellit
1171 3805 1318 3859 spes,
1362 3799 1416 3844 et
1447 3805 1516 3844 ex
1559 3790 1867 3854 eventibus,
1927 3791 2160 3844 adventu

591 3884 799 3938 scilicet
832 3881 1250 3946 Saracenorum,
1283 3880 1481 3950 prodiit
1515 3880 1963 3950 impedimentum
1997 3896 2067 3936 ne
2105 3881 2159 3934 in

592 3975 848 4043 prasenti
873 3982 962 4026 tua
992 3971 1255 4026 sanctitas
1277 3970 1490 4036 aﬂ‘oret,
1515 3971 1671 4041 juxta
1697 3981 1931 4026 vestram
1960 3986 2160 4040 urgen-

595 4074 702 4120 tem
734 4063 1186 4133 postulationem,
1225 4077 1368 4129 egre
1399 4062 1546 4126 licet,
1594 4062 1948 4128 concedimus
1980 4070 2160 4115 tamen

596 4155 920 4226 praeﬁnitum
955 4164 1170 4224 tempus
1196 4154 1338 4224 quod
1385 4155 1661 4224 postulare
1699 4155 1794 4208 tibi
1841 4154 2017 4207 visum
2057 4161 2160 4206 est.

596 4245 858 4311 Tantum,
897 4245 1006 4300 Deo
1043 4247 1389 4314 prmvalcnte,
1425 4245 1604 4298 valere
1633 4257 1816 4313 perge,
1853 4252 1906 4296 et
1949 4243 2164 4310 quando

597 4339 694 4394 tibi
723 4337 940 4393 libuerit
964 4346 1016 4391 et
1045 4335 1188 4390 Deus
1217 4335 1468 4389 annuerit
1503 4336 1607 4388 iter
1637 4334 1703 4388 ad
1735 4348 1838 4386 nos
1869 4333 2162 4400 suscipere,

597 4440 730 4485 tunc
781 4430 880 4482 iter
932 4428 1044 4480 fiat.
1105 4428 1420 4496 Logotheta:
1473 4426 1692 4495 quidem
1749 4423 2042 4477 commissa
2085 4433 2167 4476 est

599 4521 825 4590 cpistola
861 4537 874 4573 :
911 4519 1040 4586 quid
1089 4529 1268 4572 autem
1318 4517 1526 4570 homini
1576 4525 1760 4568 actum
1819 4516 1890 4569 sit
1923 4515 2165 4568 nondum

602 4613 874 4665 novimus.
917 4609 997 4663 Tu
1047 4610 1245 4674 valeas,
1297 4623 1396 4664 nec
1426 4609 1478 4662 in
1519 4608 1627 4662 tuis
1673 4609 1876 4662 sanctis
1915 4608 2167 4677 precibus

601 4701 943 4759 obliviscaris
975 4715 1177 4756 nostra:
1212 4701 1558 4755 humilitatis.

1181 5005 1317 5061 LXI.
1356 5005 1586 5060 Incerto.

597 5170 608 5186 .
675 5125 1020 5186 Audivimus,
1062 5123 1135 5177 fili
1184 5132 1392 5186 noster,
1447 5122 1630 5175 dolere
1691 5128 1745 5174 te
1793 5119 1949 5189 quasi
1987 5125 2172 5172 nostra

578 5220 893 5298 .humilitas
943 5217 1176 5286 aliquam
1227 5215 1365 5270 inte
1395 5213 1750 5269 offensionem
1807 5212 2019 5266 habeat.
2063 5209 2174 5263 lluc

609 5325 814 5375 autem,
869 5311 942 5364 liii
979 5310 1077 5376 mi,
1134 5309 1252 5363 sive
1279 5308 1406 5374 quis
1451 5306 1677 5375 pertulit
1706 5306 1772 5358 ad
1825 5313 1949 5358 tuas
1977 5314 2174 5365 aures,

614 5408 844 5460 mendax
871 5412 958 5459 est
987 5417 1091 5457 nec
1111 5402 1397 5456 veritatem
1432 5407 1741 5462 reveretur;
1787 5396 1904 5451 sive
1952 5404 2008 5449 tu
2061 5396 2176 5466 ipse

616 5511 714 5564 pro
746 5499 982 5550 humana
1029 5495 1348 5550 conditione
1380 5500 1570 5560 sponte
1591 5489 1902 5558 suspicatus
1931 5503 2013 5552 es,
2064 5488 2172 5542 noli

611 5583 724 5652 iam
771 5584 952 5640 intuo
1006 5580 1360 5639 circumferre
1406 5589 1645 5650 pectore.
1711 5579 1829 5633 Scit
1883 5579 2028 5634 enim
2079 5580 2173 5648 qui

617 5675 783 5732 corda
828 5683 1102 5736 scrutatur
1152 5674 1331 5746 Deus,
1378 5670 1664 5748 ejusmodi
1725 5671 1806 5728 rei
1837 5671 2023 5747 _nobis
2079 5687 2179 5728 nos

2243 1787 2585 1858 πορίζεσθαι,
2619 1784 2777 1838 τοῦτο
2813 1783 2912 1853 μὲν
2951 1784 3032 1844 είς
3066 1780 3334 1851 χορηγίαν
3376 1778 3470 1831 τοῦ
3507 1777 3814 1846 ἁγιαζομέ-

2244 1900 2334 1936 νου
2365 1881 2443 1950 τῷ
2481 1880 2610 1949 θείῳ
2658 1878 2937 1946 Πνεύματι
2989 1877 3082 1928 καὶ
3123 1876 3248 1938 τοὺς
3293 1871 3817 1944 μεταλαμὸάνοντας

2246 1976 2561 2042 άγιάζοντος
2607 1973 2794 2043 ἄρτου,
2830 1969 2986 2022 τοῦτο
3016 1969 3073 2022 δὲ
3118 1967 3214 2020 καὶ
3249 1968 3332 2029 είς
3372 1963 3672 2034 διατροφὴν
3713 1966 3815 2031 τῆς

2247 2068 2403 2138 ἡμῶν
2443 2065 2827 2136 ταπεινότητος
2858 2060 3074 2114 καὶτοῦ
3118 2057 3309 2112 λοιποῦ
3353 2057 3610 2125 πλήθους,
3649 2055 3698 2108 οἳ
3727 2073 3819 2107 vu-

2248 2161 2372 2224 κτὸς
2401 2159 2497 2214 καὶ
2533 2160 2749 2230 ἡμέρας
2779 2154 3240 2226 ὲξυπηρετοῦνται
3272 2150 3351 2220 τῷ
3376 2149 3490 2220 ναῷ
3526 2149 3621 2203 τοῦ
3653 2147 3816 2213 Θεοῦ,

2247 2256 2347 2309 οὐκ
2381 2249 2497 2307 οἶδα
2526 2251 2644 2314 πῶς
2689 2251 2847 2311 εἴπω,
2881 2248 2979 2301 οὐκ
3014 2247 3166 2316 ἔσχες
3191 2246 3249 2297 ὲν
3272 2243 3472 2311 σπουδῇ
3505 2242 3598 2294 τοῦ
3640 2257 3820 2311 προσ-

2249 2349 2532 2418 τάγματος
2594 2345 2693 2414 τὴν
2749 2341 3135 2411 ἐκπλήρωσινο
3169 2337 3307 2392 ἀλλά
3345 2337 3444 2406 τὴν
3489 2333 3588 2404 μὲν
3636 2331 3819 2385 αἰτίαν

2250 2443 2410 2502 αὐτὸς
2450 2438 2514 2492 ἂν
2559 2435 2776 2505 εἰδείης.
2820 2434 3011 2500 Ἡμεῖς
3044 2430 3100 2483 δὲ
3143 2427 3430 2499 γράφομέν
3477 2443 3581 2488 σοι,
3623 2424 3822 2476 τέκνον

2253 2532 2430 2606 ἡμῶν,
2465 2531 2603 2583 ὥστε
2631 2527 2818 2596 τάχιον
2845 2523 2938 2578 τοῦ
2971 2521 3160 2576 λοιποῦ
3190 2522 3507 2588 ἀνενεγκεῖν
3538 2517 3666 2588 περὶ
3691 2515 3820 2568 τοῦ-

2252 2644 2344 2680 του
2374 2626 2486 2683 τοῖς
2531 2619 2788 2674 δεδωκόσι
2837 2616 2898 2669 τὸ
2940 2615 3292 2684 πρόσταγμα.
3324 2611 3433 2665 Καὶ
3493 2610 3601 2680 γάρ
3662 2609 3760 2660 καὶ
3789 2610 3823 2677 ἡ

2263 2713 2560 2785 Ἐκκλησία
2579 2710 2672 2764 τοῦ
2695 2708 2830 2762 Θεοῦ
2853 2708 2945 2760 καὶ
2979 2706 3162 2775 ἡμεῖς,
3189 2703 3290 2755 ὅσα
3329 2717 3392 2766 γε
3422 2699 3491 2752 τὰ
3525 2702 3604 2761 είς
3630 2696 3824 2766 χρείαν

2252 2811 2362 2863 τῶν
2400 2805 2578 2860 αὐτῶν
2624 2803 2685 2855 οὐ
2748 2798 2964 2870 μικρῶς
3013 2795 3436 2864 κινδυνεύομεν·
3484 2790 3552 2844 τά
3583 2790 3635 2842 «δ’
3684 2788 3828 2842 ἄλλα

2255 2899 2566 2976 ἐρρωμένος
2597 2898 2714 2966 είης
2744 2892 3005 2962 ὑπεράνω
3047 2887 3388 2961 τηρούμενος
3431 2885 3614 2954 πάσης
3654 2881 3828 2937 κακό-

2253 3011 2433 3069 τητος.

2345 3113 2420 3166 3'.
2456 3107 2539 3174 Τῷ
2564 3103 2857 3173 οἰκονόμῳ
2884 3099 2992 3169 τῆς
3023 3095 3306 3166 Μεγάλης
3385 3089 3732 3159 ἐκκλησίας.

2338 3244 2581 3306 Ἑλπίδες
2612 3237 2757 3311 εἶχον
2795 3238 2946 3306 ἡμᾶς
2988 3236 3046 3287 ὲν
3074 3234 3142 3303 τῇ
3182 3231 3277 3285 τοῦ
3331 3228 3491 3298 ἁγίου
3543 3223 3828 3297 προφήτου

2257 3339 2379 3409 θείᾳ
2410 3337 2569 3406 ἐορτῇ
2601 3333 2698 3402 τὴν
2747 3331 2846 3400 σὴν
2891 3329 3148 3396 ὁσιότητα
3187 3319 3513 3377 συνέσεσθαι
3551 3319 3704 3388 ἡμῖν,
3735 3315 3834 3366 καὶ
3859 3347 3870 3354 -

2256 3407 2442 3498 ὦς-γε
2490 3426 2638 3487 είκδς
2687 3423 2781 3476 ἐπὶ
2832 3421 3002 3490 φίλων
3051 3417 3242 3471 ένώσει
3291 3411 3637 3483 γλυκυτέρας
3682 3407 3837 3468 τινὸς

2257 3522 2548 3584 διαθέσεως
2584 3516 2906 3578 ἀπόλαυσιν,
2935 3511 3034 3566 καὶ
3075 3511 3306 3580 μάλιστα
3340 3504 3610 3558 τοσούτων
3658 3499 3839 3552 ὄντων

2259 3612 2498 3684 ἀνιαρῶν
2526 3612 2634 3664 τῶν
2663 3605 3028 3676 ἐπικειμένων
3055 3603 3204 3673 ἡμῖν.
3231 3599 3386 3654 Ἐπεὶ
3412 3598 3470 3650 δὲ
3505 3596 3574 3650 τά
3614 3590 3840 3661 ἀνθρώ-

2261 3724 2392 3762 πινα
2417 3705 2723 3776 πράγματα
2743 3699 2803 3753 τδ
2833 3696 3186 3767 ἀστάθμητον
3217 3694 3330 3763 ἔχει
3360 3690 3535 3744 καὶτὸ
3553 3689 3835 3759 ἀόριστον,

2261 3801 2354 3852 καὶ
2391 3798 2478 3852 διὰ
2518 3796 2679 3850 τοῦτο
2729 3791 3001 3863 ἐψεύσατο
3033 3790 3184 3859 ἡμᾶς
3211 3789 3247 3858 ὴ
3269 3787 3446 3849 ἐλπὶς,
3478 3783 3573 3837 καὶ
3610 3780 3844 3851 κώλυμα

2261 3890 2507 3962 παρέστη
2539 3889 2602 3940 ὲκ
2622 3886 2730 3939 τῶν
2759 3882 3206 3954 συμϐεϐηκότων,
3238 3880 3469 3948 λέγομεν
3493 3877 3556 3946 δὴ
3591 3875 3691 3944 τῆς
3724 3873 3841 3925 τῶν

2262 3973 2596 4052 Σαρακηνῶν
2652 3977 2909 4048 ἀφίξεως,
2956 3974 3034 4045 τῷ
3087 3972 3180 4025 νῦν
3233 3972 3334 4040 τὴν
3377 3969 3532 4039 ὑμῶν
3581 3968 3846 4036 ὁσιότητα.

2263 4070 2689 4143 παραγενέσθαι,
2721 4067 2861 4121 κατὰ
2899 4066 2998 4137 τὴν
3031 4065 3187 4134 ὑμῶν
3217 4063 3500 4132 ἐξαίτησιν
3532 4057 3849 4124 ἀναγκαίαν

2265 4164 2448 4232 οὖσαν,
2477 4166 2527 4218 εί
2562 4164 2659 4217 καὶ
2704 4160 3036 4229 λυπούμενοι
3080 4159 3230 4228 ὅμως
3265 4152 3704 4225 παραχωροῦμεν
3738 4150 3851 4218 τὴν

2265 4257 2360 4309 τοῦ
2435 4253 2631 4324 καιροῦ
2705 4249 3070 4320 προθεσμίαν,
3131 4246 3198 4317 ἦν
3255 4245 3540 4311 ἐξαιτῆσαι
3590 4242 3852 4307 διέγνωῖ.

2267 4347 2444 4401 Μόνον
2487 4344 2620 4397 Θεοῦ
2664 4343 3027 4413 ὑπερέχοντος
3078 4338 3394 4409 ἐρρωμένος
3438 4334 3693 4395 διατέλει,
3748 4332 3853 4384 καὶ

2267 4439 2355 4490 ὅτε
2393 4453 2473 4488 σοι
2514 4436 2668 4503 φίλον
2708 4435 2802 4487 καὶ
2848 4432 2982 4495 Θεὺς
3035 4430 3336 4492 ὲπινεύσοι,
3381 4427 3693 4480 στείλασθαι
3744 4424 3855 4491 τὴν

2269 4533 2407 4602 πρὸς
2436 4531 2585 4599 ἡμᾶς
2614 4527 2862 4597 πορείαν,
2902 4526 3026 4577 τότε
3073 4525 3107 4594 ἡ
3148 4523 3342 4590 πορεία
3382 4519 3634 4588 γινέσθω.
3666 4516 3757 4584 Τῷ
3789 4516 3859 4566 δὲ.

2267 4621 2526 4691 λογοθέτῃ
2569 4619 2679 4672 τῶν
2729 4616 2941 4686 άγελῶν
2997 4615 3283 4684 ἀπεστάλη
3344 4614 3580 4681 γράμμα
3611 4625 3624 4637 ο
3680 4607 3732 4659 τί
3784 4607 3853 4658 δὲ

2271 4716 2585 4785 πέπρακται
2629 4713 2706 4781 τῷ
2754 4709 3044 4780 ἀνθρώπῳ,
3072 4707 3224 4761 οὔπω
3262 4709 3354 4760 καὶ
3386 4705 3622 4773 σήμερον
3670 4701 3857 4768 ἔγνω-

2276 4824 2394 4876 μεν.
2431 4805 2773 4876 Ἑῤῥωμένος
2801 4804 2931 4872 ἡμῖν
2963 4801 3102 4868 εἴης.
3137 4800 3232 4852 καὶ
3271 4800 3327 4849 ἐν
3376 4799 3494 4856 ταῖς
3527 4792 3701 4854 ὁσίαις
3749 4792 3855 4858 εὖτ

2273 4900 2396 4969 χαῖς
2426 4898 2501 4967 μὴ
2530 4896 2700 4965 λήθην
2725 4895 2863 4965 ἔχων
2891 4893 2991 4963 τῆς
3028 4891 3185 4962 ἡμῶν
3231 4888 3608 4959 μετριότητος.

2839 5004 2959 5060 ΞΝ.
3025 5001 3280 5070 Ἀδήνίῳ.

2357 5121 2721 5192 Ἀκηκόαμεν,
2754 5118 2945 5170 τέκνον
2991 5116 3172 5186 ἡμῶν,
3206 5111 3493 5168 λυπεῖσθαί
3540 5127 3596 5163 σε
3637 5109 3715 5170 ὡς
3749 5107 3866 5176 τῆς

2277 5218 2434 5288 ἡμῶν
2464 5215 2847 5280 ταπεινότητος
2891 5207 3265 5278 ἀγανάκτησίν
3295 5222 3417 5259 τινα
3446 5203 3588 5256 κατὰ
3630 5200 3724 5254 σοῦ
3754 5216 3871 5269 φε-

2279 5309 2477 5382 ρούσης
2499 5323 2514 5339 ·
2546 5307 2641 5360 καὶ
2671 5305 2851 5367 τοῦτο,
2886 5304 3076 5356 τέκνον
3102 5299 3277 5371 ἡμῶν,
3311 5299 3421 5350 εἴτε
3460 5313 3546 5358 τις
3582 5294 3720 5363 πρὸς
3752 5293 3871 5358 τὰς

2282 5405 2380 5465 σάς
2411 5398 2746 5469 ἀπεκόμισεν
2789 5395 2979 5460 ἀκοὰς,
3004 5391 3246 5463 ψεύστης
3291 5391 3408 5444 ἐστὶ
3435 5389 3530 5442 καὶ
3561 5386 3636 5456 μὴ
3677 5386 3871 5451 τιμῶν

2279 5491 2375 5562 τὴν
2404 5490 2693 5562 ἀλήθειαν
2723 5487 2832 5541 εἴτε
2863 5486 3026 5548 αὐτὸς
3068 5479 3157 5537 οἷα
3184 5483 3253 5536 τὰ
3291 5479 3608 5552 ἀνθρώπινα
3635 5477 3870 5530 οἴκοθεν

2280 5585 2438 5638 τοῦτο
2466 5581 2757 5643 ύπέλαὸες,
2788 5581 2988 5650 μηκέτι
3021 5576 3181 5631 τοῦτο
3213 5577 3274 5629 ἐν
3319 5577 3390 5646 τῇ
3433 5575 3506 5643 σῇ
3547 5571 3867 5644 περιφέρῃς

2286 5678 2503 5744 καρδίᾳ.
2546 5676 2717 5740 Λῦτδς
2748 5673 2854 5742 γὰρ
2891 5670 3234 5726 ἐπίσταταιό
3261 5669 3399 5733 Θεὸς
3435 5670 3464 5721 ό
3502 5669 3598 5728 τὰς
3627 5666 3864 5733 καρδίας
