4038 6204
274 204 377 266 261

1720 210 2129 271 EPISTOLIE.

3447 215 3555 280 262

275 313 543 384 ἐρευνῶν,
603 314 756 368 οῦδὲν
814 315 1058 368 τοιοῦτον
1116 315 1330 380 ἑαυτοῖς
1391 317 1863 390 συγγινώσκομεν.

1973 319 2227 374 conscios
2255 334 2364 374 non
2403 333 2545 376 esse.
2594 319 2860 375 Novimus
2887 321 3031 376 enim
3065 321 3159 377 Dei
3191 323 3362 393 gratia
3398 340 3553 396 mag-

246 440 251 462 ι
289 406 666 476 Ἐπιστάμεθα
694 407 801 479 γὰρ
831 407 1015 478 χάριτι
1043 407 1178 462 Θεοῦ
1203 408 1295 462 καὶ
1323 409 1383 462 τὸ
1415 410 1514 480 τῆς
1539 412 1858 483 φρονήσεως

277 499 439 570 ὑμῶν
463 498 690 564 τέλειον,
724 498 819 551 καὶ
852 500 951 568 τὴν
988 498 1124 570 πρὸς
1157 500 1302 569 ἡμᾶς
1326 501 1693 571 ἀνυπόκριτον
1723 503 1862 570 ἀγά-

278 609 414 662 πην,
445 592 538 646 καί
577 590 677 661 τὴν
709 590 847 662 πρὸς
893 591 991 654 τὰς
1026 589 1120 644 τοῦ
1152 591 1286 644 Θεοῦ
1319 591 1654 663 Ἐκκλησίας
1699 594 1862 647 εὐλά-

266 685 436 738 ⁵σειαν
486 685 552 753 ῆν
605 683 769 752 ἔχεις,
801 682 878 747 ὡς
925 682 1215 754 ἄνθρωπος
1264 683 1398 736 Θεὸν
1448 686 1542 738 καὶ
1573 684 1730 750 εἰδὼς
1765 687 1862 740 καὶ

276 777 479 847 τιμῶν,
516 777 612 828 καὶ
647 774 957 843 γινώσκων,
996 777 1079 828 ὅτι
1131 777 1226 829 καὶ
1265 776 1324 828 τὸ
1366 779 1532 849 τιμᾷν
1583 779 1674 832 τὸν
1731 779 1864 833 Θεὸν

276 869 392 939 ἔχει
427 867 631 937 φρίκην
672 867 818 924 τινά.
855 869 928 920 Οὐ
972 867 1080 938 γὰρ
1119 868 1362 938 οἴδαμεν,
1397 872 1446 922 εί
1487 870 1656 936 ἀξίως
1687 872 1862 942 τιμῶ-
1907 896 1918 909 ι

279 977 415 1032 μεν·
452 961 513 1013 τὸ
547 961 603 1012 δὲ
635 960 1023 1031 προσκρούειν,
1054 961 1206 1030 πόσῳ
1235 961 1441 1030 μᾶλλον
1482 963 1863 1034 φοϐερώτερόν

269 1058 395 1108 ἐστι
429 1057 522 1107 καὶ
562 1054 1040 1125 φρικωδέστερονί
1086 1053 1434 1126 Ἐρῤωμὲνον
1473 1073 1531 1108 σε
1563 1057 1860 1126 διαφυλάτο

270 1165 359 1200 τοι
391 1149 420 1200 ό
469 1147 700 1216 Κύριος,
743 1149 922 1218 πάσης
979 1147 1278 1211 κακώσεως
1315 1150 1410 1202 καὶ
1443 1151 1727 1220 ἐρωμένης
1770 1153 1863 1204 καὶ

269 1241 511 1312 ἀοράτου
542 1242 837 1311 ἀνώτερον.

699 1352 820 1410 εθν.
862 1355 1063 1424 Πέτρῳ
1091 1357 1434 1425 μονάζοντι.

356 1468 693 1522 Ἔσποῦδασε
745 1470 844 1539 μὲν
891 1468 1004 1534 όὲξ
1056 1471 1231 1541 ἀρχῆς
1265 1471 1364 1541 τῆς
1412 1472 1471 1524 ὲν
1519 1473 1710 1545 εἰρήνη
1758 1493 1858 1529 κα-

271 1562 596 1624 ταστάσεως
635 1560 739 1631 τῆς
774 1561 1121 1633 ἀνθρωπίνης
1144 1563 1288 1632 ζωῆς
1333 1565 1593 1636 πολέμιος
1625 1566 1694 1620 τὰ
1729 1585 1861 1622 συν-

273 1654 381 1724 ήθη
438 1653 619 1724 ἑαυτῷ
674 1654 1142 1725 πονηρεῦσασθαι,
1232 1656 1324 1708 καὶ
1376 1658 1703 1727 διαταράξαι
1761 1659 1862 1731 τὴν

273 1745 434 1814 ῦμῶν
486 1745 642 1814 ίεράν
695 1744 970 1816 ποίμνην·
1024 1746 1118 1798 καὶ
1153 1745 1282 1810 ἴσως
1315 1747 1436 1800 οὐδὲ
1486 1747 1862 1820 προαιρέσεως

274 1837 406 1891 εντα
435 1837 692 1907 τοιαύτης
727 1837 816 1890 τὸν
850 1836 1138 1907 ἄνθρωπον
1168 1839 1398 1903 ἐκεῖνον,
1429 1839 1523 1892 τὸν
1567 1840 1856 1911 Ἰλαρίωνα

276 1931 441 2000 φημὶ,
493 1932 615 1993 ταῖς
665 1929 896 1992 οἰκείαις
957 1929 1231 2000 μεθοδίαις
1278 1930 1498 2002 ἐκίνησε
1555 1932 1859 1988 σκάνδαλον

277 2025 406 2092 ὑμῖν
447 2022 729 2091 γενέσθαι.
778 2023 971 2093 Ὅμως
1042 2023 1098 2076 δὲ
1145 2025 1173 2076 ό
1220 2024 1320 2095 τὴν
1378 2026 1600 2096 είρήνην
1659 2026 1862 2098 κλῆρον

277 2112 596 2167 καταλιπὼν
645 2116 752 2177 τοῖς
803 2113 1092 2180 ἀγαπῶσιν
1131 2115 1314 2178 αὑτὸν,
1355 2116 1465 2169 εἴτε
1505 2118 1860 2191 ἀνθρωπίνης

273 2206 636 2278 κουφότητος,
670 2207 781 2259 είτε
828 2206 1155 2277 δαιμονικῆς
1207 2207 1474 2278 ἐπηρείας
1524 2209 1586 2263 τὸ
1637 2212 1862 2280 γεγονὸς

275 2298 544 2370 ὑπῆρξεν,
579 2301 763 2352 ὲκεῖνα
787 2298 1054 2365 διέλυσεν,
1087 2301 1216 2372 ὑμῖν
1242 2301 1298 2354 δὲ
1327 2302 1571 2373 παρέσχε
1611 2303 1670 2356 τὸ
1701 2306 1860 2374 εἰρη-

277 2388 478 2442 νεύειν.
523 2387 640 2440 Καὶ
674 2388 765 2441 ἐπὶ
803 2387 963 2442 τοῦτο
1011 2389 1110 2459 μὲν
1148 2391 1308 2462 χάριν
1358 2393 1732 2463 ὁμολογοῦμεν
1779 2394 1858 2465 τῷ

275 2483 423 2553 ἁγίῳ
457 2480 598 2552 Θεῷ,
640 2482 769 2552 ὑμῖν
814 2481 871 2534 δὲ
900 2482 993 2535 καὶ
1022 2484 1193 2553 χωρὶς
1224 2484 1332 2536 τῶν
1368 2486 1654 2555 ἡμετέρων
1686 2486 1861 2556 λόγων

273 2573 499 2638 εἰδόσιν,
548 2567 638 2626 οἷα
687 2572 752 2645 δὴ
788 2573 1067 2644 ῐῙνεύματι
1113 2573 1248 2626 Θεοῦ
1303 2575 1758 2646 κυϐερνωμένοις,
1787 2579 1862 2642 ώς

273 2662 394 2716 ἐστι
425 2662 546 2715 δέον
585 2662 990 2733 προσφέρεσθαι
1016 2662 1094 2734 τῷ
1148 2662 1442 2734 ἀνθρώπῳ,
1491 2667 1775 2736 γράφομεν
1824 2666 1860 2721 ἀ

273 2755 624 2825 γινώσκομεν
655 2755 750 2808 καὶ
786 2758 854 2826 τῇ
892 2758 956 2826 σῇ
989 2756 1230 2827 ὁσιότητι
1262 2759 1565 2827 πρέποντα,
1614 2760 1858 2832 κάκείνῳ

273 2850 526 2918 σωτήρια
568 2848 700 2903 ὄντα
740 2848 836 2903 καὶ
880 2849 1232 2920 συμφέροντα
1262 2849 1356 2904 τοῦ
1386 2851 1460 2921 μὴ
1503 2851 1692 2922 ὥσπερ
1753 2855 1860 2908 ἀπ-

268 2939 617 3010 εξενωμένον
648 2941 810 2994 αὐτὸν
867 2940 1036 3012 ἔχειν,
1091 2941 1225 3013 μηδὲ
1272 2943 1371 3013 τῆς
1429 2947 1528 3014 σῆς
1579 2944 1860 3014 ἀλλότριον

1967 427 2093 466 nam
2155 421 2394 468 vestram
2474 413 2800 484 sapientiam
2883 422 2938 470 et
3015 424 3250 469 vestram
3309 418 3363 472 in
3452 434 3552 475 nos

1966 504 2235 558 sinceram
2268 504 2637 572 dilectionem,
2686 516 2738 560 et
2765 514 3022 576 quantam
3058 507 3114 560 in
3152 505 3244 562 Dei
3279 509 3554 564 Ecclesias

1965 593 2137 650 habes
2187 596 2532 664 religionem,
2595 606 2854 667 tauquam
2913 598 3078 652 homo
3131 598 3225 668 qui
3279 597 3448 655 Deum
3499 612 3554 656 et

1967 687 2251 756 cognoscit
2277 697 2327 742 et
2361 700 2663 756 reveretur,
2713 698 2767 744 et
2791 689 2894 744 scit
2939 689 3028 743 Dei
3063 690 3228 744 etiam
3279 689 3548 746 honorem

1967 794 2077 832 non
2100 795 2223 834 esse
2244 781 2364 834 sine
2392 781 2576 850 aliqua
2611 792 2795 847 metu;
2823 783 3102 837 nescimus
3130 787 3276 837 enim
3303 799 3370 838 an
3402 785 3551 839 illum

1965 870 2146 925 debite
2196 872 2553 928 honoremus.
2596 873 2751 927 lllum
2809 882 2990 928 autem
3027 873 3303 931 offendere
3348 885 3554 946 quanto

1965 964 2142 1034 magis
2196 965 2696 1034 pertimescendum
2749 975 2802 1020 et
2839 965 3282 1022 formidandum!
3340 967 3555 1024 incolu-

1965 1069 2110 1109 mem
2174 1063 2225 1110 te
2273 1065 2459 1110 servet
2511 1055 2795 1122 Dominus,
2853 1059 3003 1113 omni
3056 1059 3202 1114 malo
3245 1059 3445 1116 visibili
3494 1071 3548 1117 et

1968 1145 2233 1202 invisibili
2268 1147 2634 1218 superiorem.

2351 1385 2362 1393 -
2418 1353 2578 1410 LXII.
2620 1356 2784 1412 Petro
2821 1359 3088 1414 solitario.

2031 1466 2278 1524 Conatus
2309 1476 2392 1524 est
2420 1470 2641 1540 quidem
2673 1470 2764 1526 ille
2795 1472 2890 1542 qui
2927 1474 2996 1526 ab
3032 1473 3190 1528 initio
3224 1483 3308 1530 est
3338 1474 3550 1546 pacifici

1963 1568 2139 1614 status
2171 1561 2424 1616 humana:
2475 1561 2598 1618 vitae
2633 1561 2808 1619 hostis
2852 1563 3017 1620 solita
3069 1565 3213 1620 mala
3250 1581 3546 1636 peragere,

1965 1660 2322 1722 vestrumque
2370 1666 2591 1708 sacrum
2637 1669 2854 1724 gregem
2908 1656 3265 1726 perturbare;
3321 1667 3375 1712 et
3405 1659 3550 1713 hunc

1965 1743 2058 1811 qui
2093 1744 2234 1798 forte
2264 1758 2374 1798 non
2400 1752 2520 1798 erat
2573 1744 2886 1801 istiusmodi
2914 1745 3215 1803 voluntatis
3248 1749 3551 1816 hominem,

1966 1831 2300 1888 ililarionem
2354 1834 2620 1904 inquam,
2697 1836 2814 1893 suis
2876 1836 3164 1894 fraudibus
3215 1837 3431 1909 impulit
3491 1849 3552 1895 ut

1965 1925 2284 1980 scandalum
2331 1926 2488 1982 vobis
2522 1927 2696 1982 ﬁeret.
2759 1930 3015 1985 Attamen
3065 1930 3158 1986 ille
3209 1932 3303 2001 qui
3360 1946 3547 2002 pacem

1965 2017 2188 2088 reliquit
2219 2018 2588 2074 hereditatem
2638 2020 2989 2092 diligentibus
3021 2037 3102 2090 se,
3132 2023 3247 2079 sive
3296 2023 3552 2078 humanae

1965 2110 2200 2167 levitatis
2233 2112 2350 2168 sive
2384 2110 2674 2167 diaboliczr
2715 2111 2939 2168 malitia:
2972 2128 3112 2184 opus
3173 2116 3454 2185 superavit
3493 2125 3550 2171 et

1965 2201 2236 2267 dissolvit,
2271 2203 2540 2273 vobisque
2578 2204 2722 2259 dedit
2747 2205 2802 2259 itt
2833 2220 2966 2274 pace
2997 2205 3213 2277 degere.
3252 2206 3316 2262 Et
3344 2207 3411 2262 de
3443 2206 3550 2262 hac

1965 2306 2024 2346 re
2057 2293 2262 2362 gratias
2295 2291 2409 2347 Deo
2442 2303 2631 2350 sancto
2661 2295 3022 2362 conlitemur;
3060 2299 3214 2354 vobis
3241 2309 3422 2354 autem
3449 2301 3547 2371 qui

1964 2385 2126 2439 etiam
2169 2385 2376 2455 absque
2425 2387 2774 2444 sermonibus
2822 2390 3028 2446 nostris
3059 2391 3234 2456 scitis,
3279 2403 3339 2447 ut
3386 2393 3544 2462 quia

1967 2473 2176 2544 Spiritu
2211 2477 2305 2531 Dei
2334 2477 2634 2546 ducimini;
2685 2481 2961 2548 quomodo
2994 2491 3244 2550 oporteat
3278 2485 3333 2538 in
3368 2485 3546 2540 horni-

1964 2581 2088 2621 nem
2136 2582 2196 2622 se
2253 2582 2463 2637 gerere,
2510 2570 2804 2625 scribimus
2848 2586 2971 2640 quae
3022 2573 3274 2629 novimus
3326 2586 3381 2631 et
3437 2586 3548 2632 tuae

1965 2657 2247 2714 sanctitati
2281 2673 2550 2728 congrua,
2579 2670 2633 2714 et
2659 2660 2736 2714 illi
2763 2660 3026 2716 salutaria
3055 2670 3111 2718 et
3137 2664 3314 2735 utilia,
3347 2684 3543 2738 nempe

1965 2758 2026 2802 ut
2055 2763 2178 2802 eum
2218 2763 2326 2802 nou
2355 2757 2413 2802 ut
2441 2759 2758 2804 extraneum
2795 2752 3020 2818 habeas,
3075 2769 3254 2824 neque
3293 2765 3400 2812 tua:
3432 2760 3548 2829 spi-

1964 2841 2144 2897 ritalis
2174 2841 2564 2896 benevolentiae
2602 2844 2880 2909 alienum;
2936 2845 3032 2900 sed
3077 2847 3205 2904 licet
3253 2863 3377 2904 eum
3432 2867 3547 2908 non

1965 2933 2214 3003 permisit
2263 2948 2476 2989 morum
2527 2933 2941 3002 dissimilitudo,
2992 2947 3051 2992 ut
3086 2953 3229 3009 saepe
3261 2940 3320 2994 tit
3351 2941 3406 2996 in
3443 2943 3548 2998 hu-

274 3034 665 3101 ςτνευματικῆς
689 3033 950 3103 σχέσεως.
986 3031 1126 3086 Ἀλλ’
1155 3037 1204 3087 εί
1245 3035 1340 3088 καὶ
1373 3035 1448 3106 μὴ
1483 3035 1862 3108 συνεχώρησεν

1968 3026 2150 3082 manis
2178 3027 2361 3092 rebus,
2399 3041 2629 3095 corpore
2675 3037 2991 3084 conversari
3047 3040 3102 3086 et
3123 3032 3420 3091 convivere
3449 3050 3549 3092 vo-

271 3123 447 3175 αὑτὸν
491 3124 524 3194 ἠ
575 3122 671 3177 τοῦ
724 3125 925 3195 τρόπου
986 3125 1367 3197 ἀνομαλότης,
1429 3122 1518 3180 οἷα
1575 3128 1746 3182 πολλά
1791 3131 1860 3184 τὰ

271 3211 636 3284 ἀνθρώπινα,
701 3217 1032 3285 σωματικῶς
1099 3219 1339 3270 συνεῖναι
1400 3218 1496 3271 καὶ
1554 3218 1863 3288 συνδιάγειν

272 3304 448 3373 ὑμῖν,
494 3305 635 3370 τέως
687 3307 788 3379 τῆς
839 3311 1216 3381 πνευματικῆς
1275 3311 1529 3380 ἑνότητος
1591 3311 1666 3381 μὴ
1721 3307 1864 3364 εἶναι

274 3397 694 3467 κεχωρισμένον
749 3398 951 3453 αὐτόν’
1011 3399 1129 3452 ἀλλ’
1184 3403 1331 3462 ὅπως
1392 3401 1459 3454 ἂν
1600 3405 1700 3472 τὴν
1763 3403 1864 3472 σὴν

271 3487 562 3558 πατρικὴν
598 3489 922 3559 κηδεμονίαν
943 3490 1262 3557 διαϐαίνειν,
1302 3491 1396 3545 καὶ
1424 3491 1532 3544 τῶν
1562 3491 1671 3545 σῶν
1689 3509 1862 3562 προσ-

273 3580 462 3648 ευχῶν
489 3581 582 3633 καὶ
627 3582 1027 3650 παραινέσεων,
1077 3583 1144 3636 δι’
1173 3577 1248 3638 ὧν
1280 3583 1418 3653 πρὸς
1448 3586 1548 3652 τὴν
1581 3585 1861 3656 μακαρίαν

275 3674 377 3724 καὶ
411 3671 495 3734 εἰς
528 3671 674 3743 ζωὴν
699 3672 943 3742 ἄγουσαν
969 3673 1087 3725 ὁδὸν
1131 3673 1546 3739 κατευθύνεται,
1584 3674 1658 3746 μὴ
1693 3677 1860 3745 ἀμοι-

277 3769 400 3838 ρεῖν
435 3768 622 3832 αὐτὸν,
662 3767 798 3838 μηδὲ
844 3769 1230 3838 ἀποκήρυκτον
1260 3767 1356 3820 τοῦ
1393 3765 1631 3836 μεγάλου
1666 3769 1859 3821 τούτου

1963 3120 2201 3186 hiscum,
2249 3135 2356 3173 non
2411 3129 2590 3174 tamen
2646 3120 2851 3174 unione
2898 3122 3130 3190 spiritali
3183 3125 3545 3195 excludatur;

1965 3214 2060 3269 sed
2090 3212 2593 3282 quomodocunque
2625 3215 2719 3276 sit,
2755 3222 2902 3266 tuam
2933 3213 3042 3283 ipsi
3103 3225 3389 3285 paternam
3430 3218 3546 3270 sol-

1964 3305 2299 3360 licitudinem
2343 3303 2678 3370 transferas,
2729 3313 2782 3358 et
2837 3312 3058 3358 tuarum
3095 3320 3314 3375 precum
3347 3305 3546 3362 exltoro

1965 3400 2369 3468 tationumque,
2403 3414 2499 3468 per
2521 3414 2660 3468 quas
2683 3399 2752 3453 ad
2781 3399 2992 3453 beatam
3025 3408 3076 3454 et
3106 3404 3228 3470 quae
3263 3401 3328 3454 ad
3366 3403 3532 3455 vitam

1969 3493 2122 3547 ducit
2168 3492 2312 3546 viam
2363 3492 2650 3562 dirigatur,
2701 3507 2770 3546 ne
2816 3501 3090 3547 exsortem
3143 3493 3296 3547 illum
3350 3493 3543 3559 facias,

1968 3601 2144 3655 neque
2193 3586 2341 3640 illius
2405 3600 2617 3656 magnae
2673 3585 3011 3640 hareditati-s
3066 3595 3340 3654 expertem
3410 3602 3545 3639 con-

1967 3681 2183 3732 stituas.
2241 3675 2536 3731 incolumis
2587 3676 2747 3730 nobis
2796 3677 3052 3738 servaris,
3091 3692 3300 3730 memor
3327 3679 3378 3731 itt
3429 3679 3544 3733 tuis

1968 3769 2175 3824 sanctis
2207 3767 2466 3838 precibus
2496 3777 2701 3824 nostra:
2733 3767 3080 3822 humilitatis.

274 3864 488 3934 κλήρου
517 3863 902 3919 καθίστασθαι.
940 3863 1282 3935 Ἐρρωμένος
1326 3863 1458 3934 ἡμῖν
1527 3862 1883 3934 διαφυλάττῃ,
1926 3867 2276 3934 μεμνημένος
2324 3869 2382 3918 ἐν
2422 3869 2543 3930 ταῖς
2613 3865 2792 3930 ὁσίαις
2845 3868 3035 3937 εὐχαῖς
3088 3883 3185 3920 σου
3230 3862 3325 3932 τῆς
3380 3859 3543 3932 ἡμῶν

275 3960 697 4032 ταπεινότητος.

646 4078 764 4134 ΞΠ.
809 4079 1133 4148 Ἐπιφανίῳ
1156 4077 1495 4149 μονάζοντι.

356 4197 520 4266 Ἔχει
541 4211 597 4247 τι
628 4194 763 4264 πρὸς
796 4193 990 4264 ἡδονὴν
1025 4197 1120 4246 καὶ
1151 4197 1184 4264 ἡ
1215 4191 1502 4263 σωματικὴ
1540 4189 1650 4243 τῶν
1691 4188 1861 4258 φίλων

290 4287 578 4358 συνομιλία
623 4291 691 4357 τῇ
757 4290 1043 4357 σωματικῇ
1114 4286 1381 4356 συναφείᾳ
1441 4283 1677 4338 δοκοῦσα
1734 4283 1863 4345 τοὺς

2360 4064 2540 4119 LXI-il.
2570 4064 2862 4136 Epiphanio
2881 4067 3145 4120 solitario.

2039 4187 2257 4256 Aliquid
2311 4184 2521 4244 confert
2553 4186 2617 4238 ad
2646 4184 2977 4253 voluptatem
3009 4186 3305 4253 corporalis
3333 4189 3542 4243 amico-

1972 4297 2089 4335 rum
2137 4277 2503 4342 convcrsatio,
2540 4279 2742 4346 quippe
2772 4292 2892 4346 quae
2932 4275 3181 4330 videatur
3222 4277 3545 4346 conjunctos

289 4379 735 4450 συναπτομένους
795 4378 1046 4448 ἡδύνειν·
1107 4377 1222 4430 ἀλλ’
1275 4378 1311 4446 ἦ
1365 4393 1428 4445 γε
1493 4372 1862 4444 πνευματικὴ,

1972 4375 2262 4428 delectare.
2304 4369 2410 4424 Sed
2478 4369 2743 4439 spiritalis
2789 4368 3154 4431 conversatio,
3210 4368 3282 4422 tili
3336 4380 3542 4433 noster,

287 4475 478 4528 τέκνον
509 4473 689 4543 ἡμῶν,
719 4471 822 4524 κᾶν
912 4473 1020 4524 τῶν
1053 4471 1324 4542 σωμάτων
1353 4469 1678 4534 ἀπόστασις,
1699 4468 1863 4520 πλέον

287 4566 392 4623 οἵδε
422 4569 492 4622 τὸ
517 4567 622 4638 ἡδὺ
648 4565 916 4635 πηγάζειν
949 4567 1005 4617 ἐν
1022 4567 1141 4627 ταῖς
1171 4563 1421 4632 καρδίαις
1465 4561 1575 4614 τῶν
1611 4560 1732 4613 κατ’
1763 4559 1864 4614 αὑ-

287 4661 384 4732 τὴν
459 4659 912 4725 συναπτομένων.
973 4657 1212 4726 Ἐχομεν
1275 4649 1370 4706 οὖν
1429 4650 1690 4720 ἀνελλιπῆ
1765 4648 1864 4719 τὴν

290 4755 615 4814 ἀπόλαυσιν,
661 4751 785 4804 ἐπεὶ
830 4751 1012 4820 χάριτι
1063 4748 1200 4802 Θεοῦ
1243 4748 1340 4801 καὶ
1375 4746 1648 4815 πνεύματι
1696 4743 1864 4812 ἐσμὲν

291 4845 585 4916 ⁴ἡνωμένοι,
639 4840 807 4912 μηδὲν
832 4839 954 4892 ἀπὸ
1006 4841 1106 4910 τῆς
1157 4835 1477 4907 σωματικῆς
1527 4831 1865 4893 διαστάσεως

287 4937 675 5009 ζημιούμενοι.
715 4933 950 5001 Τοιαύτη
977 4931 1086 5002 γὰρ
1113 4934 1148 5000 ἡ
1175 4929 1270 4984 τοῦ
1308 4927 1619 4996 πνεύματος
1661 4925 1867 4994 σχέσις,

281 5030 378 5083 καὶ
415 5028 598 5089 οὕτως
647 5021 758 5079 οἶδε
819 5027 884 5094 τῇ
919 5025 1058 5077 κατὰ
1111 5023 1201 5075 τὸν
1258 5020 1384 5074 νοῦν
1431 5019 1698 5090 συναφεία
1753 5019 1867 5078 τοῖς

284 5119 554 5192 καθαρῶς
589 5118 890 5188 ὴνωμένοις
939 5114 1282 5186 χαρίζεσθαι,
1311 5113 1451 5165 ὥστε
1485 5113 1537 5164 εί
1569 5111 1663 5163 καὶ
1703 5109 1865 5162 πολέ-

289 5229 407 5278 μιος
437 5211 470 5262 ό
497 5207 691 5276 καιρὸς
719 5208 786 5276 τῇ
819 5207 1104 5274 σωματικῇ
1138 5204 1453 5272 ἀπήντησεν
1481 5199 1691 5269 ὁμιλία,
1711 5197 1866 5251 οὐδὲν

291 5301 571 5370 ζημιῶσαι
619 5299 941 5368 δεδύνηται·
985 5296 1204 5357 πάντως
1244 5293 1301 5347 δὲ
1351 5292 1487 5346 Θεοῦ
1539 5291 1866 5363 βουλομένου

299 5392 634 5462 συνεσόμεθα
664 5391 758 5444 καὶ
786 5389 1119 5460 σωματικῶς
1163 5385 1436 5458 ἀλληλοις,
1464 5386 1626 5439 ὁπότε
1677 5383 1866 5436 τούτου

299 5486 378 5554 τῆς
429 5486 588 5550 θείας
625 5483 824 5554 βουλῆς
866 5482 1020 5535 ἔσται
1081 5479 1283 5550 κρίσις.
1332 5481 1470 5550 Περὶ
1520 5479 1576 5532 δὲ
1613 5473 1688 5532 ὧν
1733 5478 1868 5548 ἡμῖν

300 5579 384 5642 μὲν
423 5579 626 5646 ἐδήλου
657 5575 722 5629 τὸ
762 5575 1023 5645 γράμμα,
1066 5576 1095 5626 ό
1145 5572 1201 5624 δὲ
1253 5570 1603 5643 χαρτοφῦλαξ
1658 5571 1722 5620 ὲκ
1775 5565 1866 5620 τοῦ

299 5674 422 5734 προς
465 5668 635 5723 αὐτδν
664 5664 1082 5736 ἀπεσταλμένου
1117 5663 1444 5734 γράμματος
1483 5659 1664 5716 λαϐὼν
1700 5660 1868 5730 ἀνήγ-

1968 4467 2093 4520 licet
2136 4477 2362 4532 corpora
2410 4477 2440 4516 a
2491 4476 2550 4516 se
2598 4461 2827 4514 invicem
2885 4461 3108 4525 distent,
3157 4475 3266 4514 non
3318 4461 3545 4515 minoris

1966 4555 2260 4625 voluptatis
2301 4553 2425 4608 fons
2456 4560 2542 4607 est
2573 4551 2834 4606 cordibus
2869 4567 2990 4620 qua:
3026 4565 3122 4620 per
3157 4566 3275 4605 eam
3301 4553 3549 4622 jungun-

1970 4661 2082 4703 tur.
2106 4647 2382 4701 Habemus
2411 4645 2580 4714 igitur
2607 4643 2824 4713 plenam
2874 4644 3233 4714 voluptatem,
3280 4661 3402 4700 cum
3452 4644 3544 4700 Dei

1968 4739 2140 4810 gratia
2178 4737 2341 4790 etiam
2389 4737 2584 4804 spiritu
2620 4737 2894 4800 uliiallitll',
2932 4735 3140 4788 nullum
3181 4750 3244 4789 ex
3273 4736 3550 4805 corporali

1962 4829 2313 4900 separatione
2347 4827 2739 4883 detrimentum
2772 4828 2944 4895 passi.
2980 4825 3058 4880 Ea
3088 4835 3172 4882 est
3201 4830 3347 4882 enim
3381 4829 3549 4895 spiri-

1971 4931 2055 4976 tus
2086 4921 2307 4974 habitus
2335 4931 2388 4974 et
2417 4920 2578 4973 talem
2623 4918 2725 4973 scit
2755 4917 2984 4985 spiritali
3016 4917 3400 4987 conjunctione
3432 4917 3545 4972 sin-

1970 5027 2092 5068 cere
2124 5014 2292 5068 unitis
2317 5011 2716 5081 iucunditatem
2750 5018 3034 5080 praestare,
3066 5021 3128 5064 ut
3172 5010 3385 5065 etiamsi
3415 5009 3548 5064 belli

1973 5115 2184 5174 tempus
2227 5103 2662 5159 conversationis
2706 5101 3021 5157 facultatem
3071 5103 3287 5165 adimit,
3330 5101 3543 5155 nulkmn

1969 5198 2358 5254 detrimentum
2391 5195 2585 5250 afferre
2632 5198 2893 5264 potuerit.
2931 5193 3040 5249 Deo
3090 5205 3274 5250 autem
3305 5195 3548 5260 volente,

1970 5291 2105 5344 alter
2128 5306 2252 5344 cum
2277 5289 2450 5343 altero
2483 5290 2645 5342 etiam
2688 5291 3041 5358 corporaliter
3069 5287 3542 5349 conversabimur,

1970 5383 2186 5455 quando
2231 5384 2334 5437 hoc.
2365 5381 2566 5437 divinae
2609 5380 2874 5436 voluntati
2908 5381 3090 5436 visum
3131 5379 3316 5433 fuerit.
3346 5376 3424 5432 De
3457 5378 3545 5434 his

1971 5487 2151 5533 autem
2196 5491 2319 5547 quae
2364 5475 2750 5544 signiﬁcabant
2801 5473 3012 5538 litterre,
3054 5482 3107 5526 et
3140 5485 3264 5542 quae
3319 5472 3544 5526 charte-

1972 5571 2169 5642 phylax
2220 5585 2284 5624 ex
2334 5568 2478 5623 datis
2522 5567 2624 5622 sibi
2679 5565 2870 5620 litteris
2924 5565 3218 5632 nuntiavit,
3272 5565 3547 5634 separatio

1975 5662 2295 5719 necessario
2325 5661 2534 5730 prolata
2563 5669 2667 5716 est.
2718 5657 2945 5725 Reliqua
2969 5663 3158 5715 autem
3200 5657 3273 5713 ita
3306 5657 3442 5715 frent
3484 5665 3546 5711 ut
