4038 6204
453 253 569 318 263
1651 236 1962 299 NICOLAI
2000 234 2040 293 C

2149 233 2345 294 PATll
2358 232 2429 290 [Α
2440 230 2660 290 ΙίΟΙΙΑἰ
3621 222 3728 284 264

455 383 489 423 a
525 363 687 421 nobis
724 361 991 430 scriptum
1014 369 1099 415 est
1129 357 1196 413 ad
1223 370 1318 411 eos
1345 354 1439 425 qui
1467 351 1646 408 idonei
1677 359 1805 405 sunt
1824 348 2045 418 scriptis

2150 347 2352 417 γειλεν,
2385 348 2418 414 ἡ
2451 344 2683 397 δοκοῦσα
2714 343 2947 412 πρέπειν
2982 340 3244 413 ἐξηνέχθη
3276 340 3560 400 διάστασις
3585 354 3596 366 ·
3635 332 3730 391 καὶ

458 457 800 532 perﬁciendi.
855 456 1127 511 Caeterum
1165 451 1310 513 vale,
1359 458 1561 505 nostrae
1614 442 1938 499 humilitatis
1986 442 2040 495 in

2148 438 2335 491 λοιπὸν
2393 435 2538 489 οὕτω
2594 435 2885 504 γενήσεται
2916 433 3101 497 καθὼς
3129 433 3261 503 παρ’
3312 430 3472 500 ἡμῶν
3512 428 3728 498 ἐγράφη

461 553 571 609 tuis
600 549 806 607 sanctis
832 547 1089 618 precibus
1122 558 1352 600 memor.

2148 533 2260 596 τοῖς
2293 530 2436 585 κατά
2488 529 2673 600 χώραν
2711 530 2916 592 ἱκανοῖς
2972 524 3094 581 οὖσι
3144 527 3369 580 διοικεῖν
3403 524 3472 577 τὰ
3521 522 3730 593 γραφό-

2154 642 2315 696 μενα.
2345 625 2427 678 Τὰ
2465 623 2509 676 δ’
2532 622 2666 676 ἄλλα
2699 622 2910 693 ἔρρωσό
2947 637 3036 692 μοι
3068 622 3167 691 τῆς
3209 619 3366 690 ἡμῶν
3395 617 3728 686 ταπεινότη-

2148 736 2241 783 τος
2270 719 2327 771 ἐν
2354 717 2478 780 ταῖς
2504 716 2685 779 ὁσίαις
2715 716 2903 785 εὐχαῖς
2935 730 3030 767 σου
3065 712 3441 784 μεμνημένος.

851 849 1035 905 LXIV.
1077 844 1350 917 Tryphoni
1386 840 1661 897 monacho.
1856 848 1861 851 '

1856 848 1861 851 '
2570 824 2689 883 EA’.
2729 827 2995 896 Τρύφωνι
3034 822 3301 895 μοναχῷ.

539 997 856 1055 Gaudemus
879 991 1026 1063 quod
1064 986 1324 1043 sanctitas
1358 992 1542 1038 vestra
1574 981 1630 1034 in
1664 986 1810 1033 tanta
1839 974 2048 1032 sollici-

2222 969 2503 1040 Χαίρομεν
2532 968 2617 1038 ἐφ’
2648 962 2784 1038 οἷςὴ
2813 966 3031 1035 ὁσιότης
3066 964 3223 1035 ὐμῶν
3261 962 3403 1017 οὕτω
3441 963 3530 1017 διὰ
3567 979 3736 1034 φρον-

468 1095 655 1149 tudine
690 1105 789 1144 nos
836 1087 1071 1147 habeat;
1108 1095 1253 1147 .nam
1285 1086 1334 1132 et
1371 1078 1474 1131 hoc
1505 1087 1760 1143 magnum
1795 1080 1879 1125 est
1906 1069 2051 1124 sola-

2150 1059 2294 1123 τίδος
2324 1060 2436 1129 ἔχει
2462 1058 2665 1128 πολλῆς
2703 1059 2773 1110 τὰ
2802 1058 3049 1128 ἡμέτερα
3070 1072 3084 1087 ·
3121 1055 3244 1108 ἐπεὶ
3276 1056 3371 1107 καὶ
3403 1052 3564 1106 τοῦτο
3587 1053 3735 1121 μέγα

475 1190 609 1243 tium
638 1184 880 1245 obtritis,
918 1180 1061 1233 sicut
1093 1185 1147 1229 et
1176 1171 1513 1229 contrarium
1548 1168 1897 1223 vehementer
1918 1178 2052 1217 con-

2155 1152 2508 1224 παραμύθιον
2567 1155 2679 1215 τοῖς
2731 1148 3098 1220 θλιϐομένοις,
3148 1146 3341 1219 ὥσπερ
3401 1146 3466 1217 δὴ
3523 1148 3619 1199 καὶ
3676 1147 3738 1198 τὸ

468 1284 647 1336 tristat
688 1293 783 1331 eos
823 1274 915 1343 qui
951 1272 1111 1325 talem
1139 1270 1398 1322 invocant
1432 1263 1789 1317 voluntatem.
1834 1255 1907 1310 De
1940 1269 2051 1324 quo

2156 1244 2401 1299 ἐναντίον
2443 1244 2693 1315 σφοδρῶς
2731 1244 2856 1313 ἀνιᾷ
2888 1240 3015 1305 τοὺς
3045 1242 3127 1304 είς
3166 1239 3521 1310 παράκλησιν
3554 1237 3742 1291 τοιαύ-

469 1384 523 1429 ct
569 1328 853 1440 Scriptura
893 1364 1070 1419 dicit:
1112 1378 1130 1412 ι
1182 1358 1247 1413 Ει
1294 1354 1531 1411 sustinui
1574 1351 1669 1418 qui
1720 1346 1882 1403 simul
1917 1360 2054 1400 con-

2157 1355 2255 1409 της
2278 1338 2673 1409 προαιρέσεως·
2713 1338 2842 1407 περ)⁸
2870 1328 2930 1389 οὗ
2962 1337 3057 1388 καὶ
3080 1336 3139 1388 τὸ
3160 1334 3359 1401 Λόγιον
3384 1334 3539 1403 φησι,
3576 1352 3596 1385 ι
3628 1334 3738 1393 Καὶ

470 1468 806 1525 tristaretur,
855 1467 908 1513 et
951 1470 1059 1510 non
1101 1452 1241 1518 fuit;
1291 1446 1661 1507 consolantes,
1710 1448 1765 1494 et
1811 1453 1921 1491 non
1965 1436 2055 1489 in-

2159 1430 2431 1500 ὐπέμεινα
2480 1428 2924 1498 συλλυπούμενον
2958 1426 3054 1482 καὶ
3095 1427 3195 1497 οὐχ
3225 1425 3458 1493 ὑπῆρξε·
3497 1424 3595 1477 καὶ
3632 1441 3740 1478 πα-

470 1558 593 1614 veni
621 1558 662 1608 ¹.
715 1573 732 1606 ι
796 1553 854 1605 In
900 1547 1158 1605 omnibus
1206 1541 1352 1597 enim
1404 1531 1831 1593 communicatio
1882 1527 2054 1582 levius

2162 1520 2561 1596 ρακαλοῦντας,
2594 1523 2688 1574 καὶ
2707 1522 2805 1591 οὐχ
2837 1520 3016 1591 εὗρον.
3047 1540 3065 1572 ι
3114 1522 3203 1573 Ἐν
3221 1520 3385 1573 παντὶ
3420 1519 3527 1589 γὰρ
3552 1536 3745 1573 κοινω-

471 1613 605 1705 facit
630 1661 770 1701 onus
805 1643 1007 1713 quibus
1039 1638 1170 1693 illud
1199 1631 1407 1688 ferendi
1437 1626 1735 1683 necessitas
1764 1618 2052 1676 incumbit.

2160 1616 2248 1671 νία
2276 1615 2608 1686 κουφότερον
2640 1617 2787 1667 ποιεῖ
2812 1615 2872 1666 τὸ
2900 1615 3065 1684 βάρος
3096 1613 3205 1666 τῶν
3228 1614 3476 1684 ἀνάγκην
3508 1613 3743 1683 ἐχόντων

473 1742 668 1811 Igitur,
697 1747 757 1792 ut
776 1705 911 1797 dixi,
945 1723 1258 1800 huiusmodi
1285 1720 1484 1794 gaudio
1512 1717 1746 1772 fruimur
1773 1720 1826 1766 et
1847 1709 2053 1781 gratias

2161 1711 2348 1780 φέρειν
2382 1709 2536 1762 αὐτό.
2570 1709 2658 1772 Ὠς
2689 1705 2782 1762 οὖν
2810 1708 2948 1779 ἔφην
2974 1710 3152 1778 χαρᾶς
3184 1709 3241 1761 ἐν
3273 1707 3448 1777 τούτῳ
3468 1706 3548 1777 τῷ
3583 1708 3744 1776 μέρει

474 1797 588 1884 lico
645 1835 837 1883 sancto
885 1797 1098 1892 agimus
1149 1816 1243 1886 qui
1293 1829 1386 1867 vos
1431 1811 1503 1865 ita
1559 1805 1749 1862 movit.
1800 1803 2055 1856 Attamen

2159 1800 2533 1871 ἀπολαύομεν,
2567 1802 2662 1853 καὶ
2710 1799 3149 1871 εὐχαριστοῦμεν
3192 1799 3269 1868 τῷ
3314 1799 3457 1868 ἁγίῳ
3499 1798 3617 1868 Θεῷ
3661 1797 3741 1869 τῷ

478 1919 716 1992 procella
753 1929 875 1986 quae
905 1891 975 1966 ob
1006 1917 1229 1981 peccata
1266 1914 1454 1960 nostra
1486 1901 1553 1956 ab
1601 1897 1757 1953 initio
1790 1894 1946 1948 nobis
1970 1893 2057 1945 in-

2160 1893 2321 1947 τοῦτο
2369 1894 2514 1962 ὑμᾶς
2556 1892 2927 1961 συγκινοῦντι.
2985 1892 3132 1962 Πλὴν
3163 1893 3190 1944 ὁ
3219 1893 3425 1962 χειμὼν
3456 1894 3483 1944 ὁ
3511 1891 3599 1944 διά
3644 1892 3746 1952 τὰς

476 2024 585 2071 stat
638 2009 1001 2065 nihilominus
1060 2003 1237 2057 adhuc
1289 1998 1464 2062 saevit,
1524 2010 1649 2048 cum
1706 1997 2059 2062 peccatorum

2162 1985 2440 2056 ἁμαρτίας
2471 1985 2627 2055 ἡμῶν
2654 1985 2712 2050 ἐξ
2748 1985 2919 2056 ἀρχῆς
2949 1987 3080 2055 ἡμῖν
3123 1983 3554 2054 ἐπιτεθειμένος,
3589 1983 3745 2035 οὐδὲν

476 2114 792 2160 nostrorum
840 2100 1016 2153 nubes
1060 2107 1387 2164 magnopere
1422 2085 1785 2148 concreverit,
1828 2080 2060 2135 necdum

2164 2080 2385 2135 ἔλαττον
2419 2080 2512 2133 καὶ
2547 2079 2629 2131 ἔτι
2669 2079 2941 2150 χειμάζει,
2978 2079 3199 2140 πάντως
3246 2076 3343 2129 τοῦ
3395 2078 3590 2147 νέφους
3637 2074 3747 2127 τῶν

480 2173 812 2252 solutionem
846 2206 875 2244 a
910 2188 1097 2243 divina
1134 2181 1511 2239 benevolentia
1551 2177 1861 2247 acceperit;
1895 2185 2060 2242 quam

2163 2172 2454 2242 ἡμετέρων
2492 2169 2833 2241 σφαλμάτων
2862 2169 3063 2241 πολλὴν
3096 2170 3194 2239 τὴν
3226 2170 3506 2223 πύκνωσιν
3538 2184 3745 2234 κεκτη-

482 2297 540 2342 tu
576 2286 781 2341 sanctis
811 2280 1067 2354 precibus
1099 2276 1310 2332 ﬂectas.
1354 2272 1520 2327 Forte
1562 2284 1687 2325 sero
1718 2268 1935 2322 tandem
1973 2278 2063 2316 se-

2169 2264 2354 2334 μένον,
2390 2265 2485 2316 καὶ
2525 2262 2678 2316 οῦπω
2726 2263 2825 2329 τῆς
2860 2263 3047 2333 θεῖκῆς
3099 2262 3390 2333 εὐμενείας
3419 2260 3605 2313 λαϐεῖν
3649 2258 3750 2327 τὴν

485 2375 772 2430 renitatem
812 2352 977 2425 illabit
1028 2367 1185 2424 nobis
1245 2365 1421 2418 bonus
1473 2361 1637 2424 Deus,
1690 2366 1744 2413 et
1788 2355 2064 2424 respirare

2165 2358 2319 2410 λύσιν
2350 2356 2657 2419 ἐθέλοντος·
2697 2356 2764 2426 ἢν
2790 2357 2912 2419 ταῖς
2942 2359 3063 2419 σαῖς
3100 2356 3275 2419 ὁσίαις
3304 2354 3506 2419 ἐξιλέου
3534 2352 3746 2419 εὐχαῖς.

482 2465 741 2521 concedet
786 2476 941 2518 suam
991 2457 1295 2513 Eeelesiam
1340 2454 1408 2507 ab
1452 2467 1515 2507 ea
1560 2465 1667 2522 qua
1716 2455 1929 2504 tenetur
1962 2460 2064 2498 an-

2168 2450 2330 2513 Ἴσως
2350 2449 2448 2519 ὀψέ
2493 2464 2626 2501 ποτε
2670 2447 2830 2501 δώσει
2865 2446 3084 2518 αἰθρίαν
3123 2449 3255 2518 ἡμῖν
3284 2448 3312 2499 ὁ
3344 2430 3748 2515 Φιλάνθρωποζ,

483 2558 682 2629 gustia.
1787 2559 1792 2563 ”
2170 2542 2264 2598 καὶ
2289 2542 2627 2596 ἀναπνεῦσαι
2657 2541 2933 2611 παράσχοι
2962 2542 3061 2610 τὴν
3096 2540 3432 2611 Ἐκκλησίαν
3472 2540 3571 2609 τῆς
3620 2554 3751 2589 συν-

2174 2633 2405 2706 εχούσης
2432 2634 2597 2687 αὐτοῦ
2630 2634 3025 2705 χαλεπότητος.

823 2755 985 2812 LXV.
1020 2756 1219 2809 Joanm'
1252 2754 1496 2823 episcopo
1526 2751 1720 2807 Amisi.

2418 2749 2539 2803 EE'.
2590 2749 2839 2819 Ἰωάννῃ
2873 2750 3187 2818 ἐπισκόπῳ
3226 2753 3498 2821 Ἀμίσου.

558 2894 688 2950 Tua:
717 2892 1035 2949 sanctitatis
1059 2890 1252 2943 littera:
1274 2887 1549 2956 duplicem
1578 2884 1736 2939 nobis
1759 2883 2068 2951 injecerunt

2243 2888 2317 2940 Τὸ
2367 2887 2603 2958 γράμμα
2668 2886 2768 2957 τῆς
2831 2885 2987 2956 ὐμῶν
3040 2886 3325 2956 ὁσιότητος
3368 2886 3563 2957 διπλῆν
3620 2887 3756 2957 ἡμῖν

490 3003 736 3047 sensum,
811 2999 879 3037 ex
933 2982 1185 3052 Opposita
1243 2994 1411 3033 causa
1470 2977 1873 3048 procedentem.
1934 2974 2071 3028 Hinc

2175 2980 2460 3048 ἐνεποίησε
2506 2977 2607 3049 τὴν
2647 2977 2892 3031 διάθεσιν
2928 2980 2984 3044 ἐξ
3037 2979 3297 3032 ἐναντίων
3338 2980 3759 3050 προερχομένην

490 3081 637 3136 enim
680 3076 925 3131 laetitiam
966 3073 1323 3142 comparavit,
1370 3072 1513 3141 quod
1540 3072 1664 3125 vitae
1701 3077 1895 3123 vestrae
1925 3068 2070 3121 noti-

2173 3071 2282 3123 τῶν
2333 3070 2621 3140 ἀφορμῶν.
2678 3071 2742 3122 'H
2775 3070 3014 3141 μὲνγὰρ
3079 3070 3461 3141 παρεσκεύαζε
3516 3074 3758 3141 χαίρειν,

492 3173 622 3227 tiam
652 3170 811 3226 nobis
837 3166 1243 3230 manifestavit;
1275 3164 1401 3218 hinc
1430 3173 1612 3217 autem
1644 3162 1859 3216 dolendi
1889 3160 2068 3214 locum

2172 3162 2272 3231 τῆς
2303 3162 2576 3232 ὑμετέρας
2609 3161 2757 3230 ζωῆς
2788 3162 2889 3230 τὴν
2932 3161 3135 3230 γνῶσιν
3167 3164 3297 3231 ἡμῖν
3334 3161 3713 3231 ἐμφανίζουσα
3737 3179 3752 3194 ·

493 3266 644 3329 fecit,
680 3264 826 3334 quod
857 3260 1149 3317 didicimus
1180 3270 1232 3314 te
1273 3273 1383 3326 pra:
1408 3256 1664 3311 violentis
1687 3265 1741 3308 et
1766 3253 2071 3308 ambitiosis

2174 3256 2206 3323 ἠ
2238 3254 2293 3306 δὲ
2335 3254 2396 3305 τὸ
2424 3253 2717 3307 λυπεῖσθαι
2767 3254 3053 3325 προεξένει
3083 3270 3097 3285 ·
3147 3254 3216 3306 δι’
3267 3248 3343 3307 ὧν
3376 3254 3761 3323 ἐμανθάνομεν

490 3355 807 3413 inferiorem
832 3351 1173 3413 discessisse,
1199 3352 1326 3404 dum
1354 3349 1553 3403 malam
1586 3348 1663 3400 illi
1689 3346 2073 3414 funestamque

2174 3347 2248 3410 ὡς
2285 3347 2436 3415 παρά
2468 3345 2580 3398 τῶν
2611 3344 2802 3415 βιαίων
2826 3349 2918 3399 καὶ
2943 3347 3082 3416 πρὸς
3117 3347 3286 3416 μόνην
3311 3347 3408 3417 τὴν
3438 3346 3756 3409 πλεονεξίαν

495 3447 783 3502 victoriam
815 3444 1155 3499 retulissent.
1188 3441 1324 3495 illud
1354 3450 1535 3494 autem
1566 3448 1903 3509 reputantes,
1928 3437 2071 3507 quod

2175 3436 2446 3507 ὁρώντων,
2482 3436 2541 3488 τὸ
2572 3434 2797 3489 ἔλαττον
2826 3436 2986 3497 αὐτὸς
3028 3438 3351 3505 ἀπηνέγκω,
3378 3436 3555 3506 κακὴν
3582 3436 3757 3497 ὅντως

496 3541 591 3595 Dei
634 3540 809 3610 gratia
855 3537 1064 3592 nullum
1100 3535 1260 3591 bona:
1297 3533 1595 3588 voluntatis
1624 3542 1679 3586 et
1716 3532 1881 3586 studii
1909 3528 2076 3585 detri-

2177 3529 2272 3582 καὶ
2338 3528 2581 3597 ὀλέθριον
2650 3527 2808 3598 νίκην
2877 3528 3101 3583 ἐκείνων
3162 3529 3555 3598 νενικηκότων·
3614 3526 3760 3596 πλὴν

496 3641 744 3685 mentum
791 3645 954 3700 passa
1002 3637 1085 3684 est
1120 3637 1208 3681 tua
1246 3628 1450 3691 virtus;
1503 3640 1605 3679 nec
1646 3634 1794 3678 certe
1822 3624 2072 3677 laborum

2175 3622 2353 3673 ἐκεῖνο
2407 3620 2825 3692 ἐνθυμηθέντες,
2862 3620 2943 3674 ὅτι
2994 3622 3177 3692 χάριτι
3237 3621 3371 3673 Θεοῦ
3424 3621 3576 3673 οὐδὲν
3621 3620 3756 3690 ἐζη·

498 3738 638 3793 quos
688 3738 785 3792 per
827 3720 1100 3776 diﬂicilem
1138 3720 1280 3773 viam
1324 3716 1540 3772 subiisti
1573 3716 1879 3770 mercedem
1905 3730 1933 3767 a
1962 3716 2073 3768 Deo

2180 3715 2382 3784 μίωται
2413 3716 2446 3784 ἡ
2483 3715 2551 3785 σὴ
2598 3714 2793 3785 ἀρετὴ,
2830 3714 2931 3784 τῆς
2979 3716 3078 3784 σῆς
3121 3714 3337 3783 ἀγαθῆς
3377 3713 3757 3783 προαιρέσεως

497 3818 595 3872 tibi
629 3816 994 3885 abripuerunt
1034 3813 1128 3883 qui
1178 3811 1469 3866 victoriam
1523 3808 1776 3864 retulisse
1822 3807 1926 3861 sibi
1972 3806 2073 3860 visi

2178 3807 2269 3860 καὶ
2297 3808 2552 3876 σπουδῆς.
2595 3808 2704 3860 Ναὶ
2735 3807 2798 3877 δὴ
2842 3807 3063 3860 καὶτοῦ
3100 3808 3266 3861 πόνου
3304 3807 3395 3860 καὶ
3429 3807 3537 3858 τῶν
3565 3805 3757 3876 καμά-

498 3919 648 3977 sunt,
700 3908 1132 3965 consolationem
1179 3922 1287 3960 non
1332 3904 1605 3959 modicam
1653 3904 1963 3956 invenimus
2008 3914 2076 3952 ne

2177 3916 2307 3963 των,
2343 3898 2441 3963 οὒς
2472 3899 2560 3952 διὰ
2594 3899 2693 3967 τῆς
2727 3900 2970 3969 χαλεπῆς
3003 3900 3244 3971 ὑπέστης
3275 3899 3610 3969 ὁδοιπορίας,
3654 3900 3757 3951 οὐκ

499 4001 811 4057 doleremus
835 4016 851 4055 :
882 3997 1027 4069 quod
1055 4006 1110 4053 et
1142 4005 1247 4051 tuae
1274 3997 1367 4050 [iat
1388 3995 1575 4050 virtuti
1599 4010 1739 4064 quer,
1766 3993 1859 4046 Dei
1880 3992 2073 4061 gratia,

2178 3993 2563 4063 ἀπεστέρησαν
2621 3993 2721 4061 τῆς
2795 3993 2946 4062 παρὰ
3012 3992 3150 4045 Θεοῦ
3217 3991 3646 4062 μισθαποδοσίας
3710 3994 3761 4043 οἱ

501 4095 688 4147 omnia
733 4092 960 4145 materia
1012 4090 1180 4144 libera
1230 4097 1315 4144 est
1358 4097 1413 4142 et
1460 4088 1526 4141 ad
1576 4088 1693 4143 sola
1724 4086 1778 4139 in
1807 4097 2074 4139 aeternum

2180 4085 2429 4150 δόξαντες
2480 4084 2858 4154 ἀποφέρεσθαι
2908 4086 3007 4155 τὴν
3062 4086 3243 4153 νίκην,
3293 4083 3642 4156 παραμύθιον
3698 4087 3763 4135 οὐ

502 4194 781 4241 reservata
832 4184 985 4239 lucra
1038 4182 1292 4237 intendit.
1336 4179 1775 4236 Contumeliosos
1807 4187 1991 4233 autem
2023 4185 2077 4231 et

2184 4178 2382 4249 μικρὸν
2413 4176 2648 4248 εὕρομεν
2680 4176 2773 4232 τοῦ
2809 4178 2883 4248 μὴ
2931 4178 3242 4242 λυπεῖσθαι,
3270 4180 3405 4248 ὅπερ
3438 4181 3530 4231 καὶ
3573 4181 3639 4248 τῇ
3688 4181 3758 4247 σῇ

502 4278 799 4343 derisores,
832 4277 1151 4347 quicunque
1191 4275 1321 4338 sint,
1354 4288 1477 4327 cum
1510 4273 1704 4331 iisdem‘
1730 4270 2076 4325 contumeliis

2181 4273 2350 4340 ἀρετῇ
2403 4270 2647 4337 γενέσθω
2703 4271 2887 4341 χάριτι
2934 4270 3067 4321 Θεοῦ
3116 4270 3298 4339 πάσης
3334 4270 3465 4340 ὕλης
3498 4270 3765 4341 ἐλευθέρᾳ

500 4381 556 4427 et
587 4370 959 4427 derisionibus
994 4368 1062 4423 ad
1106 4368 1338 4421 nihilum
1366 4365 1713 4427 reducamus,
1739 4363 1890 4416 nullo
1914 4362 2076 4416 modo

2180 4361 2547 4433 τυγχανούσῃ,
2574 4362 2668 4415 καὶ
2711 4362 2847 4432 πρὸς
2881 4363 3021 4431 μόνα
3052 4362 3119 4416 τά
3147 4363 3488 4432 ἀποκείμενα
3520 4363 3761 4426 αίωνίως

502 4471 763 4519 curantes
802 4462 919 4517 sive
964 4460 1324 4515 contumelias
1358 4458 1571 4527 pluant,
1611 4458 1726 4511 sive
1755 4456 1902 4509 aliud
1944 4455 2073 4525 quid

2182 4454 2348 4524 κέρδη
2384 4453 2729 4525 ἁτενιζούσῃ.
2763 4455 2901 4517 Τοὺς
2930 4455 2987 4506 δὲ
3020 4455 3284 4525 ὑϐριστὰς
3315 4457 3410 4509 καὶ
3441 4456 3671 4527 εἴρωνας
3711 4454 3766 4506 οἰ

501 4554 811 4625 excogitent
856 4561 1044 4607 contra
1062 4566 1183 4604 nos.
1200 4550 1468 4603 Caeterum
1491 4547 1677 4601 valere
1691 4557 1739 4601 te
1758 4547 1916 4601 nobis
1942 4562 2077 4601 cou-

2184 4563 2325 4609 τινες
2355 4546 2483 4599 ποτέ
2514 4549 2620 4599 εἰσι
2655 4548 2793 4616 μετὰ
2824 4547 2922 4615 τῆς
2964 4548 3137 4617 αὐτῆς
3170 4548 3484 4618 δυσφημίας
3533 4547 3627 4600 καὶ
3677 4548 3762 4598 εί-

505 4645 665 4699 cedat
689 4643 833 4697 Deus
858 4652 1101 4706 sanctus,
1133 4655 1432 4695 memorem
1482 4646 1683 4694 nostra:
1728 4638 2072 4693 humilitatis.

2186 4640 2407 4709 ρωνίας,
2443 4640 2522 4700 εἰς
2552 4640 2612 4693 τὸ
2646 4642 2811 4711 μηδὲν
2843 4641 3260 4713 ἀπορρίψωμεν,
3294 4641 3566 4711 μηδεμίαν
3590 4655 3766 4709 φρον-

501 4738 626 4792 τίδα
679 4737 1018 4806 ποιούμενοι,
1074 4735 1185 4787 εἴτε
1244 4734 1539 4787 πλύνουσιν
1591 4731 1833 4803 ῦϐρεσιν,
1885 4734 1995 4786 εἴτε
2035 4750 2086 4786 τι
2128 4732 2316 4803 ἕτερον
2398 4735 2477 4796 εἰς
2524 4734 2769 4791 ἐπίνοιαν
2816 4736 3042 4807 φέρουσι
3101 4736 3195 4789 τοῦ
3289 4736 3412 4789 καθ’
3445 4738 3601 4807 ήμῶν
3644 4739 3766 4791 ἐπι-

502 4828 839 4886 δείκνυσθαι.
893 4830 972 4882 Τά
1000 4828 1045 4881 δ’
1073 4828 1207 4882 ἄλλα
1236 4829 1515 4900 ἐρρῶσθαι
1542 4847 1600 4883 σε
1639 4832 1771 4903 ἡμῖν
1799 4830 2123 4901 παράσχοιὸ
2156 4830 2308 4899 ἅγιος
2341 4829 2496 4896 Θεὸς,
2529 4834 2884 4903 μεμνημένον
2934 4833 3035 4904 τῆς
3086 4832 3244 4903 ἡμῶν
3300 4834 3669 4904 μετριότητος.

1070 4949 1253 5005 LXVI.
1285 4950 1514 5008 Incerto.

2765 4950 2901 5018 ΞΕΓ.
2950 4950 3198 5021 Ἀδήλῳ.

580 5065 785 5122 Dilecle
829 5065 989 5120 nobis
1039 5064 1146 5130 ﬁli;
1189 5081 1275 5121 res
1303 5068 1503 5132 evenit,
1543 5077 1601 5123 ut
1644 5068 1867 5138 quidam
1903 5067 2078 5133 aiunt,

2259 5065 2463 5119 Τέκνον
2522 5079 2625 5132 μου
2681 5062 3079 5133 ἠγαπημένον·
3133 5064 3367 5133 πρᾶγμα
3414 5063 3633 5130 ἐγένετυ
3691 5063 3771 5126 ὡς

509 5161 735 5217 minime
773 5161 936 5231 digna
965 5159 1071 5215 ista
1115 5160 1271 5226 urbe,
1300 5161 1357 5215 in
1388 5176 1495 5231 qua
1538 5163 1719 5216 omnis
1740 5162 1895 5227 ordo,
1919 5162 2082 5216 disci-

2178 5158 2402 5228 λέγουσί
2451 5173 2596 5219 τινες
2644 5157 2785 5226 μήτε
2843 5158 2909 5225 τῇ
2955 5156 3082 5228 δόξῃ
3133 5156 3345 5225 πρέπον
3400 5154 3497 5223 τῆς
3555 5154 3767 5216 πόλεως

508 5255 653 5320 plina
684 5253 995 5307 Christiana
1021 5260 1075 5307 et
1100 5252 1275 5321 pietas
1303 5264 1512 5322 regnat,
1532 5263 1587 5307 et
1615 5268 1778 5307 omne
1799 5253 2083 5323 sapientiae

2181 5249 2384 5318 ταύτης
2436 5249 2493 5299 ἐν
2602 5246 2752 5298 πᾶσα
2784 5245 2937 5308 τάξις
2981 5243 3330 5315 χριστιανικὴ
3364 5244 3457 5296 καὶ
3488 5245 3637 5295 πᾶσα
3667 5243 3730 5294 εὐ

509 5345 723 5398 culmen
762 5352 818 5398 et
857 5359 1028 5399 sacrae
1074 5344 1486 5399 constitutionis
1535 5344 1846 5411 sinceritas,
1907 5360 2081 5413 neque

2184 5342 2370 5394 σέϐεια
2414 5337 2782 5407 πολιτεύεται,
2813 5338 2909 5391 καὶ
2955 5340 3105 5390 πᾶσα
3140 5339 3333 5407 σοφίας
3379 5338 3623 5406 ἀκρότης
3668 5337 3768 5387 καὶ

514 5429 807 5490 Ecclesiam
859 5435 1066 5491 doloris
1119 5445 1215 5490 aut
1274 5437 1720 5505 reprehensionis
1780 5436 2079 5491 immunem

2185 5435 2338 5505 ἱερᾶς
2382 5431 2772 5495 καταστάσεως
2819 5430 3099 5502 ἀκρίϐεια,
3133 5431 3274 5501 μήτε
3318 5430 3379 5482 τὸ
3427 5429 3632 5482 ἄλυπον
3666 5428 3770 5479 καὶ

512 5534 799 5592 praestans.
853 5527 1005 5582 Talia
1037 5528 1186 5583 enim
1233 5526 1490 5584 dicuntur
1542 5526 1685 5584 facta
1733 5542 1856 5584 esse
1899 5525 2083 5597 qualia

2185 5526 2475 5598 ἄμεμπτον
2502 5528 2568 5596 τῇ
2599 5525 2898 5595 Ἐκκλησία
2932 5523 3331 5595 παρεχόμενον.
3366 5522 3604 5592 Λέγουσι
3649 5523 3767 5592 γὰρ

581 5702 599 5734 ⁸
641 5700 787 5760 Psal.
814 5718 1003 5767 uvnt.
1033 5706 1124 5762 2|.
