4038 6204
291 290 405 354 εδδ

289 398 518 454 τοιαῦτα
553 398 828 467 γενέσθαι,
870 395 959 452 οἷα
1008 400 1064 450 ἐν
1122 402 1229 462 τοῖς
1277 399 1479 464 ἔθνεσι,
1519 402 1613 454 καὶ

293 490 527 558 Ἕλλησι
559 489 923 544 πολιτεύεται.
956 490 1022 543 Δί
1050 490 1157 562 γὰρ
1196 491 1285 544 διὰ
1334 493 1610 560 πυρκαϊᾶς
1655 494 1749 544 καὶ
1783 492 1871 545 διὰ

292 581 514 650 σφαγῆς
548 580 657 631 τῶν
690 579 846 642 ζώων
890 580 1184 651 γενόμεναι
1233 582 1501 652 συνθῆκαι
1546 582 1699 635 οῦδὲν
1737 583 1870 638 ἄλλο

287 676 432 728 εἰσὶν
483 671 716 744 ῆουσία
768 673 954 745 ἐθνική
1011 691 1070 726 τε
1111 675 1208 728 καὶ
1259 674 1569 745 Ἑλληνική.
1621 675 1712 745 Μὴ
1763 676 1872 747 γάρ

291 769 456 837 μόνον
489 768 626 837 πρὸς
653 768 752 836 τὴν
785 768 1002 836 σφαγὴν
1034 767 1221 831 ἁπλῶς
1257 767 1402 822 οῦτω
1436 771 1530 821 καὶ
1563 769 1639 832 ὡς
1676 769 1871 839 ἔτυχεν

285 859 628 930 ἀποϐλέψῃς,
655 860 790 912 ἀλλὰ
829 860 1084 914 κατανόει
1119 861 1201 914 ὄτι
1241 862 1684 932 μυστικωτέρου;
1717 864 1871 926 τινὰς

289 953 477 1021 ἔχουσι
520 953 714 1021 λόγους
769 955 909 1006 κατὰ
957 954 1058 1023 τὴν
1107 955 1334 1007 ἐκείνων
1385 955 1674 1024 ἀθεότητα.
1718 955 1872 1009 Ἐπεὶ

286 1045 379 1098 δὲ
415 1046 469 1098 τί
511 1046 588 1116 μὴ
623 1045 810 1108 ἁπλῶς
853 1047 920 1100 τὰ
952 1047 1182 1116 τυχόντα
1223 1047 1337 1111 ζῶα
1391 1049 1712 1118 σφάζουσιν,
1754 1049 1871 1103 ἀλλ’

291 1138 611 1206 ἐκλέγονται
672 1137 800 1208 βοῦς
848 1140 940 1190 καὶ
979 1139 1148 1203 κύνας
1200 1139 1295 1192 καὶ
1338 1141 1622 1211 πρόϐατα;
1659 1143 1871 1213 Ὥσπερ

290 1226 391 1284 οῦν
413 1233 446 1301 η
472 1232 674 1302 φρικτὴ
708 1232 817 1283 τῶν
847 1232 1189 1299 Χριστιανῶν
1210 1231 1368 1285 θυσία
1398 1234 1682 1302 ἐκλέγεται
1707 1235 1872 1304 ἄρτον

290 1325 390 1377 καὶ
417 1318 584 1386 οἶνον,
617 1323 906 1377 καὶταῦτα
933 1326 1234 1395 προσφέρει
1263 1327 1542 1396 μυστικῶς
1571 1325 1872 1395 ἁγιάζουσα

284 1417 416 1477 τοὺς
449 1415 760 1481 τελοῦντας,
802 1415 944 1470 οὕτω
979 1417 1074 1478 καὶ
1114 1420 1298 1472 ἐκεῖνα
1343 1420 1413 1472 τὰ
1451 1419 1566 1483 ζῶα
1599 1422 1740 1474 κατὰ
1769 1421 1872 1490 τὴν

291 1508 538 1579 ἰδιότητα
571 1508 673 1578 τῆς
715 1508 970 1574 ἀσεϐείας
1001 1511 1177 1563 αὐτῶν
1233 1511 1520 1580 ἐκλέγεται
1565 1515 1647 1576 είς
1679 1512 1873 1568 θυσίαν

285 1600 725 1655 οίκειοποιοῦντα
767 1603 895 1666 τοὺς
935 1601 1226 1665 τελοῦντας
1267 1606 1380 1667 τοῖς
1421 1603 1515 1657 ὑπ’
1552 1604 1736 1658 αὐτῶν
1775 1605 1874 1660 λαο

285 1697 640 1766 τρευομένοις
673 1695 914 1766 δαίμοσι.
945 1697 1037 1767 Μὴ
1072 1697 1179 1767 γὰρ
1212 1697 1482 1751 ἀπατάτω
1531 1699 1682 1769 ἡμᾶς
1713 1699 1872 1753 τοῦτο

283 1789 349 1841 τδ
382 1788 512 1858 παρ’
542 1787 722 1840 αὐτῶν
749 1766 1067 1857 λεγόμενον,
1093 1766 1168 1850 ῶς
1192 1787 1366 1853 οὕτως
1396 1766 1588 1859 χυθείη
1610 1790 1671 1842 τὺ
1698 1785 1837 1858 αἷμα
1855 1806 1869 1820 ·
1906 1766 1948 1822 Β

285 1884 371 1936 ὅτι
402 1881 550 1952 ψιλοί
581 1883 689 1934 εἰσι
732 1881 904 1949 λόγοι.
938 1881 1102 1934 Ἀλλὰ
1134 1880 1293 1934 τοῦτο
1327 1881 1623 1949 γινώσκειν
1651 1879 1870 1952 ὀῲειλο-

295 1990 420 2042 μεν,
453 1975 535 2025 ὅτι
586 1975 722 2042 πρὸς
776 1974 1046 2042 μυστικήν
1080 1989 1199 2024 τινα
1232 1973 1352 2025 κατ’
1398 1975 1597 2037 αὐτοὺς
1627 1975 1698 2028 τὰ
1723 1976 1877 2041 γινό-

291 2084 432 2135 μενα
480 2065 664 2119 αἰτίαν
693 2064 910 2134 ἔχουσιν
937 2065 1036 2136 τὴν
1069 2066 1350 2136 ἀναφοράν
1369 2083 1384 2098 ·
1425 2067 1515 2119 ἐπὶ
1544 2067 1597 2120 τί
1641 2067 1876 2121 ἐκώλυεν

291 2159 478 2222 ἁπλῶς
517 2161 700 2229 σχίσαι
731 2157 889 2224 ξύλον
927 2159 1020 2211 καὶ
1061 2160 1256 2220 εἰπεῖν,
1292 2158 1450 2212 Οὕτω
1487 2161 1873 2233 διατμηοείην;

287 2254 354 2305 Τί
385 2251 590 2305 ἐκώλυε
629 2237 911 2320 στρουθίον
939 2250 1098 2304 θῦσαι
1125 2253 1219 2305 καὶ
1254 2255 1448 2316 εἰπεῖν,
1476 2253 1632 2308 Οῦτω
1653 2255 1712 2308 τὸ
1735 2251 1877 2316 αἷμά

291 2363 397 2416 μου
426 2344 652 2414 χυθείης
690 2344 858 2396 ’Λλλά
906 2347 1186 2414 πυρκαϊᾶς
1223 2346 1475 2410 ἅπτουσι,
1512 2349 1605 2400 καὶ
1642 2348 1875 2419 ὲκὶογὴν

290 2436 438 2494 ἰδίως
468 2432 751 2487 πιιοῦνται
786 2433 988 2500 κυνῶν,
1019 2435 1114 2489 καὶ⁸
1135 2435 1297 2504 βοῶν,
1328 2439 1421 2489 καὶ
1453 2438 1764 2510 προϐάτων.

361 2528 476 2581 Οὐκ
495 2528 602 2580 ἔδει
629 2525 722 2581 οῦν
749 2528 907 2581 τοῦτο
940 2528 1198 2596 γενέσθαι
1224 2545 1239 2560 ·
1285 2531 1740 2600 ἀπηγορευμένον
1766 2531 1876 2602 γάρ

287 2623 408 2674 ἐστι
443 2622 677 2685 καὶτοῖς
716 2623 880 2693 ἱεροῖς
925 2623 1112 2676 κανὸσι
1147 2623 1240 2675 καὶ
1278 2626 1343 2693 τῇ
1389 2622 1732 2694 Χριστιανῶν
1772 2641 1876 2676 κα-

285 2715 570 2768 ταστάσει.
619 2716 705 2777 Ὠς
741 2714 835 2768 οὖν
869 2709 1024 2768 εἷπον
1059 2715 1160 2768 ούκ
1195 2714 1302 2767 ἔδει
1327 2715 1579 2782 γενέσθαι
1606 2735 1618 2746 ο
1657 2717 1779 2768 ἐπεὶ
1821 2715 1876 2768 δὲ

287 2805 532 2873 ἐγένετο,
566 2805 820 2877 δεύτερόν
849 2808 1000 2861 ἐστιν
1025 2807 1390 2876 ἀκολουθῆσαι
1419 2807 1518 2877 τὴν
1551 2808 1872 2878 θεραπείαν,

290 2898 386 2951 καὶ
440 2899 815 2969 ὑποϐληθῆναι
874 2901 1175 2971 ἐπιτιμίοις
1222 2900 1349 2963 τοὺς
1406 2900 1487 2963 είς
1529 2899 1591 2952 τὸ
1640 2902 1874 2972 πρᾶγμα

285 2988 451 3042 τοῦτο
482 2991 917 3061 παρατυχόντας,
954 2990 1040 3044 ἵνα
1073 2991 1208 3063 μήτε
1240 2991 1534 3045 σκάνδαλον
1564 2992 1876 3065 τῇἘκκλη-

292 3082 386 3152 σία
430 3083 819 3152 προσγένηται,
853 3085 948 3135 καὶ
999 3083 1214 3154 ταραχὴ
1273 3084 1366 3137 καὶ
1414 3083 1550 3153 ζάλη
1616 3085 1874 3138 ἑπιπλέον

289 3174 466 3246 αὐτὴν
515 3176 818 3246 καταλάϐῃ,
850 3178 985 3246 μήτε
1039 3179 1246 3246 μέμψις
1299 3179 1394 3231 καὶ
1439 3180 1494 3230 ἐν
1525 3181 1592 3248 τῇ
1632 3178 1876 3252 παρούσῃ

285 3270 457 3338 γενεᾷ
484 3269 577 3322 καὶ
607 3271 665 3322 ὲν
708 3273 771 3340 τῇ
823 3271 961 3338 μετᾶ
995 3269 1168 3323 ταῦτα
1197 3271 1329 3340 ἡμῖν
1369 3287 1429 3322 τε
1462 3272 1577 3334 τοῖς
1610 3272 1874 3340 ἀμαρτω-

287 3362 403 3425 λοίς
447 3364 543 3415 καὶ
587 3364 652 3431 τῇ
687 3365 752 3430 σῇ
791 3364 983 3431 ἀρετῇ,
1015 3362 1206 3415 τέκνον
1239 3380 1341 3432 μου
1374 3365 1754 3442 ἠγαπημένον,
1782 3363 1876 3416 καὶ

280 3458 400 3524 τοῖς
435 3455 642 3524 λοιποῖς
687 3455 916 3531 ἄρχουσι
954 3457 1051 3531 τῆς
1105 3455 1389 3526 mitrata;
1433 3457 1761 3532 προσοριὸῇ.
1816 3457 1876 3514 Ὀ

283 3557 399 3626 γὰρ
435 3555 779 3624 φιλόχριστος
807 3553 966 3622 ἡμῶν
1017 3553 1290 3622 βασιλεὺς,
1326 3554 1413 3607 διὰ
1445 3555 1504 3605 τὸ
1545 3555 1734 3616 ἀτελὲς
1767 3554 1870 3622 τῆς

284 3646 657 3717 ἡλικίας,καὶ
704 3645 855 3716 παρὰ
906 3645 1027 3715 Θεῷ
1082 3648 1177 3700 καὶ
1233 3645 1386 3715 παρὰ
1443 3644 1755 3717 ἀνθρώποις
1815 3646 1874 3698 τὸ

285 3744 585 3811 ἄμεμπτον
637 3738 790 3804 ἔξει·
833 3741 994 3810 ἡμεῖς
1040 3739 1118 3802 δὲ,
1159 3738 1418 3807 γίνωσκε,
1471 3739 1598 3792 ὅταν
1637 3740 1694 3792 δὲ
1732 3739 1875 3806 λέγω

286 3837 474 3905 ἡμεῖς,
503 3833 950 3905 τὴνῈκκλησίαν
980 3833 1145 3903 λέγω,
1177 3836 1270 3887 καὶ
1294 3833 1354 3886 σὲ
1385 3835 1478 3886 καὶ
1503 3833 1630 3897 τοὺς
1653 3833 1875 3896 λοιποὺς

284 3927 389 3997 τῆς
438 3926 720 3990 πολιτείας
760 3927 1047 3996 ἄρχοντας,
1083 3927 1176 3980 καὶ
1226 3925 1379 3997 παρὰ
1426 3925 1544 3996 Θεῷ
1577 3925 1672 3979 καὶ
1720 3925 1874 3997 παρά

288 4017 607 4090 ἀνθρώποις
652 4017 709 4070 ἓν
765 4020 970 4090 μέμψει
1020 4019 1115 4072 καὶ
1165 4017 1458 4088 φαυλισμῷ
1502 4018 1870 4088 γενησόμεθα.

283 4111 605 4165 Σπούδασον
657 4106 772 4174 οὖν,
839 4113 1029 4164 τέκνον
1091 4128 1213 4179 μου,
1266 4113 1332 4181 τῇ
1395 4111 1548 4182 παρὰ
1597 4110 1733 4163 Θεοῦ
1791 4127 1873 4165 σοι

287 4204 554 4276 δεδομένῃ
602 4205 864 4276 φρονήσει
915 4202 1058 4256 οὕτω
1107 4203 1453 4272 διευθετῆσαι
1501 4205 1562 4257 τὸ
1617 4205 1870 4275 πρᾶγμα,

291 4293 376 4348 ἵνα
406 4295 485 4365 μὴ
513 4293 756 4347 λάϐωσιν
783 4293 1039 4366 ἀφορμὴν
1079 4296 1128 4348 oi
1164 4297 1446 4365 φιλόψογοι
1473 4296 1566 4347 καὶ
1589 4293 1872 4365 διασύρειν

292 4387 617 4457 ἐπιμέλειαν
665 4385 878 4455 ἔχοντες
940 4386 1204 4456 μέμψεως
1244 4386 1519 4455 ἀφορμὴν,
1553 4385 1690 4439 ἀλλὰ
1743 4385 1874 4439 πολ-

1749 289 2152 350 ΕΡΙΞΤΟΙ..³Ε.

1663 404 1719 454 ὲν
1760 403 1874 464 τοῖς
1901 405 1950 465 Α
1979 401 2118 455 inter
2147 402 2376 472 gentiles
2410 412 2462 458 et
2491 403 2740 460 ethnicos
2773 404 2926 459 ﬁunt.
2951 405 3078 470 Qua:
3103 408 3245 460 enim
3274 423 3368 477 per
3391 409 3544 463 holo-

3445 293 3551 356 £66

1975 504 2161 549 causta
2209 506 2263 548 et
2312 497 2631 550 animalium
2691 497 3091 554 immolationes
3141 501 3273 554 fiunt
3323 500 3546 568 fmdera,

1976 587 2110 640 nihil
2133 588 2280 642 aliud
2313 600 2438 643 sunt
2463 589 2565 642 nisi
2585 591 2784 660 gentile
2801 599 2852 644 et
2874 591 3149 645 cthnicum
3188 595 3540 653 sacriﬁcium.

1976 677 2090 732 Non
2126 680 2268 732 enim
2305 691 2515 734 tantum
2549 681 2613 734 ad
2657 682 3085 738 immolationem
3127 683 3200 737 ita
3229 686 3548 754 simpliciter

1973 779 2024 823 ct
2059 769 2492 840 qualemcunque
2537 773 2786 826 attendas
2811 817 2826 836 ,
2885 775 2977 828 sed
3016 783 3203 843 reputa
3239 791 3333 830 eos
3362 779 3551 846 mysti-

1975 877 2066 916 cos
2096 863 2360 931 quosdam
2397 878 2679 918 sermones
2712 865 2910 920 habere
2934 867 3087 934 juxta
3121 883 3274 921 suam
3305 868 3553 938 impieta-

1978 962 2108 1006 tem.
2164 953 2344 1019 Quare
2391 955 2536 1008 enim
2591 971 2699 1009 non
2779 957 3097 1027 simpliciter
3147 960 3548 1030 qualiacunque

1977 1045 2236 1098 animalia
2279 1045 2582 1109 immolant,
2629 1045 2720 1100 sed
2752 1047 2940 1113 boves,
2985 1057 3038 1104 et
3086 1064 3269 1114 canes,
3321 1061 3376 1105 et
3423 1067 3550 1106 oves

1973 1137 2218 1204 eligunt?
2281 1135 2748 1203 Quemadmodum
2797 1139 2960 1209 igitur
3014 1143 3349 1197 tremendum
3391 1144 3552 1200 Chri-

1975 1229 2282 1280 stianorum
2330 1230 2658 1286 sacriﬁcium
2708 1232 2859 1301 eligit
2912 1249 3107 1302 panem
3159 1245 3210 1288 et
3248 1235 3454 1300 vinum,
3499 1245 3554 1289 ct

1978 1323 2088 1372 hzec
2111 1319 2330 1388 quidem
2359 1321 2559 1389 profert
2593 1324 2658 1377 ad
2695 1325 3118 1380 sanctilicandos
3149 1341 3242 1381 eos
3289 1328 3380 1396 qui
3429 1343 3554 1397 per-

1976 1421 2182 1479 agunt;
2217 1413 2290 1465 ita
2328 1413 2417 1466 illa
2457 1415 2716 1478 animalia
2762 1419 3060 1472 secundum
3089 1420 3329 1488 ipserum
3363 1421 3556 1489 impie-

1978 1512 2139 1557 tatem
2192 1505 2468 1574 eliguntur
2510 1508 2576 1560 ad
2624 1509 3038 1574 immolandum,
3094 1527 3216 1580 quae
3261 1511 3556 1568 oﬂ‘erentes

1974 1598 2248 1651 asciscant
2313 1598 2649 1653 daemonibus
2719 1602 2812 1670 qui
2862 1603 2930 1656 ab
2979 1604 3114 1672 ipsis
3166 1606 3440 1660 coluntur.
3474 1605 3553 1660 Ne

1976 1689 2122 1742 enim
2159 1704 2261 1744 nos
2294 1693 2530 1760 decipiat
2562 1692 2810 1749 dicentes
2849 1697 2993 1764 quod
3029 1698 3100 1750 ita
3135 1695 3397 1752 fundatur
3429 1714 3555 1753 san-

1978 1781 2118 1849 guis.
2174 1779 2307 1836 Nam
2365 1784 2524 1838 verba
2580 1801 2726 1840 mera
2763 1796 2890 1841 sum
2937 1789 3069 1842 haec.
3117 1789 3221 1843 Sed
3267 1790 3549 1845 sciendum

1980 1869 2137 1924 nobis
2194 1883 2278 1926 est
2331 1875 2658 1930 oblationem
2722 1893 2911 1932 eorum
2974 1879 3087 1933 fieri
3143 1884 3212 1936 ob
3269 1883 3550 1952 mysticam

1977 1964 2271 2030 quamdam
2309 1979 2552 2022 causam.
2577 1967 2716 2034 Quid
2751 1971 2893 2024 enim
2927 1971 3153 2040 impedit
3185 1973 3313 2040 quin
3345 1974 3549 2042 lignum

1978 2055 2252 2119 scindant,
2294 2069 2348 2110 ct
2393 2058 2618 2112 dicant:
2660 2060 2751 2114 Sic
2797 2063 3115 2116 discindar?
3150 2065 3288 2128 Quid
3330 2065 3556 2134 impedit

1976 2146 2108 2214 quin
2163 2163 2437 2216 passerem
2480 2152 2760 2205 immolent
2801 2162 2854 2206 et
2896 2154 3121 2207 dicant:
3169 2155 3242 2209 lta
3288 2171 3438 2211 meus
3471 2159 3554 2211 cf-

1979 2237 2238 2292 fundatur
2268 2243 2535 2310 Sanguis?
2565 2243 2666 2297 Sed
2705 2259 2866 2314 rogos
2913 2247 3217 2301 accendunt
3257 2258 3312 2302 ct
3346 2250 3548 2306 caedem

1981 2329 2187 2386 faciunt
2225 2348 2421 2388 canum
2449 2347 2502 2390 et
2535 2339 2696 2389 boum
2731 2349 2780 2391 et
2818 2339 3022 2392 ovium.

2047 2518 2165 2574 Non
2198 2536 2324 2587 ergo
2350 2521 2481 2576 illud
2513 2523 2827 2579 faciendum
2857 2538 2974 2581 erat
3001 2546 3015 2594 ;
3047 2530 3377 2598 prohibitum
3407 2535 3547 2587 enim

1977 2620 2057 2662 cst
2076 2612 2250 2664 sacris
2275 2615 2577 2668 ranonibus
2601 2624 2652 2667 et
2684 2616 3114 2672 Christianorum
3142 2623 3544 2680 constit"tionc.

1979 2701 2166 2770 Igitur,
2201 2703 2341 2757 sient
2380 2705 2523 2766 dixi,
2563 2723 2668 2758 non
2713 2707 3042 2764 faciendum.
3085 2711 3218 2765 Cum
3251 2726 3432 2769 autem
3467 2717 3548 2770 fa-

1979 2801 2125 2844 ctum
2160 2792 2262 2854 sit,
2314 2807 2655 2862 consequens
2696 2805 2777 2850 est
2829 2807 2886 2850 ut
2934 2810 3194 2867 sequatur
3239 2803 3446 2857 medela
3496 2817 3551 2860 et

1981 2883 2534 2951 pmuissubjiciantur
2556 2886 2646 2954 qui
2671 2887 2980 2942 istiusmodi
3025 2892 3100 2944 rei
3136 2892 3450 2962 adfuerunt,
3485 2911 3555 2952 ne

1979 2975 2298 3029 scandalum
2329 2975 2586 3030 Ecclesiae
2612 2981 2982 3046 superveniat,
3028 2996 3126 3036 nec
3163 2983 3306 3038 illam
3343 2997 3560 3053 pertur-

1981 3066 2129 3121 batio
2161 3076 2214 3121 et
2242 3078 2536 3136 tempestas
2574 3071 2811 3139 amplius
2856 3074 3095 3139 invadat,
3125 3091 3226 3130 nec
3261 3081 3559 3147 reprehen-

1983 3162 2064 3213 sio
2104 3170 2156 3213 ct
2181 3159 2234 3213 in
2271 3163 2522 3229 praesenti
2564 3163 2910 3230 generatione
2943 3177 2996 3220 ct
3041 3169 3093 3221 in
3125 3169 3332 3238 futura,
3367 3174 3558 3228 nobis-

1981 3269 2086 3322 que
2141 3253 2520 3321 peccatoribus
2579 3264 2634 3308 et
2690 3261 2796 3310 tua:
2847 3256 3057 3322 virtuti,
3110 3260 3309 3316 dilecte
3360 3265 3456 3330 ﬁli,
3502 3276 3559 3321 et

1983 3343 2209 3413 reliquis
2261 3345 2756 3402 administrationis
2802 3349 3142 3418 principibus
3192 3352 3555 3423 imprimatur.

1978 3434 2113 3489 Nam
2141 3436 2345 3492 Christi
2375 3445 2566 3492 amans
2597 3439 2894 3508 imperator
2921 3453 3105 3496 ttOstcr
3135 3456 3358 3515 prapter
3380 3449 3555 3505 :etatis

1977 3527 2445 3602 impetd‘ectionem
2483 3538 2538 3584 ct
2583 3546 2765 3586 coram
2806 3532 2913 3586 Deo
2943 3543 2997 3586 ct
3024 3548 3211 3588 coram
3241 3537 3556 3596 hominibus

1977 3627 2206 3681 crimine
2255 3628 2481 3682 carebit.
2525 3623 2636 3682 Nos
2667 3636 2873 3693 autem,
2909 3637 2963 3684 et
2993 3631 3212 3701 quando
3259 3645 3358 3687 nos
3409 3634 3555 3700 dico,

1979 3719 2118 3773 scito
2151 3735 2236 3773 me
2269 3719 2567 3776 Ecclesiam
2609 3721 2792 3777 dicere
2828 3733 2883 3777 et
2913 3734 2964 3778 te
2993 3735 3048 3779 ct
3075 3733 3304 3781 cmtcros
3331 3725 3422 3798 qui
3459 3725 3559 3780 ad-

1979 3811 2372 3867 ministrationi
2419 3823 2677 3882 praesunt,
2743 3824 2796 3869 et
2849 3830 3035 3871 coram
3091 3816 3202 3874 Deo
3257 3828 3313 3874 ct
3367 3835 3554 3876 caram

1978 3903 2296 3958 hominibus
2329 3904 2382 3958 in
2417 3904 2842 3974 reprehensione
2884 3916 2938 3962 ct
2983 3918 3295 3980 contemptu
3325 3912 3552 3970 erimus.

1977 3997 2118 4051 Cura
2153 3994 2339 4064 igitur,
2381 3995 2454 4048 lili
2499 3995 2595 4059 mi,
2647 4004 2706 4048 ut
2735 4011 2798 4050 ea
2825 4014 2944 4067 qua:
2985 4000 3079 4053 tibi
3111 4015 3141 4053 a
3174 4001 3285 4057 Deo
3313 4003 3436 4058 data
3471 4013 3555 4060 est

1976 4086 2260 4157 prudentia
2303 4087 2384 4142 sic
2430 4103 2540 4142 rem
2587 4089 2789 4158 dirigas
2843 4100 2902 4145 ut
2957 4106 3065 4145 non
3108 4095 3553 4162 reprehensionis

1977 4181 2321 4235 occasionem
2347 4180 2617 4251 accipiant
2646 4180 3030 4237 criminatores
3052 4193 3107 4237 et
3127 4183 3554 4244 calumniatores

1977 4288 2121 4342 saepe
2151 4281 2530 4328 convertentcs
2562 4273 2724 4327 etiam
2758 4273 2895 4328 bene
2925 4284 3075 4343 gesta
3111 4277 3165 4330 in
3205 4279 3549 4336 occasionem

1980 4366 2236 4422 Ecclesiae
2271 4366 2362 4421 [rei
2398 4366 2780 4437 praeclaraque
2812 4366 3275 4422 administrationi
3320 4371 3552 4426 maledi-

291 4480 448 4543 λάκις
475 4479 576 4532 καὶ
602 4479 671 4532 τά
701 4479 843 4533 καλὰ
872 4479 1172 4548 πράγματα
1202 4479 1282 4540 εἰς
1306 4477 1366 4530 τὸ
1395 4477 1754 4549 λοιδορεῖσθαι
1777 4480 1873 4532 καὶ

1980 4459 2134 4516 cendi
2154 4469 2206 4513 et
2232 4474 2375 4512 nunc
2394 4468 2446 4513 ct
2472 4461 2522 4512 in
2558 4467 2859 4528 posterum;
2885 4459 2977 4513 sed
3005 4459 3180 4513 sciant
3208 4462 3350 4530 quod
3373 4465 3555 4518 evenit

291 4575 355 4642 τῇ
388 4571 487 4624 τοῦ
537 4570 678 4624 Θεοῦ
725 4570 1028 4642 Ἐκκλησία
1075 4573 1168 4624 καὶ
1201 4572 1266 4641 τῇ
1300 4569 1562 4640 περιδόξῳ
1606 4570 1873 4641 πολιτείᾳ,

295 4666 386 4717 καὶ
433 4664 533 4716 νῦν
590 4662 687 4716 καὶ
738 4661 1068 4732 μετέπειτα·
1101 4661 1238 4716 ἀλλὰ
1277 4661 1486 4731 γνῶσιν
1539 4662 1620 4715 ὅτι
1662 4661 1723 4714 τὸ
1777 4663 1876 4732 μὲν

293 4754 517 4823 γεγονὸς
572 4752 640 4806 δι’
699 4753 948 4825 ἀνάγκην
1004 4753 1264 4820 ἐγένετο,
1322 4748 1391 4827 ἧς
1441 4754 1604 4808 αἴτιοι
1653 4753 1702 4806 οἱ
1747 4753 1875 4817 τοὺς

294 4847 570 4917 πολέμους
615 4845 941 4914 ἀγαπῶντες
983 4846 1076 4897 καὶ
1114 4844 1215 4907 τᾶς
1268 4845 1487 4912 σφαγὰς
1520 4844 1628 4897 τῶν
1659 4843 1874 4914 ἀνθρώ-

287 4955 432 5003 πων,
470 4937 616 5004 λέγω
647 4935 712 5006 δὴ
756 4937 806 4989 oi
835 4935 1152 5006 θεομίσητοι
1186 4935 1519 5006 Βούλγαροι·
1548 4937 1580 5005 ἡ
1618 4935 1675 4988 δὲ
1705 4934 1874 5006 θεραο

289 5029 418 5082 mia
478 5027 926 5097 ἐπηκολούθησεν
979 5029 1044 5080 ὲκ
1109 5029 1208 5098 τῆς
1264 5027 1420 5098 ὑμῶν
1475 5025 1735 5087 εὐσεϐοῦς
1777 5025 1874 5079 καὶ

284 5120 635 5191 εύδιακρίτου
677 5121 1014 5190 φρονήσεως.
1069 5120 1150 5173 Τὰ
1189 5121 1298 5190 γὰρ
1336 5119 1460 5173 κατ’
1500 5119 1750 5188 ἀνάγκην
1784 5137 1873 5190 γι-

289 5214 522 5284 νόμεναῖ
575 5211 906 5283 συγγνώμης
961 5211 1205 5275 ἀξιοῦται
1258 5213 1352 5265 καὶ
1403 5213 1556 5281 παρὰ
1608 5213 1728 5282 Θεῷ
1777 5215 1872 5267 καὶ

289 5303 442 5373 παρὰ
495 5301 812 5372 ἀνθρώποις
858 5305 972 5365 τοῖς
1023 5304 1188 5356 εἰδόσι
1237 5303 1306 5357 τὰ
1358 5303 1680 5376 ἀνθρώπινα
1727 5306 1873 5376 πρά-

289 5413 500 5466 γματα.
544 5396 655 5451 Καὶ
687 5395 797 5468 γὰρ
835 5394 1097 5460 πολλάκις
1126 5396 1217 5451 διὰ
1264 5397 1424 5468 λιμοῦ
1459 5398 1872 5467 ἀνάγκηνάπε-

291 5489 526 5554 γεύσατὸ
558 5505 645 5551 τις
691 5488 802 5542 τῶν
832 5488 1326 5560 ἀπηγορευμένων,
1359 5486 1482 5543 εἶτα
1528 5491 1669 5559 μετὰ
1705 5492 1871 5547 τοῦτο

294 5579 378 5650 τὴν
407 5578 737 5645 ὀφείλουσαν
770 5578 1074 5648 θεραπείαν
1113 5579 1427 5649 δεχόμενος,
1461 5581 1719 5652 οὐδεμίαν
1756 5581 1869 5654 ἔχει

299 5671 520 5741 μέμψιν,
547 5671 632 5723 ὅτι
679 5671 748 5723 δι’
806 5672 1058 5741 ἀνάγκην
1106 5671 1418 5743 ἀκαθάρτου
1455 5673 1599 5736 τινὸς
1640 5676 1872 5744 ἀπεγεύ-

305 5778 442 5817 σατο.
478 5761 671 5826 Οὕτως
694 5761 790 5816 οὖν
836 5764 933 5817 καὶ
962 5763 1120 5816 τοῦτο
1161 5765 1256 5816 ἐὰν
1289 5764 1511 5836 δέξηται
1546 5766 1864 5839 θεραπείαν,

650 5861 923 5922 l’Amoa.
957 5861 1071 5920 Gn.
1115 5859 1239 5920 CXI

1980 4567 2075 4621 per
2091 4551 2472 4606 necessitatem
2492 4550 2761 4616 evenisse,
2785 4551 2945 4620 cujus
2971 4567 3138 4606 causa
3157 4559 3284 4606 sunt
3303 4553 3395 4622 qui
3417 4554 3553 4610 bella

1979 4651 2166 4696 amant
2223 4650 2275 4695 et
2325 4643 2501 4696 centies
2546 4640 2868 4707 hominum,
2923 4642 3031 4695 Deo
3082 4642 3263 4710 invisi,
3309 4645 3552 4712 inquam,

1981 4736 2236 4807 Bulgari;
2273 4735 2574 4790 rcmcdimn
2608 4745 2788 4790 autem
2827 4744 3074 4790 secutum
3109 4733 3277 4791 fuisse
3321 4752 3415 4806 per
3459 4754 3554 4792 ve-

1978 4835 2146 4881 stram
2193 4825 2333 4896 piam
2378 4824 2743 4894 prudentiam.
2791 4824 2921 4889 Quae
2950 4827 3092 4878 enim
3125 4841 3224 4895 per
3257 4829 3555 4883 necessita-

1982 4931 2088 4975 tem
2133 4919 2288 4983 fiunt,
2339 4919 2493 4972 venia
2538 4919 2706 4989 digna"
2745 4926 2877 4973 sunt
2909 4933 3095 4973 coram
3141 4918 3250 4976 Deo
3277 4930 3330 4976 ct
3367 4939 3550 4976 coram

1980 5014 2296 5068 hominibus
2331 5027 2514 5067 rerum
2546 5011 2906 5066 humanarum
2949 5013 3160 5082 peritis.
3208 5014 3362 5085 Sazpe
3405 5016 3552 5069 enim

1979 5114 2198 5176 propter
2229 5104 2390 5158 latinis
2436 5103 2740 5174 urgentiam
2777 5105 3014 5174 gustavit
3045 5105 3167 5175 quis
3197 5121 3280 5160 res
3308 5106 3550 5174 prohibi-

1981 5211 2092 5263 tas;
2138 5198 2332 5252 deinde
2382 5197 2566 5252 debito
2606 5197 2847 5252 remedio
2895 5213 3028 5251 usus
3074 5197 3276 5252 nullam
3325 5199 3553 5254 incurrit

1985 5290 2464 5362 reprehensionem
2488 5291 2615 5360 quia
2654 5301 2872 5360 propter
2905 5291 3280 5345 necessitatem
3312 5293 3548 5346 immun-

1977 5385 2107 5439 dum
2140 5382 2270 5453 quid
2311 5382 2574 5451 gustavit.
2613 5382 2704 5437 Sic
2734 5382 2900 5453 igitur
2931 5392 2982 5436 et
3014 5383 3138 5447 hoc,
3172 5381 3218 5436 si
3251 5385 3550 5440 remedium

1977 5479 2232 5547 accipiat,
2275 5474 2755 5544 irreprehensibile
2783 5481 2866 5529 cst
2894 5481 3111 5543 propter
3141 5474 3549 5543 necessitatem,

1976 5588 2078 5627 nec
2120 5569 2335 5626 crimini
2383 5569 2703 5626 obnoxium.
2743 5567 2837 5622 Sin
2877 5577 3059 5621 autem
3097 5566 3405 5626 incuratum
3437 5587 3555 5627 ma-

1978 5676 2124 5729 neat,
2172 5679 2345 5734 neque
2379 5677 2624 5732 praesens
2653 5659 2932 5730 generatio
2976 5673 3154 5726 neque
3199 5657 3386 5715 futura
3414 5662 3554 5717 irre-

1977 5739 2374 5834 pr'ehcnsihilcs
2407 5776 2506 5814 nos
2535 5755 2748 5812 habebit
2786 5763 2832 5807 et
2866 5753 3095 5810 crimine
3133 5764 3405 5818 carentes.

3157 5853 3195 5910 Θ
