4038 6204
452 304 557 367 967

1568 293 1871 357 NICOLAI
1911 292 2018 353 ΟΡ.
2062 286 2572 350 PATRIARCII/E

3596 284 3703 347 268

453 412 775 482 ἀδιάϐλητον
801 408 886 462 διὰ
919 408 1014 479 τὴν
1061 407 1306 477 ἀνάγκην
1339 406 1431 459 καὶ
1465 405 1856 475 ἀκατάκριτον.
1896 402 2022 455 Ἐάν
2061 400 2116 453 δὲ
2153 400 2311 470 μείνῃ
2345 398 2741 468 ἀθεράπευτον,
2784 395 2907 451 οὔτε
2940 398 2970 469 ὴ
3038 399 3291 469 παροῦσα
3367 400 3549 468 γενεὰ,
3587 401 3706 455 οῦτε

453 515 485 584 ἡ
519 506 655 579 μετά
703 501 877 573 ταῦτα
911 502 1145 572 ἐσομένη
1184 501 1544 569 ἀδιαϐλήτους
1576 499 1725 568 ἡμᾶς
1757 498 1849 549 καὶ
1884 497 2290 566 ἀκατακρίτους
2322 495 2595 549 ἐάσουσιν.

1037 616 1193 671 LVII.
1239 614 1472 671 Incerto.

526 738 726 791 Dilecto
760 735 856 797 fili,
882 749 978 804 pro
1009 730 1273 801 obsequio
1298 738 1351 783 et
1376 727 1677 784 reverentia
1709 741 1873 797 quam
1906 739 2033 795 erga

461 827 548 881 Dei
588 826 887 885 Ecclesiam
923 823 1093 878 habes
1122 832 1180 896 et
1208 831 1263 875 tu
1300 829 1357 875 et
1403 820 1581 875 caeteri
1615 819 1852 873 illustres
1887 815 2032 871 sacri

456 919 640 990 palatii
689 917 985 986 principes,
1034 928 1347 984 precamur,
1400 912 1526 965 licet
1560 920 1896 980 peccatores,
1929 908 2031 963 do-

456 1010 573 1064 nari
624 1010 778 1063 vobis
828 1016 1086 1061 aeternam
1137 1004 1254 1075 ejus
1299 1004 1526 1073 gloriam
1577 1011 1632 1057 et
1668 1002 1952 1066 honorem,
1980 1006 2029 1054 et

456 1100 867 1155 misericordem
910 1096 1202 1151 Dominum
1248 1102 1495 1149 nostrum
1535 1092 1811 1147 Christum
1858 1090 2029 1145 Deum

452 1206 577 1247 esse
628 1188 889 1245 omnibus
944 1187 1140 1243 vestris
1185 1185 1529 1240 orationibus
1582 1182 1925 1248 audientem,
1981 1190 2035 1236 et

455 1284 681 1351 implere
723 1282 992 1337 salutares
1033 1288 1243 1334 vestras
1274 1278 1693 1347 postulationes.
1731 1275 1791 1328 Et
1823 1274 2036 1329 confide

455 1374 899 1429 miserationibus
933 1373 1055 1443 ejus
1105 1372 1176 1424 ita
1215 1369 1330 1425 fore
1367 1369 1420 1422 in
1460 1383 1558 1423 vos
1596 1378 1653 1421 ut.
1700 1375 1754 1421 et
1795 1382 1888 1420 vos
1931 1364 2034 1434 ipsi

455 1469 510 1521 in
557 1476 802 1520 sanctam
863 1466 982 1536 ejus
1030 1463 1334 1518 Ecclesiam
1384 1460 1638 1530 dispositi
1670 1459 1870 1513 fuistis.
1928 1457 2031 1522 Qui

454 1559 600 1611 enim
633 1558 769 1611 dixit
800 1573 814 1609 :
871 1574 888 1607 ι
923 1553 1197 1623 Quidquid
1228 1554 1318 1606 uni
1352 1566 1418 1606 ex
1460 1552 1582 1606 istis
1614 1551 1853 1603 minimis
1888 1548 2034 1603 fece-

455 1650 597 1716 ritis,
630 1651 762 1703 mihi
796 1647 1062 1709 fecistis',
1104 1664 1123 1697 ι
1166 1642 1447 1713 quomodo
1502 1658 1609 1697 non
1645 1654 1879 1697 vestram
1908 1656 2033 1710 erga

453 1751 699 1796 sanctam
748 1740 869 1808 ejus
917 1737 1219 1792 Ecclesiam
1261 1734 1647 1791 verecundiam
1694 1742 1749 1788 et
1794 1732 2035 1788 submis-

455 1834 667 1888 sionem
711 1831 885 1885 multo
928 1831 1099 1899 magis
1143 1826 1488 1898 rependerit?
1537 1826 1643 1881 Sed
1674 1827 1785 1881 haec
1815 1826 2034 1896 quidem

2701 610 2819 662 EZ'.
2868 609 3120 678 'A6:j.lm.

2209 722 2407 778 Τέκνον
2439 743 2541 796 μου
2569 724 2961 796 ἠγαπημένον,
2992 727 3115 779 ἀντὶ
3148 726 3247 795 τῆς
3278 728 3587 792 εὐπειθειας
3616 747 3712 783 και

2134 818 2233 888 τῆς
2264 820 2454 888 τιμῆς,
2486 821 2553 890 ἣν
2579 820 2716 890 πρὸς
2767 821 2866 888 τὴν
2891 818 2981 871 τοῦ
3014 817 3149 871 Θεοῦ
3185 818 3517 887 Ἐκκλησίαν
3543 819 3709 890 ἔχεις,

2134 912 2232 963 καὶ
2260 911 2421 974 αὐτὸς
2458 912 2555 964 καὶ
2592 914 2640 964 οἰ
2669 911 2851 964 λοιποὶ
2886 909 3085 975 ἔνδοξοι
3114 909 3207 961 τοῦ
3242 908 3387 979 ἱεροῦ
3439 904 3709 964 ἓταλατίου

2135 1004 2414 1074 ἄρχοντες,
2445 1003 2716 1073 εὐχόμεθα
2746 1004 2795 1055 εἰ
2825 1004 2923 1056 καὶ
2959 1002 3278 1072 ἁμαρτωλοὶ
3309 1002 3531 1071 δοθῆναι
3578 1004 3709 1071 ὑμῖν

2133 1096 2234 1167 τὴν
2261 1095 2479 1148 αἰώνιον
2532 1096 2690 1162 δέξαν
2726 1096 2893 1148 αὑτοῦ
2946 1097 3039 1148 καὶ
3090 1094 3278 1165 τιμὴν,
3314 1095 3405 1148 καὶ
3451 1091 3592 1149 εἶναι
3617 1097 3709 1149 τὸν

2136 1186 2518 1258 φιλάνθρωπον
2573 1189 2851 1257 Δεσπότην
2884 1186 3114 1256 Χριστὸν
3146 1186 3323 1256 ἡμῶν,
3355 1188 3444 1241 καὶ
3491 1187 3622 1240 Θεὸν
3652 1189 3712 1240 ἐν

2136 1278 2339 1342 πάσαις
2368 1280 2488 1341 ταῖς
2528 1280 2811 1349 αἱτήσεσιν
2847 1278 2999 1347 ὑμῶν
3027 1278 3257 1347 εὐπειθῆ
3300 1278 3395 1331 καὶ
3418 1280 3708 1350 ἐκπληρω-

2134 1369 2235 1441 τὴν
2276 1370 2383 1423 τῶν
2418 1371 2705 1441 σωτηρίων
2752 1370 2907 1441 ὑμῶν
2957 1369 3309 1439 αἰτημάτωνο
3343 1370 3439 1423 καὶ
3471 1370 3714 1423 πιστεύω

2135 1464 2247 1525 τοῖς
2300 1464 2605 1533 οίκτιρμοῖς
2652 1462 2840 1530 αὑτοῦ,
2878 1462 2961 1515 ὅτι
3014 1461 3186 1524 οὕτως
3232 1463 3528 1530 γενήσεται
3580 1463 3714 1530 πρὸς

2137 1555 2303 1625 ὑμᾶς.
2341 1554 2532 1625 ὥσπερ
2572 1556 2668 1608 καὶ
2699 1554 2857 1608 ιιύτολ⁵
2892 1553 3028 1624 πρὸς
3056 1557 3157 1624 τὴν
3189 1555 3351 1621 ἁγίαν
3384 1554 3545 1607 αὑτοῦ
3587 1555 3711 1608 Ἐκο

2135 1647 2364 1718 κλησίαν
2384 1646 2677 1716 διετέθητε.
2708 1646 2765 1698 '0
2796 1646 2905 1714 γὰρ
2933 1645 3127 1709 εἰπὼν,
3162 1664 3179 1697 ι
3205 1645 3320 1713 Ἐφ’
3346 1646 3468 1698 ὅσον
3496 1645 3576 1698 ἐν).
3604 1646 3713 1698 τῶν

2136 1740 2438 1811 ἐλαχίστων
2468 1738 2673 1791 τούτων
2700 1740 3013 1808 ἐποιήσατε,
3041 1740 3165 1807 ἐμοὶ
3194 1738 3505 1808 ἐποιήσατε,
3536 1756 3555 1789 ι
3590 1738 3708 1801 πῶς

2137 1832 2260 1902 οὐχὶ
2297 1832 2396 1902 τὴν
2448 1831 2587 1903 πρὸς
2630 1833 2728 1895 τὴν
2772 1832 2934 1899 ἁγίαν
2966 1830 3131 1883 αὐτοῦ
3169 1831 3493 1903 Ἐκκλησίαν
3544 1832 3712 1901 τιμὴν

454 1925 522 1980 de
575 1936 757 1979 vestra
807 1926 863 1977 in
915 1922 1084 1977 Deum
1126 1922 1265 1975 bona
1311 1922 1612 1975 voluntate.
1669 1918 1805 1975 Tres
1849 1928 2034 1973 autem

2140 1927 2291 1997 ὑμῶν
2315 1928 2409 1979 καί
2440 1927 2718 1994 ὑποταγὴν
2740 1926 3037 1996 ἀμείψεται
3061 1926 3483 1990 πολλαπλασίως
3503 1945 3518 1993 ;
3555 1927 3714 1982 Ἀλλὰ

458 2017 854 2084 metropolitas,
886 2014 1017 2083 quia
1058 2013 1371 2083 principum
1422 2010 1716 2065 multitudo
1764 2024 1874 2063 non
1906 2008 2034 2064 sinit

459 2118 518 2164 ut
549 2109 615 2162 ad
652 2122 753 2162 nos
792 2107 1035 2171 veniant,
1064 2105 1341 2159 mittemus
1376 2104 1465 2172 qui
1512 2103 1565 2157 in
1615 2115 1775 2156 sacro
1806 2100 2033 2172 palatio,

456 2216 644 2256 coram
675 2210 746 2263 te,
781 2200 853 2253 fili
899 2199 997 2265 mi,
1040 2205 1095 2252 et
1127 2195 1446 2267 conspicuis
1476 2194 1836 2265 principibus,
1874 2202 2037 2263 quot-

454 2302 590 2363 quot
616 2294 821 2346 inventi
851 2291 1075 2356 fuerint,
1111 2289 1394 2344 definitam
1430 2301 1650 2358 poenam
1679 2286 1830 2341 vobis
1860 2286 2032 2356 signi-

456 2388 639 2441 ticent.
682 2385 819 2439 Illud
864 2392 1046 2437 autem
1089 2393 1142 2437 et
1170 2398 1265 2437 vos
1299 2380 1670 2445 contristabit,
1709 2395 1816 2434 non
1851 2388 2033 2433 autem

454 2480 715 2546 offendet,
745 2489 798 2533 et
828 2480 893 2535 iis
926 2478 1017 2548 qui
1051 2484 1245 2531 contra
1279 2474 1579 2530 Ecclesium
1628 2474 1721 2528 Dei
1746 2475 2036 2543 insurgunt

454 2570 782 2624 seditionum
817 2568 962 2622 viam
1013 2564 1361 2621 intercludet.
1398 2565 1599 2619 lterum
1648 2574 1830 2619 autem
1870 2565 2032 2620 dico:

455 2662 599 2717 Deus
630 2661 724 2730 qui
752 2668 971 2730 propter
1014 2659 1246 2714 salutem
1280 2657 1504 2711 humani
1550 2657 1762 2726 generis
1799 2655 2041 2725 crucifigi

455 2769 516 2809 se
565 2754 758 2818 voluit,
807 2769 906 2821 pro
953 2761 1135 2805 vestra
1185 2750 1520 2820 benignitate
1566 2756 1622 2804 et
1669 2748 1895 2803 salutari
1944 2747 2037 2800 illa

452 2845 766 2898 humilitate
793 2843 994 2897 exaltet
1018 2852 1071 2895 et
1093 2841 1161 2895 ad
1192 2842 1397 2896 bonum
1422 2840 1632 2895 exitum
1650 2838 1849 2910 dirigat
1876 2838 2039 2908 quid-

457 2935 586 3004 quid
610 2933 880 3004 cogitatis,
917 2931 1103 2995 vultis,
1139 2932 1320 3000 agitis.

2139 2019 2316 2073 ταῦτα
2350 2018 2448 2088 μὲν
2486 2021 2616 2086 περὶ
2643 2017 2743 2088 τῆς
2782 2016 3067 2088 θεοφιλοῦς
3128 2018 3281 2089 ὑμῶν
3316 2020 3714 2091 προαιρέσεως·

2144 2108 2546 2181 μητροπολίτας
2579 2110 2635 2162 δὲ
2688 2110 3107 2179 ἀποστελοῦμεν
3156 2112 3345 2179 τρεῖς,
3406 2112 3528 2163 ἐπεὶ
3580 2110 3715 2181 πρὸς

2139 2203 2289 2273 ἡμᾶς
2321 2203 2380 2255 τὸ
2410 2202 2613 2271 πλῆθος
2634 2201 2742 2256 τῶν
2767 2202 3045 2272 ἀρχόντων
3064 2203 3309 2256 ἀνελθεῖν
3335 2204 3436 2255 οὐκ
3458 2204 3709 2275 ἐγχωρεῖ,

2142 2294 2229 2347 ἵνα
2286 2296 2484 2347 ἐκεῖνοι
2516 2296 2574 2346 ἐν
2604 2294 2681 2363 τῷ
2740 2295 2871 2366 ιερῷ
2930 2295 3179 2366 παλατίῳ
3229 2296 3568 2350 κατενώπιόν
3597 2312 3714 2359 σου,

2141 2384 2329 2439 τέκνον
2354 2385 2534 2456 ἡμῶν,
2566 2388 2661 2439 καὶ
2704 2387 2813 2439 τῶν
2843 2387 3224 2457 περιϐλέπτων
3275 2387 3575 2458 ἀρχόντων,
3601 2387 3717 2440 ὅσοι

2141 2476 2208 2532 ἂν
2241 2478 2507 2550 εὑρεθῶσι
2534 2478 2595 2531 τὸ
2628 2479 2846 2552 ὁρισθὲν
2879 2481 3159 2549 ἐπιτίμιον
3187 2480 3527 2552 γνωρίσωσιν
3563 2479 3713 2549 ὑμῖν.

2141 2567 2312 2623 Τοῦτο
2337 2569 2393 2623 δὲ
2421 2570 2574 2623 ἔσται
2606 2572 2700 2625 καὶ
2731 2572 2876 2642 ὑμᾶς
2916 2572 3142 2637 λυποῦν,
3179 2572 3313 2643 μηδὲ
3345 2572 3439 2623 καὶ
3462 2570 3718 2641 βαρῦνον,

2143 2663 2237 2715 καὶ
2283 2664 2396 2725 τοῖς
2432 2663 2693 2727 πολλάκις
2755 2664 2897 2718 κατά
2942 2663 3037 2733 τῆς
3091 2663 3417 2734 Ἐκκλησίας
3452 2663 3544 2715 τοῦ
3577 2661 3716 2716 Θεοῦ

2144 2753 2497 2825 ἐφεδρεύουσι
2528 2757 2622 2809 καὶ
2650 2756 2995 2826 κινουμένοις
3017 2757 3310 2809 ἀποκλεῖον
3335 2754 3435 2825 τὴν
3466 2754 3680 2825 κίνησιν
3700 2768 3716 2783 ο

2145 2845 2241 2897 καὶ
2288 2846 2450 2899 πάλιν
2479 2847 2535 2899 δέ
2587 2864 2762 2918 φημι·
2800 2849 2897 2919 Είη
2929 2851 2956 2901 ὀ
2987 2848 3118 2911 Θεὸς
3146 2850 3173 2902 ὁ
3203 2847 3289 2900 διὰ
3318 2847 3415 2918 τὴν
3443 2845 3721 2917 σωτηρίαν

2145 2936 2241 2989 τοῦ
2280 2938 2472 3007 γένους
2504 2940 2613 2992 τῶν
2655 2940 2962 3011 ἀνθρώπων
2993 2940 3371 3012 σταυρωθῆναι
3423 2936 3723 3002 καταδεξά-

461 3045 620 3098 μενος
660 3027 783 3081 ἀντὶ
824 3026 922 3096 τῆς
968 3023 1271 3088 ἐπιεικείας
1306 3023 1482 3095 ὑμῶν,
1511 3026 1607 3079 καὶ
1637 3025 1734 3096 τῆς
1765 3023 2035 3096 σωτηρίου
2075 3028 2279 3102 ταύτης
2310 3032 2801 3099 ὑποκατακλίσεως
2862 3034 3082 3105 ἀνυψὼν
3117 3037 3210 3089 καί
3277 3033 3586 3097 κατευοδῶν
3621 3032 3719 3087 καὶ

457 3125 526 3177 τὰ,
577 3122 904 3194 φρονήματα
960 3118 1117 3190 ὑμῶν
1172 3117 1266 3170 καὶ
1297 3117 1366 3170 τὰ
1416 3116 1765 3188 βουλεύματα
1818 3118 1915 3171 καὶ
1963 3117 2033 3172 τὰ
2072 3123 2399 3195 πράγματα.

1009 3231 1242 3288 LXVIII.
1277 3231 1509 3287 Incerto.

527 3353 790 3412 Perlectis
820 3353 928 3407 tuis
955 3351 1178 3414 litteris,
1207 3348 1279 3401 lili
1310 3356 1516 3413 noster,
1547 3348 1786 3416 primum
1815 3347 2040 3420 quidem

457 3452 525 3504 de.
579 3440 1141 3502 circumvenientibus
1195 3453 1294 3493 vos
1356 3439 1624 3506 angustiis
1691 3438 2041 3493 vehementer

460 3542 641 3596 animo
681 3538 978 3593 doluimus.
1013 3532 1299 3599 Quomodo
1342 3532 1486 3586 enim
1524 3546 1631 3586 non
1666 3530 1897 3609 multum
1943 3529 2042 3583 do-

459 3634 680 3689 lendum
732 3631 888 3685 nobis
929 3627 1121 3682 fuisset
1168 3625 1518 3680 audientibus
1551 3624 1605 3678 in
1635 3621 1831 3676 talibus
1872 3619 2042 3675 mole-

462 3727 584 3781 stiis
618 3734 668 3779 te
698 3722 881 3786 obrui,
909 3720 981 3774 lili
1014 3712 1357 3774 noster?Sed
1392 3718 1696 3771 litterarum
1721 3723 1937 3768 tuarum
1963 3714 2043 3768 ul-

462 3821 593 3873 tima
652 3815 817 3869 verba
886 3813 1044 3866 nobis
1120 3808 1374 3866 solamini
1438 3806 1695 3872 fuerunt,
1758 3821 1881 3861 cum
1940 3821 2040 3861 nos

461 3912 725 3967 certiores
758 3906 988 3961 fecerint
1022 3904 1111 3958 illa
1143 3902 1381 3957 dillicilia
1443 3899 1538 3955 Dei
1569 3899 1742 3969 gratia
1772 3898 2038 3968 dirempta

463 4017 583 4058 esse
614 3999 878 4071 pericula,
922 4006 1082 4065 teque
1134 4002 1449 4062 susceptum
1490 4006 1613 4045 cum
1666 3990 1842 4046 salute
1872 3990 2042 4046 fuisse

462 4095 519 4149 in
536 4091 981 4148 Chersonitarum
1004 4087 1154 4142 urbe.
1181 4084 1246 4139 Et
1274 4099 1487 4140 summe
1510 4083 1685 4139 bonus
1708 4082 1875 4147 Deus,
1902 4098 2041 4153 quo-

465 4188 609 4241 niam
666 4184 798 4238 nihil
845 4183 988 4252 apud
1038 4180 1287 4234 homines
1329 4177 1556 4248 planum
1583 4186 1665 4232 est
1697 4190 1798 4230 nec
1829 4174 2040 4229 vicissi-

464 4280 669 4336 tudinis
711 4282 927 4347 ciipers,
958 4275 1037 4329 sic
1087 4286 1232 4326 tuam
1265 4270 1498 4325 deducat
1531 4269 1697 4322 vitam
1747 4276 1807 4321 ut
1849 4267 2040 4321 ultima

467 4386 683 4430 tuarum
749 4372 1051 4425 litterarum
1118 4365 1281 4419 verba
1342 4362 1503 4416 nobis
1551 4359 2039 4415 annuntiaverunt.

468 4466 622 4533 Quod
676 4463 742 4515 ad
801 4461 1118 4529 episcopum
1169 4454 1468 4509 Chersonis
1525 4453 1740 4520 attinet,
1792 4450 2042 4506 meminit

467 4566 559 4610 tua
593 4553 862 4622 sapientia
903 4563 1002 4602 nos
1036 4546 1257 4616 proprio
1304 4558 1399 4600 ore
1438 4542 1666 4608 dixisse,
1712 4552 1767 4597 et
1811 4557 1905 4612 per
1941 4542 2040 4596 has

2710 3242 2841 3296 sua
2888 3241 3130 3311 Ὰδήνίφ.

2215 3358 2301 3422 Τά
2327 3354 2633 3427 γραμματά
2654 3373 2773 3422 σου,
2797 3355 2991 3410 τέκνον
3020 3355 3201 3427 ἡμῶν,
3223 3351 3716 3423 ἀναγινώσκοντες,

2143 3450 2358 3519 πρῶτον
2393 3449 2492 3515 μὲν
2531 3449 2624 3501 ἐπὶ
2668 3451 2791 3512 ταῖς
2823 3448 3262 3510 καταλαϐούσαις
3292 3447 3435 3515 ὑμᾶς
3486 3445 3719 3515 χαλεπό-

2141 3557 2299 3611 τησιν
2323 3539 2677 3610 ὡδυνὴθημεν
2711 3540 2959 3609 σφοδρῶς
3014 3540 3114 3609 τὴν
3169 3538 3418 3608 καρδίαν.
3451 3537 3573 3598 Πῶς
3603 3534 3717 3604 γάρ

2141 3633 2241 3685 οὐκ
2269 3630 2570 3701 ἐμέλλομεν
2605 3631 2841 3701 σφοδρὰν
2867 3632 3121 3701 δέχεσθαι
3162 3632 3259 3703 τὴν
3303 3628 3497 3698 ὀδύνην
3537 3628 3723 3680 τοιού-

2142 3741 2255 3787 τοις
2286 3723 2482 3777 πάθεσι
2526 3723 2887 3794 μανθάνοντες
2949 3722 3382 3793 ἐμπεπτωκέναι
3415 3738 3498 3783 σε,
3524 3721 3718 3772 τέκνον

2143 3816 2330 3887 ἡμῶνς
2395 3815 2555 3869 Ἀλλὰ
2608 3818 2679 3869 τά
2731 3815 2827 3879 τοῦ
2881 3817 3209 3886 γράμματος
3263 3814 3468 3885 ἔσχατα
3513 3813 3720 3866 ἔδωκεν

2143 3912 2481 3965 ἀναπνεῦσαι
2509 3911 2639 3980 ἡμῖν
2656 3909 2978 3963 διδάσκοντα
3002 3906 3137 3959 Θεοῦ
3171 3907 3354 3977 χάριτι
3392 3905 3515 3967 τοὺς
3549 3903 3717 3973 χαλε-

2144 4000 2277 4063 ποὺς
2305 4000 2547 4060 ἐκείνους
2581 3997 2926 4052 διαλελύσθαι
2958 3994 3259 4059 κινδύνους,
3292 3994 3385 4048 καὶ
3427 3994 3526 4062 τὴν
3558 3993 3721 4061 ὑμῶν

2145 4092 2286 4162 μετὰ
2316 4092 2591 4163 σωτηρίας
2618 4090 2925 4161 κατάληψιν
2956 4089 3013 4141 ἐν
3057 4093 3121 4159 τῇ
3185 4087 3291 4141 τῶν
3351 4085 3718 4157 Χερσωνιτῶν

2142 4184 2328 4238 πόλει*
2363 4186 2458 4238 καὶ
2508 4185 2598 4255 εἴη
2626 4186 2652 4237 ὁ
2688 4182 3036 4253 ὑπεράγαθος
3080 4180 3234 4243 Θεὸς,
3266 4181 3388 4233 ἐπεὶ
3421 4178 3573 4231 οὐδὲν
3603 4176 3715 4229 τῶν

2142 4278 2199 4329 ἐν
2224 4276 2531 4346 ἀνθρώποις
2554 4276 2757 4347 ὁμαλὸν
2779 4275 2899 4327 οὐδὲ
2917 4275 3086 4345 χωρὶς
3117 4272 3514 4344 περιστάσεως,
3535 4267 3713 4330 οὓτως

2141 4368 2239 4439 τὴν
2300 4370 2398 4440 σὴν
2442 4369 2707 4435 διεξάγων
2757 4366 2939 4437 ζωὴν,
2970 4367 3162 4436 ὥσπερ
3231 4366 3301 4419 τὰ
3350 4364 3558 4434 ἔσχατα
3610 4359 3714 4413 τοῦ

2141 4459 2470 4529 γράμματος
2504 4460 2647 4529 ἡμᾶς
2680 4457 2982 4523 ἀνεδίδαξε.
3011 4458 3145 4527 Περὶ
3179 4455 3237 4509 δὲ
3282 4455 3378 4510 τοῦ
3411 4453 3716 4509 ἐπισκόπου

2140 4550 2243 4619 τῆς
2290 4549 2577 4618 Χερσῶνος
2624 4548 2898 4619 μέμνηται
2939 4564 3033 4600 σου
3065 4550 3098 4618 ή
3130 4547 3310 4618 ἀγαθὴ
3354 4546 3594 4610 σύνεσις,
3628 4546 3718 4598 ὃτι

467 4644 678 4696 litteras
714 4653 858 4691 nunc
901 4636 1065 4690 etiam
1112 4644 1301 4688 notum
1336 4633 1586 4694 facimus,
1622 4647 1746 4695 nos,
1776 4647 1898 4686 cum
1932 4632 2037 4687 huc

2144 4642 2238 4693 καὶ
2287 4640 2516 4711 στόματι
2563 4641 2752 4711 οἰκείῳ
2786 4640 3325 4711 προσωμιλήσαμεν,
3359 4639 3455 4692 καὶ
3482 4638 3577 4691 νῦν
3614 4637 3717 4706 δη-

466 4748 497 4788 a
550 4732 815 4786 Cliazar'za
868 4726 1189 4783 devenerint
1251 4726 1571 4795 episcopum
1628 4730 1896 4794 petentes,
1943 4723 2038 4794 qui

468 4823 869 4880 ordinationem
911 4819 1354 4889 presbyterorum
1408 4817 1483 4871 ibi
1530 4817 1831 4885 perficeret,
1861 4817 1954 4869 sed
1987 4824 2042 4869 et

466 4918 535 4972 de
563 4929 695 4986 pura
722 4912 1156 4967 Christianorum
1183 4910 1286 4964 fide
1315 4909 1615 4977 susciperet
1648 4907 2038 4971 ministerium,

468 5008 809 5077 designatum
842 5002 1139 5056 Chersonis
1167 5000 1639 5069 archiepiscOpum
1674 4999 1890 5055 misisse
1917 5000 2034 5070 qui,

468 5102 583 5157 Deo
625 5095 792 5153 simul
839 5101 1191 5164 cooperante,
1242 5093 1562 5147 Chazariam
1616 5093 1789 5147 adiret
1821 5104 1874 5147 et
1918 5109 2039 5164 quae

470 5192 543 5247 ibi
586 5203 723 5261 opus
766 5186 967 5241 fuerint
1019 5183 1451 5251 administraret,
1496 5185 1691 5240 deinde
1741 5185 1807 5238 ad
1852 5184 2039 5238 sedem

468 5295 567 5350 pro
614 5294 718 5348 qua
769 5275 1089 5345 designatus
1140 5284 1259 5328 erat
1311 5266 1698 5338 reverteretur,
1732 5275 1785 5328 id
1831 5283 1938 5337 est,
1971 5272 2039 5326 ad

470 5368 652 5420 sedem
714 5364 1035 5420 Chersonis.
1080 5362 1148 5417 Et
1195 5372 1250 5416 tu
1296 5364 1522 5417 omnino
1572 5364 1729 5432 quasi
1780 5363 2040 5418 Ecclesiae

471 5458 615 5510 filius
646 5468 758 5511 toto
780 5458 964 5511 animo
994 5456 1251 5510 incumbe
1300 5465 1357 5510 ut
1399 5470 1696 5512 concurras
1729 5466 1783 5511 ct
1807 5457 1874 5511 ad
1902 5471 2040 5526 opus

469 5546 748 5602 Chazaria
792 5558 846 5603 et
887 5548 955 5602 ad
1007 5548 1460 5604 constitutionem
1514 5547 2040 5621 collocationemque

538 5728 559 5761 ²
584 5724 770 5782 Μοιιιι.
804 5743 946 5798 t-xv,
976 5728 1069 5785 I0.

2143 4730 2345 4800 λοῦμεν
2385 4731 2470 4783 διά
2513 4730 2608 4784 τοῦ
2660 4729 3010 4801 γράμματος,
3038 4731 3120 4783 ὅτι
3158 4730 3265 4783 τῶν
3294 4729 3402 4783 ἀπὸ
3431 4728 3716 4798 Χαζαρίας

2144 4821 2281 4892 πρὸς
2310 4822 2380 4874 τά
2412 4820 2649 4875 ἐνταῦθα
2702 4820 3120 4874 καταλαϐόντων
3157 4822 3457 4875 ἐπίσκοπον
3492 4823 3715 4890 ἐξαιτη-

2145 4914 2417 4983 σαμένων,
2436 4912 2579 4966 ὥστε
2610 4914 2946 4984 χειροτονίας
2967 4913 3147 4967 ἐκεῖσε
3180 4916 3566 4985 πρεσϐυτέρων
3591 4916 3717 4968 ὲπιο

2142 5003 2378 5071 τελέσαι,
2408 5004 2654 5057 ἀλλὰκαὶ
2672 5006 2799 5073 περὶ
2827 5004 2928 5073 τῆς
2959 5005 3207 5077 καθαρᾶς
3229 5006 3338 5059 τῶν
3370 5004 3715 5077 Χριστιανῶν

2147 5097 2383 5158 πίστεως
2450 5092 2811 5158 ἀναδέξασθαι
2865 5093 2963 5163 τὴν
3018 5093 3315 5159 διακονίαν,
3380 5097 3470 5147 τὸν
3532 5095 3592 5147 ἐν
3644 5097 3712 5164 τῇ

2146 5186 2396 5254 Χερσῶνι
2422 5183 2798 5254 προϐληθέντα
2826 5165 3259 5254 ἀρχιεπίσκοπον
3288 5185 3713 5257 ἀπεστείλαμεν,

2145 5276 2285 5328 ὥστε
2329 5275 2465 5328 Θεοῦ
2510 5275 3123 5348 συνεπιλαμϐανομένου
3154 5278 3418 5333 ἀπελθεῖν
3445 5279 3545 5349 μὲν
3577 5279 3717 5348 πρὸς

2141 5366 2240 5437 τὴν
2262 5366 2567 5439 Χαζαρίαν,
2595 5369 2689 5421 καὶ
2710 5369 2808 5422 ὅσα
2827 5369 2944 5422 ἐκεῖ
2964 5369 3147 5439 δεήσει
3173 5369 3716 5442 ἐξυπηρετήσισθαι,

2142 5457 2261 5513 εἶτα
2300 5460 2434 5530 πρὸς
2462 5459 2521 5513 ὃν
2551 5460 2865 5533 προεϐλήθη
2891 5461 3080 5533 θρόνον
3103 5463 3440 5530 ἐπανελθεῖν,
3465 5463 3723 5517 τουτέστι

2146 5551 2283 5625 πρὸς
2313 5551 2401 5608 τὸν
2429 5552 2526 5625 τῆς
2574 5553 2884 5626 Χερσῶνος.
2936 5553 3041 5607 Καὶ
3075 5556 3293 5619 πάντως
3330 5554 3405 5618 ὡς
3445 5553 3545 5624 τῆς
3590 5552 3718 5606 Ἐκυ
