4038 6204
408 220 516 283 26')

1868 238 1985 298 EPl
2000 240 2275 301 STOLfE.
2320 297 2324 301 «

3558 256 3665 318 ετο

414 342 643 412 κλησίας
678 341 811 408 υἱὸς,
844 342 987 397 οὕτω
1034 345 1436 418 προθυμὴθητι,
1474 352 1567 402 καὶ
1600 351 1675 422 τῷ
1710 353 1844 425 πρδς
1894 358 1967 424 τὴ

2068 360 2492 433 archiepiscopi
2544 365 2598 420 in
2656 384 2752 423 sua
2808 371 2958 435 sede,
3009 374 3168 429 rebus
3217 375 3497 433 Chazaria‘.
3539 395 3662 435 cuiu

411 430 696 501 Χαζαρίαν
722 432 869 503 ἔργῳ
896 434 1373 501 συναγωνίσασθαι
1412 439 1504 490 καὶ
1544 442 1610 510 τῇ
1649 445 1984 497 καταστάσει

410 524 504 574 καὶ
534 522 805 593 ἐνιδρύσει
837 523 932 578 τοῦ
970 526 1408 596 ἀρχιεπισκόπου
1454 531 1592 599 πρὸς
1641 533 1733 586 τὶν
1781 536 1985 590 οίκεῖον

409 609 617 680 θρόνον,
655 614 879 668 ἐπειδὰν
926 614 1063 685 πρὸς
1122 615 1221 686 τὴν
1279 617 1563 689 Χαζαρίαν
1601 624 1738 677 Θεοῦ
1782 642 1980 697 συνερ-

407 700 628 771 γοῦντος
656 706 941 778 ἐκτελέσῃ.
977 708 1078 777 Εἴη
1112 708 1169 761 δὲ
1198 709 1436 778 Χριστὸς
1465 714 1493 763 ό
1523 712 1656 777 θεὸς
1690 717 1848 787 ἡμῶν
1908 721 2002 772 καὶ
2070 723 2258 778 αὐτόθι
2299 729 2589 801 εὐδόκιμόν
2621 751 2679 786 σε
2709 735 2944 803 δεικνὺς,

2103 449 2193 503 Dei
2242 454 2448 506 auxilio
2493 457 2767 525 perfectis.
2812 462 3063 519 Christus
3091 475 3271 520 autem
3308 467 3449 523 Deus
3480 480 3665 526 noster

2096 549 2152 595 et
2180 549 2231 597 te
2258 544 2330 598 ibi
2370 546 2745 605 honorabilem
2790 556 3004 621 reddat,
3050 568 3103 612 et
3138 557 3247 612 huc
3278 559 3373 613 tibi
3402 562 3665 619 concedat

2095 648 2215 687 cum
2243 625 2419 693 salute
2450 641 2708 698 reditum.

3012 741 3109 794 καὶ
3158 742 3258 811 τὴν
3310 693 3552 816 πρὸς-,τά
3581 744 3665 798 ἐν.

406 793 579 848 ταῦοα
640 798 998 869 χαριζόμενός
1066 816 1147 852 σοι
1226 802 1365 867 μετά
1418 806 1695 876 σωτηρίας
1778 810 2135 883 ἀνακομιδήν.
2174 868 2199 877 ,

508 908 631 968 ἔθ’.
668 918 846 971 Δαϐίδ
891 925 1288 992 Καμοιυλιανῷ
1340 933 1876 999 πρωτοσπαθαρίῳ.

486 1023 554 1075 Ἀ
584 1023 848 1096 ἔγραψας,
880 1031 1069 1086 τέκνον
1100 1036 1258 1105 ἡμῶν
1289 1038 1672 1109 ἠγαπημένον,
1697 1048 1825 1114 περὶ
1856 1046 1983 1111 τῶν,

406 1117 506 1169 οὐκ
534 1112 653 1171 οἴδα
694 1120 811 1183 πῶς
845 1122 1012 1190 εἴπω,
1077 1128 1244 1199 μανίᾳ
1282 1130 1315 1199 ἢ
1362 1133 1735 1205 μισανθρώπῳ
1772 1112 1987 1208 δαίμονι

406 1212 544 1278 πρὸς
600 1211 699 1281 τὴν
753 1213 1121 1283 ἀπάνθρωπον
1155 1221 1354 1290 πρᾶξιν
1419 1226 1855 1293 συνελαθέντων,
1908 1230 2031 1299 είς⁸

408 1297 718 1370 ὑπόμνησιν
763 1301 858 1354 τοῦ
898 1302 1181 1373 βασιλικοῦ
1210 1310 1478 1381 ἀνηνέχθη
1526 1312 1803 1384 κράτους⁶
1839 1316 1982 1387 πλὴν

406 1389 498 1441 καὶ
549 1390 656 1461 πρὸ
686 1391 786 1460 τῆς
841 1394 1118 1467 ἡμετέρας
1176 1400 1535 1473 ὑπομνήσεως
1580 1405 1648 1459 δι’
1702 1407 1983 1478 ἀναφορᾶς

404 1480 561 1550 ὑμῶν
610 1484 645 1554 ή
691 1484 803 1539 τῶν
847 1478 1206 1560 πραχθέντων
1269 1495 1331 1547 οὐ
1381 1496 1693 1551 διελάνθανε
1756 1500 1981 1564 τούτους

402 1574 625 1643 γνῶσις.
674 1578 1153 1650 Παρεκελεύσαντο
1187 1582 1282 1641 οὖν
1304 1592 1369 1659 τῇ
1408 1592 1801 1664 ἐντρεχεστάτῃ
1851 1611 1979 1648 συν-

402 1666 517 1719 έσει
562 1684 682 1735 σου,
723 1670 800 1734 ὥς
854 1688 918 1739 γε
950 1673 1320 1746 ὑπολαμὸἀνω
1352 1680 1451 1733 σὺν
1478 1681 1556 1751 τῷ
1581 1682 1980 1755 θεοφιλεστάτῳ

402 1758 500 1828 τῆς
540 1760 769 1830 Ἐφέσου
807 1764 1224 1838 ἀρχιεπισκόπῳ
1269 1771 1603 1841 ποιήσασθαι
1638 1774 1739 1842 τὴν
1772 1775 1978 1832 τούτων

401 1852 711 1923 ἐπίσκεψιν.
758 1855 919 1910 Ἀλλά
966 1860 1098 1928 περὶ
1140 1860 1241 1931 μὲν
1290 1863 1497 1919 τούτων
1540 1865 1733 1930 οὕτως.
1781 1868 1979 1937 Ἡμεῖς

396 1942 457 1995 δὲ
487 1946 582 1997 καὶ
613 1945 806 2017 πρώην
830 1948 1028 2014 ἰδόντες
1053 1951 1153 2022 τὴν
1183 1952 1283 2023 σὴν
1316 1954 1659 2027 τελειοτάτην
1687 1958 1973 2028 φρόνησιν,

401 2034 494 2087 καὶ
522 2034 620 2089 νῦν
652 2038 991 2103 αὐξάνουσαν
1021 2042 1237 2123 ἔχοντες
1266 2045 1357 2099 διὰ
1397 2046 1505 2100 τῶν
1540 2048 1792 2118 πράξεων
1821 2050 1977 2121 ὑμῶν

397 2127 498 2196 τὴν
523 2132 655 2202 περὶ
677 2131 772 2185 σοῦ
789 2134 1011 2202 γνῶσιν,
1038 2137 1312 2211 εὐχόμεθα
1342 2142 1391 2193 εἰ
1424 2141 1517 2195 καὶ
1540 2143 1857 2214 ἁμαρτω).οὶ
1884 2144 1973 2199 διὰ

398 2221 597 2285 παντός
618 2240 677 2276 σε
706 2226 772 2294 τῇ
802 2225 896 2279 τοῦ
928 2227 1062 2280 Θεοῦ
1099 2229 1407 2300 ὁδηγεῖσθαι
1437 2232 1589 2304 δεξιᾷ
1619 2235 1677 2287 ἐν
1702 2236 1867 2289 πᾶσιν
1889 2229 1970 2299 οἷς

397 2313 628 2387 πορεύῃ,
660 2318 758 2371 καὶ
789 2318 893 2373 ὑπὸ
920 2320 1017 2390 τῆς
1051 2322 1258 2376 ἀνωθεν
1302 2324 1397 2377 τοῦ
1448 2325 1606 2394 ἁγίου
1646 2327 1967 2398 Πνεύματος

394 2405 683 2472 ἐπιπνοίας
713 2409 1054 2481 κινούμενον,
1089 2414 1277 2468 ἐκεῖνα
1301 2416 1393 2468 καὶ
1415 2418 1634 2487 φρονεῖν
1664 2419 1756 2470 καὶ
1795 2420 1964 2488 πράτ-

2245 938 2432 994 LXIX.
2468 940 2664 996 Davidi
2699 946 3014 1002 Camuliano
3063 956 3509 1021 protospatlrario.

2156 1047 2288 1114 Quae
2343 1051 2633 1120 scripsrsti,
2676 1054 2870 1111 dilecte
2896 1057 3075 1123 lili,uc
3109 1077 3175 1114 ns
3202 1063 3318 1132 qui,
3365 1064 3553 1119 nescio
3594 1080 3661 1120 au

2084 1139 2297 1195 insania
2323 1142 2501 1198 dicam
2522 1158 2592 1199 an
2620 1147 2763 1202 malo
2787 1148 3036 1205 dazmone
3062 1153 3126 1205 ad
3151 1166 3306 1208 actus
3331 1155 3663 1213 inhumanos

2088 1228 2309 1300 impulsi
2358 1242 2510 1299 sunt,
2575 1235 2642 1290 ad
2697 1252 2860 1294 aures
2908 1240 3289 1310 imperatorias
3347 1254 3654 1311 venerunt;

2086 1332 2446 1393 praeterquam
2492 1330 2637 1396 quod
2677 1337 2731 1382 et
2771 1341 2894 1385 ante
2947 1346 3188 1389 nostram
3221 1339 3651 1395 admonitionem

2098 1427 2195 1481 per
2224 1424 2464 1469 vestram
2515 1420 2915 1487 expositionem
2951 1441 3058 1478 non
3083 1442 3178 1480 eos
3207 1429 3362 1483 latuit
3388 1428 3656 1485 factorum

2087 1505 2301 1559 notitia.
2333 1507 2731 1566 Mandavcrunt
2762 1514 2927 1583 igitur
2961 1532 3190 1573 summa:
3232 1530 3337 1576 tuae
3379 1524 3661 1592 sapientia:

2086 1612 2211 1651 cum
2257 1599 2350 1653 Dei
2398 1604 2779 1660 amantissimo
2829 1607 3030 1678 Ephesi
3083 1613 3496 1684 archiepiscopo
3543 1616 3657 1674 lieri

2086 1686 2318 1742 istorum
2363 1693 2854 1751 examinationem.
2897 1697 3002 1752 Sed
3046 1700 3120 1754 ita
3171 1703 3238 1756 de
3286 1704 3389 1758 his.
3424 1703 3535 1761 Nos
3564 1721 3661 1760 au-

2084 1785 2191 1832 tem
2226 1788 2282 1834 et
2316 1795 2490 1851 nuper
2523 1797 2814 1855 conspecta
2869 1798 2959 1843 tua
3008 1791 3205 1845 eximia
3256 1795 3566 1863 prudentia,
3605 1807 3661 1852 et

2085 1886 2236 1927 nunc
2270 1886 2429 1930 aucta
2467 1873 2522 1931 in
2549 1878 2713 1934 nobis
2741 1895 2841 1950 per
2876 1890 2998 1937 tuas
3030 1884 3275 1941 actiones
3315 1888 3393 1942 tui
3439 1891 3657 1955 notitia,

2082 1975 2395 2030 precamur,
2433 1966 2559 2024 licet
2606 1980 2944 2040 peccatores,
2996 1986 3045 2030 te
3090 1976 3185 2032 Dei
3228 1979 3416 2035 dextra
3464 1982 3657 2038 deduci

2084 2055 2136 2107 in
2168 2058 2430 2116 omnibus
2484 2061 2587 2117 viis
2632 2064 2773 2129 tuis,
2815 2075 2870 2121 et
2918 2081 3157 2137 superna
3210 2073 3385 2128 sancti
3426 2073 3658 2144 Spiritus

2079 2143 2444 2216 inspiratione
2494 2160 2705 2207 motum
2746 2169 2811 2209 ea
2861 2159 3107 2226 cogitare
3147 2170 3204 2214 et
3237 2176 3398 2232 agere
3447 2143 3567 2234 quae
3605 2176 3659 2219 et

2079 2233 2133 2288 in
2182 2239 2436 2305 presenti
2467 2241 2575 2297 vita
2647 2244 2797 2299 omni
2830 2248 3255 2317 reprehensione
3313 2233 3655 2323 superiorem

2075 2330 2445 2399 constituant;
2505 2344 2557 2388 et
2617 2335 2670 2390 in
2730 2336 2913 2393 futura
2968 2348 3228 2397 aeternam
3275 2345 3372 2400 tibi
3424 2348 3655 2417 gloriam

2072 2434 2409 2491 comparent.

395 2513 528 2565 τειν,
558 2501 659 2553 ὅσα
715 2502 809 2555 καὶ
858 2504 918 2556 ἐν
960 2506 1025 2574 τῇ
1078 2504 1330 2576 παρούσῃ
1367 2505 1480 2576 ζωῇ
1532 2508 1733 2571 παντός
1764 2508 1957 2577 μώμου
1996 2509 2271 2582 ἀνώτερον
2343 2515 2655 2588 καθίστησι,
2700 2525 2791 2599 καὶ
2824 2526 2880 2576 ὲν
2926 2528 2990 2595 τῇ
3056 2527 3335 2600 μελλούσῃ
3377 2530 3475 2599 τὴν
3521 2531 3654 2585 αἰω-

394 2596 518 2649 νίαν
548 2612 631 2650 σοι
659 2598 916 2653 εὔκλειαν
943 2604 1237 2671 χαριεῖται.

540 2715 617 2767 O'.
651 2713 831 2785 ᾼαϐίὸ
870 2719 1265 2786 Καμουλίανῷ
1295 2724 1825 2791 πριοτοσπαθαρ

468 2830 540 2882 Ἃ
562 2826 661 2896 μὲν
682 2826 790 2880 ἔδει
817 2828 953 2899 πρὸς
977 2829 1109 2882 Θεὸν
1135 2832 1472 2899 ἀνενεγκεῖν,
1504 2834 1586 2887 ὅτι
1620 2837 1808 2891 τέκνου
1831 2839 1967 2907 ἠγα-

391 2919 639 2991 πημένον
678 2919 969 2989 γράμμασι
1007 2923 1134 2984 τοὺς
1165 2923 1479 2994 ὀφθαλμοὺς
1529 2926 1687 2997 ἡμῶν
1737 2930 1967 2984 ὲπεόάλυ

2254 2718 2415 2777 LXX.
2454 2723 2641 2779 Davidi
2668 2726 2987 2786 Cantuliano
3022 2741 3475 2808 protospalltario.

2146 2833 2278 2900 Qua:
2312 2837 2379 2890 ad
2431 2836 2597 2893 Deum
2641 2840 2837 2898 offerre
2866 2849 3131 2914 oportuit,
3178 2867 3302 2905 cum
3343 2855 3440 2930 ﬁlii
3468 2858 3649 2917 dilecti

2072 2923 2273 2979 litteris
2308 2927 2848 2998 oculosiujecimus,
2894 2943 2951 2988 et
2995 2937 3095 2992 hac
3141 2927 3441 3010 injectione
3491 2953 3649 3018 quasi

389 3012 589 3083 λομεν,
626 3014 719 3065 mit
763 3016 828 3082 τῇ
881 3013 1105 3083 ἐπιϐολῇ
1150 3014 1325 3087 ταύτῃ
1368 3015 1557 3087 ὥσπερ
1587 3020 1644 3071 ἐν
1672 3018 1967 3090 ὀφθαλμοῖς

2072 3018 2142 3073 ob
2175 3017 2366 3074 oculos
2408 3019 2614 3075 habere
2656 3024 2828 3079 ﬁlium
2878 3028 3230 3097 putabamus,
3277 3035 3460 3093 oblata
3496 3012 3646 3097 sunt.

390 3105 537 3175 ἔχειν
592 3104 654 3157 τὸ
706 3104 897 3157 τέκνον
950 3105 1300 3177 ἐνομίζομεν,
1346 3107 1640 3178 ἀνηνέχθη.
1702 3112 1767 3164 "A
1816 3110 1970 3164 δὲτὸ

390 3200 628 3270 γράμμα
652 3201 782 3271 περὶ
811 3199 921 3253 τῶν
946 3200 1045 3270 τὴν
1079 3200 1334 3270 γλῶσσαν
1373 3202 1612 3258 εὑκόλων
1639 3206 1718 3268 είς
1748 3206 1969 3277 μνήμην

386 3284 511 3359 ἦγε,
548 3289 601 3341 τί
635 3289 732 3354 δεῖ,
762 3289 949 3343 τέκνον
979 3307 1106 3361 μου,
1136 3288 1357 3344 συνετὸν
1378 3289 1509 3344 ὄντα
1542 3308 1601 3343 σε
1629 3291 1762 3345 Θεοῦ
1786 3293 1967 3362 χάριτι

387 3379 686 3450 πειρᾶσθαι
730 3382 817 3434 διὰ
858 3382 970 3437 τῶν
1015 3382 1305 3452 ἡμετέρων
1336 3381 1542 3451 λόγων,
1589 3383 1683 3436 τοῦ
1724 3383 1966 3436 τοιούτου

386 3471 498 3524 τῶν
532 3471 836 3541 ἀνθρώπων
867 3472 1074 3535 πάθους
1108 3472 1269 3542 ἄγειν
1320 3474 1399 3537 είς
1446 3475 1811 3544 κατανόησιν;
1844 3470 1968 3529 Οἶδα

310 3575 321 3583 ’
388 3563 499 3634 γὰρ
522 3564 604 3617 ὅτι
637 3563 787 3617 οὐδὲν
812 3564 985 3629 οὕτως
1017 3566 1114 3635 ἡδὺ
1147 3568 1257 3630 τοῖς
1281 3565 1594 3636 ἀνθρώποις
1623 3560 1735 3620 οἷον
1760 3567 1821 3620 τὸ
1850 3566 1966 3621 δια-

388 3654 577 3723 σύρειν
602 3652 674 3706 τὰ
700 3653 807 3707 τῶν
839 3653 1065 3726 πλησίον
1106 3654 1407 3725 πράγματα
1453 3655 1547 3709 καὶ
1590 3654 1717 3718 τοὺς
1751 3654 1963 3725 λόγους,

398 3746 559 3798 ὁποῖά
583 3761 716 3797 ποτε
741 3746 806 3798 Ξιν
832 3738 953 3799 ὦσι.
1003 3744 1113 3798 Καὶ
1155 3746 1208 3799 τί
1260 3744 1593 3816 θαυμαστὸν,
1628 3746 1675 3799 εί
1710 3747 1804 3799 καὶ
1833 3747 1964 3817 ἡμῖν

387 3835 680 3905 συμϐαίνει
756 3837 821 3888 ὲκ
878 3835 974 3889 τοῦ
1032 3837 1276 3891 τοιούτου
1348 3838 1696 3908 ἀνθρωπίνου
1757 3838 1964 3903 πάθους

385 3924 831 3993 κακολογεῖσθαι;
856 3925 1019 3980 ’Ὥστε
1042 3928 1169 3990 τοὺς
1191 3927 1623 3996 κακολογοῦντας
1648 3928 1709 3982 ἔα
1728 3929 1959 4000 χαίρειν,

383 4018 577 4073 τέκνον
621 4017 774 4087 ἐμὸν,
809 4020 873 4071 σὺ
907 4018 965 4073 δὲ
994 4020 1092 4089 τῆς
1138 4020 1241 4090 σῆς
1280 4020 1494 4091 ἀγαθῆς
1540 4020 1664 4092 ἔχου
1713 4021 1963 4092 συνειδήο

382 4127 550 4175 σεως,
597 4110 663 4181 ῆν
719 4109 838 4180 Θεῷ
880 4111 1205 4176 σπουδάζεις
1251 4115 1599 4183 παραστῆσαι
1646 4112 1723 4183 τῷ
1749 4116 1960 4184 ἀπροσο

382 4203 698 4273 amur-:19)
718 4204 877 4271 κριτῇ
907 4201 1245 4272 ἀδιάἧλητονο
1271 4206 1394 4257 ἐπεὶ
1418 4206 1487 4258 τά
1504 4220 1565 4272 γε
1590 4205 1724 4274 πρὸς
1744 4203 1841 4259 ἀνθ
1852 4206 1958 4275 ρώ-

379 4309 520 4356 πους
555 4294 733 4356 οὐδεὶς
777 4292 920 4345 οὕτω
960 4296 1436 4364 κατωχυρωμένος
1468 4296 1617 4349 ἐστὶν
1674 4295 1733 4360 ἐξ
1789 4296 1956 4367 ὀρθῆς

379 4387 765 4455 συνειδήσεως,
806 4376 849 4452 ᾧ
888 4386 963 4459 μὴ
1018 4388 1236 4450 πάντως
1274 4386 1303 4438 ό
1355 4385 1548 4455 μῶμος
1607 4387 1698 4441 τὸν
1751 4388 1949 4459 πικρὸν
1984 4373 2027 4428 Ῑ)

376 4479 658 4550 ὀφθαλμὸν
706 4479 1013 4533 ἐπιϐάλλει.
1053 4479 1289 4549 Οἴδαμεν
1315 4478 1371 4530 δὲ
1399 4479 1492 4532 καὶ
1519 4480 1685 4549 ἡμεῖς
1711 4480 1793 4534 ὅτι
1819 4480 1955 4550 πρό-

375 4593 539 4648 τερον
578 4578 771 4639 πόνους
811 4575 1051 4646 ὑπέστης
1075 4574 1171 4628 καὶ
1204 4575 1298 4628 νῦν
1336 4576 1652 4646 ὑπομένεις,
1691 4576 1844 4630 οὐδὲν
1895 4574 1955 4641 ἐξ

374 4668 690 4738 ἀνθρώπων
716 4667 1165 4739 προξενήσαντας
1205 4666 1398 4735 ὄφελος
1421 4684 1435 4699 ο
1470 4668 1564 4721 καὶ
1610 4668 1742 4731 Θεὸς
1791 4668 1955 4732 αὐτὸς

379 4760 595 4832 μάρτυς
631 4764 659 4814 ό
690 4761 788 4823 τὰς
812 4760 1036 4830 καρδίας
1065 4760 1406 4815 ὑποπτεύων.
1446 4759 1815 4829 Ἀλγυνόμεθα
1852 4761 1953 4831 τὴν

373 4854 576 4924 ψυχὴν,
612 4852 748 4905 ἀλλά
775 4852 828 4905 τί
875 4852 939 4906 ἄν
964 4869 1047 4915 τις
1080 4853 1224 4906 εἴποι
1254 4852 1384 4922 περὶ
1427 4852 1537 4906 τῶν
1588 4851 1952 4922 πεφυρμένων

371 4947 474 4999 τοῦ
506 4946 621 5016 βίου
645 4946 1016 5017 πραγμάτων,
1042 4946 1177 5009 πλὴν
1210 4946 1264 4998 εἴ
1282 4963 1336 4998 τι
1364 4945 1446 4999 δεῖ
1469 4945 1604 5015 πρὸς
1640 4945 1953 5017 κρείττονας

370 5041 510 5111 όρᾷν
560 5040 817 5105 ὲλπίδα;;
860 5040 1067 5093 Ἐκεῖνο
1118 5038 1435 5109 ἐλπίζομεν,
1494 5039 1574 5092 ὅτι
1650 5039 1745 5093 καὶ
1801 5040 1833 5110 ή
1884 5038 1949 5110 σὴ

371 5132 551 5202 ἀρετὴ
571 5133 669 5201 τῆς
694 5131 1053 5203 ὀφειλομένης
1095 5134 1232 5201 αὐτῇ
1271 5131 1489 5202 μεθέξει
1543 5132 1731 5202 τιμῆς.
1791 5131 1951 5187 Ἀλλὰ

373 5221 548 5276 ταῦτα
585 5223 687 5292 μὲν
719 5224 847 5293 περὶ
867 5224 1093 5278 τούτων.
1134 5226 1200 5278 ’Δ
1228 5225 1284 5277 δὲ
1315 5223 1642 5287 ἀπέστειλας
1661 5226 1793 5295 ἡμῖν
1821 5224 1949 5296 περὶ

369 5314 486 5367 τῶν
515 5315 596 5377 εἰς
643 5313 896 5380 ἐξέτασιν
942 5314 1361 5384 ὑποϐληθέντων
1394 5313 1720 5385 ἀνθρώπων,
1755 5317 1839 5385 ἐφ’
1866 5312 1946 5379 οἷς

368 5406 559 5469 κακῶς
583 5405 966 5476 διεπράξαντο,
994 5405 1171 5461 ταῦτα
1206 5406 1343 5479 πρὸς
1372 5408 1472 5479 τὴν
1507 5406 1793 5479 βασιλικὴν
1824 5408 1947 5461 ἐπί-

368 5496 567 5565 σκεψιν
624 5494 918 5567 προσῆλθε,
962 5496 1056 5549 καὶ
1085 5494 1265 5559 καθὼς
1326 5497 1702 5567 ὲπετκέῲαντο
1760 5499 1826 5568 τῇ
1878 5498 1943 5569 σῇ

367 5586 650 5655 τιμιότητι
693 5586 1108 5657 παρακέλευσιν
1162 5586 1493 5658 ἐποιήσαντο
1521 5628 1534 5648 .
1570 5590 1719 5650 ὅπως
1763 5589 1945 5660 δεήσει

367 5678 468 5729 καὶ
514 5678 593 5730 ἔτι
651 5678 720 5732 τὰ
771 5679 1037 5749 περὶτῶν
1104 5680 1357 5749 ἀφρόνων
1418 5680 1643 5733 ἐκείνων
1702 5682 1945 5753 μετιέναι

2072 3111 2203 3179 Quae
2230 3122 2411 3169 autem
2442 3116 2641 3171 litterae
2674 3126 2781 3173 tuae
2826 3122 2894 3176 de
2937 3123 3264 3195 loquacibus
3315 3149 3648 3207 memorant,

2071 3202 2202 3272 quid
2236 3219 2376 3274 opus
2420 3214 2505 3261 est
2553 3215 2612 3261 ut
2653 3211 2789 3264 meis
2822 3217 3169 3273 sermonibus
3199 3226 3525 3281 contendam
3572 3202 3644 3293 te,

2070 3295 2162 3366 qui
2193 3297 2287 3352 Dei
2318 3299 2491 3369 gratia
2521 3299 2833 3371 intelligens
2858 3319 2939 3369 es,
2963 3308 3030 3361 ad
3057 3311 3307 3367 notitiam
3342 3319 3643 3385 perducere

2069 3384 2381 3442 istiusmodi
2432 3388 2714 3444 hominum
2748 3390 2991 3451 indolis?
3031 3385 3151 3457 Scis
3183 3384 3493 3463 eninrnihil
3530 3424 3640 3467 tam

2069 3476 2382 3534 hominibus
2433 3494 2601 3536 suave
2651 3498 2815 3551 quam
2864 3488 3100 3555 proximi
3158 3502 3272 3549 tum
3323 3508 3479 3555 actus
3526 3513 3637 3558 tum

2067 3582 2373 3637 sermones,
2414 3571 2829 3645 qualescunque
2881 3577 3015 3646 sint,
3073 3582 3336 3644 lacerare.
3384 3589 3451 3645 Et
3505 3597 3636 3663 quid

2067 3661 2288 3727 mirum,
2315 3664 2361 3717 si
2393 3673 2448 3718 et
2472 3666 2630 3722 nobis
2655 3669 2933 3740 contingat
2958 3672 3113 3741 juxta
3140 3677 3287 3733 hunc
3334 3661 3635 3740 humanum

2066 3765 2275 3806 morem
2308 3754 2604 3811 maledici?
2646 3756 2851 3816 Omitte
2886 3761 3054 3832 igitur
3080 3767 3396 3836 maledicos,
3430 3776 3502 3827 mi
3538 3777 3634 3831 (ili.

2066 3840 2147 3897 Tu
2180 3859 2308 3899 vero
2346 3846 2503 3902 bona:
2527 3851 2877 3909 conscientia:
2908 3856 3144 3925 adlicere,
3178 3876 3340 3931 quam
3383 3863 3513 3934 Deo,
3542 3871 3633 3939 qui

2063 3949 2171 3988 non
2205 3943 2288 3990 est
2325 3952 2687 4005 personarum
2726 3956 2982 4017 acceptor
3012 3950 3203 4020 judex,
3238 3955 3637 4026 irreprehensi-

2060 4023 2226 4080 bilem
2280 4028 2524 4097 praebere
2580 4038 2803 4102 studes;
2853 4041 3144 4107 quoniam,
3201 4060 3328 4117 erga
3387 4050 3634 4109 homines

2062 4132 2223 4171 nemo
2259 4129 2343 4174 est
2376 4120 2448 4175 ita
2485 4132 2631 4178 recta
2676 4128 3013 4184 conscientia
3060 4136 3307 4191 munitus
3337 4139 3471 4194 utin
3504 4157 3627 4196 eum

2022 4224 2029 4231 '
2063 4209 2209 4263 nulla
2232 4213 2456 4266 omnino
2481 4216 2834 4283 reprehensio
2866 4220 3177 4291 objiciatur.
3200 4225 3417 4284 Scimus
3446 4243 3627 4289 autem

2060 4307 2113 4353 ct
2151 4314 2252 4353 nos
2302 4311 2352 4354 te
2399 4301 2619 4359 labores
2655 4306 2891 4362 subiisse
2936 4317 2989 4363 et
3032 4326 3178 4365 nunc
3228 4315 3500 4372 sustinere
3536 4326 3627 4390 qui

2057 4390 2267 4445 nullum
2305 4393 2399 4447 tibi
2425 4395 2492 4449 ab
2522 4395 2840 4453 hominibus
2865 4398 3099 4455 fructum
3132 4420 3626 4477 comparaverunt:

2058 4490 2112 4534 et
2143 4482 2288 4538 Deus
2319 4485 2436 4554 ipse
2481 4487 2639 4543 testis
2681 4491 2771 4558 qui
2817 4493 2979 4546 corda
3030 4494 3270 4566 inspicit.
3321 4501 3519 4557 Animo
3565 4505 3631 4559 de

2059 4573 2163 4627 hoc
2195 4573 2443 4630 dolemus
2475 4593 2487 4630 :
2520 4579 2614 4633 sed
2651 4580 2779 4649 quid
2810 4582 2915 4637 dici
2948 4596 3130 4654 potest
3154 4590 3220 4644 de
3252 4593 3482 4648 turbatis
3510 4596 3631 4650 vitae

2057 4665 2244 4730 rebus,
2294 4667 2403 4722 nisi
2454 4668 2847 4728 intendendum
2892 4692 3015 4732 esse
3057 4679 3123 4732 ad
3177 4682 3440 4736 meliora?
3485 4684 3627 4742 Illud

2057 4772 2345 4828 Speramus
2389 4769 2539 4816 tuam
2588 4764 2847 4821 virtutem
2888 4768 3084 4824 debitae
3130 4770 3230 4841 ipsi
3260 4773 3447 4842 gloriae
3479 4792 3629 4833 com-

2054 4864 2233 4923 potem
2275 4854 2412 4912 fore.
2464 4854 2568 4912 Sed
2615 4860 2731 4915 hmo
2777 4861 2844 4915 de
2889 4861 3012 4919 istis
3053 4864 3238 4920 rebus.
3278 4866 3411 4932 Quae
3445 4877 3624 4925 autem

2055 4945 2212 5000 nobis
2241 4946 2513 5016 scripsisti
2565 4950 2631 5003 de
2688 4949 2999 5007 hominibus
3033 4955 3125 5023 qui
3158 4957 3397 5011 examini
3437 4958 3624 5029 subje—

2053 5039 2126 5094 cti
2162 5049 2311 5107 sunt,
2351 5040 2421 5096 ob
2461 5042 2795 5106 malefacta,
2830 5044 2943 5099 haec
2974 5046 3041 5100 ad
3079 5047 3490 5118 imperatoriam
3538 5053 3625 5106 in-

2052 5130 2385 5199 spccuonem
2429 5141 2720 5197 venerunt,
2761 5144 2814 5190 ct
2840 5135 2996 5205 juxta
3029 5138 3171 5195 hanc
3203 5140 3625 5213 inspeCtionem,

2051 5228 2160 5276 tuae
2197 5231 2514 5278 reverentiae
2553 5225 2871 5281 mandatum
2923 5235 3009 5282 est
3054 5233 3333 5299 quomodo
3378 5240 3433 5287 et
3478 5250 3626 5291 nunc

2050 5324 2299 5384 oporteat
2329 5315 2474 5384 quod
2502 5316 2567 5372 ad
2602 5318 2703 5373 hos
2735 5320 2960 5377 insanos
3003 5321 3252 5380 homines
3290 5326 3489 5384 attinet
3532 5344 3622 5384 re-

2051 5407 2285 5461 mittere.
2316 5406 2581 5463 Czeterum
2615 5420 2719 5465 tute
2754 5421 2839 5467 est
2867 5428 3095 5471 summa:
3136 5417 3440 5487 sapientiae,
3470 5424 3620 5494 quod

2049 5499 2226 5555 adhuc
2246 5500 2583 5569 deestjnstaa
2621 5504 2993 5572 relributioui,
3036 5509 3123 5565 his
3155 5510 3315 5567 linem
3342 5511 3624 5585 imponere

2049 5592 2139 5661 qui
2175 5595 2374 5649 mentis
2401 5592 2641 5660 defectu,
2666 5610 2734 5652 ne
2763 5597 2939 5653 dicam
2966 5600 3200 5670 insania,
3219 5620 3341 5663 reos
3362 5623 3421 5663 se
3443 5609 3625 5665 istius-

2049 5684 2193 5739 modi
2226 5684 2633 5742 constituerunt
2661 5703 2858 5759 paenae.
2898 5690 2973 5749 De
3002 5706 3198 5753 εἱειετο
3230 5700 3537 5757 incolumen
3572 5710 3622 5755 te
