4038 6204
367 250 470 318 27f

1469 255 1515 314 N
1530 252 1774 313 [COLAI
1818 252 1924 310 (ΣΡ.
1973 249 2484 311 PATRIARClL-E

3517 248 3627 310 272

359 378 538 424 servet
589 367 750 431 Deus,
789 374 840 418 ct
871 362 1206 434 superiorem
1243 360 1390 416 omni
1426 361 1626 415 visibili
1657 370 1709 414 et
1742 358 1933 412 invisi-

2036 357 2368 429 ἀνθρώπων.
2396 355 2600 410 Λοιπὸν
2652 356 2798 410 ἔστιν
2833 357 3131 413 ἀκόλουθον
3158 359 3257 428 τῆς
3293 360 3390 430 σῆς
3423 359 3628 413 τελειο-

359 463 453 517 bili
487 458 780 515 calamitati
809 466 862 510 et
898 457 1057 510 malo.

2045 453 2218 520 τάτης
2250 451 2518 513 συνέσεως
2552 449 2612 502 τὸ
2656 449 2842 502 λεῖπον
2875 449 2957 502 ἔτι
2993 452 3091 520 τῆς
3125 451 3345 514 δικαίας
3387 451 3631 504 ἀνταπο-

359 555 560 616 δόσεως
601 553 922 618 ἐπενεγκεῖν
951 547 1106 612 τέλος
1155 549 1269 608 τοῖς
1316 545 1382 598 δι’
1417 545 1659 616 ἐρημίαν
1701 542 1941 616 φρενῶν,
1982 542 2069 594 ἵνα
2142 541 2219 612 μὴ
2255 540 2400 608 λέγω
2432 540 2632 611 μανίαν
2709 539 2999 602 ὑποδίκους
3042 542 3272 603 ἑαυτοὺς
3304 541 3403 610 τῆς
3448 541 3632 610 τοιαύι

357 663 460 720 της
489 644 819 714 πεποιηκὸσι
853 642 1158 703 κολάσεως·
1181 641 1248 692 τά
1271 639 1315 691 δ’
1350 638 1484 691 ἄλλα
1511 638 1834 710 ἐρρωμένον
1871 653 1932 689 σε
1970 634 2325 706 διαφυλάττοι
2386 635 2414 686 ὁ
2448 633 2677 704 Κύριος,
2710 634 2807 687 καὶ
2870 633 3144 702 ἀνώτερον
3183 635 3247 686 ὲκ
3277 632 3458 703 πάσης
3494 637 3635 702 ὁρω..

359 742 526 811 μένης
554 738 647 792 καὶ
667 736 897 808 ἀοράτου
927 735 1191 805 ἐπηρείας
1231 735 1323 787 καὶ
1369 735 1693 803 κακότητος.

739 849 828 904 LX
841 849 927 906 XI.
973 850 1280 904 Alexandro
1312 847 1558 902 Nicmuo.

425 971 558 1026 Cum
606 974 922 1037 reputemus
963 962 1299 1034 superﬂuum
1345 971 1404 1016 ιιι
1433 962 1500 1016 de
1532 960 1617 1016 his
1653 970 1705 1016 te
1739 959 1931 1014 admo-

356 1077 585 1119 neamus
636 1076 756 1131 qum
811 1059 880 1113 ab
936 1056 1184 1121 Jacobo,
1236 1071 1361 1112 cum
1417 1055 1630 1119 aderit,
1696 1052 1932 1113 cdisces,

355 1149 645 1204 omisimus
675 1161 936 1202 enarrare
969 1145 1247 1215 quomodo
1295 1143 1672 1198 administrata
1716 1143 1826 1196 sint
1871 1156 1934 1195 ea

355 1244 420 1296 de
449 1242 650 1311 quibus
680 1238 975 1309 scripsisti.
1024 1237 1141 1292 Hoc
1183 1244 1366 1290 autem
1423 1235 1518 1289 tibi
1566 1244 1755 1288 notum
1800 1232 1936 1287 faci-

353 1350 500 1401 mus,
527 1333 674 1404 quod
705 1331 923 1397 Petrus,
955 1330 1062 1384 nisi
1105 1344 1300 1384 rursus
1342 1327 1688 1382 mendacium
1722 1325 1938 1380 veritati

354 1426 625 1496 praeferat,
665 1425 878 1479 tertiam
909 1424 1074 1486 hanc,
1100 1437 1261 1492 quam
1284 1421 1606 1491 qurerimus,
1641 1434 1933 1489 personam

353 1517 642 1574 confessus
670 1525 755 1572 est
789 1532 846 1571 se
877 1516 1169 1570 revelasse.
1199 1514 1357 1580 Quod
1385 1515 1429 1568 si
1466 1513 1753 1566 continuet
1777 1525 1934 1566 suam

354 1609 784 1674 confessionem,
821 1608 960 1661 nihil
984 1607 1223 1676 amplius
1259 1621 1358 1674 pro
1391 1605 1485 1658 illo
1514 1602 1711 1668 facias;
1739 1602 1785 1656 si
1807 1616 1936 1656 vero

353 1719 474 1759 eam
527 1711 831 1758 retractare
865 1702 999 1765 vult,
1036 1709 1094 1754 ut
1139 1698 1446 1769 expellatur
1481 1710 1707 1751 necesse
1731 1704 1833 1761 est,
1885 1703 1936 1748 et

354 1796 543 1866 utique
588 1795 902 1863 repelletur.
944 1791 1181 1846 Jac-obus
1229 1799 1409 1843 autem
1455 1787 1524 1842 ad
1579 1797 1936 1856 conspectum

356 1887 708 1957 imperatoris
739 1885 1090 1940 introductus
1121 1893 1226 1949 est,
1258 1893 1333 1948 et,
1374 1891 1535 1952 prout
1572 1881 1732 1935 nobis
1782 1895 1940 1934 man-

353 1982 526 2043 davit,
575 1980 964 2050 imperatorem
1011 1977 1078 2030 ad
1125 1985 1348 2029 nostros
1397 1973 1746 2027 adversarios
1783 1971 1943 2024 valde

353 2070 711 2126 inclinanten't
757 2069 913 2124 vidit.
970 2067 1111 2134 Quid
1154 2082 1285 2138 ergo
1317 2075 1536 2136 oportet
1583 2065 1786 2130 facere,
1841 2063 1936 2126 fili,

355 2177 479 2214 cum
532 2176 618 2213 res
659 2160 732 2213 ita
787 2175 845 2214 se
894 2156 1171 2214 habeant?
1223 2157 1361 2223 Quid
1416 2156 1521 2211 nisi
1564 2153 1941 2227 philosophice

357 2251 556 2316 vivere,
608 2260 660 2304 et
712 2251 938 2319 tempori
981 2249 1194 2314 cedere,
1242 2249 1503 2318 quoniam
1554 2246 1713 2301 nobis
1761 2245 1941 2300 eccle-

351 2344 558 2395 siarum
605 2341 700 2394 Dei
758 2340 1065 2410 proditores
1111 2339 1372 2393 ostendit.
1435 2336 1806 2406 Cmterisquaa
1843 2334 1938 2388 tibi

357 2435 629 2488 nuntiabit
674 2431 936 2496 Jacobus,
978 2434 1082 2487 hoc
1153 2447 1374 2502 quoque
1447 2447 1646 2486 novum
1699 2429 1937 2499 adjicict.

360 2526 575 2592 Valeas,
614 2535 668 2581 et
693 2535 894 2582 nostra:
931 2523 1262 2585 humilitatis
1298 2525 1352 2578 in
1393 2523 1499 2592 piis
1538 2523 1644 2578 tuis
1690 2522 1941 2592 precibus

356 2627 656 2674 memento.

922 2914 1132 2971 LXXII.
1167 2914 1402 2970 Incerto.

426 3032 528 3087 Fili
565 3029 942 3092 dilectissime,
991 3038 1190 3099 praeter
1241 3037 1466 3085 caeteras
1509 3037 1630 3086 tuas
1679 3028 1930 3095 virtutes,

355 3127 586 3180 ostende
617 3122 781 3177 etiam
813 3131 962 3176 tuam
1005 3121 1202 3175 bonam
1249 3121 1590 3177 voluntatem
1633 3122 1688 3176 in
1733 3137 1932 3178 conso-

357 3219 535 3274 landis
568 3219 660 3273 Dei
692 3217 932 3283 clericis,
962 3217 1054 3287 qui
1092 3216 1278 3271 laudes
1312 3217 1526 3272 Domini
1560 3217 1936 3273 indesinenter

355 3310 653 3371 celebrant,
685 3317 738 3362 et
772 3321 868 3376 pro
915 3305 1260 3376 imperatoris
1290 3307 1468 3362 salute
1497 3315 1550 3360 et
1577 3307 1711 3372 vita,
1735 3316 1938 3378 tuaque

355 3410 408 3457 et
459 3402 706 3457 omnium
749 3399 1098 3455 subditorum
1142 3414 1332 3468 preces
1379 3400 1651 3467 fundunt;
1693 3402 1780 3458 his
1815 3419 1937 3474 gra-

357 3493 500 3547 nulis
527 3532 542 3558 ,
576 3508 697 3562 qua:
739 3491 806 3544 ab
834 3489 1092 3546 Ecclesia:
1128 3491 1521 3546 constitutione
1565 3507 1738 3562 usque
1774 3495 1935 3550 modo

363 3585 723 3653 accipiebant,
788 3581 965 3652 Magni
1003 3582 1350 3637 Constantini
1383 3583 1572 3638 diebus
1610 3597 1678 3638 ne
1715 3583 1935 3639 defrau-

356 3679 574 3740 dentur,
608 3689 782 3744 neque
833 3675 1066 3743 posteris
1101 3674 1413 3730 istiusmodi
1457 3674 1740 3730 historiam
1767 3676 1936 3730 relin-

355 3786 514 3839 quas.
556 3768 613 3821 Si
653 3766 797 3820 enim
831 3767 866 3820 ii
897 3766 989 3837 qui
1025 3775 1154 3822 ante
1201 3777 1252 3823 te
1297 3783 1385 3822 res
1427 3782 1712 3838 perperam
1761 3768 1932 3822 admi-

359 3863 681 3924 nistravere,
737 3858 853 3912 haec
903 3858 1241 3924 reciderunt,
1288 3867 1345 3913 tu
1397 3874 1588 3914 eorum
1646 3869 1932 3929 peccatum

355 3949 593 4020 corrige.
642 3949 707 4004 ad
754 3949 1102 4018 imperatoris
1141 3950 1369 4020 gloriam
1406 3959 1460 4005 et
1501 3950 1568 4004 ad
1609 3950 1807 4005 bonam
1854 3951 1932 4006 tui

356 4041 592 4096 nominis
627 4045 967 4105 memoriam,
1007 4057 1132 4094 cum
1189 4051 1296 4095 tua:
1352 4041 1570 4111 pietatis
1606 4057 1929 4107 causa,uon

357 4144 565 4188 tantum
606 4133 972 4189 calamitatem
1008 4134 1240 4190 subierit
1286 4135 1552 4199 Ecclesia,
1587 4150 1763 4204 neque
1795 4151 1931 4191 con-

358 4229 572 4280 firmata
606 4226 775 4281 fuerit
838 4227 1166 4296 impostura,
1217 4241 1379 4295 quam
1428 4225 1520 4280 isti
1561 4225 1808 4281 homines
1836 4211 1978 4281 ιλιι-⁸

356 4322 553 4377 misere
617 4321 712 4376 sed
759 4329 953 4375 contra
1002 4320 1054 4372 in
1101 4318 1295 4374 diebus
1347 4319 1454 4374 tuis
1501 4319 1693 4373 honori
1745 4318 1928 4374 habita

2419 834 2541 891 UA'.
2586 833 2960 904 Ἀλεξάνδρῳ
2983 836 3252 904 Νικαίας.

2115 953 2378 1024 Περιττὸν
2443 953 2775 1021 ἡγούμενοι,
2844 953 3037 1004 τέκνον
3107 953 3304 1023 ἡμῶν,
3363 956 3458 1009 τοῦ
3537 955 3628 1010 διὰ

2041 1047 2388 1116 γραμμάτων
2429 1045 2718 1116 ἡμετέρων
2776 1044 3073 1110 διδάσκειν,
3117 1044 3161 1099 δι-
3197 1047 3293 1100 τοῦ
3363 1048 3623 1103 Ἰακώϐου

2042 1140 2312 1208 παρόντος
2367 1136 2500 1207 παρ’
2531 1136 2701 1190 αὑτοῦ
2755 1137 2972 1206 μάθοις,
3009 1138 3344 1208 παρείδομεν
3367 1140 3628 1207 διεξιέναι

2041 1229 2140 1298 τὴν
2191 1230 2301 1282 τῶν
2361 1229 2515 1301 παρά
2584 1231 2679 1283 σοῦ
2726 1231 3048 1301 γραφέντων
3097 1231 3273 1285 διόλου
3330 1233 3621 1305 διοίκησιν.

2055 1322 2263 1375 Ἐκεῖνο
2296 1322 2351 1374 δὲ
2386 1322 2766 1393 γνωρίζομεν,
2801 1323 2878 1387 ὡς
2911 1325 2939 1376 ὁ
2980 1327 3206 1394 Πέτρος,
3237 1325 3286 1378 εί
3337 1327 3413 1397 μὴ
3461 1328 3628 1381 πάλιν

2043 1415 2360 1487 προτιμήσῃ
2399 1414 2459 1467 τὺ
2490 1415 2686 1484 ψεῦδος
2725 1415 2828 1484 τῆς
2853 1416 3162 1505 ,ἀληθεὶαῢ
3193 1419 3254 1470 τὸ
3290 1419 3624 1490 ζητούμενον

2041 1506 2228 1575 τρίτον
2259 1505 2558 1575 πρόσωπον
2599 1506 2923 1578 ὡμολόγησε
2953 1513 3292 1580 παρασχεῖνο
3323 1513 3418 1564 καὶ
3442 1513 3489 1564 εί
3521 1515 3624 1583 μὲν

2043 1597 2251 1666 τιμήσῃ
2299 1597 2399 1665 τὴν
2462 1598 2656 1651 ἑαυτοῦ
2715 1599 3045 1668 ὁμολογίαν,
3093 1601 3262 1671 μηδὲν
3314 1603 3478 1655 πλέον
3532 1605 3620 1657 ἐπ’

2042 1689 2189 1760 αὐτῷ
2253 1689 2502 1760 πράξεις.
2536 1691 2599 1744 Εἰ
2656 1691 2710 1744 δὲ
2765 1692 2904 1760 πρὸς
2957 1693 3214 1765 ἀθέτησιν
3259 1695 3462 1766 ταύτης
3496 1697 3620 1762 ἴδοι,

2043 1783 2260 1851 ἀνάγκη
2310 1783 2474 1838 αὑτὸν
2519 1784 2729 1837 ἐκεῖθεν
2773 1785 3193 1850 ἀπελαύνεσθαι,
3256 1789 3347 1840 καὶ
3396 1789 3620 1850 πάντως

2041 1871 2465 1944 ἀπελαθήσεται.
2525 1875 2583 1928 '0
2624 1875 2678 1928 δὲ
2707 1877 2960 1940 Ἰάκωϐος
2989 1878 3212 1948 είσὴχοη
3260 1883 3400 1933 κατά
3446 1881 3619 1946 πρὸσ-

2041 1981 2188 2017 ωπον
2251 1964 2346 2018 τοῦ
2398 1966 2795 2036 βασιλεύοντος,
2827 1970 2922 2022 καὶ
2967 1970 3042 2034 ὡς
3102 1971 3412 2039 ἐξηγήσατο
3463 1974 3621 2041 ἡμῖν,

2042 2059 2221 2110 πᾶσαν
2250 2053 2356 2111 εἶδε
2409 2061 2510 2130 τὴν
2545 2061 2760 2115 ἐκείνου
2789 2063 2964 2132 ῥοπὴν
2997 2063 3135 2132 μετὰ
3162 2063 3270 2116 τῶν
3301 2063 3614 2117 ἀντιδίκων.

2041 2148 2106 2200 Τί
2129 2147 2325 2203 οὖνδεῖ
2372 2152 2655 2220 πράττειν,
2684 2153 2873 2207 τέκνον
2905 2155 3085 2225 ἡμῶν,
3128 2154 3238 2208 τῶν
3276 2157 3622 2227 πραγμάτων

2041 2241 2214 2304 οὑτως
2259 2243 2530 2312 ἐχόντων;
2565 2245 2598 2316 ἢ
2650 2245 2957 2314 φιλοσόφως
3006 2247 3376 2314 διαγενέσθαι,
3413 2249 3619 2318 καὶτῷ

2043 2333 2218 2403 καιρῷ
2265 2339 2589 2404 παρασχεῖν,
2628 2338 2752 2390 ὅσον
2783 2338 2857 2408 μὴ
2885 2340 3165 2402 παντελῶς
3201 2341 3442 2396 δείκνυσι
3479 2361 3615 2414 προ-

2040 2424 2196 2488 δότας
2240 2426 2352 2477 τῶν
2400 2426 2736 2496 Ἐκκλησιῶν
2785 2428 2880 2481 τοῦ
2925 2431 3096 2496 Θεοῦ;
3149 2432 3290 2502 Πλὴν
3331 2435 3469 2502 μετὰ
3507 2437 3619 2487 τῶν

2041 2513 2242 2568 λοιπῶν
2298 2518 2398 2570 ὅσα
2463 2519 2491 2570 ὁ
2544 2519 2803 2583 Ἰάκωϐος
2859 2521 3196 2589 ἀπαγγελεῖ,
3260 2525 3355 2576 καὶ
3408 2524 3620 2595 ταύτην

2042 2607 2341 2680 προσθήσει
2390 2610 2489 2682 τὴν
2531 2612 2898 2681 ἀπαγγελίαν.
2940 2613 3292 2684 Ἐῤῥωμένος
3327 2617 3459 2685 ἡμῖν
3494 2618 3614 2684 εἴης

2042 2700 2133 2751 καὶ
2165 2704 2512 2771 μεμνημένος
2560 2706 2618 2758 ἐν
2672 2707 2790 2770 ταῖς
2841 2705 3017 2771 ὁσίαις
3068 2709 3256 2778 εὐχαῖς
3299 2709 3399 2780 τῆς
3457 2710 3615 2780 ἡμῶν

2039 2793 2445 2863 ταπεινότητος.

2613 2911 2743 2967 ou'.
2789 2914 3031 2981 Ἀδιξριῳ.

2109 3028 2310 3080 Τέκνον
2342 3045 2443 3099 μου
2477 3029 2838 3101 ἠγαπημένον
2860 3071 2875 3095 ,
2909 3032 3050 3101 μετὰ
3101 3033 3321 3090 πάντων
3368 3053 3461 3090 σου
3505 3038 3612 3090 τῶν

2039 3120 2219 3174 καλῶν
2246 3121 2416 3186 δεῖξον
2450 3125 2544 3175 καὶ
2572 3123 2669 3194 τὴν
2714 3124 2926 3196 ἀγαθήν
2976 3143 3070 3178 σου
3102 3128 3424 3200 προαίρεσιν
3468 3131 3611 3200 ὑπὲρ

2039 3213 2134 3282 τῆς
2187 3215 2541 3284 παραμυθίας
2595 3217 2696 3285 τῆς
2749 3217 3079 3288 Ἐκκλησίας
3131 3219 3226 3273 τοῦ
3271 3221 3475 3292 κλήρου
3514 3224 3610 3275 τοῦ

2039 3303 2197 3368 Θεοῦ,
2231 3305 2336 3357 τῶν
2388 3306 2604 3376 ἡμέρας
2653 3307 2749 3359 καὶ
2798 3308 2992 3371 νυκτὸς
3027 3312 3107 3371 εἰς
3159 3309 3258 3380 τὴν
3305 3312 3614 3380 δοξολογίαν

2039 3397 2132 3448 τοῦ
2191 3396 2326 3448 Θεοῦ
2386 3398 2741 3463 κοπιώντων,
2799 3401 2896 3453 καὶ
2958 3402 3414 3473 προσευχομένων
3471 3403 3614 3473 ὑπὲρ

2038 3488 2183 3558 ζωῆς
2214 3490 2307 3542 καὶ
2363 3489 2635 3559 σωτηρίας
2684 3490 2778 3543 τοῦ
2834 3491 3125 3561 βασιλέως,
3179 3495 3274 3547 καὶ
3324 3495 3424 3564 τῆς
3483 3497 3609 3564 σὴς,

2038 3583 2130 3634 καὶ
2153 3582 2367 3634 πάντων
2397 3583 2505 3634 τῶν
2536 3582 2812 3651 ὑπηκόων.
2849 3585 2940 3654 Μὴ
2971 3584 3067 3656 τὴν
3102 3586 3278 3654 ῥῶγα,
3333 3588 3397 3656 ἦν
3429 3586 3520 3655 ἀφ’
3546 3586 3608 3640 οὗ

2038 3672 2264 3741 συνέστη
2297 3675 2329 3742 ἡ
2372 3672 2689 3743 Ἐκκλησία,
2725 3674 3012 3744 καὶμέχρι
3045 3677 3139 3728 τοῦ
3175 3677 3271 3728 νύν
3305 3676 3612 3747 ἐλάμϐανον

2035 3761 2406 3835 ἀποστερηθῇ,
2462 3766 2520 3816 ἐν
2579 3766 2701 3829 ταῖς
2762 3767 3001 3836 ἡμέραις
3051 3768 3146 3820 τοῦ
3199 3767 3459 3837 βασιλέως
3510 3771 3608 3823 τοῦ

2035 3852 2202 3924 κυροῦ
2244 3854 2687 3920 Κωνσταντίνου,
2747 3857 2882 3927 μηδὲ
2934 3859 3243 3929 καταλίπῃς
3302 3859 3378 3930 τῷ
3429 3867 3608 3932 χρόνῳ

2037 3948 2276 4019 ἱστορίαν
2303 3947 2578 4018 τοιαύτην.
2624 3947 2762 3999 Ἀλλ’
2791 3950 2840 4000 εἰ
2882 3950 2974 4002 καὶ
3030 3949 3316 4020 ἀπέκοψαν
3354 3953 3521 4022 αὑτὴν
3551 3955 3602 4004 ei

2037 4041 2111 4110 μὴ
2139 4041 2317 4105 καλῶς
2343 4042 2448 4112 πρὸ
2473 4042 2565 4095 σοῦ
2586 4043 2966 4111 διοικήσαντες
2995 4044 3061 4098 τά
3094 4047 3252 4099 κοινά
3275 4047 3603 4118 πράγματα,

2035 4131 2100 4185 σὺ
2130 4132 2422 4204 διόρθωσαι
2462 4133 2523 4185 τὸ
2563 4133 2788 4186 ἐκείνων
2823 4134 3048 4205 σφάλμα
3076 4138 3156 4199 είς
3187 4137 3344 4204 δόξαν
3382 4139 3480 4208 μὲν
3508 4137 3604 4190 τοῦ

2034 4223 2320 4292 βασιλέως,
2375 4225 2455 4286 εἰς
2517 4225 2864 4297 μνημόσυνον
2893 4225 2950 4278 δὲ
2979 4227 3181 4294 ἀγαθὸν
3209 4228 3304 4282 τοῦ
3342 4227 3604 4298 ὀνόματός

2034 4328 2151 4376 σου,
2200 4313 2280 4365 ὅτι
2332 4313 2421 4367 διά
2468 4314 2569 4383 τῆς
2633 4316 2731 4384 σῆς
2785 4316 3099 4379 Θεοσεϐείας
3155 4318 3252 4386 οὑχ
3308 4318 3602 4388 ὑπέμεινεν

352 4415 516 4469 fuerit
553 4411 815 4467 Ecclesia.
859 4411 1039 4465 Librae
1078 4410 1296 4478 quidem
1326 4409 1452 4475 illae,
1491 4410 1562 4462 mi
1602 4409 1697 4474 fili,
1734 4409 1780 4465 si
1815 4425 1923 4464 non

2043 4401 2341 4469 Ἐκκλησία
2375 4403 2474 4471 τὴν
2519 4403 2787 4473 τοσαύτην
2817 4405 3044 4475 ζημίαν,
3077 4406 3198 4459 οὐδὲ
3227 4410 3254 4459 ὁ
3297 4406 3600 4477 παραλογιο

351 4509 564 4560 donata:
603 4513 784 4569 erunt,
834 4518 942 4556 non
989 4503 1276 4570 augebitur
1327 4501 1600 4567 aerarium,
1652 4517 1828 4571 neque
1883 4503 1928 4556 si

351 4603 511 4649 erunt
541 4593 778 4658 donataz,
810 4592 1014 4661 aliquid
1061 4592 1186 4646 novi
1233 4592 1430 4646 aerario
1453 4593 1688 4647 eveniet.
1713 4591 1927 4657 Quanta

353 4693 536 4736 autem
565 4682 638 4736 sit
680 4681 824 4750 apud
870 4680 1034 4734 Deum
1082 4682 1454 4737 remuneratio
1502 4695 1556 4736 et
1605 4693 1810 4752 quanta
1859 4685 1929 4740 sit

352 4773 630 4828 damnatio
661 4771 962 4826 considera.
1013 4771 1070 4826 Si
1113 4773 1258 4827 enim
1294 4788 1418 4827 eum
1455 4775 1545 4844 qui
1596 4789 1725 4842 erga
1760 4791 1924 4830 unum

351 4865 589 4933 aliquem
656 4863 969 4919 misericors
1021 4863 1221 4929 fuerit,
1278 4879 1495 4922 merces
1554 4865 1698 4934 apud
1756 4865 1925 4922 Deum

357 4966 564 5020 manet,
596 4967 649 5011 ct
703 4972 918 5012 rursum
954 4958 1152 5028 injuste
1176 4956 1229 5012 in
1265 4973 1432 5012 unum
1455 4958 1741 5028 quemdam
1768 4974 1929 5030 agen-

356 5058 461 5101 tem
493 5061 652 5118 poena
681 5056 845 5115 atque
875 5046 1137 5112 vindicta,
1180 5055 1388 5117 quanto
1436 5048 1608 5117 magis
1659 5050 1794 5102 tanti
1833 5064 1930 5118 po-

355 5142 492 5208 puli,
527 5150 607 5195 tot
641 5139 951 5203 mulierum,
1007 5141 1354 5207 miserorum,
1409 5141 1767 5209 indigentium
1809 5144 1927 5212 opi-

358 5233 546 5287 tulatio
582 5232 676 5286 tibi
722 5231 991 5285 infinitam
1016 5231 1431 5287 retributionem
1462 5247 1493 5287 a
1525 5231 1634 5289 Deo
1660 5235 1926 5305 acquiret.

355 5323 546 5390 Macte,
592 5325 666 5378 fili
716 5321 1089 5390 dilec'tissime,
1139 5324 1442 5380 Ecciesiam
1519 5326 1750 5393 honora,
1792 5337 1928 5382 utet

357 5423 412 5464 tu
445 5422 567 5480 post
597 5425 912 5471 terrestrem
968 5416 1232 5470 honorem
1280 5427 1509 5482 aeterno,
1547 5434 1710 5488 quem
1741 5419 1927 5488 utique

356 5506 723 5575 prosequeris,
784 5508 964 5577 possis
1037 5507 1265 5577 perfrui.
1321 5505 1540 5562 Utinam
1597 5525 1812 5576 semper
1860 5524 1925 5564 ca

355 5598 563 5665 cogites
595 5605 648 5650 et
681 5597 848 5653 facias
877 5615 998 5669 qua:
1048 5601 1116 5654 ad
1161 5599 1498 5656 sanctissimi
1535 5598 1628 5652 Dei
1670 5601 1922 5668 gloriam,

355 5690 422 5744 ad
457 5687 532 5743 tui
576 5687 744 5756 ipsius
784 5689 1044 5746 honorem
1081 5701 1134 5748 et
1184 5694 1415 5749 salutem
1448 5690 1798 5748 conducant!
1841 5695 1920 5750 'l‘e

2035 4494 2169 4564 σμὸς
2201 4492 2503 4564 ἐϐεϐαιώθη
2541 4493 2600 4548 ὃν
2643 4497 3074 4566 παρελογίσαντο
3117 4499 3286 4568 αὑτὴν
3317 4500 3365 4551 oi
3393 4499 3604 4570 ἀνθρω·

2031 4605 2122 4640 ποι
2151 4589 2368 4651 ἐκεῖνοι,
2401 4587 2535 4640 ἀλλά
2593 4589 2754 4643 πάλιν
2799 4591 2857 4643 ὲν
2903 4592 3024 4654 ταῖς
3059 4591 3292 4662 ἡμέραις
3329 4608 3420 4644 σου
3459 4593 3604 4644 τετί.

2034 4696 2201 4750 μηται
2230 4681 2263 4750 ἡ
2298 4679 2599 4750 Ἐκκλησία
2619 4696 2634 4712 ο
2665 4681 2852 4735 ἕνεκεν
2889 4681 2990 4752 μὲν
3021 4683 3239 4752 λιτρῶν,
3263 4683 3450 4737 τέκνον
3473 4701 3597 4752 μου,

2031 4771 2154 4825 οὕτε
2187 4773 2282 4827 ὲάν
2315 4773 2389 4844 μὴ
2429 4772 2627 4826 δοθῶσι
2654 4775 2714 4825 τὸ
2736 4777 2962 4844 ταμεῖον
2996 4779 3093 4828 τοῦ
3127 4775 3391 4846 βασιλέως
3435 4776 3606 4844 αυξτ,-

2030 4863 2281 4933 θησεται,
2309 4863 2432 4918 οὔτε
2467 4864 2561 4918 ὲάν
2590 4865 2783 4920 δοθῶσι
2804 4868 3120 4938 καινοτομία
3151 4887 3231 4932 τις
3255 4868 3402 4938 αὐτῷ
3435 4885 3607 4936 προσ-

2028 4963 2336 5031 γενήσεται.
2376 4961 2478 5016 Τὸν
2497 4961 2553 5014 δὲ
2587 4963 2774 5031 μισθδν
2800 4963 2994 5015 σκόπει
3033 4964 3196 5026 πόσος
3224 4965 3393 5028 ἐστὶν,
3420 4963 3602 5016 ὡσαύ-

2009 5070 2134 5116 ’τως
2167 5052 2258 5104 καὶ
2287 5053 2625 5122 κατάκριμα.
2671 5054 2796 5106 Ἐὰν
2826 5053 2882 5105 δὲ
2907 5054 3024 5116 ένδς
3055 5055 3374 5123 ὲλεουμένου
3404 5056 3598 5124 μισθὸς

2029 5144 2317 5198 ἀπόκειται
2345 5145 2496 5214 παρά
2535 5145 2613 5214 τῷ
2641 5145 2781 5214 Θεῷ,
2815 5147 2847 5216 ἢ
2894 5146 3058 5200 πάλιν
3087 5146 3208 5210 ἑνὸς
3239 5147 3598 5216 ἀδικουμένου

2028 5235 2246 5298 κόλασις
2276 5237 2428 5307 μένει
2467 5238 2562 5290 καὶ
2591 5237 2853 5307 τιμωρία,
2887 5239 3039 5310 πόσῳ
3085 5240 3286 5310 μᾶλλον
3340 5240 3598 5293 τοσούτου

2026 5328 2157 5380 λαοῦ
2201 5334 2293 5382 καὶ
2325 5329 2600 5398 γυναικῶν
2636 5330 2838 5384 ἀθλίων
2868 5332 3104 5401 πτωχῶν
3156 5334 3528 5404 ἠπορημένων
3565 5335 3597 5401 ὴ

2027 5418 2364 5488 ἐλεημοσύνη
2395 5418 2724 5491 προξενήσει
2760 5439 2843 5474 σοι
2874 5425 3100 5493 ἄπειρον
3135 5427 3286 5494 παρὰ
3317 5424 3453 5476 Θεοῦ
3498 5427 3600 5493 τὴν

2031 5511 2491 5582 μισθαποδοσίαν;
2543 5513 2670 5578 Ναὶ,
2702 5514 2889 5567 τέκνον
2917 5516 3280 5584 ἠγαπημένον
3300 5555 3314 5581 ,
3364 5517 3598 5587 τίμησον

2025 5607 2124 5671 τὴν
2189 5604 2549 5674 Ἐκκλησίαν,
2604 5607 2689 5659 ἵνα
2747 5609 2842 5659 καὶ⁸
2893 5609 2959 5660 σὺ
3019 5611 3157 5677 μετά
3203 5607 3300 5676 τῆς
3347 5609 3596 5674 ἐπιγείου

2025 5695 2191 5767 τιμῆς
2217 5697 2428 5766 καὶτῆς
2449 5697 2690 5766 αἰωνίου,
2714 5699 2780 5768 ἢν
2801 5699 3017 5764 πάντως
3041 5695 3156 5752 aiax
3177 5700 3258 5752 ὅτι
3284 5699 3595 5768 ἐπιθυμεῖς,
