4038 6204
396 374 505 438 275

1529 363 1840 426 NICOLAI
1880 362 1987 421 (ΖΡ.
2034 344 2543 417 PATlllARClIJE

3525 331 3632 394 2'76

398 486 485 540 nci
522 483 659 543 lucri
694 481 982 545 faciamus,
1013 478 1270 549 cumjam
1332 477 1399 533 ad
1434 478 1750 547 sepulcrum
1784 475 1966 529 inten-

2080 472 2232 540 ἡμεῖς
2270 484 2323 520 τι
2360 465 2469 519 τῶν
2511 461 2606 516 τοῦ
2642 435 2757 530 βίου
2800 456 3154 528 κερδήσωμεν
3182 469 3196 485 ·
3236 450 3331 507 καὶ
3390 446 3632 549 rep-7:81;

396 578 589 632 damus
638 573 852 639 oculos,
898 581 953 628 ct
980 555 1145 641 hujus
1173 571 1297 625 vita:
1338 570 1497 623 linem
1545 575 1957 637 exspectemus.

394 669 717 738 Quicunque
770 665 857 720 his
877 664 929 718 in
963 663 1124 718 terris
1145 661 1444 732 potentiam
1474 675 1502 715 a
1527 659 1639 714 Deo
1661 657 1960 726 accipiunt,

396 759 531 814 nihil
568 759 771 813 habent
801 756 1104 825 antiquius,
1141 754 1185 808 si
1228 754 1281 807 in
1327 752 1494 807 Deum
1541 767 1638 821 pro
1686 749 1964 805 beneficiis

393 851 529 918 grati
569 850 700 912 sint,
724 864 889 919 quam
923 848 1017 902 Dei
1055 846 1239 915 εισι-ἰαὶ
1281 844 1567 900 inservire.
1617 842 1965 898 Gloriﬁcatur

394 952 576 997 autem
614 942 778 1007 Deus,
804 940 1024 1012 quando
1058 940 1137 995 illi
1172 945 1317 993 recte
1351 951 1474 992 cum
1506 933 1735 991 subditis
1774 940 1961 1002 agunt.

398 1034 544 1089 Nihil
590 1034 934 1089 terrestrium
981 1048 1189 1095 rerum,
1245 1045 1313 1084 ne
1365 1028 1689 1097 templorum
1743 1025 1965 1095 quidem

394 1126 705 1188 aedificatio,
733 1125 815 1179 vel
846 1124 1241 1180 sacriﬁciorum
1266 1120 1502 1182 oblatio,
1536 1119 1701 1173 Deum
1748 1118 1819 1171 ita
1848 1117 1966 1185 glo-

396 1218 572 1277 rificat
604 1230 660 1274 et
692 1219 946 1283 honorat,
996 1228 1059 1271 ut
1111 1225 1255 1270 recta
1302 1211 1497 1280 agendi
1552 1213 1690 1267 ratio
1738 1219 1794 1265 et
1844 1211 1970 1265 vita:

398 1310 629 1377 puritas.
670 1309 735 1365 Et
781 1320 842 1365 tu
898 1310 1084 1378 igitur,
1136 1309 1235 1370 tili,
1282 1322 1406 1362 cum
1444 1321 1475 1360 a
1511 1306 1621 1359 Deo
1664 1304 1968 1374 potentiam

2069 538 2204 635 πρὸς
2236 560 2407 629 τάφον
2459 554 2700 627 ὁρῶμεν,
2753 549 2848 605 καὶ
2902 548 3002 618 τὴν
3044 548 3108 600 ἐκ
3158 543 3252 599 τοῦ
3298 541 3416 613 βίου
3438 538 3632 592 τούτου

2066 632 2433 727 ἀναχώρησιν.
2476 652 2631 704 Ὅσοι
2676 646 2785 700 τῶν
2819 641 3121 715 ἀνθρώπων
3171 632 3492 692 δυναστείαν
3541 633 3636 684 ἐπὶ

2066 749 2168 818 γῆς
2195 745 2348 816 παρὰ
2384 741 2518 796 Θεοῦ
2558 738 2919 809 λαμϐάνουσι,
2960 732 3120 787 τοῦτο
3164 728 3379 801 πρῶτον
3419 726 3636 818 ἔχουσιν

2068 812 2435 911 έρ-γονξὸταν
2491 835 2805 904 εὐχάριστοι
2851 826 3182 897 διαμένωσιν
3221 820 3315 875 ἐπὶ
3372 820 3491 881 ταῖς
3538 812 3635 868 τοῦ

2068 908 2204 987 Θεοῦ
2248 930 2627 999 εὐεργεσίαις,
2668 925 2766 979 τοῦ
2817 920 3139 984 σπουδάζειν
3186 911 3507 978 δοξάζεσθαι
3545 908 3639 963 τδν

2069 1027 2224 1079 Θεόν.
2261 1022 2553 1090 Δοξάζεται
2586 1020 2642 1072 δέ
2671 1020 2699 1071 ὁ
2738 1017 2869 1079 Θεὸς
2916 1015 3007 1067 δια
3048 1007 3330 1069 πολιτείας
3378 1001 3638 1071 ἐναρέτου

2071 1117 2251 1174 αὑτῶν
2283 1134 2343 1170 τε
2383 1116 2478 1169 καὶ
2507 1112 2615 1167 τῶν
2660 1107 2991 1180 ὑποχειρίων
3015 1123 3029 1137 ο
3060 1105 3120 1157 ἐν
3149 1099 3325 1180 οὐδενί
3360 1096 3469 1167 γάρ
3494 1092 3642 1147 οὕτω

2069 1208 2204 1270 Θεὸς
2233 1207 2339 1260 τῶν
2366 1203 2626 1272 ἐπιγείων
2654 1198 3001 1271 πραγμάτων
3030 1193 3151 1248 οὔτε
3184 1190 3489 1256 δοξάζεται,
3516 1184 3643 1239 οὔτε

2070 1301 2297 1369 τιμᾶται
2326 1298 2359 1367 ἢ
2393 1298 2488 1349 ἐπὶ
2520 1294 2664 1351 ναῶν
2695 1291 2975 1361 οἰκοδομῇ,
3012 1287 3044 1356 ἦ
3072 1286 3167 1340 ἐπὶ
3204 1280 3523 1354 προσενέξει
3563 1293 3647 1329 τι·

398 1400 691 1470 ucceperis,
726 1411 781 1457 et
825 1401 908 1455 vir
954 1398 1195 1470 prudens
1242 1400 1319 1454 sis
1373 1407 1427 1454 et
1474 1413 1602 1468 erga
1644 1395 1969 1451 beneﬁcium

2080 1392 2179 1447 νῶν
2212 1389 2604 1460 ἀναθημάτων,
2649 1385 2725 1448 ὠς
2778 1384 2873 1439 ἐπὶ
2923 1379 3121 1450 πράξει
3156 1375 3333 1470 ἀγαθῇ
3391 1372 3487 1470 καί
3510 1369 3648 1470 ’βίου

396 1501 604 1559 gratus,
646 1506 711 1549 ea
764 1491 929 1547 debes
967 1492 1235 1561 cogitare.
1282 1505 1379 1559 per
1432 1504 1554 1559 quae
1592 1486 1839 1542 homines
1885 1485 1971 1538 di-

2080 1456 2431 1554 καθαρότητι.
2475 1479 2586 1531 Καὶ
2632 1476 2697 1529 σὺ
2742 1472 2856 1538 οῦν,
2894 1471 3087 1525 τέκνον
3111 1464 3291 1537 ήμῶν,
3330 1459 3483 1529 παρά
3507 1456 3645 1510 Θεοῦ

402 1584 646 1651 gnioretn
681 1593 735 1640 et
770 1584 1069 1639 firmiorem
1116 1594 1170 1639 et
1219 1583 1329 1639 Deo
1349 1584 1653 1650 placentem
1684 1589 1736 1634 et
1763 1588 1974 1633 naturae

2080 1551 2255 1633 λαϐὼν
2286 1576 2346 1630 τὸ
2388 1571 2669 1633 δύνασθαι,
2697 1568 2791 1622 καὶ
2821 1566 3105 1635 ἄνθρωπος
3144 1559 3407 1630 φρόνιμος
3448 1551 3649 1651 ὣνμκαὶ

401 1673 656 1728 humanae
709 1689 815 1730 non
873 1675 1231 1743 incongruam
1292 1673 1464 1728 vitam
1528 1687 1689 1742 agere
1735 1670 1972 1740 possint.

2080 1670 2424 1741 εὐχαριστεῖν
2482 1662 2638 1726 εἰδὼς
2689 1661 2769 1731 τῷ
2803 1652 3228 1728 εὑεργετήσαντί
3285 1643 3647 1714 σε,ὀφείλεις

400 1763 581 1829 Quare
626 1765 742 1820 haec
793 1764 890 1819 tibi
938 1765 1166 1820 scribo?
1208 1764 1348 1830 Quia
1406 1762 1567 1818 nobis
1614 1761 1730 1817 heri
1787 1759 1972 1815 dixisti

2084 1764 2268 1817 ἐκεῖνα
2305 1760 2524 1829 φρονεῖν
2553 1756 2649 1810 καὶ
2676 1750 3020 1815 σπουδάζειν,
3060 1743 3143 1799 δι’
3170 1734 3245 1796 ὧν
3278 1741 3328 1793 οἱ
3369 1736 3650 1806 ἀνθρωττοι

402 1856 657 1912 Ecclesiae
721 1857 981 1914 inimicos
1051 1857 1233 1912 dicere
1288 1871 1389 1913 nos
1446 1857 1567 1911 ideo
1624 1852 1974 1909 securitatem

2084 1821 2372 1927 μέλλουσιν
2400 1850 2619 1905 ἔσεσθαι
2662 1846 2778 1916 βίου
2810 1839 3142 1912 τιμιωτέρου
3185 1834 3282 1889 καὶ
3312 1826 3649 1927 ἀσφαλεστέ-

403 1944 655 2001 Eeclesize
685 1962 786 2017 per
817 1948 1102 2019 epistolam
1136 1948 1407 2019 ﬂagitare,
1455 1949 1583 2016 quia
1624 1947 1882 2001 timemus
1911 1959 1974 1999 ne

2080 1917 2173 2019 βας
2197 1948 2363 2017 ζωῆς,
2395 1945 2489 1998 καὶ
2521 1943 2658 2013 μήτε
2686 1938 2820 1992 Θεὸν
2844 1934 3143 2002 λυποῦσης,
3177 1929 3316 1999 μήτε
3344 1924 3405 1977 τὸ
3438 1917 3652 2019 (ἔνθριέο

404 2053 597 2093 rursus
642 2038 863 2109 aliquod
919 2040 1334 2111 imperatorium
1380 2041 1659 2095 decretum
1709 2038 1837 2093 talia
1893 2038 1974 2090 vel

2080 2012 2230 2094 πινον
2279 2012 2630 2109 υδριζούσης.
2676 2032 2775 2085 Διὰ
2822 2030 2878 2083 τί
2920 2026 3119 2097 γράφω
3171 2021 3378 2111 ταῦτας
3429 2012 3652 2111 ἐπειδὴ

402 2129 583 2200 pejora
615 2129 800 2197 faciat,
831 2142 885 2187 et
909 2148 1131 2188 rursum
1169 2132 1361 2187 iisdem
1403 2144 1711 2200 graventur.
1748 2127 1812 2182 Et
1828 2127 1974 2193 inde,

2080 2132 2198 2201 χθὲς
2233 2107 2385 2192 εἶπες
2416 2127 2551 2198 πρὸς
2586 2125 2757 2195 ἡμᾶς,
2787 2122 2867 2175 ὅτι
2911 2118 3163 2187 λέγουσιν
3192 2114 3241 2166 oi
3267 2107 3652 2176 ἀνθιστάμενοι

402 2221 498 2287 tili,
532 2238 593 2277 ea
640 2226 813 2295 surgit
859 2226 1109 2296 apologia
1160 2239 1349 2281 eorum
1388 2220 1733 2277 manifestam
1770 2221 1974 2275 habens

2080 2225 2140 2293 τῇ
2192 2220 2510 2290 Ἐκκλησία,
2540 2218 2616 2281 ὡς
2641 2215 2730 2269 διὰ
2759 2212 2919 2268 τοῦτο
2946 2202 3370 2296 παραιτούμεθα
3396 2201 3455 2253 τὸ
3478 2200 3654 2296 ἀσφα-

402 2312 811 2369 damnationem
841 2332 853 2368 :
886 2316 1163 2384 quomodo
1184 2314 1330 2369 enim
1363 2315 1677 2368 sacerdotes
1710 2325 1740 2364 a
1768 2309 1969 2379 populo

2080 2279 2167 2377 λές
2206 2314 2272 2383 τῇ
2321 2279 2624 2380 Ἐκκλησία
2656 2306 2883 2375 ποιῆσαι
2919 2302 3008 2355 διά
3034 2279 3133 2369 τῆς
3171 2294 3454 2364 ἐγγράφου
3482 2292 3654 2384 άπαι-

400 2401 622 2458 di-ﬂ‘erre
673 2414 908 2475 oportet,
964 2406 1068 2462 nisi
1118 2408 1292 2463 sacris
1337 2405 1552 2476 legibus
1600 2402 1832 2457 firmiter
1880 2402 1974 2456 ad-

2080 2382 2314 2475 τήσεως,
2347 2404 2431 2456 ὅτι
2470 2398 2787 2469 φοϐούμεθα
2829 2396 3045 2466 μήποτε
3075 2389 3239 2444 πάλιν
3286 2382 3655 2476 βασιλικήᾼτις

406 2496 697 2553 θωνα]άοῖ
2084 2472 2304 2562 ἐξουσία
2337 2494 2371 2565 ἣ
2402 2492 2628 2547 τοιαῦτα
2662 2491 2696 2559 ἦ
2730 2488 2825 2542 καὶ
2853 2487 3076 2557 χείρονα
3106 2479 3346 2549 ποιήσει,
3380 2474 3471 2529 καὶ
3492 2472 3657 2527 πάλιν

401 2588 736 2660 ὑπαχθῶμεν
765 2593 876 2655 τοῖς
908 2591 1114 2654 αὐτοῖς.
1145 2591 1255 2645 Καὶ
1286 2591 1535 2650 αὐτόθεν,
1570 2590 1757 2643 τέκνον
1782 2587 1962 2658 ἡμῶν,
2011 2586 2162 2641 ἔστιν
2223 2590 2256 2658 ή
2301 2586 2567 2653 ἀπολογία
2621 2582 2799 2636 αὐτῶν
2848 2574 3091 2647 φανερὰν
3176 2574 3274 2643 τὴν
3329 2569 3657 2638 κατάκρισιν

403 2681 638 2749 ἔχουσα·
676 2684 734 2735 ἐν
765 2682 871 2737 τίνι
916 2682 1026 2752 γὰρ
1070 2682 1378 2751 ὀφείλουσιν
1419 2682 1468 2733 οί
1506 2681 1668 2751 ίερείς
1694 2680 1975 2749 διαφέρειν
2013 2679 2106 2731 τοῦ
2135 2678 2291 2743 λαοῦ,
2324 2677 2418 2731 ἐὰν
2450 2677 2524 2748 μὴ
2554 2674 2662 2727 τῶν
2692 2672 2855 2741 ἱερῶν
2884 2670 3218 2738 ἁντέχωνται
3260 2662 3472 2733 νόμων;

475 2773 700 2838 Deinde,
740 2772 838 2838 fili,
875 2773 926 2826 in
952 2772 1175 2827 militari
1204 2773 1398 2827 ordine
1433 2772 1486 2825 in
1510 2787 1619 2840 quo
1646 2769 1885 2823 nutritus
1915 2777 1971 2821 et

402 2864 668 2917 educatus
684 2878 765 2927 es,
784 2878 813 2916 a
828 2863 1053 2915 minima
1082 2862 1344 2926 dignitate
1377 2874 1548 2930 usque
1569 2860 1633 2913 ad
1654 2862 1974 2922 maximam,

406 2969 586 3008 nonne
609 2953 765 3005 multi
788 2966 949 3007 suum
983 2951 1160 3005 locum
1200 2950 1490 3005 timiditate
1521 2949 1803 3014 deserunt,
1837 2957 1889 3003 et
1910 2963 1975 3002 ex

406 3046 524 3101 acie
565 3041 1028 3114 fugiunt?Nonue,
1053 3058 1179 3098 cum
1200 3042 1253 3097 id
1272 3041 1502 3114 singulis
1538 3040 1728 3096 diebus
1741 3038 1976 3102 accidat,

407 3137 616 3207 legibus
655 3136 1004 3207 praepositos,
1036 3135 1304 3192 instanter
1330 3134 1634 3192 dissuaderi
1665 3133 1888 3200 debent,
1934 3132 1979 3187 si

407 3227 848 3283 desertoresillos
862 3237 997 3296 etex
1018 3228 1135 3282 acie
1156 3226 1427 3296 fugientes
1442 3227 1495 3279 in
1518 3223 1808 3278 militarem
1832 3219 1983 3277 ordi-

408 3334 529 3373 nem
548 3320 681 3375 ve'lis
704 3320 1028 3376 restituere?
1049 3318 1238 3373 Nonne
1254 3332 1349 3372 eos
1374 3316 1635 3370 admones
1652 3322 1706 3368 et
1742 3311 1982 3368 hortaris

406 3415 597 3483 utjam
658 3416 711 3470 id
758 3414 936 3470 facere
980 3429 1088 3468 non
1130 3413 1403 3477 audeant,
1434 3424 1611 3477 neque
1654 3423 1684 3461 a
1719 3422 1829 3477 quo
1862 3406 1981 3462 loco

409 3507 620 3571 fugiant
642 3507 957 3575 priusquam
986 3520 1082 3559 eos
1108 3503 1365 3573 recipias?
1385 3503 1477 3557 Sic
1499 3500 1753 3555 humanm
1779 3499 1983 3554 militiae

410 3599 719 3651 ﬁrmitatem
758 3598 1085 3667 postulabis,
1128 3594 1430 3666 spiritualis
1477 3604 1660 3649 autem
1696 3602 1748 3648 et
1779 3600 1983 3647 sancta:

409 3688 712 3757 despicies?
760 3687 931 3743 llomo
978 3686 1095 3749 Dei,
1162 3687 1487 3757 quicunque
1543 3692 1648 3750 est,
1699 3685 1784 3737 cui
1837 3682 1984 3737 dedit

411 3778 551 3835 Deus
578 3780 875 3851 imperare,
909 3781 1051 3851 quod
1090 3779 1200 3835 Deo
1232 3779 1407 3850 placet
1433 3789 1488 3834 et
1512 3778 1578 3833 ad
1638 3776 1979 3833 subditorum

407 3874 637 3929 salutem
666 3873 923 3941 pertinet,
952 3872 1109 3928 debet
1141 3882 1193 3927 et
1236 3873 1476 3941 cegitare
1514 3880 1565 3925 et
1596 3874 1810 3935 facere;
1850 3868 1982 3924 sub-

407 3963 504 4018 diti
537 3977 688 4030 vero,
711 3977 758 4018 st
782 3962 1109 4028 obedieriut,
1138 3977 1291 4017 suam
1314 3961 1543 4016 salutem
1573 3960 1871 4016 invenient:
1897 3959 1983 4013 sin

411 4055 593 4109 minus
631 4053 1179 4120 condemnahuntur;
1222 4053 1329 4107 dus
1374 4063 1554 4108 autem
1605 4067 1711 4107 non
1754 4052 1982 4106 damnav

408 4151 500 4197 tus
552 4140 676 4207 erit,
713 4142 863 4210 quia,
914 4141 1062 4212 quod
1120 4156 1424 4210 praecavere
1462 4140 1667 4207 debuit,
1708 4139 1980 4209 prteravit.

409 4231 523 4286 Cur
568 4231 906 4303 legislatures
957 4232 1300 4288 honorantur
1335 4241 1390 4287 et
1440 4231 1627 4286 felices
1654 4231 1818 4287 sunt?
1845 4228 1982 4295 Quia

410 4326 558 4394 leges
574 4332 908 4391 statuerunt,
926 4326 1159 4381 salutem
1185 4324 1466 4379 hominum
1484 4323 1859 4395 praemeditati.
1879 4322 1984 4389 Qui

2103 2794 2121 2809 ο
2153 2738 2309 2835 Εἶτα,
2338 2738 2527 2821 τέκνον
2563 2738 2755 2833 ήμῶν,
2796 2761 2852 2814 ἐν
2884 2755 3187 2830 παρατάξει
3230 2752 3502 2821 πολεμικῇ
3533 2748 3589 2800 ἐν

2083 2861 2179 2914 καὶ
2205 2859 2512 2931 ἀνετράφης
2542 2855 2635 2909 καὶ
2656 2849 2985 2921 ἐπαιδεύθης
3006 2849 3113 2903 ἀπὸ
3138 2846 3339 2917 μικρᾶς
3362 2841 3530 2914 ἀρχῆς
3556 2838 3656 2907 καὶ

2084 2953 2187 3014 ἕως
2221 2952 2322 3021 τῆς
2353 2951 2639 3021 μεγίστης,
2671 2945 2795 3013 οὐχὶ
2838 2942 3024 2997 πολλοὶ
3053 2937 3531 3008 καταλιμπάνουσι
3552 2932 3653 3001 τὴν

2083 3042 2294 3097 οἰκείαν
2325 3040 2479 3109 τάξιν
2509 3036 2613 3091 ὑπὸ
2641 3036 2866 3097 δειλίας,
2898 3032 2990 3086 καὶ
3015 3030 3309 3100 φεύγουσιν
3329 3028 3394 3079 ἐκ
3418 3023 3517 3094 τῆς
3548 3038 3655 3073 πα·

2088 3132 2396 3206 ρατάξεωςς
2427 3132 2518 3202 Μὴ
2548 3129 2640 3185 οῦν
2668 3125 2858 3198 ἐπειδὴ
2886 3123 3046 3178 τοῦτο
3084 3122 3220 3177 καθ’
3245 3120 3481 3187 ἑκάστην
3516 3130 3659 3183 συμ-

2084 3228 2263 3282 ϐαίνει
2288 3227 2415 3289 τοὺς
2441 3222 2729 3294 κειμένους
2764 3218 2851 3273 ἐπ’
2878 3217 3060 3280 αὐτοῖς
3092 3215 3280 3284 νόμοις
3310 3210 3406 3265 καὶ
3426 3207 3660 3277 ἀσφαλι-

2085 3318 2345 3390 ζομὲνους
2380 3312 2827 3386 παραιτήσασθαι
2871 3309 3041 3380 ἔχεις,
3088 3308 3183 3361 ἐάν
3216 3302 3489 3377 βουληθῇς
3529 3301 3660 3363 τοὺς

2083 3410 2447 3472 λειποτάκτας
2483 3406 2726 3469 ἐκείνους
2756 3403 2853 3457 καὶ
2900 3402 3173 3471 φυγόντας
3204 3398 3304 3467 τὴν
3345 3391 3662 3467 παράταξιν

2085 3503 2248 3559 πάλιν
2286 3503 2365 3564 είς
2396 3500 2496 3569 τὴν
2530 3492 2931 3569 στρατιωτικὴν
2973 3490 3231 3559 δέξασθαι
3258 3489 3460 3555 τάξινς
3494 3483 3655 3540 Ἀλλ’

2084 3588 2208 3660 οὐχὶ
2240 3586 2454 3659 πρῶτον
2474 3585 2832 3654 σωφρονήσας
2856 3582 3077 3645 αὐτοὺς,
3100 3579 3195 3633 καὶ
3215 3574 3664 3646 ἀσφαλισάμενος

2085 3685 2165 3747 είς
2193 3681 2253 3735 τὸ
2284 3678 2482 3751 μηκέτι
2535 3676 2776 3731 τοιοῦτον
2820 3674 3119 3745 τολμῆσαι,
3159 3670 3294 3743 μηδέ
3354 3668 3665 3737 ἀποφυγεῖν

2085 3778 2183 3846 τῆς
2214 3772 2424 3836 οἰκείας
2454 3770 2686 3836 τάξεως.
2734 3768 2910 3831 οὕτως
2940 3765 3139 3828 αὐτοὺς
3178 3762 3492 3835 παραδέξῃς
3537 3757 3661 3813 εἶτα

2085 3867 2180 3922 ἐπὶ
2206 3865 2307 3935 μὲν
2337 3865 2437 3933 τῆς
2475 3861 2826 3933 ἀνθρωπίνης
2868 3856 3158 3929 στρατείας
3196 3854 3371 3918 οὕτως
3393 3852 3662 3921 ἐπιζητή-

2088 3977 2202 4024 σεις
2234 3958 2555 4029 ἀσφάλειαν,
2591 3955 2686 4008 ἐπὶ
2722 3954 2778 4008 δὲ
2826 3951 2926 4022 τῆς
2963 3946 3345 4018 πνευματικῆς
3374 3945 3465 3998 καὶ
3497 3941 3663 4011 ἁγίας

2086 4053 2246 4107 τοῦτο
2298 4047 2706 4122 παραϐλέψειςς
2756 4045 2815 4099 '0
2854 4043 2946 4097 τοῦ
2986 4040 3123 4095 Θεοῦ
3175 4038 3486 4110 ἄνθρωπος,
3513 4035 3665 4097 ὅστις

2088 4146 2154 4199 ἂν
2183 4141 2242 4218 ᾖ,
2272 4144 2368 4197 καὶ
2395 4143 2587 4213 ἄρχειν
2626 4137 2734 4193 ὑπὸ
2774 4135 2911 4191 Θεοῦ
2950 4129 3564 4202 καταπεπιστευμένος,
3600 4125 3661 4179 τὸ

2089 4236 2327 4303 ἀρέσκον
2374 4231 2494 4302 Θεῷ
2554 4231 2649 4285 καὶ
2706 4230 2787 4294 είς
2845 4224 3125 4298 σωτηρίαν
3182 4223 3295 4276 τῶν
3329 4218 3661 4290 ὑποχειρίων

2088 4328 2359 4399 ὑπάρχον,
2384 4324 2593 4395 ὀφείλει
2623 4324 2719 4378 καί¹
2750 4322 2972 4392 φρονεῖν
2994 4320 3092 4373 καὶ
3123 4318 3320 4372 ποιεῖν.
3353 4315 3416 4368 Οί
3444 4312 3500 4366 δὲ
3527 4312 3664 4364 ὕπο-

412 4428 593 4473 autem
621 4418 766 4489 leges
789 4417 1285 4488 transgrediuntur;
1322 4417 1662 4473 miserabiles
1684 4425 1830 4470 sunt.
1868 4414 1974 4471 Ne-

2086 4421 2307 4491 χείριοι,
2343 4419 2439 4470 ἐὰν
2469 4415 2568 4486 μὲν
2595 4413 2925 4484 φυλάξωσιν,
2950 4411 3267 4482 εὑρίσκουσι
3309 4405 3409 4478 τὴν
3452 4402 3666 4457 ἐαυτῶν

410 4509 654 4578 queideo
682 4510 857 4577 legum
885 4510 1082 4564 latores
1101 4508 1184 4563 vel
1204 4524 1393 4562 eorum
1419 4523 1556 4577 opus
1591 4509 1974 4577 vituperantun

2092 4510 2387 4582 σωτηρίαν.
2420 4509 2484 4560 Et
2515 4507 2571 4560 δέ
2610 4507 2685 4577 μὴ
2723 4504 3063 4575 φυλάξωσιν,
3106 4500 3263 4557 αὐτοὶ
3291 4499 3391 4571 μὲν
3422 4511 3665 4551 κατακε-

415 4603 561 4670 quod
596 4603 741 4670 leges
792 4601 1087 4655 statuerint
1115 4615 1251 4669 quas
1300 4599 1547 4670 plerique
1592 4599 1897 4667 hominum,
1932 4613 1974 4656 Ill

2088 4602 2368 4674 κριμένοι,
2425 4602 2453 4654 ὁ
2518 4600 2576 4654 δὲ
2648 4598 2834 4671 ἄρχων
2887 4596 3295 4666 ἀκατάκριτος,
3348 4590 3479 4645 διότι
3528 4589 3664 4656 ὅπερ
3748 4616 3764 4632 .

411 4691 549 4745 bene
572 4692 715 4746 nosti
750 4692 821 4745 fili
862 4692 956 4757 mi,
984 4690 1308 4746 conculcant
1332 4701 1386 4745 et
1415 4690 1715 4761 negligant.

2087 4688 2318 4759 ὤφειλεν
2368 4690 2577 4752 ἐκεῖνος
2606 4686 2997 4758 προενοήσατο.
3029 4684 3127 4737 Διά
3166 4682 3220 4735 τί
3245 4682 3339 4736 καὶ
3367 4680 3415 4733 oi
3442 4676 3667 4747 νομοθέ-

409 4802 500 4839 ται
531 4786 700 4855 τίμιοι
744 4783 839 4837 καὶ
881 4786 1177 4856 μακάριοι;
1256 4784 1378 4836 Ὀτι
1452 4785 1652 4854 νόμους
1698 4782 1881 4838 ἔθεντο
1956 4782 2348 4854 προνοούμενοι
2394 4782 2493 4853 τῆς
2563 4782 2838 4852 σωτηρίας
2897 4779 3007 4833 τῶν
3100 4775 3406 4848 ἀνθρώπων
3441 4790 3456 4806 ο
3505 4773 3554 4825 οἱ
3609 4771 3668 4825 δὲ

411 4875 842 4949 παραϐαίνοντες
890 4875 1017 4939 τοὺς
1070 4878 1292 4945 νόμους,
1356 4876 1616 4930 ἐλεεινοί·
1666 4876 1762 4929 καὶ
1792 4878 1853 4929 οὑ
1889 4877 1976 4931 διά
2012 4875 2241 4929 τοῦτοοὶ
2284 4874 2573 4946 νομοθέται
2614 4873 2880 4944 μεμπτοὶ,
2941 4869 3069 4942 ἥτὸ
3120 4870 3283 4940 ἔργον
3350 4865 3552 4931 αὐτῶν,
3582 4864 3667 4918 ὅτι

407 4973 615 5042 ἔθηκαν
650 4971 873 5040 νόμους,
906 4968 999 5033 οὒς
1027 4972 1078 5023 ut
1119 4970 1362 5023 πλεῖστοι
1396 4970 1506 5023 τῶν
1549 4969 1875 5042 ἀνθρώπων,
1907 4970 1982 5035 ὡς
2022 4971 2117 5025 καὶ
2164 4970 2326 5032 αὐτος
2406 4966 2719 5036 γινώσκεις,
2765 4963 2957 5018 τέκνον
3004 4962 3195 5033 ἡμῶν,
3278 4957 3668 5015 καταπατοῦσι

410 5068 504 5120 καὶ
536 5064 871 5138 παρορῶσιν.

483 5157 642 5214 Deiis
669 5167 849 5212 autem
876 5157 971 5226 qui
1000 5156 1192 5212 dicunt
1222 5172 1310 5213 res
1337 5167 1553 5213 nostras
1585 5158 1727 5213 male
1783 5173 1842 5213 se
1891 5158 1974 5212 ha.

2160 5153 2296 5224 Περὶ
2326 5152 2382 5205 δέ
2418 5151 2527 5203 τῶν
2555 5149 2861 5218 λεγόντων,
2901 5149 2986 5201 ὅτι
3024 5144 3114 5199 διὰ
3147 5144 3306 5198 τοῦτο
3337 5140 3670 5212 δυστυχοῦσι

410 5248 538 5303 bere
560 5249 705 5319 quod
747 5246 1005 5303 Ecclesiae
1052 5262 1161 5302 non
1184 5247 1443 5303 uniantur
1482 5248 1575 5319 qui
1626 5260 1847 5318 quartas
1886 5265 1974 5303 nu-

2094 5244 2164 5298 τὰ
2203 5245 2507 5315 πράγματα
2529 5242 2628 5311 τῆς
2656 5240 2932 5303 πολιτείας
2967 5238 3145 5309 ήμῶν,
3189 5235 3379 5305 ἐπειδὴ
3432 5235 3508 5305 μὴ
3544 5250 3673 5285 συν-

412 5339 553 5404 ptias
592 5351 940 5411 acceperunt,
969 5353 1065 5395 eos
1094 5339 1305 5393 afﬁrmo
1349 5342 1562 5396 nescire
1607 5342 1736 5411 quid
1781 5340 1974 5396 dicant

2089 5339 2331 5409 ήνωνται
2363 5338 2412 5389 ot
2440 5335 2539 5405 τὴν
2578 5334 2956 5407 τετραγαμίαν
2981 5330 3265 5400 δεξάμενοι
3283 5330 3347 5399 τῇ
3370 5324 3673 5394 Ἐκκλησία

412 5431 580 5480 autin
605 5431 804 5498 quibus
822 5431 1159 5502 argumentis
1181 5432 1476 5487 confidant.
1499 5431 1741 5485 Primum
1770 5433 1974 5501 quiden

2089 5432 2191 5504 (ι),
2220 5434 2398 5485 ἐκεῖνο
2427 5431 2594 5501 λέγω,
2645 5431 2727 5483 ὅτι
2774 5428 2895 5482 οὐδὲ
2948 5426 3009 5481 τὸ
3038 5426 3090 5479 τί
3139 5424 3394 5491 λέγουσιν
3440 5419 3671 5483 οἴδασιν,

413 5520 467 5573 in
511 5521 659 5574 omni
694 5538 753 5577 re
788 5523 1043 5592 praecedit
1083 5537 1213 5579 cura
1278 5523 1477 5580 deinde
1507 5534 1854 5593 exspectatur
1899 5523 1971 5580 De

2092 5523 2215 5578 οὐδὲ
2240 5523 2369 5593 περὶ
2399 5522 2562 5577 τίνων
2586 5521 3023 5576 διαϐεϐαιοῦνται
3051 5534 3063 5549 ·
3087 5517 3224 5571 διότι
3251 5517 3309 5569 ἐν
3342 5513 3510 5568 παντὶ
3538 5511 3674 5582 πρά.

2085 5735 2265 5790 aetate,
2305 5727 2449 5794 quod
2510 5738 2688 5781 tamen
2730 5724 2901 5779 Graeci
2957 5722 3056 5793 ipsi
3127 5719 3497 5791 religiosiores
3559 5718 3665 5775 itu-

2085 5801 2404 5853 probabant.

2078 5809 2404 5867 probabant.

482 5728 557 5799 (Ι)
591 5726 964 5784 Νινιοὺὶιὶειιὶο
988 5731 1229 5799 cpistotte
1276 5737 1504 5787 tractus.
1540 5729 1606 5781 de
1660 5728 1971 5781 Graecorum

409 5803 673 5859 aitetsus
720 5801 997 5857 humanos
1043 5803 1357 5871 schismate,
1409 5800 1614 5859 Neelai
1643 5801 1967 5871 patriarcha:
