4038 6204
342 296 445 357 277

1798 308 2209 373 EPISTOLAE.

3500 315 3610 382 278

348 428 521 479 γματι
560 410 774 481 πρῶτον
804 412 903 482 μὲν
935 414 1358 486 προηγήσασθαι
1386 418 1485 488 τὴν
1520 418 1779 491 σπουδὴν,
1804 416 1925 476 εἶτα

2036 422 2313 478 auxilium.
2358 421 2461 488 Qui
2510 422 2843 494 negligenter
2902 422 3155 492 seminat,
3218 442 3325 482 non
3377 433 3610 487 multam

352 504 672 573 περιμένειν
721 504 821 576 τὴν
865 505 1123 576 βοήθειαν
1158 508 1252 563 τοῦ
1296 509 1455 564 Θεοῦ.
1481 511 1671 577 Οὐδεὶς
1703 513 1924 584 ἀμελῶς

350 594 605 665 σπείρας,
634 594 796 666 θέρος
831 598 968 652 πολὺ
994 597 1347 670 ἐγεώργησεν
1368 619 1382 633 ο
1416 603 1591 666 οὐδεὶς
1620 604 1695 675 μὴ
1727 607 1923 676 ἐπιμε-

350 684 456 747 λῶς
487 686 739 756 θεμέλιον
779 689 1245 760 καταϐαλόμενος,
1267 688 1416 747 οἶκον
1456 696 1673 767 ἀσφαλῆ
1699 697 1923 751 δύναται

344 779 656 847 οἰκοδομεῖν
683 798 697 811 ο
743 781 869 834 ἀλλ’
894 783 1016 839 οῦδὲ
1061 786 1278 856 πελάγη
1312 805 1397 852 τις
1442 789 1673 846 πλεῦσαι
1698 790 1925 847 δύναται

347 871 444 924 καὶ
490 873 828 942 διασωθῆναι
880 877 1143 947 ῥᾳθυμῶν
1202 882 1296 935 καὶ
1348 882 1716 952 κοιμώμενος,
1760 886 1809 937 εί
1845 885 1923 956 μὴ

348 968 809 1036 περιποιουμένου
843 970 938 1023 τοῦ
970 971 1156 1029 πλοίου
1185 973 1285 1036 τὰς
1327 974 1671 1046 ἐξαρτήσεις.
1710 977 1921 1047 Ὅμως,

343 1059 537 1110 τέκνον
562 1060 742 1128 ἡμῶν,
765 1060 1102 1132 ἐνθυμήθητι
1133 1063 1228 1121 καὶ
1260 1065 1438 1131 τοῦτο,
1469 1067 1605 1137 ὅπερ
1632 1068 1725 1121 καὶ
1748 1068 1927 1141 οἰκείᾳ

345 1150 579 1220 εἴπομεν
608 1152 850 1224 γλώσσῃ,
892 1156 975 1208 ὅτι
1008 1155 1178 1228 κυροῦ
1207 1158 1415 1212 Φωτίου
1450 1157 1547 1211 τοῦ
1580 1160 1921 1230 πατριάρχου

348 1243 443 1294 καὶ
474 1243 657 1313 πάσης
681 1245 845 1299 αὐτοῦ
882 1248 984 1319 τῆς
1013 1250 1349 1319 χειροτονίας
1382 1252 1813 1322 ἀποδιωχθείσης
1838 1253 1924 1307 διά

350 1334 588 1403 σπουδῆς
620 1336 919 1405 ἐπιμελοῦς
951 1341 1048 1391 καὶ
1094 1341 1374 1405 συντόνου,
1403 1345 1430 1396 ό
1457 1344 1677 1409 πάππος
1713 1348 1805 1400 τοῦ
1832 1347 1925 1417 βα-

348 1429 541 1493 σιλέως
563 1432 722 1502 ἡμῶν
757 1434 851 1487 τοῦ
885 1435 1055 1507 κυροῦ
1080 1437 1492 1491 Κωνσταντίνου
1522 1437 1620 1509 τὴν
1646 1439 1926 1511 Τεφρικὴν

344 1522 664 1590 ἐξηφάνισε,
698 1523 796 1596 τὴν
825 1525 995 1596 Βάριν
1020 1527 1376 1598 ἐχειρώσατο,
1400 1530 1500 1600 τὴν
1524 1531 1927 1600 Δογγιόαρδίαν

343 1612 665 1683 ὑποχείριον
688 1617 1008 1686 ἐποιήσατο,
1032 1618 1130 1688 τὴν
1158 1619 1409 1689 Τερεντὼ
1432 1622 1525 1674 καὶ
1549 1621 1685 1675 ἄλλα
1714 1622 1929 1693 κάστρα

345 1707 411 1756 ἐκ
462 1710 561 1775 τῆς
609 1710 971 1777 ἐπικρατείας
1036 1711 1147 1764 τῶν
1202 1713 1540 1785 Σαρακηνῶν
1585 1715 1925 1786 ἐξήρπασεν.

360 1798 753 1863 Ἀποθανόντος
782 1802 837 1853 δὲ
866 1803 960 1855 τοῦ
994 1804 1164 1873 κυροῦ
1206 1806 1469 1873 Ἰγνατίου
1507 1809 1597 1859 καὶ
1622 1807 1716 1860 τοῦ
1754 1807 1924 1877 κυροῦ

344 1889 557 1942 Φωτίου
592 1893 683 1943 καὶ
710 1893 809 1961 τῆς
840 1896 1179 1964 χειροτονίας
1206 1896 1372 1949 αὑτοῦ
1403 1896 1736 1958 ἑνωθέντων,
1770 1899 1801 1967 ἡ
1828 1898 1929 1950 Συ-

347 1983 597 2050 ράκουσα
624 1986 899 2055 ἠφανίσθη
932 1990 1025 2039 καὶ
1051 1990 1081 2058 ἠ
1117 1989 1335 2042 Σικελία
1364 1993 1534 2044 πᾶσα.
1572 1990 1670 2042 Διά
1691 1991 1773 2055 τί;
1830 1991 1933 2043 Διά

343 2076 443 2141 τὴν
465 2076 723 2141 ἀμέλειαν
752 2078 844 2131 τοῦ
866 2080 985 2131 τότε
1010 2080 1337 2152 δρογγαρίου
1360 2081 1455 2135 τοῦ
1490 2082 1763 2152 πλωΐμου,
1790 2082 1935 2153 λέγω

342 2167 408 2232 δὴ
437 2166 533 2219 τοῦ
578 2170 879 2240 Ἀδριανοῦ.
917 2172 1083 2225 Πάλιν
1118 2174 1176 2225 ἐν
1223 2174 1345 2237 ταῖς
1374 2174 1611 2245 ἡμέραις
1639 2174 1734 2226 τοῦ
1767 2171 1933 2243 κυροῦ

345 2259 578 2323 Λέοντος
612 2263 909 2330 γινώσκεις
938 2264 1018 2317 ὃτι
1049 2263 1077 2315 ό
1114 2264 1309 2328 Πάπας
1338 2265 1567 2334 συνῆλθε
1594 2266 1688 2317 καὶ
1718 2265 1768 2317 ol
1793 2262 1931 2334 μετά

345 2352 541 2406 τούτου
595 2354 771 2419 ὄντες,
826 2356 922 2410 καὶ
974 2356 1266 2429 ἡνώθησαν
1314 2360 1380 2429 τῇ
1453 2357 1791 2427 Ἐκκλησία,
1837 2355 1932 2409 καὶ

347 2447 577 2518 εἰρήνης
607 2448 831 2518 βαθείας
867 2448 1035 2521 οῦσης
1081 2451 1385 2521 ἀπῆλθενὴ
1423 2451 1795 2519 Θεσσαλονίκη
1836 2449 1932 2503 καὶ

346 2541 410 2590 τὸ
441 2540 939 2611 Ταυρομένιον.Διά
962 2543 1050 2609 τί;
1075 2545 1201 2596 Ὀτι
1240 2542 1475 2597 ἐνταῦθα
1512 2542 1771 2611 ἀμέλειαν
1800 2558 1934 2612 προ·

346 2631 643 2699 ηγήσαντο.
664 2635 773 2689 Καὶ
799 2636 908 2705 γὰρ
951 2635 1321 2705 ἐπιδεομένων
1360 2632 1615 2703 βοηθείας
1656 2649 1765 2686 των
1795 2634 1933 2685 Θεσ-

2028 529 2263 570 messem
2325 514 2569 584 colligit;
2632 515 2726 585 qui
2784 514 3113 585 negligenter
3180 517 3603 579 fundamentum

2022 606 2177 678 jacit,
2212 623 2318 661 non
2380 615 2556 677 potest
2611 608 2855 663 stabilem
2900 608 3124 663 domum
3167 609 3476 675 aediﬁcare;
3529 615 3610 671 sic

2029 711 2191 752 nemo
2241 712 2337 767 per
2391 699 2564 753 maria
2620 709 2802 768 potest
2851 700 3110 770 navigare
3181 710 3237 755 et
3277 702 3515 771 salvari,
3566 700 3621 761 si

2026 791 2227 845 otictur
2276 800 2329 845 et
2382 791 2638 855 dormiat,
2690 792 2792 847 nisi
2845 791 2984 845 forte
3030 794 3145 860 ipsa
3205 793 3360 848 navis
3411 795 3612 849 bonum

2024 890 2237 936 statum
2277 892 2451 936 curet.
2493 882 2706 948 Quare,
2760 883 2861 945 till,
2911 883 3011 937 hoc
3063 883 3232 937 etiam
3299 884 3608 949 considera,

2025 975 2169 1045 quod
2202 974 2297 1029 tibi
2331 983 2385 1029 et
2416 974 2536 1029 viva
2563 990 2695 1030 voce
2719 975 2957 1031 diximus
2985 994 3001 1033 :
3031 976 3325 1047 Postquam
3360 976 3614 1040 Photius.

2030 1070 2336 1137 patriarcha
2374 1079 2558 1125 uoster
2592 1085 2714 1127 cum
2765 1070 2832 1124 iis
2874 1070 3151 1130 omnibus,
3199 1085 3340 1140 quos
3391 1070 3614 1125 ordina-

2027 1170 2179 1216 verat
2206 1161 2317 1224 acri
2355 1172 2408 1216 et
2442 1160 2811 1230 perseveranti
2841 1160 3102 1232 sull‘ragio
3128 1162 3335 1231 ejectus
3357 1161 3485 1224 fuit,
3509 1160 3618 1214 im-

2029 1255 2294 1323 peratoris
2309 1254 2480 1308 nostri
2503 1252 2847 1310 Constantini
2891 1270 3027 1309 avus
3047 1253 3368 1324 Tephricam
3393 1253 3612 1308 delevito

2031 1346 2207 1401 Barim
2232 1347 2582 1416 expugnavit,
2611 1346 3047 1415 Longobardiam
3102 1346 3352 1415 subjecit,
3402 1345 3610 1399 Taren-

2030 1450 2143 1493 tum
2169 1447 2222 1493 et
2242 1438 2345 1492 alia
2365 1438 2586 1493 castella
2606 1452 2636 1493 e
2658 1438 3054 1494 Saracenorum
3103 1444 3368 1506 potestate
3386 1437 3609 1506 eripuit.

2029 1530 2237 1584 Mortuo
2249 1538 2427 1584 autem
2444 1530 2671 1599 lgnatio,
2686 1543 2847 1601 atque
2869 1531 3083 1595 l’hotio,
3101 1530 3372 1599 simulque
3391 1530 3457 1583 iis
3476 1543 3615 1597 quos

2030 1623 2383 1678 ordinaverat
2437 1623 2712 1686 adunatis,
2766 1624 3052 1693 Syracuse:
3091 1630 3147 1676 et
3203 1621 3385 1676 Sicilia
3434 1620 3614 1675 omnis

2030 1715 2202 1769 deleta
2233 1724 2333 1769 cst.
2360 1715 2581 1780 Quare?
2611 1712 2716 1768 Per
2749 1714 3010 1769 incuriam
3035 1714 3317 1784 drungarii
3364 1712 3611 1766 Adriani.

2029 1807 2263 1863 Rursum
2282 1808 2708 1878 diebusAugusti
2724 1807 2920 1862 Leonis
2939 1808 3047 1863 scis
3066 1807 3389 1863 convenisse
3406 1803 3612 1873 Pupam

2028 1906 2084 1950 et
2099 1896 2297 1966 cosqui
2313 1912 2434 1951 cum
2450 1912 2515 1951 eo
2536 1898 2754 1952 stabant
2770 1895 3401 1967 adunalosqueEcclesia:
3421 1893 3614 1961 fuisse,

2030 1999 2086 2043 et
2122 1987 2389 2058 profunda
2431 2004 2561 2058 pace
2594 1987 2804 2056 vigente
2851 1987 3053 2042 abiisse
3084 1985 3512 2041 Thessalonicen
3556 1996 3612 2038 et

2044 2081 2494 2137 Tauromenium.
2536 2079 2764 2146 Quare?
2799 2078 2937 2145 Quia
2986 2078 3057 2131 ibi
3088 2078 3244 2133 otiari
3312 2075 3615 2131 malebant.

2035 2172 2618 2230 Thessalonicensibus
2689 2171 2835 2227 enim
2917 2170 3123 2225 auxilio
3208 2167 3611 2239 indigentibus,

2033 2267 2366 2324 distulerunt
2432 2267 2500 2321 de
2544 2265 2632 2320 die
2671 2265 2727 2320 in
2795 2263 2940 2319 diem
2991 2277 3160 2319 naves
3226 2261 3478 2325 mittere,
3539 2274 3605 2314 ae

2031 2376 2123 2417 res
2152 2361 2454 2431 perdidere.
2481 2358 2617 2423 Hoc,
2658 2358 2733 2413 lili
2765 2359 2862 2425 mi,
2887 2358 3062 2428 cogita
3112 2366 3166 2412 et
3204 2356 3489 2421 meditare,
3520 2360 3613 2420 et,

2030 2454 2331 2524 Opitulante
2368 2452 2513 2516 Deo.
2566 2452 2855 2522 diligenter
2901 2452 3065 2506 rebus
3107 2450 3338 2520 publicis
3383 2461 3605 2516 operam

2030 2545 2194 2600 dabis
2221 2553 2277 2598 et
2307 2542 2642 2611 experientia
2672 2541 2902 2597 edoctus
2931 2543 3079 2597 dices
3101 2555 3207 2610 qua
3245 2539 3311 2593 de
3335 2550 3501 2592 causa
3528 2537 3602 2590 le-

2033 2633 2166 2687 lices
2196 2641 2249 2687 et
2274 2632 2523 2686 infelices
2546 2631 2658 2687 sint
2689 2630 2858 2687 cives.

348 2721 683 2777 σαλονικέων
761 2726 975 2798 ἡμέραν
1004 2727 1061 2792 ἐξ
1092 2726 1305 2795 ἡμέρας
1325 2723 1753 2792 ἀναϐαλλόμενοι
1783 2723 1919 2794 πρὸς
1952 2724 2012 2777 τὸ
2074 2724 2411 2797 ἀπολυθῆναι
2435 2726 2551 2780 ἐκεῖ
2619 2725 2888 2797 πλώϊμον.
2917 2725 3213 2779 ἀπώλεσαν
3240 2724 3310 2779 τά
3333 2723 3601 2794 πράγμα-

347 2832 437 2867 τα.
477 2815 669 2883 Τοῦτο,
710 2817 902 2871 τέκνον
943 2818 1123 2887 ἡμῶν,
1159 2819 1254 2871 καὶ
1304 2820 1492 2888 φρόνει
1537 2818 1633 2871 καὶ
1679 2817 1915 2883 διανοοῦ,
1958 2817 2052 2871 καὶ
2088 2819 2206 2888 μετ’
2265 2818 2587 2887 ἐπιμελείας
2620 2821 2714 2871 τοῦ
2756 2818 2895 2871 Θεοῦ
2934 2819 3278 2889 ἐνισχύοντός
3355 2834 3413 2870 σε
3449 2812 3609 2869 ἀντέ-

347 2928 448 2979 xw
504 2912 610 2964 τῶν
657 2913 1019 2983 πραγμάτων,
1062 2915 1157 2969 καὶ
1190 2916 1328 2987 αὐτῇ
1382 2916 1604 2989 μαθήσῃ
1650 2918 1716 2987 τῇ
1758 2915 1927 2987 πείρα
1963 2914 2026 2967 sb
2056 2914 2231 2969 αἴτιον
2272 2916 2374 2987 τῆς
2418 2914 2677 2986 εὐτυχίας
2704 2914 2813 2969 καὶ
2854 2914 2957 2985 τῆς
3025 2914 3317 2984 δυστυχίας
3387 2915 3486 2984 τῆς
3514 2927 3616 2964 πο·

349 3006 565 3070 λιτείας
598 3008 781 3077 ἡμῶν.

424 3103 627 3171 Γράιρω
650 3102 707 3154 δὲ
735 3102 907 3154 ταῦτα
937 3102 1036 3153 οὐκ
1080 3101 1526 3171 ἀποϐαλλόμενος
1583 3104 1705 3156 οὐδὲ
1749 3104 1926 3173 μισῶν

2107 3101 2229 3155 Ιῐιιιε
2251 3099 2347 3153 tibi
2374 3099 2554 3154 scribo
2578 3114 2685 3153 non
2710 3100 3035 3170 reprobatis,
3057 3115 3234 3170 neque
3256 3100 3383 3154 odio
3410 3100 3616 3158 habens

347 3196 452 3263 τὴν
491 3197 715 3266 εἰρήνην
767 3197 859 3247 καὶ
911 3195 1009 3265 τὴν
1055 3195 1250 3248 ἕνωσιν
1293 3195 1393 3262 τῆς
1447 3195 1797 3262 Ἐκκλησίας.
1840 3195 1932 3265 Μὴ

2036 3208 2219 3263 pacem
2239 3202 2291 3247 et
2311 3192 2571 3246 unitatem
2592 3192 2865 3247 Ecclesiae.
2884 3191 2962 3245 Ne
2981 3193 3116 3246 adeo
3138 3194 3239 3246 sim
3266 3193 3616 3261 insanus,ne—

344 3290 497 3342 aii-cm
531 3289 754 3358 μανείην
791 3288 943 3346 ποτὲ.
976 3288 1111 3357 μηδέ
1140 3288 1491 3358 συγχωρήσαι
1532 3288 1663 3350 Θεὸς
1691 3287 1833 3341 οὕτω
1866 3306 1932 3355 με

2036 3300 2139 3357 que
2152 3284 2437 3341 seiatDeus
2464 3298 2548 3338 me
2569 3284 2705 3339 adeo
2723 3285 3024 3339 dementem
3044 3284 3281 3351 ﬁeri,sed
3299 3302 3417 3341 eam
3435 3288 3613 3342 unita-

346 3380 569 3450 φρενῶν
620 3380 725 3445 ἔξω
781 3378 1063 3446 γενέσθαι·
1117 3378 1232 3431 ἀλλ’
1286 3378 1531 3447 ἐπιζητῶ
1581 3378 1777 3431 ἕνωσιν
1832 3379 1933 3444 τὴν

346 3475 602 3541 τιμῶσαν
632 3472 730 3540 τὴν
766 3470 1233 3541 Ἐκκλησίαν,τὴν
1262 3470 1628 3542 χαριζομένην
1657 3473 1933 3525 κατάστα-

352 3582 441 3616 σιν
490 3567 604 3625 τοῖς
666 3564 948 3633 πράγμασι
995 3564 1098 3617 ’καὶ
1150 3565 1209 3616 ἐν
1245 3562 1321 3633 τῷ
1369 3564 1597 3634 παρόντι
1642 3565 1735 3615 καὶ
1790 3560 1930 3631 μετὰ

352 3657 548 3717 ταῦτα.
583 3658 678 3710 καὶ
710 3658 795 3710 ἵνα
843 3655 917 3726 μὴ
956 3658 1020 3710 ἐκ
1068 3654 1163 3709 τοῦ
1201 3655 1318 3725 βίου
1344 3658 1734 3726 ἀπερχομένων
1771 3655 1930 3724 ἡμῶν

351 3753 388 3820 ἡ
421 3748 694 3820 ἐρχομένη
758 3750 919 3817 γενεά
985 3752 1316 3822 καταγνώσῃ
1362 3748 1519 3818 ἡμῶν
1550 3748 1624 3807 ὡς
1653 3748 1925 3818 ἀφρόνων,

350 3850 431 3909 ὡς
466 3848 701 3914 ἀλόγων,
735 3846 810 3909 ὡς
841 3847 1271 3915 καταφρονητῶν
1320 3844 1427 3898 τῶν
1458 3843 1620 3897 θείων
1660 3842 1927 3906 κανόνων,

352 3942 453 3991 καί
480 3938 569 3990 διὰ
623 3936 781 3990 τοῦτο
837 3937 932 3988 καὶ
978 3938 1126 4005 ἡμᾶς
1169 3935 1249 4005 τῷ
1283 3933 1588 4003 ἀναθέματι
1634 3933 1932 4004 παραπέμο

2034 3390 2138 3436 tem
2157 3395 2340 3449 quacro
2359 3396 2481 3448 qua:
2511 3378 2679 3435 Deum
2704 3382 3088 3441 honoret.eum
3112 3390 3310 3436 statum
3335 3382 3426 3450 qui
3456 3383 3615 3437 rebus

2030 3482 2085 3528 et
2113 3489 2256 3527 nunc
2274 3483 2530 3542 etpostea
2552 3472 2760 3536 faveat;
2788 3472 2927 3527 absit
2950 3482 3008 3527 ut
3030 3474 3138 3526 vita
3161 3472 3448 3529 defunctos
3476 3489 3581 3527 ven
3600 3504 3616 3515 -

2038 3573 2156 3618 tura
2173 3565 2448 3633 generatio
2472 3581 2568 3620 nos
2588 3574 2643 3621 ut
2668 3577 2930 3631 amentes,
2950 3569 3373 3627 irrationabiles.
3393 3577 3452 3622 ut
3476 3569 3615 3622 «livi-

2038 3672 2233 3712 norum
2266 3673 2536 3713 canonum
2565 3661 3227 3731 contemptoresdamnet,
3258 3676 3469 3729 nosque
3493 3661 3615 3715 ideo

2038 3760 2092 3804 et
2116 3766 2211 3806 vos
2237 3752 2569 3825 anathemati
2595 3762 2803 3818 voveat;
2825 3753 2968 3824 quod
3002 3754 3141 3808 solet
3162 3753 3410 3809 accidere
3428 3768 3548 3808 cum
3580 3753 3617 3805 ii

2040 3844 2133 3911 qui
2162 3859 2256 3913 per
2273 3844 2434 3899 vitam
2458 3855 2703 3916 potentes
2729 3847 2899 3911 fuere,
2925 3847 3143 3913 abeunt,
3167 3856 3220 3902 et
3241 3848 3364 3901 aliis
3384 3861 3619 3901 nascun-

2044 3944 2132 3988 tur
2156 3944 2268 3988 tum
2288 3935 2574 4005 sapientia,
2609 3946 2721 3991 tum
2750 3940 2947 4007 pietate
2970 3950 3025 3993 et
3050 3941 3245 3994 virtute
3271 3947 3615 4009 praestantes,

350 4036 532 4101 ψωσιν
558 4048 573 4062 ο
613 4032 750 4100 ὅπερ
780 4025 888 4083 οἶδε
924 4029 1261 4099 συμβαίνειν,
1287 4029 1415 4082 ὅταν
1453 4028 1502 4079 οἱ
1570 4026 1706 4088 τέως
1743 4025 1957 4080 δυνατοὶ
2001 4027 2143 4081 κατά
2194 4027 2286 4081 τὸν
2316 4028 2430 4099 βίον
2459 4030 2759 4101 ἀπέλθωσι,
2834 4032 2929 4085 καὶ
2979 4032 3129 4087 ἄλλοι
3166 4033 3467 4103 γεννηθῶσι
3519 4024 3619 4084 καὶ

350 4124 641 4197 φρονήσει,
668 4125 759 4176 καὶ
785 4124 1061 4193 εὐσεὸείᾳ,
1088 4124 1183 4176 καὶ
1207 4123 1373 4191 ἀρετῇ
1396 4120 1771 4190 διαφέροντες.

934 4258 1068 4324 OG'.
1112 4253 1351 4322 Ἀδήλῳ.

431 4396 506 4450 Τὸ
557 4396 781 4466 γνήσιον
827 4394 924 4462 τῆς
964 4393 1220 4463 στοργῆς,
1260 4390 1288 4444 ὃ
1322 4389 1460 4461 πρὸς
1501 4390 1597 4460 τὴν
1632 4390 1791 4460 ἡμῶν
1838 4405 1936 4460 με-

2581 4252 2815 4310 LXXV].
2844 4253 3075 4310 Incerto.

2118 4388 2381 4443 Sincerus
2411 4402 2587 4452 amor,
2622 4405 2785 4460 quem
2817 4406 2943 4460 erga
2981 4390 3344 4445 humilitatem
3372 4402 3615 4450 nostram

354 4490 621 4558 τριότητα
647 4491 681 4559 η
713 4487 779 4557 σὴ
829 4484 1087 4541 εὐλάὸεια
1128 4482 1414 4551 κέκτηται,
1458 4483 1628 4536 πάλαι
1681 4483 1776 4534 καὶ
1826 4483 1932 4536 διε-

2041 4490 2133 4538 tua
2198 4486 2504 4540 reverentia
2536 4485 2791 4547 exhibet,
2824 4483 3147 4553 jamdudum
3198 4493 3360 4538 notus
3390 4495 3493 4548 est.
3518 4502 3628 4542 nec-

252 4636 259 4643 ,
358 4584 527 4653 λέχθη
585 4583 683 4636 καὶ⁹
737 4582 1089 4649 γινώσκεται,
1120 4580 1181 4633 οῦ
1214 4580 1389 4637 δεῖται
1436 4581 1530 4634 νῦν
1575 4581 1939 4647 ἀποδείξεως,

357 4676 482 4728 οὐδὲ
521 4676 625 4744 τῆς
672 4675 737 4726 ἐκ
770 4674 945 4741 λόγων
985 4671 1324 4735 συστάσεως,
1380 4671 1573 4741 ἱκανῆς
1620 4669 1790 4739 οὔσης
1840 4670 1940 4739 τῆς

362 4771 429 4819 ἐκ
460 4766 569 4819 τῶν
640 4766 817 4834 ἔργων
865 4764 1277 4835 πληροφορίας·
1324 4762 1460 4815 διότι
1520 4761 1615 4816 καὶ
1666 4763 1824 4831 ἡμεῖς
1878 4761 1940 4814 οῦ

365 4858 571 4929 μικρὰν
637 4858 969 4924 εὑρίσκομεν
1025 4858 1083 4908 ἐν
1134 4857 1256 4916 ταῖς
1309 4853 1555 4923 θλίψεσιν
1608 4854 1762 4923 ἡμῶν
1803 4871 1942 4923 παρ·

360 4950 593 5022 ηγορίαν
629 4951 692 5001 ἐκ
723 4949 819 5016 τῆς
849 4948 947 5016 σῆς
979 4947 1116 5018 πρὸς
1159 4948 1308 5016 ἡμᾶς
1352 4945 1732 5013 πνευματικῆς
1756 4945 1935 4998 διαθέ-

365 5059 526 5102 σεως.
570 5042 681 5093 Καὶ
733 5038 888 5092 οὐδὲν
928 5038 1110 5108 χάριτι
1147 5040 1285 5091 Θεοῦ
1342 5038 1691 5108 ζημιούμεθα
1740 5038 1838 5107 τῆς
1877 5039 1942 5090 ἐκ

363 5135 465 5203 τῆς
496 5134 597 5203 σῆς
629 5134 852 5201 ἀγάπης
895 5132 1294 5201 περιχεομένης
1342 5134 1475 5201 ἡμῖν
1526 5132 1679 5202 ἱερᾶς
1723 5131 1941 5199 ἡδονῆς,

364 5227 553 5278 ἕνεκεν
584 5224 679 5278 τοῦ
713 5223 1023 5277 κωλύεσθαι
1051 5225 1236 5288 ἄλλοις
1280 5226 1553 5287 συνεῖναι,
1582 5224 1677 5276 καὶ
1713 5222 1802 5275 διά
1843 5221 1944 5289 τῆς

366 5319 477 5371 τῶν
517 5318 803 5386 αἰσθητῶν
850 5316 1146 5387 ὀφθαλμῶν
1193 5318 1446 5387 θεωρίας,
1484 5316 1577 5371 τοῦ
1628 5316 1945 5386 βλέμματος

365 5411 469 5479 τῆς
521 5411 760 5472 διανοίας
813 5410 1112 5473 ἀκωλύτως
1165 5412 1261 5463 καὶ
1311 5410 1551 5481 ὁρῶντος
1601 5408 1696 5461 καὶ
1743 5406 1945 5476 νοερῶς

366 5505 518 5571 ἡμεῖς
574 5501 960 5565 συνάπτοντος.
1001 5502 1158 5555 Οὖτω
1211 5502 1267 5555 δὲ
1318 5502 1411 5555 καὶ
1450 5504 1482 5572 ἡ
1520 5500 1676 5570 ὑμῶν
1725 5499 1945 5566 ὁσιότης

376 5594 541 5664 μηδὲν
576 5595 847 5665 νομιζέτω
882 5594 968 5649 διὰ
998 5595 1096 5665 τὴν
1143 5595 1463 5665 σωματικὴν
1498 5594 1802 5649 ἀπόστασιν
1847 5591 1946 5658 τῆς

372 5689 515 5741 κατὰ
586 5687 805 5757 πνεῦμα
881 5690 1177 5755 συναφείας
1262 5686 1710 5756 ἀποστερεῖσθαι.
1766 5684 1943 5747 ’Ὀπου

373 5781 481 5852 γὰρ
514 5780 745 5851 ἀληθοῦς
775 5780 992 5851 ἀγάπης
1033 5780 1225 5845 ’ἑνωτις
1253 5774 1309 5835 οὗ
1342 5780 1408 5835 ἂν
1440 5772 1540 5833 ὦσι
1576 5777 1941 5849 διεστηκότες,

2044 4574 2522 4633 demonstratione
2582 4587 2674 4631 aut
2742 4576 3035 4631 verborum
3082 4575 3239 4645 cepia
3292 4584 3434 4646 eget.
3493 4593 3618 4630 cum

2042 4682 2210 4738 opera
2247 4685 2343 4739 per
2388 4685 2447 4726 se
2486 4670 2803 4739 loquantur.
2851 4668 3201 4737 Quapropter
3248 4676 3303 4722 et
3344 4682 3445 4723 nos
3510 4684 3619 4723 non

2043 4776 2266 4832 parvam
2297 4763 2348 4815 in
2387 4762 2658 4834 angustiis
2706 4761 2917 4816 nostris
2955 4760 3391 4815 consolationem
3426 4776 3489 4815 ex
3526 4769 3617 4814 tua

2044 4853 2099 4907 in
2134 4869 2235 4909 nos
2288 4854 2559 4925 spirituali
2617 4853 2867 4907 amicitia
2915 4852 3273 4922 percipimus.
3313 4853 3397 4917 Et,
3443 4852 3616 4921 gratia

2046 4945 2163 5010 Dei,
2200 4946 2335 5000 nihil
2373 4947 2537 5017 hujus
2585 4945 2883 5015 voluptatis
2935 4944 3224 4999 amisimus
3266 4958 3387 5013 qua:
3422 4942 3488 4996 dc
3527 4950 3618 4995 tua

2045 5038 2339 5094 dilectione
2388 5041 2442 5095 in
2498 5055 2601 5095 nos
2638 5038 2933 5103 redundat,
2974 5038 3103 5094 licet
3151 5053 3256 5092 una
3286 5051 3409 5091 esse
3451 5043 3617 5103 atque

2047 5130 2294 5200 corporis
2351 5130 2530 5185 oculis
2577 5131 2721 5184 inter
2760 5144 2861 5183 nos
2899 5128 3087 5184 videre
3114 5139 3469 5196 nequeamus.
3509 5122 3617 5178 Sed

2047 5224 2248 5277 mentis
2278 5222 2446 5288 oculi,
2501 5223 2717 5277 nemine
2750 5222 3024 5287 obstante,
3055 5230 3111 5275 et
3160 5219 3344 5274 vident
3371 5224 3427 5271 et
3457 5215 3621 5285 spiri-w

2047 5314 2268 5369 tualiter
2318 5327 2420 5367 nos
2458 5311 2689 5367 invicem
2738 5312 3002 5367 adunant.
3057 5310 3135 5364 Ita
3180 5316 3241 5362 et
3298 5316 3390 5361 tua
3444 5306 3617 5375 pietas

2050 5406 2273 5460 minime
2340 5413 2493 5475 putet
2552 5420 2611 5459 se
2667 5420 2765 5474 per
2816 5402 3155 5472 corporalem
3210 5399 3610 5469 separationem

2049 5498 2318 5569 spirituali
2369 5497 2759 5569 conjunctione
2813 5496 3049 5567 privari;
3096 5494 3411 5565 ubicunque
3464 5494 3609 5549 enim

2047 5598 2129 5641 est
2161 5586 2359 5641 sinceri
2388 5586 2594 5641 amoris
2622 5585 2823 5647 unitas,
2852 5582 3073 5653 quando
3096 5582 3165 5638 ab
3194 5584 3422 5640 invicem
3454 5582 3617 5638 amici

2047 5679 2402 5747 corporaliter
2432 5686 2775 5746 separantur.
2818 5674 2890 5729 ibi
2938 5690 3067 5730 vere
3118 5675 3416 5741 uniuntur;
3457 5675 3529 5728 ita
3555 5683 3617 5727 ut

2049 5783 2097 5829 ct
2126 5790 2224 5830 nos
2252 5772 2336 5827 illa
2377 5771 2560 5827 divina
2601 5768 2989 5840 conjunctione
3021 5784 3129 5828 non
3155 5769 3315 5826 hodie
3352 5783 3447 5823 nec
3478 5765 3640 5835 heri.‘
