4038 6204
402 256 512 317 279

1540 266 1849 326 NICOLAI
1894 269 2001 327 CP-
2050 270 2568 332 PATRIARCIUE

3560 275 3664 340 280

403 372 497 426 sed
530 370 853 440 jamdudum
890 372 1144 437 adunati,
1177 375 1422 430 locorum
1469 376 1730 431 distantia
1757 379 1981 434 minime

2090 386 2463 456 συνηνωμένοι
2496 385 2869 454 τυγχάνωσιν·
2935 386 3073 439 ὥστε
3128 385 3221 440 καὶ
3269 386 3428 454 ἡμεῖς
3490 386 3665 454 ταύτῃ

401 462 794 532 disjungimur.
828 462 934 518 Sed
962 463 1031 519 de
1071 465 1154 519 his
1183 467 1469 521 hactenus.
1497 467 1570 521 De
1598 466 1767 523 fratre
1794 479 1977 525 autem

399 564 495 610 tuo
514 556 605 624 qui
634 571 729 626 per
758 558 1121 626 ignorantiam
1146 558 1330 628 lapsus
1358 567 1462 623 est,
1490 560 1621 614 illud
1660 564 1803 631 quod
1824 564 1981 632 igne.

400 657 590 703 ranter
620 658 803 703 actum
842 658 943 715 est,
979 653 1394 721 venimjanuam
1427 670 1536 709 non
1557 655 1809 711 claudere
1843 660 1980 713 dici-

402 755 548 807 mus,
568 740 835 810 siquidem
860 741 946 796 ba:
967 744 1339 812 littermluobis
1366 749 1828 803 annuutiaverunt
1848 767 1971 805 eum

398 833 563 887 corde
597 835 838 889 contrito
868 851 988 890 esse
1012 848 1065 890 et
1090 838 1203 892 acri
1231 839 1421 895 dolore
1446 841 1824 898 dilaceratum.
1855 843 1979 899 Ideo

398 933 477 989 tu,
513 923 627 993 ipse
655 940 765 995 pra:
789 926 965 982 oculis
994 927 1201 983 habens
1236 929 1511 985 hominem
1541 942 1595 985 et
1626 933 1771 988 illius
1801 936 1975 1001 posui-

388 1017 624 1071 .Ientiam
658 1028 712 1073 et
742 1019 1097 1076 considerans
1127 1022 1293 1076 animi
1324 1024 1443 1093 ejus
1470 1025 1713 1080 dolorem
1745 1036 1803 1081 ut
1823 1028 1974 1097 judi-

396 1111 644 1177 caveris,
688 1114 971 1169 moderata
1017 1116 1494 1174 animadversione
1545 1120 1761 1189 cuipam
1826 1136 1979 1186 cura,

398 1211 538 1259 utet
570 1204 621 1258 in
658 1206 798 1262 alios
844 1222 1005 1276 agere
1050 1210 1215 1271 soles,
1244 1210 1425 1264 divina
1468 1213 1643 1282 gratia
1680 1214 1746 1266 ad
1784 1214 1836 1267 id
1868 1215 1983 1269 dis-

398 1298 613 1364 positus
641 1310 693 1354 et
725 1315 911 1355 eorum
949 1302 1042 1371 qui
1073 1303 1170 1356 tibi
1217 1303 1419 1358 subditi
1448 1312 1578 1357 sunt
1601 1315 1823 1374 peccata
1858 1322 1983 1359 cor-

399 1390 611 1459 rigens,
678 1392 1248 1463 condonationemquc
1305 1397 1604 1467 unicuique
1676 1398 1980 1452 secundum

400 1480 737 1544 posuitentiae
770 1499 1084 1540 mensuram
1118 1487 1433 1543 dimetiens.

2080 480 2146 546 τῇ
2190 477 2309 547 θείᾳ
2359 479 2552 530 ὲνώσει
2605 478 2666 530 ού
2720 475 2818 530 νῦν
2865 477 2985 530 οὐδὲ
3019 478 3167 547 χθὲς,
3194 475 3312 528 ἀλλ’
3340 477 3403 528 ἐκ
3442 477 3659 546 μακροῦ

2081 565 2176 619 τοῦ
2206 567 2401 636 χρόνον
2454 567 2820 638 συνημμένοι,
2854 569 2919 638 τῇ
2950 569 3149 638 τοπικῇ
3176 566 3456 619 διαστάσει
3498 568 3662 621 οὐδα-

2085 658 2201 726 μῶς
2257 658 2632 730 χωριζόμεθα.
2698 659 2861 714 Ἀλλά
2919 660 3077 713 τοῦτο
3136 660 3234 730 μὲν
3289 658 3465 723 οὕτως
3523 660 3663 730 ἔχει.

2080 751 2217 820 Περὶ
2251 750 2308 803 δὲ
2349 751 2445 803 τοῦ
2478 751 2778 821 σφαλέντος
2798 751 3031 821 ἀδελφοῦ
3071 751 3138 804 δι’
3177 751 3422 819 ἄγνοιαν,
3464 753 3646 806 ἐκεῖνό

2078 858 2282 912 φαμεν,
2344 843 2421 907 ὡς
2470 844 2571 896 οὐκ
2638 844 2921 898 ἀποκλείει
2986 843 3150 896 αὑτὸν
3205 844 3541 913 συγγνώμης
3602 844 3663 895 τδ

2082 935 2477 1006 πεπραγμένον
2507 936 2565 1000 ἐξ
2593 935 2839 1003 ἀγνοίας,
2861 936 2955 989 καὶ
2981 934 3215 1005 μάλιστα
3237 934 3312 997 ὡς
3339 934 3400 986 τὸ
3425 935 3665 1004 γράμμα

2080 1027 2356 1098 διήγγειλε
2389 1027 2813 1099 συντριϐομένου
2842 1029 2943 1097 τὴν
2976 1026 3230 1098 καρδίαν,
3257 1026 3348 1079 καὶ
3386 1026 3667 1095 δριμείαις

2083 1120 2344 1190 ἀλγηδόσι
2411 1121 2894 1191 σπαρασσομένου.
2949 1122 3048 1175 Διά
3114 1120 3272 1174 τοῦτο
3349 1118 3515 1181 αὐτὸς
3574 1120 3664 1171 ἐπ’

2083 1213 2384 1284 ὀφθαλμοῖς
2445 1213 2584 1284 ἔχων
2648 1214 2740 1267 τόν
2805 1214 3116 1285 ἄνθρωπον,
3176 1212 3271 1265 καὶ
3318 1211 3418 1281 τὴν
3450 1212 3542 1262 ἐπὶ
3592 1213 3661 1281 τῇ

2089 1306 2347 1377 μετανοίᾳ
2380 1305 2573 1360 τούτου
2609 1305 2871 1375 σπουδὴν,
2907 1305 3159 1375 καθορῶν
3200 1306 3295 1357 καὶ
3350 1305 3411 1355 τὸ
3442 1303 3666 1372 ἄλγημα

2087 1398 2187 1466 τῆς
2219 1396 2402 1466 ψυχῆς
2434 1397 2520 1466 ἐφ’
2546 1398 2672 1449 ὅσον
2704 1398 2789 1450 ἀν’
2826 1398 3156 1468 δοκιμάσῃς,
3205 1396 3523 1465 ἐπιτιμήσει
3574 1412 3670 1463 με-

2088 1490 2218 1561 τρία
2270 1491 2557 1562 ἱάτρευσον
2614 1491 2677 1541 τὸ
2735 1488 3279 1560 ἀμάρτημα,ὦσπερ
3336 1492 3432 1539 καὶ
3462 1488 3662 1547 ἐντοῖς

397 1576 578 1641 ἄλλοις
603 1580 912 1650 οἰκονομεῖν
950 1580 1182 1643 εἴωθας·
1222 1580 1342 1652 θείᾳ
1382 1580 1565 1651 χάριτι
1643 1581 2009 1646 κατασταθεὶς
2069 1584 2164 1635 ἐπὶ
2230 1581 2391 1635 τοῦτο
2451 1583 2548 1635 καὶ
2614 1582 2725 1636 τῶν
2791 1582 2896 1635 ὑπὸ
2956 1581 3051 1634 σοῦ
3106 1578 3540 1649 κυόερνωμὲνων
3602 1576 3674 1629 τά

402 1671 700 1741 σφάλματα
763 1671 1168 1744 διορθούμενος,
1229 1673 1322 1725 καὶ
1378 1673 1594 1726 ἑκάστω
1667 1674 1807 1726 κατά
1880 1674 1941 1725 τὸ
2020 1674 2220 1745 μέτρον
2275 1674 2374 1745 τῆς
2431 1674 2719 1744 μετανοίας
2775 1675 2868 1728 καὶ
2921 1673 3018 1745 τὴν
3074 1670 3419 1742 συγχώρησιν
3472 1671 3670 1738 ἐπιμε-

397 1782 426 1814 τ
436 1762 563 1833 ρῶν.

926 1903 1183 1960 LXXVII.
1232 1902 1464 1961 Incerto.

473 2038 577 2094 Per
612 2038 747 2093 alias
777 2038 890 2108 jam
920 2040 1202 2109 epistolas,
1225 2049 1278 2094 et
1305 2054 1398 2104 per
1427 2054 1542 2104 eas,
1571 2055 1604 2093 ο
1654 2039 1985 2098 beatissime,

402 2145 541 2193 ruas
602 2139 693 2185 tua
754 2130 1072 2186 fraternitas
1118 2132 1288 2197 mnsit,
1345 2131 1505 2186 didici
1555 2145 1675 2199 quae
1754 2130 1987 2199 improbi

402 2223 670 2279 dmmonis
708 2222 920 2279 insidiis
967 2224 1019 2278 in
1068 2225 1242 2279 nostri
1270 2224 1531 2293 temporis
1560 2221 1859 2277 Ecclesiam
1890 2238 1985 2277 su-

407 2323 772 2382 pervenerunt
801 2315 963 2377 mala,
995 2324 1049 2369 et
1083 2316 1214 2369 mihi
1251 2315 1464 2370 videtur
1498 2331 1690 2386 parum
1734 2329 1988 2369 necessa-

406 2405 571 2470 rium,
606 2407 718 2460 imo
764 2407 1104 2478 superﬂuum
1136 2409 1205 2463 de
1254 2408 1339 2464 his
1394 2410 1489 2463 tibi
1540 2424 1734 2464 rursus
1777 2408 1976 2462 rescri-

409 2500 555 2554 bere.
589 2496 704 2554 Hoc
734 2512 915 2555 tamen
956 2510 1148 2555 notum
1212 2501 1309 2554 tibi
1353 2501 1585 2556 facimus
1634 2516 1734 2555 nos
1775 2500 1986 2570 pridem

409 2604 515 2646 tuae
564 2590 895 2646 beatitudini
945 2607 1043 2660 per
1090 2592 1324 2648 clericos
1384 2594 1722 2648 Adeodatum
1779 2600 1833 2647 et
1886 2590 1986 2647 Pe-

406 2695 552 2739 trum
594 2685 882 2755 scripsisse
912 2685 1006 2754 qui
1047 2685 1275 2741 Romam
1315 2686 1549 2755 patriam
1585 2686 1770 2752 habet,
1803 2694 1989 2740 noster

407 2790 535 2829 vero
562 2774 738 2829 factus
754 2785 839 2829 est
856 2791 923 2829 ex
952 2790 1061 2844 quo
1087 2775 1341 2829 thronum
1366 2775 1805 2843 recuperavimns
1826 2762 1987 2844 prout

409 2881 589 2919 rerum
612 2867 665 2918 in
696 2866 935 2920 Ecclesia
966 2875 1153 2920 nostra
1181 2867 1316 2921 ordo
1344 2867 1516 2919 voluit
1543 2882 1755 2920 :sermo
1787 2882 1987 2921 neces-

408 2957 589 3011 sarius
641 2966 699 3010 ut
732 2956 877 3011 scias
923 2956 1129 3011 abolita
1183 2971 1306 3012 esse
1356 2958 1578 3011 omnino
1629 2959 1987 3027 praecedentia

409 3046 704 3115 scandala;
730 3047 1056 3117 scripsimus
1089 3063 1217 3103 vero
1258 3057 1311 3103 et
1342 3050 1808 3118 protospathario,
1848 3051 1989 3105 inter

413 3141 711 3195 Romanam
753 3149 805 3195 et
833 3140 1492 3213 Constantinopolitanam
1525 3140 1797 3196 Ecclesias
1841 3141 1980 3196 idem

2668 1896 2787 1955 OZ'.
2853 1898 2951 1955 Ἀδ
2961 1897 3100 1968 ἠλῳ.

2174 2035 2451 2106 Ἐδηλώθη
2512 2036 2606 2090 καὶ
2658 2036 2726 2089 δι’
2778 2036 2983 2106 ἐτέρων
3035 2035 3385 2105 γραμμάτων
3425 2037 3669 2099 καὶτοῖς

2092 2127 2199 2197 πρὸ
2230 2127 2408 2197 ὑμῶν,
2453 2121 2498 2180 ὦ
2546 2126 2960 2198 μακαριώτατε,
3002 2129 3096 2179 καὶ
3137 2129 3202 2196 τῇ
3239 2129 3303 2197 σῇ
3342 2126 3670 2197 ἀδελφότητι

2089 2221 2157 2273 τά
2184 2220 2240 2286 ἐξ
2276 2220 2545 2291 ἐπηρείας
2578 2218 2675 2272 τοῦ
2727 2219 2971 2290 πονηροῦ
3004 2220 3261 2288 δαίμονος
3292 2222 3372 2283 εἱς
3404 2222 3503 2289 τὴν
3546 2219 3672 2271 καθ’

2088 2313 2236 2383 ἡμᾶς
2270 2312 2600 2381 Ἐκκλησίαν
2646 2313 3059 2383 συναντήσαντα
3098 2312 3348 2382 χαλεπάο
3392 2312 3485 2365 καὶ
3524 2312 3675 2365 δοκεί

2094 2421 2184 2475 μοι
2236 2404 2296 2457 τὸ
2335 2405 2571 2475 γράφειν
2630 2404 2762 2475 περὶ
2809 2404 2921 2458 τῶν
2978 2405 3158 2457 αὐτῶν
3217 2405 3381 2457 πάλιν
3413 2404 3519 2471 ἔξω
3567 2403 3667 2460 τού

2089 2497 2304 2560 δέοντος
2328 2493 2469 2550 εἶναι
2494 2503 2588 2550 καὶ
2618 2498 2897 2567 περιττόν.
2924 2498 3073 2568 Πλὴν
3101 2498 3261 2550 τοῦτο
3297 2498 3664 2567 γνωρίζομεν,

2088 2588 2174 2641 ὅτι
2205 2587 2312 2656 πρὸ
2347 2587 2443 2640 τοῦ
2478 2588 2748 2658 παρόντος
2787 2588 3121 2658 γράμματος
3165 2587 3488 2658 ἐγράψαμεν
3527 2585 3665 2655 πρὸς

2088 2679 2189 2747 τὴν
2228 2677 2381 2746 ὑμῶν
2426 2680 2805 2748 μακαριότητα
2829 2678 2914 2731 διὰ
2945 2678 3039 2730 τοῦ
3080 2678 3345 2747 κληρικοῦ
3366 2676 3459 2730 τοῦ
3493 2676 3671 2729 Ἀδεο-

2089 2771 2249 2825 δάτου
2290 2773 2381 2824 καὶ
2418 2772 2625 2841 Πέτρου
2665 2772 2760 2823 τοῦ
2795 2771 3031 2841 πατρίδα
3088 2770 3188 2841 μὲν
3222 2770 3521 2841 ἐσχηκότος
3565 2768 3675 2837 τὴν

2102 2862 2343 2934 Ῥώμην,
2388 2864 2661 2935 ἡμετέρου
2698 2864 2753 2917 δὲ
2789 2865 2928 2934 μετά
2954 2864 3053 2933 τὴν
3086 2864 3344 2918 ἐπάνοδον
3380 2863 3536 2935 ἡμῶν
3564 2861 3667 2932 τὴν

2036 2990 2045 2996 -
2090 2961 2148 3013 ὲν
2172 2959 2247 3029 τῷ
2300 2960 2474 3030 θρόνῳ
2541 2959 2981 3030 χρηματίσαντος
3038 2958 3353 3028 ἀνθρώπου,
3409 2956 3594 3019 καθὼς
3625 2957 3659 3025 ή

2088 3053 2197 3105 τῶν
2228 3052 2570 3120 πραγμάτων
2620 3051 2913 3105 ἀκολουθία
2944 3050 3004 3103 ἐν
3036 3053 3100 3122 τῇ
3140 3050 3263 3103 καθ’
3307 3050 3455 3120 ἡμᾶς
3503 3048 3668 3117 γέγο-

2090 3162 2180 3199 νεν
2215 3146 2517 3215 Ἐκκλησία
2540 3161 2554 3175 ·
2595 3144 2750 3212 λόγος
2781 3144 3076 3211 ἀναγκαῖος
3108 3143 3245 3211 πρδς
3284 3141 3344 3194 τὸ
3378 3158 3667 3211 καταργη-

411 3234 689 3288 vinculum
721 3234 1076 3304 eamdemque
1097 3234 1359 3289 unitatem
1389 3250 1508 3288 esse
1527 3249 1590 3287 ac
1610 3234 1677 3287 ab
1702 3233 1987 3289 initio.Scd

2095 3236 2257 3304 θῆναι
2301 3236 2399 3305 μὲν
2432 3235 2612 3287 τέλεον
2661 3236 2729 3287 τὰ
2776 3233 3121 3305 προλαϐόντα
3178 3233 3486 3286 σκάνδαλαο
3520 3227 3668 3283 εἶναι

414 3332 802 3397 imperatorum
845 3343 874 3381 a
923 3330 1030 3381 Deo
1061 3336 1450 3381 coronatorum
1507 3326 1853 3395 filiorumque
1888 3342 1987 3381 no-

414 3429 654 3473 strorum
690 3420 946 3473 mandata
980 3419 1045 3472 ad
1079 3435 1206 3472 eum
1256 3419 1424 3473 missa
1459 3427 1587 3472 sunt
1617 3427 1674 3471 ut
1710 3419 1799 3472 ille
1838 3428 1985 3472 tuam

412 3513 569 3565 adeat
592 3511 935 3566 sanctitatem
960 3513 1120 3580 eique
1145 3511 1323 3565 tradat
1352 3526 1599 3575 munera,
1617 3512 1791 3581 siqua
1821 3513 1989 3567 missa

414 3615 561 3670 sunt,
610 3604 875 3659 rationem
912 3606 1188 3669 reddens,
1240 3614 1293 3659 et
1342 3605 1468 3659 inde
1523 3616 1628 3660 tute
1681 3607 1992 3662 sanctitatis

416 3693 588 3748 nuntii
625 3694 852 3747 redeant
887 3704 942 3749 et
985 3695 1050 3748 ad
1107 3710 1204 3749 nos
1246 3707 1567 3761 accurrant,
1612 3708 1673 3751 ut
1715 3700 1992 3752 communi

416 3786 649 3841 consilio
691 3794 911 3839 tuorum
986 3786 1285 3855 legatorum
1330 3796 1383 3841 et
1421 3799 1622 3843 nostra:
1671 3789 1996 3844 humilitatis

420 3885 667 3932 t'rmetur
732 3878 877 3947 quod
941 3878 1120 3933 adhuc
1175 3879 1527 3950 agitationis,
1570 3881 1994 3949 praecedentium

417 3971 801 4026 rcaudalorum
826 3986 1016 4040 eausa,
1044 3972 1099 4027 in
1119 3972 1726 4044 Constantinopolitana
1753 3973 1994 4031 Ecclesia

419 4060 691 4132 superest.

2078 3328 2143 3381 δὲ
2174 3328 2363 3397 ὥσπερ
2392 3328 2449 3392 ἐξ
2479 3328 2652 3396 ἀρχῆς
2683 3326 2825 3379 οὕτω
2862 3326 2961 3379 καὶ
2986 3324 3080 3378 νῦν
3108 3326 3200 3377 τὸν
3236 3324 3532 3392 σύνδεσμον
3570 3325 3669 3376 καὶ

2086 3421 2184 3491 τὴν
2219 3421 2411 3493 ἕνωσιν
2442 3421 2538 3489 τῆς
2584 3437 2642 3472 τε
2675 3419 2991 3489 Ῥωμαῖκῆς
3034 3417 3381 3487 Ἐκκλησίας.
3443 3418 3535 3470 καὶ
3568 3418 3672 3483 τῆς

2090 3513 2151 3564 ὲν
2203 3509 2780 3563 Κωνσταντινουπόλει
2832 3509 2986 3579 παρά
3045 3508 3182 3561 Θεοῦ
3218 3508 3667 3578 κυϐερνωμένης,

2090 3603 2413 3674 ἐγράψαμεν
2463 3603 2521 3656 δὲ
2569 3603 2665 3656 καὶ
2706 3601 2783 3673 τῷ
2825 3601 3326 3673 πρωτοσ-παθαρίῳ.
3373 3602 3535 3654 Ἀλλά
3574 3602 3672 3651 καὶ

2093 3695 2203 3747 τῶν
2228 3694 2538 3762 θεοστεφῶν
2572 3693 2854 3762 βασιλέων,
2884 3693 2979 3748 καὶ
3004 3692 3217 3752 ,τέκνων
3264 3693 3443 3763 ἡμῶν,
3476 3691 3671 3745 κέλευ-

2097 3804 2182 3851 σις’
2214 3790 2351 3857 πρδς
2383 3788 2547 3839 αὐτὸν
2595 3786 2940 3856 ἐξεπέμφθη,
2975 3786 3115 3839 ὥστε
3154 3784 3485 3838 καταλαϐεῖν
3517 3786 3669 3836 ἐκεῖο

2094 3897 2185 3935 νον
2214 3881 2351 3951 πρὸς
2380 3880 2477 3951 τὴν
2529 3880 2684 3949 ὑμῶν
2728 3879 3043 3949 ἁγιωσύνην
3074 3880 3168 3933 καὶ
3212 3879 3502 3932 ἀποδοῦναι
3533 3876 3585 3929 εἴ
3618 3894 3674 3930 τι

2094 3971 2409 4041 ἐξεπέμφθη
2468 3972 2625 4040 λόγον
2686 3971 2879 4041 ἔχοντα
2945 3971 3155 4036 ξενίων,
3226 3972 3319 4024 καὶ
3380 3969 3676 4023 ἀναλαϐεῖν

2095 4064 2323 4118 αὐτόθεν
2354 4065 2689 4127 ἀποστόλους
2724 4067 2824 4131 τῆς
2862 4064 3017 4133 ὑμῶν
3066 4064 3375 4133 ἁγιότητος,
3405 4063 3498 4115 καὶ
3533 4064 3668 4114 ἀνα-

417 4155 645 4226 δραμεῖν
670 4155 805 4227 πρὸς
861 4157 1010 4227 ἡμᾶς
1070 4155 1165 4210 τοῦ
1208 4160 1360 4227 κοινῇ
1429 4157 1685 4227 συνέδρια
1730 4156 1838 4209 τῶν
1868 4173 1927 4209 τε
1996 4154 2277 4225 ὑμετέρων
2344 4153 2658 4208 ἀποστόλων
2733 4154 2826 4206 καὶ
2905 4155 3002 4224 τῆς
3066 4154 3223 4223 ἡμῶν
3285 4152 3671 4220 ταπεινότητος

420 4249 744 4304 εὐστάθειαν
777 4249 961 4303 λαϐεῖν
985 4250 1038 4303 εἴ
1066 4267 1118 4303 τι
1152 4250 1246 4304 καὶ
1295 4250 1375 4304 ἔτι
1423 4251 1776 4304 ὑπολείπεται
1803 4250 1989 4304 ἕνεκεν
2028 4247 2137 4301 τῶν
2208 4247 2589 4319 προλαϐόντων
2657 4249 2972 4302 σκανδάλων
3003 4252 3058 4302 ὲν
3112 4253 3175 4320 τῇ
3223 4251 3671 4302 Κωνσταντινου-

420 4345 657 4399 πολιτῶν
700 4343 1000 4414 Ἐκκλησία
1027 4343 1476 4414 στασιαζόμενον.

494 4435 552 4490 Si
591 4434 759 4506 igitur
814 4434 888 4488 illi
922 4432 987 4486 ad
1041 4450 1136 4488 vos
1189 4435 1532 4503 perveniant,
1554 4434 1987 4504 adimplebuntut

2175 4433 2240 4486 Εἰ
2279 4432 2377 4501 μὲν
2402 4427 2496 4485 οὖν
2528 4433 2724 4485 ἐκεῖνοι
2754 4433 3054 4486 κατέλαϐον
3087 4435 3221 4504 πρὸς
3252 4437 3418 4504 ὑμᾶς,
3445 4436 3671 4507 πληρω-

420 4546 482 4582 ea
515 4543 634 4597 qua:
662 4543 692 4580 a
722 4541 809 4579 me
835 4526 1037 4593 scripta
1085 4536 1215 4581 sunt
1256 4543 1352 4597 per
1380 4542 1569 4581 eorum
1606 4543 1731 4581 cum
1765 4529 1875 4582 tuis
1919 4527 1996 4582 le-

421 4619 561 4683 gatis
584 4616 838 4670 reditum.
865 4615 919 4669 Si
946 4616 1149 4681 minus,
1195 4626 1252 4671 ut
1285 4618 1449 4673 rebus
1484 4618 1741 4671 humanis
1774 4618 1993 4683 accidit,

423 4709 521 4764 tibi
561 4708 756 4763 adesse
782 4718 1073 4776 nequeant,
1117 4708 1207 4763 ille
1252 4719 1398 4763 certe
1425 4710 1516 4779 qui
1570 4710 1709 4763 hanc
1736 4709 1842 4765 fert
1878 4710 1995 4779 epi-

422 4804 616 4856 stolam
644 4816 675 4855 a
710 4809 895 4856 nostra
936 4801 1242 4856 humilitate
1276 4801 1501 4857 edoctus
1553 4802 1735 4856 omnia
1767 4802 1861 4856 tibi
1895 4816 1996 4854 an-

424 4893 714 4947 nuntiabit.
747 4892 809 4945 Et
854 4908 1000 4957 cum,
1052 4893 1158 4946 Deo
1207 4893 1451 4957 volente,
1496 4895 1560 4947 ad
1618 4909 1716 4948 nos
1772 4894 1993 4957 redibit,

424 4988 694 5041 mediante
721 4985 882 5039 etiam
916 4995 1110 5039 vestrae
1150 4986 1464 5040 sanctitatis
1500 4987 1794 5047 charitate,
1828 5001 1993 5054 quam

420 5081 675 5135 Christus
699 5087 752 5131 et
770 5077 911 5131 Deus
933 5087 1117 5132 uoster
1134 5079 1290 5131 nobis
1319 5079 1555 5148 reliquit,
1578 5094 1699 5132 cum
1726 5095 1790 5133 eo
1813 5094 1998 5133 accur-

424 5179 546 5226 rcnt
599 5170 784 5239 legati,
838 5179 896 5222 ut
929 5170 1065 5223 nihil
1107 5169 1219 5236 jam
1261 5186 1450 5224 eorum
1498 5187 1619 5239 quae
1658 5171 1998 5225 correctione

424 5271 602 5329 rgent.
629 5263 1001 5317 incorrectum
1036 5271 1253 5316 maneat
1276 5271 1436 5332 atque
1469 5262 1768 5318 Eeelesiam
1803 5262 1998 5316 alliciat

427 5354 669 5410 tristitia.
709 5355 766 5409 Si
796 5356 940 5410 enim
976 5370 1084 5409 non
1124 5355 1369 5416 omnino,
1403 5363 1641 5409 attamen
1676 5356 1844 5423 gratia
1878 5356 1997 5423 ejus

422 5445 518 5507 qui
547 5454 805 5502 arternum
835 5449 1117 5504 hominum
1146 5448 1430 5502 dissidium
1456 5448 1506 5501 in
1532 5448 1792 5501 unitatem
1818 5455 1998 5500 trans-

427 5538 673 5602 mutavit,
714 5552 900 5596 nostra
956 5541 1197 5597 Ecclesia
1268 5542 1378 5610 jam
1450 5540 1712 5593 unitatem
1762 5541 1994 5607 recepit;

429 5642 556 5681 mm
588 5644 809 5685 necesse
837 5644 917 5687 est
942 5645 995 5687 ut
1032 5635 1075 5687 si
1102 5634 1229 5702 quid
1257 5633 1510 5686 malitiosi
1530 5632 1791 5685 dammnis
1819 5631 1995 5684 adhuc

396 5725 685 5796 .tupersit,
722 5725 771 5781 id
810 5729 1109 5795 abolcatur,
1165 5739 1214 5783 et
1270 5743 1484 5784 rursum
1524 5726 1576 5782 in
1630 5722 1869 5780 Ecclesia
1904 5724 1994 5779 υρί

2103 4524 2329 4594 θήσεται
2359 4522 2429 4575 ’τά
2457 4524 2823 4593 γεγραμμένα
2852 4524 2937 4577 διὰ
2971 4526 3068 4593 τῆς
3098 4526 3320 4577 ἐκείνων
3351 4526 3538 4579 ἀνόδου
3574 4530 3672 4581 σὺν

2097 4620 2210 4679 τοῖς
2234 4617 2522 4687 ὑμετέροις
2548 4616 2892 4681 ἀποστόλοις.
2928 4618 2988 4670 Et
3010 4617 3089 4681 δὲ,
3116 4614 3202 4673 οἷα
3236 4618 3304 4670 τά
3330 4617 3668 4689 ἀνθρώπινα,

2097 4711 2330 4773 ἐκείνοις
2356 4711 2457 4763 οὐκ
2483 4709 2764 4777 ἐξεγένετο
2805 4712 3152 4781 παραστῆναι
3186 4714 3337 4781 ὑμῖν,
3374 4712 3488 4765 ἀλλ’
3513 4708 3673 4774 οὗτος

2098 4807 2126 4856 ό
2162 4804 2223 4857 τὸ
2277 4803 2451 4873 παρὸν
2491 4804 2725 4873 γράμμα
2775 4805 3260 4874 ἐπικομιζόμενος,
3293 4805 3478 4868 καθὼς
3520 4806 3675 4874 παρά

2098 4897 2200 4966 τῆς
2230 4898 2391 4967 ἡμῶν
2433 4896 2829 4964 ταπεινότητος
2869 4896 3133 4967 ὲνηχήθη,
3178 4897 3398 4959 πάντως
3453 4896 3676 4965 ἀπαρα-

2097 4989 2331 5051 λείπτως
2349 4989 2653 5058 ἀπαγγελεῖ
2686 4990 2882 5049 πάντα,
2904 4990 3019 5055 καὶ,
3050 4990 3187 5043 Θεοῦ
3210 4988 3558 5059 βουλομένου,
3576 4989 3677 5053 τὴν

2098 5080 2358 5132 ἐπάνοδον
2408 5078 2570 5132 αὐτοῦ
2633 5079 2958 5141 ποιουμένου
3017 5082 3155 5146 πρὸς
3192 5080 3257 5132 τά
3289 5078 3546 5141 ἐνταῦθα,
3575 5078 3676 5145 ’τῆς

2099 5173 2320 5240 ἀγάπης
2352 5172 2747 5241 μεσιτευούσης
2787 5173 2852 5241 ἣν
2896 5173 3188 5224 κατέλιπεν
3220 5173 3351 5241 ἡμῖν
3377 5172 3404 5223 ό
3436 5170 3675 5238 Χριστὸς

2101 5266 2191 5319 καὶ
2240 5266 2371 5327 Θεὸς
2428 5266 2584 5334 ἡμῶν
2618 5266 2717 5332 τῆς
2749 5265 3021 5334 ὑμετέρας
3054 5263 3387 5333 ἁγιωσύνης,
3433 5263 3669 5331 ἀναδραο

2103 5355 2330 5424 μἰὖνται
2385 5357 2481 5407 σὺν
2535 5356 2685 5425 αὐτῷ
2736 5357 2785 5408 οἱ
2845 5355 3154 5417 ἀπόστολοι,
3212 5354 3301 5406 ἴνα
3359 5353 3527 5423 μηδὲν
3588 5350 3670 5403 ἔτι

2099 5448 2398 5517 παραλυπῇ
2426 5448 2521 5518 τὴν
2562 5448 2887 5514 Ἐκκλησίαν
2922 5448 3251 5519 ἀδιόρθωτον
3293 5445 3354 5499 ὃν
3400 5444 3508 5498 τῶν
3549 5443 3669 5495 δεο-

2102 5541 2279 5610 μένων
2310 5540 2759 5610 ὲπανορθώσεως.
2792 5541 2852 5591 Εἰ
2889 5543 2995 5609 γὰρ
3016 5543 3109 5592 καὶ
3150 5538 3224 5609 μὴ
3249 5538 3310 5591 τὸ
3337 5539 3480 5600 ὅλον,
3508 5535 3668 5597 ἀλλὰ,

2100 5632 2281 5699 χάριτι
2306 5630 2397 5683 τοῦ
2423 5634 2520 5700 τὴν
2546 5631 2761 5684 αἰώνιον
2786 5631 2892 5683 τῶν
2919 5630 3226 5699 ἀνθρώπων
3258 5630 3545 5683 διάστασιν
3590 5628 3670 5687 είς

2103 5723 2297 5776 ἕνωσιν
2362 5722 2892 5791 μετασκευάσαντος,
2934 5723 2964 5793 ἡ
3003 5722 3121 5775 καθ’
3169 5723 3316 5793 ἡμᾶς
3368 5720 3672 5789 ἀπείληφεν
