4038 6204
335 297 439 363 281

335 505 394 572 ἒξ
427 508 693 578 ἐπηρείας
721 511 818 564 τοῦ
863 515 951 567 ἀεὶ
985 518 1373 585 στασιάζοντος
1417 524 1676 594 δαίμονος
1720 530 1916 585 ὑπολέ-

335 601 575 667 λειπται,
606 604 702 657 καὶ
745 605 906 660 τοῦτο
961 611 1210 667 ἐκποδὼν
1261 619 1535 686 γενέσθαι,
1580 624 1675 676 καὶ
1704 627 1918 684 τελείαν

334 695 429 745 καὶ
462 694 892 769 ἀπηρτισμένην
937 702 997 753 ἐν
1041 706 1107 774 τῇ
1161 707 1256 763 τοῦ
1313 709 1450 764 Θεοῦ
1489 713 1790 789 Ἐκκλησία
1819 721 1924 792 τὴν-

333 789 592 855 ὁμόνοιαν
647 789 994 863 διαπρέπειν.
1041 797 1311 854 Πλειόνων
1360 803 1536 872 λόγων
1586 809 1687 861 οὐκ
1743 789 1918 877 ἐστιν,

331 875 509 949 οἶμαι,
535 883 716 951 χρεία.
756 884 856 938 Διά
888 887 1047 940 τοῦτο
1071 890 1181 943 οὐδ’
1219 893 1538 966 ἐκτείνομεν
1563 899 1664 971 τὴν
1694 903 1918 958 ἐπιστο-

332 973 456 1044 λήν.
499 975 741 1046 Οἴδαμεν
802 978 914 1050 γὰρ
965 981 1376 1053 ἀναμφιϐόλως,
1416 988 1494 1054 ὡς
1531 993 1562 1062 ή
1600 995 1916 1068 τελειοτάτη

331 1065 469 1118 Θεοῦ
497 1066 682 1137 χάριτι
709 1068 930 1134 σύνεσις
969 1072 1126 1141 ὑμῶν
1151 1075 1248 1129 καὶ
1286 1077 1458 1148 χωρὶς
1483 1081 1594 1134 τῶν
1626 1065 1915 1158 ἡμετέρων

331 1161 684 1226 γραμμάτων
713 1162 897 1215 πάντα
923 1164 1260 1233 διερευνῶσα
1304 1170 1401 1222 καὶ
1431 1171 1789 1240 ἐξετάζουσα,
1822 1178 1919 1229 06-

329 1251 420 1304 ὁὲν
455 1252 682 1307 ἔλαττον
711 1257 871 1327 ἡμῶν
902 1259 1260 1325 ἐξεπίσταται
1306 1265 1374 1316 τὰ
1404 1269 1756 1336 συμπεσόντα
1783 1272 1918 1342 ἡμῖν

329 1345 424 1395 καὶ
465 1348 530 1416 τῇ
576 1348 671 1401 τοῦ
723 1349 859 1404 Θεοῦ
900 1353 1201 1428 Ἐκκλησία
1256 1359 1318 1421 ἐξ
1363 1354 1422 1412 οὗ
1473 1363 1693 1432 χρόνου,
1727 1367 1775 1417 εί
1823 1367 1918 1421 xui.

325 1437 540 1506 ἀχρεῖοι
578 1443 674 1494 καὶ
705 1443 940 1511 ἀνάξιοι,
971 1449 1053 1511 εἰς
1079 1449 1179 1518 τὴν
1216 1451 1616 1525 ἀρχιερατικὴν
1647 1457 1917 1526 κατέστη-

1803 328 2218 396 ΕΡΙΒΤΟΕΕ.

346 411 648 482 Ἐκκλησία
679 415 779 488 τὴν
817 419 1040 474 ἕνωσινο
1082 425 1174 478 καὶ
1202 425 1322 480 δέον
1353 429 1504 484 festiv
1535 433 1593 487 ετ
1628 451 1680 488 τι
1714 437 1810 490 καὶ
1836 439 1917 494 ἔτι
1944 445 1994 504 Α

3505 354 3616 424 £82

2022 446 2262 514 perfecta
2317 449 2612 506 concordia
2671 453 3004 512 inveniatur.
3046 454 3192 514 Nihil
3253 464 3485 534 amplius
3524 468 3613 523 di-

2020 540 2254 593 cendum
2291 557 2513 600 censeo.
2582 545 2704 602 Ideo
2737 550 2878 605 hanc
2908 553 3196 621 epistolam
3233 555 3448 611 brevem
3481 558 3614 613 feci-

2021 648 2164 686 mus.
2201 631 2380 690 Probe
2416 639 2563 693 enim
2613 643 2818 697 scimus
2865 644 3332 714 perfectissimam
3362 665 3484 704 esse
3517 653 3611 710 Dei

2021 727 2215 794 gratia,
2250 738 2396 782 tuam
2444 739 2704 794 mentem,
2756 744 2811 788 et
2871 738 3078 806 absque
3137 741 3340 795 nostris
3387 742 3614 799 litteris.

2020 817 2204 871 omnia
2244 830 2579 876 scrutantem
2631 834 2682 879 et
2734 810 3140 884 examinantem
3187 840 3239 885 te
3286 849 3392 886 non
3431 837 3616 891 minus

2019 923 2184 976 quam
2214 894 2590 982 nosmetipsos
2618 931 2680 970 ea
2723 933 2953 973 noscere
2984 937 3105 988 quae
3132 923 3290 977 nobis
3323 923 3616 981 Ecclesia:-

2018 1013 2126 1066 que
2157 998 2251 1054 Dei
2285 1001 2594 1058 acciderent
2629 1021 2693 1060 ex
2727 1023 2863 1076 quo,
2899 1011 3154 1078 quamvis
3193 1013 3413 1071 inutiles
3446 1025 3496 1071 et
3526 1019 3616 1071 in-

2019 1091 2167 1162 digni
2224 1093 2278 1148 in
2309 1095 2820 1169 archiepiscopatus
2870 1105 3072 1160 solium
3116 1108 3507 1176 ascendimus,
3563 1121 3618 1164 ct

2020 1196 2194 1252 usque
2235 1184 2303 1239 ad
2335 1199 2664 1256 prasentem
2711 1191 2854 1248 diem
2895 1195 2959 1249 ad
2988 1211 3173 1265 quam,
3215 1199 3383 1253 nescii
3417 1200 3616 1268 quibus

2020 1275 2116 1329 Dei
2153 1275 2403 1344 jndiciis,
2440 1281 2724 1338 doloribus
2754 1284 3008 1340 afﬂictam
3049 1288 3213 1342 vitam
3247 1299 3487 1344 nostram
3520 1306 3618 1344 cx-

2029 1365 2478 1423 tendimusJScne
2506 1372 2776 1428 valentem
2813 1384 2864 1429 te
2890 1387 3071 1432 servet
3104 1377 3367 1434 Dominus
3395 1389 3609 1445 noster,

2026 1473 2061 1513 ο
2095 1457 2267 1514 frater
2294 1461 2632 1520 beatissime.

327 1546 431 1598 μεν
452 1532 630 1596 τάξιν,
668 1535 762 1587 καὶ
795 1536 958 1606 μέχρι
989 1539 1090 1608 τῆς
1131 1543 1416 1614 παρούσης
1463 1547 1699 1620 ἡμέρας,
1728 1551 1807 1613 είς
1841 1551 1908 1621 ἢν
1941 1549 2043 1604 οὐκ
2072 1547 2188 1605 οἶδα
2239 1554 2419 1619 ποίοις
2503 1559 2737 1627 κρίμασι
2798 1561 2893 1615 τοῦ
2929 1561 3088 1627 Θεοῦ,
3138 1564 3288 1633 ὅμως
3342 1563 3388 1616 δ’
3430 1560 3524 1618 οὖν
3572 1565 3607 1635 ἠ

325 1623 607 1687 ὲπιίῆυνος
676 1627 833 1697 ἡμῶν
887 1629 1139 1715 ,ἐξέτεινε
1199 1634 1334 1707 ζωή.
1419 1639 1766 1712 Ἐῤῥωμένον
1832 1659 1890 1696 σε
1950 1643 2299 1715 διαςυλάττοι
2378 1652 2405 1702 ὁ
2460 1651 2664 1721 Κύριος
2722 1654 2918 1724 ἡμῶν,
2988 1657 3374 1727 μακαριώτατε

325 1719 546 1789 ἀδελφέ.

792 1869 918 1925 OH’.
955 1871 1084 1936 Τοῖς
1096 1875 1450 1942 μονάζουσι.

398 1979 508 2033 Καὶ
547 1983 612 2034 ὲκ
667 1984 763 2037 τοῦ
823 1987 1161 2058 γράμματος
1203 1994 1299 2046 καὶ
1353 1995 1416 2047 ὲκ
1455 1996 1551 2049 τοῦ
1597 1998 1919 2067 κομίζοντος

321 2070 722 2146 αὖτδ’μοναχοῦ
752 2077 822 2132 τὰ
875 2083 1005 2154 περὶ
1047 2085 1225 2154 ὑμῶν,
1271 2087 1410 2141 ὅσιοι
1451 2089 1546 2144 τοῦ
1575 2092 1710 2146 Θεοῦ
1746 2094 1916 2165 θερά-

321 2183 552 2230 ποντες,
588 2170 1082 2242 ἀναμεμαθηκότες
1137 2179 1238 2248 τὴν
1271 2179 1632 2254 ὀφειλομένην
1676 2185 1917 2257 ἀνεπὲμι-

319 2261 510 2331 ψαμεν
533 2262 892 2334 εὐχαριστίαν
924 2267 1004 2338 τῷ
1042 2269 1396 2341 ἐκλεξαμένῳ
1419 2274 1566 2344 ὑμᾶς
1599 2279 1662 2331 ἐκ
1692 2279 1792 2348 τῆς
1821 2281 1916 2335 τοῦ

322 2350 443 2419 βίου
504 2354 898 2426 ματαιότητος.
947 2361 1042 2413 καὶ
1082 2361 1471 2434 δυναμὼσαντι
1520 2367 1668 2440 ζωὴν
1699 2372 1917 2427 ἑλέσθαι

322 2443 428 2514 τὴν
488 2446 601 2499 τῶν
653 2448 924 2517 ἀγγέλων,
958 2452 1026 2507 δι’
1052 2449 1120 2526 ἦς
1169 2459 1262 2510 καὶ
1292 2461 1393 2529 τῆς
1425 2462 1636 2515 ἐκείνου
1677 2467 1918 2538 ἀξιωθή-

327 2537 495 2590 σεσθε
546 2543 1069 2611 συμπαραστάσεως
1116 2548 1215 2601 καὶ
1245 2547 1425 2621 δόξης,
1448 2553 1536 2606 ὅτε
1575 2555 1644 2608 τὰ
1674 2537 1918 2628 παρόντα

320 2631 422 2685 καὶ
443 2632 574 2696 τοὺς
603 2635 1006 2705 ἀπατωμένους
1044 2640 1389 2713 ἐφελκόμενα
1426 2645 1528 2715 τὴν
1555 2646 1709 2701 λύσιν
1753 2649 1912 2722 λάϐῃ,

320 2725 419 2778 καὶ
451 2726 745 2798 φανερωθῇ
774 2728 882 2784 τῶν
911 2731 1084 2799 ἁγίων
1127 2733 1160 2804 ή
1215 2737 1463 2806 μακαρία
1488 2737 1758 2812 διαγωγή.
1788 2745 1916 2796 "Ov-

315 2831 429 2879 τως
459 2818 730 2887 μακάριοί
757 2821 906 2887 ἐστε,
935 2822 1030 2875 καὶ
1070 2822 1127 2875 εῐ
1153 2842 1236 2888 τις
1265 2826 1426 2890 ἀλλος
1465 2829 1588 2883 καθ’
1630 2831 1775 2898 ὑμᾶς
1807 2851 1918 2888 τοι-

315 2911 477 2964 οῦτον
497 2912 770 2980 ἐκτήσατο
805 2913 1082 2983 φρόνημα,
1107 2916 1203 2970 καὶ
1239 2919 1507 2972 κατέλιπε
1554 2919 1652 2993 τὴν
1683 2923 1917 2978 ἄστατον

315 3003 527 3072 ταύτην
565 3002 662 3056 τοῦ
711 3002 828 3072 βίου
883 3008 1216 3077 περιφορὰν,
1275 3008 1372 3062 καὶ⁵
1414 3011 1584 3081 μόνην
1631 3011 1729 3083 τὴν
1778 3015 1915 3085 πρὸς

315 3095 451 3147 Θεὸν
473 3094 765 3166 ἐζήτησεν,
799 3097 921 3150 ὅσον
951 3097 1224 3168 ἀνθρώπῳ
1248 3098 1493 3166 δυνατὸν,
1513 3104 1574 3154 ἐκ
1592 3105 1690 3173 τῆς
1713 3106 1916 3175 σαρκὸς

316 3187 620 3258 ἐκδημίαν,
673 3189 767 3240 καὶ
824 3189 927 3258 τὴν
975 3189 1115 3260 πρὸς
1174 3191 1337 3247 αὐτὸν
1385 3192 1601 3259 ἕνωσιν,
1641 3195 1690 3247 εί
1725 3197 1821 3248 καὶ
1853 3195 1914 3249 τὸ

317 3281 468 3348 παχὺ
501 3279 662 3332 τοῦτο
702 3280 864 3350 νέφος
901 3280 999 3332 τοῦ
1047 3281 1305 3352 σώματος
1331 3285 1392 3336 οὐ
1434 3289 1714 3356 συγχωρεῖ
1747 3287 1915 3341 καθα-

319 3374 433 3446 ρῶς
463 3373 736 3444 ἐνωθῆναι
762 3374 841 3443 τῷ
866 3374 1207 3447 ποθουμένῳ.
1247 3376 1410 3430 Ἀλλά
1434 3378 1492 3432 τὸ
1527 3379 1626 3448 μὲν
1651 3380 1916 3452 ὑμέτερον

315 3464 603 3518 τοιοῦτονο
667 3465 828 3535 ἡμεῖς
869 3466 926 3518 δὲ
984 3467 1108 3520 ἀντὶ
1158 3468 1360 3532 παντὸς
1390 3468 1565 3540 δώρου
1603 3474 1703 3535 τὰς
1758 3473 1914 3536 ὁσίας

315 3557 476 3627 ὑμῶν
535 3557 706 3629 εὐχὰς
747 3558 1134 3630 ἐξαιτούμεθα,
1191 3561 1259 3624 ἂς
1304 3563 1398 3615 καὶ
1453 3563 1580 3632 ὑμῖν
1633 3565 1911 3636 εὐπρεπὲς

314 3652 606 3722 παρέχειν,
660 3652 755 3704 καὶ
807 3654 942 3722 ἡμῖν
975 3654 1275 3722 ἀναγκαῖον
1316 3655 1639 3725 λαμϐάνειν.
1692 3658 1758 3710 Τί
1801 3658 1908 3726 γὰρ

314 3742 512 3794 τούτου
541 3742 716 3811 δῶρον
757 3744 1117 3813 τερπνότερον
1149 3743 1627 3816 ἥώφελιμώτερον
1651 3765 1663 3812 ;
1687 3748 1903 3810 Ταύτας

314 3831 416 3888 οὖν
479 3834 556 3906 μὴ
607 3835 827 3905 λήγοιτε
882 3835 1146 3899 διδόντες·
1209 3839 1304 3891 καὶ
1361 3838 1722 3907 φυλάττοισοε
1779 3843 1912 3912 ἡμῖν

313 3928 629 3998 ἐρρωμένοι
684 3930 743 3981 ὲν
799 3927 990 3998 Κυρίῳ
1039 3927 1382 3999 εύοδούμενοι
1419 3929 1520 4002 τὴν
1559 3931 1781 4002 ἀρετὴν,
1818 3933 1914 3987 καὶ

310 4025 407 4078 ἀεὶ
458 4021 844 4093 προστιθέντες
911 4023 1048 4094 αὐτῇ
1079 4064 1092 4088 .
1140 4025 1332 4096 μέχρις
1387 4027 1476 4094 ἂν,
1522 4026 1632 4080 τῶν
1683 4029 1965 4098 σαρκικῶν
2005 4030 2292 4084 λυθέντων
2340 4034 2599 4102 δεσμῶν,
2653 4036 2931 4103 ἁναπτῆτε

350 4118 416 4134 -ι-

308 4119 325 4132 ς
350 4121 365 4128 -
391 4119 416 4134 ι·

309 4135 492 4188 ιὶηςιν,

892 4233 1026 4288 oon
1055 4234 1353 4304 Ἀδήλοις.

390 4343 554 4407 Ἴσως
596 4345 690 4397 καὶ
746 4345 852 4415 πρὸ
907 4341 1352 4418 τῶν“ὴμετέρων
1392 4351 1739 4421 γραμμάτων
1784 4351 1914 4420 ὑμῖν

308 4441 428 4502 τοῖς
458 4441 857 4507 πνευματικοῖς
899 4439 1058 4508 ἡμῶν
1106 4439 1318 4504 τέκνοις
1367 4444 1401 4512 ή
1435 4443 1594 4513 φήμη
1627 4444 1910 4514 διεκόμισε

1941 1847 1990 1903 Β

3451 1654 3616 1727 ἡμῶν

2514 1885 2796 1941 LXXVIII.
2844 1887 3146 1946 Monachis.

2094 1996 2170 2052 Ex
2197 1997 2397 2054 litteris
2422 2000 2528 2056 tuis
2555 2011 2607 2056 et
2635 2017 2701 2056 ex
2729 2006 3003 2060 monacho
3045 2005 3139 2075 qui
3164 2021 3258 2062 cas
3286 2008 3446 2064 nobis
3474 2018 3616 2063 attu-

2021 2089 2083 2143 lit
2111 2105 2236 2144 cum
2266 2106 2328 2146 ea
2357 2107 2480 2161 qua:
2510 2094 2576 2147 ad
2630 2111 2726 2149 vos
2757 2111 2854 2166 spe
2869 2107 3022 2153 ctant
3055 2099 3372 2167 didicimus,
3421 2103 3613 2158 Ildeles

2022 2179 2116 2236 Dei
2156 2181 2377 2251 famuli,
2438 2186 2646 2242 debitas
2702 2189 2780 2242 illi
2833 2189 3076 2246 diximus
3119 2192 3323 2262 gratias
3377 2195 3470 2262 qui
3512 2209 3613 2249 vos

2018 2291 2084 2330 ex
2125 2277 2247 2332 vitae
2276 2279 2516 2334 vanitate
2545 2281 2870 2351 segregavit,
2908 2283 3176 2353 vobisque
3205 2285 3414 2339 addidit
3440 2286 3611 2356 hujus

2022 2370 2168 2424 vites
2202 2371 2406 2440 quibus
2449 2373 2766 2442 angelorum
2793 2371 2956 2427 vitam
2987 2375 3189 2444 eligere
3221 2378 3446 2446 possitis
3471 2419 3484 2441 ,
3513 2393 3612 2433 cu-

2015 2462 2107 2529 jus
2157 2463 2428 2520 beneﬁcio
2466 2467 2614 2522 illius
2644 2470 2943 2539 consp’ectu
2986 2481 3041 2525 et
3091 2471 3260 2541 gloria
3292 2471 3439 2542 digni
3479 2487 3609 2527 eva-

2019 2556 2131 2608 suri
2168 2557 2302 2610 estis
2330 2558 2550 2625 quando
2582 2574 2691 2628 prie
2718 2561 2894 2615 scntia
2940 2572 3298 2632 errantesque
3335 2563 3613 2634 decipien-

2019 2645 2091 2699 tia
2146 2645 2538 2710 dissolventur,
2585 2655 2640 2702 et
2696 2647 2855 2704 beata
2896 2660 3213 2705 sanctorum
3252 2652 3606 2708 conversatio

2019 2737 2484 2816 manifestabitur.
2525 2740 2661 2794 Vere
2693 2741 2836 2796 beati
2867 2743 3023 2807 estis,
3055 2750 3108 2797 et
3153 2743 3470 2812 quicunque
3512 2758 3610 2798 ea-

2018 2828 2160 2894 dem,
2191 2845 2298 2899 qua
2334 2845 2455 2897 vos,
2499 2832 2770 2901 sapientia
2809 2835 3015 2904 potitus
3043 2843 3129 2891 est
3181 2835 3608 2908 instabilemque

2022 2920 2182 2990 hujus
2230 2922 2356 2976 vita:
2405 2937 2626 2977 arenam
2663 2925 2902 2995 reliquit,
2953 2937 3007 2981 et
3063 2926 3245 2982 solum
3293 2927 3490 2993 Deum,
3550 2931 3603 2983 in

2017 3025 2280 3086 quantum
2316 3018 2432 3072 lieri
2464 3027 2662 3088 potest,
2688 3030 2742 3076 et
2763 3037 2886 3076 eum
2923 3022 3015 3076 illo
3041 3023 3299 3078 unionem
3328 3024 3604 3093 qumsivit,

2018 3109 2120 3163 etsi
2167 3110 2337 3164 densa
2397 3112 2646 3180 corporis
2701 3114 2875 3167 nubes
2924 3114 3238 3170 desiderato
3290 3115 3401 3168 Deo
3454 3117 3602 3170 uniri

1942 3223 1988 3285 ε
2021 3217 2128 3255 non
2158 3203 2323 3256 sinat.
2361 3201 2424 3258 Et
2451 3203 2556 3258 hoc
2583 3203 2803 3273 quidem
2829 3204 2895 3258 ad
2930 3221 3028 3260 vos
3061 3209 3257 3262 attinet
3290 3225 3302 3260 :
3343 3223 3443 3265 nos
3470 3226 3603 3263 vero

2019 3308 2116 3361 pro
2151 3295 2299 3348 omni
2359 3295 2504 3350 dono
2538 3295 2658 3365 pias
2708 3305 2920 3353 vestras
2978 3298 3337 3369 cmagitamus
3391 3317 3601 3370 preces,

2015 3388 2162 3452 quod
2193 3398 2247 3442 et
2314 3398 2576 3458 praestare
2607 3405 2703 3444 vos
2729 3390 2905 3454 decet,
2939 3401 2994 3446 et
3031 3408 3258 3448 necesse
3292 3402 3376 3448 est
3416 3403 3474 3447 ut
3503 3409 3603 3450 nos

2013 3481 2375 3550 accipiamus.
2424 3481 2578 3548 Quod
2628 3484 2773 3538 enim
2830 3485 3034 3540 donum
3097 3501 3217 3542 esse
3249 3545 3255 3552 ,
3287 3493 3465 3556 potest
3510 3487 3602 3542 illo

2017 3573 2230 3640 gratius
2267 3584 2358 3628 aut
2391 3574 2612 3628 utilius?
2644 3575 2752 3630 llas
2783 3575 2949 3644 igitur
2972 3592 3161 3646 preces
3189 3577 3386 3632 oﬂ'erre
3413 3593 3480 3630 ne
3505 3578 3606 3634 de-

2010 3662 2226 3716 sinatis.
2259 3663 2426 3718 Nobis
2474 3664 2527 3718 in
2563 3665 2799 3720 Domino
2838 3667 2974 3722 bene
3018 3668 3216 3732 valete,
3271 3683 3594 3738 prosperum

2020 3751 2244 3807 virtutis
2298 3755 2399 3807 iter
2442 3755 2730 3820 habentes,
2785 3757 2944 3825 eique
2998 3760 3260 3812 ccutinuo
3315 3761 3602 3813 addentes.

2022 3845 2217 3909 donec,
2249 3845 2437 3900 selutis
2470 3847 2782 3902 carnalibus
2816 3849 3068 3916 vinculis,
3103 3848 3171 3903 ad
3203 3850 3477 3905 ccelestem
3511 3865 3602 3920 pa-

2027 3937 2268 3990 radisum
2298 3939 2629 3994 ascendatis.

3000 4035 3135 4106 πρὸς
3193 4036 3291 4106 τὴν
3353 4034 3608 4106 οὐράνιον

2542 4239 2778 4293 LXXIX.
2810 4238 3062 4294 Incertis.

2092 4356 2342 4410 Forsitan
2381 4365 2436 4410 et
2467 4363 2594 4409 ante
2630 4365 2846 4408 nostras
2882 4353 3098 4408 litteras
3153 4353 3312 4411 vobis
3345 4355 3610 4425 spiritua-

2018 4449 2160 4504 libus
2194 4451 2319 4505 liliis
2356 4449 2499 4503 fama
2547 4449 2731 4502 attulit
2761 4464 2886 4517 quae
2918 4447 2984 4503 de
3021 4447 3284 4514 Ecclesia;
3312 4448 3610 4518 adjuvanto

308 4536 380 4587 τὶτ
412 4533 676 4603 περὶτῆς
719 4532 1050 4602 Ἐκκλησίας
1083 4534 1189 4587 ὑπὸ
1238 4536 1339 4605 τῆς
1376 4535 1575 4600 θεῖκῶς
1618 4538 1908 4606 εὐμενείας

2018 4540 2106 4593 Dei
2175 4539 2540 4610 providentia,
2590 4548 2710 4593 acta
2762 4539 2894 4593 sint.
2957 4537 3081 4593 Iltec
3142 4547 3322 4593 tamen
3379 4541 3610 4609 epistola

309 4626 638 4698 διῳκημένα
663 4642 676 4656 ·
704 4626 844 4698 πλὴν
895 4628 992 4679 καὶ
1040 4628 1102 4680 τὸ
1131 4627 1368 4699 γράμμα
1403 4630 1578 4683 ταῦτα
1624 4631 1910 4699 εὐαγγελί-

315 4724 495 4784 ζεται,
553 4722 638 4774 ὅτι
708 4720 808 4789 τῆς
860 4719 1010 4784 Θείας
1060 4722 1402 4792 ἁγαθότητος
1425 4724 1524 4785 τὰς
1553 4725 1712 4794 ἡμῶν
1739 4741 1912 4794 παρα·

315 4813 665 4884 ελεψαμένης
696 4813 974 4885 ἁμαρτίας
1005 4815 1039 4885 ἡ
1082 4813 1379 4884 Ἐκκλησία
1409 4816 1510 4885 τὴν
1538 4815 1739 4886 πολλὴν
1769 4816 1912 4869 ὲκεί-

307 4926 412 4980 νην
439 4907 690 4962 διέλαθεν
717 4909 1008 4980 ἐπήρειαν,
1039 4910 1133 4962 καὶ
1161 4909 1299 4971 τέως
1344 4908 1394 4961 οἱ
1432 4908 1636 4977 ταύτης
1671 4909 1924 4979 ἐπηρεα-·

307 5001 436 5054 σταὶ
467 5003 570 5070 τῆς
609 5001 793 5071 βιαίας
834 5001 1018 5071 ἰσχύος
1054 5000 1392 5072 ἀφῄρηνται,
1440 5001 1532 5053 καὶ
1577 5003 1675 5070 τῆς
1705 5017 1908 5070 τυραν-

302 5095 466 5166 νικῆς
493 5096 818 5160 ἐπιθέσεως,
843 5093 1000 5165 ἡμῶν
1034 5095 1422 5149 ἀπολαϐόντων
1453 5095 1571 5160 θείᾳ
1599 5095 1782 5165 χάριτι
1809 5095 1908 5162 τὴν

304 5188 446 5241 ἰδίαν
469 5188 649 5252 τάξιν.
683 5187 750 5257 ἢν
787 5188 1138 5257 ύπήρχομεν,
1178 5188 1226 5239 εί
1264 5188 1356 5239 καὶ
1381 5189 1589 5258 ἀχρεῖοι
1624 5187 1904 5255 λαχόντες,

305 5281 407 5335 καὶ
438 5277 508 5353 ἧς
539 5283 574 5352 ή
611 5279 788 5350 βίαιος
815 5280 1068 5350 ἀπήλασε
1100 5279 1220 5351 χείρ
1247 5295 1260 5308 ’
1315 5280 1451 5334 ἀλλά
1496 5279 1558 5332 τὸ
1588 5280 1686 5350 μὲν
1713 5279 1908 5350 ἡμέτεο

307 5390 402 5442 ρον
425 5371 602 5435 οὕτως
631 5370 849 5442 εὐδοκία
875 5371 1018 5425 Θεοῦ
1065 5371 1396 5425 τετέλεσται.
1433 5371 1622 5442 Ὑμεῖς
1647 5370 1726 5437 δὲ,
1765 5371 1905 5440 ἀγα-
1947 5447 1949 5449 ι

304 5469 475 5536 πητοί
530 5469 628 5520 καὶ
681 5467 792 5520 τῶν
825 5467 988 5520 θείων
1036 5466 1356 5521 ἀποστόλων
1393 5466 1756 5536 συγκοινωνοὶ
1795 5465 1904 5519 τῶν

301 5560 580 5631 καμάτων
626 5562 723 5615 καὶ
764 5561 851 5615 διὰ
883 5561 1046 5615 τοῦτο
1081 5560 1175 5614 καὶ¹
1209 5559 1470 5625 ἀνέσεως,
1503 5561 1552 5614 οἱ
1599 5560 1904 5631 δραμόντες

300 5650 397 5705 τὸν
438 5652 715 5722 μακάριον
747 5653 974 5724 δρόμον,
1013 5647 1086 5708 ὧν
1124 5653 1174 5705 οξ
1216 5651 1376 5716 πόδες
1407 5652 1599 5722 ὡραῖοι
1629 5651 1704 5715 ὡς
1740 5651 1903 5720 εὐαγ-

303 5745 681 5813 γελιζομένων
731 5747 979 5817 εἰρήνην,
1033 5745 1094 5798 τὺ
1157 5744 1357 5799 οἰκεῖον
1406 5745 1571 5814 ἔργον
1615 5743 1696 5798 ἐτι
1732 5761 1900 5797 σπου·

307 5831 583 5908 ὃαιὸτερον
618 5837 933 5909 διανύσατε,
984 5837 1300 5901 ἐλαύνοντες
1345 5839 1404 5892 τὸ
1434 5839 1621 5902 σκότος
1647 5839 1744 5907 τῆς
1771 5838 1898 5890 Eoo-

2019 4631 2173 4686 vobis
2231 4632 2528 4686 annuntiat
2595 4630 2917 4695 Ecclesiam,
2993 4629 3306 4685 remittente
3369 4630 3611 4686 bonitate

2013 4724 2196 4779 divina
2229 4733 2449 4779 nostras
2497 4723 2708 4794 culpas,
2737 4739 2801 4778 ex
2836 4723 2922 4777 bis
2968 4722 3158 4777 multis
3207 4722 3427 4791 injuriis
3456 4723 3613 4777 eIIu-

2017 4817 2186 4887 gisse,
2243 4826 2408 4886 atque
2462 4817 2668 4872 interea
2722 4817 2845 4872 illos
2898 4816 2989 4887 qui
3043 4817 3300 4886 injuriam
3339 4817 3611 4871 faciebant

2015 4912 2252 4966 violenta
2298 4912 2346 4965 vi
2395 4926 2493 4966 sua
2543 4921 2595 4964 et
2650 4911 2862 4965 insidiis
2905 4911 3163 4966 delrusos
3214 4925 3356 4973 esse,
3434 4911 3595 4964 nobis

2012 5004 2198 5058 divina
2266 5004 2440 5074 gratia
2491 5003 2772 5073 proprium
2824 5003 3075 5058 ordinem
3153 5003 3610 5072 recuperantibus

2012 5111 2195 5163 quem,
2257 5095 2359 5148 etsi
2408 5094 2654 5159 inutiles,
2712 5094 2894 5149 sortiti
2928 5109 3153 5148 eramus
3207 5101 3260 5146 et
3307 5093 3447 5145 unde
3507 5109 3607 5147 nos

2013 5185 2252 5238 violenta
2299 5199 2494 5239 manus
2526 5183 2832 5255 expulerat.
2887 5183 2955 5237 Et
3005 5185 3086 5238 sic
3120 5197 3205 5236 res
3257 5189 3458 5234 nostra!
3507 5180 3603 5234 Dei

2012 5279 2194 5332 favore
2208 5287 2437 5344 peracta:
2465 5284 2609 5328 sunt.
2644 5274 2749 5330 Vos
2770 5283 2974 5339 autem,
3008 5273 3191 5327 dilecti
3216 5281 3269 5325 et
3290 5270 3603 5325 divinorum

2013 5370 2386 5440 apostolorum
2422 5369 2626 5424 laboris
2681 5377 2740 5423 ut
2786 5381 2840 5423 et
2879 5365 3081 5437 quietis
3133 5364 3447 5435 participes,
3501 5365 3597 5434 qui

2010 5463 2224 5519 felicem
2255 5477 2483 5518 cursum
2509 5460 2819 5530 transigitis
2842 5498 2856 5520 ,
2894 5473 3128 5528 quorum
3169 5455 3334 5526 pedes
3359 5455 3601 5526 pulchri,

2010 5564 2194 5624 utpote
2221 5556 2314 5624 qui
2367 5569 2556 5624 pacem
2619 5549 3058 5621 evangelizetis,
3119 5549 3403 5618 proprium
3465 5564 3602 5618 opus
3679 5635 3684 5640 I

2011 5649 2319 5704 ferventius
2383 5645 2827 5719 prosequamini,
2874 5644 3175 5714 impietatis
3223 5642 3476 5698 tenebras
3532 5657 3600 5695 ex

2011 5743 2212 5796 animis
2236 5757 2376 5812 quos
2408 5744 2824 5809 occupaverunt
2883 5735 3239 5806 expellentes,
3275 5745 3328 5788 et
3363 5734 3470 5787 illis
3511 5747 3598 5783 sa-

2007 5837 2138 5892 lutis
2181 5836 2362 5890 lumen
2390 5832 2776 5896 acccndcntes,
2803 5841 2882 5900 ut,
2915 5831 3018 5889 fide
3053 5846 3146 5903 per
3182 5843 3275 5884 vos
3311 5826 3599 5887 roborata,
