4038 6204
397 386 506 451 2Ί5

1529 375 1840 440 NICOLAI
1879 375 1987 434 (ΣΡ.
2033 357 2543 432 PATRIARCILE

3525 345 3632 408 2'10

398 499 485 553 nci
523 497 660 556 lucri
694 493 988 578 faciamus,
1014 492 1272 562 cumjam
1332 491 1400 546 ad
1435 491 1751 561 scpulcrum
1785 488 1967 542 inten-

2081 484 2233 554 ἡμεῖς
2271 498 2323 534 τι
2361 478 2470 532 τῶν
2511 474 2606 530 τοῦ
2641 447 2758 544 βίου
2801 469 3154 542 κερδήσωμεν
3182 484 3196 500 ο
3235 465 3331 521 καὶ
3389 459 3632 568 γάρ’ἧδη

396 591 589 645 damus
639 587 852 653 oculos,
898 572 1146 654 et'hujus
1173 584 1298 639 vita:
1339 572 1498 636 linem
1545 588 1957 650 exspectemus.

395 682 717 751 Quicunque
769 679 858 734 his
876 678 930 732 in
963 675 1125 732 terris
1145 674 1444 746 potentiam
1474 687 1502 727 ιι
1527 672 1640 727 Deo
1661 670 1960 740 accipiunt,

397 772 531 827 nihil
568 771 772 827 habent
801 769 1104 839 antiquius,
1141 767 1186 821 si
1228 767 1282 820 in
1326 765 1494 820 Deum
1541 780 1639 834 pro
1685 762 1964 818 beneﬁciis

393 864 530 930 grati
569 863 890 932 sint,quam
923 861 1018 915 Dei
1055 859 1238 928 gloria:
1281 857 1567 913 inservire.
1617 855 1965 911 Gloriticatur

394 965 576 1010 autem
613 955 779 1020 Deus,
804 953 1024 1024 quando
1060 952 1138 1008 illi
1171 959 1318 1007 recte
1351 965 1475 1005 cum
1506 946 1735 1004 subditis
1774 953 1962 1016 agunt.

398 1047 544 1102 Nihil
590 1047 933 1102 terrestrium
981 1060 1190 1108 rerum,
1243 1058 1314 1097 ne
1365 1041 1690 1110 templorum
1743 1038 1964 1109 quidem

394 1138 705 1201 :cdilicatio,
733 1138 815 1192 vel
846 1137 1241 1194 sacrificio-rum
1265 1133 1503 1196 oblatio,
1537 1132 1702 1185 Deum
1748 1131 1820 1184 ita
1848 1131 1967 1198 glo-

397 1231 572 1288 rilieat
604 1243 660 1288 et
691 1232 946 1296 honorat,
996 1241 1059 1285 ut
1111 1238 1255 1283 recta
1302 1225 1497 1293 agendi
1551 1226 1690 1280 ratio
1739 1232 1794 1278 et
1843 1224 1970 1279 vitae

397 1323 629 1390 puritas.
669 1322 734 1377 Et
781 1333 842 1378 tu
895 1323 1084 1391 igitur,
1135 1321 1236 1383 tili,
1282 1335 1406 1375 cum
1445 1334 1476 1373 ιι
1511 1319 1622 1372 Deo
1664 1318 1968 1388 potentiam

2069 551 2204 649 πρὸς
2237 574 2408 643 τάφον
2459 567 2700 640 ὁρῶμεν,
2753 562 2848 619 καὶ
2902 561 3002 632 τὴν
3045 562 3108 614 ἐκ
3159 557 3252 613 τοῦ
3295 555 3416 626 βίου
3437 551 3632 607 τούτου

2067 647 2434 740 ἀναχώρησιν.
2477 665 2631 718 Ὅσοι
2675 660 2785 714 τῶν
2819 655 3121 728 ἀνθρώπων
3171 647 3492 706 δυναστείαν
3541 647 3636 699 ἐπὶ

2065 739 2179 832 γῆς
2195 739 2348 830 παρὰ
2385 755 2519 810 Θεοῦ
2557 752 2919 824 λαμϐάνουσι,
2960 745 3120 801 τοῦτο
3164 742 3378 814 πρῶτον
3418 739 3636 832 ἔχουσιν

2068 826 2435 924 ἐργονξὸταν
2492 847 2805 918 εὐχάριστοι
2851 839 3182 911 διαμένωσιν
3221 833 3316 888 ἐπὶ
3371 833 3490 894 ταῖς
3537 826 3635 882 τοῦ

2068 922 2205 1002 Θεοῦ
2248 943 2627 1013 εὐεργεσίαις,
2669 938 2766 992 τοῦ
2817 933 3139 998 σπουδάζειν
3186 924 3506 992 δοξάζεσθαι
3545 922 3639 976 τδν

2069 1040 2224 1093 Θεόν.
2261 1036 2554 1104 Δοξάζεται
2586 1033 2642 1086 δὲ
2671 1033 2700 1084 ὁ
2739 1031 2870 1092 Θεὸς
2915 1028 3008 1080 διὰ
3048 1021 3331 1083 πολιτείας
3378 1015 3639 1086 ἐναρέτου

2070 1131 2252 1188 αὐτῶν
2283 1147 2343 1184 τε
2383 1129 2478 1182 καὶ
2507 1125 2616 1181 τῶν
2660 1121 2992 1194 ὑποχειρίων
3016 1136 3029 1152 ο
3061 1119 3120 1170 ἐν
3149 1113 3326 1194 οὐδενὶ.
3359 1109 3469 1181 γάρ
3493 1106 3643 1161 οῦτω

2069 1221 2204 1284 Θεὸς
2233 1220 2340 1274 τῶν
2366 1217 2626 1286 ἐπιγείων
2654 1212 3002 1284 πραγμάτων
3031 1207 3152 1262 οὗτε
3184 1204 3489 1270 δοξάζεται,
3515 1197 3644 1252 οῦτε

2069 1315 2297 1383 τιμᾶται
2326 1312 2359 1381 ἢ
2393 1311 2488 1363 ἐπὶ
2520 1307 2664 1364 ναῶν
2695 1305 2975 1374 οίκοδομῇ,
3012 1301 3044 1370 ἦ
3072 1300 3167 1353 ἐπὶ
3203 1294 3524 1368 προσενέξει
3563 1307 3648 1343 τι·

399 1413 692 1483 acceperis,
726 1423 781 1470 et
825 1414 909 1468 vir
953 1411 1195 1483 prudens
1241 1413 1319 1468 sis
1373 1420 1428 1468 et
1474 1426 1602 1482 erga
1644 1383 1969 1465 beneﬁcium

2081 1405 2179 1460 νῶν
2212 1402 2604 1473 ἀναθημάτων,
2649 1399 2726 1462 ὡς
2777 1399 2872 1454 ἐπὶ
2923 1392 3131 1483 πράξει
3155 1389 3333 1483 ἀγαθῇ
3390 1385 3486 1483 καλ
3510 1383 3651 1483 ρίου

396 1513 604 1573 gratus,
646 1519 711 1562 ea
765 1504 929 1560 debes
954 1470 1235 1575 leogiture.
1282 1518 1379 1573 per
1432 1470 1567 1573 quia:
1591 1499 1839 1556 homines
1886 1499 1971 1552 di.

2081 1470 2431 1568 καθαρότητι.
2475 1492 2586 1545 Καὶ
2632 1489 2697 1543 σὺ
2743 1485 2856 1551 οῦν,
2894 1484 3087 1539 τέκνον
3111 1478 3292 1551 ἡμῶν,
3329 1473 3483 1543 παρὰ
3507 1470 3646 1524 Θεοῦ

402 1596 646 1664 gniorem
681 1607 735 1654 et
770 1597 1069 1652 ﬁrmiorem
1116 1607 1170 1652 et
1219 1596 1328 1652 Deo
1349 1597 1654 1663 placentem
1683 1602 1736 1648 et
1763 1601 1974 1647 naturae

2081 1565 2255 1646 λαϐὼν
2286 1590 2346 1644 τὸ
2388 1585 2668 1647 δύνασθαι,
2697 1581 2791 1636 καὶ
2820 1579 3104 1650 ἄνθρωπος
3143 1565 3650 1664 φρόνιμοςᾼὸᾌιτιαὶ

401 1685 656 1742 humanae
708 1702 814 1743 non
872 1687 1232 1756 incongruam
1292 1686 1464 1741 vitam
1528 1700 1689 1755 agere
1735 1683 1972 1754 possint.

2081 1683 2424 1754 εὐχαριστεῖν
2482 1676 2638 1740 εἰδὼς
2688 1674 2769 1745 τῷ
2803 1665 3228 1742 εὐεργετήσαντί
3285 1680 3381 1726 σε,
3411 1657 3649 1728 ὀφείλεις

400 1775 581 1842 Quare
625 1777 742 1833 haec
792 1777 891 1832 tibi
937 1748 1166 1832 scribo?
1207 1777 1348 1844 Quia
1407 1748 1752 1832 nobis—heri-
1787 1773 1972 1828 dixisti

2084 1748 2268 1831 ἐκεῖνα
2305 1774 2524 1843 φρονεῖν
2553 1769 2648 1824 καὶ
2675 1764 3020 1828 σπουδάζειν,
3060 1757 3142 1813 δι’
3169 1748 3245 1811 ὧν
3278 1755 3329 1807 el.
3368 1749 3651 1844 ἄνθρωποι

402 1868 657 1924 Ecclesiae
721 1869 981 1927 inimicos
1051 1870 1233 1926 dicere
1289 1883 1389 1926 nos
1445 1869 1568 1923 ideo
1623 1865 1975 1922 securitatem

2083 1834 2372 1941 μέλλουσιν
2399 1863 2619 1918 ἔσεσθαι
2661 1859 2778 1930 βίου
2809 1852 3142 1926 τιμιωτέρου
3184 1847 3282 1903 καὶ
3312 1840 3649 1941 adipate-etf-

403 1957 656 2014 Ecclesite
685 1975 785 2030 per
816 1961 1102 2032 epistolam
1135 1961 1408 2032 ﬂagitare,
1454 1962 1584 2030 quia
1624 1960 1882 2015 timemus
1910 1973 1976 2012 ne

2081 1931 2174 2033 in;
2197 1961 2363 2030 ζωῆς.
2395 1958 2489 2012 καὶ
2521 1957 2658 2026 μήτε
2686 1951 2819 2006 Θεὸν
2843 1948 3143 2016 λυπούσης,
3177 1943 3316 2013 μήτε
3343 1937 3404 1992 τὸ
3437 1931 3652 2033 illegi-

404 2065 597 2106 rursus
641 2051 862 2122 aliquod
919 2053 1333 2124 imperatorium
1380 2026 1658 2109 decretum
1709 2051 1837 2106 talia
1893 2051 1976 2104 vel

2081 2026 2230 2108 πινον
2278 2026 2630 2122 ύϐριξούσης.
2676 2045 2774 2100 Διὰ
2823 2043 2878 2096 τί
2920 2040 3120 2111 γράφω
3170 2035 3379 2124 ταῦταῗς
3428 2026 3652 2124 Ἐπειδὴ

401 2141 583 2213 pejora
615 2142 800 2210 faciat,
829 2155 884 2200 et
908 2161 1131 2202 rursum
1169 2145 1360 2201 iisdem
1402 2157 1711 2214 graventur.
1747 2141 1812 2196 Et
1827 2141 1976 2206 inde,

2081 2146 2199 2214 χθὲς
2232 2121 2384 2205 εἶπες
2415 2140 2552 2212 πρὸς
2585 2139 2757 2210 ἡμᾶς,
2787 2135 2867 2189 ὅτι
2910 2131 3164 2200 λέγουσιν
3192 2127 3241 2180 οί
3266 2121 3652 2215 ἀνθιστάμενοι

402 2235 498 2300 lili,
532 2251 593 2290 ca
639 2238 813 2308 surgit
858 2239 1108 2309 apolog-ia
1159 2252 1348 2295 eorum
1387 2213 1733 2291 manifestam
1770 2234 1976 2288 habens

2081 2213 2140 2306 τῇ
2191 2233 2510 2304 Ἐκκλησία,
2540 2231 2616 2295 ὡς
2641 2228 2730 2283 διὰ
2759 2226 2918 2281 τοῦτο
2947 2216 3370 2309 παραιτούμεθα
3395 2215 3455 2267 τὸ
3477 2213 3654 2309 autpa-

401 2325 811 2382 datnnationcm
840 2345 853 2381 :
885 2305 1163 2397 quomodo
1183 2327 1330 2382 enim
1363 2328 1677 2382 sacerdotes
1710 2339 1740 2378 a
1767 2323 1968 2392 p0pulo

2081 2305 2168 2390 λες
2205 2328 2271 2396 τῇ
2320 2323 2623 2394 Ἐκκλησία
2655 2319 2883 2389 ποιῆσαι
2918 2315 3008 2370 διά
3033 2315 3134 2383 τῆς
3170 2307 3453 2379 ἐγγράφου
3481 2305 3654 2397 άπαι-

399 2413 622 2472 diﬂcrre
672 2396 917 2489 oportet,
964 2419 1068 2476 nisi
1117 2421 1292 2476 sacris
1337 2418 1552 2490 legibus
1599 2415 1832 2470 ﬁrmiter
1879 2415 1976 2469 ad-

2081 2419 2314 2488 τήσεως,
2347 2417 2430 2470 ὅτι
2469 2411 2786 2482 φοϐούμεθα
2829 2410 3044 2480 μήποτε
3075 2403 3239 2459 πάλιν
3285 2396 3655 2490 βασιλική-τις

405 2485 726 2566 Ι’τιῖνθηάοῗ-
897 2485 901 2486 7
1394 2485 1419 2490 ψ
2084 2485 2304 2576 ἐξουσία
2337 2508 2371 2579 ἦ
2402 2505 2628 2561 τοιαῦτα
2662 2504 2696 2574 ἢ
2729 2501 2826 2556 καὶ
2852 2500 3076 2572 χείρονα
3105 2493 3346 2563 ποιήσει,
3379 2488 3471 2543 καὶ
3491 2485 3657 2541 πάλιν

400 2600 736 2674 ὑπαχθῶμεν
763 2606 875 2668 τοῖς
907 2603 1114 2667 αὐτοῖς.
1145 2603 1256 2658 Καὶ
1285 2604 1534 2664 αὐτόθεν,
1569 2603 1756 2656 τέκνον
1780 2600 1962 2672 ἡμῶν,
2009 2599 2161 2655 ἐστιν
2222 2603 2256 2672 ἡ
2301 2599 2567 2667 ἀπολογία
2620 2595 2800 2650 αὐτῶν
2847 2587 3091 2661 φανεράν
3175 2588 3273 2658 τὴν
3328 2583 3657 2652 κατάκρισιν

402 2694 638 2763 ἔχουσα⁸
675 2696 734 2748 ἐν
765 2695 870 2750 τίνι
915 2695 1025 2766 γάρ
1069 2695 1378 2764 ὀφείλουσιν
1418 2695 1468 2746 οί
1505 2695 1668 2764 ίερεῖς
1693 2692 1976 2763 διαφέρειν
2012 2693 2106 2745 τοῦ
2134 2691 2290 2757 λαοῦ,
2323 2691 2418 2744 ἐὰν
2449 2690 2524 2762 μὴ
2553 2687 2662 2741 τῶν
2691 2686 2854 2755 ἱερῶν
2884 2684 3218 2752 ἀπέχωνται
3259 2675 3471 2766 νύμων;

474 2786 700 2851 Deinde,
739 2785 838 2851 liii,
873 2785 926 2840 in
952 2785 1174 2840 militari
1204 2785 1398 2840 ordine
1432 2785 1485 2838 in
1509 2799 1619 2854 quo
1645 2783 1885 2837 nutritus
1914 2790 1970 2834 et

401 2877 667 2930 educatus
683 2891 764 2940 es,
783 2876 1053 2930 aminima
1082 2875 1344 2939 dignitate
1375 2888 1548 2943 usque
1568 2873 1634 2926 ad
1654 2875 1974 2936 maximam,

406 2981 586 3022 nonne
609 2965 764 3019 multi
787 2979 949 3020 suum
979 2964 1159 3019 locum
1200 2963 1490 3019 timiditate
1521 2962 1803 3027 deserunt,
1837 2970 1889 3016 et
1910 2977 1975 3016 ex

405 3059 524 3114 acie
564 3054 1029 3128 fugiunt?Noune,
1053 3070 1179 3111 eum
1199 3055 1253 3112 id
1271 3055 1501 3127 singulis
1537 3053 1728 3110 diebus
1741 3051 1976 3116 accidat,

407 3150 616 3220 legibus
654 3149 1004 3221 praepositos,
1035 3149 1304 3206 instanter
1329 3147 1634 3205 dissuaderi
1665 3146 1888 3213 debent,
1933 3145 1978 3201 si

405 3240 848 3297 desertoresillos
861 3250 997 3310 etex
1018 3241 1134 3296 acie
1155 3239 1426 3310 fugientes
1441 3240 1496 3292 in
1517 3236 1807 3291 militarem
1831 3232 1982 3290 ordi-

407 3347 529 3387 nem
547 3333 681 3389 velis
703 3333 1027 3390 restituere?
1048 3331 1238 3387 Nonne
1253 3345 1349 3386 eos
1373 3329 1634 3384 admones
1651 3335 1706 3381 et
1741 3327 1897 3380 horta
1907 3325 1981 3379 ris

405 3439 466 3484 ot
486 3428 597 3498 jam
658 3430 710 3484 id
757 3428 936 3484 facere
979 3442 1088 3483 non
1129 3426 1403 3490 audeant,
1433 3437 1610 3490 neque
1653 3436 1684 3475 a
1717 3435 1829 3490 quo
1861 3419 1980 3476 loco

408 3520 620 3584 fugiant
641 3520 957 3589 priusquam
986 3534 1081 3573 eos
1106 3516 1368 3587 recipias?
1385 3515 1475 3570 Sic
1498 3513 1752 3570 humana:
1778 3511 1983 3568 militia:

409 3612 719 3665 ﬁrmitatem
757 3611 1085 3680 postulabis,
1127 3607 1430 3680 epit-iteratis
1477 3617 1660 3663 autem
1695 3616 1748 3661 et
1777 3613 1983 3660 sanctae

407 3700 712 3771 despicies?
759 3700 932 3756 llomo
977 3699 1094 3762 Dei,
1160 3700 1487 3770 quicunque
1541 3706 1647 3764 est,
1698 3698 1784 3752 cui
1835 3696 1983 3750 dedit

410 3791 550 3849 Deus
577 3793 874 3864 imperare,
908 3794 1050 3865 quod
1089 3793 1199 3849 Deo
1231 3792 1406 3863 placet
1433 3801 1487 3847 et
1511 3791 1578 3846 ad
1637 3789 1979 3846 subditorum

407 3887 637 3943 salutem
666 3886 923 3955 pertinet,
951 3887 1108 3942 debet
1140 3896 1192 3941 et
1234 3886 1476 3955 cegitare
1513 3893 1564 3939 et
1596 3887 1809 3949 facere;
1849 3881 1981 3938 sub-

406 3976 504 4031 diti
537 3991 688 4043 vero,
711 3991 758 4032 ει
781 3975 1108 4042 obedieriut,
1137 3989 1290 4031 suam
1313 3974 1543 4030 salutem
1572 3973 1870 4030 invenient:
1896 3973 1982 4026 sin

410 4068 593 4122 minus
631 4066 1178 4134 condemnaboutur;
1221 4066 1329 4120 dux
1373 4076 1554 4122 autem
1603 4081 1710 4120 non
1752 4065 1982 4119 damna-

407 4164 500 4209 tus
552 4153 676 4220 erit,
713 4154 862 4223 quia,
914 4154 1062 4225 quod
1119 4169 1424 4224 prmcavere
1461 4153 1666 4221 debuit,
1706 4153 1980 4223 prteeavit.

407 4243 523 4299 Cur
567 4244 906 4316 legislatures
956 4245 1299 4301 honorantur
1333 4256 1389 4301 et
1439 4244 1626 4300 lelires
1652 4245 1816 4300 sunt?
1844 4242 1982 4310 Quia

410 4339 557 4407 leges
573 4346 908 4405 statuerunt,
926 4339 1158 4395 salutem
1184 4337 1466 4393 hominum
1482 4337 1858 4408 praemeditati.
1877 4335 1984 4404 Qui

2103 2807 2120 2822 ο
2152 2752 2309 2848 Εἶτα,
2338 2752 2526 2835 τέκνον
2563 2752 2754 2848 ἡμῶν,
2795 2775 2852 2828 ὲν
2883 2769 3187 2844 παρατάξει
3229 2765 3502 2835 πολεμικῇ
3532 2761 3589 2814 ἐν

2083 2875 2178 2928 καὶ
2204 2873 2512 2944 ἁνετράφης
2541 2869 2635 2923 καὶ
2655 2863 2984 2934 ἐπαιδεύθης
3005 2863 3112 2916 ἀπὸ
3137 2860 3337 2931 μικρᾶς
3361 2855 3530 2928 ἀρχῆς
3556 2852 3656 2920 καὶ

2083 2967 2187 3027 ἕως
2220 2966 2322 3034 τῆς
2352 2964 2638 3035 μεγίστης,
2670 2959 2795 3027 οὐχὶ
2837 2956 3024 3010 πολλοὶ
3053 2950 3530 3022 καταλιμπάνουσι
3551 2946 3652 3014 τὴν

2083 3055 2293 3110 οἰκείαν
2324 3053 2478 3123 τάξιν
2509 3050 2612 3104 ὑπὸ
2640 3050 2865 3111 δειλίας,
2896 3045 2990 3099 καὶ
3014 3043 3308 3114 φεύγουσιν
3328 3041 3394 3092 ὲκ
3416 3037 3517 3108 τῆς
3547 3051 3654 3087 πα·

2087 3145 2395 3220 ρατάξεως;
2427 3145 2518 3215 Μὴ
2547 3142 2640 3198 οῦν
2668 3138 2857 3212 ἐπειδὴ
2885 3137 3046 3192 τοῦτο
3083 3136 3219 3191 καθ’
3244 3134 3480 3201 ἑκάστην
3515 3144 3658 3197 συμ-

2083 3241 2262 3296 ϐαίνει
2287 3241 2414 3302 τοὺς
2440 3235 2728 3307 κειμένους
2763 3232 2851 3287 ἐπ’
2877 3230 3060 3294 αὐτοῖς
3091 3229 3280 3298 νόμοις
3310 3224 3404 3279 καὶ
3425 3220 3659 3291 ἀσφαλι-

2084 3331 2344 3403 ζομὲνους
2379 3325 2827 3400 παραιτήσασθαι
2870 3322 3040 3394 ἔχεις,
3087 3321 3183 3375 ἐὰν
3217 3316 3488 3390 βουληθῇς
3528 3315 3660 3376 τοὺς

2082 3424 2446 3486 λειποτάκτας
2482 3419 2725 3482 ἐκείνους
2756 3416 2852 3471 καὶ
2899 3415 3173 3484 φυγόντας
3203 3412 3304 3481 τὴν
3344 3405 3662 3481 παράταξιν

2084 3516 2248 3572 πάλιν
2285 3516 2365 3578 είς
2395 3513 2495 3584 τὴν
2529 3505 2930 3583 στρατιωτικὴν
2972 3504 3230 3574 δέξασθαι
3257 3503 3459 3569 τάξινς
3493 3496 3654 3554 Ἀλλ’

2083 3602 2208 3673 οὐχὶ
2238 3599 2454 3673 πρῶτον
2473 3598 2832 3668 σωφρονήσας
2855 3595 3076 3660 αὐτοῦς,
3098 3593 3194 3647 καὶ
3215 3588 3663 3660 ἀσφαλισάμενος

2083 3699 2165 3760 είς
2192 3695 2252 3748 τὸ
2283 3692 2481 3764 μηκέτι
2534 3690 2776 3744 τοιοῦτον
2819 3687 3118 3758 τολμῆσαι,
3158 3685 3293 3757 μηδὲ
3351 3682 3664 3751 ἀποφυγεῖν

2083 3791 2183 3860 τῆς
2213 3785 2424 3850 οίκείας
2453 3783 2686 3850 τάξεως,
2733 3782 2909 3845 οὕτως
2938 3779 3138 3843 αὐτοῦς
3177 3775 3490 3850 παραδέξῃς
3535 3771 3660 3827 εἶτα

2084 3881 2179 3935 ἐπὶ
2206 3879 2308 3949 μὲν
2336 3878 2438 3947 τῆς
2475 3875 2825 3947 ἀνθρωπίνης
2867 3871 3158 3943 στρατείας
3196 3868 3369 3932 οὕτως
3391 3865 3662 3934 ἐπιζητή-

2087 3990 2202 4038 σεις
2233 3971 2555 4043 ἀσφάλειαν,
2591 3969 2686 4021 ἐπὶ
2721 3967 2777 4021 δὲ
2825 3965 2925 4036 τῆς
2962 3961 3343 4032 πνευματικῆς
3372 3959 3463 4012 καὶ
3494 3955 3663 4025 άγίας

2086 4067 2244 4120 τοῦτο
2296 4059 2705 4135 παραϐλέψας
2755 4058 2814 4114 Ὀ
2853 4057 2945 4112 τοῦ
2985 4054 3122 4109 Θεοῦ
3174 4052 3484 4123 άνθρωπος,
3510 4049 3664 4110 ὅστις

2087 4159 2153 4213 ἂν
2182 4155 2241 4231 ᾗ,
2271 4157 2368 4211 καὶ
2395 4156 2587 4226 ἄρχειν
2625 4151 2733 4207 ύπδ
2774 4149 2910 4205 Θεοῦ
2948 4143 3562 4216 καταπεπιστευμὲνος,
3598 4139 3660 4193 τὸ

2088 4249 2326 4317 ἀρέσκον
2373 4245 2494 4316 Θεῷ
2554 4245 2649 4298 καὶ
2705 4244 2787 4308 είς
2843 4239 3124 4313 σωτηρίαν
3181 4237 3294 4291 τῶν
3327 4231 3661 4304 ὑποχειρίων

2087 4341 2359 4413 ὑπάρχον,
2383 4337 2593 4409 ὀφείλει
2623 4337 2718 4390 καὶ
2750 4337 2971 4407 φρονεῖν
2994 4335 3091 4388 καὶ
3121 4331 3319 4387 ποιεῖν.
3351 4329 3414 4383 Ol
3441 4326 3498 4380 δὲ
3524 4325 3664 4379 ὐπο-

411 4441 592 4486 autem
621 4431 766 4502 leges
789 4429 1285 4501 transgrediuntur;
1320 4430 1661 4486 miserabiles
1683 4438 1828 4484 sunt.
1867 4428 1976 4485 Ne-

2085 4434 2306 4504 χείριοι,
2342 4432 2438 4484 saw
2468 4428 2568 4500 μὲν
2595 4427 2924 4497 φυλάξωσιν,
2949 4425 3265 4496 εὑρίσκουσι
3307 4420 3406 4493 τὴν
3449 4416 3666 4472 ἑαυτῶν

408 4521 654 4591 queideo
682 4523 857 4591 legum
884 4523 1081 4576 latores
1099 4521 1184 4576 vel
1204 4537 1393 4576 eorum
1418 4536 1555 4591 opus
1590 4522 1986 4591 vituperantur,

414 4616 561 4684 quod
595 4616 741 4684 leges
791 4614 1087 4669 statuerint
1115 4629 1251 4683 quas
1299 4613 1546 4684 plerique
1590 4612 1897 4681 hominum,
1931 4624 1976 4669 ut

2087 4616 2367 4688 κριμένοι,
2424 4615 2452 4668 ὁ
2517 4614 2575 4668 δὲ
2648 4613 2833 4685 ἄρχων
2886 4609 3294 4680 άκατάκριτος,
3345 4605 3477 4659 διότι
3525 4605 3663 4672 ὅπερ
3757 4633 3777 4649 .

409 4705 548 4759 bene
572 4706 716 4760 nosti
750 4705 822 4759 [ili
861 4705 955 4770 mi,
983 4704 1308 4760 conculcaut
1331 4714 1385 4758 ct
1413 4704 1714 4774 negligunt.

2091 4524 2387 4596 σωτηρίαν.
2420 4522 2483 4575 Εί
2514 4520 2571 4574 δὲ
2610 4520 2685 4592 μὴ
2723 4518 3063 4590 φυλάξωσιν,
3105 4514 3260 4571 αὐτοὶ
3289 4514 3389 4586 μὲν
3419 4526 3664 4566 κατακε-

2086 4702 2317 4772 ὥφειλεν
2367 4704 2577 4766 ἐκεῖνος
2606 4699 2996 4772 προενοήσατο.
3028 4698 3127 4752 Διὰ
3165 4696 3220 4749 τί
3243 4696 3338 4750 καὶ
3364 4694 3414 4748 oi
3441 4691 3666 4762 νομοθέ-

408 4816 499 4853 ται
530 4799 700 4868 τίμιοι
743 4797 840 4850 atat
881 4799 1177 4870 μακάριοι;
1255 4797 1378 4850 Ὅτι
1451 4798 1651 4868 νόμους
1697 4796 1880 4851 ἔθεντο
1955 4795 2347 4868 προνοούμενοι
2393 4795 2492 4867 τῆς
2563 4795 2837 4866 σωτηρίας
2896 4793 3006 4847 τῶν
3099 4789 3404 4862 ἀνθρώπων
3438 4804 3454 4820 ⁸
3503 4787 3553 4839 οἱ
3607 4786 3667 4840 δὲ

410 4889 841 4962 παραϐαίνοντες
889 4889 1016 4952 τοὺς
1069 4892 1291 4959 νόμους,
1356 4889 1616 4943 ἐλεεινοί·
1665 4889 1761 4943 ttat
1791 4891 1852 4943 ού
1887 4891 1976 4945 διὰ
2011 4889 2170 4943 τοῦτο
2193 4891 2240 4943 οί
2283 4888 2573 4960 νομοθέται
2614 4887 2880 4958 μεμπτοὶ,
2940 4885 2976 4956 ἢ
3006 4884 3068 4938 τὸ
3118 4884 3282 4955 ἔργον
3348 4879 3550 4946 αὐτῶν,
3580 4878 3666 4932 ὅτι

406 4985 614 5055 ἔθηκαν
649 4985 872 5054 νόμους,
905 4981 999 5046 οὓς
1025 4985 1077 5036 oi
1117 4983 1361 5036 πλεῖστοι
1396 4983 1505 5038 τῶν
1548 4983 1874 5055 ἀνθρώπων,
1906 4984 1981 5050 ὡς
2021 4985 2116 5039 καὶ
2163 4984 2325 5046 αὐτὸς
2405 4979 2718 5050 γινώσκεις,
2764 4977 2957 5032 τέκνον
3003 4977 3194 5048 ἡμῶν,

409 5081 503 5134 καὶ
536 5077 871 5151 παρορῶσιν.

481 5171 558 5227 De
576 5171 642 5226 iis
669 5179 848 5226 autem
875 5169 970 5240 qui
999 5169 1190 5226 dicunt
1221 5185 1310 5227 res
1336 5181 1552 5228 nostras
1584 5172 1726 5228 male
1782 5187 1841 5228 se
1889 5171 1989 5226 ba-

408 5262 538 5316 bere
559 5263 704 5331 quod
746 5258 1004 5316 Ecclesiae
1051 5275 1160 5316 non
1183 5261 1443 5316 uniantur
1480 5263 1574 5332 qui
1625 5274 1846 5333 quartas
1885 5277 1990 5316 uu-

410 5352 552 5418 ptias
591 5364 940 5424 acceperunt,
967 5367 1064 5408 eos
1093 5353 1305 5407 aliirmo
1347 5355 1561 5410 nescire
1606 5356 1735 5426 quid
1780 5355 1988 5421 dicant,

411 5443 579 5494 autin
603 5444 803 5512 quibus
821 5445 1158 5516 argumentis
1180 5445 1476 5502 conﬁdant.
1499 5445 1740 5500 Primum
1769 5447 1990 5516 quidem

3277 4972 3600 5029 καταπατοῦ
3612 4987 3667 5024 σι

2159 5167 2296 5238 Περὶ
2325 5165 2381 5219 δὲ
2416 5165 2526 5218 τῶν
2554 5163 2861 5233 λεγόντων,
2901 5163 2985 5216 ὅτι
3022 5159 3111 5214 διὰ
3145 5158 3304 5213 τοῦτο
3335 5153 3668 5226 δυστυχοῦσι

2093 5257 2164 5312 τά
2202 5258 2506 5328 πράγματα
2527 5257 2626 5326 τῆς
2655 5255 2932 5317 πολιτείας
2966 5253 3143 5324 ἡμῶν,
3186 5249 3376 5319 ἐπειδὴ
3429 5247 3505 5318 μὴ
3542 5263 3670 5298 συν·-

2090 5351 2330 5421 ήνωνται
2361 5352 2411 5403 οἱ
2439 5349 2539 5420 τὴν
2578 5348 2955 5422 τετραγαμῑαν
2979 5343 3264 5415 δεξάμενοι
3280 5344 3345 5413 τῇ
3367 5337 3670 5408 Ἐκκλησία

2089 5445 2191 5517 (ι),
2219 5447 2397 5498 ἐκεῖνο
2425 5444 2593 5514 λέγω,
2644 5446 2728 5498 ὃτι
2773 5442 2892 5496 οὐδὲ
2946 5439 3008 5494 τὸ
3036 5439 3089 5492 τί
3137 5438 3391 5506 λέγουσιν
3437 5432 3671 5498 οἴδασιν,

411 5533 466 5586 in
510 5534 659 5589 oumi
694 5551 752 5592 re
789 5537 1042 5606 praecedit
1082 5551 1212 5593 cura
1277 5537 1476 5593 deinde
1506 5548 1853 5608 exspectatur
1898 5536 1976 5593 De

2092 5536 2215 5591 οὐδὲ
2239 5553 2304 5589 πε
2316 5536 2368 5606 pi.
2398 5535 2562 5590 τίνων
2585 5533 3023 5590 διαϐεϐαιοῦνται
3049 5547 3062 5563 ·
3087 5530 3222 5584 διότι
3248 5532 3307 5583 ὲν
3339 5528 3506 5583 παντὶ
3534 5524 3675 5598 πρά-

481 5741 556 5811 (l)
590 5739 963 5798 Notabilisbic
987 5745 1228 5814 cpistumc
1275 5752 1503 5802 tractus.
1538 5743 1606 5795 (le
1659 5742 1970 5796 Ωνιηοοτυιιι

2083 5749 2264 5802 aetate,
2304 5739 2447 5807 quod
2510 5749 2688 5794 tamen
2730 5737 2899 5792 (ἶνίθεί
2955 5735 3055 5807 ipsi
3127 5733 3495 5805 religiosiores
3557 5733 3664 5789 iut-

408 5816 673 5872 alvetaus
720 5815 996 5871 liotuanos
1041 5817 1356 5885 schismate,
1407 5815 1613 5874 Ncolai
1641 5814 1966 5886 patriarchae
2077 5814 2403 5880 probabant.
