4038 6204
340 292 443 354 277

1796 306 2207 371 EPISTOLJE.

3498 313 3608 379 278

346 425 519 477 γματι
558 408 771 479 πρῶτον
800 410 899 480 μὲν
932 412 1355 483 προηγήσασθαι
1382 415 1482 485 τὴν
1518 416 1777 488 σπουδὴν,
1803 414 1923 473 εἶτα

2033 420 2311 475 attxilium.
2356 419 2458 486 Qui
2507 420 2842 492 negligenter
2900 420 3154 489 seminat,
3217 440 3324 480 non
3374 430 3608 485 multam

350 502 668 570 περιμένειν
717 502 817 573 τὴν
862 502 1119 573 βοήθειαν
1154 506 1249 560 τοῦ
1293 506 1452 562 Θεοῦ.
1478 508 1670 575 Οὐδεὶς
1701 511 1923 581 ἀμελῶς

348 592 601 662 σπείρας,
631 592 793 663 θέρος
828 596 965 649 πολὺ
991 595 1344 667 ἐγεώργησεν
1365 616 1379 630 ι
1413 600 1589 663 οὐδεὶς
1618 602 1694 673 μὴ
1726 604 1922 674 ἐπιμε-

348 681 454 744 λῶς
485 682 736 753 θεμέλιον
776 686 1241 757 καταϐαλόμενος,
1264 685 1413 744 οἶκον
1453 693 1671 764 ἀσφαλῆ
1696 694 1921 749 δύναται

342 775 653 844 οἰκοδομεῖν
680 794 693 807 ·
740 779 866 831 ἀλλ’
891 780 1012 835 οῦδὲ
1058 783 1275 853 πελάγη
1310 802 1393 850 τις
1439 786 1671 843 πλεῦσαι
1696 788 1923 844 δύναται

345 868 441 920 καὶ
488 870 825 939 διασωθῆναι
877 874 1139 945 ῥαθυμῶν
1198 878 1293 932 καὶ
1345 879 1714 949 κοιμώμενος,
1757 882 1807 934 εί
1843 882 1921 953 μὴ

346 965 807 1033 περιποιουμένου
840 966 935 1019 τοῦ
966 968 1153 1025 πλοίου
1181 970 1282 1033 τὰς
1324 972 1669 1043 ἐξαρτήσεις.
1708 974 1919 1044 Ὅμως,

341 1055 534 1107 τέκνον
559 1056 739 1124 ἡμῶν,
762 1057 1099 1129 ἐνθυμήθητι
1130 1060 1224 1117 καὶ
1257 1062 1436 1129 τοῦτο,
1466 1064 1602 1135 ὅπερ
1630 1066 1723 1118 καὶ
1746 1065 1924 1138 οἰκείᾳ

343 1146 576 1217 εἴπομεν
605 1148 847 1221 γλώσσῃ,
889 1153 972 1205 ὅτι
1004 1152 1174 1225 κυροῦ
1204 1156 1413 1209 Φωτίου
1448 1154 1544 1209 τοῦ
1577 1157 1919 1228 πατριάρχου

345 1239 440 1291 καὶ
471 1240 653 1310 πάσης
678 1242 842 1296 αὐτοῦ
879 1245 981 1316 τῆς
1010 1248 1347 1317 χειροτονίας
1379 1248 1811 1319 ἀποδιωχθείσης
1836 1250 1922 1304 διὰ

346 1331 585 1400 σπουδῆς
616 1334 916 1402 ἐπιμελοῦς
948 1338 1045 1389 καὶ
1091 1339 1371 1403 συντόνου,
1401 1342 1427 1393 ό
1454 1342 1675 1407 πάππος
1710 1345 1803 1398 τοῦ
1830 1344 1923 1415 βα-

346 1426 538 1490 σιλέως
561 1430 719 1499 ήμῶν
754 1431 849 1484 τοῦ
882 1433 1052 1505 κυροῦ
1077 1435 1489 1489 Κωνσταντίνου
1519 1435 1617 1507 τὴν
1644 1436 1924 1508 Τεφρικὴν

342 1519 660 1587 ὲξηφάνισε,
695 1520 794 1593 τὴν
823 1522 992 1593 Βάριν
1017 1524 1373 1595 ἐχειρώσατο,
1397 1528 1497 1598 τὴν
1520 1529 1924 1598 Λογγιϐαρδίαν

340 1609 662 1680 ὑποχείριον
685 1614 1006 1683 ἐποιήσατο,
1030 1616 1127 1685 τὴν
1155 1616 1406 1686 Τερεντὼ
1430 1620 1523 1672 καὶ
1545 1619 1683 1673 ἄλλα
1711 1620 1926 1691 κάστρα

342 1703 409 1753 ἐκ
460 1706 557 1772 τῆς
605 1706 968 1774 ἐπικρατείας
1034 1708 1145 1761 τῶν
1199 1710 1537 1782 Σαρακηνῶν
1582 1713 1923 1783 ἐξήρπασεν.

359 1794 750 1860 Ἀποθανόντος
780 1799 835 1851 δὲ
864 1800 957 1852 τοῦ
992 1801 1161 1871 κυροῦ
1203 1803 1467 1869 Ἰγνατίου
1504 1806 1595 1856 καὶ
1619 1805 1713 1857 τοῦ
1751 1805 1921 1875 κυροῦ

342 1885 553 1939 Φωτίου
588 1890 681 1940 καὶ
708 1890 806 1959 τῆς
838 1893 1176 1961 χειροτονίας
1203 1893 1369 1946 αὐτοῦ
1400 1893 1733 1955 ἑνωθέντων,
1768 1896 1799 1965 ἡ
1826 1896 1926 1947 Συ-

345 1980 594 2047 ρακουσα
622 1983 896 2053 ἠφανίσθη
929 1988 1021 2037 καὶ
1048 1988 1078 2054 ὴ
1114 1986 1332 2038 Σικελία
1362 1990 1531 2041 πᾶσα.
1570 1987 1668 2039 Διὰ
1688 1988 1771 2053 τί;
1828 1988 1931 2041 Διά

341 2072 441 2138 τὴν
462 2073 721 2139 ἀμέλειαν
749 2075 842 2127 τοῦ
864 2077 983 2129 τότε
1006 2077 1333 2148 δρογγαρίου
1358 2078 1453 2131 τοῦ
1488 2078 1761 2149 πλωΐμου,
1787 2080 1933 2150 λέγω

341 2164 405 2229 δη
434 2163 530 2215 τοῦ
575 2167 877 2236 Ἀδριανοῦ.
914 2168 1080 2221 Πάλιν
1115 2170 1172 2222 ἐν
1219 2170 1342 2233 ταῖς
1372 2170 1609 2241 ἡμέραις
1637 2170 1731 2223 τοῦ
1764 2169 1931 2240 κυροῦ

343 2255 575 2319 Λέοντος
608 2260 907 2325 γινώσκεις
936 2260 1015 2313 ὅτι
1045 2260 1073 2311 ὁ
1110 2260 1306 2324 Πάπας
1335 2261 1565 2331 συνῆλθε
1592 2262 1686 2315 καὶ
1716 2262 1766 2313 οἱ
1791 2259 1929 2331 μετά

343 2348 537 2401 τούτου
592 2350 769 2415 ὄντες,
824 2352 919 2406 καὶ
971 2351 1262 2425 ὴνώθησαν
1310 2356 1377 2425 τῇ
1451 2353 1789 2423 Ἐκκλησία,
1834 2352 1931 2405 καὶ

345 2442 573 2513 εἰρήνης
604 2444 829 2514 βαθείας
864 2444 1031 2517 οῦσης
1078 2447 1326 2517 ἀπῆλθεν
1349 2449 1382 2516 ὴ
1421 2447 1793 2516 Θεσσαλονίκη
1834 2446 1930 2499 καὶ

343 2536 406 2586 τὸ
437 2535 936 2607 Ταυρομένιον.Διά
959 2538 1012 2591 τί
1032 2556 1047 2604 ;
1071 2540 1197 2592 Ὅτι
1238 2538 1473 2594 ἐνταῦθα
1510 2539 1769 2608 ἀμέλειαν
1798 2554 1933 2609 προ.

344 2626 640 2694 ηγήσαντο.
661 2630 770 2684 Καὶ
796 2631 905 2701 γὰρ
948 2631 1318 2701 ἐπιδεομένων
1358 2629 1612 2700 βοηθείας
1654 2646 1764 2683 των
1793 2630 1861 2681 Ge
1875 2645 1931 2681 σ-

345 2716 680 2772 σαλονικέων

2026 526 2260 567 messem
2322 512 2567 581 colligit:
2631 513 2725 583 qui
2782 512 3112 583 negligenter
3178 514 3601 577 fundamentum

2020 604 2175 676 jacit,
2209 621 2315 659 non
2378 612 2554 675 potest
2609 606 2854 661 stabilem
2898 606 3123 660 domum
3166 606 3474 673 :editicare;
3527 612 3608 668 sic

2028 709 2189 750 nemo
2239 710 2335 765 per
2388 697 2562 751 maria
2619 707 2800 766 potest
2850 698 3108 768 navigare
3180 708 3235 752 et
3275 699 3512 768 salvari,
3564 698 3609 759 si

2024 788 2225 843 otietur
2273 797 2327 842 et
2380 789 2636 853 dormiat,
2688 790 2790 844 nisi
2844 788 2982 844 forte
3028 792 3151 857 ipsa
3203 791 3357 846 mis
3409 792 3610 847 bonum

2023 888 2233 933 statum
2275 890 2448 934 curet.
2491 880 2704 946 Quare,
2760 880 2859 942 liii,
2910 881 3009 934 hoc
3062 881 3231 935 etiam
3297 882 3606 947 considera,

2024 972 2168 1041 quod
2201 972 2294 1027 tibi
2328 981 2383 1027 et
2414 972 2534 1026 viva
2561 988 2693 1027 voce
2718 973 2955 1029 diximus
2983 991 2998 1030 :
3029 973 3324 1044 Postquam
3358 974 3612 1037 Photius.

2026 1066 2334 1134 patriarcha
2371 1077 2556 1122 uoster
2589 1083 2713 1124 cum
2764 1068 2830 1123 iis
2872 1068 3149 1128 omnibus.
3197 1082 3339 1137 quos
3388 1068 3612 1122 ordina-

2025 1167 2177 1213 verat
2205 1158 2315 1221 acri
2353 1169 2406 1213 et
2440 1158 2809 1228 perseveranti
2839 1159 3099 1229 sulfragio
3126 1159 3332 1229 ejectus
3354 1158 3483 1221 fuit,
3507 1158 3616 1212 im-

2026 1251 2293 1321 peratoris
2307 1251 2478 1306 nostri
2501 1250 2846 1308 Constantini
2890 1268 3025 1307 avus
3044 1251 3365 1322 Tephricam
3390 1250 3610 1306 delevito

2029 1343 2205 1398 Barim
2231 1344 2581 1414 expugnavit,
2610 1343 3045 1412 Longobardiam
3100 1344 3349 1412 subjecit,
3399 1343 3609 1396 Taren-

2028 1447 2141 1491 tum
2168 1444 2220 1490 et
2241 1436 2343 1489 alia
2364 1436 2585 1491 castella
2604 1450 2634 1490 e
2656 1436 3052 1491 Saracenorum
3100 1443 3366 1505 potestate
3383 1434 3608 1504 eripuit.

2026 1527 2235 1581 Mortuo
2248 1535 2426 1581 autem
2442 1527 2669 1597 lgnatio,
2684 1540 2844 1597 atque
2866 1528 3081 1592 l‘hotio,
3098 1528 3370 1596 simulque
3389 1528 3455 1580 iis
3474 1541 3613 1596 quos

2028 1620 2382 1675 ordinaverat
2434 1620 2711 1684 adunatis,
2764 1621 3050 1690 Syracusae
3088 1627 3144 1674 et
3201 1619 3382 1674 Sicilia
3432 1618 3613 1673 omnis

2028 1713 2199 1767 deleta
2231 1722 2331 1767 est.
2358 1712 2579 1778 Quare?
2610 1710 2713 1765 Per
2746 1711 3008 1766 incuriam
3033 1712 3316 1782 drungarii
3362 1710 3609 1764 Adriani.

2027 1805 2262 1860 Rursum
2280 1805 2705 1875 dicbusAugusti
2722 1804 2918 1859 Leonis
2937 1806 3044 1860 scis
3064 1805 3387 1860 convenisse
3404 1801 3609 1871 Papam

2025 1904 2081 1949 et
2097 1910 2191 1949 eos
2204 1895 2295 1964 qui
2311 1910 2432 1948 eum
2449 1910 2513 1949 eo
2534 1896 2751 1949 stabant
2769 1892 3400 1965 adunatosqueEcclesia:
3419 1891 3612 1959 fuisse,

2028 1996 2083 2041 et
2119 1985 2387 2055 profunda
2429 2002 2560 2055 pace
2592 1985 2801 2053 vigente
2849 1984 3050 2039 abiisse
3083 1983 3510 2039 Thessalonicen
3554 1993 3610 2036 et

2042 2079 2491 2134 Tauromenium.
2534 2077 2761 2143 Quare?
2797 2075 2934 2143 Quia
2984 2076 3054 2129 ibi
3086 2075 3241 2130 otiari
3310 2073 3611 2128 malebant.

2033 2169 2616 2227 Thessalonicensibus
2687 2168 2833 2224 enim
2915 2167 3120 2223 auxilio
3205 2165 3609 2236 indigentibus,

2032 2264 2364 2321 distulerunt
2429 2265 2497 2319 de
2542 2262 2630 2318 die
2669 2262 2725 2317 in
2793 2260 2938 2317 diem
2990 2275 3157 2316 naves
3224 2259 3475 2322 mittere,
3537 2271 3603 2311 ae

2029 2373 2120 2415 res
2150 2358 2451 2427 perdidere.
2478 2355 2614 2421 Hoc,
2656 2355 2731 2410 tili
2764 2357 2860 2422 mi,
2884 2355 3060 2425 cogita
3109 2363 3164 2409 et
3202 2353 3487 2418 meditare,
3517 2358 3613 2417 et,

2028 2450 2329 2521 Opitulante
2366 2450 2511 2513 Deo,
2563 2450 2853 2520 diligenter
2898 2449 3063 2503 rebus
3104 2447 3336 2517 publicis
3381 2458 3603 2513 operam

2028 2541 2192 2596 dabis
2219 2550 2275 2595 et
2306 2540 2640 2608 experientia
2670 2538 2899 2594 edoctus
2929 2540 3077 2593 dices
3098 2552 3205 2607 qua
3242 2536 3309 2590 de
3333 2548 3499 2589 causa
3525 2534 3600 2588 te.

2031 2629 2164 2684 lices
2194 2638 2247 2683 et
2273 2629 2521 2683 infelices
2544 2629 2656 2685 sint
2687 2628 2855 2683 cives.

758 2720 972 2793 ἡμέραν
1002 2722 1059 2789 ἐξ
1090 2722 1303 2792 ἡμέρας
1324 2720 1750 2789 ἀναϐαλλόμενοι
1780 2720 1917 2791 πρὸς
1950 2720 2010 2773 τὸ
2072 2721 2409 2793 ἀπολυθῆναι
2433 2723 2550 2776 ἐκεῖ
2616 2722 2885 2793 πλώϊμον,
2915 2721 3211 2776 ἀπώλεσαν
3238 2720 3308 2775 τὰ
3331 2720 3599 2791 πράγμα-

343 2827 433 2863 τα.
473 2811 665 2878 Τοῦτο,
707 2812 899 2866 τέκνον
940 2815 1122 2883 ἡμῶν,
1157 2816 1252 2868 καὶ
1302 2816 1489 2885 φρόνει
1535 2814 1630 2867 καὶ
1676 2814 1913 2879 διανοοῦ,
1956 2813 2050 2867 καὶ
2086 2816 2205 2884 μετ’
2264 2815 2585 2884 ἐπιμελείας
2618 2817 2711 2868 τοῦ
2754 2814 2892 2868 Θεοῦ
2931 2815 3275 2886 ἐνισχύοντός

3353 2830 3412 2866 σε
3448 2809 3608 2865 ἀντέ-

345 2924 444 2975 χου
498 2908 606 2960 τῶν
653 2909 1017 2979 πραγμάτων,
1060 2910 1155 2965 καὶ
1188 2912 1325 2983 αὐτῇ
1380 2912 1601 2985 μαθήσῃ
1648 2915 1713 2983 τῇ
1756 2912 1924 2983 πείρᾳ
1961 2911 2024 2965 τὸ
2054 2910 2230 2965 αἴτιον
2270 2912 2371 2983 τῆς
2417 2911 2674 2982 εὐτυχίας
2702 2911 2811 2965 καὶ
2851 2911 2954 2982 τῆς
3023 2911 3315 2981 δυστυχίας
3385 2912 3485 2981 τῆς
3513 2923 3615 2961 πο-

336 3001 561 3084 λιτείας
594 3004 778 3073 ἡμῶν.

421 3098 623 3167 Γράψω
646 3098 703 3151 δὲ
732 3098 904 3151 ταῦτα
935 3099 1033 3151 οῦκ
1078 3098 1524 3168 ἀποϐαλλόμενυς
1581 3099 1703 3152 οῦδὲ
1747 3100 1924 3170 μισῶν
1956 3104 2002 3165 c

343 3192 447 3259 τὴν
486 3193 712 3262 εἰρήνην
765 3193 856 3244 καὶ
909 3192 1007 3261 τὴν
1052 3192 1247 3245 ἕνωσιν
1291 3192 1390 3260 τῆς
1444 3190 1795 3259 Ἐκκλησίας.
1840 3192 1931 3262 Μὴ

341 3286 493 3339 οῦτω
527 3286 751 3355 μανείην
788 3285 940 3343 ποτὲ.
974 3285 1109 3354 μηδὲ
1138 3286 1488 3355 συγχωρήσαι
1529 3285 1661 3347 Θεὸς
1689 3284 1749 3338 οῦ
1763 3304 1831 3338 τω
1864 3302 1931 3353 με

344 3377 566 3447 φρενῶν
616 3376 722 3441 ἔξω
779 3375 1061 3442 γενέσθαι·
1115 3375 1230 3428 ἀλλ’
1283 3375 1528 3444 ἐπιζητῶ
1579 3376 1776 3428 ἕνωσιν
1830 3377 1931 3441 τὴν

343 3472 599 3538 τιμῶσαν
630 3470 727 3537 τὴν
763 3467 1231 3539 ’Βκκλησίαν,τὴν
1260 3468 1627 3539 χαριζομένην
1655 3471 1932 3523 κατάστα-

349 3580 438 3613 σιν
486 3564 601 3623 τοῖς
662 3561 946 3630 πράγμασι
993 3560 1096 3614 ’καὶ
1148 3561 1207 3613 ἐν
1243 3559 1318 3629 τῷ
1366 3561 1596 3631 παρόντι
1641 3563 1734 3613 καὶ
1789 3559 1928 3630 μετὰ

350 3654 544 3715 ταῦτα.
580 3656 674 3707 καὶ
706 3655 791 3707 ἵνα
841 3652 914 3723 μὴ
953 3655 1017 3707 ἐκ
1067 3651 1161 3707 τοῦ
1198 3652 1315 3722 βίου
1341 3654 1733 3723 ἀπερχομένων
1770 3653 1928 3722 ἡμῶν

348 3750 385 3818 ἡ
418 3746 691 3818 ἐρχομένη
755 3748 917 3814 γενεά
983 3749 1314 3819 καταγνώσῃ
1359 3745 1517 3815 ἡμῶν
1548 3746 1623 3807 ὡς
1652 3746 1922 3816 ἀφρόνων,

347 3847 429 3906 ὡς
463 3846 697 3912 ἀλόγων,
731 3844 807 3906 ὡς
838 3844 1269 3912 καταφρονητὼν
1318 3841 1425 3895 τῶν
1456 3841 1618 3894 θείων
1659 3840 1924 3903 κανόνων,

348 3938 450 3987 καὶ
477 3934 567 3988 διὰ
620 3934 777 3988 τοῦτο
834 3934 929 3986 καὶ
976 3935 1123 4002 ἡμᾶς
1166 3933 1247 4003 τῷ
1281 3931 1587 4001 ἀναθέματι
1632 3931 1929 4001 παραπέμ-

2104 3099 2227 3153 time
2249 3096 2345 3151 tibi
2372 3096 2551 3151 scribo
2575 3110 2683 3150 non
2708 3096 3033 3166 reprobans,
3055 3112 3230 3167 neque
3254 3098 3380 3153 odio
3408 3098 3614 3156 habens

2032 3205 2218 3260 pacem
2237 3200 2290 3245 et
2309 3189 2568 3244 unitatem
2590 3189 2864 3244 Ecclesi;e.
2884 3188 2961 3242 Ne
2980 3190 3114 3244 adeo
3136 3192 3237 3243 sim
3264 3191 3614 3259 insanus,ne—

2030 3298 2137 3354 que
2150 3282 2435 3338 sciatDeus
2462 3296 2546 3335 me
2567 3282 2702 3337 adeo
2720 3282 3022 3336 dementem
3043 3282 3279 3347 tieri,sed
3296 3300 3414 3338 eam
3432 3286 3611 3340 unita-

2032 3388 2136 3434 tem
2155 3392 2339 3447 qnaero
2358 3394 2479 3445 quae
2509 3375 2675 3432 Deum
2701 3378 3087 3438 honoret.eum
3110 3386 3308 3432 statum
3332 3380 3423 3447 qui
3453 3381 3613 3435 rebus

2028 3479 2083 3526 et
2111 3487 2254 3525 nunc
2272 3480 2526 3539 ctpostea
2550 3469 2757 3533 faveat;
2785 3470 2924 3523 absit
2947 3479 3005 3523 ut
3028 3470 3136 3523 vita
3159 3469 3446 3525 defunctos
3474 3485 3579 3524 ven
3599 3500 3614 3511 -

2035 3571 2154 3616 tura
2171 3562 2445 3631 generatio
2468 3578 2565 3618 nos
2585 3572 2640 3618 ut
2665 3575 2928 3628 amentes,
2948 3565 3371 3624 irrationabiles.
3390 3573 3449 3619 ut
3473 3566 3613 3618 divi-

2036 3670 2230 3709 norum
2263 3670 2534 3710 canonum
2562 3669 2965 3727 contemptores
2984 3658 3226 3722 damnet,
3256 3673 3465 3726 uosque
3491 3657 3613 3711 ideo

2035 3757 2089 3801 et
2113 3764 2208 3803 vos
2235 3749 2567 3803 anathemati
2592 3759 2800 3815 voveat;
2822 3750 2967 3821 quod
3000 3752 3139 3805 solet
3160 3751 3406 3806 accidere
3424 3765 3545 3805 cum
3578 3750 3614 3803 ii

2036 3841 2129 3909 qui
2159 3856 2254 3910 per
2271 3841 2431 3895 vitam
2456 3852 2699 3912 potentes
2726 3843 2896 3908 fuere,
2923 3844 3141 3909 abeunt,
3165 3854 3218 3899 et
3239 3844 3360 3898 aliis
3380 3858 3616 3898 nascun-

2040 3941 2128 3985 tur
2152 3941 2265 3985 tum
2285 3932 2571 4001 sapientia,
2606 3942 2719 3987 tum
2746 3936 2945 4004 pietate
2968 3947 3022 3990 et
3047 3938 3243 3991 virtute
3269 3944 3612 4006 praestantes,

346 4032 529 4097 ψωσιν
555 4046 569 4059 σ
610 4029 746 4097 ὅπερ
776 4023 885 4081 οἶδε
922 4027 1258 4097 συμϐαίνειν,
1285 4028 1414 4080 ὅταν
1452 4027 1501 4077 οἱ
1568 4024 1705 4086 τέως
1742 4022 1954 4077 δυνατοὶ
1997 4024 2140 4078 κατὰ
2191 4024 2283 4078 τὸν
2313 4024 2427 4095 βίον
2456 4026 2757 4097 ἀπέλθωσι,
2831 4028 2926 4083 καὶ
2977 4029 3128 4083 ἄλλοι
3164 4030 3464 4100 γεννηθῶσι
3516 4022 3617 4081 καὶ

346 4121 638 4192 φρονήσει,
665 4122 756 4173 καὶ
782 4121 1059 4190 εὐσεϐείᾳ,
1086 4122 1181 4174 καὶ
1205 4121 1372 4190 ἀρετῇ
1395 4118 1768 4188 διαφέροντες.

931 4256 1066 4322 OG'.
1110 4252 1349 4321 Ἀδήλῳ.

429 4393 505 4447 Τὸ
556 4393 778 4463 γνήσιον
824 4392 921 4459 τῆς
961 4391 1218 4461 στοργῆς,
1258 4388 1286 4441 ὃ
1320 4386 1457 4457 πρὸς
1498 4386 1595 4456 τὴν
1630 4386 1788 4456 ήμῶν
1835 4402 1933 4456 με·

2577 4248 2813 4307 LXXV].
2841 4249 3073 4307 Incerto.

2115 4385 2378 4439 Siucerus
2407 4399 2584 4449 amor,
2619 4402 2783 4456 quem
2815 4403 2941 4457 erga
2980 4388 3341 4442 humilitatem
3368 4398 3613 4447 nostram

351 4486 619 4553 τριότητα
646 4487 679 4554 ἡ
710 4484 777 4553 σὴ
827 4482 1085 4537 εὐλάϐεια
1126 4479 1411 4547 κέκτηται,
1455 4479 1626 4532 παλαι
1678 4480 1773 4530 καὶ
1823 4480 1931 4532 διε-

2038 4487 2131 4535 tua
2194 4482 2501 4536 reverentia
2533 4481 2789 4544 exhibet,
2822 4480 3144 4550 jamdudum
3194 4490 3357 4535 notus
3387 4492 3491 4545 est,
3516 4499 3625 4539 nec-

354 4579 526 4648 λέχθη
584 4578 680 4631 καὶ
734 4577 1087 4645 γινώσκεται,
1118 4577 1179 4629 οῦ
1212 4576 1387 4633 δεῖται
1434 4577 1528 4631 νῦν
1572 4577 1937 4644 ἀποδείξεως,

353 4672 480 4723 οῦδὲ
520 4671 623 4739 τῆς
670 4670 735 4721 ἐκ
768 4669 943 4736 λόγων
984 4667 1321 4731 συστάσεως,
1377 4668 1570 4738 ἱκανῆς
1617 4666 1787 4737 οῦσης
1838 4667 1937 4735 τῆς

357 4767 425 4815 ἐκ
459 4761 568 4814 τῶν
637 4761 815 4830 ἔργων
863 4760 1274 4830 πληροςρορίας·
1322 4758 1458 4811 διότι
1518 4759 1612 4813 καλ⁵
1663 4760 1822 4829 ἡμεῖς
1876 4758 1937 4812 οῦ

361 4853 569 4925 μικρὰν
634 4854 967 4921 εὑρίσκομεν
1023 4854 1082 4904 ἐν
1132 4854 1255 4912 ταῖς
1308 4850 1553 4920 θλίψεσιν
1605 4851 1760 4919 ἡμῶν
1800 4868 1939 4920 παρ-

356 4946 591 5018 ηγορίαν
626 4948 689 4998 ὲκ
721 4945 817 5013 τῆς
846 4944 945 5013 σῆς
977 4944 1115 5014 πρὸς
1157 4944 1306 5013 ἡμᾶς
1350 4942 1729 5011 πνευματικῆς
1753 4942 1933 4995 διαθέ-

362 5056 524 5099 σεως.
568 5039 679 5089 Καὶ
730 5036 885 5089 οῦδὲν
926 5035 1108 5105 χάριτι
1145 5037 1284 5088 Θεοῦ
1340 5036 1688 5105 ζημιούμεθα
1737 5036 1834 5105 τῆς
1874 5036 1939 5087 ὲκ

359 5132 463 5199 τῆς
495 5131 596 5201 σῆς
626 5132 849 5198 ἀγάπης
892 5129 1293 5199 περιχεομένης
1340 5130 1473 5198 ἡμῖν
1524 5130 1676 5199 ἱερᾶς
1720 5128 1937 5196 ἡδονῆς,

360 5224 551 5275 ἕνεκεν
583 5222 677 5275 τοῦ
711 5220 1021 5274 κωλύεσθαι
1049 5222 1234 5285 ἄλλοις
1278 5223 1550 5284 συνεῖναι,
1580 5221 1673 5273 καὶ
1710 5219 1798 5272 διὰ
1839 5219 1940 5285 τῆς

362 5316 474 5368 τῶν
514 5315 800 5383 αἰσθητῶν
847 5313 1144 5383 ὀφθαλμῶν
1190 5314 1444 5383 θεωρίας,
1482 5312 1575 5368 τοῦ
1626 5313 1941 5383 βλέμματος

362 5408 466 5476 τῆς
518 5408 757 5469 διανοίας
810 5406 1111 5470 ἀκωλύτως
1164 5409 1258 5461 καὶ
1309 5407 1549 5479 δρῶντος
1599 5404 1693 5459 καὶ
1739 5403 1941 5474 νοερῶς

364 5502 515 5568 ἡμᾶς
570 5499 956 5561 συνάπτοντος.
998 5498 1156 5552 Οὕτω
1210 5499 1265 5552 δὲ
1316 5500 1409 5552 καὶ
1447 5502 1479 5569 ἡ
1518 5496 1674 5568 ὑμῶν
1722 5496 1942 5563 ὁσιότης

372 5591 539 5661 μηδὲν
574 5593 843 5662 νομιζέτω
877 5592 965 5646 διὰ
996 5592 1094 5662 τὴν
1142 5592 1461 5662 σωματικὴν
1495 5591 1798 5647 ἀπόστασιν
1843 5588 1943 5655 τῆς

371 5686 514 5738 κατά
584 5685 800 5755 πνεῦμα
877 5687 1176 5752 συναφείας
1260 5684 1706 5753 ἀποστερεῖσθαι.
1762 5681 1940 5743 "Oxon

372 5779 479 5848 γὰρ
512 5777 741 5847 ἀληθοῦς
772 5778 989 5849 ἀγάπης
1031 5776 1223 5841 Evam;
1250 5770 1307 5831 οῦ
1342 5776 1405 5831 ἂν
1438 5768 1537 5829 ὦσι
1573 5774 1939 5845 διεστηκότες,

2041 4570 2519 4629 demonstratione
2579 4584 2672 4629 aut
2740 4574 3033 4629 verborum
3079 4571 3235 4642 copia
3289 4582 3432 4643 eget,
3491 4590 3627 4628 cum

2039 4680 2206 4734 opera
2243 4681 2340 4737 per
2384 4681 2443 4723 se
2484 4666 2801 4736 loquantur.
2848 4665 3197 4735 Quapropter
3244 4673 3300 4719 et
3340 4680 3443 4720 nos
3509 4682 3617 4721 non

2040 4773 2263 4828 parvam
2293 4760 2344 4813 in
2384 4760 2655 4831 augusti-is
2703 4759 2914 4813 nostris
2952 4758 3388 4813 consolationem
3424 4774 3488 4813 ex
3524 4767 3615 4811 tua

2041 4850 2097 4903 in
2131 4866 2231 4905 nos
2286 4851 2558 4922 spirituali
2615 4850 2863 4904 amicitia
2912 4849 3269 4920 percipimus.
3310 4851 3394 4914 Et,
3441 4849 3614 4918 gratia

2042 4941 2160 5007 Dei,
2198 4942 2332 4997 nihil
2371 4944 2534 5014 hujus
2583 4942 2879 5011 voluptatis
2931 4942 3221 4997 amisimus
3263 4954 3385 5009 quae
3420 4940 3486 4993 de
3525 4948 3617 4993 tua

2042 5035 2336 5091 dilectione
2386 5038 2440 5091 in
2495 5052 2599 5091 nos
2636 5034 2929 5099 redundat,
2971 5035 3099 5090 licet
3147 5049 3253 5088 una
3284 5048 3407 5088 esse
3450 5040 3616 5101 atque

2043 5126 2291 5197 corporis
2349 5126 2528 5182 oculis
2575 5127 2717 5180 inter
2757 5139 2858 5179 nos
2896 5124 3083 5181 videre
3110 5136 3467 5192 nequeamus.
3508 5120 3615 5175 Sed

2043 5220 2245 5274 mentis
2276 5219 2443 5284 oculi,
2498 5219 2714 5273 nemine
2747 5218 3021 5283 obstante,
3052 5226 3109 5271 et
3156 5215 3342 5270 vident
3369 5220 3425 5267 et
3455 5212 3620 5281 spiri--

2043 5311 2265 5366 tuaiiter
2317 5323 2418 5363 nos
2456 5307 2685 5363 invicem
2734 5308 2999 5363 adunant.
3053 5306 3131 5360 Ita
3176 5312 3238 5358 et
3296 5312 3387 5356 tua
3442 5302 3615 5370 pietas

2046 5404 2271 5457 minime
2337 5409 2491 5471 putet
2549 5417 2608 5457 se
2665 5416 2761 5471 per
2813 5399 3152 5469 corporalem
3207 5394 3609 5465 separationem

2046 5495 2316 5567 spirituali
2366 5494 2756 5565 conjunctione
2809 5493 3046 5564 privari;
3093 5491 3408 5561 ubicunque
3462 5490 3608 5545 enim

2044 5596 2125 5639 est
2157 5584 2357 5638 sinceri
2386 5583 2591 5638 amoris
2619 5581 2820 5644 unitas,
2849 5578 3070 5650 quando
3093 5579 3161 5635 ab
3190 5580 3420 5637 invicem
3452 5579 3617 5635 amici

2044 5677 2399 5745 corporaliter
2429 5683 2772 5744 separantur.
2814 5671 2887 5726 ibi
2935 5687 3063 5728 vere
3115 5672 3414 5738 uniuntur;
3455 5672 3529 5727 ita
3555 5681 3617 5725 ut

2046 5780 2095 5825 et
2123 5788 2220 5827 nos
2248 5769 2333 5825 illa
2375 5769 2557 5826 divina
2598 5766 2987 5838 conjunctione
3018 5782 3125 5825 non
3151 5766 3311 5823 hodie
3349 5780 3446 5821 nec
3477 5763 3639 5833 heri,
