  <div class='ocr_page' id='page_1' title='image "/cluster/home/n/w/nwhite01/storage/ocr_20150623/111/hvd.32044073502288/149.png"; bbox 0 0 4038 6204; ppageno 0'>
   <div class='ocr_carea' id='block_1_1' title="bbox 406 253 516 317">
    <p class='ocr_par' dir='ltr' id='par_1_1' title="bbox 406 253 516 317">
     <span class='ocr_line' id='line_1_1' title="bbox 406 253 516 317; baseline 0.009 -1"><span class='ocrx_word' id='word_1_1' title='bbox 406 253 516 317; x_wconf 78' lang='grc'><strong>279</strong></span> 
     </span>
    </p>
   </div>
   <div class='ocr_carea' id='block_1_2' title="bbox 1545 263 2573 331">
    <p class='ocr_par' dir='ltr' id='par_1_2' title="bbox 1545 263 2573 331">
     <span class='ocr_line' id='line_1_2' title="bbox 1545 263 2573 331; baseline 0.009 -9"><span class='ocrx_word' id='word_1_2' title='bbox 1545 263 1593 322; x_wconf 78' lang='grc' dir='ltr'><strong>Ν</strong></span> <span class='ocrx_word' id='word_1_3' title='bbox 1608 264 1854 324; x_wconf 75' lang='lat' dir='ltr'><strong>[COLAI</strong></span> <span class='ocrx_word' id='word_1_4' title='bbox 1899 267 2006 325; x_wconf 60' lang='lat' dir='ltr'><strong>CPo</strong></span> <span class='ocrx_word' id='word_1_5' title='bbox 2054 268 2573 331; x_wconf 61' lang='lat' dir='ltr'><strong>PATRIARCHZE</strong></span> 
     </span>
    </p>
   </div>
   <div class='ocr_carea' id='block_1_3' title="bbox 3564 275 3668 340">
    <p class='ocr_par' dir='ltr' id='par_1_3' title="bbox 3564 275 3668 340">
     <span class='ocr_line' id='line_1_3' title="bbox 3564 275 3668 340; baseline 0.029 -3"><span class='ocrx_word' id='word_1_6' title='bbox 3564 275 3668 340; x_wconf 76' lang='lat'><strong>280</strong></span> 
     </span>
    </p>
   </div>
   <div class='ocr_carea' id='block_1_4' title="bbox 408 369 1990 454">
    <p class='ocr_par' dir='ltr' id='par_1_4' title="bbox 408 369 1986 440">
     <span class='ocr_line' id='line_1_4' title="bbox 408 369 1986 440; baseline 0.004 -14"><span class='ocrx_word' id='word_1_7' title='bbox 408 371 502 426; x_wconf 79' lang='lat' dir='ltr'><strong>sed</strong></span> <span class='ocrx_word' id='word_1_8' title='bbox 535 369 858 440; x_wconf 75' lang='lat' dir='ltr'><strong>jamdudum</strong></span> <span class='ocrx_word' id='word_1_9' title='bbox 895 369 1150 435; x_wconf 76' lang='lat' dir='ltr'><strong>adunati,</strong></span> <span class='ocrx_word' id='word_1_10' title='bbox 1181 371 1426 427; x_wconf 88' lang='lat' dir='ltr'><strong>locorum</strong></span> <span class='ocrx_word' id='word_1_11' title='bbox 1473 373 1734 429; x_wconf 87' lang='lat' dir='ltr'><strong>distantia</strong></span> <span class='ocrx_word' id='word_1_12' title='bbox 1761 377 1986 432; x_wconf 90' lang='lat' dir='ltr'><strong>minime</strong></span> 
     </span>
    </p>
   </div>
   <div class='ocr_carea' id='block_1_5' title="bbox 2091 369 3669 454">
    <p class='ocr_par' dir='ltr' id='par_1_5' title="bbox 2092 383 3669 454">
     <span class='ocr_line' id='line_1_5' title="bbox 2092 383 3669 454; baseline 0.003 -20"><span class='ocrx_word' id='word_1_13' title='bbox 2092 384 2468 454; x_wconf 80' lang='grc' dir='ltr'>συνηνωμένοι</span> <span class='ocrx_word' id='word_1_14' title='bbox 2501 383 2873 453; x_wconf 69' lang='grc' dir='ltr'>τυγχάνωσινε</span> <span class='ocrx_word' id='word_1_15' title='bbox 2940 383 3078 437; x_wconf 74' lang='grc' dir='ltr'>ὥστε</span> <span class='ocrx_word' id='word_1_16' title='bbox 3131 384 3225 439; x_wconf 73' lang='grc' dir='ltr'><strong>καὶ</strong></span> <span class='ocrx_word' id='word_1_17' title='bbox 3272 385 3434 454; x_wconf 85' lang='grc' dir='ltr'>ἡμεῖς</span> <span class='ocrx_word' id='word_1_18' title='bbox 3495 385 3669 454; x_wconf 83' lang='grc' dir='ltr'>ταύτῃ</span> 
     </span>
    </p>
   </div>
   <div class='ocr_carea' id='block_1_6' title="bbox 406 459 1981 532">
    <p class='ocr_par' dir='ltr' id='par_1_6' title="bbox 406 459 1981 532">
     <span class='ocr_line' id='line_1_6' title="bbox 406 459 1981 532; baseline 0.005 -17"><span class='ocrx_word' id='word_1_19' title='bbox 406 461 799 532; x_wconf 81' lang='lat' dir='ltr'><strong>disjungimur.</strong></span> <span class='ocrx_word' id='word_1_20' title='bbox 833 459 939 515; x_wconf 89' lang='lat' dir='ltr'><strong>Sed</strong></span> <span class='ocrx_word' id='word_1_21' title='bbox 967 460 1036 516; x_wconf 90' lang='lat' dir='ltr'><strong>de</strong></span> <span class='ocrx_word' id='word_1_22' title='bbox 1075 461 1159 517; x_wconf 83' lang='lat' dir='ltr'><strong>his</strong></span> <span class='ocrx_word' id='word_1_23' title='bbox 1187 464 1473 518; x_wconf 78' lang='lat' dir='ltr'><strong>hactenus.</strong></span> <span class='ocrx_word' id='word_1_24' title='bbox 1501 465 1574 519; x_wconf 92' lang='lat' dir='ltr'><strong>De</strong></span> <span class='ocrx_word' id='word_1_25' title='bbox 1602 464 1772 522; x_wconf 98' lang='lat' dir='ltr'><strong>fratre</strong></span> <span class='ocrx_word' id='word_1_26' title='bbox 1799 477 1981 523; x_wconf 86' lang='lat' dir='ltr'><strong>autem</strong></span> 
     </span>
    </p>
   </div>
   <div class='ocr_carea' id='block_1_7' title="bbox 404 555 1985 631">
    <p class='ocr_par' dir='ltr' id='par_1_7' title="bbox 404 555 1985 631">
     <span class='ocr_line' id='line_1_7' title="bbox 404 555 1985 631; baseline 0.005 -23"><span class='ocrx_word' id='word_1_27' title='bbox 404 563 499 610; x_wconf 88' lang='lat' dir='ltr'><strong>tuo</strong></span> <span class='ocrx_word' id='word_1_28' title='bbox 519 555 608 623; x_wconf 92' lang='lat' dir='ltr'><strong>qui</strong></span> <span class='ocrx_word' id='word_1_29' title='bbox 637 568 733 624; x_wconf 92' lang='lat' dir='ltr'><strong>per</strong></span> <span class='ocrx_word' id='word_1_30' title='bbox 762 555 1125 624; x_wconf 73' lang='lat' dir='ltr'><strong>ignorantiam</strong></span> <span class='ocrx_word' id='word_1_31' title='bbox 1150 556 1335 626; x_wconf 84' lang='lat' dir='ltr'><strong>lapsus</strong></span> <span class='ocrx_word' id='word_1_32' title='bbox 1362 565 1466 622; x_wconf 83' lang='lat' dir='ltr'><strong>est,</strong></span> <span class='ocrx_word' id='word_1_33' title='bbox 1493 559 1626 613; x_wconf 89' lang='lat' dir='ltr'><strong>illud</strong></span> <span class='ocrx_word' id='word_1_34' title='bbox 1663 563 1806 629; x_wconf 88' lang='lat' dir='ltr'><strong>quod</strong></span> <span class='ocrx_word' id='word_1_35' title='bbox 1827 562 1985 631; x_wconf 78' lang='lat' dir='ltr'><strong>igno-</strong></span> 
     </span>
    </p>
   </div>
   <div class='ocr_carea' id='block_1_8' title="bbox 405 651 1984 720">
    <p class='ocr_par' dir='ltr' id='par_1_8' title="bbox 405 651 1984 720">
     <span class='ocr_line' id='line_1_8' title="bbox 405 651 1984 720; baseline 0.008 -19"><span class='ocrx_word' id='word_1_36' title='bbox 405 655 594 702; x_wconf 82' lang='lat' dir='ltr'><strong>ranter</strong></span> <span class='ocrx_word' id='word_1_37' title='bbox 623 655 807 701; x_wconf 89' lang='lat' dir='ltr'><strong>actum</strong></span> <span class='ocrx_word' id='word_1_38' title='bbox 845 657 947 713; x_wconf 90' lang='lat' dir='ltr'><strong>est,</strong></span> <span class='ocrx_word' id='word_1_39' title='bbox 983 651 1398 720; x_wconf 72' lang='lat' dir='ltr'><strong>venitejanuam</strong></span> <span class='ocrx_word' id='word_1_40' title='bbox 1431 669 1539 707; x_wconf 90' lang='lat' dir='ltr'><strong>non</strong></span> <span class='ocrx_word' id='word_1_41' title='bbox 1561 653 1813 710; x_wconf 88' lang='lat' dir='ltr'><strong>claudere</strong></span> <span class='ocrx_word' id='word_1_42' title='bbox 1846 659 1984 712; x_wconf 81' lang='lat' dir='ltr'><strong>dici—</strong></span> 
     </span>
    </p>
   </div>
   <div class='ocr_carea' id='block_1_9' title="bbox 406 737 1975 811">
    <p class='ocr_par' dir='ltr' id='par_1_9' title="bbox 406 737 1975 811">
     <span class='ocr_line' id='line_1_9' title="bbox 406 737 1975 811; baseline 0.008 -20"><span class='ocrx_word' id='word_1_43' title='bbox 406 753 552 805; x_wconf 85' lang='lat' dir='ltr'><strong>mus,</strong></span> <span class='ocrx_word' id='word_1_44' title='bbox 571 737 838 808; x_wconf 82' lang='lat' dir='ltr'><strong>siquidem</strong></span> <span class='ocrx_word' id='word_1_45' title='bbox 863 739 950 794; x_wconf 75' lang='lat' dir='ltr'><strong>itte</strong></span> <span class='ocrx_word' id='word_1_46' title='bbox 970 741 1343 811; x_wconf 65' lang='lat' dir='ltr'><strong>littermhtohis</strong></span> <span class='ocrx_word' id='word_1_47' title='bbox 1369 747 1833 802; x_wconf 84' lang='lat' dir='ltr'><strong>annuntiaverunt</strong></span> <span class='ocrx_word' id='word_1_48' title='bbox 1851 765 1975 804; x_wconf 87' lang='lat' dir='ltr'><strong>euut</strong></span> 
     </span>
    </p>
   </div>
   <div class='ocr_carea' id='block_1_10' title="bbox 401 831 1983 898">
    <p class='ocr_par' dir='ltr' id='par_1_10' title="bbox 401 831 1983 898">
     <span class='ocr_line' id='line_1_10' title="bbox 401 831 1983 898; baseline 0.009 -15"><span class='ocrx_word' id='word_1_49' title='bbox 401 831 567 886; x_wconf 85' lang='lat' dir='ltr'><strong>corde</strong></span> <span class='ocrx_word' id='word_1_50' title='bbox 600 833 842 887; x_wconf 89' lang='lat' dir='ltr'><strong>contrito</strong></span> <span class='ocrx_word' id='word_1_51' title='bbox 871 848 992 888; x_wconf 88' lang='lat' dir='ltr'><strong>esse</strong></span> <span class='ocrx_word' id='word_1_52' title='bbox 1016 846 1068 888; x_wconf 89' lang='lat' dir='ltr'><strong>et</strong></span> <span class='ocrx_word' id='word_1_53' title='bbox 1093 836 1206 890; x_wconf 87' lang='lat' dir='ltr'><strong>acri</strong></span> <span class='ocrx_word' id='word_1_54' title='bbox 1234 837 1425 893; x_wconf 90' lang='lat' dir='ltr'><strong>dolore</strong></span> <span class='ocrx_word' id='word_1_55' title='bbox 1450 839 1829 897; x_wconf 73' lang='lat' dir='ltr'><strong>dilaceratum.</strong></span> <span class='ocrx_word' id='word_1_56' title='bbox 1858 842 1983 898; x_wconf 84' lang='lat' dir='ltr'><strong>Ideo</strong></span> 
     </span>
    </p>
   </div>
   <div class='ocr_carea' id='block_1_11' title="bbox 401 921 1979 1000">
    <p class='ocr_par' dir='ltr' id='par_1_11' title="bbox 401 921 1979 1000">
     <span class='ocr_line' id='line_1_11' title="bbox 401 921 1979 1000; baseline 0.009 -26"><span class='ocrx_word' id='word_1_57' title='bbox 401 931 481 988; x_wconf 92' lang='lat' dir='ltr'><strong>tu,</strong></span> <span class='ocrx_word' id='word_1_58' title='bbox 517 921 630 991; x_wconf 90' lang='lat' dir='ltr'><strong>ipse</strong></span> <span class='ocrx_word' id='word_1_59' title='bbox 658 938 769 992; x_wconf 67' lang='lat' dir='ltr'><strong>prae</strong></span> <span class='ocrx_word' id='word_1_60' title='bbox 792 923 969 980; x_wconf 89' lang='lat' dir='ltr'><strong>ocults</strong></span> <span class='ocrx_word' id='word_1_61' title='bbox 997 925 1205 982; x_wconf 81' lang='lat' dir='ltr'><strong>habens</strong></span> <span class='ocrx_word' id='word_1_62' title='bbox 1239 927 1515 984; x_wconf 87' lang='lat' dir='ltr'><strong>hominem</strong></span> <span class='ocrx_word' id='word_1_63' title='bbox 1545 940 1598 985; x_wconf 91' lang='lat' dir='ltr'><strong>et</strong></span> <span class='ocrx_word' id='word_1_64' title='bbox 1630 932 1774 987; x_wconf 90' lang='lat' dir='ltr'><strong>illius</strong></span> <span class='ocrx_word' id='word_1_65' title='bbox 1805 935 1979 1000; x_wconf 65' lang='lat' dir='ltr'><strong>pinni-</strong></span> 
     </span>
    </p>
   </div>
   <div class='ocr_carea' id='block_1_12' title="bbox 391 1015 1978 1097">
    <p class='ocr_par' dir='ltr' id='par_1_12' title="bbox 391 1015 1978 1097">
     <span class='ocr_line' id='line_1_12' title="bbox 391 1015 1978 1097; baseline 0.011 -32"><span class='ocrx_word' id='word_1_66' title='bbox 391 1015 628 1069; x_wconf 80' lang='lat' dir='ltr'><strong>tentiam</strong></span> <span class='ocrx_word' id='word_1_67' title='bbox 661 1025 716 1070; x_wconf 88' lang='lat' dir='ltr'><strong>et</strong></span> <span class='ocrx_word' id='word_1_68' title='bbox 745 1017 1101 1075; x_wconf 84' lang='lat' dir='ltr'><strong>considerans</strong></span> <span class='ocrx_word' id='word_1_69' title='bbox 1131 1021 1297 1074; x_wconf 89' lang='lat' dir='ltr'><strong>animi</strong></span> <span class='ocrx_word' id='word_1_70' title='bbox 1328 1024 1447 1092; x_wconf 84' lang='lat' dir='ltr'><strong>ejus</strong></span> <span class='ocrx_word' id='word_1_71' title='bbox 1473 1024 1717 1079; x_wconf 85' lang='lat' dir='ltr'><strong>dolorem</strong></span> <span class='ocrx_word' id='word_1_72' title='bbox 1749 1035 1807 1080; x_wconf 92' lang='lat' dir='ltr'><strong>ut</strong></span> <span class='ocrx_word' id='word_1_73' title='bbox 1827 1027 1978 1097; x_wconf 81' lang='lat' dir='ltr'><strong>judi-</strong></span> 
     </span>
    </p>
   </div>
   <div class='ocr_carea' id='block_1_13' title="bbox 400 1109 1983 1188">
    <p class='ocr_par' dir='ltr' id='par_1_13' title="bbox 400 1109 1983 1188">
     <span class='ocr_line' id='line_1_13' title="bbox 400 1109 1983 1188; baseline 0.008 -27"><span class='ocrx_word' id='word_1_74' title='bbox 400 1109 648 1175; x_wconf 79' lang='lat' dir='ltr'><strong>caveris,</strong></span> <span class='ocrx_word' id='word_1_75' title='bbox 691 1113 975 1168; x_wconf 86' lang='lat' dir='ltr'><strong>moderata</strong></span> <span class='ocrx_word' id='word_1_76' title='bbox 1021 1115 1498 1173; x_wconf 85' lang='lat' dir='ltr'><strong>animadversione</strong></span> <span class='ocrx_word' id='word_1_77' title='bbox 1549 1119 1765 1188; x_wconf 82' lang='lat' dir='ltr'><strong>culpam</strong></span> <span class='ocrx_word' id='word_1_78' title='bbox 1829 1135 1983 1185; x_wconf 89' lang='lat' dir='ltr'><strong>cura,</strong></span> 
     </span>
    </p>
   </div>
   <div class='ocr_carea' id='block_1_14' title="bbox 402 1201 1987 1281">
    <p class='ocr_par' dir='ltr' id='par_1_14' title="bbox 402 1201 1987 1281">
     <span class='ocr_line' id='line_1_14' title="bbox 402 1201 1987 1281; baseline 0.008 -27"><span class='ocrx_word' id='word_1_79' title='bbox 402 1208 542 1257; x_wconf 90' lang='lat' dir='ltr'><strong>utet</strong></span> <span class='ocrx_word' id='word_1_80' title='bbox 573 1201 626 1256; x_wconf 91' lang='lat' dir='ltr'><strong>in</strong></span> <span class='ocrx_word' id='word_1_81' title='bbox 661 1203 802 1260; x_wconf 90' lang='lat' dir='ltr'><strong>alios</strong></span> <span class='ocrx_word' id='word_1_82' title='bbox 848 1221 1009 1275; x_wconf 86' lang='lat' dir='ltr'><strong>agere</strong></span> <span class='ocrx_word' id='word_1_83' title='bbox 1053 1209 1219 1270; x_wconf 86' lang='lat' dir='ltr'><strong>soles,</strong></span> <span class='ocrx_word' id='word_1_84' title='bbox 1247 1209 1429 1263; x_wconf 83' lang='lat' dir='ltr'><strong>divina</strong></span> <span class='ocrx_word' id='word_1_85' title='bbox 1471 1212 1647 1281; x_wconf 81' lang='lat' dir='ltr'><strong>gratia</strong></span> <span class='ocrx_word' id='word_1_86' title='bbox 1684 1212 1750 1266; x_wconf 90' lang='lat' dir='ltr'><strong>ad</strong></span> <span class='ocrx_word' id='word_1_87' title='bbox 1788 1212 1840 1266; x_wconf 88' lang='lat' dir='ltr'><strong>id</strong></span> <span class='ocrx_word' id='word_1_88' title='bbox 1872 1213 1987 1268; x_wconf 86' lang='lat' dir='ltr'><strong>dis-</strong></span> 
     </span>
    </p>
   </div>
   <div class='ocr_carea' id='block_1_15' title="bbox 401 1296 1988 1373">
    <p class='ocr_par' dir='ltr' id='par_1_15' title="bbox 401 1296 1988 1373">
     <span class='ocr_line' id='line_1_15' title="bbox 401 1296 1988 1373; baseline 0.006 -25"><span class='ocrx_word' id='word_1_89' title='bbox 401 1296 618 1362; x_wconf 84' lang='lat' dir='ltr'><strong>positus</strong></span> <span class='ocrx_word' id='word_1_90' title='bbox 645 1308 697 1352; x_wconf 89' lang='lat' dir='ltr'><strong>et</strong></span> <span class='ocrx_word' id='word_1_91' title='bbox 728 1313 915 1353; x_wconf 89' lang='lat' dir='ltr'><strong>eorum</strong></span> <span class='ocrx_word' id='word_1_92' title='bbox 953 1300 1046 1370; x_wconf 88' lang='lat' dir='ltr'><strong>qui</strong></span> <span class='ocrx_word' id='word_1_93' title='bbox 1076 1301 1174 1354; x_wconf 90' lang='lat' dir='ltr'><strong>tihi</strong></span> <span class='ocrx_word' id='word_1_94' title='bbox 1221 1301 1423 1356; x_wconf 76' lang='lat' dir='ltr'><strong>subditi</strong></span> <span class='ocrx_word' id='word_1_95' title='bbox 1452 1310 1582 1357; x_wconf 85' lang='lat' dir='ltr'><strong>sunt</strong></span> <span class='ocrx_word' id='word_1_96' title='bbox 1605 1314 1827 1373; x_wconf 88' lang='lat' dir='ltr'><strong>peccata</strong></span> <span class='ocrx_word' id='word_1_97' title='bbox 1861 1320 1988 1358; x_wconf 84' lang='lat' dir='ltr'><strong>cor-</strong></span> 
     </span>
    </p>
   </div>
   <div class='ocr_carea' id='block_1_16' title="bbox 403 1388 1984 1465">
    <p class='ocr_par' dir='ltr' id='par_1_16' title="bbox 403 1388 1984 1465">
     <span class='ocr_line' id='line_1_16' title="bbox 403 1388 1984 1465; baseline 0.006 -23"><span class='ocrx_word' id='word_1_98' title='bbox 403 1388 615 1457; x_wconf 87' lang='lat' dir='ltr'><strong>tigens,</strong></span> <span class='ocrx_word' id='word_1_99' title='bbox 682 1390 1252 1461; x_wconf 88' lang='lat' dir='ltr'><strong>condonationcmque</strong></span> <span class='ocrx_word' id='word_1_100' title='bbox 1309 1395 1608 1465; x_wconf 87' lang='lat' dir='ltr'><strong>unicuique</strong></span> <span class='ocrx_word' id='word_1_101' title='bbox 1680 1397 1984 1451; x_wconf 87' lang='lat' dir='ltr'><strong>secundum</strong></span> 
     </span>
    </p>
   </div>
   <div class='ocr_carea' id='block_1_17' title="bbox 404 1478 1436 1542">
    <p class='ocr_par' dir='ltr' id='par_1_17' title="bbox 404 1478 1436 1542">
     <span class='ocr_line' id='line_1_17' title="bbox 404 1478 1436 1542; baseline 0.01 -11"><span class='ocrx_word' id='word_1_102' title='bbox 404 1478 740 1542; x_wconf 69' lang='lat' dir='ltr'><strong>poenitentiae</strong></span> <span class='ocrx_word' id='word_1_103' title='bbox 773 1498 1088 1538; x_wconf 86' lang='lat' dir='ltr'><strong>mensuram</strong></span> <span class='ocrx_word' id='word_1_104' title='bbox 1121 1485 1436 1542; x_wconf 87' lang='lat' dir='ltr'><strong>dimetiens.</strong></span> 
     </span>
    </p>
   </div>
   <div class='ocr_carea' id='block_1_18' title="bbox 2085 474 3662 546">
    <p class='ocr_par' dir='ltr' id='par_1_18' title="bbox 2085 474 3662 546">
     <span class='ocr_line' id='line_1_18' title="bbox 2085 474 3662 546; baseline 0 -18"><span class='ocrx_word' id='word_1_105' title='bbox 2085 478 2150 545; x_wconf 82' lang='grc' dir='ltr'>τῇ</span> <span class='ocrx_word' id='word_1_106' title='bbox 2195 476 2314 546; x_wconf 82' lang='grc' dir='ltr'>θεία</span> <span class='ocrx_word' id='word_1_107' title='bbox 2363 478 2556 529; x_wconf 77' lang='grc' dir='ltr'>ἐνὼσει</span> <span class='ocrx_word' id='word_1_108' title='bbox 2610 477 2671 529; x_wconf 81' lang='grc' dir='ltr'><strong>ού</strong></span> <span class='ocrx_word' id='word_1_109' title='bbox 2724 474 2823 529; x_wconf 83' lang='grc' dir='ltr'>νῦν</span> <span class='ocrx_word' id='word_1_110' title='bbox 2869 475 2990 529; x_wconf 74' lang='grc' dir='ltr'>οὐδὲ</span> <span class='ocrx_word' id='word_1_111' title='bbox 3023 476 3172 546; x_wconf 79' lang='grc' dir='ltr'>χθὲς,</span> <span class='ocrx_word' id='word_1_112' title='bbox 3199 475 3317 528; x_wconf 82' lang='grc' dir='ltr'>ἀλλ’</span> <span class='ocrx_word' id='word_1_113' title='bbox 3344 475 3408 528; x_wconf 80' lang='grc' dir='ltr'>ἐκ</span> <span class='ocrx_word' id='word_1_114' title='bbox 3446 477 3662 546; x_wconf 77' lang='grc' dir='ltr'><strong>μακροῦ</strong></span> 
     </span>
    </p>
   </div>
   <div class='ocr_carea' id='block_1_19' title="bbox 2085 563 3666 638">
    <p class='ocr_par' dir='ltr' id='par_1_19' title="bbox 2085 563 3666 638">
     <span class='ocr_line' id='line_1_19' title="bbox 2085 563 3666 638; baseline 0.003 -22"><span class='ocrx_word' id='word_1_115' title='bbox 2085 563 2180 618; x_wconf 83' lang='grc' dir='ltr'>τοῦ</span> <span class='ocrx_word' id='word_1_116' title='bbox 2209 565 2405 635; x_wconf 85' lang='grc' dir='ltr'>χρόνου</span> <span class='ocrx_word' id='word_1_117' title='bbox 2458 565 2824 637; x_wconf 86' lang='grc' dir='ltr'>συνημμένοι,</span> <span class='ocrx_word' id='word_1_118' title='bbox 2858 568 2923 637; x_wconf 80' lang='grc' dir='ltr'>τῇ</span> <span class='ocrx_word' id='word_1_119' title='bbox 2954 569 3153 638; x_wconf 80' lang='grc' dir='ltr'>τοπικῇ</span> <span class='ocrx_word' id='word_1_120' title='bbox 3180 566 3461 619; x_wconf 71' lang='grc' dir='ltr'><strong>διαστάσει</strong></span> <span class='ocrx_word' id='word_1_121' title='bbox 3502 568 3666 622; x_wconf 80' lang='grc' dir='ltr'>ούδα·</span> 
     </span>
    </p>
   </div>
   <div class='ocr_carea' id='block_1_20' title="bbox 2089 657 3667 730">
    <p class='ocr_par' dir='ltr' id='par_1_20' title="bbox 2089 657 3667 730">
     <span class='ocr_line' id='line_1_20' title="bbox 2089 657 3667 730; baseline 0.004 -22"><span class='ocrx_word' id='word_1_122' title='bbox 2089 657 2205 725; x_wconf 88' lang='grc' dir='ltr'><strong>μῶς</strong></span> <span class='ocrx_word' id='word_1_123' title='bbox 2261 657 2637 729; x_wconf 81' lang='grc' dir='ltr'>χωριζόμεθα.</span> <span class='ocrx_word' id='word_1_124' title='bbox 2703 658 2865 713; x_wconf 79' lang='grc' dir='ltr'>Ἀλλά</span> <span class='ocrx_word' id='word_1_125' title='bbox 2923 659 3082 713; x_wconf 79' lang='grc' dir='ltr'>τοῦτο</span> <span class='ocrx_word' id='word_1_126' title='bbox 3140 659 3238 729; x_wconf 85' lang='grc' dir='ltr'>μὲν</span> <span class='ocrx_word' id='word_1_127' title='bbox 3293 658 3469 722; x_wconf 75' lang='grc' dir='ltr'>οὕτως</span> <span class='ocrx_word' id='word_1_128' title='bbox 3527 660 3667 730; x_wconf 77' lang='grc' dir='ltr'>ἔχει.</span> 
     </span>
    </p>
   </div>
   <div class='ocr_carea' id='block_1_21' title="bbox 2085 749 3650 820">
    <p class='ocr_par' dir='ltr' id='par_1_21' title="bbox 2085 749 3650 820">
     <span class='ocr_line' id='line_1_21' title="bbox 2085 749 3650 820; baseline 0.001 -18"><span class='ocrx_word' id='word_1_129' title='bbox 2085 750 2222 819; x_wconf 84' lang='grc' dir='ltr'>Περὶ</span> <span class='ocrx_word' id='word_1_130' title='bbox 2255 749 2312 802; x_wconf 79' lang='grc' dir='ltr'>δὲ</span> <span class='ocrx_word' id='word_1_131' title='bbox 2353 749 2449 802; x_wconf 77' lang='grc' dir='ltr'><strong>τοῦ</strong></span> <span class='ocrx_word' id='word_1_132' title='bbox 2482 749 2782 820; x_wconf 83' lang='grc' dir='ltr'>σφαλέντος</span> <span class='ocrx_word' id='word_1_133' title='bbox 2802 751 3036 820; x_wconf 77' lang='grc' dir='ltr'>ἀδελφοῦ</span> <span class='ocrx_word' id='word_1_134' title='bbox 3075 750 3143 803; x_wconf 79' lang='grc' dir='ltr'>δι’</span> <span class='ocrx_word' id='word_1_135' title='bbox 3181 751 3426 818; x_wconf 79' lang='grc' dir='ltr'>ἄγνοιαν,</span> <span class='ocrx_word' id='word_1_136' title='bbox 3469 753 3650 806; x_wconf 76' lang='grc' dir='ltr'>ἐκεῖνό</span> 
     </span>
    </p>
   </div>
   <div class='ocr_carea' id='block_1_22' title="bbox 2082 841 3668 913">
    <p class='ocr_par' dir='ltr' id='par_1_22' title="bbox 2082 841 3668 913">
     <span class='ocr_line' id='line_1_22' title="bbox 2082 841 3668 913; baseline 0.001 -20"><span class='ocrx_word' id='word_1_137' title='bbox 2082 857 2287 912; x_wconf 83' lang='grc' dir='ltr'>φαμεν,</span> <span class='ocrx_word' id='word_1_138' title='bbox 2348 841 2425 906; x_wconf 86' lang='grc' dir='ltr'>ὠς</span> <span class='ocrx_word' id='word_1_139' title='bbox 2473 843 2575 896; x_wconf 76' lang='grc' dir='ltr'>οὐκ</span> <span class='ocrx_word' id='word_1_140' title='bbox 2642 842 2925 897; x_wconf 75' lang='grc' dir='ltr'><strong>ἀποκλείει</strong></span> <span class='ocrx_word' id='word_1_141' title='bbox 2989 841 3155 896; x_wconf 80' lang='grc' dir='ltr'>αὑτὸν</span> <span class='ocrx_word' id='word_1_142' title='bbox 3208 843 3546 913; x_wconf 80' lang='grc' dir='ltr'>συγγνὼμηῖ</span> <span class='ocrx_word' id='word_1_143' title='bbox 3605 843 3668 896; x_wconf 65' lang='grc' dir='ltr'>τὸ</span> 
     </span>
    </p>
   </div>
   <div class='ocr_carea' id='block_1_23' title="bbox 2087 933 3669 1005">
    <p class='ocr_par' dir='ltr' id='par_1_23' title="bbox 2087 933 3669 1005">
     <span class='ocr_line' id='line_1_23' title="bbox 2087 933 3669 1005; baseline 0.001 -18"><span class='ocrx_word' id='word_1_144' title='bbox 2087 934 2482 1005; x_wconf 80' lang='grc' dir='ltr'>πεπραγμένον</span> <span class='ocrx_word' id='word_1_145' title='bbox 2511 935 2568 999; x_wconf 79' lang='grc' dir='ltr'><strong>ἐξ</strong></span> <span class='ocrx_word' id='word_1_146' title='bbox 2596 933 2842 1002; x_wconf 81' lang='grc' dir='ltr'>ἀγνοίας,</span> <span class='ocrx_word' id='word_1_147' title='bbox 2864 934 2960 988; x_wconf 74' lang='grc' dir='ltr'>καὶ</span> <span class='ocrx_word' id='word_1_148' title='bbox 2985 933 3220 1004; x_wconf 85' lang='grc' dir='ltr'>μάλιστα</span> <span class='ocrx_word' id='word_1_149' title='bbox 3241 933 3316 996; x_wconf 86' lang='grc' dir='ltr'>ὡς</span> <span class='ocrx_word' id='word_1_150' title='bbox 3343 933 3404 986; x_wconf 83' lang='grc' dir='ltr'><strong>τὸ</strong></span> <span class='ocrx_word' id='word_1_151' title='bbox 3429 934 3669 1004; x_wconf 83' lang='grc' dir='ltr'>γράμμα</span> 
     </span>
    </p>
   </div>
   <div class='ocr_carea' id='block_1_24' title="bbox 2084 1025 3671 1098">
    <p class='ocr_par' dir='ltr' id='par_1_24' title="bbox 2084 1025 3671 1098">
     <span class='ocr_line' id='line_1_24' title="bbox 2084 1025 3671 1098; baseline -0.001 -19"><span class='ocrx_word' id='word_1_152' title='bbox 2084 1026 2360 1097; x_wconf 77' lang='grc' dir='ltr'>διήγγειλε</span> <span class='ocrx_word' id='word_1_153' title='bbox 2393 1026 2816 1098; x_wconf 76' lang='grc' dir='ltr'>συντριϐομένου</span> <span class='ocrx_word' id='word_1_154' title='bbox 2845 1027 2948 1096; x_wconf 74' lang='grc' dir='ltr'><strong>τὴν</strong></span> <span class='ocrx_word' id='word_1_155' title='bbox 2980 1025 3234 1097; x_wconf 89' lang='grc' dir='ltr'>καρδίαν,</span> <span class='ocrx_word' id='word_1_156' title='bbox 3261 1025 3352 1078; x_wconf 72' lang='grc' dir='ltr'>καὶ</span> <span class='ocrx_word' id='word_1_157' title='bbox 3390 1025 3671 1095; x_wconf 81' lang='grc' dir='ltr'>δριμείαις</span> 
     </span>
    </p>
   </div>
   <div class='ocr_carea' id='block_1_25' title="bbox 2087 1118 3668 1190">
    <p class='ocr_par' dir='ltr' id='par_1_25' title="bbox 2087 1118 3668 1190">
     <span class='ocr_line' id='line_1_25' title="bbox 2087 1118 3668 1190; baseline 0 -19"><span class='ocrx_word' id='word_1_158' title='bbox 2087 1119 2350 1189; x_wconf 79' lang='grc' dir='ltr'>ἀλγηδόσι</span> <span class='ocrx_word' id='word_1_159' title='bbox 2415 1121 2898 1190; x_wconf 83' lang='grc' dir='ltr'>σπαρασσομένου.</span> <span class='ocrx_word' id='word_1_160' title='bbox 2953 1121 3052 1175; x_wconf 75' lang='grc' dir='ltr'><strong>Διὰ</strong></span> <span class='ocrx_word' id='word_1_161' title='bbox 3117 1119 3277 1173; x_wconf 81' lang='grc' dir='ltr'>τοῦτο</span> <span class='ocrx_word' id='word_1_162' title='bbox 3353 1118 3519 1182; x_wconf 74' lang='grc' dir='ltr'>αὐτὸς</span> <span class='ocrx_word' id='word_1_163' title='bbox 3578 1119 3668 1171; x_wconf 77' lang='grc' dir='ltr'>ἐπ’</span> 
     </span>
    </p>
   </div>
   <div class='ocr_carea' id='block_1_26' title="bbox 2087 1211 3664 1284">
    <p class='ocr_par' dir='ltr' id='par_1_26' title="bbox 2087 1211 3664 1284">
     <span class='ocr_line' id='line_1_26' title="bbox 2087 1211 3664 1284; baseline 0 -21"><span class='ocrx_word' id='word_1_164' title='bbox 2087 1211 2388 1282; x_wconf 68' lang='grc' dir='ltr'>ὀφθαλμοῖς</span> <span class='ocrx_word' id='word_1_165' title='bbox 2449 1212 2588 1284; x_wconf 78' lang='grc' dir='ltr'>ἔχων</span> <span class='ocrx_word' id='word_1_166' title='bbox 2652 1213 2744 1266; x_wconf 78' lang='grc' dir='ltr'>τὸν</span> <span class='ocrx_word' id='word_1_167' title='bbox 2809 1212 3120 1284; x_wconf 83' lang='grc' dir='ltr'>ἄνθρωπον,</span> <span class='ocrx_word' id='word_1_168' title='bbox 3180 1211 3276 1264; x_wconf 79' lang='grc' dir='ltr'>καὶ</span> <span class='ocrx_word' id='word_1_169' title='bbox 3321 1211 3422 1280; x_wconf 75' lang='grc' dir='ltr'>τὴν</span> <span class='ocrx_word' id='word_1_170' title='bbox 3454 1211 3547 1262; x_wconf 72' lang='grc' dir='ltr'>ἐπὶ</span> <span class='ocrx_word' id='word_1_171' title='bbox 3595 1213 3664 1280; x_wconf 78' lang='grc' dir='ltr'>τῇ</span> 
     </span>
    </p>
   </div>
   <div class='ocr_carea' id='block_1_27' title="bbox 2093 1303 3670 1376">
    <p class='ocr_par' dir='ltr' id='par_1_27' title="bbox 2093 1303 3670 1376">
     <span class='ocr_line' id='line_1_27' title="bbox 2093 1303 3670 1376; baseline -0.001 -21"><span class='ocrx_word' id='word_1_172' title='bbox 2093 1305 2352 1376; x_wconf 74' lang='grc' dir='ltr'><strong>μετανοίᾳ</strong></span> <span class='ocrx_word' id='word_1_173' title='bbox 2385 1304 2577 1359; x_wconf 83' lang='grc' dir='ltr'>τούτου</span> <span class='ocrx_word' id='word_1_174' title='bbox 2613 1304 2876 1375; x_wconf 80' lang='grc' dir='ltr'>σπουδὴν,</span> <span class='ocrx_word' id='word_1_175' title='bbox 2911 1304 3163 1375; x_wconf 77' lang='grc' dir='ltr'>καθορῶν</span> <span class='ocrx_word' id='word_1_176' title='bbox 3204 1305 3298 1356; x_wconf 80' lang='grc' dir='ltr'><strong>καὶ</strong></span> <span class='ocrx_word' id='word_1_177' title='bbox 3354 1303 3416 1355; x_wconf 82' lang='grc' dir='ltr'><strong>τὸ</strong></span> <span class='ocrx_word' id='word_1_178' title='bbox 3445 1303 3670 1372; x_wconf 79' lang='grc' dir='ltr'>ἄλγημα</span> 
     </span>
    </p>
   </div>
   <div class='ocr_carea' id='block_1_28' title="bbox 2091 1394 3674 1468">
    <p class='ocr_par' dir='ltr' id='par_1_28' title="bbox 2091 1394 3674 1468">
     <span class='ocr_line' id='line_1_28' title="bbox 2091 1394 3674 1468; baseline -0.001 -20"><span class='ocrx_word' id='word_1_179' title='bbox 2091 1397 2190 1465; x_wconf 73' lang='grc' dir='ltr'>τῆς</span> <span class='ocrx_word' id='word_1_180' title='bbox 2223 1395 2406 1466; x_wconf 76' lang='grc' dir='ltr'>ψυχῆς</span> <span class='ocrx_word' id='word_1_181' title='bbox 2439 1396 2525 1465; x_wconf 72' lang='grc' dir='ltr'><strong>ἐφ’</strong></span> <span class='ocrx_word' id='word_1_182' title='bbox 2550 1397 2676 1449; x_wconf 81' lang='grc' dir='ltr'>δσον</span> <span class='ocrx_word' id='word_1_183' title='bbox 2708 1397 2794 1450; x_wconf 75' lang='grc' dir='ltr'>ἀν’</span> <span class='ocrx_word' id='word_1_184' title='bbox 2831 1397 3160 1468; x_wconf 81' lang='grc' dir='ltr'>δοκιμάσῃς,</span> <span class='ocrx_word' id='word_1_185' title='bbox 3208 1394 3527 1464; x_wconf 65' lang='grc' dir='ltr'>ἐπιτιμήσει</span> <span class='ocrx_word' id='word_1_186' title='bbox 3577 1412 3674 1463; x_wconf 79' lang='grc' dir='ltr'>με·</span> 
     </span>
    </p>
   </div>
   <div class='ocr_carea' id='block_1_29' title="bbox 2092 1487 3665 1561">
    <p class='ocr_par' dir='ltr' id='par_1_29' title="bbox 2092 1487 3665 1561">
     <span class='ocr_line' id='line_1_29' title="bbox 2092 1487 3665 1561; baseline -0.002 -21"><span class='ocrx_word' id='word_1_187' title='bbox 2092 1489 2223 1560; x_wconf 75' lang='grc' dir='ltr'>τρία</span> <span class='ocrx_word' id='word_1_188' title='bbox 2275 1490 2561 1561; x_wconf 82' lang='grc' dir='ltr'>ἱάτρευσον</span> <span class='ocrx_word' id='word_1_189' title='bbox 2618 1490 2681 1540; x_wconf 74' lang='grc' dir='ltr'>τὸ</span> <span class='ocrx_word' id='word_1_190' title='bbox 2739 1487 3284 1559; x_wconf 78' lang='grc' dir='ltr'>ἀμάρτημα,ὦσττερ</span> <span class='ocrx_word' id='word_1_191' title='bbox 3339 1491 3436 1539; x_wconf 68' lang='grc' dir='ltr'><strong>καὶ</strong></span> <span class='ocrx_word' id='word_1_192' title='bbox 3466 1488 3523 1538; x_wconf 79' lang='grc' dir='ltr'><strong>ἐν</strong></span> <span class='ocrx_word' id='word_1_193' title='bbox 3551 1487 3665 1547; x_wconf 86' lang='grc' dir='ltr'>τοῖς</span> 
     </span>
    </p>
   </div>
   <div class='ocr_carea' id='block_1_30' title="bbox 401 1574 3678 1650">
    <p class='ocr_par' dir='ltr' id='par_1_30' title="bbox 401 1574 3678 1650">
     <span class='ocr_line' id='line_1_30' title="bbox 401 1574 3678 1650; baseline 0 -23"><span class='ocrx_word' id='word_1_194' title='bbox 401 1574 582 1639; x_wconf 70' lang='grc' dir='ltr'>ἄλλοις</span> <span class='ocrx_word' id='word_1_195' title='bbox 607 1577 916 1648; x_wconf 76' lang='grc' dir='ltr'>οἰκονομεῖν</span> <span class='ocrx_word' id='word_1_196' title='bbox 953 1577 1186 1642; x_wconf 78' lang='grc' dir='ltr'>εἴωθας·</span> <span class='ocrx_word' id='word_1_197' title='bbox 1225 1579 1346 1650; x_wconf 76' lang='grc' dir='ltr'>θείᾳ</span> <span class='ocrx_word' id='word_1_198' title='bbox 1386 1579 1568 1650; x_wconf 86' lang='grc' dir='ltr'>χάριτι</span> <span class='ocrx_word' id='word_1_199' title='bbox 1646 1580 2012 1645; x_wconf 83' lang='grc' dir='ltr'>κατασταθεὶς</span> <span class='ocrx_word' id='word_1_200' title='bbox 2073 1583 2168 1633; x_wconf 77' lang='grc' dir='ltr'>ἐπὶ</span> <span class='ocrx_word' id='word_1_201' title='bbox 2233 1579 2396 1634; x_wconf 81' lang='grc' dir='ltr'>τοῦτο</span> <span class='ocrx_word' id='word_1_202' title='bbox 2455 1582 2552 1634; x_wconf 77' lang='grc' dir='ltr'><strong>καὶ</strong></span> <span class='ocrx_word' id='word_1_203' title='bbox 2618 1582 2729 1636; x_wconf 74' lang='grc' dir='ltr'><strong>τῶν</strong></span> <span class='ocrx_word' id='word_1_204' title='bbox 2795 1581 2900 1634; x_wconf 78' lang='grc' dir='ltr'>ὑπὸ</span> <span class='ocrx_word' id='word_1_205' title='bbox 2961 1580 3056 1634; x_wconf 84' lang='grc' dir='ltr'>σοῦ</span> <span class='ocrx_word' id='word_1_206' title='bbox 3109 1577 3543 1649; x_wconf 75' lang='grc' dir='ltr'>κυϐερνωμένων</span> <span class='ocrx_word' id='word_1_207' title='bbox 3604 1575 3678 1628; x_wconf 82' lang='grc' dir='ltr'><strong>τὰ.</strong></span> 
     </span>
    </p>
   </div>
   <div class='ocr_carea' id='block_1_31' title="bbox 405 1669 1944 1743">
    <p class='ocr_par' dir='ltr' id='par_1_31' title="bbox 405 1669 1944 1743">
     <span class='ocr_line' id='line_1_31' title="bbox 405 1669 1944 1743; baseline 0.001 -20"><span class='ocrx_word' id='word_1_208' title='bbox 405 1669 704 1739; x_wconf 76' lang='grc' dir='ltr'><strong>σφάλματα</strong></span> <span class='ocrx_word' id='word_1_209' title='bbox 767 1669 1172 1743; x_wconf 79' lang='grc' dir='ltr'>διορθούμενος,</span> <span class='ocrx_word' id='word_1_210' title='bbox 1233 1671 1326 1724; x_wconf 78' lang='grc' dir='ltr'><strong>καὶ</strong></span> <span class='ocrx_word' id='word_1_211' title='bbox 1382 1671 1598 1727; x_wconf 79' lang='grc' dir='ltr'>ἑκάστω</span> <span class='ocrx_word' id='word_1_212' title='bbox 1671 1673 1812 1725; x_wconf 81' lang='grc' dir='ltr'>κατά</span> <span class='ocrx_word' id='word_1_213' title='bbox 1884 1673 1944 1724; x_wconf 75' lang='grc' dir='ltr'><strong>τὸ</strong></span> 
     </span>
    </p>
   </div>
   <div class='ocr_carea' id='block_1_32' title="bbox 400 1779 568 1831">
    <p class='ocr_par' dir='ltr' id='par_1_32' title="bbox 400 1779 568 1831">
     <span class='ocr_line' id='line_1_32' title="bbox 400 1779 568 1831; baseline 0.024 -19"><span class='ocrx_word' id='word_1_214' title='bbox 400 1779 430 1812; x_wconf 85' lang='grc' dir='ltr'><strong>τ</strong></span> <span class='ocrx_word' id='word_1_215' title='bbox 439 1779 568 1831; x_wconf 85' lang='grc' dir='ltr'>ρων.</span> 
     </span>
    </p>
   </div>
   <div class='ocr_carea' id='block_1_33' title="bbox 930 1901 1469 1959">
    <p class='ocr_par' dir='ltr' id='par_1_33' title="bbox 930 1901 1469 1959">
     <span class='ocr_line' id='line_1_33' title="bbox 930 1901 1469 1959; baseline 0.002 -1"><span class='ocrx_word' id='word_1_216' title='bbox 930 1901 1187 1959; x_wconf 74' lang='lat' dir='ltr'><strong>LXXVII.</strong></span> <span class='ocrx_word' id='word_1_217' title='bbox 1235 1901 1469 1959; x_wconf 82' lang='lat' dir='ltr'><strong>Incerto.</strong></span> 
     </span>
    </p>
   </div>
   <div class='ocr_carea' id='block_1_34' title="bbox 476 2036 1989 2108">
    <p class='ocr_par' dir='ltr' id='par_1_34' title="bbox 476 2036 1989 2108">
     <span class='ocr_line' id='line_1_34' title="bbox 476 2036 1989 2108; baseline 0 -18"><span class='ocrx_word' id='word_1_218' title='bbox 476 2036 580 2092; x_wconf 79' lang='lat' dir='ltr'><strong>l’er</strong></span> <span class='ocrx_word' id='word_1_219' title='bbox 615 2036 750 2091; x_wconf 84' lang='lat' dir='ltr'><strong>alias</strong></span> <span class='ocrx_word' id='word_1_220' title='bbox 780 2037 894 2107; x_wconf 84' lang='lat' dir='ltr'><strong>jam</strong></span> <span class='ocrx_word' id='word_1_221' title='bbox 924 2038 1206 2108; x_wconf 84' lang='lat' dir='ltr'><strong>epistmas,</strong></span> <span class='ocrx_word' id='word_1_222' title='bbox 1229 2047 1281 2093; x_wconf 89' lang='lat' dir='ltr'><strong>et</strong></span> <span class='ocrx_word' id='word_1_223' title='bbox 1308 2053 1402 2103; x_wconf 88' lang='lat' dir='ltr'><strong>per</strong></span> <span class='ocrx_word' id='word_1_224' title='bbox 1431 2053 1546 2102; x_wconf 85' lang='lat' dir='ltr'><strong>eas,</strong></span> <span class='ocrx_word' id='word_1_225' title='bbox 1575 2053 1608 2092; x_wconf 91' lang='grc' dir='ltr'><strong>ο</strong></span> <span class='ocrx_word' id='word_1_226' title='bbox 1657 2037 1989 2098; x_wconf 85' lang='lat' dir='ltr'><strong>beatissime,</strong></span> 
     </span>
    </p>
   </div>
   <div class='ocr_carea' id='block_1_35' title="bbox 405 2128 1991 2198">
    <p class='ocr_par' dir='ltr' id='par_1_35' title="bbox 405 2128 1991 2198">
     <span class='ocr_line' id='line_1_35' title="bbox 405 2128 1991 2198; baseline 0 -16"><span class='ocrx_word' id='word_1_227' title='bbox 405 2143 544 2192; x_wconf 52' lang='lat' dir='ltr'><strong>quas</strong></span> <span class='ocrx_word' id='word_1_228' title='bbox 605 2137 696 2184; x_wconf 89' lang='lat' dir='ltr'><strong>tua</strong></span> <span class='ocrx_word' id='word_1_229' title='bbox 757 2128 1076 2184; x_wconf 84' lang='lat' dir='ltr'><strong>fraternitas</strong></span> <span class='ocrx_word' id='word_1_230' title='bbox 1121 2131 1291 2195; x_wconf 86' lang='lat' dir='ltr'><strong>tntsit,</strong></span> <span class='ocrx_word' id='word_1_231' title='bbox 1349 2130 1509 2185; x_wconf 91' lang='lat' dir='ltr'><strong>didict</strong></span> <span class='ocrx_word' id='word_1_232' title='bbox 1559 2144 1679 2198; x_wconf 85' lang='lat' dir='ltr'><strong>quae</strong></span> <span class='ocrx_word' id='word_1_233' title='bbox 1757 2129 1991 2198; x_wconf 85' lang='lat' dir='ltr'><strong>improbi</strong></span> 
     </span>
    </p>
   </div>
   <div class='ocr_carea' id='block_1_36' title="bbox 405 2219 1990 2291">
    <p class='ocr_par' dir='ltr' id='par_1_36' title="bbox 405 2219 1990 2291">
     <span class='ocr_line' id='line_1_36' title="bbox 405 2219 1990 2291; baseline 0.003 -20"><span class='ocrx_word' id='word_1_234' title='bbox 405 2221 674 2277; x_wconf 58' lang='lat' dir='ltr'><strong>daemonis</strong></span> <span class='ocrx_word' id='word_1_235' title='bbox 711 2220 924 2277; x_wconf 80' lang='lat' dir='ltr'><strong>insidiis</strong></span> <span class='ocrx_word' id='word_1_236' title='bbox 970 2221 1023 2276; x_wconf 92' lang='lat' dir='ltr'><strong>in</strong></span> <span class='ocrx_word' id='word_1_237' title='bbox 1071 2223 1246 2278; x_wconf 87' lang='lat' dir='ltr'><strong>nostri</strong></span> <span class='ocrx_word' id='word_1_238' title='bbox 1273 2222 1535 2291; x_wconf 82' lang='lat' dir='ltr'><strong>temporis</strong></span> <span class='ocrx_word' id='word_1_239' title='bbox 1563 2219 1863 2276; x_wconf 85' lang='lat' dir='ltr'><strong>Ecclesiam</strong></span> <span class='ocrx_word' id='word_1_240' title='bbox 1894 2237 1990 2277; x_wconf 90' lang='lat' dir='ltr'><strong>su-</strong></span> 
     </span>
    </p>
   </div>
   <div class='ocr_carea' id='block_1_37' title="bbox 410 2313 1991 2386">
    <p class='ocr_par' dir='ltr' id='par_1_37' title="bbox 410 2313 1991 2386">
     <span class='ocr_line' id='line_1_37' title="bbox 410 2313 1991 2386; baseline 0.004 -24"><span class='ocrx_word' id='word_1_241' title='bbox 410 2321 775 2380; x_wconf 80' lang='lat' dir='ltr'><strong>pervenerunt</strong></span> <span class='ocrx_word' id='word_1_242' title='bbox 804 2313 967 2376; x_wconf 85' lang='lat' dir='ltr'><strong>mala,</strong></span> <span class='ocrx_word' id='word_1_243' title='bbox 998 2323 1052 2368; x_wconf 91' lang='lat' dir='ltr'><strong>et</strong></span> <span class='ocrx_word' id='word_1_244' title='bbox 1085 2314 1218 2368; x_wconf 89' lang='lat' dir='ltr'><strong>ntihi</strong></span> <span class='ocrx_word' id='word_1_245' title='bbox 1254 2314 1468 2368; x_wconf 73' lang='lat' dir='ltr'><strong>videtur</strong></span> <span class='ocrx_word' id='word_1_246' title='bbox 1502 2329 1693 2386; x_wconf 89' lang='lat' dir='ltr'><strong>parum</strong></span> <span class='ocrx_word' id='word_1_247' title='bbox 1738 2327 1991 2369; x_wconf 86' lang='lat' dir='ltr'><strong>necessa-</strong></span> 
     </span>
    </p>
   </div>
   <div class='ocr_carea' id='block_1_38' title="bbox 409 2403 1980 2477">
    <p class='ocr_par' dir='ltr' id='par_1_38' title="bbox 409 2403 1980 2477">
     <span class='ocr_line' id='line_1_38' title="bbox 409 2403 1980 2477; baseline 0.003 -21"><span class='ocrx_word' id='word_1_248' title='bbox 409 2403 575 2469; x_wconf 87' lang='lat' dir='ltr'><strong>rium,</strong></span> <span class='ocrx_word' id='word_1_249' title='bbox 609 2406 722 2459; x_wconf 93' lang='lat' dir='ltr'><strong>imo</strong></span> <span class='ocrx_word' id='word_1_250' title='bbox 767 2405 1108 2477; x_wconf 81' lang='lat' dir='ltr'><strong>superﬂuum</strong></span> <span class='ocrx_word' id='word_1_251' title='bbox 1139 2408 1209 2462; x_wconf 89' lang='lat' dir='ltr'><strong>de</strong></span> <span class='ocrx_word' id='word_1_252' title='bbox 1257 2407 1342 2462; x_wconf 90' lang='lat' dir='ltr'><strong>his</strong></span> <span class='ocrx_word' id='word_1_253' title='bbox 1396 2408 1493 2462; x_wconf 90' lang='lat' dir='ltr'><strong>tibi</strong></span> <span class='ocrx_word' id='word_1_254' title='bbox 1543 2422 1738 2464; x_wconf 88' lang='lat' dir='ltr'><strong>rursus</strong></span> <span class='ocrx_word' id='word_1_255' title='bbox 1780 2407 1980 2462; x_wconf 86' lang='lat' dir='ltr'><strong>rescri-</strong></span> 
     </span>
    </p>
   </div>
   <div class='ocr_carea' id='block_1_39' title="bbox 411 2494 1990 2569">
    <p class='ocr_par' dir='ltr' id='par_1_39' title="bbox 411 2494 1990 2569">
     <span class='ocr_line' id='line_1_39' title="bbox 411 2494 1990 2569; baseline 0.001 -19"><span class='ocrx_word' id='word_1_256' title='bbox 411 2498 558 2552; x_wconf 85' lang='lat' dir='ltr'><strong>bere.</strong></span> <span class='ocrx_word' id='word_1_257' title='bbox 593 2494 707 2552; x_wconf 86' lang='lat' dir='ltr'><strong>Hoc</strong></span> <span class='ocrx_word' id='word_1_258' title='bbox 737 2511 918 2554; x_wconf 89' lang='lat' dir='ltr'><strong>tamen</strong></span> <span class='ocrx_word' id='word_1_259' title='bbox 959 2508 1152 2554; x_wconf 90' lang='lat' dir='ltr'><strong>notum</strong></span> <span class='ocrx_word' id='word_1_260' title='bbox 1215 2500 1312 2553; x_wconf 90' lang='lat' dir='ltr'><strong>tibi</strong></span> <span class='ocrx_word' id='word_1_261' title='bbox 1356 2499 1588 2555; x_wconf 82' lang='lat' dir='ltr'><strong>facimus</strong></span> <span class='ocrx_word' id='word_1_262' title='bbox 1637 2515 1738 2554; x_wconf 92' lang='lat' dir='ltr'><strong>nos</strong></span> <span class='ocrx_word' id='word_1_263' title='bbox 1779 2499 1990 2569; x_wconf 81' lang='lat' dir='ltr'><strong>pridem</strong></span> 
     </span>
    </p>
   </div>
   <div class='ocr_carea' id='block_1_40' title="bbox 412 2588 1990 2659">
    <p class='ocr_par' dir='ltr' id='par_1_40' title="bbox 412 2588 1990 2659">
     <span class='ocr_line' id='line_1_40' title="bbox 412 2588 1990 2659; baseline 0.005 -20"><span class='ocrx_word' id='word_1_264' title='bbox 412 2602 519 2644; x_wconf 73' lang='lat' dir='ltr'><strong>tute</strong></span> <span class='ocrx_word' id='word_1_265' title='bbox 568 2588 899 2645; x_wconf 80' lang='lat' dir='ltr'><strong>beatitudini</strong></span> <span class='ocrx_word' id='word_1_266' title='bbox 948 2606 1046 2659; x_wconf 87' lang='lat' dir='ltr'><strong>per</strong></span> <span class='ocrx_word' id='word_1_267' title='bbox 1093 2591 1327 2646; x_wconf 85' lang='lat' dir='ltr'><strong>clericos</strong></span> <span class='ocrx_word' id='word_1_268' title='bbox 1387 2592 1726 2647; x_wconf 84' lang='lat' dir='ltr'><strong>Adeodatum</strong></span> <span class='ocrx_word' id='word_1_269' title='bbox 1783 2599 1836 2646; x_wconf 87' lang='lat' dir='ltr'><strong>et</strong></span> <span class='ocrx_word' id='word_1_270' title='bbox 1890 2590 1990 2647; x_wconf 87' lang='lat' dir='ltr'><strong>Pe-</strong></span> 
     </span>
    </p>
   </div>
   <div class='ocr_carea' id='block_1_41' title="bbox 409 2683 1992 2754">
    <p class='ocr_par' dir='ltr' id='par_1_41' title="bbox 409 2683 1992 2754">
     <span class='ocr_line' id='line_1_41' title="bbox 409 2683 1992 2754; baseline 0.003 -19"><span class='ocrx_word' id='word_1_271' title='bbox 409 2693 555 2738; x_wconf 87' lang='lat' dir='ltr'><strong>trunt</strong></span> <span class='ocrx_word' id='word_1_272' title='bbox 597 2683 886 2754; x_wconf 79' lang='lat' dir='ltr'><strong>scripsisse</strong></span> <span class='ocrx_word' id='word_1_273' title='bbox 915 2683 1009 2753; x_wconf 89' lang='lat' dir='ltr'><strong>qui</strong></span> <span class='ocrx_word' id='word_1_274' title='bbox 1049 2684 1279 2740; x_wconf 80' lang='lat' dir='ltr'><strong>Romam</strong></span> <span class='ocrx_word' id='word_1_275' title='bbox 1318 2685 1552 2754; x_wconf 89' lang='lat' dir='ltr'><strong>patriam</strong></span> <span class='ocrx_word' id='word_1_276' title='bbox 1589 2685 1774 2751; x_wconf 83' lang='lat' dir='ltr'><strong>habet,</strong></span> <span class='ocrx_word' id='word_1_277' title='bbox 1806 2693 1992 2739; x_wconf 81' lang='lat' dir='ltr'><strong>noster</strong></span> 
     </span>
    </p>
   </div>
   <div class='ocr_carea' id='block_1_42' title="bbox 410 2759 1991 2843">
    <p class='ocr_par' dir='ltr' id='par_1_42' title="bbox 410 2759 1991 2843">
     <span class='ocr_line' id='line_1_42' title="bbox 410 2759 1991 2843; baseline 0.003 -21"><span class='ocrx_word' id='word_1_278' title='bbox 410 2787 538 2828; x_wconf 73' lang='lat' dir='ltr'><strong>vero</strong></span> <span class='ocrx_word' id='word_1_279' title='bbox 565 2772 741 2828; x_wconf 88' lang='lat' dir='ltr'><strong>factus</strong></span> <span class='ocrx_word' id='word_1_280' title='bbox 757 2783 842 2828; x_wconf 91' lang='lat' dir='ltr'><strong>est</strong></span> <span class='ocrx_word' id='word_1_281' title='bbox 859 2789 926 2828; x_wconf 83' lang='lat' dir='ltr'><strong>ex</strong></span> <span class='ocrx_word' id='word_1_282' title='bbox 955 2788 1065 2842; x_wconf 92' lang='lat' dir='ltr'><strong>quo</strong></span> <span class='ocrx_word' id='word_1_283' title='bbox 1089 2773 1344 2828; x_wconf 90' lang='lat' dir='ltr'><strong>thronum</strong></span> <span class='ocrx_word' id='word_1_284' title='bbox 1368 2773 1809 2842; x_wconf 81' lang='lat' dir='ltr'><strong>recuperaritnus</strong></span> <span class='ocrx_word' id='word_1_285' title='bbox 1829 2759 1991 2843; x_wconf 78' lang='lat' dir='ltr'><strong>prout</strong></span> 
     </span>
    </p>
   </div>
   <div class='ocr_carea' id='block_1_43' title="bbox 413 2864 1990 2920">
    <p class='ocr_par' dir='ltr' id='par_1_43' title="bbox 413 2864 1990 2920">
     <span class='ocr_line' id='line_1_43' title="bbox 413 2864 1990 2920; baseline 0.002 -3"><span class='ocrx_word' id='word_1_286' title='bbox 413 2879 592 2918; x_wconf 80' lang='lat' dir='ltr'><strong>rerum</strong></span> <span class='ocrx_word' id='word_1_287' title='bbox 615 2865 668 2916; x_wconf 90' lang='lat' dir='ltr'><strong>in</strong></span> <span class='ocrx_word' id='word_1_288' title='bbox 699 2864 938 2918; x_wconf 84' lang='lat' dir='ltr'><strong>Ecclesia</strong></span> <span class='ocrx_word' id='word_1_289' title='bbox 969 2873 1156 2918; x_wconf 86' lang='lat' dir='ltr'><strong>nostra</strong></span> <span class='ocrx_word' id='word_1_290' title='bbox 1184 2866 1319 2919; x_wconf 89' lang='lat' dir='ltr'><strong>ordo</strong></span> <span class='ocrx_word' id='word_1_291' title='bbox 1347 2865 1519 2918; x_wconf 80' lang='lat' dir='ltr'><strong>voluit</strong></span> <span class='ocrx_word' id='word_1_292' title='bbox 1546 2880 1758 2919; x_wconf 88' lang='lat' dir='ltr'><strong>:serme</strong></span> <span class='ocrx_word' id='word_1_293' title='bbox 1790 2880 1990 2920; x_wconf 86' lang='lat' dir='ltr'><strong>neces-</strong></span> 
     </span>
    </p>
   </div>
   <div class='ocr_carea' id='block_1_44' title="bbox 411 2953 1990 3026">
    <p class='ocr_par' dir='ltr' id='par_1_44' title="bbox 411 2953 1990 3026">
     <span class='ocr_line' id='line_1_44' title="bbox 411 2953 1990 3026; baseline 0.002 -18"><span class='ocrx_word' id='word_1_294' title='bbox 411 2954 592 3009; x_wconf 83' lang='lat' dir='ltr'><strong>sarius</strong></span> <span class='ocrx_word' id='word_1_295' title='bbox 644 2963 702 3008; x_wconf 91' lang='lat' dir='ltr'><strong>ut</strong></span> <span class='ocrx_word' id='word_1_296' title='bbox 735 2955 880 3009; x_wconf 75' lang='lat' dir='ltr'><strong>scias</strong></span> <span class='ocrx_word' id='word_1_297' title='bbox 926 2953 1132 3009; x_wconf 87' lang='lat' dir='ltr'><strong>abolita</strong></span> <span class='ocrx_word' id='word_1_298' title='bbox 1186 2970 1309 3010; x_wconf 84' lang='lat' dir='ltr'><strong>esse</strong></span> <span class='ocrx_word' id='word_1_299' title='bbox 1358 2955 1581 3010; x_wconf 90' lang='lat' dir='ltr'><strong>omnino</strong></span> <span class='ocrx_word' id='word_1_300' title='bbox 1632 2957 1990 3026; x_wconf 66' lang='lat' dir='ltr'><strong>praecedentia</strong></span> 
     </span>
    </p>
   </div>
   <div class='ocr_carea' id='block_1_45' title="bbox 412 3044 1992 3117">
    <p class='ocr_par' dir='ltr' id='par_1_45' title="bbox 412 3044 1992 3117">
     <span class='ocr_line' id='line_1_45' title="bbox 412 3044 1992 3117; baseline 0.002 -18"><span class='ocrx_word' id='word_1_301' title='bbox 412 3044 707 3113; x_wconf 84' lang='lat' dir='ltr'><strong>scandala;</strong></span> <span class='ocrx_word' id='word_1_302' title='bbox 733 3045 1059 3115; x_wconf 86' lang='lat' dir='ltr'><strong>scripsimus</strong></span> <span class='ocrx_word' id='word_1_303' title='bbox 1091 3062 1220 3101; x_wconf 83' lang='lat' dir='ltr'><strong>vero</strong></span> <span class='ocrx_word' id='word_1_304' title='bbox 1261 3055 1314 3102; x_wconf 91' lang='lat' dir='ltr'><strong>et</strong></span> <span class='ocrx_word' id='word_1_305' title='bbox 1345 3048 1811 3117; x_wconf 88' lang='lat' dir='ltr'><strong>protospathario,</strong></span> <span class='ocrx_word' id='word_1_306' title='bbox 1851 3049 1992 3104; x_wconf 87' lang='lat' dir='ltr'><strong>inter</strong></span> 
     </span>
    </p>
   </div>
   <div class='ocr_carea' id='block_1_46' title="bbox 415 3137 1983 3211">
    <p class='ocr_par' dir='ltr' id='par_1_46' title="bbox 415 3137 1983 3211">
     <span class='ocr_line' id='line_1_46' title="bbox 415 3137 1983 3211; baseline 0.001 -19"><span class='ocrx_word' id='word_1_307' title='bbox 415 3139 714 3193; x_wconf 77' lang='lat' dir='ltr'><strong>ltomanam</strong></span> <span class='ocrx_word' id='word_1_308' title='bbox 755 3147 808 3194; x_wconf 91' lang='lat' dir='ltr'><strong>et</strong></span> <span class='ocrx_word' id='word_1_309' title='bbox 836 3137 1496 3211; x_wconf 86' lang='lat' dir='ltr'><strong>Constantinopolitanatn</strong></span> <span class='ocrx_word' id='word_1_310' title='bbox 1529 3138 1800 3194; x_wconf 87' lang='lat' dir='ltr'><strong>Ecclesias</strong></span> <span class='ocrx_word' id='word_1_311' title='bbox 1844 3140 1983 3195; x_wconf 78' lang='lat' dir='ltr'><strong>idem</strong></span> 
     </span>
    </p>
   </div>
   <div class='ocr_carea' id='block_1_47' title="bbox 2023 1670 3674 1744">
    <p class='ocr_par' dir='ltr' id='par_1_47' title="bbox 2023 1670 3674 1744">
     <span class='ocr_line' id='line_1_47' title="bbox 2023 1670 3674 1744; baseline -0.003 -20"><span class='ocrx_word' id='word_1_312' title='bbox 2023 1673 2224 1743; x_wconf 74' lang='grc' dir='ltr'>μέτρον</span> <span class='ocrx_word' id='word_1_313' title='bbox 2279 1673 2378 1744; x_wconf 73' lang='grc' dir='ltr'>τῆς</span> <span class='ocrx_word' id='word_1_314' title='bbox 2435 1673 2724 1743; x_wconf 76' lang='grc' dir='ltr'><strong>μετανοίας</strong></span> <span class='ocrx_word' id='word_1_315' title='bbox 2779 1674 2872 1727; x_wconf 75' lang='grc' dir='ltr'><strong>καὶ</strong></span> <span class='ocrx_word' id='word_1_316' title='bbox 2925 1672 3022 1744; x_wconf 77' lang='grc' dir='ltr'><strong>τὴν</strong></span> <span class='ocrx_word' id='word_1_317' title='bbox 3078 1670 3424 1742; x_wconf 82' lang='grc' dir='ltr'><strong>συγχώρησιν</strong></span> <span class='ocrx_word' id='word_1_318' title='bbox 3476 1670 3674 1738; x_wconf 80' lang='grc' dir='ltr'>ὲπιμε·</span> 
     </span>
    </p>
   </div>
   <div class='ocr_carea' id='block_1_48' title="bbox 2671 1895 3104 1967">
    <p class='ocr_par' dir='ltr' id='par_1_48' title="bbox 2671 1895 3104 1967">
     <span class='ocr_line' id='line_1_48' title="bbox 2671 1895 3104 1967; baseline -0.005 -13"><span class='ocrx_word' id='word_1_319' title='bbox 2671 1895 2791 1954; x_wconf 80' lang='lat' dir='ltr'><strong>OZ&#39;.</strong></span> <span class='ocrx_word' id='word_1_320' title='bbox 2857 1896 3104 1967; x_wconf 68' lang='grc' dir='ltr'><strong>Ἀδιξλῳ.</strong></span> 
     </span>
    </p>
   </div>
   <div class='ocr_carea' id='block_1_49' title="bbox 2177 2034 3672 2106">
    <p class='ocr_par' dir='ltr' id='par_1_49' title="bbox 2177 2034 3672 2106">
     <span class='ocr_line' id='line_1_49' title="bbox 2177 2034 3672 2106; baseline -0.001 -16"><span class='ocrx_word' id='word_1_321' title='bbox 2177 2034 2456 2106; x_wconf 83' lang='grc' dir='ltr'>Ἐδηλώθη</span> <span class='ocrx_word' id='word_1_322' title='bbox 2516 2035 2611 2089; x_wconf 80' lang='grc' dir='ltr'><strong>καὶ</strong></span> <span class='ocrx_word' id='word_1_323' title='bbox 2662 2035 2730 2088; x_wconf 88' lang='grc' dir='ltr'>δι’</span> <span class='ocrx_word' id='word_1_324' title='bbox 2781 2035 2986 2106; x_wconf 82' lang='grc' dir='ltr'>ἐτέρων</span> <span class='ocrx_word' id='word_1_325' title='bbox 3039 2034 3388 2104; x_wconf 77' lang='grc' dir='ltr'>γραμμάτων</span> <span class='ocrx_word' id='word_1_326' title='bbox 3427 2036 3672 2099; x_wconf 74' lang='grc' dir='ltr'>καὶτοῖς</span> 
     </span>
    </p>
   </div>
   <div class='ocr_carea' id='block_1_50' title="bbox 2096 2121 3675 2198">
    <p class='ocr_par' dir='ltr' id='par_1_50' title="bbox 2096 2121 3675 2198">
     <span class='ocr_line' id='line_1_50' title="bbox 2096 2121 3675 2198; baseline -0.001 -18"><span class='ocrx_word' id='word_1_327' title='bbox 2096 2126 2203 2196; x_wconf 75' lang='grc' dir='ltr'>πρὸ</span> <span class='ocrx_word' id='word_1_328' title='bbox 2234 2126 2413 2196; x_wconf 80' lang='grc' dir='ltr'>ὑμῶν,</span> <span class='ocrx_word' id='word_1_329' title='bbox 2457 2121 2502 2179; x_wconf 82' lang='grc' dir='ltr'>ὧ</span> <span class='ocrx_word' id='word_1_330' title='bbox 2550 2125 2964 2198; x_wconf 80' lang='grc' dir='ltr'>μακαριώτατε,</span> <span class='ocrx_word' id='word_1_331' title='bbox 3005 2128 3100 2179; x_wconf 77' lang='grc' dir='ltr'><strong>καὶ</strong></span> <span class='ocrx_word' id='word_1_332' title='bbox 3140 2129 3206 2196; x_wconf 82' lang='grc' dir='ltr'>τῇ</span> <span class='ocrx_word' id='word_1_333' title='bbox 3242 2128 3307 2196; x_wconf 79' lang='grc' dir='ltr'>σῇ</span> <span class='ocrx_word' id='word_1_334' title='bbox 3345 2125 3675 2196; x_wconf 76' lang='grc' dir='ltr'>ἀδελφότητι</span> 
     </span>
    </p>
   </div>
   <div class='ocr_carea' id='block_1_51' title="bbox 2092 2218 3676 2290">
    <p class='ocr_par' dir='ltr' id='par_1_51' title="bbox 2092 2218 3676 2290">
     <span class='ocr_line' id='line_1_51' title="bbox 2092 2218 3676 2290; baseline -0.001 -18"><span class='ocrx_word' id='word_1_335' title='bbox 2092 2219 2161 2272; x_wconf 76' lang='grc' dir='ltr'><strong>τά</strong></span> <span class='ocrx_word' id='word_1_336' title='bbox 2187 2219 2244 2285; x_wconf 81' lang='grc' dir='ltr'>ἐξ</span> <span class='ocrx_word' id='word_1_337' title='bbox 2280 2219 2550 2290; x_wconf 80' lang='grc' dir='ltr'>ἐπηρείας</span> <span class='ocrx_word' id='word_1_338' title='bbox 2582 2218 2679 2272; x_wconf 77' lang='grc' dir='ltr'>τοῦ</span> <span class='ocrx_word' id='word_1_339' title='bbox 2731 2218 2975 2289; x_wconf 86' lang='grc' dir='ltr'>πονηροῦ</span> <span class='ocrx_word' id='word_1_340' title='bbox 3007 2219 3266 2288; x_wconf 87' lang='grc' dir='ltr'>δαίμονος</span> <span class='ocrx_word' id='word_1_341' title='bbox 3295 2221 3376 2282; x_wconf 86' lang='grc' dir='ltr'>εἰς</span> <span class='ocrx_word' id='word_1_342' title='bbox 3407 2221 3506 2288; x_wconf 76' lang='grc' dir='ltr'>τὴν</span> <span class='ocrx_word' id='word_1_343' title='bbox 3549 2218 3676 2272; x_wconf 83' lang='grc' dir='ltr'>καθ’</span> 
     </span>
    </p>
   </div>
   <div class='ocr_carea' id='block_1_52' title="bbox 2092 2311 3680 2383">
    <p class='ocr_par' dir='ltr' id='par_1_52' title="bbox 2092 2311 3680 2383">
     <span class='ocr_line' id='line_1_52' title="bbox 2092 2311 3680 2383; baseline -0.002 -18"><span class='ocrx_word' id='word_1_344' title='bbox 2092 2312 2241 2382; x_wconf 77' lang='grc' dir='ltr'>ἡμᾶς</span> <span class='ocrx_word' id='word_1_345' title='bbox 2273 2311 2604 2380; x_wconf 79' lang='grc' dir='ltr'>Ἐκκλησίαν</span> <span class='ocrx_word' id='word_1_346' title='bbox 2649 2313 3064 2383; x_wconf 77' lang='grc' dir='ltr'>συναντήσαντα</span> <span class='ocrx_word' id='word_1_347' title='bbox 3102 2312 3351 2382; x_wconf 78' lang='grc' dir='ltr'>χαλεπάο</span> <span class='ocrx_word' id='word_1_348' title='bbox 3395 2312 3489 2365; x_wconf 81' lang='grc' dir='ltr'>καὶ</span> <span class='ocrx_word' id='word_1_349' title='bbox 3527 2311 3680 2364; x_wconf 84' lang='grc' dir='ltr'>δοκεῖ</span> 
     </span>
    </p>
   </div>
   <div class='ocr_carea' id='block_1_53' title="bbox 2097 2393 3672 2475">
    <p class='ocr_par' dir='ltr' id='par_1_53' title="bbox 2097 2393 3672 2475">
     <span class='ocr_line' id='line_1_53' title="bbox 2097 2393 3672 2475; baseline -0.001 -19"><span class='ocrx_word' id='word_1_350' title='bbox 2097 2420 2188 2475; x_wconf 88' lang='grc' dir='ltr'><strong>μοι</strong></span> <span class='ocrx_word' id='word_1_351' title='bbox 2239 2403 2300 2456; x_wconf 75' lang='grc' dir='ltr'>τὸ</span> <span class='ocrx_word' id='word_1_352' title='bbox 2338 2393 2575 2474; x_wconf 80' lang='grc' dir='ltr'>γράφειν</span> <span class='ocrx_word' id='word_1_353' title='bbox 2633 2403 2766 2474; x_wconf 64' lang='grc' dir='ltr'><strong>περὶ⁹</strong></span> <span class='ocrx_word' id='word_1_354' title='bbox 2812 2403 2924 2457; x_wconf 84' lang='grc' dir='ltr'><strong>τῶν</strong></span> <span class='ocrx_word' id='word_1_355' title='bbox 2981 2405 3161 2456; x_wconf 74' lang='grc' dir='ltr'>αὐτῶν</span> <span class='ocrx_word' id='word_1_356' title='bbox 3220 2405 3384 2457; x_wconf 84' lang='grc' dir='ltr'>πάλιν</span> <span class='ocrx_word' id='word_1_357' title='bbox 3417 2403 3522 2470; x_wconf 79' lang='grc' dir='ltr'>ἔξω</span> <span class='ocrx_word' id='word_1_358' title='bbox 3571 2403 3672 2460; x_wconf 79' lang='grc' dir='ltr'>τοῦ</span> 
     </span>
    </p>
   </div>
   <div class='ocr_carea' id='block_1_54' title="bbox 2093 2492 3668 2567">
    <p class='ocr_par' dir='ltr' id='par_1_54' title="bbox 2093 2492 3668 2567">
     <span class='ocr_line' id='line_1_54' title="bbox 2093 2492 3668 2567; baseline -0.001 -18"><span class='ocrx_word' id='word_1_359' title='bbox 2093 2496 2308 2559; x_wconf 84' lang='grc' dir='ltr'>δέοντος</span> <span class='ocrx_word' id='word_1_360' title='bbox 2330 2492 2473 2550; x_wconf 82' lang='grc' dir='ltr'>εἶναι</span> <span class='ocrx_word' id='word_1_361' title='bbox 2497 2502 2592 2550; x_wconf 78' lang='grc' dir='ltr'><strong>και</strong></span> <span class='ocrx_word' id='word_1_362' title='bbox 2621 2497 2900 2567; x_wconf 82' lang='grc' dir='ltr'>περιττόν.</span> <span class='ocrx_word' id='word_1_363' title='bbox 2928 2497 3076 2567; x_wconf 82' lang='grc' dir='ltr'>Πλὴν</span> <span class='ocrx_word' id='word_1_364' title='bbox 3104 2497 3264 2549; x_wconf 78' lang='grc' dir='ltr'>τοῦτο</span> <span class='ocrx_word' id='word_1_365' title='bbox 3300 2497 3668 2566; x_wconf 75' lang='grc' dir='ltr'>γνωρίζομεν,</span> 
     </span>
    </p>
   </div>
   <div class='ocr_carea' id='block_1_55' title="bbox 2092 2584 3670 2658">
    <p class='ocr_par' dir='ltr' id='par_1_55' title="bbox 2092 2584 3670 2658">
     <span class='ocr_line' id='line_1_55' title="bbox 2092 2584 3670 2658; baseline -0.003 -18"><span class='ocrx_word' id='word_1_366' title='bbox 2092 2587 2177 2640; x_wconf 84' lang='grc' dir='ltr'>ὅτι</span> <span class='ocrx_word' id='word_1_367' title='bbox 2209 2587 2315 2655; x_wconf 80' lang='grc' dir='ltr'>πρὸ</span> <span class='ocrx_word' id='word_1_368' title='bbox 2351 2586 2446 2640; x_wconf 80' lang='grc' dir='ltr'>τοῦ</span> <span class='ocrx_word' id='word_1_369' title='bbox 2481 2587 2752 2658; x_wconf 82' lang='grc' dir='ltr'>παρόντος</span> <span class='ocrx_word' id='word_1_370' title='bbox 2790 2587 3124 2657; x_wconf 75' lang='grc' dir='ltr'>γράμματος</span> <span class='ocrx_word' id='word_1_371' title='bbox 3168 2586 3492 2657; x_wconf 64' lang='grc' dir='ltr'>ἐγράψαμεν</span> <span class='ocrx_word' id='word_1_372' title='bbox 3530 2584 3670 2654; x_wconf 66' lang='grc' dir='ltr'>πρὸς</span> 
     </span>
    </p>
   </div>
   <div class='ocr_carea' id='block_1_56' title="bbox 2091 2675 3675 2748">
    <p class='ocr_par' dir='ltr' id='par_1_56' title="bbox 2091 2675 3675 2748">
     <span class='ocr_line' id='line_1_56' title="bbox 2091 2675 3675 2748; baseline -0.002 -18"><span class='ocrx_word' id='word_1_373' title='bbox 2091 2677 2193 2746; x_wconf 77' lang='grc' dir='ltr'>τὴν</span> <span class='ocrx_word' id='word_1_374' title='bbox 2231 2677 2384 2746; x_wconf 83' lang='grc' dir='ltr'>ὑμῶν</span> <span class='ocrx_word' id='word_1_375' title='bbox 2429 2679 2809 2748; x_wconf 81' lang='grc' dir='ltr'>μακαριότητα</span> <span class='ocrx_word' id='word_1_376' title='bbox 2831 2677 2918 2730; x_wconf 74' lang='grc' dir='ltr'><strong>διὰ</strong></span> <span class='ocrx_word' id='word_1_377' title='bbox 2949 2677 3043 2730; x_wconf 79' lang='grc' dir='ltr'>τοῦ</span> <span class='ocrx_word' id='word_1_378' title='bbox 3083 2677 3348 2746; x_wconf 81' lang='grc' dir='ltr'>κληρικοῦ</span> <span class='ocrx_word' id='word_1_379' title='bbox 3370 2675 3463 2729; x_wconf 75' lang='grc' dir='ltr'>τοῦ</span> <span class='ocrx_word' id='word_1_380' title='bbox 3496 2675 3675 2728; x_wconf 84' lang='grc' dir='ltr'>Ἀδεο-</span> 
     </span>
    </p>
   </div>
   <div class='ocr_carea' id='block_1_57' title="bbox 2093 2767 3677 2841">
    <p class='ocr_par' dir='ltr' id='par_1_57' title="bbox 2093 2767 3677 2841">
     <span class='ocr_line' id='line_1_57' title="bbox 2093 2767 3677 2841; baseline -0.002 -19"><span class='ocrx_word' id='word_1_381' title='bbox 2093 2769 2253 2824; x_wconf 81' lang='grc' dir='ltr'>δάτου</span> <span class='ocrx_word' id='word_1_382' title='bbox 2293 2772 2385 2823; x_wconf 70' lang='grc' dir='ltr'><strong>καὶ</strong></span> <span class='ocrx_word' id='word_1_383' title='bbox 2421 2771 2628 2840; x_wconf 85' lang='grc' dir='ltr'>Πέτρου</span> <span class='ocrx_word' id='word_1_384' title='bbox 2669 2771 2764 2822; x_wconf 78' lang='grc' dir='ltr'><strong>τοῦ</strong></span> <span class='ocrx_word' id='word_1_385' title='bbox 2798 2771 3035 2840; x_wconf 78' lang='grc' dir='ltr'>πατρίδα</span> <span class='ocrx_word' id='word_1_386' title='bbox 3091 2769 3192 2841; x_wconf 80' lang='grc' dir='ltr'><strong>μὲν</strong></span> <span class='ocrx_word' id='word_1_387' title='bbox 3225 2770 3524 2840; x_wconf 80' lang='grc' dir='ltr'>ἐσχηκότος</span> <span class='ocrx_word' id='word_1_388' title='bbox 3569 2767 3677 2836; x_wconf 76' lang='grc' dir='ltr'>τὴν</span> 
     </span>
    </p>
   </div>
   <div class='ocr_carea' id='block_1_58' title="bbox 2105 2860 3670 2934">
    <p class='ocr_par' dir='ltr' id='par_1_58' title="bbox 2105 2860 3670 2934">
     <span class='ocr_line' id='line_1_58' title="bbox 2105 2860 3670 2934; baseline -0.003 -18"><span class='ocrx_word' id='word_1_389' title='bbox 2105 2861 2346 2933; x_wconf 79' lang='grc' dir='ltr'>Ῥώμην,</span> <span class='ocrx_word' id='word_1_390' title='bbox 2391 2863 2664 2934; x_wconf 80' lang='grc' dir='ltr'>ἡμετέρου</span> <span class='ocrx_word' id='word_1_391' title='bbox 2700 2863 2756 2916; x_wconf 77' lang='grc' dir='ltr'>δὲ</span> <span class='ocrx_word' id='word_1_392' title='bbox 2793 2863 2932 2933; x_wconf 80' lang='grc' dir='ltr'>μετᾶ</span> <span class='ocrx_word' id='word_1_393' title='bbox 2957 2863 3056 2933; x_wconf 80' lang='grc' dir='ltr'>τὴν</span> <span class='ocrx_word' id='word_1_394' title='bbox 3089 2863 3347 2917; x_wconf 76' lang='grc' dir='ltr'>ἐπάνοδον</span> <span class='ocrx_word' id='word_1_395' title='bbox 3383 2862 3539 2934; x_wconf 81' lang='grc' dir='ltr'>ἡμῶν</span> <span class='ocrx_word' id='word_1_396' title='bbox 3568 2860 3670 2932; x_wconf 71' lang='grc' dir='ltr'>τὴν</span> 
     </span>
    </p>
   </div>
   <div class='ocr_carea' id='block_1_59' title="bbox 2039 2955 3662 3029">
    <p class='ocr_par' dir='ltr' id='par_1_59' title="bbox 2039 2955 3662 3029">
     <span class='ocr_line' id='line_1_59' title="bbox 2039 2955 3662 3029; baseline -0.002 -17"><span class='ocrx_word' id='word_1_397' title='bbox 2039 2988 2049 2994; x_wconf 89' lang='grc'><strong>-</strong></span> <span class='ocrx_word' id='word_1_398' title='bbox 2093 2959 2151 3012; x_wconf 78' lang='grc' dir='ltr'>ὲν</span> <span class='ocrx_word' id='word_1_399' title='bbox 2175 2957 2250 3028; x_wconf 81' lang='grc' dir='ltr'>τῷ</span> <span class='ocrx_word' id='word_1_400' title='bbox 2303 2958 2477 3028; x_wconf 79' lang='grc' dir='ltr'>θρόνῳ</span> <span class='ocrx_word' id='word_1_401' title='bbox 2544 2958 2985 3029; x_wconf 71' lang='grc' dir='ltr'>χρηματίσαντος</span> <span class='ocrx_word' id='word_1_402' title='bbox 3041 2957 3357 3028; x_wconf 77' lang='grc' dir='ltr'>ἀνθρώπου,</span> <span class='ocrx_word' id='word_1_403' title='bbox 3412 2955 3597 3018; x_wconf 87' lang='grc' dir='ltr'>καθὼς</span> <span class='ocrx_word' id='word_1_404' title='bbox 3628 2957 3662 3026; x_wconf 79' lang='grc' dir='ltr'><strong>ἠ</strong></span> 
     </span>
    </p>
   </div>
   <div class='ocr_carea' id='block_1_60' title="bbox 2091 3047 3673 3122">
    <p class='ocr_par' dir='ltr' id='par_1_60' title="bbox 2091 3047 3673 3122">
     <span class='ocr_line' id='line_1_60' title="bbox 2091 3047 3673 3122; baseline 0.003 -23"><span class='ocrx_word' id='word_1_405' title='bbox 2091 3052 2200 3104; x_wconf 82' lang='grc' dir='ltr'><strong>τῶν</strong></span> <span class='ocrx_word' id='word_1_406' title='bbox 2231 3050 2573 3119; x_wconf 73' lang='grc' dir='ltr'>πραγμάτων</span> <span class='ocrx_word' id='word_1_407' title='bbox 2623 3050 2915 3104; x_wconf 71' lang='grc' dir='ltr'>ἀκολουθία</span> <span class='ocrx_word' id='word_1_408' title='bbox 2947 3050 3007 3103; x_wconf 81' lang='grc' dir='ltr'>ἐν</span> <span class='ocrx_word' id='word_1_409' title='bbox 3039 3052 3104 3122; x_wconf 80' lang='grc' dir='ltr'>τῇ</span> <span class='ocrx_word' id='word_1_410' title='bbox 3143 3049 3266 3102; x_wconf 81' lang='grc' dir='ltr'>καθ’</span> <span class='ocrx_word' id='word_1_411' title='bbox 3310 3049 3458 3120; x_wconf 78' lang='grc' dir='ltr'>ἡμᾶς</span> <span class='ocrx_word' id='word_1_412' title='bbox 3506 3047 3673 3116; x_wconf 79' lang='grc' dir='ltr'>γέγοο</span> 
     </span>
    </p>
   </div>
   <div class='ocr_carea' id='block_1_61' title="bbox 2093 3140 3670 3214">
    <p class='ocr_par' dir='ltr' id='par_1_61' title="bbox 2093 3140 3670 3214">
     <span class='ocr_line' id='line_1_61' title="bbox 2093 3140 3670 3214; baseline -0.004 -16"><span class='ocrx_word' id='word_1_413' title='bbox 2093 3161 2184 3198; x_wconf 87' lang='grc' dir='ltr'><strong>νεν</strong></span> <span class='ocrx_word' id='word_1_414' title='bbox 2218 3145 2520 3214; x_wconf 76' lang='grc' dir='ltr'>Ἐκκλησία</span> <span class='ocrx_word' id='word_1_415' title='bbox 2543 3159 2558 3174; x_wconf 77' lang='grc' dir='ltr'><strong>ο</strong></span> <span class='ocrx_word' id='word_1_416' title='bbox 2598 3143 2753 3211; x_wconf 79' lang='grc' dir='ltr'>λόγος</span> <span class='ocrx_word' id='word_1_417' title='bbox 2784 3143 3080 3210; x_wconf 84' lang='grc' dir='ltr'>ἀναγκαῖος</span> <span class='ocrx_word' id='word_1_418' title='bbox 3111 3143 3248 3211; x_wconf 62' lang='grc' dir='ltr'>προς</span> <span class='ocrx_word' id='word_1_419' title='bbox 3286 3140 3347 3194; x_wconf 81' lang='grc' dir='ltr'>τὸ</span> <span class='ocrx_word' id='word_1_420' title='bbox 3381 3156 3670 3210; x_wconf 76' lang='grc' dir='ltr'>καταργη-</span> 
     </span>
    </p>
   </div>
   <div class='ocr_carea' id='block_1_62' title="bbox 414 3225 1990 3304">
    <p class='ocr_par' dir='ltr' id='par_1_62' title="bbox 414 3231 1990 3302">
     <span class='ocr_line' id='line_1_62' title="bbox 414 3231 1990 3302; baseline 0.001 -18"><span class='ocrx_word' id='word_1_421' title='bbox 414 3231 692 3286; x_wconf 79' lang='grc' dir='ltr'>νίιιοιιΙιιιη</span> <span class='ocrx_word' id='word_1_422' title='bbox 724 3232 1079 3302; x_wconf 85' lang='lat' dir='ltr'><strong>eamdemque</strong></span> <span class='ocrx_word' id='word_1_423' title='bbox 1100 3233 1362 3288; x_wconf 90' lang='lat' dir='ltr'><strong>unitatem</strong></span> <span class='ocrx_word' id='word_1_424' title='bbox 1392 3248 1512 3287; x_wconf 81' lang='lat' dir='ltr'><strong>esse</strong></span> <span class='ocrx_word' id='word_1_425' title='bbox 1530 3247 1593 3286; x_wconf 92' lang='lat' dir='ltr'><strong>ac</strong></span> <span class='ocrx_word' id='word_1_426' title='bbox 1613 3232 1680 3286; x_wconf 87' lang='lat' dir='ltr'><strong>ab</strong></span> <span class='ocrx_word' id='word_1_427' title='bbox 1704 3231 1990 3288; x_wconf 86' lang='lat' dir='ltr'><strong>initio.Sed</strong></span> 
     </span>
    </p>
   </div>
   <div class='ocr_carea' id='block_1_63' title="bbox 2091 3225 3670 3304">
    <p class='ocr_par' dir='ltr' id='par_1_63' title="bbox 2098 3225 3670 3304">
     <span class='ocr_line' id='line_1_63' title="bbox 2098 3225 3670 3304; baseline -0.004 -16"><span class='ocrx_word' id='word_1_428' title='bbox 2098 3233 2260 3303; x_wconf 81' lang='grc' dir='ltr'>θῆναι</span> <span class='ocrx_word' id='word_1_429' title='bbox 2304 3235 2402 3303; x_wconf 78' lang='grc' dir='ltr'>μὲν</span> <span class='ocrx_word' id='word_1_430' title='bbox 2435 3234 2615 3286; x_wconf 86' lang='grc' dir='ltr'>τέλεον</span> <span class='ocrx_word' id='word_1_431' title='bbox 2663 3235 2732 3286; x_wconf 74' lang='grc' dir='ltr'><strong>τα</strong></span> <span class='ocrx_word' id='word_1_432' title='bbox 2779 3233 3125 3304; x_wconf 80' lang='grc' dir='ltr'>προλαϐόντα</span> <span class='ocrx_word' id='word_1_433' title='bbox 3181 3232 3489 3285; x_wconf 71' lang='grc' dir='ltr'>σκάνδαλα*</span> <span class='ocrx_word' id='word_1_434' title='bbox 3523 3225 3670 3283; x_wconf 78' lang='grc' dir='ltr'>εἶναι</span> 
     </span>
    </p>
   </div>
   <div class='ocr_carea' id='block_1_64' title="bbox 417 3324 1990 3395">
    <p class='ocr_par' dir='ltr' id='par_1_64' title="bbox 417 3324 1990 3395">
     <span class='ocr_line' id='line_1_64' title="bbox 417 3324 1990 3395; baseline 0.003 -19"><span class='ocrx_word' id='word_1_435' title='bbox 417 3330 805 3395; x_wconf 85' lang='lat' dir='ltr'><strong>imperatorum</strong></span> <span class='ocrx_word' id='word_1_436' title='bbox 848 3341 877 3379; x_wconf 90' lang='lat' dir='ltr'><strong>a</strong></span> <span class='ocrx_word' id='word_1_437' title='bbox 925 3327 1033 3380; x_wconf 84' lang='lat' dir='ltr'><strong>Deo</strong></span> <span class='ocrx_word' id='word_1_438' title='bbox 1064 3333 1453 3380; x_wconf 84' lang='lat' dir='ltr'><strong>coronatorum</strong></span> <span class='ocrx_word' id='word_1_439' title='bbox 1509 3324 1856 3394; x_wconf 81' lang='lat' dir='ltr'><strong>ﬁliorumque</strong></span> <span class='ocrx_word' id='word_1_440' title='bbox 1892 3341 1990 3380; x_wconf 83' lang='lat' dir='ltr'><strong>no-</strong></span> 
     </span>
    </p>
   </div>
   <div class='ocr_carea' id='block_1_65' title="bbox 416 3417 1989 3472">
    <p class='ocr_par' dir='ltr' id='par_1_65' title="bbox 416 3417 1989 3472">
     <span class='ocr_line' id='line_1_65' title="bbox 416 3417 1989 3472; baseline 0 -1"><span class='ocrx_word' id='word_1_441' title='bbox 416 3427 657 3471; x_wconf 76' lang='lat' dir='ltr'><strong>strorum</strong></span> <span class='ocrx_word' id='word_1_442' title='bbox 693 3417 949 3471; x_wconf 88' lang='lat' dir='ltr'><strong>mandata</strong></span> <span class='ocrx_word' id='word_1_443' title='bbox 983 3417 1048 3470; x_wconf 90' lang='lat' dir='ltr'><strong>ad</strong></span> <span class='ocrx_word' id='word_1_444' title='bbox 1083 3433 1208 3471; x_wconf 86' lang='lat' dir='ltr'><strong>eum</strong></span> <span class='ocrx_word' id='word_1_445' title='bbox 1258 3418 1428 3472; x_wconf 90' lang='lat' dir='ltr'><strong>missa</strong></span> <span class='ocrx_word' id='word_1_446' title='bbox 1462 3425 1590 3470; x_wconf 89' lang='lat' dir='ltr'><strong>sunt</strong></span> <span class='ocrx_word' id='word_1_447' title='bbox 1619 3425 1678 3470; x_wconf 90' lang='lat' dir='ltr'><strong>ut</strong></span> <span class='ocrx_word' id='word_1_448' title='bbox 1713 3417 1802 3470; x_wconf 89' lang='lat' dir='ltr'><strong>ille</strong></span> <span class='ocrx_word' id='word_1_449' title='bbox 1841 3425 1989 3471; x_wconf 90' lang='lat' dir='ltr'><strong>tuam</strong></span> 
     </span>
    </p>
   </div>
   <div class='ocr_carea' id='block_1_66' title="bbox 414 3509 1992 3580">
    <p class='ocr_par' dir='ltr' id='par_1_66' title="bbox 414 3509 1992 3580">
     <span class='ocr_line' id='line_1_66' title="bbox 414 3509 1992 3580; baseline 0.003 -18"><span class='ocrx_word' id='word_1_450' title='bbox 414 3511 572 3563; x_wconf 80' lang='lat' dir='ltr'><strong>adeat</strong></span> <span class='ocrx_word' id='word_1_451' title='bbox 593 3509 938 3564; x_wconf 87' lang='lat' dir='ltr'><strong>sanctitatem</strong></span> <span class='ocrx_word' id='word_1_452' title='bbox 963 3511 1124 3579; x_wconf 92' lang='lat' dir='ltr'><strong>eique</strong></span> <span class='ocrx_word' id='word_1_453' title='bbox 1147 3509 1326 3564; x_wconf 89' lang='lat' dir='ltr'><strong>tradat</strong></span> <span class='ocrx_word' id='word_1_454' title='bbox 1356 3525 1602 3574; x_wconf 77' lang='lat' dir='ltr'><strong>munera,</strong></span> <span class='ocrx_word' id='word_1_455' title='bbox 1620 3509 1666 3564; x_wconf 88' lang='lat' dir='ltr'><strong>si</strong></span> <span class='ocrx_word' id='word_1_456' title='bbox 1689 3523 1794 3580; x_wconf 88' lang='lat' dir='ltr'><strong>qua</strong></span> <span class='ocrx_word' id='word_1_457' title='bbox 1823 3512 1992 3566; x_wconf 87' lang='lat' dir='ltr'><strong>missa</strong></span> 
     </span>
    </p>
   </div>
   <div class='ocr_carea' id='block_1_67' title="bbox 417 3602 1995 3668">
    <p class='ocr_par' dir='ltr' id='par_1_67' title="bbox 417 3602 1995 3668">
     <span class='ocr_line' id='line_1_67' title="bbox 417 3602 1995 3668; baseline 0.003 -12"><span class='ocrx_word' id='word_1_458' title='bbox 417 3613 564 3668; x_wconf 79' lang='lat' dir='ltr'><strong>sunt,</strong></span> <span class='ocrx_word' id='word_1_459' title='bbox 612 3602 878 3657; x_wconf 87' lang='lat' dir='ltr'><strong>rationem</strong></span> <span class='ocrx_word' id='word_1_460' title='bbox 915 3605 1191 3667; x_wconf 89' lang='lat' dir='ltr'><strong>reddens,</strong></span> <span class='ocrx_word' id='word_1_461' title='bbox 1242 3613 1296 3658; x_wconf 86' lang='lat' dir='ltr'><strong>et</strong></span> <span class='ocrx_word' id='word_1_462' title='bbox 1345 3603 1471 3658; x_wconf 91' lang='lat' dir='ltr'><strong>inde</strong></span> <span class='ocrx_word' id='word_1_463' title='bbox 1525 3615 1630 3659; x_wconf 71' lang='lat' dir='ltr'><strong>tute</strong></span> <span class='ocrx_word' id='word_1_464' title='bbox 1682 3605 1995 3661; x_wconf 87' lang='lat' dir='ltr'><strong>sanctitatis</strong></span> 
     </span>
    </p>
   </div>
   <div class='ocr_carea' id='block_1_68' title="bbox 418 3691 1995 3759">
    <p class='ocr_par' dir='ltr' id='par_1_68' title="bbox 418 3691 1995 3759">
     <span class='ocr_line' id='line_1_68' title="bbox 418 3691 1995 3759; baseline 0.003 -13"><span class='ocrx_word' id='word_1_465' title='bbox 418 3691 590 3746; x_wconf 88' lang='lat' dir='ltr'><strong>nuntii</strong></span> <span class='ocrx_word' id='word_1_466' title='bbox 627 3691 856 3746; x_wconf 87' lang='lat' dir='ltr'><strong>redeant</strong></span> <span class='ocrx_word' id='word_1_467' title='bbox 889 3701 945 3747; x_wconf 89' lang='lat' dir='ltr'><strong>et</strong></span> <span class='ocrx_word' id='word_1_468' title='bbox 988 3693 1053 3746; x_wconf 82' lang='lat' dir='ltr'><strong>ad</strong></span> <span class='ocrx_word' id='word_1_469' title='bbox 1109 3708 1207 3748; x_wconf 91' lang='lat' dir='ltr'><strong>nos</strong></span> <span class='ocrx_word' id='word_1_470' title='bbox 1249 3705 1570 3759; x_wconf 87' lang='lat' dir='ltr'><strong>accurrant,</strong></span> <span class='ocrx_word' id='word_1_471' title='bbox 1613 3706 1675 3750; x_wconf 91' lang='lat' dir='ltr'><strong>ut</strong></span> <span class='ocrx_word' id='word_1_472' title='bbox 1717 3698 1995 3750; x_wconf 87' lang='lat' dir='ltr'><strong>communi</strong></span> 
     </span>
    </p>
   </div>
   <div class='ocr_carea' id='block_1_69' title="bbox 419 3784 1998 3854">
    <p class='ocr_par' dir='ltr' id='par_1_69' title="bbox 419 3784 1998 3854">
     <span class='ocr_line' id='line_1_69' title="bbox 419 3784 1998 3854; baseline 0.003 -16"><span class='ocrx_word' id='word_1_473' title='bbox 419 3784 651 3838; x_wconf 66' lang='lat' dir='ltr'><strong>consilio</strong></span> <span class='ocrx_word' id='word_1_474' title='bbox 693 3792 914 3838; x_wconf 89' lang='lat' dir='ltr'><strong>tuorum</strong></span> <span class='ocrx_word' id='word_1_475' title='bbox 987 3785 1288 3854; x_wconf 81' lang='lat' dir='ltr'><strong>legatorum</strong></span> <span class='ocrx_word' id='word_1_476' title='bbox 1332 3795 1386 3840; x_wconf 86' lang='lat' dir='ltr'><strong>et</strong></span> <span class='ocrx_word' id='word_1_477' title='bbox 1424 3797 1625 3841; x_wconf 85' lang='lat' dir='ltr'><strong>nostrae</strong></span> <span class='ocrx_word' id='word_1_478' title='bbox 1673 3788 1998 3843; x_wconf 86' lang='lat' dir='ltr'><strong>humilitatis</strong></span> 
     </span>
    </p>
   </div>
   <div class='ocr_carea' id='block_1_70' title="bbox 422 3876 1997 3948">
    <p class='ocr_par' dir='ltr' id='par_1_70' title="bbox 422 3876 1997 3948">
     <span class='ocr_line' id='line_1_70' title="bbox 422 3876 1997 3948; baseline 0.004 -22"><span class='ocrx_word' id='word_1_479' title='bbox 422 3881 670 3930; x_wconf 87' lang='lat' dir='ltr'><strong>t‘rmetur</strong></span> <span class='ocrx_word' id='word_1_480' title='bbox 735 3876 880 3946; x_wconf 90' lang='lat' dir='ltr'><strong>quod</strong></span> <span class='ocrx_word' id='word_1_481' title='bbox 943 3877 1123 3932; x_wconf 88' lang='lat' dir='ltr'><strong>adhuc</strong></span> <span class='ocrx_word' id='word_1_482' title='bbox 1177 3877 1530 3948; x_wconf 80' lang='lat' dir='ltr'><strong>agitationis,</strong></span> <span class='ocrx_word' id='word_1_483' title='bbox 1573 3879 1997 3947; x_wconf 72' lang='lat' dir='ltr'><strong>praecedentium</strong></span> 
     </span>
    </p>
   </div>
   <div class='ocr_carea' id='block_1_71' title="bbox 419 3969 1997 4043">
    <p class='ocr_par' dir='ltr' id='par_1_71' title="bbox 419 3969 1997 4043">
     <span class='ocr_line' id='line_1_71' title="bbox 419 3969 1997 4043; baseline 0.003 -22"><span class='ocrx_word' id='word_1_484' title='bbox 419 3969 803 4024; x_wconf 73' lang='lat' dir='ltr'><strong>seandalorum</strong></span> <span class='ocrx_word' id='word_1_485' title='bbox 829 3985 1019 4037; x_wconf 87' lang='lat' dir='ltr'><strong>causa,</strong></span> <span class='ocrx_word' id='word_1_486' title='bbox 1047 3971 1101 4025; x_wconf 93' lang='lat' dir='ltr'><strong>in</strong></span> <span class='ocrx_word' id='word_1_487' title='bbox 1121 3970 1728 4043; x_wconf 78' lang='lat' dir='ltr'><strong>Cousmntinopolitana</strong></span> <span class='ocrx_word' id='word_1_488' title='bbox 1755 3970 1997 4029; x_wconf 86' lang='lat' dir='ltr'><strong>Ecclesia</strong></span> 
     </span>
    </p>
   </div>
   <div class='ocr_carea' id='block_1_72' title="bbox 421 4058 694 4131">
    <p class='ocr_par' dir='ltr' id='par_1_72' title="bbox 421 4058 694 4131">
     <span class='ocr_line' id='line_1_72' title="bbox 421 4058 694 4131; baseline 0.022 -19"><span class='ocrx_word' id='word_1_489' title='bbox 421 4058 694 4131; x_wconf 72' lang='lat' dir='ltr'><strong>sitpercst.</strong></span> 
     </span>
    </p>
   </div>
   <div class='ocr_carea' id='block_1_73' title="bbox 2081 3323 3671 3396">
    <p class='ocr_par' dir='ltr' id='par_1_73' title="bbox 2081 3323 3671 3396">
     <span class='ocr_line' id='line_1_73' title="bbox 2081 3323 3671 3396; baseline -0.003 -17"><span class='ocrx_word' id='word_1_490' title='bbox 2081 3327 2145 3379; x_wconf 81' lang='grc' dir='ltr'><strong>’δὲ</strong></span> <span class='ocrx_word' id='word_1_491' title='bbox 2176 3327 2366 3396; x_wconf 81' lang='grc' dir='ltr'>ὥσπερ</span> <span class='ocrx_word' id='word_1_492' title='bbox 2395 3326 2452 3392; x_wconf 78' lang='grc' dir='ltr'>ἐξ</span> <span class='ocrx_word' id='word_1_493' title='bbox 2482 3326 2655 3395; x_wconf 79' lang='grc' dir='ltr'>ἀρχῆς</span> <span class='ocrx_word' id='word_1_494' title='bbox 2686 3325 2828 3378; x_wconf 71' lang='grc' dir='ltr'>οὕτω</span> <span class='ocrx_word' id='word_1_495' title='bbox 2865 3325 2964 3378; x_wconf 75' lang='grc' dir='ltr'><strong>καὶ</strong></span> <span class='ocrx_word' id='word_1_496' title='bbox 2988 3323 3084 3378; x_wconf 81' lang='grc' dir='ltr'>νῦν</span> <span class='ocrx_word' id='word_1_497' title='bbox 3111 3325 3204 3376; x_wconf 77' lang='grc' dir='ltr'>τὸν</span> <span class='ocrx_word' id='word_1_498' title='bbox 3239 3323 3535 3391; x_wconf 80' lang='grc' dir='ltr'>σύνδεσμον</span> <span class='ocrx_word' id='word_1_499' title='bbox 3573 3324 3671 3375; x_wconf 69' lang='grc' dir='ltr'><strong>καὶ</strong></span> 
     </span>
    </p>
   </div>
   <div class='ocr_carea' id='block_1_74' title="bbox 2089 3416 3674 3492">
    <p class='ocr_par' dir='ltr' id='par_1_74' title="bbox 2089 3416 3674 3492">
     <span class='ocr_line' id='line_1_74' title="bbox 2089 3416 3674 3492; baseline -0.004 -20"><span class='ocrx_word' id='word_1_500' title='bbox 2089 3419 2186 3490; x_wconf 77' lang='grc' dir='ltr'><strong>τὴν</strong></span> <span class='ocrx_word' id='word_1_501' title='bbox 2221 3420 2414 3492; x_wconf 70' lang='grc' dir='ltr'>ἕνωσιν</span> <span class='ocrx_word' id='word_1_502' title='bbox 2445 3419 2541 3489; x_wconf 79' lang='grc' dir='ltr'>τῆς</span> <span class='ocrx_word' id='word_1_503' title='bbox 2587 3437 2645 3472; x_wconf 90' lang='grc' dir='ltr'><strong>τε</strong></span> <span class='ocrx_word' id='word_1_504' title='bbox 2678 3418 2994 3488; x_wconf 81' lang='grc' dir='ltr'>Ῥωμαῖκῆς</span> <span class='ocrx_word' id='word_1_505' title='bbox 3036 3416 3383 3486; x_wconf 75' lang='grc' dir='ltr'>Ἐκκλησίας.</span> <span class='ocrx_word' id='word_1_506' title='bbox 3445 3417 3538 3470; x_wconf 76' lang='grc' dir='ltr'><strong>καὶ</strong></span> <span class='ocrx_word' id='word_1_507' title='bbox 3571 3417 3674 3484; x_wconf 75' lang='grc' dir='ltr'>τῆς</span> 
     </span>
    </p>
   </div>
   <div class='ocr_carea' id='block_1_75' title="bbox 2093 3507 3670 3578">
    <p class='ocr_par' dir='ltr' id='par_1_75' title="bbox 2093 3507 3670 3578">
     <span class='ocr_line' id='line_1_75' title="bbox 2093 3507 3670 3578; baseline -0.004 -16"><span class='ocrx_word' id='word_1_508' title='bbox 2093 3512 2154 3562; x_wconf 78' lang='grc' dir='ltr'>ἐν</span> <span class='ocrx_word' id='word_1_509' title='bbox 2206 3508 2783 3562; x_wconf 82' lang='grc' dir='ltr'>Κωνσταντινουπόλει</span> <span class='ocrx_word' id='word_1_510' title='bbox 2834 3508 2988 3578; x_wconf 81' lang='grc' dir='ltr'><strong>παρά</strong></span> <span class='ocrx_word' id='word_1_511' title='bbox 3048 3508 3185 3561; x_wconf 73' lang='grc' dir='ltr'>Θεοῦ</span> <span class='ocrx_word' id='word_1_512' title='bbox 3221 3507 3670 3578; x_wconf 81' lang='grc' dir='ltr'>κυδερνωμένης,</span> 
     </span>
    </p>
   </div>
   <div class='ocr_carea' id='block_1_76' title="bbox 2093 3600 3676 3673">
    <p class='ocr_par' dir='ltr' id='par_1_76' title="bbox 2093 3600 3676 3673">
     <span class='ocr_line' id='line_1_76' title="bbox 2093 3600 3676 3673; baseline -0.002 -19"><span class='ocrx_word' id='word_1_513' title='bbox 2093 3601 2416 3673; x_wconf 70' lang='grc' dir='ltr'>ἐγράψαμεν</span> <span class='ocrx_word' id='word_1_514' title='bbox 2465 3602 2524 3655; x_wconf 82' lang='grc' dir='ltr'>δὲ</span> <span class='ocrx_word' id='word_1_515' title='bbox 2572 3602 2668 3655; x_wconf 76' lang='grc' dir='ltr'><strong>καὶ</strong></span> <span class='ocrx_word' id='word_1_516' title='bbox 2708 3601 2786 3672; x_wconf 84' lang='grc' dir='ltr'>τῷ</span> <span class='ocrx_word' id='word_1_517' title='bbox 2828 3600 3329 3672; x_wconf 84' lang='grc' dir='ltr'>πρωτοσπαθαρίῳ.</span> <span class='ocrx_word' id='word_1_518' title='bbox 3376 3601 3537 3654; x_wconf 80' lang='grc' dir='ltr'>Ἀλλά</span> <span class='ocrx_word' id='word_1_519' title='bbox 3576 3600 3676 3651; x_wconf 74' lang='grc' dir='ltr'><strong>καὶ</strong></span> 
     </span>
    </p>
   </div>
   <div class='ocr_carea' id='block_1_77' title="bbox 2095 3690 3672 3763">
    <p class='ocr_par' dir='ltr' id='par_1_77' title="bbox 2095 3690 3672 3763">
     <span class='ocr_line' id='line_1_77' title="bbox 2095 3690 3672 3763; baseline -0.002 -17"><span class='ocrx_word' id='word_1_520' title='bbox 2095 3694 2206 3747; x_wconf 85' lang='grc' dir='ltr'><strong>τῶν</strong></span> <span class='ocrx_word' id='word_1_521' title='bbox 2230 3693 2540 3762; x_wconf 77' lang='grc' dir='ltr'>θεοττεφῶν</span> <span class='ocrx_word' id='word_1_522' title='bbox 2574 3691 2856 3761; x_wconf 83' lang='grc' dir='ltr'>βασιλέων,</span> <span class='ocrx_word' id='word_1_523' title='bbox 2886 3692 2982 3747; x_wconf 76' lang='grc' dir='ltr'><strong>καὶ</strong></span> <span class='ocrx_word' id='word_1_524' title='bbox 3007 3692 3220 3752; x_wconf 79' lang='grc' dir='ltr'>,τέκνων</span> <span class='ocrx_word' id='word_1_525' title='bbox 3265 3692 3446 3763; x_wconf 79' lang='grc' dir='ltr'>ἡμῶν,</span> <span class='ocrx_word' id='word_1_526' title='bbox 3479 3690 3672 3744; x_wconf 84' lang='grc' dir='ltr'>κέλευ-</span> 
     </span>
    </p>
   </div>
   <div class='ocr_carea' id='block_1_78' title="bbox 2100 3783 3673 3856">
    <p class='ocr_par' dir='ltr' id='par_1_78' title="bbox 2100 3783 3673 3856">
     <span class='ocr_line' id='line_1_78' title="bbox 2100 3783 3673 3856; baseline -0.003 -18"><span class='ocrx_word' id='word_1_527' title='bbox 2100 3803 2185 3850; x_wconf 88' lang='grc' dir='ltr'><strong>σις</strong></span> <span class='ocrx_word' id='word_1_528' title='bbox 2216 3789 2354 3856; x_wconf 70' lang='grc' dir='ltr'>πρὸς</span> <span class='ocrx_word' id='word_1_529' title='bbox 2385 3787 2549 3838; x_wconf 75' lang='grc' dir='ltr'>αὐτὸν</span> <span class='ocrx_word' id='word_1_530' title='bbox 2598 3785 2943 3855; x_wconf 81' lang='grc' dir='ltr'>ἐξεπέμφθη,</span> <span class='ocrx_word' id='word_1_531' title='bbox 2977 3785 3118 3839; x_wconf 73' lang='grc' dir='ltr'>ὥστε</span> <span class='ocrx_word' id='word_1_532' title='bbox 3157 3783 3488 3838; x_wconf 80' lang='grc' dir='ltr'>καταλαϐεῖν</span> <span class='ocrx_word' id='word_1_533' title='bbox 3519 3785 3673 3836; x_wconf 62' lang='lat' dir='ltr'><strong>Exsi-</strong></span> 
     </span>
    </p>
   </div>
   <div class='ocr_carea' id='block_1_79' title="bbox 2096 3875 3676 3950">
    <p class='ocr_par' dir='ltr' id='par_1_79' title="bbox 2096 3875 3676 3950">
     <span class='ocr_line' id='line_1_79' title="bbox 2096 3875 3676 3950; baseline -0.003 -18"><span class='ocrx_word' id='word_1_534' title='bbox 2096 3896 2188 3933; x_wconf 91' lang='grc' dir='ltr'><strong>νον</strong></span> <span class='ocrx_word' id='word_1_535' title='bbox 2217 3880 2354 3950; x_wconf 75' lang='grc' dir='ltr'>πρὸς</span> <span class='ocrx_word' id='word_1_536' title='bbox 2382 3878 2480 3950; x_wconf 76' lang='grc' dir='ltr'>τὴν</span> <span class='ocrx_word' id='word_1_537' title='bbox 2531 3879 2687 3948; x_wconf 80' lang='grc' dir='ltr'>ὑμῶν</span> <span class='ocrx_word' id='word_1_538' title='bbox 2731 3878 3046 3949; x_wconf 81' lang='grc' dir='ltr'>ἁγιωσύνην</span> <span class='ocrx_word' id='word_1_539' title='bbox 3076 3879 3170 3932; x_wconf 70' lang='grc' dir='ltr'><strong>καὶ</strong></span> <span class='ocrx_word' id='word_1_540' title='bbox 3214 3878 3505 3931; x_wconf 73' lang='grc' dir='ltr'>ἀποδοῦναι</span> <span class='ocrx_word' id='word_1_541' title='bbox 3535 3875 3587 3928; x_wconf 80' lang='grc' dir='ltr'>εἴ</span> <span class='ocrx_word' id='word_1_542' title='bbox 3620 3893 3676 3929; x_wconf 79' lang='grc' dir='ltr'>τι</span> 
     </span>
    </p>
   </div>
   <div class='ocr_carea' id='block_1_80' title="bbox 2095 3968 3678 4040">
    <p class='ocr_par' dir='ltr' id='par_1_80' title="bbox 2095 3968 3678 4040">
     <span class='ocr_line' id='line_1_80' title="bbox 2095 3968 3678 4040; baseline -0.003 -17"><span class='ocrx_word' id='word_1_543' title='bbox 2095 3969 2411 4040; x_wconf 72' lang='grc' dir='ltr'>ἐξεπέμφθη</span> <span class='ocrx_word' id='word_1_544' title='bbox 2470 3971 2628 4039; x_wconf 79' lang='grc' dir='ltr'>λόγον</span> <span class='ocrx_word' id='word_1_545' title='bbox 2688 3969 2882 4040; x_wconf 80' lang='grc' dir='ltr'>ἔχοντα</span> <span class='ocrx_word' id='word_1_546' title='bbox 2947 3970 3158 4036; x_wconf 81' lang='grc' dir='ltr'>ξενίων,</span> <span class='ocrx_word' id='word_1_547' title='bbox 3228 3971 3322 4023; x_wconf 72' lang='grc' dir='ltr'><strong>καὶ</strong></span> <span class='ocrx_word' id='word_1_548' title='bbox 3381 3968 3678 4022; x_wconf 79' lang='grc' dir='ltr'>ἀναλαϐεῖν</span> 
     </span>
    </p>
   </div>
   <div class='ocr_carea' id='block_1_81' title="bbox 2097 4063 3671 4132">
    <p class='ocr_par' dir='ltr' id='par_1_81' title="bbox 2097 4063 3671 4132">
     <span class='ocr_line' id='line_1_81' title="bbox 2097 4063 3671 4132; baseline -0.002 -16"><span class='ocrx_word' id='word_1_549' title='bbox 2097 4063 2326 4117; x_wconf 81' lang='grc' dir='ltr'>αὐτόθεν</span> <span class='ocrx_word' id='word_1_550' title='bbox 2356 4063 2691 4126; x_wconf 78' lang='grc' dir='ltr'>ἀποστόλους</span> <span class='ocrx_word' id='word_1_551' title='bbox 2727 4065 2827 4130; x_wconf 75' lang='grc' dir='ltr'>τῆς</span> <span class='ocrx_word' id='word_1_552' title='bbox 2864 4063 3020 4132; x_wconf 78' lang='grc' dir='ltr'>ὑμῶν</span> <span class='ocrx_word' id='word_1_553' title='bbox 3068 4063 3378 4132; x_wconf 81' lang='grc' dir='ltr'>ἁγιότητος,</span> <span class='ocrx_word' id='word_1_554' title='bbox 3407 4063 3500 4114; x_wconf 76' lang='grc' dir='ltr'><strong>καὶ</strong></span> <span class='ocrx_word' id='word_1_555' title='bbox 3535 4063 3671 4114; x_wconf 83' lang='grc' dir='ltr'>ἀνα-</span> 
     </span>
    </p>
   </div>
   <div class='ocr_carea' id='block_1_82' title="bbox 420 4151 3672 4225">
    <p class='ocr_par' dir='ltr' id='par_1_82' title="bbox 420 4151 3672 4225">
     <span class='ocr_line' id='line_1_82' title="bbox 420 4151 3672 4225; baseline -0.002 -21"><span class='ocrx_word' id='word_1_556' title='bbox 420 4153 648 4224; x_wconf 83' lang='grc' dir='ltr'>δραμεῖν</span> <span class='ocrx_word' id='word_1_557' title='bbox 672 4154 806 4225; x_wconf 83' lang='grc' dir='ltr'>πρὸς</span> <span class='ocrx_word' id='word_1_558' title='bbox 862 4155 1012 4225; x_wconf 78' lang='grc' dir='ltr'>ἡμᾶς</span> <span class='ocrx_word' id='word_1_559' title='bbox 1073 4153 1168 4208; x_wconf 75' lang='grc' dir='ltr'>τοῦ</span> <span class='ocrx_word' id='word_1_560' title='bbox 1210 4158 1362 4225; x_wconf 85' lang='grc' dir='ltr'>κοινῇ</span> <span class='ocrx_word' id='word_1_561' title='bbox 1431 4155 1688 4225; x_wconf 81' lang='grc' dir='ltr'>συνέδρια</span> <span class='ocrx_word' id='word_1_562' title='bbox 1732 4155 1841 4208; x_wconf 84' lang='grc' dir='ltr'><strong>τῶν</strong></span> <span class='ocrx_word' id='word_1_563' title='bbox 1870 4171 1929 4207; x_wconf 86' lang='grc' dir='ltr'><strong>τε</strong></span> <span class='ocrx_word' id='word_1_564' title='bbox 1997 4152 2280 4224; x_wconf 81' lang='grc' dir='ltr'>ὑμετέρων</span> <span class='ocrx_word' id='word_1_565' title='bbox 2346 4152 2661 4207; x_wconf 84' lang='grc' dir='ltr'>ἀποστόλων</span> <span class='ocrx_word' id='word_1_566' title='bbox 2735 4153 2828 4205; x_wconf 71' lang='grc' dir='ltr'><strong>καὶ</strong></span> <span class='ocrx_word' id='word_1_567' title='bbox 2907 4154 3005 4223; x_wconf 78' lang='grc' dir='ltr'><strong>τῆς</strong></span> <span class='ocrx_word' id='word_1_568' title='bbox 3069 4153 3225 4222; x_wconf 70' lang='grc' dir='ltr'>ἡμῶν</span> <span class='ocrx_word' id='word_1_569' title='bbox 3287 4151 3672 4220; x_wconf 77' lang='grc' dir='ltr'>ταπεινότητος</span> 
     </span>
    </p>
   </div>
   <div class='ocr_carea' id='block_1_83' title="bbox 423 4246 3674 4320">
    <p class='ocr_par' dir='ltr' id='par_1_83' title="bbox 423 4246 3674 4320">
     <span class='ocr_line' id='line_1_83' title="bbox 423 4246 3674 4320; baseline -0 -22"><span class='ocrx_word' id='word_1_570' title='bbox 423 4246 747 4302; x_wconf 71' lang='grc' dir='ltr'>εὐστάθειαν</span> <span class='ocrx_word' id='word_1_571' title='bbox 779 4247 1040 4302; x_wconf 76' lang='grc' dir='ltr'>λαϐεῖνεῐ</span> <span class='ocrx_word' id='word_1_572' title='bbox 1068 4265 1120 4301; x_wconf 91' lang='grc' dir='ltr'><strong>τι</strong></span> <span class='ocrx_word' id='word_1_573' title='bbox 1154 4247 1249 4302; x_wconf 68' lang='grc' dir='ltr'><strong>καὶ</strong></span> <span class='ocrx_word' id='word_1_574' title='bbox 1298 4249 1378 4302; x_wconf 76' lang='grc' dir='ltr'>ἔτι</span> <span class='ocrx_word' id='word_1_575' title='bbox 1425 4249 1778 4303; x_wconf 82' lang='grc' dir='ltr'>ὑπολείπεται</span> <span class='ocrx_word' id='word_1_576' title='bbox 1805 4249 1992 4302; x_wconf 73' lang='grc' dir='ltr'>ἕνεκεν</span> <span class='ocrx_word' id='word_1_577' title='bbox 2030 4246 2140 4300; x_wconf 87' lang='grc' dir='ltr'><strong>τῶν</strong></span> <span class='ocrx_word' id='word_1_578' title='bbox 2209 4246 2592 4318; x_wconf 75' lang='grc' dir='ltr'>προλαϐόντων</span> <span class='ocrx_word' id='word_1_579' title='bbox 2659 4247 2974 4301; x_wconf 75' lang='grc' dir='ltr'>σκανδάλων</span> <span class='ocrx_word' id='word_1_580' title='bbox 3005 4251 3061 4302; x_wconf 77' lang='grc' dir='ltr'>ὲν</span> <span class='ocrx_word' id='word_1_581' title='bbox 3114 4252 3177 4320; x_wconf 83' lang='grc' dir='ltr'>τῇ</span> <span class='ocrx_word' id='word_1_582' title='bbox 3225 4249 3674 4301; x_wconf 78' lang='grc' dir='ltr'>Κωνσταντινου-</span> 
     </span>
    </p>
   </div>
   <div class='ocr_carea' id='block_1_84' title="bbox 423 4340 1479 4412">
    <p class='ocr_par' dir='ltr' id='par_1_84' title="bbox 423 4340 1479 4412">
     <span class='ocr_line' id='line_1_84' title="bbox 423 4340 1479 4412; baseline 0.003 -17"><span class='ocrx_word' id='word_1_583' title='bbox 423 4343 660 4397; x_wconf 82' lang='grc' dir='ltr'>πολιτῶν</span> <span class='ocrx_word' id='word_1_584' title='bbox 702 4341 1003 4412; x_wconf 74' lang='grc' dir='ltr'>Ἐκκλησία</span> <span class='ocrx_word' id='word_1_585' title='bbox 1029 4340 1479 4412; x_wconf 76' lang='grc' dir='ltr'>στασιαζὸμενον.</span> 
     </span>
    </p>
   </div>
   <div class='ocr_carea' id='block_1_85' title="bbox 497 4425 1990 4507">
    <p class='ocr_par' dir='ltr' id='par_1_85' title="bbox 497 4430 1990 4503">
     <span class='ocr_line' id='line_1_85' title="bbox 497 4430 1990 4503; baseline -0.001 -15"><span class='ocrx_word' id='word_1_586' title='bbox 497 4433 555 4488; x_wconf 87' lang='lat' dir='ltr'><strong>Si</strong></span> <span class='ocrx_word' id='word_1_587' title='bbox 594 4432 761 4503; x_wconf 80' lang='lat' dir='ltr'><strong>igitur</strong></span> <span class='ocrx_word' id='word_1_588' title='bbox 815 4431 890 4485; x_wconf 92' lang='lat' dir='ltr'><strong>illi</strong></span> <span class='ocrx_word' id='word_1_589' title='bbox 923 4430 990 4484; x_wconf 88' lang='lat' dir='ltr'><strong>ad</strong></span> <span class='ocrx_word' id='word_1_590' title='bbox 1043 4448 1139 4486; x_wconf 84' lang='lat' dir='ltr'><strong>vos</strong></span> <span class='ocrx_word' id='word_1_591' title='bbox 1191 4433 1534 4501; x_wconf 76' lang='lat' dir='ltr'><strong>perveniant,</strong></span> <span class='ocrx_word' id='word_1_592' title='bbox 1556 4433 1990 4502; x_wconf 87' lang='lat' dir='ltr'><strong>adimplebutttut</strong></span> 
     </span>
    </p>
   </div>
   <div class='ocr_carea' id='block_1_86' title="bbox 2091 4425 3673 4507">
    <p class='ocr_par' dir='ltr' id='par_1_86' title="bbox 2177 4425 3673 4507">
     <span class='ocr_line' id='line_1_86' title="bbox 2177 4425 3673 4507; baseline 0.003 -23"><span class='ocrx_word' id='word_1_593' title='bbox 2177 4431 2242 4484; x_wconf 79' lang='lat' dir='ltr'><strong>El</strong></span> <span class='ocrx_word' id='word_1_594' title='bbox 2281 4431 2380 4500; x_wconf 83' lang='grc' dir='ltr'>μὲν</span> <span class='ocrx_word' id='word_1_595' title='bbox 2405 4425 2499 4484; x_wconf 79' lang='grc' dir='ltr'><strong>οὖν</strong></span> <span class='ocrx_word' id='word_1_596' title='bbox 2530 4432 2726 4484; x_wconf 81' lang='grc' dir='ltr'>ἐκεῖνοι</span> <span class='ocrx_word' id='word_1_597' title='bbox 2757 4432 3056 4485; x_wconf 79' lang='grc' dir='ltr'>κατέλαϐον</span> <span class='ocrx_word' id='word_1_598' title='bbox 3089 4434 3224 4503; x_wconf 81' lang='grc' dir='ltr'>πρὸς</span> <span class='ocrx_word' id='word_1_599' title='bbox 3253 4435 3420 4504; x_wconf 79' lang='grc' dir='ltr'>ὑμᾶς,</span> <span class='ocrx_word' id='word_1_600' title='bbox 3447 4436 3673 4507; x_wconf 76' lang='grc' dir='ltr'>πληρω-</span> 
     </span>
    </p>
   </div>
   <div class='ocr_carea' id='block_1_87' title="bbox 421 4524 1999 4595">
    <p class='ocr_par' dir='ltr' id='par_1_87' title="bbox 421 4524 1999 4595">
     <span class='ocr_line' id='line_1_87' title="bbox 421 4524 1999 4595; baseline 0 -15"><span class='ocrx_word' id='word_1_601' title='bbox 421 4543 484 4580; x_wconf 74' lang='lat' dir='ltr'><strong>ea</strong></span> <span class='ocrx_word' id='word_1_602' title='bbox 517 4540 636 4594; x_wconf 65' lang='lat' dir='ltr'><strong>qua!</strong></span> <span class='ocrx_word' id='word_1_603' title='bbox 665 4540 694 4577; x_wconf 91' lang='lat' dir='ltr'><strong>a</strong></span> <span class='ocrx_word' id='word_1_604' title='bbox 723 4539 811 4577; x_wconf 91' lang='lat' dir='ltr'><strong>me</strong></span> <span class='ocrx_word' id='word_1_605' title='bbox 837 4524 1040 4592; x_wconf 88' lang='lat' dir='ltr'><strong>scripta</strong></span> <span class='ocrx_word' id='word_1_606' title='bbox 1087 4534 1217 4579; x_wconf 90' lang='lat' dir='ltr'><strong>sunt</strong></span> <span class='ocrx_word' id='word_1_607' title='bbox 1257 4540 1354 4595; x_wconf 88' lang='lat' dir='ltr'><strong>per</strong></span> <span class='ocrx_word' id='word_1_608' title='bbox 1382 4540 1570 4579; x_wconf 89' lang='lat' dir='ltr'><strong>eorum</strong></span> <span class='ocrx_word' id='word_1_609' title='bbox 1607 4540 1733 4579; x_wconf 89' lang='lat' dir='ltr'><strong>cum</strong></span> <span class='ocrx_word' id='word_1_610' title='bbox 1767 4526 1876 4580; x_wconf 79' lang='lat' dir='ltr'><strong>tuis</strong></span> <span class='ocrx_word' id='word_1_611' title='bbox 1921 4525 1999 4581; x_wconf 90' lang='lat' dir='ltr'><strong>lc-</strong></span> 
     </span>
    </p>
   </div>
   <div class='ocr_carea' id='block_1_88' title="bbox 423 4613 1995 4681">
    <p class='ocr_par' dir='ltr' id='par_1_88' title="bbox 423 4613 1995 4681">
     <span class='ocr_line' id='line_1_88' title="bbox 423 4613 1995 4681; baseline 0.001 -12"><span class='ocrx_word' id='word_1_612' title='bbox 423 4617 563 4681; x_wconf 62' lang='lat' dir='ltr'><strong>eatis</strong></span> <span class='ocrx_word' id='word_1_613' title='bbox 587 4613 840 4668; x_wconf 87' lang='lat' dir='ltr'><strong>reditum.</strong></span> <span class='ocrx_word' id='word_1_614' title='bbox 867 4613 921 4666; x_wconf 87' lang='lat' dir='ltr'><strong>Si</strong></span> <span class='ocrx_word' id='word_1_615' title='bbox 947 4613 1150 4678; x_wconf 89' lang='lat' dir='ltr'><strong>minus,</strong></span> <span class='ocrx_word' id='word_1_616' title='bbox 1197 4623 1253 4668; x_wconf 92' lang='lat' dir='ltr'><strong>ut</strong></span> <span class='ocrx_word' id='word_1_617' title='bbox 1287 4616 1451 4670; x_wconf 83' lang='lat' dir='ltr'><strong>rebus</strong></span> <span class='ocrx_word' id='word_1_618' title='bbox 1487 4615 1744 4669; x_wconf 87' lang='lat' dir='ltr'><strong>humanis</strong></span> <span class='ocrx_word' id='word_1_619' title='bbox 1775 4616 1995 4681; x_wconf 88' lang='lat' dir='ltr'><strong>accidit,</strong></span> 
     </span>
    </p>
   </div>
   <div class='ocr_carea' id='block_1_89' title="bbox 424 4705 1997 4777">
    <p class='ocr_par' dir='ltr' id='par_1_89' title="bbox 424 4705 1997 4777">
     <span class='ocr_line' id='line_1_89' title="bbox 424 4705 1997 4777; baseline 0.002 -18"><span class='ocrx_word' id='word_1_620' title='bbox 424 4707 523 4761; x_wconf 86' lang='lat' dir='ltr'><strong>tibi</strong></span> <span class='ocrx_word' id='word_1_621' title='bbox 563 4705 758 4760; x_wconf 87' lang='lat' dir='ltr'><strong>adesse</strong></span> <span class='ocrx_word' id='word_1_622' title='bbox 783 4715 1074 4773; x_wconf 88' lang='lat' dir='ltr'><strong>nequeant,</strong></span> <span class='ocrx_word' id='word_1_623' title='bbox 1119 4706 1210 4760; x_wconf 87' lang='lat' dir='ltr'><strong>illc</strong></span> <span class='ocrx_word' id='word_1_624' title='bbox 1253 4717 1401 4762; x_wconf 89' lang='lat' dir='ltr'><strong>certe</strong></span> <span class='ocrx_word' id='word_1_625' title='bbox 1427 4707 1518 4777; x_wconf 85' lang='lat' dir='ltr'><strong>qui</strong></span> <span class='ocrx_word' id='word_1_626' title='bbox 1572 4708 1712 4761; x_wconf 92' lang='lat' dir='ltr'><strong>hanc</strong></span> <span class='ocrx_word' id='word_1_627' title='bbox 1738 4707 1845 4762; x_wconf 88' lang='lat' dir='ltr'><strong>fert</strong></span> <span class='ocrx_word' id='word_1_628' title='bbox 1880 4708 1997 4777; x_wconf 89' lang='lat' dir='ltr'><strong>epi-</strong></span> 
     </span>
    </p>
   </div>
   <div class='ocr_carea' id='block_1_90' title="bbox 423 4798 1999 4855">
    <p class='ocr_par' dir='ltr' id='par_1_90' title="bbox 423 4798 1999 4855">
     <span class='ocr_line' id='line_1_90' title="bbox 423 4798 1999 4855; baseline -0.001 -2"><span class='ocrx_word' id='word_1_629' title='bbox 423 4801 618 4854; x_wconf 84' lang='lat' dir='ltr'><strong>stolam</strong></span> <span class='ocrx_word' id='word_1_630' title='bbox 645 4813 677 4853; x_wconf 89' lang='lat' dir='ltr'><strong>a</strong></span> <span class='ocrx_word' id='word_1_631' title='bbox 712 4807 897 4853; x_wconf 89' lang='lat' dir='ltr'><strong>nostra</strong></span> <span class='ocrx_word' id='word_1_632' title='bbox 938 4798 1244 4854; x_wconf 90' lang='lat' dir='ltr'><strong>humilitate</strong></span> <span class='ocrx_word' id='word_1_633' title='bbox 1278 4799 1504 4855; x_wconf 87' lang='lat' dir='ltr'><strong>edoctus</strong></span> <span class='ocrx_word' id='word_1_634' title='bbox 1554 4799 1737 4854; x_wconf 89' lang='lat' dir='ltr'><strong>omnia</strong></span> <span class='ocrx_word' id='word_1_635' title='bbox 1769 4799 1863 4854; x_wconf 89' lang='lat' dir='ltr'><strong>tibi</strong></span> <span class='ocrx_word' id='word_1_636' title='bbox 1897 4814 1999 4853; x_wconf 81' lang='lat' dir='ltr'><strong>an-</strong></span> 
     </span>
    </p>
   </div>
   <div class='ocr_carea' id='block_1_91' title="bbox 425 4889 1996 4956">
    <p class='ocr_par' dir='ltr' id='par_1_91' title="bbox 425 4889 1996 4956">
     <span class='ocr_line' id='line_1_91' title="bbox 425 4889 1996 4956; baseline 0 -12"><span class='ocrx_word' id='word_1_637' title='bbox 425 4890 716 4944; x_wconf 87' lang='lat' dir='ltr'><strong>nttntiahit.</strong></span> <span class='ocrx_word' id='word_1_638' title='bbox 749 4889 811 4942; x_wconf 86' lang='lat' dir='ltr'><strong>Et</strong></span> <span class='ocrx_word' id='word_1_639' title='bbox 856 4905 1002 4954; x_wconf 87' lang='lat' dir='ltr'><strong>cum,</strong></span> <span class='ocrx_word' id='word_1_640' title='bbox 1053 4891 1160 4945; x_wconf 88' lang='lat' dir='ltr'><strong>Dco</strong></span> <span class='ocrx_word' id='word_1_641' title='bbox 1209 4891 1453 4955; x_wconf 58' lang='lat' dir='ltr'><strong>volente,</strong></span> <span class='ocrx_word' id='word_1_642' title='bbox 1498 4892 1562 4945; x_wconf 91' lang='lat' dir='ltr'><strong>ad</strong></span> <span class='ocrx_word' id='word_1_643' title='bbox 1619 4907 1718 4946; x_wconf 88' lang='lat' dir='ltr'><strong>nos</strong></span> <span class='ocrx_word' id='word_1_644' title='bbox 1775 4892 1996 4956; x_wconf 87' lang='lat' dir='ltr'><strong>redibit,</strong></span> 
     </span>
    </p>
   </div>
   <div class='ocr_carea' id='block_1_92' title="bbox 425 4983 1994 5053">
    <p class='ocr_par' dir='ltr' id='par_1_92' title="bbox 425 4983 1994 5053">
     <span class='ocr_line' id='line_1_92' title="bbox 425 4983 1994 5053; baseline 0 -15"><span class='ocrx_word' id='word_1_645' title='bbox 425 4985 696 5039; x_wconf 84' lang='lat' dir='ltr'><strong>mediante</strong></span> <span class='ocrx_word' id='word_1_646' title='bbox 722 4983 885 5037; x_wconf 89' lang='lat' dir='ltr'><strong>etiam</strong></span> <span class='ocrx_word' id='word_1_647' title='bbox 917 4993 1112 5037; x_wconf 67' lang='lat' dir='ltr'><strong>vestrae</strong></span> <span class='ocrx_word' id='word_1_648' title='bbox 1152 4984 1466 5038; x_wconf 83' lang='lat' dir='ltr'><strong>sanctitatis</strong></span> <span class='ocrx_word' id='word_1_649' title='bbox 1502 4985 1796 5046; x_wconf 88' lang='lat' dir='ltr'><strong>chatitate,</strong></span> <span class='ocrx_word' id='word_1_650' title='bbox 1830 4999 1994 5053; x_wconf 88' lang='lat' dir='ltr'><strong>quant</strong></span> 
     </span>
    </p>
   </div>
   <div class='ocr_carea' id='block_1_93' title="bbox 421 5075 2000 5146">
    <p class='ocr_par' dir='ltr' id='par_1_93' title="bbox 421 5075 2000 5146">
     <span class='ocr_line' id='line_1_93' title="bbox 421 5075 2000 5146; baseline -0.001 -15"><span class='ocrx_word' id='word_1_651' title='bbox 421 5078 677 5132; x_wconf 75' lang='lat' dir='ltr'><strong>Christus</strong></span> <span class='ocrx_word' id='word_1_652' title='bbox 700 5085 754 5130; x_wconf 91' lang='lat' dir='ltr'><strong>et</strong></span> <span class='ocrx_word' id='word_1_653' title='bbox 773 5075 914 5129; x_wconf 84' lang='lat' dir='ltr'><strong>Deus</strong></span> <span class='ocrx_word' id='word_1_654' title='bbox 935 5084 1119 5130; x_wconf 86' lang='lat' dir='ltr'><strong>noster</strong></span> <span class='ocrx_word' id='word_1_655' title='bbox 1136 5077 1292 5130; x_wconf 80' lang='lat' dir='ltr'><strong>nobis</strong></span> <span class='ocrx_word' id='word_1_656' title='bbox 1320 5077 1557 5146; x_wconf 87' lang='lat' dir='ltr'><strong>reliquit,</strong></span> <span class='ocrx_word' id='word_1_657' title='bbox 1580 5092 1702 5130; x_wconf 88' lang='lat' dir='ltr'><strong>cum</strong></span> <span class='ocrx_word' id='word_1_658' title='bbox 1727 5093 1792 5131; x_wconf 92' lang='lat' dir='ltr'><strong>eo</strong></span> <span class='ocrx_word' id='word_1_659' title='bbox 1815 5091 2000 5132; x_wconf 81' lang='lat' dir='ltr'><strong>accur-</strong></span> 
     </span>
    </p>
   </div>
   <div class='ocr_carea' id='block_1_94' title="bbox 424 5167 2000 5237">
    <p class='ocr_par' dir='ltr' id='par_1_94' title="bbox 424 5167 2000 5237">
     <span class='ocr_line' id='line_1_94' title="bbox 424 5167 2000 5237; baseline 0.001 -16"><span class='ocrx_word' id='word_1_660' title='bbox 424 5177 548 5224; x_wconf 88' lang='lat' dir='ltr'><strong>tcnt</strong></span> <span class='ocrx_word' id='word_1_661' title='bbox 600 5167 786 5237; x_wconf 80' lang='lat' dir='ltr'><strong>legati,</strong></span> <span class='ocrx_word' id='word_1_662' title='bbox 838 5177 898 5220; x_wconf 92' lang='lat' dir='ltr'><strong>ut</strong></span> <span class='ocrx_word' id='word_1_663' title='bbox 931 5167 1066 5221; x_wconf 91' lang='lat' dir='ltr'><strong>nihil</strong></span> <span class='ocrx_word' id='word_1_664' title='bbox 1109 5167 1221 5234; x_wconf 86' lang='lat' dir='ltr'><strong>jam</strong></span> <span class='ocrx_word' id='word_1_665' title='bbox 1263 5184 1453 5222; x_wconf 89' lang='lat' dir='ltr'><strong>eoruttt</strong></span> <span class='ocrx_word' id='word_1_666' title='bbox 1499 5184 1621 5237; x_wconf 71' lang='lat' dir='ltr'><strong>quae</strong></span> <span class='ocrx_word' id='word_1_667' title='bbox 1660 5170 2000 5223; x_wconf 83' lang='lat' dir='ltr'><strong>correctione</strong></span> 
     </span>
    </p>
   </div>
   <div class='ocr_carea' id='block_1_95' title="bbox 426 5259 2000 5330">
    <p class='ocr_par' dir='ltr' id='par_1_95' title="bbox 426 5259 2000 5330">
     <span class='ocr_line' id='line_1_95' title="bbox 426 5259 2000 5330; baseline 0.005 -23"><span class='ocrx_word' id='word_1_668' title='bbox 426 5267 604 5327; x_wconf 71' lang='lat' dir='ltr'><strong>rgent.</strong></span> <span class='ocrx_word' id='word_1_669' title='bbox 631 5260 1004 5315; x_wconf 86' lang='lat' dir='ltr'><strong>incorrectum</strong></span> <span class='ocrx_word' id='word_1_670' title='bbox 1037 5269 1255 5315; x_wconf 87' lang='lat' dir='ltr'><strong>maneat</strong></span> <span class='ocrx_word' id='word_1_671' title='bbox 1277 5269 1438 5330; x_wconf 89' lang='lat' dir='ltr'><strong>atque</strong></span> <span class='ocrx_word' id='word_1_672' title='bbox 1471 5259 1770 5316; x_wconf 79' lang='lat' dir='ltr'><strong>Ecclesium</strong></span> <span class='ocrx_word' id='word_1_673' title='bbox 1804 5261 2000 5315; x_wconf 76' lang='lat' dir='ltr'><strong>alliciat</strong></span> 
     </span>
    </p>
   </div>
   <div class='ocr_carea' id='block_1_96' title="bbox 429 5351 1999 5422">
    <p class='ocr_par' dir='ltr' id='par_1_96' title="bbox 429 5351 1999 5422">
     <span class='ocr_line' id='line_1_96' title="bbox 429 5351 1999 5422; baseline 0.003 -19"><span class='ocrx_word' id='word_1_674' title='bbox 429 5351 672 5408; x_wconf 81' lang='lat' dir='ltr'><strong>tristitia.</strong></span> <span class='ocrx_word' id='word_1_675' title='bbox 711 5353 767 5408; x_wconf 93' lang='lat' dir='ltr'><strong>Si</strong></span> <span class='ocrx_word' id='word_1_676' title='bbox 797 5354 942 5408; x_wconf 92' lang='lat' dir='ltr'><strong>enitn</strong></span> <span class='ocrx_word' id='word_1_677' title='bbox 977 5367 1086 5406; x_wconf 88' lang='lat' dir='ltr'><strong>non</strong></span> <span class='ocrx_word' id='word_1_678' title='bbox 1125 5352 1371 5414; x_wconf 87' lang='lat' dir='ltr'><strong>omnino,</strong></span> <span class='ocrx_word' id='word_1_679' title='bbox 1405 5360 1643 5406; x_wconf 83' lang='lat' dir='ltr'><strong>attamen</strong></span> <span class='ocrx_word' id='word_1_680' title='bbox 1678 5354 1847 5421; x_wconf 83' lang='lat' dir='ltr'><strong>gratia</strong></span> <span class='ocrx_word' id='word_1_681' title='bbox 1879 5355 1999 5422; x_wconf 74' lang='lat' dir='ltr'><strong>eius</strong></span> 
     </span>
    </p>
   </div>
   <div class='ocr_carea' id='block_1_97' title="bbox 424 5441 2000 5505">
    <p class='ocr_par' dir='ltr' id='par_1_97' title="bbox 424 5441 2000 5505">
     <span class='ocr_line' id='line_1_97' title="bbox 424 5441 2000 5505; baseline 0.003 -12"><span class='ocrx_word' id='word_1_682' title='bbox 424 5441 520 5505; x_wconf 82' lang='lat' dir='ltr'><strong>qui</strong></span> <span class='ocrx_word' id='word_1_683' title='bbox 549 5451 807 5500; x_wconf 64' lang='lat' dir='ltr'><strong>internum</strong></span> <span class='ocrx_word' id='word_1_684' title='bbox 836 5447 1119 5502; x_wconf 89' lang='lat' dir='ltr'><strong>hominum</strong></span> <span class='ocrx_word' id='word_1_685' title='bbox 1147 5445 1432 5500; x_wconf 85' lang='lat' dir='ltr'><strong>dissidiutn</strong></span> <span class='ocrx_word' id='word_1_686' title='bbox 1457 5445 1507 5499; x_wconf 91' lang='lat' dir='ltr'><strong>in</strong></span> <span class='ocrx_word' id='word_1_687' title='bbox 1533 5447 1794 5500; x_wconf 77' lang='lat' dir='ltr'><strong>unitatem</strong></span> <span class='ocrx_word' id='word_1_688' title='bbox 1820 5453 2000 5499; x_wconf 85' lang='lat' dir='ltr'><strong>trans—</strong></span> 
     </span>
    </p>
   </div>
   <div class='ocr_carea' id='block_1_98' title="bbox 428 5535 1996 5608">
    <p class='ocr_par' dir='ltr' id='par_1_98' title="bbox 428 5535 1996 5608">
     <span class='ocr_line' id='line_1_98' title="bbox 428 5535 1996 5608; baseline 0.003 -22"><span class='ocrx_word' id='word_1_689' title='bbox 428 5535 675 5600; x_wconf 80' lang='lat' dir='ltr'><strong>tntttavit,</strong></span> <span class='ocrx_word' id='word_1_690' title='bbox 715 5549 902 5593; x_wconf 88' lang='lat' dir='ltr'><strong>nostra</strong></span> <span class='ocrx_word' id='word_1_691' title='bbox 957 5539 1198 5594; x_wconf 80' lang='lat' dir='ltr'><strong>Ecclesia</strong></span> <span class='ocrx_word' id='word_1_692' title='bbox 1270 5539 1380 5608; x_wconf 86' lang='lat' dir='ltr'><strong>jatn</strong></span> <span class='ocrx_word' id='word_1_693' title='bbox 1451 5537 1714 5592; x_wconf 88' lang='lat' dir='ltr'><strong>unitatem</strong></span> <span class='ocrx_word' id='word_1_694' title='bbox 1763 5539 1996 5606; x_wconf 88' lang='lat' dir='ltr'><strong>recepit;</strong></span> 
     </span>
    </p>
   </div>
   <div class='ocr_carea' id='block_1_99' title="bbox 431 5629 1997 5700">
    <p class='ocr_par' dir='ltr' id='par_1_99' title="bbox 431 5629 1997 5700">
     <span class='ocr_line' id='line_1_99' title="bbox 431 5629 1997 5700; baseline 0.003 -22"><span class='ocrx_word' id='word_1_695' title='bbox 431 5639 558 5678; x_wconf 79' lang='lat' dir='ltr'><strong>mm</strong></span> <span class='ocrx_word' id='word_1_696' title='bbox 589 5640 811 5681; x_wconf 80' lang='lat' dir='ltr'><strong>necesse</strong></span> <span class='ocrx_word' id='word_1_697' title='bbox 839 5641 917 5682; x_wconf 62' lang='lat' dir='ltr'><strong>est</strong></span> <span class='ocrx_word' id='word_1_698' title='bbox 944 5641 996 5683; x_wconf 86' lang='grc' dir='ltr'>ιιι</span> <span class='ocrx_word' id='word_1_699' title='bbox 1033 5632 1077 5684; x_wconf 90' lang='lat' dir='ltr'><strong>si</strong></span> <span class='ocrx_word' id='word_1_700' title='bbox 1103 5631 1232 5700; x_wconf 88' lang='lat' dir='ltr'><strong>quid</strong></span> <span class='ocrx_word' id='word_1_701' title='bbox 1258 5631 1512 5684; x_wconf 75' lang='lat' dir='ltr'><strong>malitiosi</strong></span> <span class='ocrx_word' id='word_1_702' title='bbox 1531 5630 1793 5683; x_wconf 61' lang='lat' dir='ltr'><strong>damnantis</strong></span> <span class='ocrx_word' id='word_1_703' title='bbox 1821 5629 1997 5683; x_wconf 87' lang='lat' dir='ltr'><strong>adhuc</strong></span> 
     </span>
    </p>
   </div>
   <div class='ocr_carea' id='block_1_100' title="bbox 395 5721 1996 5793">
    <p class='ocr_par' dir='ltr' id='par_1_100' title="bbox 395 5721 1996 5793">
     <span class='ocr_line' id='line_1_100' title="bbox 395 5721 1996 5793; baseline 0.001 -18"><span class='ocrx_word' id='word_1_704' title='bbox 395 5721 687 5792; x_wconf 74' lang='lat' dir='ltr'><strong>.tupersit,</strong></span> <span class='ocrx_word' id='word_1_705' title='bbox 722 5721 773 5777; x_wconf 88' lang='lat' dir='ltr'><strong>id</strong></span> <span class='ocrx_word' id='word_1_706' title='bbox 811 5725 1111 5793; x_wconf 74' lang='lat' dir='ltr'><strong>aboleatur,</strong></span> <span class='ocrx_word' id='word_1_707' title='bbox 1166 5737 1216 5782; x_wconf 87' lang='lat' dir='ltr'><strong>et</strong></span> <span class='ocrx_word' id='word_1_708' title='bbox 1271 5742 1486 5782; x_wconf 86' lang='lat' dir='ltr'><strong>rttrsutn</strong></span> <span class='ocrx_word' id='word_1_709' title='bbox 1525 5725 1577 5780; x_wconf 91' lang='lat' dir='ltr'><strong>itt</strong></span> <span class='ocrx_word' id='word_1_710' title='bbox 1630 5721 1871 5779; x_wconf 66' lang='lat' dir='ltr'><strong>Ecclesia</strong></span> <span class='ocrx_word' id='word_1_711' title='bbox 1906 5723 1996 5778; x_wconf 76' lang='lat' dir='ltr'><strong>Uci</strong></span> 
     </span>
    </p>
   </div>
   <div class='ocr_carea' id='block_1_101' title="bbox 2105 4521 3675 4593">
    <p class='ocr_par' dir='ltr' id='par_1_101' title="bbox 2105 4521 3675 4593">
     <span class='ocr_line' id='line_1_101' title="bbox 2105 4521 3675 4593; baseline 0.001 -17"><span class='ocrx_word' id='word_1_712' title='bbox 2105 4522 2331 4592; x_wconf 83' lang='grc' dir='ltr'>θήσεται</span> <span class='ocrx_word' id='word_1_713' title='bbox 2360 4521 2432 4574; x_wconf 73' lang='grc' dir='ltr'>τὰ</span> <span class='ocrx_word' id='word_1_714' title='bbox 2459 4522 2826 4592; x_wconf 87' lang='grc' dir='ltr'>γεγραμμένα</span> <span class='ocrx_word' id='word_1_715' title='bbox 2853 4523 2940 4576; x_wconf 71' lang='grc' dir='ltr'><strong>διὰ</strong></span> <span class='ocrx_word' id='word_1_716' title='bbox 2973 4526 3070 4593; x_wconf 83' lang='grc' dir='ltr'>τῆς</span> <span class='ocrx_word' id='word_1_717' title='bbox 3099 4525 3322 4578; x_wconf 77' lang='grc' dir='ltr'>ἐκείνων</span> <span class='ocrx_word' id='word_1_718' title='bbox 3353 4525 3540 4578; x_wconf 82' lang='grc' dir='ltr'>ἀνόδου</span> <span class='ocrx_word' id='word_1_719' title='bbox 3576 4529 3675 4581; x_wconf 72' lang='grc' dir='ltr'><strong>σὺν</strong></span> 
     </span>
    </p>
   </div>
   <div class='ocr_carea' id='block_1_102' title="bbox 2099 4613 3670 4688">
    <p class='ocr_par' dir='ltr' id='par_1_102' title="bbox 2099 4613 3670 4688">
     <span class='ocr_line' id='line_1_102' title="bbox 2099 4613 3670 4688; baseline 0.003 -20"><span class='ocrx_word' id='word_1_720' title='bbox 2099 4618 2212 4677; x_wconf 86' lang='grc' dir='ltr'>τοῖς</span> <span class='ocrx_word' id='word_1_721' title='bbox 2235 4616 2524 4686; x_wconf 84' lang='grc' dir='ltr'>ὑμετέροις</span> <span class='ocrx_word' id='word_1_722' title='bbox 2550 4615 2894 4680; x_wconf 85' lang='grc' dir='ltr'>ἀποστόλοις.</span> <span class='ocrx_word' id='word_1_723' title='bbox 2929 4618 2990 4669; x_wconf 85' lang='lat' dir='ltr'><strong>El</strong></span> <span class='ocrx_word' id='word_1_724' title='bbox 3013 4616 3091 4681; x_wconf 81' lang='grc' dir='ltr'><strong>δὲ,</strong></span> <span class='ocrx_word' id='word_1_725' title='bbox 3117 4613 3204 4673; x_wconf 75' lang='grc' dir='ltr'>οἷα</span> <span class='ocrx_word' id='word_1_726' title='bbox 3238 4617 3306 4670; x_wconf 81' lang='grc' dir='ltr'><strong>τά</strong></span> <span class='ocrx_word' id='word_1_727' title='bbox 3331 4616 3670 4688; x_wconf 81' lang='grc' dir='ltr'>ἀνθρώπινα,</span> 
     </span>
    </p>
   </div>
   <div class='ocr_carea' id='block_1_103' title="bbox 2099 4707 3674 4781">
    <p class='ocr_par' dir='ltr' id='par_1_103' title="bbox 2099 4707 3674 4781">
     <span class='ocr_line' id='line_1_103' title="bbox 2099 4707 3674 4781; baseline 0.001 -18"><span class='ocrx_word' id='word_1_728' title='bbox 2099 4709 2332 4771; x_wconf 71' lang='grc' dir='ltr'>ἐκείνοις</span> <span class='ocrx_word' id='word_1_729' title='bbox 2357 4709 2459 4762; x_wconf 76' lang='grc' dir='ltr'><strong>οὐκ</strong></span> <span class='ocrx_word' id='word_1_730' title='bbox 2485 4708 2766 4777; x_wconf 76' lang='grc' dir='ltr'>ἐξεγένετο</span> <span class='ocrx_word' id='word_1_731' title='bbox 2807 4711 3154 4780; x_wconf 82' lang='grc' dir='ltr'>παραστῆναι</span> <span class='ocrx_word' id='word_1_732' title='bbox 3188 4713 3340 4781; x_wconf 84' lang='grc' dir='ltr'>ὑμῖν,</span> <span class='ocrx_word' id='word_1_733' title='bbox 3375 4711 3490 4765; x_wconf 84' lang='grc' dir='ltr'>ἀλλ’</span> <span class='ocrx_word' id='word_1_734' title='bbox 3516 4707 3674 4774; x_wconf 74' lang='grc' dir='ltr'>οὗτος</span> 
     </span>
    </p>
   </div>
   <div class='ocr_carea' id='block_1_104' title="bbox 2100 4801 3676 4874">
    <p class='ocr_par' dir='ltr' id='par_1_104' title="bbox 2100 4801 3676 4874">
     <span class='ocr_line' id='line_1_104' title="bbox 2100 4801 3676 4874; baseline 0.002 -19"><span class='ocrx_word' id='word_1_735' title='bbox 2100 4805 2128 4855; x_wconf 89' lang='grc' dir='ltr'>ὁ</span> <span class='ocrx_word' id='word_1_736' title='bbox 2164 4802 2225 4855; x_wconf 81' lang='grc' dir='ltr'>τὺ</span> <span class='ocrx_word' id='word_1_737' title='bbox 2279 4801 2453 4872; x_wconf 75' lang='grc' dir='ltr'>παρὸν</span> <span class='ocrx_word' id='word_1_738' title='bbox 2492 4803 2728 4872; x_wconf 87' lang='grc' dir='ltr'>γράμμα</span> <span class='ocrx_word' id='word_1_739' title='bbox 2777 4805 3262 4874; x_wconf 76' lang='grc' dir='ltr'>ὲπικομιζόμενος,</span> <span class='ocrx_word' id='word_1_740' title='bbox 3295 4804 3480 4867; x_wconf 79' lang='grc' dir='ltr'>καθὼς</span> <span class='ocrx_word' id='word_1_741' title='bbox 3522 4806 3676 4874; x_wconf 71' lang='grc' dir='ltr'>παρὰ</span> 
     </span>
    </p>
   </div>
   <div class='ocr_carea' id='block_1_105' title="bbox 2099 4895 3678 4966">
    <p class='ocr_par' dir='ltr' id='par_1_105' title="bbox 2099 4895 3678 4966">
     <span class='ocr_line' id='line_1_105' title="bbox 2099 4895 3678 4966; baseline -0.001 -18"><span class='ocrx_word' id='word_1_742' title='bbox 2099 4895 2202 4964; x_wconf 76' lang='grc' dir='ltr'>τῆς</span> <span class='ocrx_word' id='word_1_743' title='bbox 2231 4896 2393 4965; x_wconf 76' lang='grc' dir='ltr'>ἡμῶν</span> <span class='ocrx_word' id='word_1_744' title='bbox 2434 4895 2830 4963; x_wconf 82' lang='grc' dir='ltr'>ταπεινότητος</span> <span class='ocrx_word' id='word_1_745' title='bbox 2870 4895 3135 4966; x_wconf 81' lang='grc' dir='ltr'>ἐνηχήθη,</span> <span class='ocrx_word' id='word_1_746' title='bbox 3180 4897 3401 4958; x_wconf 83' lang='grc' dir='ltr'>πάντως</span> <span class='ocrx_word' id='word_1_747' title='bbox 3455 4895 3678 4965; x_wconf 76' lang='grc' dir='ltr'>ἀπαραο</span> 
     </span>
    </p>
   </div>
   <div class='ocr_carea' id='block_1_106' title="bbox 2099 4987 3678 5059">
    <p class='ocr_par' dir='ltr' id='par_1_106' title="bbox 2099 4987 3678 5059">
     <span class='ocr_line' id='line_1_106' title="bbox 2099 4987 3678 5059; baseline -0.002 -20"><span class='ocrx_word' id='word_1_748' title='bbox 2099 4988 2334 5050; x_wconf 86' lang='grc' dir='ltr'>λείπτω;</span> <span class='ocrx_word' id='word_1_749' title='bbox 2351 4987 2655 5056; x_wconf 73' lang='grc' dir='ltr'>ἀπαγγελεῖ</span> <span class='ocrx_word' id='word_1_750' title='bbox 2688 4989 2884 5049; x_wconf 82' lang='grc' dir='ltr'>πάντα,</span> <span class='ocrx_word' id='word_1_751' title='bbox 2904 4989 3021 5055; x_wconf 75' lang='grc' dir='ltr'>καὶ,</span> <span class='ocrx_word' id='word_1_752' title='bbox 3051 4988 3189 5042; x_wconf 76' lang='grc' dir='ltr'>Θεοῦ</span> <span class='ocrx_word' id='word_1_753' title='bbox 3212 4988 3560 5059; x_wconf 82' lang='grc' dir='ltr'>βουλομένου,</span> <span class='ocrx_word' id='word_1_754' title='bbox 3579 4988 3678 5054; x_wconf 74' lang='grc' dir='ltr'><strong>τὴν</strong></span> 
     </span>
    </p>
   </div>
   <div class='ocr_carea' id='block_1_107' title="bbox 2100 5077 3678 5146">
    <p class='ocr_par' dir='ltr' id='par_1_107' title="bbox 2100 5077 3678 5146">
     <span class='ocr_line' id='line_1_107' title="bbox 2100 5077 3678 5146; baseline -0.001 -16"><span class='ocrx_word' id='word_1_755' title='bbox 2100 5079 2360 5131; x_wconf 78' lang='grc' dir='ltr'>ἐπάνοδον</span> <span class='ocrx_word' id='word_1_756' title='bbox 2410 5077 2572 5131; x_wconf 73' lang='grc' dir='ltr'>αὐτοῦ</span> <span class='ocrx_word' id='word_1_757' title='bbox 2635 5077 2960 5140; x_wconf 74' lang='grc' dir='ltr'>ποιουμένου</span> <span class='ocrx_word' id='word_1_758' title='bbox 3019 5080 3157 5146; x_wconf 74' lang='grc' dir='ltr'>προς</span> <span class='ocrx_word' id='word_1_759' title='bbox 3193 5080 3260 5131; x_wconf 85' lang='grc' dir='ltr'><strong>τά</strong></span> <span class='ocrx_word' id='word_1_760' title='bbox 3291 5078 3548 5142; x_wconf 73' lang='grc' dir='ltr'>ἐνταῦθα,</span> <span class='ocrx_word' id='word_1_761' title='bbox 3577 5078 3678 5144; x_wconf 81' lang='grc' dir='ltr'><strong>τῆς</strong></span> 
     </span>
    </p>
   </div>
   <div class='ocr_carea' id='block_1_108' title="bbox 2100 5169 3676 5241">
    <p class='ocr_par' dir='ltr' id='par_1_108' title="bbox 2100 5169 3676 5241">
     <span class='ocr_line' id='line_1_108' title="bbox 2100 5169 3676 5241; baseline -0.002 -18"><span class='ocrx_word' id='word_1_762' title='bbox 2100 5171 2322 5239; x_wconf 83' lang='grc' dir='ltr'>ἀγάπης</span> <span class='ocrx_word' id='word_1_763' title='bbox 2353 5170 2749 5240; x_wconf 79' lang='grc' dir='ltr'>μεσιτευούσης</span> <span class='ocrx_word' id='word_1_764' title='bbox 2787 5171 2854 5240; x_wconf 83' lang='grc' dir='ltr'>ἣν</span> <span class='ocrx_word' id='word_1_765' title='bbox 2898 5172 3190 5224; x_wconf 76' lang='grc' dir='ltr'>κατέλιπεν</span> <span class='ocrx_word' id='word_1_766' title='bbox 3222 5173 3353 5241; x_wconf 82' lang='grc' dir='ltr'>ἡμῖν</span> <span class='ocrx_word' id='word_1_767' title='bbox 3379 5173 3406 5223; x_wconf 88' lang='grc' dir='ltr'>ὁ</span> <span class='ocrx_word' id='word_1_768' title='bbox 3438 5169 3676 5237; x_wconf 75' lang='grc' dir='ltr'>Χριστὸς</span> 
     </span>
    </p>
   </div>
   <div class='ocr_carea' id='block_1_109' title="bbox 2102 5263 3670 5334">
    <p class='ocr_par' dir='ltr' id='par_1_109' title="bbox 2102 5263 3670 5334">
     <span class='ocr_line' id='line_1_109' title="bbox 2102 5263 3670 5334; baseline -0.004 -16"><span class='ocrx_word' id='word_1_769' title='bbox 2102 5265 2194 5318; x_wconf 74' lang='grc' dir='ltr'><strong>καὶ</strong></span> <span class='ocrx_word' id='word_1_770' title='bbox 2242 5264 2374 5326; x_wconf 75' lang='grc' dir='ltr'>Θεὸς</span> <span class='ocrx_word' id='word_1_771' title='bbox 2429 5264 2586 5332; x_wconf 76' lang='grc' dir='ltr'>ἡμῶν</span> <span class='ocrx_word' id='word_1_772' title='bbox 2619 5264 2720 5330; x_wconf 85' lang='grc' dir='ltr'>τῆς</span> <span class='ocrx_word' id='word_1_773' title='bbox 2750 5263 3022 5334; x_wconf 82' lang='grc' dir='ltr'>ὑμετέρας</span> <span class='ocrx_word' id='word_1_774' title='bbox 3055 5263 3389 5333; x_wconf 82' lang='grc' dir='ltr'>ἁγιωσύνης,</span> <span class='ocrx_word' id='word_1_775' title='bbox 3434 5263 3670 5331; x_wconf 81' lang='grc' dir='ltr'>ἀναδραο</span> 
     </span>
    </p>
   </div>
   <div class='ocr_carea' id='block_1_110' title="bbox 2105 5350 3672 5425">
    <p class='ocr_par' dir='ltr' id='par_1_110' title="bbox 2105 5350 3672 5425">
     <span class='ocr_line' id='line_1_110' title="bbox 2105 5350 3672 5425; baseline -0.003 -18"><span class='ocrx_word' id='word_1_776' title='bbox 2105 5353 2332 5422; x_wconf 74' lang='grc' dir='ltr'>μοῦνται</span> <span class='ocrx_word' id='word_1_777' title='bbox 2387 5356 2483 5406; x_wconf 69' lang='grc' dir='ltr'><strong>σὺν</strong></span> <span class='ocrx_word' id='word_1_778' title='bbox 2537 5354 2686 5425; x_wconf 85' lang='grc' dir='ltr'>αύτῷ</span> <span class='ocrx_word' id='word_1_779' title='bbox 2737 5355 2787 5406; x_wconf 80' lang='grc' dir='ltr'><strong>οἱ</strong></span> <span class='ocrx_word' id='word_1_780' title='bbox 2846 5354 3156 5417; x_wconf 79' lang='grc' dir='ltr'>ἀπόστολοι,</span> <span class='ocrx_word' id='word_1_781' title='bbox 3214 5354 3303 5406; x_wconf 90' lang='grc' dir='ltr'><strong>ῖνα</strong></span> <span class='ocrx_word' id='word_1_782' title='bbox 3361 5352 3529 5423; x_wconf 80' lang='grc' dir='ltr'>μηδὲν</span> <span class='ocrx_word' id='word_1_783' title='bbox 3590 5350 3672 5403; x_wconf 76' lang='grc' dir='ltr'>ἔτι</span> 
     </span>
    </p>
   </div>
   <div class='ocr_carea' id='block_1_111' title="bbox 2101 5443 3670 5518">
    <p class='ocr_par' dir='ltr' id='par_1_111' title="bbox 2101 5443 3670 5518">
     <span class='ocr_line' id='line_1_111' title="bbox 2101 5443 3670 5518; baseline -0.001 -21"><span class='ocrx_word' id='word_1_784' title='bbox 2101 5447 2400 5516; x_wconf 83' lang='grc' dir='ltr'>παραλυπῇ</span> <span class='ocrx_word' id='word_1_785' title='bbox 2429 5447 2523 5516; x_wconf 77' lang='grc' dir='ltr'><strong>τὴν</strong></span> <span class='ocrx_word' id='word_1_786' title='bbox 2563 5446 2888 5513; x_wconf 77' lang='grc' dir='ltr'>Ἐκκλησίαν</span> <span class='ocrx_word' id='word_1_787' title='bbox 2924 5447 3253 5518; x_wconf 80' lang='grc' dir='ltr'>ἀδιόρθωτον</span> <span class='ocrx_word' id='word_1_788' title='bbox 3295 5444 3356 5498; x_wconf 82' lang='grc' dir='ltr'><strong>ὃν</strong></span> <span class='ocrx_word' id='word_1_789' title='bbox 3401 5444 3510 5498; x_wconf 85' lang='grc' dir='ltr'><strong>τῶν</strong></span> <span class='ocrx_word' id='word_1_790' title='bbox 3551 5443 3670 5496; x_wconf 69' lang='lat' dir='ltr'><strong>6co-</strong></span> 
     </span>
    </p>
   </div>
   <div class='ocr_carea' id='block_1_112' title="bbox 2103 5535 3669 5609">
    <p class='ocr_par' dir='ltr' id='par_1_112' title="bbox 2103 5535 3669 5609">
     <span class='ocr_line' id='line_1_112' title="bbox 2103 5535 3669 5609; baseline 0.004 -20"><span class='ocrx_word' id='word_1_791' title='bbox 2103 5539 2282 5609; x_wconf 79' lang='grc' dir='ltr'>μένων</span> <span class='ocrx_word' id='word_1_792' title='bbox 2312 5538 2760 5609; x_wconf 79' lang='grc' dir='ltr'>ἐπανορθώσεως.</span> <span class='ocrx_word' id='word_1_793' title='bbox 2794 5539 2854 5590; x_wconf 83' lang='grc' dir='ltr'><strong>Εἰ</strong></span> <span class='ocrx_word' id='word_1_794' title='bbox 2890 5541 2997 5609; x_wconf 77' lang='grc' dir='ltr'>γὰρ</span> <span class='ocrx_word' id='word_1_795' title='bbox 3019 5541 3111 5592; x_wconf 70' lang='grc' dir='ltr'><strong>καὶ</strong></span> <span class='ocrx_word' id='word_1_796' title='bbox 3152 5538 3227 5608; x_wconf 82' lang='grc' dir='ltr'>μὴ</span> <span class='ocrx_word' id='word_1_797' title='bbox 3251 5538 3312 5591; x_wconf 78' lang='grc' dir='ltr'>τὺ</span> <span class='ocrx_word' id='word_1_798' title='bbox 3338 5539 3481 5599; x_wconf 85' lang='grc' dir='ltr'>ὅλον,</span> <span class='ocrx_word' id='word_1_799' title='bbox 3509 5535 3669 5596; x_wconf 66' lang='grc' dir='ltr'>ἀλλὰ.</span> 
     </span>
    </p>
   </div>
   <div class='ocr_carea' id='block_1_113' title="bbox 2102 5628 3671 5699">
    <p class='ocr_par' dir='ltr' id='par_1_113' title="bbox 2102 5628 3671 5699">
     <span class='ocr_line' id='line_1_113' title="bbox 2102 5628 3671 5699; baseline -0.002 -17"><span class='ocrx_word' id='word_1_800' title='bbox 2102 5630 2284 5698; x_wconf 80' lang='grc' dir='ltr'>χάριτι</span> <span class='ocrx_word' id='word_1_801' title='bbox 2308 5629 2399 5682; x_wconf 75' lang='grc' dir='ltr'><strong>τοῦ</strong></span> <span class='ocrx_word' id='word_1_802' title='bbox 2425 5632 2522 5699; x_wconf 77' lang='grc' dir='ltr'><strong>τὴν</strong></span> <span class='ocrx_word' id='word_1_803' title='bbox 2546 5629 2763 5683; x_wconf 83' lang='grc' dir='ltr'>αἰώνιον</span> <span class='ocrx_word' id='word_1_804' title='bbox 2787 5629 2894 5682; x_wconf 85' lang='grc' dir='ltr'><strong>τῶν</strong></span> <span class='ocrx_word' id='word_1_805' title='bbox 2921 5630 3228 5698; x_wconf 78' lang='grc' dir='ltr'>ἀνθρώπων</span> <span class='ocrx_word' id='word_1_806' title='bbox 3260 5630 3546 5684; x_wconf 83' lang='grc' dir='ltr'>διάστασιν</span> <span class='ocrx_word' id='word_1_807' title='bbox 3591 5628 3671 5686; x_wconf 63' lang='grc' dir='ltr'>εἰς</span> 
     </span>
    </p>
   </div>
   <div class='ocr_carea' id='block_1_114' title="bbox 2105 5719 3674 5793">
    <p class='ocr_par' dir='ltr' id='par_1_114' title="bbox 2105 5719 3674 5793">
     <span class='ocr_line' id='line_1_114' title="bbox 2105 5719 3674 5793; baseline -0.002 -20"><span class='ocrx_word' id='word_1_808' title='bbox 2105 5721 2298 5774; x_wconf 74' lang='grc' dir='ltr'>ἕνωσιν</span> <span class='ocrx_word' id='word_1_809' title='bbox 2363 5721 2894 5790; x_wconf 70' lang='grc' dir='ltr'>μετασκευάταντος,</span> <span class='ocrx_word' id='word_1_810' title='bbox 2937 5723 2966 5792; x_wconf 83' lang='grc' dir='ltr'><strong>ἡ</strong></span> <span class='ocrx_word' id='word_1_811' title='bbox 3004 5722 3123 5775; x_wconf 82' lang='grc' dir='ltr'>καθ’</span> <span class='ocrx_word' id='word_1_812' title='bbox 3171 5723 3318 5793; x_wconf 74' lang='grc' dir='ltr'>ἡμᾶς</span> <span class='ocrx_word' id='word_1_813' title='bbox 3369 5719 3674 5789; x_wconf 67' lang='grc' dir='ltr'>ἀπείληφεν</span> 
     </span>
    </p>
   </div>
  </div>
