4038 6204
312 317 416 384 281

1781 339 2197 406 EPISTOLAS.

3482 355 3592 424 £82

323 432 626 502 Ἐκκλησία
657 434 758 507 τὴν
795 437 1018 492 ἕνωσιν·
1061 441 1152 494 καὶ
1181 441 1300 496 δέον
1331 444 1482 498 ἐστὶν
1514 447 1571 500 εί
1606 463 1659 500 τι
1692 449 1788 502 καὶ
1814 450 1896 505 ἔτι

2017 455 2240 510 ’,θείεοῐα
2295 455 2590 513 concordia
2649 459 2982 516 inveniatur.
3024 458 3171 517 Nihil
3233 465 3464 535 amplius
3501 469 3591 522 di-

313 526 372 592 ἐξ
405 527 672 598 ἐπηρείας
700 529 797 582 τοῦ
841 532 930 584 ἀεὶ
963 533 1352 599 στασιάζοντος
1396 538 1655 608 δαίμονος
1699 542 1895 596 ὑπολέ-

314 623 555 686 λειπται,
585 623 682 676 καὶ
725 623 886 678 τοῦτο
940 628 1190 683 ἐκποδὼν
1240 633 1515 698 γενέσθαι,
1559 637 1655 688 καὶ
1683 638 1898 694 τελείαν

314 715 409 767 καὶ
442 715 872 788 ἀπηρτισμένην
917 719 976 771 ἐν
1021 722 1087 791 τῇ
1141 722 1236 777 τοῦ
1293 723 1431 778 Θεοῦ
1468 726 1770 801 Ἐκκλησία
1800 731 1904 802 τὴν

314 810 572 876 ὁμόνοιαν
628 808 975 881 διαπρέπειν.
1021 813 1292 868 Πλειόνων
1341 816 1516 886 λόγων
1567 821 1669 874 οὐκ
1724 823 1898 888 ἐστιν,

313 895 492 971 οἶμαι,
518 903 697 971 χρεία.
737 903 838 956 Διά
870 904 1028 957 τοῦτο
1053 905 1162 959 οὐδ’
1199 908 1519 980 ἐκτείνομεν
1544 913 1646 984 τὴν
1676 916 1899 970 ἐπιστο-

313 995 438 1065 λήν.
482 995 723 1066 Οἴδαμεν
783 996 897 1068 γάρ
947 999 1358 1068 ἀναμφιϐόλως,
1399 1002 1476 1068 ὡς
1514 1007 1545 1076 ἡ
1582 1008 1898 1080 τελειοτάτη

313 1087 452 1139 Θεοῦ
480 1087 665 1157 χάριτι
692 1087 912 1152 σύνεσις
951 1089 1109 1158 ὑμῶν
1135 1090 1230 1144 καὶ
1269 1092 1440 1163 χωρὶς
1466 1095 1576 1147 τῶν
1609 1097 1898 1169 ἡμετέρων

314 1181 667 1248 γραμμάτων
697 1181 880 1234 πάντα
905 1181 1244 1250 διερευνῶσα
1287 1185 1384 1237 καί⁵
1415 1184 1773 1252 ἐξετάζουσα,
1805 1189 1902 1241 οὐ-

313 1273 404 1325 ὁὲν
441 1273 667 1327 ἔλαττον
695 1276 855 1346 ἡμῶν
885 1277 1244 1343 ἐξεπίσταται
1290 1281 1358 1332 τὰ
1389 1281 1740 1350 συμπεσόντα
1767 1283 1902 1354 ἡμῖν

313 1366 408 1417 καὶ
451 1369 515 1437 τῇ
560 1367 656 1421 τοῦ
707 1369 844 1422 Θεοῦ
884 1371 1186 1444 Ἐκκλησία
1240 1375 1301 1436 ἐξ
1347 1369 1407 1428 οὗ
1458 1376 1678 1446 χρόνου,
1712 1379 1759 1429 εἰ
1807 1379 1903 1432 καὶ

311 1459 526 1528 ἀχρεῖοι
563 1462 660 1514 καὶ
690 1462 925 1528 ἀνάξιοι,
957 1467 1038 1529 εἰς
1064 1466 1164 1535 τὴν
1201 1466 1601 1538 ἀρχιερατικὴν
1632 1469 1902 1537 κατέστη-

1999 549 2233 601 ccndum
2269 565 2492 608 censeo.
2561 551 2683 607 Ideo
2717 556 2858 609 hanc
2887 556 3175 624 epistolam
3213 557 3426 612 brevem
3459 558 3592 613 feci-

2001 657 2143 694 mus.
2181 639 2359 698 Probe
2396 645 2542 699 enim
2592 648 2798 701 scimus
2845 647 3312 718 perfectissimam
3343 665 3463 704 esse
3497 652 3590 710 Dei

2000 737 2195 804 gratia,
2231 746 2377 789 tuam
2424 745 2685 800 mentem,
2736 749 2791 792 ct
2851 741 3058 809 abSque
3117 742 3320 796 nostris
3368 742 3593 798 litteris.

2000 827 2185 881 omnia
2224 839 2561 883 scrutantem
2611 840 2663 884 et
2715 815 3122 886 examinantem
3169 842 3221 886 te
3268 850 3373 886 non
3412 836 3596 889 minus

2001 934 2165 986 quam
2195 903 2572 990 nosmetipsos
2600 936 2662 976 ea
2705 937 2934 977 noscere
2966 939 3087 992 qua:
3114 924 3271 978 nobis
3305 923 3596 980 Ecclesia:-

2000 1023 2108 1077 que
2139 1007 2232 1064 Dei
2267 1010 2577 1064 acciderent
2611 1027 2676 1066 ex
2709 1028 2845 1081 quo,
2881 1013 3136 1082 quamvis
3174 1015 3395 1071 inutiles
3428 1025 3477 1070 ct
3508 1018 3598 1070 in-

2001 1101 2150 1171 digni
2207 1102 2261 1156 in
2292 1103 2803 1174 archiepiscopatus
2853 1109 3055 1164 solium
3099 1109 3489 1174 ascendimus,
3545 1119 3600 1162 ct

2003 1206 2177 1261 usque
2217 1191 2286 1246 ad
2317 1205 2647 1263 praesentem
2695 1197 2836 1252 diem
2879 1199 2943 1253 ad
2971 1214 3156 1268 quam,
3198 1199 3366 1254 nescii
3400 1199 3600 1268 quibus

2004 1285 2100 1339 Dei
2136 1285 2387 1354 jndiciis,
2423 1287 2708 1342 doloribus
2739 1288 2992 1344 afﬂictam
3032 1291 3197 1344 vitam
3231 1299 3471 1345 nostram
3503 1305 3601 1343 cx-

2013 1374 2462 1431 tendimus.|3ene
2490 1379 2761 1434 valentem
2798 1389 2848 1433 te
2875 1389 3056 1434 servet
3089 1380 3351 1434 Dominus
3379 1389 3594 1444 noster,

2011 1483 2046 1522 ο
2080 1467 2252 1523 frater
2279 1469 2617 1526 beatissime.

314 1568 418 1620 μεν
439 1553 616 1616 τάξιν,
653 1555 747 1607 καὶ
781 1555 943 1624 μέχρι
975 1557 1076 1625 τῆς
1117 1558 1401 1628 παρούσης
1449 1561 1684 1632 ἡμέρας,
1714 1561 1793 1624 εἰς
1827 1562 1894 1632 ἢν
1926 1560 2029 1614 οὐκ
2058 1557 2174 1614 οἶδα
2224 1563 2404 1626 ποίοις
2488 1565 2722 1633 κρίμασι
2783 1565 2879 1619 τοῦ
2915 1564 3074 1629 Θεοῦ,
3123 1565 3273 1635 ὅμως
3327 1563 3373 1616 δ’
3415 1559 3509 1618 οὖν
3557 1565 3593 1634 ἠ

313 1643 594 1706 ἐπώδυνος
663 1646 819 1716 ἡμῶν
873 1647 1126 1733 ,ἐξέτεινε
1186 1651 1321 1722 ζωή.
1405 1652 1752 1726 Ἐῤῥωμένον
1818 1669 1876 1706 σε
1937 1653 2286 1724 διαφυλάττοι
2364 1659 2392 1709 ὁ
2447 1657 2651 1728 Κύριος
2707 1658 2904 1728 ἡμῶν,
2975 1659 3360 1730 μακαριώτατε
3438 1653 3604 1727 ἡμῶν

314 1740 534 1810 aegret.

780 1889 906 1943 OH'.
942 1888 1072 1953 Τοῖς
1083 1889 1438 1959 μονάζουσι.

387 2001 498 2054 Καὶ
537 2003 600 2054 ἐκ
655 2003 752 2056 τοῦ
813 2004 1149 2076 γράμματος
1192 2009 1288 2062 καὶ
1341 2010 1405 2062 ἐκ
1445 2009 1540 2063 τοῦ
1585 2011 1907 2080 κομίζοντος

311 2089 711 2166 αύτδ’μοναχοῦ
742 2095 811 2152 τὰ
865 2100 994 2170 περὶ
1035 2102 1214 2171 ὑμῶν,
1260 2103 1400 2156 ὅσιοι
1441 2103 1535 2158 τοῦ
1564 2105 1699 2158 θεοῦ
1735 2107 1906 2177 θερά·

311 2204 542 2250 παντες.
578 2190 1071 2260 ἀναμεμαθηκότες
1127 2193 1228 2263 τὴν
1261 2193 1622 2266 ὀφειλομένην
1666 2198 1907 2268 ἀνεπέμ-

311 2282 502 2351 ψαμεν
525 2282 882 2354 εὐχαριστίαν
913 2284 994 2355 τῷ
1033 2285 1387 2356 ἐκλεξαμένῳ
1410 2289 1556 2358 ὑμᾶς
1590 2291 1653 2343 ἐκ
1683 2291 1782 2360 τῆς
1812 2292 1908 2346 τοῦ

315 2371 436 2440 βίου
496 2373 889 2445 ματαιότητος.
937 2378 1034 2431 καὶ
1073 2377 1462 2450 δυναμὼσαντι
1511 2381 1659 2452 ζωὴν
1689 2384 1908 2438 ἑλέσθαι

314 2464 421 2535 τὴν
480 2465 593 2518 τῶν
645 2467 916 2536 ἀγγέλων,
950 2469 1018 2524 δι’
1043 2466 1112 2542 ἦς
1161 2474 1384 2543 καὶτῆς
1416 2475 1628 2528 ἐκείνου
1669 2478 1910 2548 ἀξιωθή-

321 2557 489 2610 σεσθε
539 2560 1060 2630 συμπαραστάσεως
1109 2564 1208 2617 καὶ
1237 2562 1418 2635 δόξης,
1441 2567 1528 2618 ὅτε
1567 2567 1636 2620 τὰ
1667 2568 1911 2640 παρόντα

313 2651 416 2706 καὶ
437 2653 567 2716 τοὺς
597 2654 998 2724 ἀπατωμένους
1036 2656 1382 2728 ἐφελκόμενα
1419 2658 1521 2728 τὴν
1548 2659 1703 2713 λύσιν
1746 2659 1905 2732 λάϐῃ,

316 2745 415 2799 καὶ
445 2745 739 2816 φανερωθῇ
768 2746 876 2801 τῶν
905 2747 1076 2816 ἁγίων
1121 2749 1154 2819 ὴ
1208 2752 1456 2820 μακαρία
1481 2751 1752 2823 διαγωγή.
1781 2755 1910 2806 "Ov-

310 2853 425 2900 τως
456 2838 724 2907 μακάριοί
751 2839 900 2903 ἐστε,
929 2839 1024 2891 καὶ
1064 2837 1121 2891 εί
1147 2857 1230 2902 τις
1260 2840 1420 2904 ἄλλος
1459 2841 1581 2896 καθ’
1623 2843 1769 2910 ὑμᾶς
1801 2861 1912 2898 τοι·

310 2931 474 2985 οὖτον
495 2932 765 2998 ἐκτήσατο
799 2929 1078 3000 φρόνημα,
1101 2931 1198 2984 καὶ
1234 2932 1501 2986 κατέλιπε
1549 2932 1647 3006 τὴν
1677 2934 1912 2988 ἄστατον

311 3024 525 3092 ταύτην
561 3021 658 3075 τοῦ
705 3020 824 3091 βίου
879 3023 1212 3094 περιφορὰν,
1271 3022 1367 3077 καὶ⁵
1410 3025 1579 3094 μόνην
1627 3023 1724 3095 τὴν
1773 3025 1911 3096 πρὸς

312 3116 449 3168 Θεὲν
471 3113 760 3185 ἐζήτησεν,
794 3115 917 3168 ὅσον
948 3112 1220 3184 ἀνθρώπῳ
1244 3113 1489 3180 δυνατὸν,
1509 3117 1570 3168 ἐκ
1588 3116 1685 3186 τῆς
1709 3117 1912 3187 σαρκὸς

1929 1857 1978 1913 Β

2501 1890 2784 1946 LXXVIII.
2832 1891 3134 1949 Monac/tis.

2082 2006 2159 2062 Es
2187 2006 2386 2062 litteris
2411 2007 2516 2062 tuis
2544 2017 2596 2062 et
2623 2023 2690 2062 ex
2717 2009 2991 2063 monacho
3034 2008 3128 2078 qui
3152 2023 3247 2064 cas
3274 2009 3434 2064 nobis
3463 2018 3604 2063 attu-

2010 2100 2072 2154 lit
2101 2115 2226 2153 cum
2255 2115 2318 2154 ea
2345 2115 2468 2169 quae
2499 2101 2564 2153 ad
2619 2116 2715 2155 vos
2746 2110 3011 2170 spectant
3044 2102 3362 2167 didicimus,
3410 2103 3602 2158 fideles

2012 2190 2106 2246 Dei
2146 2190 2367 2258 famuli,
2427 2193 2636 2248 debitas
2692 2193 2770 2247 illi
2823 2194 3066 2249 diximus
3109 2195 3312 2264 gratias
3367 2195 3460 2263 qui
3501 2208 3602 2249 vos

2009 2301 2074 2339 ex
2115 2285 2237 2340 vitae
2267 2286 2506 2340 vanitate
2535 2285 2861 2356 segregavit,
2898 2286 3166 2356 vobisque
3196 2285 3405 2340 addidit
3430 2286 3600 2356 hujus

2013 2379 2159 2433 vites
2193 2378 2397 2447 quibus
2440 2378 2758 2448 angelorum
2785 2376 2947 2432 vitam
2977 2378 3180 2446 eligere
3212 2378 3437 2447 possitis
3461 2419 3475 2442 ,
3504 2393 3603 2432 cu-

2006 2471 2099 2538 jus
2149 2471 2420 2527 beneflcio
2458 2473 2605 2527 illius
2636 2475 2934 2543 consp‘ectu
2977 2483 3032 2527 et
3082 2472 3252 2543 gloria
3283 2472 3430 2543 digni
3470 2486 3600 2526 eva-

2012 2565 2123 2616 suri
2161 2563 2294 2617 estis
2322 2564 2542 2632 quando
2574 2580 2684 2633 pra:
2711 2565 2886 2620 sentia
2932 2573 3290 2633 errantesque
3327 2563 3605 2634 decipiena

2012 2653 2084 2708 tia
2138 2653 2531 2716 dissolventur,
2578 2661 2633 2708 et
2690 2653 2849 2708 beata
2889 2662 3206 2708 sanctorum
3246 2651 3599 2707 conversatio

2011 2745 2478 2824 manifestabitur.
2519 2745 2655 2800 Vere
2687 2744 2830 2799 beati
2860 2745 3016 2810 estis,
3049 2752 3103 2800 et
3148 2744 3464 2814 quicunque
3506 2758 3604 2798 ea-

2011 2837 2155 2902 dem,
2185 2852 2292 2907 qua
2327 2851 2450 2903 vos,
2493 2837 2764 2908 sapientia
2802 2837 3010 2908 potitus
3037 2845 3124 2893 est
3176 2836 3603 2908 instabilemque

2015 2929 2176 2999 hujus
2225 2929 2352 2984 vitae
2400 2943 2621 2984 arenam
2658 2928 2898 2999 reliquit,
2948 2941 3002 2984 et
3059 2929 3240 2984 solum
3289 2928 3486 2992 Deum,
3545 2931 3599 2982 in

2012 3034 2276 3096 quantum
2312 3025 2428 3080 fieri
2460 3033 2656 3095 potest,
2683 3034 2882 3082 etcum
2919 3026 3012 3080 illo
3037 3027 3294 3081 unionem
3323 3024 3600 3094 qumsivit,

2013 3119 2115 3173 etsi
2163 3119 2334 3173 densa
2394 3118 2642 3186 corporis
2696 3119 2872 3172 nubes
2921 3118 3234 3172 desiderato
3288 3116 3398 3170 Deo
3451 3117 3598 3170 uniri

312 3207 616 3279 ἐκδημίαν,
669 3208 764 3259 καὶ
821 3207 924 3276 τὴν
971 3206 1110 3276 πρὸς
1170 3206 1334 3262 αὐτὸν
1381 3206 1598 3271 ἕνωσιν,
1638 3207 1687 3260 εξ
1721 3209 1818 3260 καὶ
1849 3206 1909 3260 τὸ

2017 3226 2125 3264 non
2155 3211 2320 3265 sinat.
2358 3209 2421 3264 Et
2449 3209 2553 3264 hoc
2580 3209 2800 3279 quidem
2827 3209 2892 3262 ad
2927 3225 3026 3264 vos
3058 3212 3254 3264 attinet
3286 3227 3299 3262 :
3341 3225 3441 3265 nos
3469 3227 3600 3263 vero

315 3302 466 3370 παχὺ
500 3299 659 3352 τοῦτο
698 3299 861 3369 νέφος
899 3297 996 3350 τοῦ
1044 3298 1302 3368 σώματος
1328 3299 1390 3351 οὖ
1431 3301 1711 3370 συγχωρεῖ
1744 3299 1912 3352 καθα-

317 3395 432 3468 ρῶς
462 3393 734 3464 ἐνωθῆναι
760 3392 839 3462 τῷ
863 3392 1205 3464 ποθουμένῳ.
1244 3391 1407 3445 Ἀ).λά
1431 3391 1490 3446 τὸ
1525 3392 1624 3461 μὲν
1649 3391 1914 3463 ὑμέτερον

314 3485 602 3538 τοιοῦτον·
665 3485 826 3554 ἡμεῖς
867 3484 924 3538 δὲ
982 3484 1106 3537 ἀντὶ
1157 3483 1358 3546 παντὸς
1388 3482 1564 3554 δώρου
1601 3486 1702 3547 τὰς
1756 3483 1912 3546 ὁσίας

315 3578 476 3649 ὑμῶν
535 3577 704 3649 εὐχὰς
746 3576 1132 3648 ἐξαιτούμεθα,
1189 3575 1257 3639 ἃς
1303 3577 1397 3629 καὶ
1452 3577 1580 3646 ὑμῖν
1632 3576 1910 3648 εὐπρεπὲς

314 3673 606 3743 παρέχειν,
659 3671 756 3724 καὶ
807 3672 941 3739 ἡμῖν
974 3671 1274 3738 ἀναγκαῖον
1315 3669 1638 3739 λαμϐάνειν.
1691 3670 1757 3722 Τί
1800 3669 1908 3738 γάρ

315 3763 512 3816 τούτου
541 3762 716 3830 δῶρον
757 3761 1116 3830 τερπνότερον
1149 3759 1627 3830 ἢὼφελιμώτερον
1650 3778 1664 3824 ;
1687 3760 1903 3822 Ταύτας

315 3853 417 3910 οὖν
479 3854 557 3926 μὴ
608 3854 828 3924 λήγοιτε
882 3853 1147 3916 διδόντες·
1210 3854 1306 3906 καὶ
1362 3853 1723 3921 φυλάττοισοε
1781 3855 1913 3924 ἠμί)

314 3948 630 4019 ἐρῤωμένοι
685 3949 744 4000 ἐν
801 3944 990 4015 Κυρίῳ
1040 3943 1384 4014 εὖοδούμενοι
1421 3943 1521 4016 τὴν
1560 3944 1783 4014 ἀρετὴν,
1820 3944 1916 3998 καὶ

2017 3317 2113 3371 pro
2147 3303 2296 3356 omni
2355 3302 2501 3356 dono
2536 3302 2656 3372 pias
2706 3310 2919 3357 vestras
2976 3302 3335 3371 cfﬂagitamus
3390 3317 3600 3370 preces,

2012 3397 2158 3462 quod
2191 3405 2245 3450 et
2311 3405 2575 3466 praestare
2605 3411 2702 3450 vos
2727 3395 2904 3458 decet,
2938 3404 2992 3450 et
3029 3409 3256 3450 necesse
3290 3402 3374 3448 est
3415 3402 3473 3447 ut
3502 3409 3604 3449 nos

2010 3490 2374 3559 accipiamus.
2423 3488 2578 3555 Quod
2628 3489 2772 3544 enim
2829 3489 3033 3544 donum
3095 3503 3215 3544 esse
3249 3548 3254 3554 _
3285 3495 3465 3558 potest
3510 3487 3603 3541 illo

2016 3582 2228 3650 gratius
2265 3591 2356 3635 aut
2390 3580 2612 3634 utilius?
2645 3580 2752 3634 llas
2781 3579 2950 3649 igitur
2973 3595 3160 3649 preces
3187 3579 3386 3635 offerre
3414 3595 3480 3632 ne
3505 3579 3606 3634 de«

2009 3671 2225 3725 sinatis.
2258 3671 2426 3726 Nobis
2475 3671 2527 3724 in
2566 3670 2799 3725 Domino
2838 3671 2975 3725 bene
3020 3671 3216 3734 valete,
3271 3683 3594 3740 prosperum

2020 3761 2245 3816 virtutis
2298 3763 2400 3815 itcr
2443 3763 2731 3827 habentes,
2785 3761 2944 3829 eique
3000 3763 3260 3815 cootinuo
3316 3761 3603 3814 addentes.

2022 3855 2218 3918 donec,
2250 3853 2438 3908 sclutis
2471 3853 2784 3907 carnalibus
2817 3853 3070 3918 vinculis,
3106 3851 3173 3905 ad
3205 3851 3480 3906 caelestem
3514 3865 3604 3919 pa-

2027 3946 2270 4000 radisum
2300 3947 2630 4000 ascundatis.

312 4047 409 4100 ἀεὶ
459 4041 846 4114 προστιθέντες
913 4041 1050 4110 αὐτῇ
1081 4080 1094 4105 ,
1142 4041 1335 4111 μέχρις
1389 4041 1478 4108 ἂν,
1524 4039 1634 4092 τῶν
1685 4039 1967 4110 σαρκικῶν
2006 4040 2294 4094 λυθέντων
2341 4041 2601 4109 δεσμῶν,
2655 4039 2934 4107 ἁναπτῆτε
3004 4038 3138 4108 πρὸς
3196 4037 3294 4108 τὴν
3355 4034 3612 4108 οὐράνιον

310 4140 495 4210 λῆξιν.

895 4251 1030 4306 ΟΘ’.·
1059 4249 1356 4318 Ἀὃήλοις.

395 4365 557 4428 Ἴσως
600 4366 694 4417 καὶ
748 4364 856 4435 πρὸ
911 4359 1356 4433 τῶν“ήμετέρων
1396 4363 1744 4434 γραμμάτων
1789 4363 1918 4430 ὑμῖν

315 4463 432 4523 τοῖς
463 4460 861 4527 πνευματικοῖς
902 4456 1062 4526 ἡμῶν
1109 4455 1323 4519 τέκνοις
1371 4458 1405 4526 ἡ
1439 4457 1598 4526 φήμη
1632 4456 1916 4525 διεκόμισε

2545 4244 2784 4300 LXXIX.
2815 4243 3068 4298 Incertis.

2096 4365 2345 4419 Forsitan
2384 4371 2439 4416 et
2471 4370 2599 4415 ante
2634 4371 2852 4415 nostras
2888 4358 3104 4411 litteras
3158 4354 3318 4410 vobis
3351 4354 3614 4424 spiritum.

2023 4458 2166 4513 libus
2199 4459 2324 4513 tiliis
2360 4457 2504 4510 fama
2551 4455 2738 4509 attulit
2767 4468 2892 4522 quae
2923 4451 2988 4506 de
3026 4449 3290 4515 Ecclesia;
3317 4448 3617 4518 adjuvanto

315 4557 387 4608 τα
418 4553 680 4624 περὶτῆς
723 4551 1054 4620 Ἐκκλησίας
1087 4551 1194 4604 ὑπὸ
1242 4551 1344 4620 τῆς
1381 4549 1580 4612 θεῖκῶς
1624 4549 1909 4618 εὐμενείας

2021 4549 2112 4603 Dei
2180 4547 2545 4620 providentia,
2596 4554 2717 4599 acta
2769 4545 2900 4598 sint.
2963 4541 3087 4597 Haec
3149 4549 3328 4594 tamen
3385 4541 3617 4610 epistola

318 4646 644 4719 διῳκημένα
668 4661 682 4675 ⁸
709 4645 849 4716 πλὴν
900 4646 997 4697 καὶ
1046 4645 1108 4696 τὸ
1137 4643 1374 4714 γράμμα
1409 4643 1584 4697 ταῦτα
1630 4642 1917 4712 εὐαγγελί-

325 4745 502 4804 ζεται,
559 4741 646 4794 ὅτι
714 4739 814 4807 τῆς
865 4737 1016 4801 θείας
1067 4737 1408 4806 ἀγαθότητος
1431 4738 1530 4798 τὰς
1560 4737 1919 4807 ἡμῶνπαρα·

325 4833 672 4904 ελεψαμένης
703 4832 980 4902 ἁμαρτίας
1011 4831 1046 4900 ἡ
1089 4828 1386 4899 Ἐκκλησία
1416 4830 1517 4899 τὴν
1545 4828 1748 4899 πολλὴν
1777 4828 1920 4881 ἐκεί-

318 4947 420 5001 νην
448 4927 696 4982 διέλαθεν
724 4927 1015 4997 ἐπήρειαν,
1047 4926 1141 4978 καὶ
1168 4923 1306 4986 τέως
1351 4923 1401 4975 οἱ
1439 4922 1646 4991 ταύτης
1681 4923 1918 4991 ἐπηρεα-

319 5021 445 5075 σταὶ
475 5022 578 5089 τῆς
617 5019 801 5089 βιαίας
843 5018 1027 5089 ἰσχύος
1062 5017 1400 5088 ἀφῄρηνται,
1448 5015 1541 5068 καὶ
1586 5016 1685 5082 τῆς
1715 5029 1917 5082 τυραν-

315 5115 474 5185 νικῆς
502 5114 828 5176 ἐπιθέσεως,
852 5111 1010 5182 ἡμῶν
1043 5109 1432 5164 ἀπολαϐόντων
1462 5109 1581 5174 Θείᾳ
1609 5108 1792 5178 χάριτι
1820 5107 1918 5174 τὴν

317 5209 455 5262 ἰδίαν
477 5207 658 5270 τάξιν.
692 5206 760 5275 ἢν
796 5205 1148 5274 ὑπήρχομεν,
1187 5204 1236 5255 εί
1275 5203 1366 5254 καὶ
1392 5203 1600 5272 ἀχρεῖοι
1635 5199 1915 5268 λαχόντες,

317 5301 416 5355 καὶ
447 5297 518 5373 ἦς
550 5302 584 5372 ἡ
621 5298 798 5370 βίαιος
825 5297 1079 5367 ἀπήλασε
1111 5296 1231 5366 χείρ
1259 5311 1271 5323 ·
1327 5294 1462 5348 ἀλλά
1507 5293 1569 5346 τὸ
1599 5292 1698 5362 μὲν
1725 5291 1918 5362 ἡμέτε-

319 5411 411 5463 ρον
433 5392 612 5455 οὕτως
642 5388 861 5460 εὐδοκία
887 5386 1029 5442 Θεοῦ
1075 5385 1408 5440 τετέλεσται.
1445 5383 1634 5454 Ὑμεῖς
1659 5383 1738 5448 δὲ,
1776 5383 1916 5451 ἀγα-

318 5489 485 5558 πητοὶ
541 5488 638 5540 καὶ
692 5486 804 5539 τῶν
838 5483 1000 5538 Θείων
1047 5481 1369 5536 ἀποστόλων
1407 5479 1770 5548 συγκοινωνοὶ
1807 5476 1916 5531 τῶν

316 5581 591 5651 καμάτων
637 5581 734 5633 καὶ
776 5579 864 5632 διὰ
895 5576 1058 5631 τοῦτο
1094 5576 1189 5630 καὶ
1223 5573 1484 5637 ἀνέσεως,
1517 5574 1566 5626 oi
1613 5571 1917 5643 δραμόντες

317 5671 408 5724 τὸν
450 5671 727 5740 μακάριον
759 5671 986 5742 δρόμον,
1025 5663 1100 5723 ὧν
1138 5669 1189 5721 οἱ
1231 5666 1390 5729 πόδες
1421 5665 1613 5735 ὡραῖοι
1644 5663 1718 5726 ὡς
1755 5662 1917 5729 εὐαγ-

321 5764 694 5832 γελιζομένων
745 5765 993 5835 εἰρήνην,
1047 5762 1109 5814 τὺ
1172 5759 1371 5814 οἰκεῖον
1421 5758 1586 5827 ἔργον
1631 5755 1710 5808 ἔτι
1747 5771 1915 5807 σπουο

325 5851 596 5928 ὴιὸτεροκι
632 5855 947 5927 διανύσατε,
998 5854 1315 5916 ἐλαύνοντες
1360 5852 1419 5905 τὸ
1450 5851 1637 5912 σκότος
1663 5850 1759 5918 τῆς
1787 5848 1914 5901 Euc-

2025 4641 2179 4696 vobis
2237 4639 2534 4695 annuntiat
2602 4635 2924 4700 Ecclesiam,
3000 4633 3312 4690 remittente
3377 4632 3620 4686 bonitate

2021 4735 2204 4789 divina
2237 4741 2455 4788 nostras
2504 4731 2716 4801 culpas,
2744 4745 2808 4783 ex
2844 4727 2929 4782 bis
2976 4728 3166 4782 multis
3214 4726 3434 4795 injuriis
3463 4725 3622 4780 elin-

2024 4828 2194 4896 gisse,
2250 4835 2414 4894 atque
2469 4825 2676 4878 interea
2730 4823 2854 4877 illos
2906 4821 2999 4892 qui
3052 4821 3308 4890 injuriam
3347 4821 3620 4874 faciebant

2023 4921 2260 4975 violenta
2307 4921 2355 4973 vi
2403 4934 2500 4974 sua
2551 4928 2602 4972 et
2658 4917 2871 4972 insidiis
2915 4916 3173 4970 detrusos
3224 4928 3364 4974 esse,
3442 4912 3605 4964 nobis

2021 5014 2207 5068 divina
2275 5011 2448 5083 gratia
2499 5010 2781 5080 proprium
2834 5007 3086 5064 ordinem
3164 5002 3620 5074 recuprrantibus

2021 5120 2204 5173 qnctn,
2266 5104 2368 5157 etsi
2417 5102 2664 5166 inutiles,
2722 5099 2904 5156 sortiti
2939 5113 3164 5152 eramus
3217 5105 3270 5148 et
3317 5093 3456 5147 unde
3517 5109 3619 5146 nos

2022 5195 2262 5248 violenta
2309 5207 2505 5247 manus
2537 5190 2843 5262 expulerat.
2899 5189 2966 5242 Et
3017 5189 3098 5242 sic
3131 5200 3216 5239 res
3268 5190 3467 5236 nostra!
3517 5180 3615 5233 Dei

2023 5289 2448 5354 l'avoreperactte
2476 5291 2620 5336 sunt.
2655 5281 2761 5336 Vos
2781 5288 2986 5343 autem,
3019 5275 3202 5330 dilecti
3228 5283 3281 5328 et
3301 5271 3616 5326 divinorum

2025 5381 2397 5451 apostolorum
2434 5376 2638 5433 laboris
2693 5384 2751 5430 ut
2798 5386 2851 5429 et
2891 5369 3093 5442 quietis
3145 5365 3456 5437 participes,
3511 5365 3610 5434 qui

2025 5475 2236 5529 felicem
2267 5487 2496 5527 cursum
2521 5466 2830 5537 transigitis
2854 5503 2869 5526 ,
2906 5476 3141 5532 quorum
3182 5456 3346 5528 pedes
3371 5456 3615 5526 pulchri,

2023 5575 2206 5634 utpote
2234 5565 2327 5634 qui
2381 5576 2569 5632 pacem
2632 5553 3070 5626 evangelizetis,
3131 5549 3414 5620 proprium
3475 5564 3616 5618 opus
3695 5633 3699 5638 λ

2026 5658 2332 5714 ferventius
2397 5649 2840 5727 prosequamini,
2886 5645 3188 5716 impietatis
3235 5643 3488 5699 tenebras
3546 5656 3614 5695 ex

2027 5751 2225 5805 animis
2250 5765 2390 5820 quos
2423 5749 2836 5815 occupaverunt
2896 5737 3252 5808 expellcntcs,
3288 5745 3341 5788 ct
3376 5734 3483 5788 illis
3524 5747 3613 5784 sa-

2023 5845 2153 5900 lutis
2195 5845 2378 5899 lumen
2405 5838 2790 5899 acccndentcs,
2817 5845 2895 5901 ut,
2929 5833 3031 5889 liJc
3066 5848 3159 5902 per
3194 5845 3289 5884 vos
3325 5826 3613 5885 roborata,
