4038 6204
437 320 545 384 283

1577 329 1899 391 NICOLAI
1940 329 2054 391 CP.
2095 329 2611 392 PATRIARCH/E

3598 333 3705 398 284

441 433 776 503 gloriticetur
803 435 947 493 Deus
983 437 1038 492 in
1069 437 1198 504 illis,
1241 437 1625 509 gloriticetnini
1656 450 1710 496 et
1738 456 1857 508 vos,
1885 457 2025 513 prte-

2135 444 2342 510 σεὸείας
2367 416 2562 499 ἐκτῶν
2602 446 2695 499 ὑπ’
2721 443 2932 501 ἐκείνου
2964 447 3346 518 κατεχομένων
3369 447 3582 519 ψυχῶν,
3614 452 3708 504 καὶ

441 527 582 582 senti
608 527 813 585 szec‘ulo
863 538 919 585 et
971 527 1179 598 futuro,
1224 529 1410 586 divina
1459 539 1515 586 et
1561 532 1853 589 immortali
1905 535 2020 605 glo-

442 631 545 677 ria.

2125 535 2511 599 ἀνατέλλοντες
2535 537 2718 600 αὐτοῖς
2761 539 2862 607 τῆς
2910 538 3186 609 σωτηρίας
3221 536 3515 608 τοφέγγος
3539 556 3552 570 ·
3591 540 3708 605 ἵνα,

2123 626 2190 680 δι’
2210 627 2364 698 ὑμῶν
2386 630 2483 698 τῆς
2509 629 2743 692 πίστεως
2762 627 2951 683 αύτόθι
2973 629 3388 700 κρατυνθείσης,
3413 630 3707 701 δοξάζηται

439 709 543 779 μὲν
569 711 596 762 ὁ
631 709 765 774 Θεὸς
807 711 866 765 ἐν
923 712 1132 780 αὐτοῖς,
1165 693 1514 788 δοξασθείητέ
1555 715 1612 771 δὲ
1645 718 1739 773 καὶ
1771 720 1930 788 ὑμεῖς
1970 717 2030 773 ἐν
2068 718 2148 791 τῷ
2208 693 2453 792 παρόντι⁷
2488 721 2645 776 αἰῶνι
2682 721 2779 778 καὶ
2841 723 2902 776 ἐν
2977 693 3056 790 τῶ
3101 693 3348 792 μέλλοντί
3375 693 3444 795 τῇ
3470 693 3708 796 θεία-καὶ

439 801 620 873 ἀλύτῳ
653 803 800 874 δόξῃ.

518 893 623 950 Vos
643 897 832 952 multis
852 896 1082 953 detineri
1107 900 1242 967 scio,
1263 900 1558 971 multisque
1578 903 1778 958 arctari
1799 917 2016 959 sacram

433 999 682 1054 ,vestram
715 992 904 1046 vitam.
940 991 1052 1066 Ego
1090 995 1262 1057 enim,
1296 1005 1357 1051 ut
1387 996 1597 1066 justum
1628 1005 1736 1062 est,
1771 996 1876 1052 loci
1923 1011 2019 1053 so-

443 1080 728 1136 litudinem
786 1091 1064 1154 reputans,
1139 1086 1379 1141 virorum
1453 1088 1783 1156 quibuscum
1840 1087 2024 1144 vivitis

444 1183 722 1240 mores,et
740 1174 944 1232 indolis
968 1177 1351 1236 diversitatem
1383 1195 1414 1240 a
1446 1187 1634 1234 vestro
1657 1179 2026 1254 apocrisiario

441 1264 696 1325 edoceor.
731 1267 986 1324 Attamen
1017 1284 1080 1324 ea
1108 1285 1230 1338 quas
1269 1285 1417 1327 nunc
1448 1280 1579 1327 sunt
1609 1287 1715 1326 non
1748 1281 1875 1328 sunt
1900 1289 2026 1328 cou-

447 1357 621 1428 dignw
653 1365 723 1414 ad
746 1362 988 1431 futuram
1019 1361 1250 1433 gloriam
1283 1381 1399 1434 qua:
1425 1365 1740 1420 revelabitur
1768 1366 1823 1420 in
1849 1367 2036 1434 nobis;

359 1487 365 1494 .
443 1451 508 1504 ad
542 1467 707 1520 quam
747 1454 1080 1524 aspicientes
1107 1457 1465 1528 laboremque
1503 1467 1558 1514 et
1603 1461 1886 1530 angustias
1934 1475 2031 1518 se.-

441 1543 623 1599 cundo
662 1543 784 1600 loco
834 1556 1139 1615 ponentes,
1213 1550 1525 1608 beatiﬁcqu
1591 1561 1835 1608 vestrum
1886 1569 2032 1624 opus

441 1634 686 1702 perficite
729 1647 784 1693 et
815 1639 966 1695 omni
1009 1650 1214 1699 conatu
1264 1645 1577 1701 ﬁrmitatem
1632 1663 1826 1704 recens
1877 1665 2032 1704 com-

2167 892 2174 899 ’
2203 894 2336 954 Οἶδα
2369 898 2468 970 μὲν
2497 897 2581 952 ὅτι
2629 897 2799 952 πολλὰ
2829 899 2896 952 τὰ
2931 899 3228 968 συνέχοντα
3265 899 3430 970 ὑμᾶς,
3473 902 3568 957 καὶ
3609 907 3710 978 τὴν

2128 991 2284 1065 ἱερὰν
2310 991 2464 1060 ὑμῶν
2525 993 2960 1062 στενοχωροῦντα
3014 993 3159 1065 ζωήν
3189 1012 3204 1026 ο
3231 996 3393 1060 αὑτός
3443 1015 3501 1052 τε
3529 999 3604 1064 ὡς
3630 1003 3710 1054 εί-

2132 1085 2228 1151 κδς
2261 1082 2713 1152 ἀναλογιζόμενος
2741 1083 2834 1138 τοῦ
2856 1085 3024 1139 τόπου
3051 1087 3148 1156 τὴν
3179 1087 3439 1159 ἐρημίαν,
3466 1091 3560 1143 καὶ
3597 1094 3709 1146 τῶν

2135 1177 2344 1249 ἀνδρῶν
2373 1172 2453 1239 οἷς
2483 1177 2798 1246 συνδιάγετε
2832 1177 2925 1234 τὸν
2953 1178 3176 1249 τρόπον,
3205 1181 3301 1234 καὶ
3329 1180 3424 1235 τοῦ
3463 1183 3628 1252 ἤθους
3651 1185 3710 1238 re

2134 1270 2414 1342 ἀλλότριον
2439 1270 2536 1325 καὶ
2593 1270 2743 1340 παρὰ
2776 1269 2871 1327 τοῦ
2919 1271 3074 1342 ὑμῶν
3104 1273 3528 1344 ἀποκρισιαρίου
3550 1276 3710 1331 τοῦτο

2129 1363 2266 1419 αὐτὸ
2326 1362 2618 1434 διδαχθείς.
2656 1364 2848 1434 Ὅμως
2899 1363 3001 1418 οὐκ
3037 1364 3163 1429 ἄξια
3195 1365 3264 1418 τὰ
3301 1367 3452 1436 παρά
3482 1367 3576 1420 τοῦ
3614 1370 3710 1423 νῦν

2131 1455 2327 1528 καιροῦ
2382 1455 2519 1527 πρὸς
2571 1455 2672 1526 τὴν
2719 1455 3020 1525 μέλλουσαν
3048 1455 3208 1521 δόξαν
3253 1457 3710 1530 ἀποκαλυφθῆναι

2131 1549 2282 1620 ύμῖν,
2325 1549 2465 1618 πρὸς
2490 1547 2560 1620 ἢν
2587 1547 2901 1619 ἀφορῶντες
2931 1549 3024 1601 καὶ
3050 1547 3143 1604 τὸν
3174 1549 3335 1604 πόνον
3355 1552 3450 1604 καὶ
3476 1550 3572 1621 τὴν
3598 1570 3715 1606 στε-

2129 1640 2396 1712 νοχωρίαν
2435 1642 2495 1702 ἐν
2518 1640 2759 1711 δευτέρῳ
2803 1639 3103 1710 τιθέμενοι,
3153 1639 3216 1694 τὸ
3253 1642 3525 1711 μακάριον
3554 1644 3716 1714 ἔργον

445 1730 665 1796 punctis
689 1730 896 1800 addite,
923 1744 977 1789 et
1005 1735 1087 1790 eis
1117 1736 1493 1807 relinquentes
1516 1742 1608 1809 qui
1641 1757 1742 1812 pro
1774 1742 1928 1798 vobis
1965 1743 2030 1799 ad

2137 1733 2292 1801 ὑμῶν
2317 1729 2664 1794 τελειώσατε,
2709 1731 2804 1784 καὶ
2830 1729 2981 1802 πάσῃ
3020 1729 3250 1798 δυνάμει
3294 1730 3385 1783 τὸν
3412 1734 3714 1802 στηριγμὺν

443 1836 695 1878 securam
729 1823 874 1880 viam
906 1841 1002 1882 eos
1040 1828 1293 1883 doctrina
1322 1829 1560 1900 dirigere
1585 1831 1786 1888 debent
1810 1849 2031 1889 eorum-

439 1929 548 1982 que
579 1915 811 1970 salutem
849 1932 1084 1986 curare;
1132 1928 1378 1990 tempore
1426 1937 1523 1978 vos
1558 1923 1828 1978 invitante
1870 1924 2033 1980 simul

441 2019 507 2058 ac
559 2007 924 2074 inspiratione
964 2011 1195 2079 divina,
1244 2014 1312 2069 ad
1367 2026 1611 2071 nostram
1665 2018 2032 2076 humilitatem

447 2098 735 2165 accurrite,
766 2101 1000 2171 prOpriis
1039 2105 1217 2162 verbis
1249 2115 1493 2162 nostram
1522 2109 1860 2182 adaugentcs
1903 2129 2028 2183 gra-

452 2187 582 2242 tiam
610 2206 775 2260 quam
803 2208 868 2249 ex
897 2194 964 2251 iis
1005 2196 1100 2266 qui
1147 2199 1213 2254 ad
1248 2200 1528 2256 Christum
1564 2218 1659 2272 per
1696 2204 2026 2274 baptismum

442 2280 795 2339 adducuntur
824 2288 1264 2359 possidemus,et
1291 2291 1552 2350 Ecclesia:
1581 2295 1784 2351 laetitia:
1816 2298 2039 2366 partici-

442 2381 633 2440 pautes
664 2389 827 2444 quam
867 2377 1298 2465 iitvocatur‘sibi
1341 2383 1446 2454 ipsi
1477 2387 1828 2456 sperantibus
1851 2403 1946 2457 per
1977 2402 2036 2442 se

441 2461 618 2532 ipsum
645 2466 899 2526 adhibuit
928 2472 1023 2542 qui
1063 2461 1173 2528 est'
1207 2487 1305 2545 per
1348 2476 1590 2547 seipsum
1631 2475 1882 2533 Salvator
1937 2493 2035 2532 no-

441 2564 556 2612 ater
583 2567 635 2611 ct
675 2558 842 2620 Deus.

2129 1827 2240 1887 τοῖς
2271 1823 2562 1892 νεοπαγέσι
2611 1821 3045 1892 περιεποιήσασθε
3072 1837 3086 1851 ⁶
3140 1822 3236 1875 καὶ
3273 1823 3714 1893 καταλιμπάνον-

2128 1933 2222 1980 τες
2248 1915 2432 1977 αὐτοῖς
2465 1914 2592 1976 τοὺς
2621 1911 2912 1983 ἀνθ’ύμών
2949 1912 3247 1982 μέλλοντας
3294 1915 3360 1983 τῇ
3392 1913 3716 1984 διδασκαλίᾳ

2132 2014 2269 2079 πρὸς
2291 2007 2390 2080 τὴν
2439 2005 2656 2074 ἀπλανῆ
2692 2005 2810 2058 ὁδὸν
2834 2007 3058 2068 τούτους
3097 2003 3596 2074 καθοδηγήσασθαι,
3623 2007 3716 2059 καὶ

2134 2103 2231 2171 τῆς
2265 2097 2542 2168 σωτηρίας
2588 2094 2772 2148 αὐτῶν
2823 2093 3338 2165 ἀντιλαμϐάνεσθαι,
3387 2095 3579 2165 καιροῦ
3610 2113 3717 2149 καρ-

2135 2192 2356 2258 λοῦντος
2390 2189 2532 2261 μετά
2580 2188 2679 2259 τῆς
2721 2186 2930 2243 ἄνωθεν
2971 2187 3400 2251 συνεπινεύσεως
3450 2187 3583 2256 πρὸς
3613 2194 3718 2259 τὴν

2139 2284 2299 2356 ἡμῶν
2346 2281 2688 2354 ἀναδράμετε
2739 2279 3110 2351 μετριότητα,
3176 2278 3398 2342 οἰκείοις
3442 2296 3504 2332 τε
3537 2278 3718 2347 λόγοις

2139 2378 2399 2445 αὔξοντες
2431 2373 2586 2445 ἡμῶν
2615 2372 2716 2442 τὴν
2766 2372 2947 2444 χάριν,
2984 2373 3051 2442 ἥν
3098 2372 3190 2424 ἐπὶ
3221 2373 3332 2436 τοῖς
3370 2371 3718 2442 προσαγομέο

2137 2489 2252 2534 νοις
2300 2467 2523 2540 Χριστῷ
2591 2467 2670 2538 τῷ
2721 2466 2840 2537 Θεῷ
2900 2466 3057 2536 ἡμῶν
3117 2466 3436 2536 κεκτήμεθα
3485 2465 3574 2519 διὰ
3621 2463 3716 2518 τοῦ

2141 2564 2544 2636 βαπτίσματος,
2575 2561 2669 2615 καὶ
2691 2559 3157 2631 συνησθησόμενοι
3189 2559 3282 2614 ἐπὶ
3315 2562 3379 2629 τῇ
3406 2557 3717 2629 εὐφροσύνῃ

442 2645 544 2712 τῆς
621 2651 972 2726 Ἐκκλησίας,
1025 2657 1091 2728 ἣν
1157 2658 1530 2730 παρακληθεὶς
1590 2658 1680 2730 ὑφ’
1742 2657 1940 2716 ἐαυτοῦ
2003 2658 2034 2712 ὁ
2086 2656 2279 2729 Σωτὴρ
2362 2655 2521 2725 ἡμῶν
2580 2651 2676 2706 καὶ
2738 2650 2871 2714 Θεὸς
2931 2647 3047 2714 τοῖς
3107 2649 3195 2703 ἐπ’
3245 2649 3395 2722 αὐτῷ
3444 2649 3718 2722 παρέσχεν

441 2743 502 2798 ἐλ
511 2743 666 2809 πίζου
675 2763 783 2807 σιν,

1005 2862 1222 2919 LXXX.
1265 2863 1500 2920 Incerto.

516 2971 752 3029 Litteras
795 2983 949 3041 tuas,
983 2975 1060 3029 mi
1102 2974 1210 3041 ﬁli,
1248 2978 1594 3048 accepimus;
1623 2986 1673 3034 et
1706 2978 1774 3035 de
1804 2988 2024 3036 castro-

2730 2853 2811 2907 u'.
2853 2852 3097 2923 Ὰδήλῳ.

2203 2976 2284 3031 Τά
2304 2969 2612 3048 γράμματά
2666 2990 2783 3040 σου,
2807 2974 3003 3028 τέκνον
3047 2975 3226 3045 ἡμῶν,
3262 2975 3586 3046 ἐδεξάμεθα,
3615 2979 3716 3033 καὶ

449 3083 568 3122 rum
601 3067 926 3134 vastatione,
958 3076 1251 3139 antequam
1285 3069 1412 3125 inde
1429 3069 1629 3135 exires,
1651 3076 1707 3125 et
1737 3079 1789 3125 te
1807 3079 1864 3126 et
1889 3071 2027 3127 alios

2135 3070 2264 3141 περὶ
2321 3069 2422 3140 τῆς
2467 3067 2808 3139 ἐρημώσεως
2859 3067 2971 3119 τῶν
3018 3067 3273 3139 κάστρων
3324 3068 3418 3122 καὶ
3463 3069 3568 3139 πρὸ
3617 3069 3716 3122 τοῦ

447 3159 792 3228 audivimus;
836 3169 890 3214 et
931 3161 1047 3216 scio
1091 3170 1142 3216 te
1188 3170 1324 3217 tunc
1368 3177 1495 3218 vera
1538 3162 1744 3219 dixisse
1791 3172 1842 3218 et
1881 3178 2029 3218 nunc

444 3253 646 3309 dicere.
680 3253 753 3308 Ea
785 3253 947 3324 igitur
968 3254 1211 3311 scribere
1241 3255 1616 3327 supersedens
1641 3256 1804 3312 nobis
1848 3257 2029 3312 scribe

449 3357 523 3411 te,
579 3345 690 3401 Deo
745 3346 1059 3418 adjuvante,
1105 3363 1290 3404 rerum
1343 3357 1675 3403 vastatarum
1713 3348 2028 3404 restitutio-

447 3451 570 3490 nem
603 3436 819 3502 fecisse,
850 3437 1034 3492 omnia
1061 3453 1184 3508 qua:
1239 3437 1452 3507 priores
1498 3437 1666 3492 duces
1704 3437 2028 3508 negligentia

446 3543 546 3583 sua
581 3527 949 3596 perdiderant,
999 3537 1053 3583 te
1083 3527 1371 3598 prudentia
1418 3537 1508 3582 tua
1553 3527 1931 3597 acquisivissc,
1966 3536 2023 3583 et

448 3633 581 3673 cura
620 3628 712 3671 tua
739 3618 1037 3674 stabilissc.
1064 3617 1143 3672 Ita
1164 3619 1309 3673 enim
1335 3617 1511 3688 major
1539 3617 1824 3688 apparebit
1855 3617 2030 3672 virtus

448 3717 563 3773 tua,
595 3715 649 3762 et
682 3721 880 3780 magno
908 3717 1102 3762 nostro
1143 3707 1467 3778 imperatori
1511 3709 1754 3778 placebis
1782 3707 2032 3780 dignam-

447 3816 555 3869 que
608 3801 674 3855 ab
706 3814 774 3855 eo
831 3800 1081 3855 mercede
1124 3799 1346 3856 (tuteris.
1400 3799 1476 3856 De
1525 3801 1707 3873 impiis
1752 3808 1806 3856 et
1852 3800 2030 3856 atheis

450 3891 700 3947 hostibus
747 3890 932 3947 sciens
983 3907 1094 3946 non
1153 3891 1209 3946 in
1264 3891 1452 3961 papuli
1511 3891 1862 3947 multitudine
1909 3905 2032 3946 esse

447 3983 638 4050 robur,
698 3984 792 4039 sed
853 3983 908 4038 in
963 3981 1177 4054 iustitia
1239 3992 1406 4055 atque
1448 3982 1766 4047 concordia.
1813 3983 2031 4039 etiamsi

450 4093 656 4148 paucos
692 4078 896 4134 habeas
925 4078 1152 4142 milites,
1192 4078 1296 4133 hoc
1327 4092 1422 4133 eos
1451 4077 1607 4143 doce,
1653 4075 1871 4133 fortiter
1902 4091 2030 4132 cum

449 4173 556 4228 illis
618 4187 820 4244 pugna,
862 4179 918 4227 ct
960 4171 1183 4228 Christo
1229 4180 1284 4228 et
1332 4169 1606 4226 Salvatori
1634 4179 1827 4227 nostro
1857 4169 2034 4225 innixi

446 4280 736 4335 speramus
773 4273 827 4321 te
857 4265 927 4322 iis
960 4266 1054 4337 qui
1086 4267 1139 4321 in
1173 4265 1355 4336 populi
1389 4264 1766 4337 magnitudine
1797 4263 2036 4334 glorian-

443 4369 537 4413 tur
562 4358 702 4414 felici
722 4374 982 4416 successu
1015 4369 1396 4430 regnaturum.

2132 3159 2374 3225 ἐξελθεῖν
2404 3175 2461 3212 σε
2490 3159 2600 3211 τῶν
2628 3157 2864 3212 ἐνταῦθα
2898 3158 3028 3220 τοὺς
3055 3157 3248 3226 λόγους
3271 3159 3585 3229 ἠκούσαμεν
3622 3161 3718 3213 καὶ.

2133 3251 2284 3323 παρά
2310 3250 2428 3316 σοῦ,
2455 3250 2645 3304 τέκνον
2679 3249 2860 3320 ⁴ἡμῶν,
2891 3251 2983 3303 καὶ
3006 3251 3136 3319 παρ’
3181 3250 3384 3320 ἐτέρων
3411 3266 3427 3282 ο
3474 3253 3568 3304 καὶ
3597 3247 3719 3305 οἴδα

2130 3345 2212 3399 ὅτι
2264 3343 2360 3398 καὶ
2409 3342 2532 3396 τότε
2583 3341 2758 3413 ἀληθῆ
2804 3341 3010 3410 ἔλεγες,
3046 3343 3141 3396 καὶ
3181 3341 3276 3396 νῦν
3317 3342 3489 3414 ἀληθῆ
3514 3344 3717 3412 λέγεις,

2131 3433 2467 3488 Καταλιπὼν
2525 3430 2618 3486 οὖν
2676 3434 2864 3487 ἐκεῖνα
2906 3433 3160 3504 γράφειν,
3189 3433 3397 3499 ἐκεῖνα,
3445 3433 3539 3487 τοῦ
3581 3434 3721 3488 Θεοῦ

2130 3525 2499 3597 δυναμοῦντός
2551 3542 2634 3592 σε,
2695 3527 2875 3596 γράφε
2930 3527 3084 3596 ἡμῖν,
3133 3526 3216 3580 ὅτι
3280 3526 3378 3595 τὴν
3430 3525 3722 3597 διόρθωσιν

2133 3617 2378 3689 ἐποιήσω
2397 3616 2507 3670 τῶν
2542 3613 2963 3686 ἐρημωθέντων,
2992 3616 3072 3669 ὅτι
3099 3616 3198 3670 ὅσα
3215 3617 3268 3669 oi
3295 3615 3400 3685 πρὸ
3433 3616 3528 3669 σοῦ
3553 3633 3722 3688 στρα-

2131 3710 2473 3780 τηγήσαντες
2503 3711 2568 3780 τῇ
2597 3707 2809 3761 ἑαυτῶν
2857 3707 3149 3760 ἀπώλεσαν
3197 3707 3452 3780 ἀμελείᾳ,
3483 3707 3653 3762 ταῦτα
3682 3710 3719 3779 ἡ

2135 3801 2202 3873 σὴ
2229 3801 2491 3873 φρόνησις
2519 3799 2879 3870 ἀνεκτήσατο,
2917 3798 3010 3852 καὶ
3046 3801 3115 3870 τῇ
3153 3801 3218 3870 σῇ
3251 3798 3544 3870 ἐπιμελείᾳ
3591 3815 3722 3851 συν.

2132 3891 2366 3959 εστήσω.
2417 3888 2578 3942 Οῦτω
2633 3889 2742 3958 γὰρ
2797 3888 2892 3941 καὶ
2939 3889 2972 3957 ἠ
3009 3889 3178 3959 ἀρετή
3239 3905 3332 3941 σου
3371 3888 3468 3942 ἐπὶ
3517 3887 3724 3959 μᾶλλον

2132 3981 2553 4054 διαφανήσεται,
2614 3983 2708 4036 καὶ
2772 3982 2865 4037 τὸν
2918 3983 3093 4053 μέγαν
3147 3983 3306 4054 ἡμῶν
3355 3983 3724 4056 θεραπεύσεις

2135 4075 2384 4146 βασιλέα,
2415 4076 2512 4129 καὶ
2532 4075 2639 4146 ιτῆς
2671 4074 2826 4141 ἀξίας
2857 4075 2988 4146 παρ’
3025 4076 3192 4130 αὑτοῦ
3225 4077 3544 4140 ἀντιδόσεως
3577 4078 3722 4129 ἀπο-

2134 4168 2377 4236 λαύσεις.
2442 4171 2579 4240 Περὶ
2640 4169 2697 4223 δὲ
2754 4169 2864 4222 τῶν
2905 4169 3119 4223 ἀσεϐῶν
3163 4172 3257 4223 καὶ
3287 4169 3466 4224 ἀθέων
3505 4170 3722 4240 ἐχθρῶν

2134 4259 2297 4314 τοῦτο
2325 4259 2632 4328 γινώσκων,
2665 4260 2748 4314 ὅτι
2779 4259 2881 4314 οὐκ
2912 4260 2972 4312 ἐν
3017 4258 3210 4329 πλήθει
3237 4257 3367 4311 λαοῦ
3400 4260 3430 4327 ἠ
3463 4258 3721 4327 δύναμις,

2135 4352 2253 4407 ἀλλ’
2285 4354 2344 4406 ἐν
2374 4352 2692 4426 δικαιοσύνῃ
2745 4354 2840 4407 καὶ⁸
2877 4351 3172 4423 ὁμοψυχία,
3209 4350 3558 4421 κᾶνὋλῐγους
3586 4351 3721 4421 ἔχῃς

441 4454 572 4518 τοὺς
606 4454 712 4509 ὑπὸ
747 4454 831 4519 σέ,
879 4453 1057 4508 ταῦτα
1088 4452 1363 4510 παιδεύων
1405 4451 1627 4519 αὐτοὺς,
1661 4451 1780 4523 μετ’
1811 4451 2041 4506 ἐκείνων
2074 4448 2346 4518 ἀγωνίζου
2406 4449 2728 4520 προθύμως,
2750 4448 2846 4502 καὶ
2887 4447 3230 4517 πεποίθαμεν
3259 4447 3480 4518 Χριστῷ
3501 4444 3578 4517 τῷ
3598 4445 3726 4517 Θεῷ

445 4548 542 4601 καὶ
595 4547 811 4617 Σωτῆρι
869 4545 1048 4617 ἡμῶν,
1103 4547 1186 4601 ὅτι
1244 4547 1383 4619 ὺπέρ
1411 4547 1541 4611 τοῦς
1582 4547 1641 4604 ἐν
1681 4543 1878 4617 πλήθει
1901 4542 2035 4598 λαοῦ
2075 4541 2469 4614 καυχωμένους
2497 4542 2902 4612 εὐδοκιμήσεις.

1003 4663 1244 4721 LXXXI.
1287 4664 1526 4721 Incerto.

520 4779 674 4849 Apud
726 4779 981 4835 homines
1027 4779 1200 4835 multa
1232 4779 1531 4849 Idicuntur,
1573 4793 1874 4849 eorumque
1906 4779 2031 4850 plu-

449 4874 589 4931 rima
647 4873 701 4944 (ο
757 4873 1010 4931 homines
1057 4873 1125 4930 ad
1175 4875 1360 4946 pejora
1413 4889 1631 4946 semper
1683 4875 2031 4946 propensos),

450 4963 719 5022 mendacii
771 4963 1062 5022 hmreditas
1093 4973 1261 5034 sunt;
1300 4967 1562 5022 nonnulla
1593 4975 1771 5022 tamen
1803 4966 1957 5021 novit
1982 4974 2036 5020 et

446 5061 672 5116 veritas.
715 5058 932 5123 Dicunt,
986 5058 1194 5129 optime
1239 5059 1344 5125 vir,
1389 5057 1576 5115 odium
1621 5058 1676 5113 in
1724 5073 1828 5115 nos
1860 5057 2032 5131 (quod

449 5151 629 5208 dicere
688 5150 977 5221 erubesco)
1033 5157 1086 5205 te
1149 5149 1357 5207 fovere.
1414 5149 1554 5217 Quid
1608 5151 1754 5206 enim
1811 5167 2024 5218 sumus,

453 5242 704 5314 quamvis
741 5241 902 5299 uobis
934 5240 1094 5297 datus
1123 5241 1196 5298 sit
1225 5250 1444 5312 optatus
1487 5259 1518 5297 a
1558 5243 1742 5299 multis
1777 5243 2028 5309 thronus,

456 5345 676 5407 propter
730 5350 825 5392 eas
875 5335 1116 5392 rationes
1169 5351 1308 5406 quas
1343 5335 1433 5392 ille
1460 5338 1630 5406 novit,
1672 5338 1764 5407 qui
1809 5345 1868 5392 ut
1899 5335 2032 5390 mihi

454 5426 676 5484 daretur
701 5427 911 5484 voluit?
946 5425 1202 5482 Sedcnim
1231 5441 1338 5482 non
1373 5443 1471 5483 nos
1499 5429 1624 5484 odio
1656 5428 2030 5499 prosequeris,

453 5514 546 5570 sed
569 5516 970 5575 immaculatam
987 5527 1041 5576 et
1060 5534 1198 5590 puro
1218 5519 1484 5590 sanguine
1507 5529 1779 5583 ornatam,
1799 5519 1923 5574 Filii
1943 5519 2035 5573 Dei

455 5623 735 5678 sponsam.
793 5611 860 5667 Et
914 5613 1037 5669 ideo
1072 5619 1434 5685 'quaacunque
1510 5595 1683 5668 vertis
1736 5622 1922 5668 contra
1955 5621 2040 5666 tc-

458 5707 640 5772 ipsum
671 5704 859 5770 vertis,
898 5707 1105 5762 excitas
1141 5714 1322 5764 autem
1361 5715 1415 5762 et
1456 5707 1592 5762 alios
1639 5705 1705 5760 ad
1742 5715 2037 5770 certamen,

464 5806 519 5851 nt
553 5795 772 5869 quidem
802 5806 988 5870 putas,
1035 5801 1298 5860 adversus
1334 5819 1452 5871 nos,
1489 5799 1580 5858 sed
1624 5815 1810 5858 revera
1855 5809 2043 5856 contra

2056 4669 2110 4731 D

2714 4661 2843 4717 HA’.
2884 4661 3138 4729 Ἀδήλφ.

2203 4783 2439 4851 Λέγεται
2472 4779 2646 4852 πολλὰ
2705 4778 2857 4850 παρά
2906 4778 3234 4850 ἀνθρώποις.
3275 4777 3370 4832 καὶ
3417 4776 3621 4830 τούτων
3649 4775 3723 4828 τὰ

2137 4873 2234 4944 μὲν
2263 4871 2432 4925 πλείω
2461 4870 2586 4944 (φεῦ
2642 4872 2742 4941 τῆς
2768 4871 2860 4924 ἐπὶ
2887 4871 2956 4923 τὰ
2985 4870 3152 4941 χείρω
3202 4869 3442 4933 νεύσεως
3485 4868 3593 4920 τῶν
3618 4867 3722 4921 ἀνο

2135 4965 2368 5037 θρώπων
2394 4964 2432 5034 ί)
2502 4964 2597 5018 τοῦ
2627 4963 2857 5035 ψεύδους
2903 4966 3022 5018 ἐστὶ
3051 4964 3410 5034 κληρονομία,
3449 4963 3564 5015 ἔστι
3590 4960 3648 5015 δὲ
3683 4958 3725 5015 ἃ

2135 5055 2396 5126 γινώσκει
2455 5059 2547 5111 καὶ
2603 5058 2637 5128 ἡ
2664 5055 2916 5128 ἀλήθεια.
2947 5056 3180 5125 Λέγεται
3216 5056 3348 5127 περὶ
3391 5055 3510 5120 σοῦ,
3545 5053 3722 5124 ἀγαθὲ

2133 5153 2231 5206 καὶ
2287 5150 2420 5206 καλὲ
2452 5150 2734 5221 ἄνθρωπε,
2774 5150 2849 5214 ὡς
2896 5149 3226 5221 ἐχθραίνεις,
3258 5149 3587 5219 αἰσχύνομαι
3623 5147 3720 5199 λέο

2135 5261 2276 5312 γειν,
2307 5243 2445 5312 πρὸς
2478 5244 2647 5315 ἡμᾶς.
2669 5242 2736 5296 Τί
2763 5244 2874 5314 γάρ
2901 5245 3092 5314 ἐσμεν,
3122 5244 3171 5296 εἱ
3201 5243 3298 5297 καὶ
3324 5247 3416 5296 τὸν
3447 5241 3692 5310 πολύφθο

2141 5353 2231 5389 νον
2259 5335 2718 5408 ἐγκεχειρίσμεθα
2742 5335 2949 5408 θρόνον,
2981 5336 3048 5391 δι’
3080 5336 3147 5401 ἃς
3181 5332 3322 5391 οἶδεν
3348 5336 3529 5398 αἰτίας
3568 5335 3720 5398 ὅπως

2133 5428 2274 5481 εἴπω
2330 5427 2520 5481 τοῦτον
2561 5429 2970 5501 ἐγχειρισθῆναι
3021 5427 3341 5500 κεκρικώςς
3399 5425 3562 5481 Ἀλλά
3605 5426 3722 5496 γὰρ

2135 5519 2443 5591 ἐχθραίνεις
2464 5520 2524 5574 ού
2563 5521 2701 5592 πρὸς
2724 5523 2891 5593 ἡμᾶς,
2929 5521 3063 5593 πρὸς
3108 5522 3165 5574 δέ
3203 5521 3303 5592 τὴν
3325 5521 3593 5592 ἄχραντον
3623 5519 3722 5571 καὶ

2139 5613 2495 5683 ἡρμοσμένην
2553 5614 2746 5684 αἵματι
2796 5615 3052 5686 ἀχράντῳ
3099 5614 3318 5684 νύμφην
3343 5613 3429 5680 τῷ
3474 5610 3588 5682 Υίῷ
3620 5608 3721 5663 τοῦ

2143 5704 2276 5757 θεοῦ
2298 5721 2313 5734 ·
2341 5706 2435 5759 καὶ
2456 5705 2544 5760 διὰ
2582 5706 2739 5761 τοῦτο
2801 5708 3052 5779 στρέφεις
3107 5707 3207 5778 μὲν
3244 5705 3384 5760 κατὰ
3424 5702 3652 5758 σεαυτὸν
3683 5703 3726 5758 ἃ.

2151 5801 2420 5874 στρέφεις,
2459 5805 2711 5876 συνιττᾷς
2746 5803 2799 5858 δὲ
2861 5804 2953 5858 καὶ
2994 5803 3208 5870 ἄλλους,
3245 5803 3321 5868 ώς
3357 5800 3455 5873 μὲν
3486 5801 3608 5866 οἴει,
3638 5798 3726 5872 τῷ
