4038 6204
290 351 406 415 Ξδῦ

1766 356 2176 419 EPISTOLE.

3456 355 3561 421 286

296 459 427 515 καθ’
456 458 618 531 ἡμῶν
679 462 1061 532 συνασπισμῷ,
1097 461 1177 531 τῷ
1217 462 1274 515 δὲ
1306 460 1499 532 ἀληθεῖ
1556 461 1701 532 λόγῳ
1747 464 1875 516 κατέ

1995 465 2239 536 ipsorum
2290 468 2544 525 salutem.
2585 467 2694 524 Nos
2727 468 2895 533 enim,
2933 466 3095 522 etiam
3138 465 3346 534 absque
3380 472 3563 519 vestro

292 555 400 622 τῆς
462 550 673 607 ἑαυτῶν
753 552 1051 626 σωτηρίας.
1127 553 1318 623 Ἡμεῖς
1384 554 1495 625 γάρ
1548 555 1644 607 καὶ
1709 553 1879 624 χωρὶς

293 647 399 716 τῆς
458 646 735 717 ὑμετέρας
802 647 1071 716 συσκευῆς
1136 647 1355 711 πάντως
1409 648 1442 718 ἦ
1506 645 1603 700 νῦν
1663 648 1696 719 ἢ
1761 646 1880 715 μετ’

294 737 481 806 ὀλίγον
539 738 839 808 κεισόμεθα
895 740 954 791 ἐν
1010 739 1167 809 τάφῳ
1214 740 1494 810 λυόμενοι,
1544 741 1680 811 ὅπερ
1750 740 1881 811 ὑμῖν

296 830 412 881 ἐστι
485 829 576 883 διὰ
633 831 893 897 σπουδῆς.
937 829 1103 884 Αὐτοὶ
1170 830 1229 884 δὲ
1288 832 1383 885 καὶ
1448 830 1607 902 ήμῶν
1659 834 1883 900 ἀποιχο-

298 923 480 992 μένων
535 922 705 993 πείρᾳ
755 923 1065 993 μαθήσεσθε
1100 923 1194 977 τοῦ
1239 924 1616 994 συνασπισμοῦ
1651 923 1711 977 τὸ
1749 925 1881 994 κέρ-

296 1013 406 1078 W.
435 1013 609 1067 Τοῦτο
646 1013 701 1066 δέ
728 1032 907 1085 φαμεν
934 1014 1038 1066 ὑπὸ
1077 1014 1313 1086 μάρτυρι
1343 1013 1481 1085 Θεῷ,
1516 1014 1613 1067 καὶ
1644 1015 1718 1085 μὴ
1751 1016 1881 1068 ἀπι-

297 1107 541 1179 στήσῃς·
574 1106 1015 1176 ἁπαραλόγιστος
1070 1107 1177 1175 γάρ
1226 1108 1254 1158 ὁ
1321 1107 1570 1176 μάρτυςο
1621 1106 1743 1159 οὔτε
1783 1108 1879 1160 ἀν-

294 1195 502 1265 θρώπῳ
542 1197 906 1267 ἐντευξόμεθα
957 1197 1083 1251 καθ’
1114 1198 1269 1269 ὑμῶν
1298 1198 1421 1251 οὔτε
1461 1198 1579 1268 Θεῷ
1603 1216 1619 1233 ο
1647 1198 1878 1269 ἐπείπερ

293 1284 415 1341 οῖδα
467 1289 549 1341 ὅτι
608 1289 810 1358 μᾶλλον
851 1287 1185 1343 σιωπώντων
1240 1290 1420 1361 ήμῶν,
1474 1292 1506 1360 ή
1548 1291 1879 1361 ἀπροσωπο-

294 1382 503 1451 ληπτος
526 1382 622 1435 καὶ
652 1381 773 1435 θεία
799 1382 1062 1452 ἐπόψεται
1084 1382 1208 1453 δίκη
1247 1384 1348 1453 τὴν
1384 1383 1655 1453 ὑμετέραν
1683 1383 1880 1454 προαί-

295 1490 357 1543 ρε
366 1491 472 1529 σιν.

292 1608 421 1681 HB’.
453 1610 541 1675 Τῷ
561 1610 1074 1681 περιφανεστάτω,
1100 1612 1481 1681 ἠγαπημένῳ,
1503 1608 1880 1680 πνευματικῷ

359 1680 552 1744 τέκνῳ
582 1677 982 1749 Λακδὸύλρῳ,
1019 1677 1363 1747 ἀνθυπάτῳ,
1405 1677 1704 1747 Νικόλαὸς
1729 1680 1879 1744 ἐλέῳ

362 1752 515 1805 Θεοῦ
548 1752 1023 1819 ἁρχιεπισκοπος
1045 1754 1769 1817 Κωνσταντινουπόλεως.

360 1907 437 1964 Τὸ
484 1909 707 1978 γεγονὸς
763 1912 844 1974 είς
900 1907 992 1964 τὸν
1062 1911 1358 1980 πατρίκιον
1419 1911 1515 1963 καὶ
1564 1910 1875 1981 στρατηγὸν

287 2003 816 2071 Ούρσολέοντα,·καὶ
842 2002 948 2075 πρὸ
975 2003 1087 2058 τῶν
1134 2004 1483 2074 γραμμάτων
1523 2020 1639 2067 σου,
1688 2003 1877 2057 τέκνον

288 2095 471 2165 ἡμῶν,
526 2094 876 2166 προλαϐοῦσα
944 2096 979 2167 ή
1020 2097 1179 2166 φήμη
1237 2094 1537 2165 ἐγνώρισεν
1585 2096 1739 2165 ήμίν,
1785 2095 1877 2147 καὶ

284 2186 591 2259 ἐδεξάμεθα
625 2189 801 2259 λύπην
831 2188 1005 2259 αὐτῆς
1032 2189 1188 2260 ήμῶν
1205 2189 1303 2259 τῆς
1326 2188 1506 2259 ψυχῆς
1536 2187 1872 2259 ἁπτομένην,

283 2278 348 2333 τὸ
401 2281 501 2349 μὲν
538 2281 627 2335 διά
673 2281 763 2335 τὸν
787 2281 1019 2335 θάνατον
1067 2281 1280 2334 ἐκείνου
1314 2298 1376 2334 τε
1416 2281 1510 2335 καὶ
1547 2282 1656 2334 τῶν
1674 2281 1874 2351 ὁμοίως

282 2372 691 2439 ἀποθανόντων,
716 2372 778 2426 τὸ
796 2373 960 2425 πλέον
981 2371 1039 2425 δὲ
1066 2373 1148 2426 ὅτι
1168 2389 1233 2425 πε
1245 2372 1300 2442 ρὶ
1326 2370 1444 2437 σοῦ,
1476 2372 1669 2427 τέκνον
1695 2370 1874 2441 ήμῶν,

284 2464 520 2533 πονηροὶ
567 2464 718 2533 λόγοι
779 2463 1089 2533 θεοστεφῶν
1121 2463 1387 2537 βασιλέων
1425 2465 1583 2536 ήμῶν
1627 2464 1876 2535 προσήρ-

288 2572 469 2626 χοντο,
503 2558 685 2610 πᾶσαν
732 2556 830 2629 τὴν
869 2558 1149 2628 πρόφασιν
1185 2557 1295 2610 τῶν
1335 2557 1523 2620 κακῶς
1578 2555 1878 2610 ἀποθανόν-

286 2666 399 2702 των
456 2652 549 2703 ἐπὶ
600 2651 658 2704 σὲ
713 2651 996 2722 φέροντες,
1049 2651 1148 2705 καὶ
1189 2650 1628 2722 κατηγοροῦντες
1664 2650 1729 2701 ἐκ
1778 2646 1877 2717 τῆς

287 2740 505 2810 ῧἏλῆς
533 2742 626 2793 καὶ
655 2741 900 2813 μεγάλης
934 2741 1237 2813 βασιλείας,
1282 2737 1352 2814 ἦς
1388 2742 1485 2795 καὶ
1521 2740 1630 2793 τῶν
1655 2739 1875 2808 εὐεργε-

286 2831 421 2885 σιῶν
450 2833 787 2900 ἀπέλαυσας,
827 2834 925 2888 καὶ
964 2834 1067 2904 τῆς
1096 2833 1262 2905 τιμῆς
1308 2833 1406 2887 καὶ
1438 2832 1534 2902 τῆς
1560 2830 1738 2899 δόξης,
1775 2830 1875 2898 ὅση

288 2924 423 2995 παρ’
485 2925 658 2994 αὐτῆς
714 2942 797 2979 σοι
840 2923 1159 2996 δεδώρηται.
1235 2921 1617 2992 Ἐλυπούμεθα
1657 2920 1750 2975 οὖν
1786 2918 1878 2973 διὰ

284 3016 485 3077 ταῦτα,
516 3018 705 3071 τέκνον
751 3017 931 3087 ήμῶν,
973 3017 1047 3079 ώς
1074 3015 1253 3083 εἷπον,
1278 3015 1456 3085 λύπην
1486 3014 1546 3068 ού
1576 3010 1875 3083 δεχομένην

288 3109 659 3178 παράκλησιν,
732 3108 968 3178 μάλιστα
1023 3108 1335 3171 ἐννοοῦντες
1392 3107 1488 3162 καὶ
1530 3104 1876 3175 παραϐάσεις

1985 569 2277 631 apparatu,
2332 562 2582 629 omnino,
2634 563 2749 617 sive
2810 561 3021 621 statim.
3083 558 3199 614 sive
3249 565 3371 627 post
3400 554 3563 611 breve

1989 662 2229 723 tempus,
2268 654 2325 708 in
2379 655 2632 727 sepulcro
2674 654 2976 725 jacebimus
3014 650 3240 713 mortui,
3286 648 3427 715 quod
3465 661 3564 701 vos

1986 748 2213 815 optatis.
2253 745 2361 802 Vos
2396 764 2547 813 vero,
2576 757 2864 817 postquam
2897 744 3215 808 ahierimus,
3242 749 3439 795 vestra:
3474 754 3564 791 re-

1987 836 2237 892 bellionis
2264 838 2476 892 lucrum
2506 838 2876 907 experiemini.
2928 834 3039 889 Hoc
3087 834 3194 888 Deo
3228 840 3367 887 teste
3419 828 3565 884 δαῖε-ο

1988 943 2223 994 mantus,
2283 942 2460 999 neque
2507 929 2775 984 dubites:
2826 935 2911 982 est
2965 926 3110 979 enim
3163 940 3271 978 non
3330 921 3561 976 mendax

1984 1020 2166 1074 testis.
2225 1020 2411 1089 Neque
2465 1019 2760 1085 hominem,
2816 1033 2991 1087 neque
3037 1016 3202 1071 Deum
3240 1023 3424 1068 contra
3467 1027 3563 1065 vos

1980 1112 2383 1180 compellimus.
2440 1109 2697 1179 quoniam
2747 1111 2903 1173 scio,
2959 1108 3202 1163 divinam
3248 1104 3561 1174 justitiam,

1978 1220 2104 1274 qua:
2134 1218 2490 1273 personarum
2523 1204 2894 1274 acceptionem
2929 1216 3034 1255 non
3064 1200 3213 1264 facit,
3248 1214 3357 1268 quo
3388 1195 3562 1263 magis

1984 1295 2310 1363 taeebimus,
2352 1309 2423 1351 eo
2474 1295 2649 1364 magis
2700 1302 2948 1355 vestrum
2994 1291 3237 1347 visuram
3282 1302 3407 1343 esse
3445 1296 3564 1342 stu—

1982 1388 2154 1447 dium.

1982 1613 2247 1671 LXXXII.
2327 1611 2720 1671 Illnstrissimo,
2780 1609 3005 1672 dilecto,
3078 1600 3352 1679 spirituali
3414 1599 3559 1679 ﬁlio,

2055 1684 2394 1751 Landulpho,
2424 1682 2750 1751 proconsuli,
2770 1680 3042 1741 Nicotaus,
3065 1671 3561 1743 Deimisericordia,

2056 1750 2683 1823 Constantinoiiolitanus
2718 1750 3164 1819 archiepiscopus.

2050 1914 2202 1982 Quod
2245 1914 2474 1986 patricio
2523 1921 2577 1968 et
2614 1912 2739 1967 duci
2776 1908 3080 1966 Ursoleonti
3117 1906 3365 1976 contigit,
3394 1902 3558 1957 etiam

1981 2019 2106 2062 ante
2139 2018 2258 2062 tuas
2292 2007 2525 2069 litteras,
2561 2005 2656 2069 ﬁli,
2711 2012 2897 2058 uotum
2937 2000 3064 2056 fecit
3121 1999 3278 2055 nobis
3318 2009 3562 2069 praepro-

1979 2114 2105 2167 pera
2135 2098 2299 2173 fama,
2330 2106 2383 2152 et
2418 2097 2599 2150 animo
2631 2094 2946 2150 maestitiam
2977 2091 3353 2161 concepimus,
3386 2088 3562 2157 primo

1979 2189 2195 2260 quidem
2220 2198 2438 2259 propter
2454 2186 2572 2256 ejus
2594 2195 2645 2243 et
2661 2188 2894 2241 aliorum
2923 2186 3016 2258 qui
3044 2200 3166 2240 cum
3195 2183 3286 2237 illo
3313 2180 3564 2235 similiter

1979 2284 2261 2353 perierunt
2308 2292 2563 2344 mortem,
2618 2280 2922 2351 praesertim
2982 2292 3110 2333 vero
3167 2274 3311 2345 quod
3365 2274 3429 2327 de
3488 2281 3560 2337 te,

1979 2375 2098 2442 ﬁli,
2157 2377 2410 2447 malignae
2465 2390 2496 2430 a
2555 2374 2666 2429 Deo
2719 2381 3107 2428 coronatorum
3166 2368 3558 2437 imperatorum

1981 2483 2140 2524 voces
2171 2484 2273 2524 nos
2311 2468 2566 2535 adierint,
2603 2483 2821 2522 omnem
2855 2480 3046 2520 eorum
3096 2462 3290 2518 mortis
3336 2472 3559 2515 causam

1980 2560 2033 2613 in
2089 2568 2141 2615 te
2186 2560 2560 2631 conjicientes,
2630 2569 2789 2629 teque
2839 2558 3001 2626 hujus
3046 2556 3209 2625 regia:
3262 2549 3562 2621 maiestatis

1980 2651 2203 2706 nomine
2241 2660 2586 2716 accusantes,
2620 2651 2779 2720 cujus
2823 2647 3106 2704 beneﬁciis
3148 2646 3351 2699 fruitus
3383 2658 3464 2708 es,
3502 2651 3559 2695 et

1978 2761 2100 2815 quae
2159 2756 2209 2799 te
2242 2752 2394 2799 tanto
2434 2744 2641 2797 honore
2673 2750 2726 2795 et
2766 2741 2935 2812 gloria
2965 2735 3348 2793 circumdedit.
3385 2732 3561 2789 Maesti

1981 2832 2146 2902 igitur
2176 2832 2368 2888 sumus
2394 2840 2695 2901 propterea,
2729 2831 2852 2883 tilia:
2890 2825 3163 2883 insolabili
3192 2822 3474 2885 maestitia,
3508 2828 3562 2895 te

1973 2925 2282 2995 jurameuta
2316 2924 2549 2979 violasse
2576 2923 2880 2994 cogitantes
2936 2934 3055 2990 qua:
3098 2917 3346 2985 Augusto
3387 2914 3563 2982 impe-

1978 3020 2151 3074 ratori
2193 3028 2383 3073 nostro
2414 3018 2582 3073 Leoni
2629 3017 2983 3089 przestiteras.
3015 3012 3173 3067 Nunc
3223 3018 3402 3064 autem
3436 3019 3560 3060 cum

1978 3127 2075 3182 pcr
2105 3121 2224 3166 tuas
2260 3111 2467 3166 litteras
2500 3125 2550 3165 et
2581 3111 2715 3164 alias
2745 3126 2775 3164 e
2822 3108 3018 3164 castris
3046 3106 3242 3161 missas
3288 3102 3393 3156 alia
3420 3114 3562 3153 non-

283 3202 468 3270 ὅρκων
516 3200 610 3264 οὓς
670 3201 916 3271 ἐποιήσω
948 3200 1087 3270 πρὸς
1132 3199 1225 3253 τὸν
1261 3196 1683 3270 μακαριώτατον
1712 3195 1872 3268 ήμῶν

1979 3201 2124 3257 nulla
2166 3217 2343 3270 neque
2376 3211 2484 3256 tam
2519 3199 2662 3255 l‘ueda
2704 3200 2994 3254 didicimus
3038 3211 3199 3266 quam
3242 3193 3387 3247 fama
3419 3204 3563 3261 pra:-

285 3292 520 3363 βασιλέα
574 3290 671 3345 τὸν
736 3291 895 3361 κύριν
952 3293 1189 3345 Αέονταο
1239 3290 1335 3343 νῦν
1389 3289 1449 3343 δὲ
1494 3290 1584 3345 διὰ
1611 3288 1718 3343 τῶν
1765 3289 1875 3343 σῶν

286 3385 637 3454 γραμμάτων
662 3384 760 3435 καὶ
796 3383 903 3436 τῶν
925 3385 990 3436 ἐκ
1016 3383 1116 3451 τῆς
1140 3382 1453 3450 κοινότητος
1485 3380 1659 3434 ἀναπε
1670 3380 1876 3450 μφθέν-

282 3494 420 3539 των,
476 3476 641 3546 ἕτερά
700 3492 822 3529 τινα
870 3474 1285 3545 διδασκόμενοι,
1338 3475 1435 3528 καὶ
1481 3472 1604 3543 οὐχὶ
1650 3471 1877 3526 τοιαῦτα

281 3571 621 3639 ἀναίσχυντα
646 3562 736 3621 οἷα
784 3566 1227 3638 προαπήγγειλεν
1258 3567 1290 3637 ή
1320 3567 1499 3636 φήμη,
1531 3564 1719 3635 ὥσπερ
1751 3562 1876 3618 τινὰ

284 3662 496 3733 μικρὰν
529 3659 883 3732 παραμυθίαν
919 3660 1030 3715 τῶν
1069 3658 1384 3713 λυπούντων
1430 3660 1749 3729 ἐσχήκαμεν
1773 3673 1787 3689 ο
1826 3657 1875 3711 εί

283 3756 381 3808 καὶ
434 3753 515 3825 μὴ
578 3752 857 3824 ἐλεύθεροι
916 3753 1014 3807 καὶ
1066 3751 1209 3806 οὕτω
1247 3749 1461 3815 δικαίας
1507 3748 1876 3819 ἁναφαίνεσθε

285 3843 557 3914 μέμψεώς
606 3860 667 3897 τε
712 3845 807 3897 καὶ
857 3844 1262 3913 κατακρίσεως.
1313 3842 1496 3897 Ἔστω
1542 3842 1654 3913 γάρ
1695 3841 1875 3914 ἁληθῆ

285 3938 466 3992 πάντα
511 3938 613 3992 ὅσα
663 3938 808 3991 κατὰ
858 3937 950 3990 τοῦ
1003 3936 1373 4000 ἀποθανόντος
1419 3936 1715 4008 πατρικίου
1779 3936 1878 3990 καὶ

281 4030 601 4102 στρατηγοῦ
633 4031 765 4101 παρ’
805 4029 958 4101 ὑμῶν
998 4030 1239 4101 ἐγράφη,
1272 4029 1390 4085 ἀλλ’
1424 4030 1525 4083 οὐκ
1556 4029 1666 4083 ἔδει
1687 4028 1876 4083 τοῦτον

281 4121 420 4193 παρ’
443 4121 599 4194 ὑμῶν
618 4123 716 4194 τὴν
731 4122 1005 4195 τιμωρίαν
1024 4122 1281 4188 δέξασθαι
1308 4140 1322 4156 ο
1356 4122 1493 4178 ἀλλὰ
1512 4121 1665 4194 παρὰ
1693 4122 1872 4189 τίνος;

284 4217 448 4287 Παρὰ
472 4215 574 4287 τῆς
598 4216 781 4286 κοινῆς
813 4216 1133 4279 δεσποτείας
1156 4218 1251 4269 καὶ
1298 4215 1603 4287 βασιλείας,
1642 4214 1774 4286 παρ’
1805 4210 1874 4287 ἦς

285 4308 379 4362 καὶ
411 4308 477 4362 σὺ
541 4307 858 4379 ἐδοξάσθης,
900 4307 993 4361 καὶ
1026 4308 1106 4372 είς
1126 4309 1187 4362 τὸ
1228 4311 1558 4381 στρατηγεῖν
1588 4309 1684 4363 τοῦ
1706 4309 1872 4361 τόπου

284 4404 492 4464 ἐκεῖνος
532 4400 926 4472 προὸἐΰληται.
963 4402 1221 4472 Ἒπρεπε
1267 4401 1404 4471 μετὰ
1445 4401 1544 4465 τὰς
1584 4402 1872 4472 παρακλή-

215 4504 227 4514 ‘
284 4510 421 4556 σεις,
464 4494 606 4563 μετὰ
649 4494 747 4556 τὰς
778 4493 1148 4564 προαιρέσεις,
1197 4493 1335 4563 μετὰ
1378 4493 1477 4558 τὰς
1519 4494 1686 4558 ἄλλας
1718 4494 1870 4563 φιλο-

284 4586 580 4655 φρονήσεις
629 4584 726 4648 τὰς
782 4584 933 4652 παρὰ
967 4584 1063 4638 σοῦ
1093 4585 1231 4655 πρὸς
1269 4584 1432 4639 αὐτὸν
1471 4587 1870 4656 γεγενημένας,

282 4678 405 4731 ἐπεὶ
431 4677 828 4747 ἀπαράκλητος
853 4673 920 4748 ἦν
948 4679 1045 4732 καὶ
1069 4677 1447 4748 ἀδυσώπητος,
1472 4683 1565 4731 καὶ
1598 4678 1735 4749 πρὸς
1777 4678 1875 4749 μό-

281 4790 382 4842 νην
421 4772 653 4839 ἐφέρετο
691 4769 790 4841 τήν
820 4771 1120 4842 πονηρίαν,
1172 4770 1488 4839 ἀνενεγκεῖν
1529 4770 1609 4841 τῷ
1654 4771 1875 4825 θεοστεοο

282 4866 378 4933 φεῖ
441 4862 642 4934 κράτει
702 4863 812 4916 τῶν
875 4861 1142 4933 βασιλέων
1163 4862 1345 4934 ήμῶν,
1390 4864 1486 4917 καὶ
1533 4862 1662 4935 παρ’
1696 4863 1877 4917 αὐτῶν

280 4955 622 5023 ἐξαιτεῖσθαι
653 4956 755 5026 τὴν
796 4955 1170 5026 ἐπανόρθωσιν
1205 4956 1315 5012 τῶν
1360 4957 1570 5023 κακῶν,
1607 4957 1723 5012 ἀλλ’
1747 4958 1872 5029 οὐχὶ

280 5050 545 5119 γενέσθαι
576 5050 724 5119 ὑμᾶς
752 5048 949 5113 αὐτοὺς
980 5051 1160 5117 φονεῖς
1207 5050 1307 5121 μὲν
1346 5051 1455 5105 τῶν
1493 5052 1739 5123 ἀδελφῶν
1772 5056 1868 5109 καὶ

279 5142 612 5208 συνδούλων,
635 5142 921 5209 ἑκδικηταὶ
940 5141 1116 5206 δὲ,.ιῖ›ς
1140 5142 1348 5211 λέγετε,
1371 5144 1480 5197 τῶν
1504 5145 1690 5208 κακῶς
1715 5162 1872 5214 γενο-

282 5234 487 5300 μένων.
526 5232 701 5286 Τοῦτο
751 5228 843 5303 ἦν,
885 5233 1078 5286 τέκνον
1130 5235 1327 5304 ήμῶν,
1368 5237 1433 5305 τῇ
1478 5236 1729 5308 εὐγενείᾳ
1770 5254 1867 5291 σου

280 5326 518 5393 πρέπον,
568 5329 636 5396 τῇ
694 5326 977 5396 φρονήσει,
1004 5328 1072 5398 τῇ
1112 5327 1247 5398 ὀρθῇ
1301 5327 1488 5380 πίστει
1520 5328 1616 5381 καὶ
1654 5328 1866 5400 ἀγάπῃ,

280 5421 349 5488 τῇ
387 5420 528 5492 πρὸς
553 5421 652 5489 τὴν
684 5420 993 5489 βασιλείαν,
1027 5423 1142 5486 τοῖς
1163 5423 1278 5485 σοῖς
1306 5422 1493 5493 ὅρκοις
1507 5421 1601 5486 οὓς
1627 5424 1870 5493 ἐποιήσω

1979 3294 2355 3359 nuntiaverat,
2396 3307 2618 3363 parvam
2670 3291 2907 3361 aliquam
2962 3286 3313 3356 allligentium
3374 3296 3555 3335 rerum

1979 3376 2305 3445 solutionem
2358 3385 2671 3455 accepimus
2706 3402 2719 3438 :
2762 3395 3071 3453 quanquam
3105 3392 3173 3431 ne
3207 3376 3287 3430 sic
3326 3372 3552 3443 quidem

1977 3490 2266 3551 exemptus
2306 3479 2506 3536 videris
2538 3493 2570 3532 a
2614 3475 3012 3547 vituperatione
3052 3482 3144 3526 aut
3172 3466 3551 3541 damnatione.

1977 3570 2093 3626 Etsi
2125 3571 2273 3626 enim
2324 3585 2453 3625 vera
2506 3570 2615 3625 sint
2664 3582 2786 3637 quae
2842 3565 2897 3620 in
2951 3571 3227 3619 mortuum
3262 3556 3555 3630 patricium

1977 3672 2033 3721 et
2064 3664 2259 3720 ducem
2300 3678 2331 3718 a
2370 3672 2421 3719 te
2465 3662 2669 3730 scripta
2719 3666 2873 3725 sunt,
2905 3673 3015 3713 non
3056 3667 3236 3711 tamen
3268 3650 3560 3722 oportebat

1977 3771 2007 3811 ο
2058 3765 2109 3813 te
2159 3756 2210 3811 ei
2256 3770 2471 3826 poenam
2518 3751 2711 3821 inﬂigi.
2760 3750 2868 3806 Sed
2900 3765 2931 3803 a
2975 3746 3133 3818 quo?
3183 3745 3228 3796 Α
3277 3739 3557 3797 communi

1977 3848 2353 3905 dominatione
2383 3859 2439 3903 et
2468 3844 2614 3915 regia
2640 3851 2928 3916 potestate,
2970 3856 2998 3894 a
3042 3854 3149 3909 qua
3183 3844 3255 3901 ,ει
3296 3844 3351 3889 ιιι
3382 3832 3556 3904 gloria

1978 3940 2351 3995 circumdatus
2384 3954 2443 3994 es
2473 3946 2528 3991 et
2558 3936 2647 3992 ille
2681 3936 2747 3989 ad
2787 3935 2891 3989 loci
2936 3927 3385 4002 gubernationem
3418 3925 3557 3979 mis~

1977 4047 2069 4087 sus
2102 4043 2205 4085 est.
2254 4030 2380 4084 Post
2423 4029 2803 4093 hortationes,
2846 4032 2969 4095 post
3005 4022 3234 4078 consilia
3288 4026 3409 4090 post
3455 4018 3558 4072 alia

1974 4124 2374 4182 benevolentiae
2408 4122 2562 4193 signa
2608 4137 2638 4177 a
2687 4129 2741 4176 te
2773 4120 2828 4173 in
2862 4128 2988 4173 eum
3018 4117 3239 4181 collata,
3268 4124 3555 4185 postquam

1977 4234 2154 4292 neque
2192 4216 2531 4273 hortationes
2559 4213 2802 4275 admisit,
2848 4210 2942 4265 sed
2975 4208 3266 4278 impudens
3300 4203 3556 4276 perstitit,

1975 4322 2027 4367 et
2052 4313 2117 4367 ad
2147 4323 2350 4366 meram
2396 4305 2659 4363 malitiam
2692 4303 3000 4376 processit.
3033 4299 3261 4354 decebat
3302 4313 3414 4352 rem
3450 4297 3555 4350 im-

1977 4411 2289 4474 peratorum
2313 4408 2627 4455 nostrorum
2660 4395 2915 4468 potestati
2947 4392 3197 4457 deferre;
3236 4388 3374 4444 etab
3398 4388 3463 4441 iis
3499 4395 3560 4441 ut

1979 4499 2117 4552 mala
2173 4503 2434 4551 curarent
2502 4492 2766 4563 ﬂagitare,
2817 4504 2928 4544 non
2981 4494 3162 4541 autem
3211 4481 3556 4550 temetipsum

1976 4591 2205 4646 l’ratrum
2256 4598 2311 4644 et
2359 4600 2748 4643 conservorum
2782 4580 3135 4644 homicidam,
3175 4588 3251 4644 et,
3309 4586 3365 4629 ut
3397 4573 3557 4639 dicis,

1951 4683 2248 4740 “malarum
2284 4680 2581 4757 iactionum
2634 4678 2866 4734 ultorem
2917 4673 3054 4729 tieri.
3100 4670 3216 4725 lloe
3266 4675 3415 4732 erat,
3456 4664 3554 4727 ﬁli,

1976 4776 2123 4847 quod
2170 4787 2316 4831 tuam
2371 4773 2738 4835 nobilitatem,
2781 4779 2929 4825 tuam
2989 4763 3351 4835 sapientiam,
3409 4769 3556 4812 tuam

1978 4884 2106 4939 erga
2146 4866 2347 4937 regiam
2376 4872 2705 4936 potestatem
2757 4862 2956 4917 bonam
3004 4857 3164 4910 (idem
3205 4860 3262 4908 et
3312 4847 3558 4903 charito-

1979 4971 2109 5023 tcm,
2141 4960 2254 5016 haec
2300 4958 2534 5029 denique
2586 4958 2899 5027 jurameuta
2956 4948 3200 5013 decebat,
3232 4958 3351 5014 qua:
3377 4940 3555 4994 eidem

1976 5065 2032 5110 te
2062 5055 2269 5110 honore
2317 5046 2709 5109 circumdauti‘
2749 5042 3145 5119 (-praastiteras).
3207 5037 3366 5093 Nunc
3424 5046 3557 5085 vero

1975 5163 2085 5203 non
2137 5148 2188 5202 id
2236 5145 2638 5209 tantummodo,
2688 5142 2821 5204 imo,
2882 5147 2943 5193 ut
2996 5136 3174 5197 aiunt,
3208 5127 3409 5188 castris
3444 5125 3553 5179 vim

1976 5237 2209 5294 intulisti
2260 5251 2382 5307 qua:
2428 5244 2532 5291 tua:
2577 5233 2861 5304 potestatis
2908 5232 3219 5291 neuter-aut,
3281 5229 3443 5288 atque
3489 5231 3553 5271 ca

1975 5333 2250 5402 occupasti
2300 5344 2421 5400 quae
2464 5343 2637 5398 usque
2673 5326 2852 5381 adhuc
2891 5337 3004 5377 non
3054 5324 3215 5375 erant
3242 5322 3356 5370 tuae
3378 5309 3556 5366 domi-

1978 5425 2185 5481 nationi
2214 5423 2483 5494 subjecta.

284 5513 422 5581 πρὸς
460 5514 560 5582 τὴν
603 5513 663 5566 σὲ
696 5513 1004 5579 δοξάσασαν
1026 5516 1326 5587 βασιλείαν.
1361 5517 1476 5571 Νῦν
1505 5518 1563 5571 δέ
1601 5520 1660 5571 οὐ
1734 5521 1899 5588 μόνον
1935 5520 2208 5584 τοσοῦτον,
2246 5519 2389 5584 ἀλλ’,
2424 5515 2505 5580 ῶς
2537 5530 2729 5585 φασιν,
2774 5509 3059 5582 ἐχειρώσω
3098 5506 3198 5563 καὶ
3229 5502 3449 5576 κάπροι
3478 5499 3550 5554 τὰ

291 5606 561 5675 μηδαμῶς
586 5606 723 5675 πρὸς
749 5606 849 5678 τὴν
884 5608 984 5679 σὴν
1028 5608 1279 5672 ἐξουσίαν
1310 5611 1611 5680 ἀνήκοντα,
1638 5616 1731 5667 καὶ
1758 5615 1865 5670 ὑπὸ
1901 5616 2002 5689 τὴν
2032 5617 2133 5685 σὴν
2195 5615 2441 5686 ἐποιήσω
2496 5612 2872 5680 ἐπικράτειαν,
2903 5606 2940 5662 ὃ.
2976 5605 3139 5679 μέχρι
3169 5600 3263 5658 τοῦ
3280 5601 3551 5673 παρόντος

291 5699 420 5767 trp-5;
462 5697 562 5767 τὴν
590 5701 689 5765 σὴν
712 5700 811 5754 οὐκ
843 5700 1139 5771 ἐγνώριζεν
1175 5703 1553 5774 ἐπικράτειαν.

366 5790 580 5854 Ταῦτα,
649 5797 835 5847 τέκνον
871 5795 1049 5866 ἡμῶν,
1082 5798 1125 5849 εξ
1160 5796 1378 5869 ἀληθῶς
1430 5800 1727 5874 διεπράξω,
1773 5805 1871 5859 οὐκ

2054 5802 2197 5870 Ναὶς,
2232 5804 2320 5872 illi,
2354 5804 2396 5858 si
2429 5815 2550 5859 vere
2576 5795 2771 5869 egeris,
2800 5814 3045 5871 quaenam
3077 5796 3308 5855 inveniri
3344 5793 3545 5867 poterit
