4038 6204
493 346 598 412 287

1630 348 1941 411 NICOLAI
1983 349 2097 410 (ΞΡ.
2137 347 2652 408 ΡΑΤΠΙΛΒΟΙΙΕ

3643 345 3762 408 238

492 458 772 513 defensio?
817 457 948 524 Quae
999 461 1138 514 ratio
1181 462 1466 516 nobiscum
1519 461 1684 515 stabit
1719 469 1777 514 ut
1808 460 2068 515 ostenda-

2196 455 2284 512 ιῖδα
2341 460 2424 523 τίς
2473 459 2832 530 εὑρεθήσεται
2894 459 3195 528 ἀπολογία,
3268 477 3349 523 τις
3409 458 3566 525 λόγος
3623 461 3762 528 ἡμῖν

495 566 619 603 mus
667 559 719 604 te
751 564 963 620 magna?
989 564 1036 607 et
1084 554 1314 610 excelsae
1345 555 1506 623 regiae
1544 554 1794 623 potestati
1835 553 2072 607 debitam

494 641 930 697 benevolentiam
959 651 1014 699 et
1059 645 1428 700 obedientiam
1458 644 1640 700 adhuc
1666 643 1934 699 servare?
1967 642 2078 698 Nos

492 742 675 786 tamen
707 733 926 789 allatam
961 735 1161 790 famam
1204 737 1474 793 increduli
1507 738 1870 808 accipientes.
1905 748 1956 792 et
1993 753 2079 792 re-

493 824 742 879 centibus
795 826 988 882 litteris
1039 829 1212 898 magis
1284 830 1671 894 adhaerentes,
1715 836 2005 898 coronatos
2048 843 2080 882 a

495 911 606 966 Deo
669 913 1026 983 imperatores
1073 933 1199 970 eum
1266 919 1522 988 lacrymis
1579 919 1951 980 exoravimus.
2009 933 2076 971 ne

492 1018 649 1055 suam
706 1018 832 1081 erga
875 1014 925 1059 te
975 1008 1202 1073 gratiam
1246 1009 1566 1076 deponant,
1622 1023 1798 1078 neque
1845 1008 2074 1062 credant

493 1092 656 1146 aliam
689 1103 742 1148 te
775 1096 932 1150 tidem
968 1106 1022 1151 et
1060 1098 1492 1153 benevolentiam
1523 1113 1587 1154 ac
1617 1109 1776 1154 antea
1821 1113 1950 1168 erga
1989 1113 2073 1152 re-

491 1183 635 1254 giam
666 1195 984 1254 potestatem
1015 1189 1198 1254 alere;
1230 1193 1322 1245 sed
1351 1199 1408 1244 ut
1432 1201 1557 1244 ante
1585 1189 1699 1245 haec
1729 1191 1868 1245 mala
1899 1202 2080 1245 tecum

490 1288 746 1345 vegerut,
799 1280 872 1332 ita
909 1296 1058 1335 nunc
1085 1297 1302 1351 quoque
1335 1294 1510 1337 tecum
1543 1290 1708 1352 agant
1734 1297 1795 1337 ea
1833 1298 1954 1352 quae
1985 1291 2067 1337 te-

497 1383 646 1422 mere
692 1368 836 1424 facta
878 1379 1038 1435 sunt,
1079 1373 1480 1442 despicientes;
1536 1374 1913 1428 Ursoleontem
1968 1374 2085 1443 qui-

497 1459 620 1512 dem
675 1462 927 1518 criminis
953 1472 1254 1528 auctorem,
1289 1475 1339 1520 te
1366 1481 1494 1519 vero
1517 1473 1708 1518 contra
1739 1464 2077 1519 voluntatem

499 1565 679 1610 rerum
716 1555 1135 1611 considerando.

2186 551 2598 616 συναγωνιεῖται
2658 550 2796 622 πρὸς
2855 549 2915 603 τὸ
2972 550 3262 619 συστῆσαι,
3307 551 3390 602 ὅτι
3437 547 3632 613 σώζεις
3680 549 3763 604 ἔτι

2185 641 2282 712 τὴν
2327 641 2684 714 ὀφειλομένην
2741 642 2954 697 εὔνοιαν
3010 644 3110 697 καὶ
3148 642 3248 713 τὴν
3283 643 3564 712 ὑποταγὴν
3625 643 3764 712 πρὸς

2185 733 2284 802 τὴν
2325 735 2571 804 μεγάλην
2621 736 2713 788 καὶ
2771 735 2981 807 ὑψηλὴν
3031 734 3324 806 βασιλείαν.
3368 735 3556 803 Ὅμως
3601 733 3765 803 ἡμεῖς

2190 825 2509 894 ἀμφιϐόλως
2536 827 2872 897 διακείμενοι
2919 827 3056 898 πρὸς
3086 825 3186 897 τὴν
3226 824 3610 894 προλαϐοῦσαν
3657 825 3768 894 φή-

2193 933 2321 986 μην,
2358 918 2452 970 καὶ
2487 918 2690 988 μᾶλλον
2713 921 2843 980 ,τοῖς
2892 920 3016 989 ἄρτι
3043 917 3413 971 καταλαϐοῦσι
3467 915 3766 986 γράμμασι

2182 1009 2617 1078 προστιθέμενοι,
2641 1009 3089 1077 τοῦςθεοστεῳεῖς
3123 1009 3275 1078 ἡμῶν
3305 1008 3543 1076 βασιλεῖς
3587 1008 3720 1060 ὲδδσ
3746 1036 3760 1046 -

2178 1102 2485 1170 ωγτὴσαμεν
2556 1103 2628 1170 μὴ
2667 1103 2927 1169 ἐκστῆναι
2959 1103 3056 1168 τῆς
3089 1103 3226 1168 πρὸς
3260 1102 3405 1170 ὑμᾶς
3447 1100 3766 1162 διαθέσεως,

2192 1195 2325 1264 μηδὲ
2385 1193 2702 1264 ἀλλοτρίους
2759 1193 3004 1264 νομίζειν
3051 1195 3149 1263 τὴν
3211 1193 3396 1247 πίστιν
3431 1193 3526 1245 καὶ
3553 1193 3768 1244 εὔνοιαν

2187 1282 2564 1347 διασωζόντων
2605 1283 2740 1353 πρὸς
2791 1283 2892 1354 τὴν
2926 1283 3206 1353 βασιλείαν
3259 1283 3458 1346 αὐτῶν,
3497 1281 3632 1336 ἀλλά
3677 1284 3768 1334 καὶ

2186 1377 2290 1439 ἔτι,
2315 1375 2498 1439 καθὼς
2521 1378 2616 1430 καὶ
2631 1377 2736 1447 πρὸ
2750 1376 2860 1428 τῶν
2887 1375 3317 1447 συμϐεϐηκότων
3344 1375 3557 1428 τούτων
3575 1375 3766 1428 κακῶν

2183 1469 2452 1521 διέκειντο
2489 1469 2625 1540 πρὸς
2657 1469 2822 1536 ὑμᾶς,
2853 1467 3025 1531 οὕτως
3061 1469 3208 1538 ἔχειν
3237 1470 3362 1538 περὶ
3385 1469 3561 1537 ὑμῶν,
3589 1484 3770 1536 παρα-

2185 1561 2490 1626 ϐλέψαντες
2529 1562 2596 1614 τά
2619 1563 2984 1631 τολμηθέντα,
3016 1563 3135 1616 εῖτι
3158 1564 3252 1616 καὶ
3275 1561 3496 1629 γέγονεν
3518 1575 3530 1592 τ
3558 1560 3632 1622 ὡς
3669 1560 3769 1629 τὴν

497 1647 752 1717 ἀφορμὴν
788 1649 888 1718 μὲν
917 1649 1209 1714 δεδωκότος
1265 1649 1360 1704 τοῦ
1408 1649 1824 1721 Οὐρσολέοντος,
1859 1649 2015 1721 ὑμῶν
2048 1649 2106 1703 δὲ
2149 1651 2511 1722 ἀνθρωπίνως
2543 1655 3034 1726 συναρπασθέντων
3069 1656 3162 1708 καὶ
3240 1653 3582 1725 πραξάντων,
3631 1651 3666 1704 ἃ
3696 1651 3771 1722 μὴ

499 1739 605 1792 ἔδει
629 1742 968 1812 πραχθῆναι.

558 1816 695 1890 ἸιΙοο
716 1845 774 1890 ιιι
802 1837 1425 1907 Longobardim,pr;etor
1451 1837 1708 1894 eﬂlciaris
1736 1839 1877 1910 apud
1907 1840 2082 1909 impe-

2259 1835 2359 1887 Διά
2397 1833 2555 1887 τοῦτο
2603 1834 2698 1887 καὶ
2745 1835 2871 1904 περὶ
2924 1832 3018 1886 τοῦ
3049 1832 3306 1901 γενέσθαι
3351 1850 3410 1886 σε
3465 1837 3771 1904 στρατηγὸν

498 1941 710 1983 ratores
738 1944 926 1998 preces
955 1931 1336 1995 adhibuimus,
1362 1946 1666 2001 eorumque
1697 1932 2080 1986 benevolentia

503 2019 862 2090 prtecedeutta
894 2033 1115 2090 peccata
1147 2023 1379 2088 remisit,
1408 2038 1587 2092 neque
1623 2025 1850 2078 omnino
1884 2040 2086 2080 munus

502 2111 740 2177 prmtorii
795 2111 954 2166 officii
1017 2113 1161 2180 quod
1231 2114 1480 2170 ambibas
1531 2115 1762 2184 repulit;
1840 2116 1975 2180 sed,
2031 2127 2090 2172 ut

502 2217 716 2255 seruum
777 2210 878 2270 est,
918 2202 1107 2258 formre
1168 2215 1272 2260 tua:
1310 2217 1361 2260 et
1403 2208 1630 2262 sincerae
1685 2217 1738 2261 et
1794 2223 1888 2276 per
1923 2218 2087 2261 totam

507 2295 670 2347 vitam
720 2309 846 2363 erga
891 2309 950 2349 se
998 2296 1389 2353 submissionis
1428 2310 1481 2352 et
1526 2299 1776 2369 obsequii
1809 2300 1961 2370 signa
1995 2315 2089 2355 ex-

507 2394 717 2455 spectat
765 2400 781 2442 :
813 2402 932 2457 quae
961 2388 1266 2444 satisfactio
1297 2390 1390 2444 tibi
1425 2405 1519 2460 per
1549 2391 1906 2446 honorilicum
1941 2407 2094 2446 man-

506 2477 692 2531 datum
731 2479 969 2535 revelata
993 2491 1096 2544 est.
1127 2490 1180 2536 et
1213 2497 1311 2536 nos
1337 2481 1701 2558 praesentibus
1736 2482 1934 2537 litteris
1965 2499 2085 2536 eam

507 2569 607 2624 tibi
663 2581 846 2626 notam
899 2571 1155 2629 facimus.
1210 2573 1373 2629 Juhet
1419 2589 1584 2644 porro
1632 2583 1758 2629 ante
1804 2576 1986 2629 omnia
2039 2585 2090 2629 te

505 2673 685 2716 castra
712 2663 1023 2733 relinquere
1058 2679 1177 2735 qum
1209 2665 1360 2719 nullo
1385 2664 1512 2732 jure
1542 2673 1666 2735 post
1688 2665 2090 2719 contumaciam

507 2760 655 2805 tuam
686 2761 868 2807 tenere
895 2767 1002 2806 non
1028 2752 1235 2809 desiisti
1256 2771 1272 2821 ;
1295 2754 1491 2809 deinde
1515 2756 1659 2824 quod
1685 2757 1854 2810 altera
1885 2752 2093 2810 decreti

509 2858 635 2911 pars
664 2853 768 2908 est,
789 2859 851 2898 ea
875 2845 1052 2900 facere
1083 2862 1204 2915 quae
1225 2848 1290 2902 de
1313 2863 1482 2901 uxore
1504 2848 1643 2901 etde
1665 2825 1882 2903 seccssu
1914 2849 1966 2901 in
2000 2849 2096 2902 Pc-

511 2932 806 3000 loponncso
835 2975 848 2988 .
874 2933 1124 2987 mandata
1169 2944 1317 2988 sunt.
1364 2937 1420 2989 Si
1450 2951 1576 2990 vero
1621 2937 1723 2990 hoc
1758 2936 1936 2992 facere
1985 2953 2094 2992 non

508 3023 737 3092 poteris,
765 3024 955 3078 saltem
995 3041 1058 3080 ex
1105 3025 1209 3080 tuis
1244 3027 1367 3081 filiis
1393 3029 1620 3081 alterum
1655 3030 1857 3095 mittas,
1886 3039 1943 3084 ut
1970 3044 2094 3083 cum

515 3115 627 3166 lilio
665 3124 758 3168 tuo
781 3116 872 3185 qui
898 3115 1010 3186 jam
1054 3118 1139 3171 hic
1166 3130 1248 3174 est
1280 3135 1611 3175 convcrsans
1639 3123 1786 3191 regio
1812 3122 2021 3176 honore
2043 3129 2098 3175 et

2190 1927 2592 1998 Λογγιὸαρδίας
2649 1926 2839 1995 λόγους
2888 1925 3271 1996 ἐποιησάμεθα
3319 1926 3457 1996 πρὸς
3497 1928 3594 1997 τὴν
3619 1928 3776 1998 316t-

2190 2022 2341 2075 λείαν
2399 2019 2597 2083 αὐτῶν,
2649 2018 2743 2070 καὶ⁵
2773 2017 2807 2087 ἦ
2836 2035 2899 2086 γε
2918 2016 3126 2070 τούτων
3171 2018 3428 2086 εὐμένεια
3473 2020 3566 2072 καὶ
3594 2019 3662 2071 τὰ
3687 2037 3776 2088 γε·

2190 2114 2384 2184 γονότα
2433 2111 2656 2181 παρεῖδε
2717 2109 3012 2178 σφάλματα
3054 2111 3144 2162 καὶ
3175 2109 3235 2161 τὸ
3266 2112 3602 2164 κατανεῦσαι
3634 2115 3772 2183 πρὸς

2193 2206 2292 2275 τὴν
2313 2203 2684 2271 στρατηγικὴν
2717 2200 2871 2269 ὑμῶν
2904 2199 3176 2270 προϐολὴν
3227 2201 3286 2252 οὐ
3337 2201 3614 2265 παντελῶς
3667 2204 3773 2256 ἀπ-

2191 2296 2512 2366 ηγόρευσεν,
2539 2292 2675 2346 ἀλλὰ
2701 2293 2872 2361 ζητεῖ,
2908 2291 3101 2362 ὥσπερ
3125 2293 3269 2345 ἔστιν
3299 2292 3610 2358 ἀκόλουθον,
3636 2295 3776 2365 πλη-υ

2199 2389 2454 2460 ροψορίαν
2497 2387 2752 2452 δέξασθαι
2813 2387 2944 2456 παρ’
3008 2387 3160 2454 ὑμῶν
3199 2388 3298 2456 τῆς
3355 2388 3631 2458 ἀσφαλοῦς
3675 2390 3772 2442 καὶ

2197 2479 2485 2533 ἀνοθεύτου
2539 2477 2676 2548 πρὸς
2699 2477 2797 2548 τὴν
2838 2477 3116 2547 βασιλείαν
3167 2477 3352 2531 αὐτῶν
3400 2479 3643 2549 ἀγάπης,
3677 2481 3772 2534 καὶ

2199 2570 2365 2640 μέχρι
2401 2569 2515 2641 βίου
2548 2568 2753 2631 παντὸς
2781 2568 3062 2637 ὑποταγῆς
3101 2569 3196 2621 καὶ
3236 2567 3568 2629 δουλώσεως.
3624 2571 3686 2622 Ἥ
3710 2569 3770 2622 δὲ

2197 2659 2543 2732 πληροφορία
2563 2661 2656 2711 καὶ
2678 2659 2765 2712 διὰ
2786 2658 2975 2727 τιμίας
2993 2657 3173 2711 αὐτῶν
3201 2657 3503 2721 κελεύσεως
3524 2658 3768 2728 ἐδηλώθη

2199 2771 2304 2819 σοι,
2358 2755 2452 2806 καὶ
2505 2753 2664 2821 ἡμεῖς
2719 2751 2775 2804 δὲ
2834 2750 2911 2819 τῷ
2959 2751 3187 2820 παρόντι
3229 2751 3519 2821 γράμματι
3565 2752 3776 2821 ταύτην

2201 2841 2664 2913 ἐνσημαινόμεθα,
2721 2841 2828 2910 πρὸ
2880 2842 3082 2905 παντὸς
3129 2841 3290 2895 ἄλλον
3343 2841 3664 2894 καταλιπεῖν
3702 2845 3774 2896 τά

2199 2934 2430 3002 κάστρα,
2466 2927 2541 2986 ὧν
2574 2934 2742 3002 μήπω
2798 2933 3064 3003 πρότερον
3115 2932 3468 2998 ἐξουσιάζων,
3511 2933 3606 2986 νῦν
3646 2934 3779 2986 ἰδιο-

2200 3026 2413 3095 ποιήσω
2452 3023 2551 3095 τὴν
2581 3023 2830 3087 ἐξουσίαν
2873 3024 3011 3094 μετά
3039 3023 3136 3093 τὴν
3163 3026 3466 3095 γενομένην
3517 3023 3773 3091 ἀταξίαν.

2201 3115 2466 3184 Δεύτερον
2495 3114 2523 3166 ὅ
2565 3115 2781 3177 πάντως
2835 3115 2930 3167 καὶ
2957 3115 3185 3182 παρέξει
3219 3117 3317 3186 τὴν
3341 3115 3527 3185 ἐντελῆ
3560 3115 3773 3185 πληρο-

513 3219 740 3260 munere
781 3206 1012 3264 fruatur.
1055 3209 1181 3266 llaec
1210 3212 1253 3265 si
1287 3211 1511 3274 feceris,
1553 3214 1886 3278 utdiximus,
1942 3212 2089 3282 quasi

2202 3207 2416 3276 φορίαν,
2449 3205 2482 3258 ἂ
2522 3206 2648 3274 περὶ
2685 3205 2783 3275 τῆς
2820 3206 3080 3273 γυναικὸς
3137 3209 3227 3259 καὶ
3258 3208 3358 3277 τῆς
3409 3209 3468 3260 ἐν
3512 3208 3777 3259 Πελοπονο

511 3312 618 3350 non
658 3299 1006 3364 accidissent,
1049 3317 1169 3369 qua:
1208 3303 1522 3357 acciderunt
1551 3303 1776 3357 crimina
1814 3305 2094 3357 remitten-

512 3391 891 3459 tes,precibns
935 3394 1043 3448 tuis
1081 3393 1332 3448 ell‘ectnm
1362 3393 1553 3447 dantes
1595 3405 1644 3447 te
1686 3394 1852 3448 totius
1876 3395 2094 3464 Longo-

517 3482 718 3537 bardite
759 3493 1040 3552 prmtorem
1091 3486 1467 3539 declarabunt.
1504 3485 1627 3540 Ιῐαιο
1659 3502 1685 3538 a
1716 3487 1871 3541 nobis
1918 3501 2016 3556 Pro
2043 3497 2094 3541 te

515 3574 654 3640 apud
697 3589 921 3644 magnos
954 3586 1005 3627 et
1038 3577 1281 3630 excelsos
1306 3577 1665 3646 imperatores
1702 3588 1918 3634 nostros
1953 3580 2090 3633 facta

517 3674 644 3719 sunt
671 3674 725 3718 et
750 3682 912 3734 quam
951 3683 1001 3719 In
1027 3677 1076 3720 te
1106 3668 1563 3734 benevolentiam,
1590 3683 1650 3721 ac
1675 3671 2096 3724 tnunilicentiam

517 3756 787 3823 llrabeant,
819 3773 910 3825 per
943 3759 1105 3813 hasce
1137 3760 1343 3815 litteras
1369 3761 1555 3824 discis.
1594 3762 1770 3816 Tuum
1804 3771 1887 3816 est
1937 3761 2101 3832 igitur

518 3850 632 3903 sive
662 3851 797 3903 iram
827 3865 1014 3904 eorum
1049 3853 1142 3905 tibi
1169 3853 1467 3918 attrahere,
1492 3853 1603 3907 sive
1634 3869 1823 3908 eorum
1855 3853 2095 3907 benevo-

519 3943 680 3997 lmtia
713 3955 762 3996 et
794 3944 1049 4008 bonitate,
1081 3951 1138 3996 ut
1169 3960 1328 4012 spero
1360 3955 1411 3999 et
1445 3947 1626 4014 cupio,
1665 3945 1794 3999 frui.

2202 3300 2351 3368 νήσῳ
2380 3299 2661 3367 διαγωγῆς
2701 3298 2998 3368 ἐκελεύσθη
3047 3317 3152 3354 σοι.
3184 3299 3244 3353 ΕΞ
3269 3301 3325 3353 δὲ
3373 3300 3527 3353 τοῦτό
3575 3318 3656 3353 σοι
3692 3301 3774 3372 μὴ

2201 3392 2444 3454 δυνατὸν,
2480 3391 2616 3444 ἀλλά
2646 3407 2708 3458 γε
2747 3392 2841 3444 καὶ
2877 3392 2970 3445 ⁸τον
3003 3392 3190 3463 ἓτερον
3222 3393 3332 3447 τῶν
3355 3395 3484 3447 υἱῶν
3519 3411 3610 3446 σου
3633 3395 3777 3462 πρὸς

2202 3482 2269 3534 τὰ
2305 3481 2534 3535 ἐνταῦθα
2571 3483 3030 3554 ἐξαποσταλῆναι,
3067 3486 3155 3538 ἵνα
3199 3487 3340 3554 μετᾶ
3383 3485 3478 3538 τοῦ
3536 3486 3776 3540 ἐνταῦθα

2203 3573 2354 3635 ὄντος
2409 3574 2598 3637 παιδός
2646 3591 2738 3627 σου
2801 3575 2976 3629 συνὼν
3034 3577 3130 3630 καὶ
3175 3577 3470 3644 συνδιάγων
3533 3577 3635 3644 τῆς
3677 3577 3781 3647 βα-

2196 3664 2416 3731 σιλικῆς
2467 3665 2632 3734 τιμῆς
2675 3667 2770 3720 καὶ
2819 3667 3158 3738 ἀντιλήψεως
3219 3668 3487 3738 ἀπολαύῃ.
3552 3668 3781 3722 Τούτων

2199 3757 2348 3826 παρὰ
2399 3756 2494 3809 σοῦ
2526 3760 2849 3827 γινομένων,
2884 3759 3076 3830 ὥσπερ
3119 3763 3352 3830 ἔφημεν,
3391 3761 3467 3821 ὡς
3501 3761 3634 3831 μηδὲ
3671 3762 3781 3831 τὴν

2198 3849 2372 3918 ἀρχὴν
2425 3852 2699 3920 γενόμενα
2773 3853 2917 3923 άπερ
2981 3854 3198 3921 ἐγένετο
3235 3855 3524 3923 σφάλματα
3596 3871 3778 3924 παρο-

2202 3943 2404 4010 ρῶντες
2451 3946 2500 3996 οἱ
2553 3945 2864 4012 θεοστεφεῖς
2893 3947 3050 4014 ἡμῶν
3095 3947 3335 4016 βασιλεῖς
3366 3950 3431 4017 τῇ
3465 3949 3529 4016 σῇ
3557 3948 3780 4016 αἰτήσει

520 4031 748 4086 Sil-sonat
781 4036 974 4104 πέρας,
1025 4035 1117 4089 καὶ⁵
1157 4039 1464 4108 στρατηγόν
1523 4055 1582 4090 σε
1635 4040 1730 4110 τῆς
1782 4039 1910 4108 ὅλης
1973 4035 2376 4104 Λογγιϐαρδίας
2415 4038 2782 4102 ἁναδείξουσιν
2821 4057 2836 4070 ·
2866 4039 2900 4093 ἃ
2931 4040 3030 4110 μὲν
3074 4041 3415 4108 ἐσπουδάσθη
3459 4040 3781 4109 παρ’ήμῶν

523 4129 659 4195 πρὸς
714 4130 841 4192 τοὺς
901 4129 1173 4199 μεγάλους
1249 4132 1346 4184 καὶ
1409 4131 1648 4202 ὑψηλοὺς
1699 4131 1858 4202 ἡμῶν
1895 4129 2137 4201 βασιλεῖς
2168 4129 2309 4199 ὑπὲρ
2339 4130 2456 4193 σοῦ,
2515 4132 2606 4182 καὶ
2653 4132 2719 4200 ἣν
2754 4131 2937 4201 ἔχουσι
2967 4132 3194 4202 γνώμην
3224 4135 3358 4203 πρὸς
3395 4135 3492 4202 τὴν
3562 4134 3660 4201 σὴν
3694 4132 3784 4183 ἔτι

521 4224 840 4295 εὐεργεσίαν
877 4225 974 4278 καὶ
1042 4226 1352 4296 ἀντίληψιν,
1391 4228 1499 4281 ἰδοῦ
1531 4227 1618 4281 διὰ
1667 4227 1761 4280 τοῦ
1803 4226 2132 4296 γράμματος
2177 4226 2488 4294 μανθάνεις.
2527 4227 2599 4278 Τὸ
2623 4227 2809 4279 λοιπὸν
2850 4227 2942 4279 σόν
2978 4229 3178 4298 ἐστινῆ
3227 4229 3326 4300 τὴν
3386 4229 3559 4298 ὀργὴν
3592 4226 3784 4280 αὐτῶν

521 4318 952 4385 ἐπισπάσασθαι,
1013 4319 1046 4390 ἢ
1095 4320 1194 4390 τῆς
1227 4321 1516 4392 εὐμενείας
1561 4320 1656 4373 καὶ
1696 4319 2054 4390 ἀγαθότητος,
2101 4319 2238 4389 ὅπερ
2273 4319 2476 4383 ἐλπίζω
2501 4321 2594 4372 καὶ
2613 4320 3241 4390 εὔχομαι,ἁπολαύσειν.

879 4455 1164 4513 LXXXI".
1204 4456 1440 4511 ldrontis
1476 4459 1733 4525 episcopo.

594 4592 972 4660 Quasquidem
997 4593 1258 4648 dedivina
1297 4595 1605 4649 ethnmana
1642 4595 1882 4650 restituta
1920 4596 1970 4649 in
1993 4595 2097 4649 Ec-

523 4684 685 4738 ulesia
718 4699 849 4752 pace
879 4685 1080 4752 gratias
1113 4686 1408 4756 agis,hene
1430 4688 1568 4755 agis.
1607 4685 1840 4752 Quando
1863 4688 2005 4742 enim
2043 4688 2097 4741 in

524 4791 583 4827 re
616 4783 722 4828 tam
753 4774 977 4830 salutari
1013 4791 1174 4830 nemo
1204 4787 1304 4840 est,
1333 4777 1550 4832 etiarnsi
1581 4793 1687 4832 non
1720 4779 1867 4831 omni
1903 4779 2098 4848 populo

525 4867 712 4937 praesit
743 4867 834 4936 qui
864 4867 930 4921 de
961 4883 1131 4923 saera:
1164 4871 1599 4938 congregationis
1651 4871 1940 4926 concordia
1988 4871 2097 4927 Deo

524 4962 728 5032 gratias
752 4976 858 5015 non
877 4963 1302 5032 agat,qnomodo
1321 4979 1428 5018 non
1447 4963 1662 5032 iussum
1685 4965 1755 5018 sit
1787 4964 1959 5026 nos.si
1980 4965 2096 5019 fieri

527 5053 718 5122 possit,
756 5067 863 5106 non
922 5060 1126 5105 tantum
1163 5052 1368 5122 lingua,
1405 5053 1497 5108 sed
1527 5063 1582 5108 et
1625 5053 1884 5109 omnibus
1923 5069 2098 5108 mem-

527 5147 659 5212 hris,
693 5145 897 5216 gratias
929 5159 1111 5212 agere,
1143 5161 1303 5220 quos,
1337 5147 1438 5200 etsi
1492 5146 1766 5218 indignos,
1817 5148 1958 5202 sacri
1996 5148 2097 5200 mi-

527 5238 736 5292 nisterii
771 5237 978 5292 circulo
1011 5238 1303 5307 praeposuit
1335 5236 1586 5293 Christus
1618 5249 1802 5294 noster
1832 5249 1883 5292 et
1915 5237 2096 5292 Deus?

528 5327 634 5380 Sed
669 5328 957 5399 oportebat
983 5343 1102 5382 cum
1133 5327 1346 5396 propria
1373 5329 1672 5398 gratiarum
1707 5331 1926 5383 actione
1962 5341 2012 5384 te
2044 5340 2099 5384 et

535 5419 639 5471 huc
667 5423 847 5476 omnia
879 5419 944 5474 ad
974 5434 1073 5474 nos
1102 5419 1452 5484 descendere,
1491 5432 1543 5474 et
1573 5423 1940 5477 communiter
1971 5439 2094 5476 cum

534 5507 795 5566 fratribus
860 5519 975 5565 tum
1043 5511 1314 5582 episcopis
1351 5514 1557 5582 gratias
1599 5529 1758 5584 agere
1803 5519 2012 5569 auctori
2047 5526 2101 5570 et

535 5599 766 5652 arbitrio
803 5604 950 5666 pacis
978 5611 1032 5656 ct
1061 5603 1236 5672 primo
1283 5612 1335 5656 et
1367 5619 1562 5673 magno
1602 5604 1850 5658 l-‘ontitici
1879 5614 1934 5659 et
1969 5606 2098 5660 Deo.-

536 5686 638 5740 Sed
688 5693 742 5737 et
778 5702 922 5743 nunc
963 5706 1030 5744 ne
1073 5693 1294 5748 omittas
1350 5692 1547 5758 facere,
1589 5709 1766 5761 neque
1796 5695 2000 5750 diutius
2034 5695 2098 5748 ad

527 5793 631 5834 nos
661 5778 895 5834 transire
927 5780 1164 5838 dill'eras.
1195 5783 1316 5841 lleee
1345 5785 1563 5858 quidem
1593 5785 1658 5842 de
1693 5786 1792 5841 hac
1821 5801 1899 5844 re.
1943 5787 2098 5856 Quod

2124 4496 2172 4556 D

2586 4455 2710 4509 ΠΡ.
2767 4455 2849 4521 Τῷ
2882 4457 2988 4510 τοῦ
3029 4456 3383 4525 Ἰδροῦντος.

2279 4585 2347 4636 "A
2383 4585 2479 4652 μὲν
2507 4586 2635 4656 περὶ
2688 4586 2789 4655 τῆς
2836 4585 2990 4648 θείας
3037 4586 3131 4640 καὶ
3161 4587 3508 4658 ἀνθρωπίνης
3540 4588 3780 4660 βραδέο-

2201 4673 2388 4746 θείσης
2423 4677 2650 4747 εἰρήνης
2679 4678 2736 4730 ἐν
2761 4680 2826 4748 τῇ
2867 4678 3165 4749 Ἐκκλησία
3192 4679 3556 4748 εὐχαριστεῖς,
3591 4684 3780 4748 καλῶς

2200 4768 2565 4837 εὐχαριστεῖς.
2621 4768 2794 4821 Ὅπου
2843 4769 2954 4838 γάρ
3008 4771 3099 4821 ἐπὶ
3137 4770 3214 4841 τῷ
3242 4771 3467 4842 τοιούτῳ
3518 4777 3780 4845 σωτηρίῳ

2202 4857 2490 4927 πράγματι
2549 4859 2723 4921 οὐδεὶς
2765 4859 3010 4912 οὐδὲτοῦ
3058 4859 3430 4930 πληρώματος
3489 4862 3584 4916 τοῦ
3639 4864 3775 4918 λαοῦ

2201 4952 2562 5022 καθέστηκεν,
2595 4952 2654 5014 ὃς
2703 4952 2823 5021 οὐχί
2876 4951 2974 5021 τὴν
3030 4953 3386 5024 εὐχαριστίαν
3421 4955 3636 5008 δίδωσιν
3684 4957 3786 5010 ἐπὶ

2199 5048 2265 5116 τῇ
2315 5046 2536 5116 ὁμονοία
2596 5045 2690 5098 τοῦ
2757 5044 3031 5116 ἱερατικοῦ
3085 5046 3454 5116 πληρώματος
3505 5047 3584 5116 τῷ
3629 5048 3779 5118 Θεῷ,

2202 5139 2318 5201 πῶς
2349 5140 2447 5192 οὐκ
2476 5139 2648 5202 ἀξιον,
2683 5139 2730 5190 εἰ
2761 5138 3006 5205 δυνατὸν,
3047 5138 3121 5210 μὴ
3166 5139 3326 5207 μόνον
3358 5139 3604 5211 γλώσσῃ.
3638 5141 3780 5194 ἀλλὰ

2201 5230 2298 5284 καὶ
2351 5232 2483 5283 πᾶσι
2533 5233 2646 5292 τοῖς
2691 5229 2874 5292 ἀλλοις
2905 5231 3120 5299 μέλεσιν
3153 5233 3300 5301 ἡμᾶς
3342 5232 3654 5302 ἐκπληροῦν
3676 5233 3783 5300 τὴν

2202 5322 2574 5390 εὐχαριστίαν.
2611 5321 2726 5384 οὓς,
2759 5324 2805 5373 εί,
2834 5324 2927 5374 καὶ
2962 5322 3243 5387 ἀναξίους,
3266 5323 3452 5393 κύκλῳ
3485 5323 3578 5376 τοῦ
3613 5323 3782 5388 ἀγίου

2203 5413 2592 5481 θυσιαστηρίου
2621 5415 2962 5483 παρέστησεν
2982 5416 3009 5466 ὁ
3035 5415 3270 5482 Χριστὸς
3301 5416 3461 5484 ἡμῶν
3484 5416 3575 5469 καὶ
3603 5414 3737 5475 Θεός
3763 5430 3780 5479 ;

2217 5505 2356 5559 ’Λλλ’
2391 5506 2497 5558 ἔδει
2553 5510 2687 5575 μετὰ
2718 5509 2818 5575 τῆς
2882 5507 3018 5570 ιδίας
3051 5509 3405 5578 εὐχαριστίας
3436 5509 3504 5562 τὰ
3543 5509 3786 5562 ἐνταῦθα

2203 5598 2532 5652 καταλαϐεῖν
2563 5615 2646 5664 σε,
2703 5599 2799 5651 καὶ
2853 5598 3050 5662 κοινῶς
3091 5603 3230 5669 μετά
3257 5603 3364 5654 τῶν
3400 5601 3644 5671 ἀδελφῶν
3679 5617 3789 5655 σου

2205 5691 2300 5742 καὶ
2325 5689 2730 5760 συναρχιερέων
2767 5690 3164 5760 εὐχαριστῆσαι
3213 5692 3291 5760 τῷ
3326 5691 3485 5763 αἰτίῳ
3515 5692 3608 5746 καὶ
3639 5691 3790 5760 βρα-

2205 5783 2369 5855 ϐευτῇ
2400 5784 2498 5854 τῆς
2559 5782 2781 5852 εἰρήνης
2821 5780 2898 5852 τῷ
2927 5781 3127 5852 πρώτῳ
3157 5783 3248 5839 καὶ⁵
3282 5784 3503 5855 μεγάλῳ
3528 5785 3794 5854 ἀρχιερεῖ
