  <div class='ocr_page' id='page_1' title='image "/cluster/home/n/w/nwhite01/storage/ocr_20150623/111/hvd.32044073502288/156.png"; bbox 0 0 4038 6204; ppageno 0'>
   <div class='ocr_carea' id='block_1_1' title="bbox 289 250 394 319">
    <p class='ocr_par' dir='ltr' id='par_1_1' title="bbox 289 250 394 319">
     <span class='ocr_line' id='line_1_1' title="bbox 289 250 394 319; baseline -0.019 -8"><span class='ocrx_word' id='word_1_1' title='bbox 289 250 394 319; x_wconf 64' lang='grc' dir='ltr'><strong>εθπ</strong></span> 
     </span>
    </p>
   </div>
   <div class='ocr_carea' id='block_1_2' title="bbox 1747 248 2159 308">
    <p class='ocr_par' dir='ltr' id='par_1_2' title="bbox 1747 248 2159 308">
     <span class='ocr_line' id='line_1_2' title="bbox 1747 248 2159 308; baseline -0.007 0"><span class='ocrx_word' id='word_1_2' title='bbox 1747 248 2159 308; x_wconf 67' lang='lat' dir='ltr'><strong>EPISTULE.</strong></span> 
     </span>
    </p>
   </div>
   <div class='ocr_carea' id='block_1_3' title="bbox 3451 256 3557 319">
    <p class='ocr_par' dir='ltr' id='par_1_3' title="bbox 3451 256 3557 319">
     <span class='ocr_line' id='line_1_3' title="bbox 3451 256 3557 319; baseline 0.019 -2"><span class='ocrx_word' id='word_1_3' title='bbox 3451 256 3557 319; x_wconf 66' lang='lat'><strong>294</strong></span> 
     </span>
    </p>
   </div>
   <div class='ocr_carea' id='block_1_4' title="bbox 286 357 1881 435">
    <p class='ocr_par' dir='ltr' id='par_1_4' title="bbox 286 357 1871 435">
     <span class='ocr_line' id='line_1_4' title="bbox 286 357 1871 435; baseline -0.001 -18"><span class='ocrx_word' id='word_1_4' title='bbox 286 368 383 418; x_wconf 70' lang='grc' dir='ltr'><strong>καὶ</strong></span> <span class='ocrx_word' id='word_1_5' title='bbox 429 363 591 435; x_wconf 88' lang='grc' dir='ltr'>μέλος</span> <span class='ocrx_word' id='word_1_6' title='bbox 654 363 843 435; x_wconf 80' lang='grc' dir='ltr'>ὥσπερ</span> <span class='ocrx_word' id='word_1_7' title='bbox 875 357 923 416; x_wconf 74' lang='grc' dir='ltr'>εἴ</span> <span class='ocrx_word' id='word_1_8' title='bbox 959 364 1047 430; x_wconf 71' lang='grc' dir='ltr'><strong>σὺ,</strong></span> <span class='ocrx_word' id='word_1_9' title='bbox 1082 362 1266 435; x_wconf 85' lang='grc' dir='ltr'>χάριτι</span> <span class='ocrx_word' id='word_1_10' title='bbox 1300 363 1436 416; x_wconf 74' lang='grc' dir='ltr'>Θεοῦ</span> <span class='ocrx_word' id='word_1_11' title='bbox 1462 363 1517 429; x_wconf 75' lang='grc' dir='ltr'><strong>ἐξ</strong></span> <span class='ocrx_word' id='word_1_12' title='bbox 1563 361 1739 433; x_wconf 83' lang='grc' dir='ltr'>ἀρχῆς</span> <span class='ocrx_word' id='word_1_13' title='bbox 1775 362 1871 416; x_wconf 65' lang='grc' dir='ltr'>καὶ</span> 
     </span>
    </p>
   </div>
   <div class='ocr_carea' id='block_1_5' title="bbox 1986 357 3563 435">
    <p class='ocr_par' dir='ltr' id='par_1_5' title="bbox 1986 361 3563 432">
     <span class='ocr_line' id='line_1_5' title="bbox 1986 361 3563 432; baseline 0.006 -17"><span class='ocrx_word' id='word_1_14' title='bbox 1986 374 2029 415; x_wconf 83' lang='lat' dir='ltr'><strong>et</strong></span> <span class='ocrx_word' id='word_1_15' title='bbox 2064 361 2330 424; x_wconf 90' lang='lat' dir='ltr'><strong>membra,</strong></span> <span class='ocrx_word' id='word_1_16' title='bbox 2364 369 2423 414; x_wconf 89' lang='lat' dir='ltr'><strong>ut</strong></span> <span class='ocrx_word' id='word_1_17' title='bbox 2449 370 2503 414; x_wconf 85' lang='grc' dir='ltr'><strong>ιιι</strong></span> <span class='ocrx_word' id='word_1_18' title='bbox 2533 361 2646 429; x_wconf 89' lang='lat' dir='ltr'><strong>ipse</strong></span> <span class='ocrx_word' id='word_1_19' title='bbox 2673 376 2751 426; x_wconf 85' lang='lat' dir='ltr'><strong>es,</strong></span> <span class='ocrx_word' id='word_1_20' title='bbox 2780 369 2831 416; x_wconf 91' lang='lat' dir='ltr'><strong>et</strong></span> <span class='ocrx_word' id='word_1_21' title='bbox 2862 362 3032 432; x_wconf 82' lang='lat' dir='ltr'><strong>gratia</strong></span> <span class='ocrx_word' id='word_1_22' title='bbox 3065 362 3156 417; x_wconf 99' lang='lat' dir='ltr'><strong>Dei</strong></span> <span class='ocrx_word' id='word_1_23' title='bbox 3190 364 3257 418; x_wconf 90' lang='lat' dir='ltr'><strong>ab</strong></span> <span class='ocrx_word' id='word_1_24' title='bbox 3278 363 3432 420; x_wconf 89' lang='lat' dir='ltr'><strong>initio</strong></span> <span class='ocrx_word' id='word_1_25' title='bbox 3463 378 3563 423; x_wconf 79' lang='lat' dir='ltr'><strong>alo-</strong></span> 
     </span>
    </p>
   </div>
   <div class='ocr_carea' id='block_1_6' title="bbox 290 441 1873 523">
    <p class='ocr_par' dir='ltr' id='par_1_6' title="bbox 290 441 1873 523">
     <span class='ocr_line' id='line_1_6' title="bbox 290 441 1873 523; baseline 0.001 -19"><span class='ocrx_word' id='word_1_26' title='bbox 290 452 666 520; x_wconf 79' lang='grc' dir='ltr'>συγκοινωνὺν</span> <span class='ocrx_word' id='word_1_27' title='bbox 686 441 798 505; x_wconf 71' lang='grc' dir='ltr'>τῶν</span> <span class='ocrx_word' id='word_1_28' title='bbox 835 453 1200 523; x_wconf 78' lang='grc' dir='ltr'><strong>παθημάτων,</strong></span> <span class='ocrx_word' id='word_1_29' title='bbox 1230 452 1487 506; x_wconf 77' lang='grc' dir='ltr'>ἀλλὀύδὲ</span> <span class='ocrx_word' id='word_1_30' title='bbox 1520 452 1656 522; x_wconf 81' lang='grc' dir='ltr'>πρὸς</span> <span class='ocrx_word' id='word_1_31' title='bbox 1686 452 1873 523; x_wconf 75' lang='grc' dir='ltr'>ἕτερόν</span> 
     </span>
    </p>
   </div>
   <div class='ocr_carea' id='block_1_7' title="bbox 287 544 1875 617">
    <p class='ocr_par' dir='ltr' id='par_1_7' title="bbox 287 544 1875 617">
     <span class='ocr_line' id='line_1_7' title="bbox 287 544 1875 617; baseline 0.001 -20"><span class='ocrx_word' id='word_1_32' title='bbox 287 560 434 598; x_wconf 76' lang='grc' dir='ltr'>τινα.</span> <span class='ocrx_word' id='word_1_33' title='bbox 499 544 711 615; x_wconf 75' lang='grc' dir='ltr'>Μηδεὶς</span> <span class='ocrx_word' id='word_1_34' title='bbox 768 544 1266 617; x_wconf 80' lang='grc' dir='ltr'>οὗν-ὑποτρεχέτω</span> <span class='ocrx_word' id='word_1_35' title='bbox 1340 545 1623 616; x_wconf 77' lang='grc' dir='ltr'>λογισμὸς,</span> <span class='ocrx_word' id='word_1_36' title='bbox 1685 544 1875 599; x_wconf 81' lang='grc' dir='ltr'>τέκνον</span> 
     </span>
    </p>
   </div>
   <div class='ocr_carea' id='block_1_8' title="bbox 288 634 1873 707">
    <p class='ocr_par' dir='ltr' id='par_1_8' title="bbox 288 634 1873 707">
     <span class='ocr_line' id='line_1_8' title="bbox 288 634 1873 707; baseline 0 -19"><span class='ocrx_word' id='word_1_37' title='bbox 288 635 676 704; x_wconf 73' lang='grc' dir='ltr'>ἠγαπημένον,</span> <span class='ocrx_word' id='word_1_38' title='bbox 696 634 797 705; x_wconf 80' lang='grc' dir='ltr'>τὴν</span> <span class='ocrx_word' id='word_1_39' title='bbox 824 636 925 707; x_wconf 82' lang='grc' dir='ltr'>σὴν</span> <span class='ocrx_word' id='word_1_40' title='bbox 952 636 1155 707; x_wconf 76' lang='grc' dir='ltr'>ψυχὴν,</span> <span class='ocrx_word' id='word_1_41' title='bbox 1185 636 1261 698; x_wconf 85' lang='grc' dir='ltr'><strong>ὡς</strong></span> <span class='ocrx_word' id='word_1_42' title='bbox 1301 634 1492 688; x_wconf 74' lang='grc' dir='ltr'>ἕνεκεν</span> <span class='ocrx_word' id='word_1_43' title='bbox 1527 634 1637 687; x_wconf 83' lang='grc' dir='ltr'><strong>τῶν</strong></span> <span class='ocrx_word' id='word_1_44' title='bbox 1665 634 1873 707; x_wconf 83' lang='grc' dir='ltr'>προλα-</span> 
     </span>
    </p>
   </div>
   <div class='ocr_carea' id='block_1_9' title="bbox 290 727 1874 799">
    <p class='ocr_par' dir='ltr' id='par_1_9' title="bbox 290 727 1874 799">
     <span class='ocr_line' id='line_1_9' title="bbox 290 727 1874 799; baseline 0.003 -22"><span class='ocrx_word' id='word_1_45' title='bbox 290 728 497 780; x_wconf 77' lang='grc' dir='ltr'>ϐόντων</span> <span class='ocrx_word' id='word_1_46' title='bbox 527 727 692 795; x_wconf 81' lang='grc' dir='ltr'>ἀηδές</span> <span class='ocrx_word' id='word_1_47' title='bbox 716 744 769 780; x_wconf 88' lang='grc' dir='ltr'><strong>τι</strong></span> <span class='ocrx_word' id='word_1_48' title='bbox 816 728 875 781; x_wconf 73' lang='grc' dir='ltr'>ἔν</span> <span class='ocrx_word' id='word_1_49' title='bbox 929 731 993 799; x_wconf 82' lang='grc' dir='ltr'>τῇ</span> <span class='ocrx_word' id='word_1_50' title='bbox 1045 730 1153 799; x_wconf 74' lang='grc' dir='ltr'><strong>ἐμῇ</strong></span> <span class='ocrx_word' id='word_1_51' title='bbox 1184 728 1541 781; x_wconf 80' lang='grc' dir='ltr'><strong>ἀποκείσεται</strong></span> <span class='ocrx_word' id='word_1_52' title='bbox 1566 727 1737 799; x_wconf 79' lang='grc' dir='ltr'>ψυχῇ,</span> <span class='ocrx_word' id='word_1_53' title='bbox 1763 728 1874 782; x_wconf 80' lang='grc' dir='ltr'>οὐδ’</span> 
     </span>
    </p>
   </div>
   <div class='ocr_carea' id='block_1_10' title="bbox 292 819 1877 891">
    <p class='ocr_par' dir='ltr' id='par_1_10' title="bbox 292 819 1877 891">
     <span class='ocr_line' id='line_1_10' title="bbox 292 819 1877 891; baseline 0.001 -18"><span class='ocrx_word' id='word_1_54' title='bbox 292 820 617 889; x_wconf 82' lang='grc' dir='ltr'>ἀποστροφή</span> <span class='ocrx_word' id='word_1_55' title='bbox 650 836 737 883; x_wconf 86' lang='grc' dir='ltr'><strong>τις</strong></span> <span class='ocrx_word' id='word_1_56' title='bbox 766 821 861 874; x_wconf 72' lang='grc' dir='ltr'><strong>καὶ</strong></span> <span class='ocrx_word' id='word_1_57' title='bbox 896 819 1236 885; x_wconf 76' lang='grc' dir='ltr'>ἐναντίωσις.</span> <span class='ocrx_word' id='word_1_58' title='bbox 1290 819 1382 891; x_wconf 83' lang='grc' dir='ltr'><strong>Μὴ</strong></span> <span class='ocrx_word' id='word_1_59' title='bbox 1418 820 1650 889; x_wconf 90' lang='grc' dir='ltr'>γένοιτο,</span> <span class='ocrx_word' id='word_1_60' title='bbox 1686 820 1877 874; x_wconf 87' lang='grc' dir='ltr'>τέκνον</span> 
     </span>
    </p>
   </div>
   <div class='ocr_carea' id='block_1_11' title="bbox 294 910 1877 984">
    <p class='ocr_par' dir='ltr' id='par_1_11' title="bbox 294 910 1877 984">
     <span class='ocr_line' id='line_1_11' title="bbox 294 910 1877 984; baseline 0.002 -21"><span class='ocrx_word' id='word_1_61' title='bbox 294 927 420 981; x_wconf 84' lang='grc' dir='ltr'>μου,</span> <span class='ocrx_word' id='word_1_62' title='bbox 457 912 533 981; x_wconf 82' lang='grc' dir='ltr'>μὴ</span> <span class='ocrx_word' id='word_1_63' title='bbox 557 910 733 975; x_wconf 80' lang='grc' dir='ltr'>οὕτως</span> <span class='ocrx_word' id='word_1_64' title='bbox 774 912 907 965; x_wconf 79' lang='grc' dir='ltr'>ποτὲ</span> <span class='ocrx_word' id='word_1_65' title='bbox 958 913 1157 984; x_wconf 85' lang='grc' dir='ltr'><strong>νικήσῃ</strong></span> <span class='ocrx_word' id='word_1_66' title='bbox 1192 929 1275 976; x_wconf 86' lang='grc' dir='ltr'><strong>τις</strong></span> <span class='ocrx_word' id='word_1_67' title='bbox 1322 913 1663 976; x_wconf 79' lang='grc' dir='ltr'><strong>ὑπεναντίως</strong></span> <span class='ocrx_word' id='word_1_68' title='bbox 1694 913 1877 967; x_wconf 84' lang='grc' dir='ltr'>κινού-</span> 
     </span>
    </p>
   </div>
   <div class='ocr_carea' id='block_1_12' title="bbox 296 1002 1873 1077">
    <p class='ocr_par' dir='ltr' id='par_1_12' title="bbox 296 1002 1873 1077">
     <span class='ocr_line' id='line_1_12' title="bbox 296 1002 1873 1077; baseline 0.003 -22"><span class='ocrx_word' id='word_1_69' title='bbox 296 1019 457 1073; x_wconf 87' lang='grc' dir='ltr'>μενος</span> <span class='ocrx_word' id='word_1_70' title='bbox 483 1002 772 1073; x_wconf 73' lang='grc' dir='ltr'>λογισμὸς,</span> <span class='ocrx_word' id='word_1_71' title='bbox 807 1004 950 1057; x_wconf 84' lang='grc' dir='ltr'>ὥστε</span> <span class='ocrx_word' id='word_1_72' title='bbox 1004 1005 1247 1058; x_wconf 80' lang='grc' dir='ltr'>τοιοῦτον</span> <span class='ocrx_word' id='word_1_73' title='bbox 1288 1004 1585 1075; x_wconf 77' lang='grc' dir='ltr'>ἐνθύμημα</span> <span class='ocrx_word' id='word_1_74' title='bbox 1614 1007 1671 1058; x_wconf 78' lang='grc' dir='ltr'><strong>έν</strong></span> <span class='ocrx_word' id='word_1_75' title='bbox 1706 1009 1771 1077; x_wconf 84' lang='grc' dir='ltr'>τῇ</span> <span class='ocrx_word' id='word_1_76' title='bbox 1808 1008 1873 1076; x_wconf 84' lang='grc' dir='ltr'>σῇ</span> 
     </span>
    </p>
   </div>
   <div class='ocr_carea' id='block_1_13' title="bbox 290 1095 1874 1169">
    <p class='ocr_par' dir='ltr' id='par_1_13' title="bbox 290 1095 1874 1169">
     <span class='ocr_line' id='line_1_13' title="bbox 290 1095 1874 1169; baseline 0.004 -24"><span class='ocrx_word' id='word_1_77' title='bbox 290 1095 707 1166; x_wconf 80' lang='grc' dir='ltr'>ὲμφυτευθῆναι</span> <span class='ocrx_word' id='word_1_78' title='bbox 770 1098 941 1169; x_wconf 71' lang='grc' dir='ltr'>ψυχῇ.</span> <span class='ocrx_word' id='word_1_79' title='bbox 1003 1098 1145 1151; x_wconf 83' lang='grc' dir='ltr'>Ἀλλ’</span> <span class='ocrx_word' id='word_1_80' title='bbox 1201 1098 1321 1169; x_wconf 71' lang='grc' dir='ltr'>ὄψει</span> <span class='ocrx_word' id='word_1_81' title='bbox 1369 1098 1569 1168; x_wconf 82' lang='grc' dir='ltr'>μᾶλλον</span> <span class='ocrx_word' id='word_1_82' title='bbox 1618 1098 1783 1151; x_wconf 86' lang='grc' dir='ltr'>πλέον</span> <span class='ocrx_word' id='word_1_83' title='bbox 1841 1098 1874 1168; x_wconf 84' lang='grc' dir='ltr'><strong>ἢ</strong></span> 
     </span>
    </p>
   </div>
   <div class='ocr_carea' id='block_1_14' title="bbox 289 1188 1877 1261">
    <p class='ocr_par' dir='ltr' id='par_1_14' title="bbox 289 1188 1877 1261">
     <span class='ocr_line' id='line_1_14' title="bbox 289 1188 1877 1261; baseline 0.003 -22"><span class='ocrx_word' id='word_1_84' title='bbox 289 1188 532 1257; x_wconf 88' lang='grc' dir='ltr'>πρόσθεν</span> <span class='ocrx_word' id='word_1_85' title='bbox 565 1188 665 1260; x_wconf 83' lang='grc' dir='ltr'>τὴν</span> <span class='ocrx_word' id='word_1_86' title='bbox 726 1190 1006 1261; x_wconf 76' lang='grc' dir='ltr'>ἡμετέραν</span> <span class='ocrx_word' id='word_1_87' title='bbox 1067 1192 1203 1261; x_wconf 68' lang='grc' dir='ltr'>πρὸς</span> <span class='ocrx_word' id='word_1_88' title='bbox 1237 1192 1297 1244; x_wconf 72' lang='grc' dir='ltr'>σὲ</span> <span class='ocrx_word' id='word_1_89' title='bbox 1338 1194 1436 1245; x_wconf 83' lang='grc' dir='ltr'>καὶ</span> <span class='ocrx_word' id='word_1_90' title='bbox 1482 1190 1745 1256; x_wconf 84' lang='grc' dir='ltr'>διάθεσιν,</span> <span class='ocrx_word' id='word_1_91' title='bbox 1782 1191 1877 1244; x_wconf 72' lang='grc' dir='ltr'><strong>καὶ</strong></span> 
     </span>
    </p>
   </div>
   <div class='ocr_carea' id='block_1_15' title="bbox 291 1281 1876 1356">
    <p class='ocr_par' dir='ltr' id='par_1_15' title="bbox 291 1281 1876 1356">
     <span class='ocr_line' id='line_1_15' title="bbox 291 1281 1876 1356; baseline 0.004 -24"><span class='ocrx_word' id='word_1_92' title='bbox 291 1281 542 1353; x_wconf 80' lang='grc' dir='ltr'><strong>γνώμην,</strong></span> <span class='ocrx_word' id='word_1_93' title='bbox 575 1284 673 1335; x_wconf 74' lang='grc' dir='ltr'><strong>καὶ</strong></span> <span class='ocrx_word' id='word_1_94' title='bbox 735 1285 976 1355; x_wconf 74' lang='grc' dir='ltr'>στοργὴν</span> <span class='ocrx_word' id='word_1_95' title='bbox 1036 1285 1452 1356; x_wconf 72' lang='grc' dir='ltr'>ὲξηπλωμένην,</span> <span class='ocrx_word' id='word_1_96' title='bbox 1508 1285 1600 1338; x_wconf 75' lang='grc' dir='ltr'><strong>καὶ</strong></span> <span class='ocrx_word' id='word_1_97' title='bbox 1651 1285 1876 1339; x_wconf 82' lang='grc' dir='ltr'>τοσοῦτο</span> 
     </span>
    </p>
   </div>
   <div class='ocr_carea' id='block_1_16' title="bbox 294 1370 1876 1448">
    <p class='ocr_par' dir='ltr' id='par_1_16' title="bbox 294 1370 1876 1448">
     <span class='ocr_line' id='line_1_16' title="bbox 294 1370 1876 1448; baseline 0.005 -25"><span class='ocrx_word' id='word_1_98' title='bbox 294 1370 459 1424; x_wconf 80' lang='grc' dir='ltr'>πλέον</span> <span class='ocrx_word' id='word_1_99' title='bbox 489 1372 614 1426; x_wconf 86' lang='grc' dir='ltr'>ὅσον</span> <span class='ocrx_word' id='word_1_100' title='bbox 643 1372 739 1427; x_wconf 77' lang='grc' dir='ltr'>νῦν</span> <span class='ocrx_word' id='word_1_101' title='bbox 772 1376 852 1438; x_wconf 77' lang='grc' dir='ltr'><strong>είς</strong></span> <span class='ocrx_word' id='word_1_102' title='bbox 887 1376 1055 1446; x_wconf 83' lang='grc' dir='ltr'>μέσον</span> <span class='ocrx_word' id='word_1_103' title='bbox 1081 1378 1405 1448; x_wconf 74' lang='grc' dir='ltr'>εἰσέρχομαι</span> <span class='ocrx_word' id='word_1_104' title='bbox 1454 1377 1561 1431; x_wconf 83' lang='grc' dir='ltr'>τῶν</span> <span class='ocrx_word' id='word_1_105' title='bbox 1608 1376 1739 1441; x_wconf 78' lang='grc' dir='ltr'>ἴσως</span> <span class='ocrx_word' id='word_1_106' title='bbox 1786 1377 1876 1431; x_wconf 76' lang='grc' dir='ltr'>διὰ</span> 
     </span>
    </p>
   </div>
   <div class='ocr_carea' id='block_1_17' title="bbox 294 1463 1874 1540">
    <p class='ocr_par' dir='ltr' id='par_1_17' title="bbox 294 1463 1874 1540">
     <span class='ocr_line' id='line_1_17' title="bbox 294 1463 1874 1540; baseline 0.007 -27"><span class='ocrx_word' id='word_1_107' title='bbox 294 1465 394 1525; x_wconf 70' lang='grc' dir='ltr'><strong>τὰς</strong></span> <span class='ocrx_word' id='word_1_108' title='bbox 422 1463 561 1532; x_wconf 83' lang='grc' dir='ltr'><strong>ὲμάς</strong></span> <span class='ocrx_word' id='word_1_109' title='bbox 586 1464 864 1536; x_wconf 85' lang='grc' dir='ltr'>ἁμαρτίας</span> <span class='ocrx_word' id='word_1_110' title='bbox 900 1468 975 1536; x_wconf 82' lang='grc' dir='ltr'>μὴ</span> <span class='ocrx_word' id='word_1_111' title='bbox 1008 1467 1268 1538; x_wconf 76' lang='grc' dir='ltr'>καθαρῶς</span> <span class='ocrx_word' id='word_1_112' title='bbox 1326 1469 1461 1540; x_wconf 80' lang='grc' dir='ltr'>μηδὲ</span> <span class='ocrx_word' id='word_1_113' title='bbox 1498 1469 1689 1540; x_wconf 81' lang='grc' dir='ltr'>γνώμῃ</span> <span class='ocrx_word' id='word_1_114' title='bbox 1720 1469 1874 1524; x_wconf 84' lang='grc' dir='ltr'>ἀδια-</span> 
     </span>
    </p>
   </div>
   <div class='ocr_carea' id='block_1_18' title="bbox 296 1544 1874 1632">
    <p class='ocr_par' dir='ltr' id='par_1_18' title="bbox 296 1544 1874 1632">
     <span class='ocr_line' id='line_1_18' title="bbox 296 1544 1874 1632; baseline 0.006 -27"><span class='ocrx_word' id='word_1_115' title='bbox 296 1544 521 1625; x_wconf 65' lang='grc' dir='ltr'>στρόφιρ</span> <span class='ocrx_word' id='word_1_116' title='bbox 554 1557 674 1625; x_wconf 80' lang='grc' dir='ltr'>μεθ’</span> <span class='ocrx_word' id='word_1_117' title='bbox 704 1559 862 1627; x_wconf 68' lang='grc' dir='ltr'>ἡμῶν</span> <span class='ocrx_word' id='word_1_118' title='bbox 893 1559 1201 1629; x_wconf 77' lang='grc' dir='ltr'>μελλόντων</span> <span class='ocrx_word' id='word_1_119' title='bbox 1232 1560 1874 1632; x_wconf 79' lang='grc' dir='ltr'>συναναστραφήσεσθαι.</span> 
     </span>
    </p>
   </div>
   <div class='ocr_carea' id='block_1_19' title="bbox 293 1646 1875 1723">
    <p class='ocr_par' dir='ltr' id='par_1_19' title="bbox 293 1646 1875 1723">
     <span class='ocr_line' id='line_1_19' title="bbox 293 1646 1875 1723; baseline 0.006 -25"><span class='ocrx_word' id='word_1_120' title='bbox 293 1646 410 1698; x_wconf 80' lang='grc' dir='ltr'><strong>Καὶ</strong></span> <span class='ocrx_word' id='word_1_121' title='bbox 439 1647 600 1700; x_wconf 80' lang='grc' dir='ltr'>πάλιν</span> <span class='ocrx_word' id='word_1_122' title='bbox 626 1649 800 1719; x_wconf 75' lang='grc' dir='ltr'>φημὶ,</span> <span class='ocrx_word' id='word_1_123' title='bbox 831 1649 987 1714; x_wconf 79' lang='grc' dir='ltr'>εἴτις</span> <span class='ocrx_word' id='word_1_124' title='bbox 1024 1654 1350 1723; x_wconf 71' lang='grc' dir='ltr'>παρενοχλεῖ</span> <span class='ocrx_word' id='word_1_125' title='bbox 1394 1653 1652 1723; x_wconf 71' lang='grc' dir='ltr'>λογισμὸς</span> <span class='ocrx_word' id='word_1_126' title='bbox 1686 1654 1875 1707; x_wconf 74' lang='grc' dir='ltr'>ἕνεκεν</span> 
     </span>
    </p>
   </div>
   <div class='ocr_carea' id='block_1_20' title="bbox 1985 454 3557 526">
    <p class='ocr_par' dir='ltr' id='par_1_20' title="bbox 1985 454 3557 526">
     <span class='ocr_line' id='line_1_20' title="bbox 1985 454 3557 526; baseline 0.004 -19"><span class='ocrx_word' id='word_1_127' title='bbox 1985 455 2158 508; x_wconf 82' lang='lat' dir='ltr'><strong>lorum</strong></span> <span class='ocrx_word' id='word_1_128' title='bbox 2206 468 2453 508; x_wconf 87' lang='lat' dir='ltr'><strong>meorum</strong></span> <span class='ocrx_word' id='word_1_129' title='bbox 2480 454 2826 523; x_wconf 72' lang='lat' dir='ltr'><strong>participem,</strong></span> <span class='ocrx_word' id='word_1_130' title='bbox 2857 458 2951 510; x_wconf 89' lang='lat' dir='ltr'><strong>sed</strong></span> <span class='ocrx_word' id='word_1_131' title='bbox 2985 469 3163 524; x_wconf 83' lang='lat' dir='ltr'><strong>neque</strong></span> <span class='ocrx_word' id='word_1_132' title='bbox 3202 472 3328 526; x_wconf 78' lang='lat' dir='ltr'><strong>erga</strong></span> <span class='ocrx_word' id='word_1_133' title='bbox 3360 458 3557 514; x_wconf 87' lang='lat' dir='ltr'><strong>alium.</strong></span> 
     </span>
    </p>
   </div>
   <div class='ocr_carea' id='block_1_21' title="bbox 1982 545 3566 617">
    <p class='ocr_par' dir='ltr' id='par_1_21' title="bbox 1982 545 3566 617">
     <span class='ocr_line' id='line_1_21' title="bbox 1982 545 3566 617; baseline 0.003 -18"><span class='ocrx_word' id='word_1_134' title='bbox 1982 546 2141 599; x_wconf 85' lang='lat' dir='ltr'><strong>Nullo</strong></span> <span class='ocrx_word' id='word_1_135' title='bbox 2176 546 2358 616; x_wconf 79' lang='lat' dir='ltr'><strong>igitur,</strong></span> <span class='ocrx_word' id='word_1_136' title='bbox 2395 545 2468 599; x_wconf 91' lang='lat' dir='ltr'><strong>mi</strong></span> <span class='ocrx_word' id='word_1_137' title='bbox 2516 545 2612 610; x_wconf 88' lang='lat' dir='ltr'><strong>tili,</strong></span> <span class='ocrx_word' id='word_1_138' title='bbox 2642 558 2879 600; x_wconf 87' lang='lat' dir='ltr'><strong>mentem</strong></span> <span class='ocrx_word' id='word_1_139' title='bbox 2928 557 3075 601; x_wconf 89' lang='lat' dir='ltr'><strong>tuam</strong></span> <span class='ocrx_word' id='word_1_140' title='bbox 3109 547 3349 617; x_wconf 71' lang='lat' dir='ltr'><strong>suspicio</strong></span> <span class='ocrx_word' id='word_1_141' title='bbox 3372 551 3566 604; x_wconf 79' lang='lat' dir='ltr'><strong>subeat</strong></span> 
     </span>
    </p>
   </div>
   <div class='ocr_carea' id='block_1_22' title="bbox 1985 636 3564 707">
    <p class='ocr_par' dir='ltr' id='par_1_22' title="bbox 1985 636 3564 707">
     <span class='ocr_line' id='line_1_22' title="bbox 1985 636 3564 707; baseline 0.005 -17"><span class='ocrx_word' id='word_1_142' title='bbox 1985 636 2038 690; x_wconf 87' lang='lat' dir='ltr'><strong>in</strong></span> <span class='ocrx_word' id='word_1_143' title='bbox 2084 653 2203 691; x_wconf 86' lang='lat' dir='ltr'><strong>mea</strong></span> <span class='ocrx_word' id='word_1_144' title='bbox 2229 646 2406 692; x_wconf 84' lang='lat' dir='ltr'><strong>mente</strong></span> <span class='ocrx_word' id='word_1_145' title='bbox 2437 652 2503 691; x_wconf 81' lang='lat' dir='ltr'><strong>ex</strong></span> <span class='ocrx_word' id='word_1_146' title='bbox 2538 638 2985 707; x_wconf 64' lang='lat' dir='ltr'><strong>praecedentibus</strong></span> <span class='ocrx_word' id='word_1_147' title='bbox 3036 655 3144 694; x_wconf 89' lang='lat' dir='ltr'><strong>non</strong></span> <span class='ocrx_word' id='word_1_148' title='bbox 3180 641 3313 694; x_wconf 90' lang='lat' dir='ltr'><strong>nihil</strong></span> <span class='ocrx_word' id='word_1_149' title='bbox 3348 643 3564 698; x_wconf 75' lang='lat' dir='ltr'><strong>molesti</strong></span> 
     </span>
    </p>
   </div>
   <div class='ocr_carea' id='block_1_23' title="bbox 1983 728 3565 801">
    <p class='ocr_par' dir='ltr' id='par_1_23' title="bbox 1983 728 3565 801">
     <span class='ocr_line' id='line_1_23' title="bbox 1983 728 3565 801; baseline 0.004 -20"><span class='ocrx_word' id='word_1_150' title='bbox 1983 729 2069 782; x_wconf 92' lang='lat' dir='ltr'><strong>vel</strong></span> <span class='ocrx_word' id='word_1_151' title='bbox 2116 728 2461 784; x_wconf 86' lang='lat' dir='ltr'><strong>aversionem</strong></span> <span class='ocrx_word' id='word_1_152' title='bbox 2522 740 2577 785; x_wconf 89' lang='lat' dir='ltr'><strong>et</strong></span> <span class='ocrx_word' id='word_1_153' title='bbox 2650 732 3049 801; x_wconf 87' lang='lat' dir='ltr'><strong>oppositionem</strong></span> <span class='ocrx_word' id='word_1_154' title='bbox 3091 732 3347 788; x_wconf 86' lang='lat' dir='ltr'><strong>residere.</strong></span> <span class='ocrx_word' id='word_1_155' title='bbox 3391 735 3565 800; x_wconf 81' lang='lat' dir='ltr'><strong>Absit,</strong></span> 
     </span>
    </p>
   </div>
   <div class='ocr_carea' id='block_1_24' title="bbox 1984 820 3568 892">
    <p class='ocr_par' dir='ltr' id='par_1_24' title="bbox 1984 820 3568 892">
     <span class='ocr_line' id='line_1_24' title="bbox 1984 820 3568 892; baseline 0.004 -19"><span class='ocrx_word' id='word_1_156' title='bbox 1984 820 2081 886; x_wconf 85' lang='lat' dir='ltr'><strong>Iili,</strong></span> <span class='ocrx_word' id='word_1_157' title='bbox 2117 828 2175 874; x_wconf 91' lang='lat' dir='ltr'><strong>ut</strong></span> <span class='ocrx_word' id='word_1_158' title='bbox 2201 836 2436 890; x_wconf 87' lang='lat' dir='ltr'><strong>unquam</strong></span> <span class='ocrx_word' id='word_1_159' title='bbox 2471 823 2595 877; x_wconf 89' lang='lat' dir='ltr'><strong>talis</strong></span> <span class='ocrx_word' id='word_1_160' title='bbox 2642 824 2901 892; x_wconf 81' lang='lat' dir='ltr'><strong>cogitatio</strong></span> <span class='ocrx_word' id='word_1_161' title='bbox 2942 824 2993 878; x_wconf 89' lang='lat' dir='ltr'><strong>in</strong></span> <span class='ocrx_word' id='word_1_162' title='bbox 3019 832 3109 878; x_wconf 89' lang='lat' dir='ltr'><strong>tua</strong></span> <span class='ocrx_word' id='word_1_163' title='bbox 3147 834 3328 879; x_wconf 82' lang='lat' dir='ltr'><strong>tuente</strong></span> <span class='ocrx_word' id='word_1_164' title='bbox 3350 826 3568 880; x_wconf 83' lang='lat' dir='ltr'><strong>radices</strong></span> 
     </span>
    </p>
   </div>
   <div class='ocr_carea' id='block_1_25' title="bbox 1982 910 3567 989">
    <p class='ocr_par' dir='ltr' id='par_1_25' title="bbox 1982 910 3567 989">
     <span class='ocr_line' id='line_1_25' title="bbox 1982 910 3567 989; baseline 0.006 -24"><span class='ocrx_word' id='word_1_165' title='bbox 1982 920 2126 981; x_wconf 81' lang='lat' dir='ltr'><strong>agat.</strong></span> <span class='ocrx_word' id='word_1_166' title='bbox 2181 910 2287 966; x_wconf 91' lang='lat' dir='ltr'><strong>Sed</strong></span> <span class='ocrx_word' id='word_1_167' title='bbox 2321 913 2580 982; x_wconf 83' lang='lat' dir='ltr'><strong>majorem</strong></span> <span class='ocrx_word' id='word_1_168' title='bbox 2633 930 2795 984; x_wconf 87' lang='lat' dir='ltr'><strong>quam</strong></span> <span class='ocrx_word' id='word_1_169' title='bbox 2848 916 3001 986; x_wconf 91' lang='lat' dir='ltr'><strong>prius</strong></span> <span class='ocrx_word' id='word_1_170' title='bbox 3055 926 3298 971; x_wconf 91' lang='lat' dir='ltr'><strong>nostram</strong></span> <span class='ocrx_word' id='word_1_171' title='bbox 3334 934 3461 989; x_wconf 83' lang='lat' dir='ltr'><strong>erga</strong></span> <span class='ocrx_word' id='word_1_172' title='bbox 3517 930 3567 975; x_wconf 90' lang='lat' dir='ltr'><strong>te</strong></span> 
     </span>
    </p>
   </div>
   <div class='ocr_carea' id='block_1_26' title="bbox 1982 1002 3564 1071">
    <p class='ocr_par' dir='ltr' id='par_1_26' title="bbox 1982 1002 3564 1071">
     <span class='ocr_line' id='line_1_26' title="bbox 1982 1002 3564 1071; baseline 0.004 -15"><span class='ocrx_word' id='word_1_173' title='bbox 1982 1002 2397 1071; x_wconf 79' lang='lat' dir='ltr'><strong>dispositionem</strong></span> <span class='ocrx_word' id='word_1_174' title='bbox 2427 1012 2479 1057; x_wconf 87' lang='lat' dir='ltr'><strong>et</strong></span> <span class='ocrx_word' id='word_1_175' title='bbox 2509 1006 2833 1058; x_wconf 87' lang='lat' dir='ltr'><strong>sententiam</strong></span> <span class='ocrx_word' id='word_1_176' title='bbox 2882 1014 2934 1059; x_wconf 83' lang='lat' dir='ltr'><strong>cl</strong></span> <span class='ocrx_word' id='word_1_177' title='bbox 2961 1005 3187 1060; x_wconf 79' lang='lat' dir='ltr'><strong>eﬂ&#39;usam</strong></span> <span class='ocrx_word' id='word_1_178' title='bbox 3214 1007 3564 1063; x_wconf 70' lang='lat' dir='ltr'><strong>dilectionem</strong></span> 
     </span>
    </p>
   </div>
   <div class='ocr_carea' id='block_1_27' title="bbox 1982 1095 3565 1167">
    <p class='ocr_par' dir='ltr' id='par_1_27' title="bbox 1982 1095 3565 1167">
     <span class='ocr_line' id='line_1_27' title="bbox 1982 1095 3565 1167; baseline 0.006 -21"><span class='ocrx_word' id='word_1_179' title='bbox 1982 1095 2211 1161; x_wconf 83' lang='lat' dir='ltr'><strong>videbis,</strong></span> <span class='ocrx_word' id='word_1_180' title='bbox 2238 1110 2411 1164; x_wconf 86' lang='lat' dir='ltr'><strong>eoque</strong></span> <span class='ocrx_word' id='word_1_181' title='bbox 2456 1097 2629 1165; x_wconf 81' lang='lat' dir='ltr'><strong>magis</strong></span> <span class='ocrx_word' id='word_1_182' title='bbox 2650 1098 2795 1167; x_wconf 89' lang='lat' dir='ltr'><strong>quod</strong></span> <span class='ocrx_word' id='word_1_183' title='bbox 2832 1113 2977 1154; x_wconf 85' lang='lat' dir='ltr'><strong>nunc</strong></span> <span class='ocrx_word' id='word_1_184' title='bbox 3020 1098 3075 1151; x_wconf 90' lang='lat' dir='ltr'><strong>in</strong></span> <span class='ocrx_word' id='word_1_185' title='bbox 3107 1099 3344 1153; x_wconf 89' lang='lat' dir='ltr'><strong>medium</strong></span> <span class='ocrx_word' id='word_1_186' title='bbox 3373 1116 3565 1156; x_wconf 90' lang='lat' dir='ltr'><strong>eorum</strong></span> 
     </span>
    </p>
   </div>
   <div class='ocr_carea' id='block_1_28' title="bbox 1983 1187 3569 1263">
    <p class='ocr_par' dir='ltr' id='par_1_28' title="bbox 1983 1187 3569 1263">
     <span class='ocr_line' id='line_1_28' title="bbox 1983 1187 3569 1263; baseline 0.003 -22"><span class='ocrx_word' id='word_1_187' title='bbox 1983 1188 2216 1253; x_wconf 90' lang='lat' dir='ltr'><strong>introco,</strong></span> <span class='ocrx_word' id='word_1_188' title='bbox 2250 1191 2343 1259; x_wconf 87' lang='lat' dir='ltr'><strong>qui</strong></span> <span class='ocrx_word' id='word_1_189' title='bbox 2383 1187 2612 1246; x_wconf 82' lang='lat' dir='ltr'><strong>forsitan</strong></span> <span class='ocrx_word' id='word_1_190' title='bbox 2666 1191 2735 1245; x_wconf 91' lang='lat' dir='ltr'><strong>ob</strong></span> <span class='ocrx_word' id='word_1_191' title='bbox 2791 1206 2910 1245; x_wconf 86' lang='lat' dir='ltr'><strong>mea</strong></span> <span class='ocrx_word' id='word_1_192' title='bbox 2960 1201 3181 1261; x_wconf 69' lang='lat' dir='ltr'><strong>peccata</strong></span> <span class='ocrx_word' id='word_1_193' title='bbox 3232 1208 3406 1263; x_wconf 90' lang='lat' dir='ltr'><strong>neque</strong></span> <span class='ocrx_word' id='word_1_194' title='bbox 3437 1194 3569 1247; x_wconf 83' lang='lat' dir='ltr'><strong>sim-</strong></span> 
     </span>
    </p>
   </div>
   <div class='ocr_carea' id='block_1_29' title="bbox 1982 1282 3565 1355">
    <p class='ocr_par' dir='ltr' id='par_1_29' title="bbox 1982 1282 3565 1355">
     <span class='ocr_line' id='line_1_29' title="bbox 1982 1282 3565 1355; baseline 0.004 -22"><span class='ocrx_word' id='word_1_195' title='bbox 1982 1282 2219 1351; x_wconf 86' lang='lat' dir='ltr'><strong>pliciter,</strong></span> <span class='ocrx_word' id='word_1_196' title='bbox 2248 1298 2422 1351; x_wconf 88' lang='lat' dir='ltr'><strong>neque</strong></span> <span class='ocrx_word' id='word_1_197' title='bbox 2457 1292 2641 1337; x_wconf 88' lang='lat' dir='ltr'><strong>mente</strong></span> <span class='ocrx_word' id='word_1_198' title='bbox 2677 1284 2887 1338; x_wconf 88' lang='lat' dir='ltr'><strong>sincera</strong></span> <span class='ocrx_word' id='word_1_199' title='bbox 2918 1286 3251 1355; x_wconf 81' lang='lat' dir='ltr'><strong>cogitatione</strong></span> <span class='ocrx_word' id='word_1_200' title='bbox 3277 1286 3565 1341; x_wconf 87' lang='lat' dir='ltr'><strong>nobiscum</strong></span> 
     </span>
    </p>
   </div>
   <div class='ocr_carea' id='block_1_30' title="bbox 1982 1374 3566 1449">
    <p class='ocr_par' dir='ltr' id='par_1_30' title="bbox 1982 1374 3566 1449">
     <span class='ocr_line' id='line_1_30' title="bbox 1982 1374 3566 1449; baseline 0.003 -21"><span class='ocrx_word' id='word_1_201' title='bbox 1982 1374 2179 1428; x_wconf 87' lang='lat' dir='ltr'><strong>debent</strong></span> <span class='ocrx_word' id='word_1_202' title='bbox 2209 1376 2545 1430; x_wconf 89' lang='lat' dir='ltr'><strong>conversari.</strong></span> <span class='ocrx_word' id='word_1_203' title='bbox 2577 1375 2646 1430; x_wconf 82' lang='lat' dir='ltr'><strong>Et</strong></span> <span class='ocrx_word' id='word_1_204' title='bbox 2694 1392 2916 1430; x_wconf 91' lang='lat' dir='ltr'><strong>rursum</strong></span> <span class='ocrx_word' id='word_1_205' title='bbox 2946 1377 3090 1443; x_wconf 87' lang='lat' dir='ltr'><strong>dico,</strong></span> <span class='ocrx_word' id='word_1_206' title='bbox 3112 1377 3157 1433; x_wconf 92' lang='lat' dir='ltr'><strong>si</strong></span> <span class='ocrx_word' id='word_1_207' title='bbox 3180 1393 3284 1448; x_wconf 78' lang='lat' dir='ltr'><strong>qua</strong></span> <span class='ocrx_word' id='word_1_208' title='bbox 3318 1387 3366 1432; x_wconf 88' lang='lat' dir='ltr'><strong>te</strong></span> <span class='ocrx_word' id='word_1_209' title='bbox 3391 1379 3566 1449; x_wconf 87' lang='lat' dir='ltr'><strong>impe-</strong></span> 
     </span>
    </p>
   </div>
   <div class='ocr_carea' id='block_1_31' title="bbox 1982 1466 3563 1548">
    <p class='ocr_par' dir='ltr' id='par_1_31' title="bbox 1982 1466 3563 1548">
     <span class='ocr_line' id='line_1_31' title="bbox 1982 1466 3563 1548; baseline 0.003 -26"><span class='ocrx_word' id='word_1_210' title='bbox 1982 1466 2059 1522; x_wconf 91' lang='lat' dir='ltr'><strong>dit</strong></span> <span class='ocrx_word' id='word_1_211' title='bbox 2086 1468 2345 1537; x_wconf 83' lang='lat' dir='ltr'><strong>suspicio,</strong></span> <span class='ocrx_word' id='word_1_212' title='bbox 2368 1469 2517 1539; x_wconf 84' lang='lat' dir='ltr'><strong>parvi</strong></span> <span class='ocrx_word' id='word_1_213' title='bbox 2538 1468 2683 1523; x_wconf 91' lang='lat' dir='ltr'><strong>illius</strong></span> <span class='ocrx_word' id='word_1_214' title='bbox 2711 1471 2853 1539; x_wconf 89' lang='lat' dir='ltr'><strong>quod</strong></span> <span class='ocrx_word' id='word_1_215' title='bbox 2892 1470 3110 1536; x_wconf 83' lang='lat' dir='ltr'><strong>accidit,</strong></span> <span class='ocrx_word' id='word_1_216' title='bbox 3135 1472 3343 1548; x_wconf 87' lang='lat' dir='ltr'><strong>dissidii</strong></span> <span class='ocrx_word' id='word_1_217' title='bbox 3376 1488 3563 1537; x_wconf 84' lang='lat' dir='ltr'><strong>causa,</strong></span> 
     </span>
    </p>
   </div>
   <div class='ocr_carea' id='block_1_32' title="bbox 1984 1559 3562 1632">
    <p class='ocr_par' dir='ltr' id='par_1_32' title="bbox 1984 1559 3562 1632">
     <span class='ocr_line' id='line_1_32' title="bbox 1984 1559 3562 1632; baseline 0.004 -18"><span class='ocrx_word' id='word_1_218' title='bbox 1984 1559 2125 1614; x_wconf 83' lang='lat' dir='ltr'><strong>hanc</strong></span> <span class='ocrx_word' id='word_1_219' title='bbox 2159 1568 2273 1615; x_wconf 91' lang='lat' dir='ltr'><strong>toto</strong></span> <span class='ocrx_word' id='word_1_220' title='bbox 2306 1561 2492 1614; x_wconf 91' lang='lat' dir='ltr'><strong>animo</strong></span> <span class='ocrx_word' id='word_1_221' title='bbox 2544 1561 2702 1630; x_wconf 83' lang='lat' dir='ltr'><strong>longe</strong></span> <span class='ocrx_word' id='word_1_222' title='bbox 2760 1576 2789 1613; x_wconf 86' lang='lat' dir='ltr'><strong>a</strong></span> <span class='ocrx_word' id='word_1_223' title='bbox 2827 1572 2876 1616; x_wconf 90' lang='lat' dir='ltr'><strong>te</strong></span> <span class='ocrx_word' id='word_1_224' title='bbox 2919 1563 3118 1632; x_wconf 84' lang='lat' dir='ltr'><strong>abjiee,</strong></span> <span class='ocrx_word' id='word_1_225' title='bbox 3148 1575 3354 1618; x_wconf 87' lang='lat' dir='ltr'><strong>certam</strong></span> <span class='ocrx_word' id='word_1_226' title='bbox 3399 1566 3562 1620; x_wconf 82' lang='lat' dir='ltr'><strong>Iidem</strong></span> 
     </span>
    </p>
   </div>
   <div class='ocr_carea' id='block_1_33' title="bbox 1983 1652 3566 1725">
    <p class='ocr_par' dir='ltr' id='par_1_33' title="bbox 1983 1652 3566 1725">
     <span class='ocr_line' id='line_1_33' title="bbox 1983 1652 3566 1725; baseline 0.002 -18"><span class='ocrx_word' id='word_1_227' title='bbox 1983 1652 2259 1722; x_wconf 88' lang='lat' dir='ltr'><strong>accipiens</strong></span> <span class='ocrx_word' id='word_1_228' title='bbox 2323 1667 2390 1707; x_wconf 90' lang='lat' dir='ltr'><strong>ne</strong></span> <span class='ocrx_word' id='word_1_229' title='bbox 2434 1652 2721 1723; x_wconf 82' lang='lat' dir='ltr'><strong>vestigium</strong></span> <span class='ocrx_word' id='word_1_230' title='bbox 2760 1653 2975 1722; x_wconf 87' lang='lat' dir='ltr'><strong>quidem</strong></span> <span class='ocrx_word' id='word_1_231' title='bbox 3026 1670 3215 1709; x_wconf 89' lang='lat' dir='ltr'><strong>eorum</strong></span> <span class='ocrx_word' id='word_1_232' title='bbox 3252 1672 3371 1725; x_wconf 65' lang='lat' dir='ltr'><strong>qum</strong></span> <span class='ocrx_word' id='word_1_233' title='bbox 3423 1657 3566 1710; x_wconf 88' lang='lat' dir='ltr'><strong>inter</strong></span> 
     </span>
    </p>
   </div>
   <div class='ocr_carea' id='block_1_34' title="bbox 291 1738 1881 1819">
    <p class='ocr_par' dir='ltr' id='par_1_34' title="bbox 291 1738 1874 1814">
     <span class='ocr_line' id='line_1_34' title="bbox 291 1738 1874 1814; baseline 0.006 -25"><span class='ocrx_word' id='word_1_234' title='bbox 291 1738 393 1807; x_wconf 79' lang='grc' dir='ltr'>τῆς</span> <span class='ocrx_word' id='word_1_235' title='bbox 427 1742 636 1809; x_wconf 75' lang='grc' dir='ltr'>μικρᾶς</span> <span class='ocrx_word' id='word_1_236' title='bbox 659 1742 865 1814; x_wconf 81' lang='grc' dir='ltr'>ταύτης</span> <span class='ocrx_word' id='word_1_237' title='bbox 889 1746 1272 1814; x_wconf 82' lang='grc' dir='ltr'>γεγενημένης</span> <span class='ocrx_word' id='word_1_238' title='bbox 1301 1745 1657 1810; x_wconf 77' lang='grc' dir='ltr'>διαστάσεως,</span> <span class='ocrx_word' id='word_1_239' title='bbox 1688 1745 1874 1799; x_wconf 82' lang='grc' dir='ltr'>τοῦτον</span> 
     </span>
    </p>
   </div>
   <div class='ocr_carea' id='block_1_35' title="bbox 1986 1738 3565 1819">
    <p class='ocr_par' dir='ltr' id='par_1_35' title="bbox 1986 1744 3565 1813">
     <span class='ocr_line' id='line_1_35' title="bbox 1986 1744 3565 1813; baseline 0.003 -16"><span class='ocrx_word' id='word_1_240' title='bbox 1986 1759 2080 1799; x_wconf 90' lang='lat' dir='ltr'><strong>nos</strong></span> <span class='ocrx_word' id='word_1_241' title='bbox 2108 1745 2444 1811; x_wconf 86' lang='lat' dir='ltr'><strong>acciderunt,</strong></span> <span class='ocrx_word' id='word_1_242' title='bbox 2510 1744 2564 1798; x_wconf 91' lang='lat' dir='ltr'><strong>in</strong></span> <span class='ocrx_word' id='word_1_243' title='bbox 2613 1744 2723 1800; x_wconf 89' lang='lat' dir='ltr'><strong>Deo</strong></span> <span class='ocrx_word' id='word_1_244' title='bbox 2768 1746 3023 1813; x_wconf 88' lang='lat' dir='ltr'><strong>dicimus,</strong></span> <span class='ocrx_word' id='word_1_245' title='bbox 3078 1749 3350 1803; x_wconf 85' lang='lat' dir='ltr'><strong>nostrain</strong></span> <span class='ocrx_word' id='word_1_246' title='bbox 3383 1759 3565 1803; x_wconf 82' lang='lat' dir='ltr'><strong>mente</strong></span> 
     </span>
    </p>
   </div>
   <div class='ocr_carea' id='block_1_36' title="bbox 292 1830 1878 1909">
    <p class='ocr_par' dir='ltr' id='par_1_36' title="bbox 292 1830 1878 1909">
     <span class='ocr_line' id='line_1_36' title="bbox 292 1830 1878 1909; baseline 0.006 -27"><span class='ocrx_word' id='word_1_247' title='bbox 292 1830 392 1901; x_wconf 75' lang='grc' dir='ltr'>ὅλῃ</span> <span class='ocrx_word' id='word_1_248' title='bbox 428 1830 575 1902; x_wconf 65' lang='grc' dir='ltr'>ψυχῇ</span> <span class='ocrx_word' id='word_1_249' title='bbox 608 1832 765 1903; x_wconf 71' lang='grc' dir='ltr'>ρίψον</span> <span class='ocrx_word' id='word_1_250' title='bbox 789 1836 883 1904; x_wconf 77' lang='grc' dir='ltr'><strong>ἀφ’</strong></span> <span class='ocrx_word' id='word_1_251' title='bbox 914 1836 1133 1901; x_wconf 76' lang='grc' dir='ltr'>ἑαυτοῦ,</span> <span class='ocrx_word' id='word_1_252' title='bbox 1156 1836 1455 1908; x_wconf 88' lang='grc' dir='ltr'>λαμϐάνων</span> <span class='ocrx_word' id='word_1_253' title='bbox 1478 1838 1878 1909; x_wconf 77' lang='grc' dir='ltr'>πληροφορίαν,</span> 
     </span>
    </p>
   </div>
   <div class='ocr_carea' id='block_1_37' title="bbox 293 1921 1876 2002">
    <p class='ocr_par' dir='ltr' id='par_1_37' title="bbox 293 1921 1876 2002">
     <span class='ocr_line' id='line_1_37' title="bbox 293 1921 1876 2002; baseline 0.005 -29"><span class='ocrx_word' id='word_1_254' title='bbox 293 1921 373 1984; x_wconf 81' lang='grc' dir='ltr'>ὡς</span> <span class='ocrx_word' id='word_1_255' title='bbox 396 1923 506 1975; x_wconf 69' lang='grc' dir='ltr'>οὐδ’</span> <span class='ocrx_word' id='word_1_256' title='bbox 541 1925 684 1994; x_wconf 73' lang='grc' dir='ltr'>ἴχνος</span> <span class='ocrx_word' id='word_1_257' title='bbox 720 1926 858 1989; x_wconf 79' lang='grc' dir='ltr'>ὅλως</span> <span class='ocrx_word' id='word_1_258' title='bbox 893 1927 1004 1980; x_wconf 85' lang='grc' dir='ltr'><strong>τῶν</strong></span> <span class='ocrx_word' id='word_1_259' title='bbox 1037 1930 1343 1997; x_wconf 83' lang='grc' dir='ltr'>γεγονότων</span> <span class='ocrx_word' id='word_1_260' title='bbox 1381 1932 1588 2001; x_wconf 76' lang='grc' dir='ltr'>μεταξὺ</span> <span class='ocrx_word' id='word_1_261' title='bbox 1621 1929 1783 2002; x_wconf 77' lang='grc' dir='ltr'>ἡμῶν</span> <span class='ocrx_word' id='word_1_262' title='bbox 1808 1932 1876 1999; x_wconf 81' lang='grc' dir='ltr'>τῇ</span> 
     </span>
    </p>
   </div>
   <div class='ocr_carea' id='block_1_38' title="bbox 297 2016 1490 2092">
    <p class='ocr_par' dir='ltr' id='par_1_38' title="bbox 297 2016 1490 2092">
     <span class='ocr_line' id='line_1_38' title="bbox 297 2016 1490 2092; baseline 0.008 -23"><span class='ocrx_word' id='word_1_263' title='bbox 297 2018 405 2088; x_wconf 70' lang='grc' dir='ltr'><strong>ἐμῇ</strong></span> <span class='ocrx_word' id='word_1_264' title='bbox 439 2016 607 2090; x_wconf 74' lang='grc' dir='ltr'>ψυχῇ,</span> <span class='ocrx_word' id='word_1_265' title='bbox 643 2022 701 2074; x_wconf 78' lang='grc' dir='ltr'>ὲν</span> <span class='ocrx_word' id='word_1_266' title='bbox 725 2020 846 2092; x_wconf 88' lang='grc' dir='ltr'><strong>Θεῷ</strong></span> <span class='ocrx_word' id='word_1_267' title='bbox 874 2039 1079 2092; x_wconf 77' lang='grc' dir='ltr'>φαμεν,</span> <span class='ocrx_word' id='word_1_268' title='bbox 1113 2024 1490 2079; x_wconf 84' lang='grc' dir='ltr'>ἀποκείσεται.</span> 
     </span>
    </p>
   </div>
   <div class='ocr_carea' id='block_1_39' title="bbox 870 2139 1286 2209">
    <p class='ocr_par' dir='ltr' id='par_1_39' title="bbox 870 2139 1286 2209">
     <span class='ocr_line' id='line_1_39' title="bbox 870 2139 1286 2209; baseline 0.012 -17"><span class='ocrx_word' id='word_1_269' title='bbox 870 2139 1002 2196; x_wconf 81' lang='lat' dir='ltr'><strong>ﬂﬂ&#39;.</strong></span> <span class='ocrx_word' id='word_1_270' title='bbox 1040 2141 1286 2209; x_wconf 75' lang='grc' dir='ltr'>Ἀὸήλῳ.</span> 
     </span>
    </p>
   </div>
   <div class='ocr_carea' id='block_1_40' title="bbox 369 2248 1881 2329">
    <p class='ocr_par' dir='ltr' id='par_1_40' title="bbox 369 2248 1881 2329">
     <span class='ocr_line' id='line_1_40' title="bbox 369 2248 1881 2329; baseline 0.009 -28"><span class='ocrx_word' id='word_1_271' title='bbox 369 2248 611 2322; x_wconf 77' lang='grc' dir='ltr'>Οἴδαμεν</span> <span class='ocrx_word' id='word_1_272' title='bbox 673 2252 775 2324; x_wconf 72' lang='grc' dir='ltr'>τὴν</span> <span class='ocrx_word' id='word_1_273' title='bbox 846 2255 1058 2329; x_wconf 80' lang='grc' dir='ltr'>ἀγαθήν</span> <span class='ocrx_word' id='word_1_274' title='bbox 1119 2276 1213 2312; x_wconf 89' lang='grc' dir='ltr'><strong>σου</strong></span> <span class='ocrx_word' id='word_1_275' title='bbox 1279 2258 1641 2329; x_wconf 85' lang='grc' dir='ltr'>προαίρεσιν,</span> <span class='ocrx_word' id='word_1_276' title='bbox 1692 2262 1881 2314; x_wconf 83' lang='grc' dir='ltr'>τέκνον</span> 
     </span>
    </p>
   </div>
   <div class='ocr_carea' id='block_1_41' title="bbox 297 2340 1880 2424">
    <p class='ocr_par' dir='ltr' id='par_1_41' title="bbox 297 2340 1880 2424">
     <span class='ocr_line' id='line_1_41' title="bbox 297 2340 1880 2424; baseline 0.006 -27"><span class='ocrx_word' id='word_1_277' title='bbox 297 2340 480 2408; x_wconf 67' lang='grc' dir='ltr'>ἡμῶν,</span> <span class='ocrx_word' id='word_1_278' title='bbox 518 2344 592 2413; x_wconf 82' lang='grc' dir='ltr'><strong>μὴ</strong></span> <span class='ocrx_word' id='word_1_279' title='bbox 621 2345 884 2418; x_wconf 73' lang='grc' dir='ltr'>δεομένην</span> <span class='ocrx_word' id='word_1_280' title='bbox 917 2348 1017 2419; x_wconf 83' lang='grc' dir='ltr'>τῆς</span> <span class='ocrx_word' id='word_1_281' title='bbox 1051 2350 1211 2421; x_wconf 82' lang='grc' dir='ltr'>ἡμῶν</span> <span class='ocrx_word' id='word_1_282' title='bbox 1248 2351 1649 2420; x_wconf 79' lang='grc' dir='ltr'>παραινέσεως.</span> <span class='ocrx_word' id='word_1_283' title='bbox 1674 2353 1739 2406; x_wconf 86' lang='grc' dir='ltr'>Οί</span> <span class='ocrx_word' id='word_1_284' title='bbox 1770 2353 1880 2424; x_wconf 74' lang='grc' dir='ltr'><strong>γὰρ</strong></span> 
     </span>
    </p>
   </div>
   <div class='ocr_carea' id='block_1_42' title="bbox 294 2430 1881 2514">
    <p class='ocr_par' dir='ltr' id='par_1_42' title="bbox 294 2430 1881 2514">
     <span class='ocr_line' id='line_1_42' title="bbox 294 2430 1881 2514; baseline 0.008 -32"><span class='ocrx_word' id='word_1_285' title='bbox 294 2430 514 2485; x_wconf 69' lang='grc' dir='ltr'>οἶκοθεν</span> <span class='ocrx_word' id='word_1_286' title='bbox 569 2432 784 2504; x_wconf 75' lang='grc' dir='ltr'>ἔχοντες</span> <span class='ocrx_word' id='word_1_287' title='bbox 847 2440 910 2490; x_wconf 85' lang='grc' dir='ltr'><strong>τὸ</strong></span> <span class='ocrx_word' id='word_1_288' title='bbox 980 2440 1268 2510; x_wconf 83' lang='grc' dir='ltr'>συμπαθὲς</span> <span class='ocrx_word' id='word_1_289' title='bbox 1314 2442 1374 2496; x_wconf 85' lang='grc' dir='ltr'><strong>ού</strong></span> <span class='ocrx_word' id='word_1_290' title='bbox 1422 2441 1718 2514; x_wconf 78' lang='grc' dir='ltr'>χρῄζουσιν</span> <span class='ocrx_word' id='word_1_291' title='bbox 1786 2444 1881 2496; x_wconf 78' lang='grc' dir='ltr'><strong>ἐπὶ</strong></span> 
     </span>
    </p>
   </div>
   <div class='ocr_carea' id='block_1_43' title="bbox 296 2520 1883 2601">
    <p class='ocr_par' dir='ltr' id='par_1_43' title="bbox 296 2520 1883 2601">
     <span class='ocr_line' id='line_1_43' title="bbox 296 2520 1883 2601; baseline 0.012 -31"><span class='ocrx_word' id='word_1_292' title='bbox 296 2520 459 2573; x_wconf 77' lang='grc' dir='ltr'>τοῦτο</span> <span class='ocrx_word' id='word_1_293' title='bbox 521 2524 622 2594; x_wconf 79' lang='grc' dir='ltr'>τῆς</span> <span class='ocrx_word' id='word_1_294' title='bbox 680 2528 837 2592; x_wconf 76' lang='grc' dir='ltr'>ἐκτὸς</span> <span class='ocrx_word' id='word_1_295' title='bbox 901 2531 1326 2601; x_wconf 83' lang='grc' dir='ltr'>παρακλήσεως.</span> <span class='ocrx_word' id='word_1_296' title='bbox 1385 2534 1485 2587; x_wconf 79' lang='grc' dir='ltr'>Διά</span> <span class='ocrx_word' id='word_1_297' title='bbox 1543 2534 1703 2587; x_wconf 83' lang='grc' dir='ltr'>τοῦτο</span> <span class='ocrx_word' id='word_1_298' title='bbox 1739 2535 1789 2587; x_wconf 84' lang='grc' dir='ltr'><strong>οί</strong></span> <span class='ocrx_word' id='word_1_299' title='bbox 1822 2535 1883 2589; x_wconf 82' lang='grc' dir='ltr'>τὸ</span> 
     </span>
    </p>
   </div>
   <div class='ocr_carea' id='block_1_44' title="bbox 299 2616 1883 2700">
    <p class='ocr_par' dir='ltr' id='par_1_44' title="bbox 299 2616 1883 2700">
     <span class='ocr_line' id='line_1_44' title="bbox 299 2616 1883 2700; baseline 0.007 -28"><span class='ocrx_word' id='word_1_300' title='bbox 299 2616 540 2686; x_wconf 77' lang='grc' dir='ltr'>γράμμα</span> <span class='ocrx_word' id='word_1_301' title='bbox 576 2621 735 2689; x_wconf 76' lang='grc' dir='ltr'>ἡμῶν</span> <span class='ocrx_word' id='word_1_302' title='bbox 758 2622 1149 2697; x_wconf 84' lang='grc' dir='ltr'>ἐπιφερόμενοι</span> <span class='ocrx_word' id='word_1_303' title='bbox 1212 2628 1381 2700; x_wconf 84' lang='grc' dir='ltr'>μέχρι</span> <span class='ocrx_word' id='word_1_304' title='bbox 1420 2628 1515 2681; x_wconf 79' lang='grc' dir='ltr'>τοῦ</span> <span class='ocrx_word' id='word_1_305' title='bbox 1550 2628 1643 2682; x_wconf 83' lang='grc' dir='ltr'><strong>νῦν</strong></span> <span class='ocrx_word' id='word_1_306' title='bbox 1672 2630 1883 2684; x_wconf 84' lang='grc' dir='ltr'>τοιοῦτο</span> 
     </span>
    </p>
   </div>
   <div class='ocr_carea' id='block_1_45' title="bbox 296 2709 1884 2792">
    <p class='ocr_par' dir='ltr' id='par_1_45' title="bbox 296 2709 1884 2792">
     <span class='ocr_line' id='line_1_45' title="bbox 296 2709 1884 2792; baseline 0.01 -33"><span class='ocrx_word' id='word_1_307' title='bbox 296 2709 402 2761; x_wconf 76' lang='grc' dir='ltr'><strong>οὐκ</strong></span> <span class='ocrx_word' id='word_1_308' title='bbox 435 2711 698 2775; x_wconf 81' lang='grc' dir='ltr'>ἐκόμισαν</span> <span class='ocrx_word' id='word_1_309' title='bbox 731 2717 964 2788; x_wconf 86' lang='grc' dir='ltr'>γράμμα</span> <span class='ocrx_word' id='word_1_310' title='bbox 1012 2719 1143 2791; x_wconf 78' lang='grc' dir='ltr'>περὶ</span> <span class='ocrx_word' id='word_1_311' title='bbox 1174 2721 1268 2774; x_wconf 77' lang='grc' dir='ltr'>τοῦ</span> <span class='ocrx_word' id='word_1_312' title='bbox 1305 2720 1470 2792; x_wconf 78' lang='grc' dir='ltr'>μηδὲν</span> <span class='ocrx_word' id='word_1_313' title='bbox 1498 2721 1884 2792; x_wconf 76' lang='grc' dir='ltr'>ἑπιϐαρείσθαι</span> 
     </span>
    </p>
   </div>
   <div class='ocr_carea' id='block_1_46' title="bbox 298 2801 1885 2886">
    <p class='ocr_par' dir='ltr' id='par_1_46' title="bbox 298 2801 1885 2886">
     <span class='ocr_line' id='line_1_46' title="bbox 298 2801 1885 2886; baseline 0.012 -34"><span class='ocrx_word' id='word_1_314' title='bbox 298 2801 501 2867; x_wconf 72' lang='grc' dir='ltr'>αὐτοὺς</span> <span class='ocrx_word' id='word_1_315' title='bbox 525 2806 712 2861; x_wconf 76' lang='grc' dir='ltr'>ἕνεκεν</span> <span class='ocrx_word' id='word_1_316' title='bbox 738 2811 841 2881; x_wconf 83' lang='grc' dir='ltr'><strong>τῆς</strong></span> <span class='ocrx_word' id='word_1_317' title='bbox 880 2812 938 2878; x_wconf 76' lang='grc' dir='ltr'><strong>ἐξ</strong></span> <span class='ocrx_word' id='word_1_318' title='bbox 964 2813 1144 2884; x_wconf 81' lang='grc' dir='ltr'>ἀρχῆς</span> <span class='ocrx_word' id='word_1_319' title='bbox 1188 2814 1285 2867; x_wconf 73' lang='grc' dir='ltr'>καὶ</span> <span class='ocrx_word' id='word_1_320' title='bbox 1314 2814 1524 2869; x_wconf 81' lang='grc' dir='ltr'>ἀνωθεν</span> <span class='ocrx_word' id='word_1_321' title='bbox 1553 2815 1885 2886; x_wconf 83' lang='grc' dir='ltr'>ὲλαφρυνού-</span> 
     </span>
    </p>
   </div>
   <div class='ocr_carea' id='block_1_47' title="bbox 300 2897 1884 2977">
    <p class='ocr_par' dir='ltr' id='par_1_47' title="bbox 300 2897 1884 2977">
     <span class='ocr_line' id='line_1_47' title="bbox 300 2897 1884 2977; baseline 0.007 -29"><span class='ocrx_word' id='word_1_322' title='bbox 300 2908 406 2962; x_wconf 66' lang='lat' dir='ltr'><strong>an;</strong></span> <span class='ocrx_word' id='word_1_323' title='bbox 442 2897 643 2961; x_wconf 77' lang='grc' dir='ltr'>αὐτοὺς</span> <span class='ocrx_word' id='word_1_324' title='bbox 682 2905 1042 2975; x_wconf 80' lang='grc' dir='ltr'>συνεισφορᾶς</span> <span class='ocrx_word' id='word_1_325' title='bbox 1065 2906 1125 2958; x_wconf 86' lang='grc' dir='ltr'>ὲν</span> <span class='ocrx_word' id='word_1_326' title='bbox 1165 2907 1232 2976; x_wconf 77' lang='grc' dir='ltr'>τῇ</span> <span class='ocrx_word' id='word_1_327' title='bbox 1267 2908 1644 2977; x_wconf 80' lang='grc' dir='ltr'>πατριαρχικῇ</span> <span class='ocrx_word' id='word_1_328' title='bbox 1677 2907 1884 2977; x_wconf 83' lang='grc' dir='ltr'>διοική-</span> 
     </span>
    </p>
   </div>
   <div class='ocr_carea' id='block_1_48' title="bbox 298 2988 1882 3070">
    <p class='ocr_par' dir='ltr' id='par_1_48' title="bbox 298 2988 1882 3070">
     <span class='ocr_line' id='line_1_48' title="bbox 298 2988 1882 3070; baseline 0.009 -33"><span class='ocrx_word' id='word_1_329' title='bbox 298 3002 408 3040; x_wconf 77' lang='grc' dir='ltr'>σει.</span> <span class='ocrx_word' id='word_1_330' title='bbox 454 2988 848 3061; x_wconf 77' lang='grc' dir='ltr'>Ἐλογιζὸμεθα</span> <span class='ocrx_word' id='word_1_331' title='bbox 873 2994 983 3064; x_wconf 86' lang='grc' dir='ltr'>γὰρ</span> <span class='ocrx_word' id='word_1_332' title='bbox 1016 2995 1101 3048; x_wconf 80' lang='grc' dir='ltr'><strong>ὅτι</strong></span> <span class='ocrx_word' id='word_1_333' title='bbox 1135 2997 1231 3050; x_wconf 78' lang='grc' dir='ltr'><strong>καὶ</strong></span> <span class='ocrx_word' id='word_1_334' title='bbox 1272 2998 1445 3068; x_wconf 75' lang='grc' dir='ltr'>χωρὶς</span> <span class='ocrx_word' id='word_1_335' title='bbox 1484 2997 1574 3050; x_wconf 73' lang='grc' dir='ltr'>τοῦ</span> <span class='ocrx_word' id='word_1_336' title='bbox 1610 2998 1882 3070; x_wconf 81' lang='grc' dir='ltr'>ἡμετέρου</span> 
     </span>
    </p>
   </div>
   <div class='ocr_carea' id='block_1_49' title="bbox 1983 1850 2425 1905">
    <p class='ocr_par' dir='ltr' id='par_1_49' title="bbox 1983 1850 2425 1905">
     <span class='ocr_line' id='line_1_49' title="bbox 1983 1850 2425 1905; baseline 0.007 -15"><span class='ocrx_word' id='word_1_337' title='bbox 1983 1850 2425 1905; x_wconf 85' lang='lat' dir='ltr'><strong>permansurum.</strong></span> 
     </span>
    </p>
   </div>
   <div class='ocr_carea' id='block_1_50' title="bbox 2439 2132 3072 2190">
    <p class='ocr_par' dir='ltr' id='par_1_50' title="bbox 2439 2132 3072 2190">
     <span class='ocr_line' id='line_1_50' title="bbox 2439 2132 3072 2190; baseline 0.006 -3"><span class='ocrx_word' id='word_1_338' title='bbox 2439 2132 2775 2188; x_wconf 73' lang='lat' dir='ltr'><strong>LXXXVIII.</strong></span> <span class='ocrx_word' id='word_1_339' title='bbox 2843 2133 3072 2190; x_wconf 80' lang='lat' dir='ltr'><strong>Incerto.</strong></span> 
     </span>
    </p>
   </div>
   <div class='ocr_carea' id='block_1_51' title="bbox 2055 2248 3564 2316">
    <p class='ocr_par' dir='ltr' id='par_1_51' title="bbox 2055 2248 3564 2316">
     <span class='ocr_line' id='line_1_51' title="bbox 2055 2248 3564 2316; baseline 0.001 -11"><span class='ocrx_word' id='word_1_340' title='bbox 2055 2249 2292 2316; x_wconf 85' lang='lat' dir='ltr'><strong>Scimus,</strong></span> <span class='ocrx_word' id='word_1_341' title='bbox 2335 2248 2407 2302; x_wconf 91' lang='lat' dir='ltr'><strong>mi</strong></span> <span class='ocrx_word' id='word_1_342' title='bbox 2472 2249 2568 2313; x_wconf 84' lang='lat' dir='ltr'><strong>ﬁli,</strong></span> <span class='ocrx_word' id='word_1_343' title='bbox 2614 2257 2765 2303; x_wconf 80' lang='lat' dir='ltr'><strong>tuum</strong></span> <span class='ocrx_word' id='word_1_344' title='bbox 2819 2249 3019 2304; x_wconf 91' lang='lat' dir='ltr'><strong>bonum</strong></span> <span class='ocrx_word' id='word_1_345' title='bbox 3079 2248 3324 2305; x_wconf 87' lang='lat' dir='ltr'><strong>animum</strong></span> <span class='ocrx_word' id='word_1_346' title='bbox 3379 2260 3564 2308; x_wconf 70' lang='lat' dir='ltr'><strong>nostra</strong></span> 
     </span>
    </p>
   </div>
   <div class='ocr_carea' id='block_1_52' title="bbox 1981 2338 3563 2411">
    <p class='ocr_par' dir='ltr' id='par_1_52' title="bbox 1981 2338 3563 2411">
     <span class='ocr_line' id='line_1_52' title="bbox 1981 2338 3563 2411; baseline 0.002 -15"><span class='ocrx_word' id='word_1_347' title='bbox 1981 2338 2360 2397; x_wconf 85' lang='lat' dir='ltr'><strong>adhortatione</strong></span> <span class='ocrx_word' id='word_1_348' title='bbox 2387 2356 2495 2395; x_wconf 91' lang='lat' dir='ltr'><strong>non</strong></span> <span class='ocrx_word' id='word_1_349' title='bbox 2567 2358 2745 2411; x_wconf 82' lang='lat' dir='ltr'><strong>egere.</strong></span> <span class='ocrx_word' id='word_1_350' title='bbox 2799 2342 2903 2408; x_wconf 86' lang='lat' dir='ltr'><strong>Qui</strong></span> <span class='ocrx_word' id='word_1_351' title='bbox 2930 2342 3074 2397; x_wconf 86' lang='lat' dir='ltr'><strong>enim</strong></span> <span class='ocrx_word' id='word_1_352' title='bbox 3108 2359 3177 2398; x_wconf 80' lang='lat' dir='ltr'><strong>ex</strong></span> <span class='ocrx_word' id='word_1_353' title='bbox 3241 2358 3300 2399; x_wconf 87' lang='lat' dir='ltr'><strong>se</strong></span> <span class='ocrx_word' id='word_1_354' title='bbox 3347 2344 3563 2399; x_wconf 86' lang='lat' dir='ltr'><strong>miseri-</strong></span> 
     </span>
    </p>
   </div>
   <div class='ocr_carea' id='block_1_53' title="bbox 1980 2432 3566 2497">
    <p class='ocr_par' dir='ltr' id='par_1_53' title="bbox 1980 2432 3566 2497">
     <span class='ocr_line' id='line_1_53' title="bbox 1980 2432 3566 2497; baseline 0.002 -11"><span class='ocrx_word' id='word_1_355' title='bbox 1980 2432 2225 2486; x_wconf 87' lang='lat' dir='ltr'><strong>cordiam</strong></span> <span class='ocrx_word' id='word_1_356' title='bbox 2291 2432 2512 2497; x_wconf 78' lang='lat' dir='ltr'><strong>habent,</strong></span> <span class='ocrx_word' id='word_1_357' title='bbox 2576 2447 2682 2485; x_wconf 89' lang='lat' dir='ltr'><strong>non</strong></span> <span class='ocrx_word' id='word_1_358' title='bbox 2742 2433 2819 2486; x_wconf 84' lang='lat' dir='ltr'><strong>&#39;ad</strong></span> <span class='ocrx_word' id='word_1_359' title='bbox 2863 2433 2966 2487; x_wconf 91' lang='lat' dir='ltr'><strong>hoc</strong></span> <span class='ocrx_word' id='word_1_360' title='bbox 3009 2434 3188 2488; x_wconf 88' lang='lat' dir='ltr'><strong>aliena</strong></span> <span class='ocrx_word' id='word_1_361' title='bbox 3239 2435 3566 2489; x_wconf 79' lang='lat' dir='ltr'><strong>invitatione</strong></span> 
     </span>
    </p>
   </div>
   <div class='ocr_carea' id='block_1_54' title="bbox 1980 2521 3565 2595">
    <p class='ocr_par' dir='ltr' id='par_1_54' title="bbox 1980 2521 3565 2595">
     <span class='ocr_line' id='line_1_54' title="bbox 1980 2521 3565 2595; baseline 0.003 -20"><span class='ocrx_word' id='word_1_362' title='bbox 1980 2522 2241 2591; x_wconf 83' lang='lat' dir='ltr'><strong>indigent.</strong></span> <span class='ocrx_word' id='word_1_363' title='bbox 2276 2521 2399 2576; x_wconf 89' lang='lat' dir='ltr'><strong>Ideo</strong></span> <span class='ocrx_word' id='word_1_364' title='bbox 2423 2523 2747 2592; x_wconf 83' lang='lat' dir='ltr'><strong>quinostras</strong></span> <span class='ocrx_word' id='word_1_365' title='bbox 2792 2524 2999 2577; x_wconf 88' lang='lat' dir='ltr'><strong>litteras</strong></span> <span class='ocrx_word' id='word_1_366' title='bbox 3029 2523 3231 2590; x_wconf 81' lang='lat' dir='ltr'><strong>ferunt,</strong></span> <span class='ocrx_word' id='word_1_367' title='bbox 3279 2525 3565 2595; x_wconf 82' lang='lat' dir='ltr'><strong>hucusque</strong></span> 
     </span>
    </p>
   </div>
   <div class='ocr_carea' id='block_1_55' title="bbox 1982 2616 3565 2683">
    <p class='ocr_par' dir='ltr' id='par_1_55' title="bbox 1982 2616 3565 2683">
     <span class='ocr_line' id='line_1_55' title="bbox 1982 2616 3565 2683; baseline 0.001 -13"><span class='ocrx_word' id='word_1_368' title='bbox 1982 2630 2077 2670; x_wconf 86' lang='lat' dir='ltr'><strong>cas</strong></span> <span class='ocrx_word' id='word_1_369' title='bbox 2109 2631 2215 2668; x_wconf 85' lang='lat' dir='ltr'><strong>non</strong></span> <span class='ocrx_word' id='word_1_370' title='bbox 2256 2617 2559 2681; x_wconf 88' lang='lat' dir='ltr'><strong>reddidere,</strong></span> <span class='ocrx_word' id='word_1_371' title='bbox 2596 2617 2952 2683; x_wconf 69' lang='lat' dir='ltr'><strong>deprecantes</strong></span> <span class='ocrx_word' id='word_1_372' title='bbox 2978 2625 3037 2670; x_wconf 91' lang='lat' dir='ltr'><strong>ut</strong></span> <span class='ocrx_word' id='word_1_373' title='bbox 3074 2617 3205 2670; x_wconf 83' lang='lat' dir='ltr'><strong>nihil</strong></span> <span class='ocrx_word' id='word_1_374' title='bbox 3248 2616 3387 2670; x_wconf 88' lang='lat' dir='ltr'><strong>ultra</strong></span> <span class='ocrx_word' id='word_1_375' title='bbox 3434 2633 3565 2671; x_wconf 82' lang='lat' dir='ltr'><strong>onc-</strong></span> 
     </span>
    </p>
   </div>
   <div class='ocr_carea' id='block_1_56' title="bbox 1983 2704 3560 2778">
    <p class='ocr_par' dir='ltr' id='par_1_56' title="bbox 1983 2704 3560 2778">
     <span class='ocr_line' id='line_1_56' title="bbox 1983 2704 3560 2778; baseline 0 -17"><span class='ocrx_word' id='word_1_376' title='bbox 1983 2715 2174 2761; x_wconf 88' lang='lat' dir='ltr'><strong>rentur</strong></span> <span class='ocrx_word' id='word_1_377' title='bbox 2201 2707 2305 2778; x_wconf 85' lang='lat' dir='ltr'><strong>ipsi</strong></span> <span class='ocrx_word' id='word_1_378' title='bbox 2341 2708 2433 2778; x_wconf 88' lang='lat' dir='ltr'><strong>qui</strong></span> <span class='ocrx_word' id='word_1_379' title='bbox 2472 2708 2538 2763; x_wconf 88' lang='lat' dir='ltr'><strong>ab</strong></span> <span class='ocrx_word' id='word_1_380' title='bbox 2568 2708 2721 2762; x_wconf 89' lang='lat' dir='ltr'><strong>initio</strong></span> <span class='ocrx_word' id='word_1_381' title='bbox 2771 2718 2825 2763; x_wconf 90' lang='lat' dir='ltr'><strong>et</strong></span> <span class='ocrx_word' id='word_1_382' title='bbox 2849 2704 3174 2778; x_wconf 76' lang='lat' dir='ltr'><strong>jamdudum</strong></span> <span class='ocrx_word' id='word_1_383' title='bbox 3210 2724 3303 2778; x_wconf 85' lang='lat' dir='ltr'><strong>per</strong></span> <span class='ocrx_word' id='word_1_384' title='bbox 3338 2724 3467 2763; x_wconf 87' lang='lat' dir='ltr'><strong>suas</strong></span> <span class='ocrx_word' id='word_1_385' title='bbox 3508 2709 3560 2762; x_wconf 93' lang='lat' dir='ltr'><strong>in</strong></span> 
     </span>
    </p>
   </div>
   <div class='ocr_carea' id='block_1_57' title="bbox 1983 2799 3564 2868">
    <p class='ocr_par' dir='ltr' id='par_1_57' title="bbox 1983 2799 3564 2868">
     <span class='ocr_line' id='line_1_57' title="bbox 1983 2799 3564 2868; baseline 0.002 -15"><span class='ocrx_word' id='word_1_386' title='bbox 1983 2799 2333 2868; x_wconf 84' lang='lat' dir='ltr'><strong>patriarchali</strong></span> <span class='ocrx_word' id='word_1_387' title='bbox 2387 2801 2862 2856; x_wconf 89' lang='lat' dir='ltr'><strong>administratione</strong></span> <span class='ocrx_word' id='word_1_388' title='bbox 2896 2802 3333 2857; x_wconf 89' lang='lat' dir='ltr'><strong>contributiones</strong></span> <span class='ocrx_word' id='word_1_389' title='bbox 3376 2801 3564 2856; x_wconf 81' lang='lat' dir='ltr'><strong>suble-</strong></span> 
     </span>
    </p>
   </div>
   <div class='ocr_carea' id='block_1_58' title="bbox 1986 2892 3575 2965">
    <p class='ocr_par' dir='ltr' id='par_1_58' title="bbox 1986 2892 3575 2965">
     <span class='ocr_line' id='line_1_58' title="bbox 1986 2892 3575 2965; baseline 0.003 -21"><span class='ocrx_word' id='word_1_390' title='bbox 1986 2892 2095 2947; x_wconf 84' lang='lat' dir='ltr'><strong>vati</strong></span> <span class='ocrx_word' id='word_1_391' title='bbox 2139 2893 2366 2948; x_wconf 78' lang='lat' dir='ltr'><strong>fuerint.</strong></span> <span class='ocrx_word' id='word_1_392' title='bbox 2413 2893 2818 2963; x_wconf 79' lang='lat' dir='ltr'><strong>Reputabamus</strong></span> <span class='ocrx_word' id='word_1_393' title='bbox 2874 2894 3018 2948; x_wconf 90' lang='lat' dir='ltr'><strong>enim</strong></span> <span class='ocrx_word' id='word_1_394' title='bbox 3072 2903 3122 2948; x_wconf 90' lang='lat' dir='ltr'><strong>te</strong></span> <span class='ocrx_word' id='word_1_395' title='bbox 3152 2895 3313 2949; x_wconf 87' lang='lat' dir='ltr'><strong>etiam</strong></span> <span class='ocrx_word' id='word_1_396' title='bbox 3359 2894 3575 2965; x_wconf 73' lang='lat' dir='ltr'><strong>absque</strong></span> 
     </span>
    </p>
   </div>
   <div class='ocr_carea' id='block_1_59' title="bbox 1985 2985 3567 3056">
    <p class='ocr_par' dir='ltr' id='par_1_59' title="bbox 1985 2985 3567 3056">
     <span class='ocr_line' id='line_1_59' title="bbox 1985 2985 3567 3056; baseline 0.002 -16"><span class='ocrx_word' id='word_1_397' title='bbox 1985 2986 2191 3040; x_wconf 88' lang='lat' dir='ltr'><strong>nostris</strong></span> <span class='ocrx_word' id='word_1_398' title='bbox 2240 2986 2435 3041; x_wconf 90' lang='lat' dir='ltr'><strong>litteris</strong></span> <span class='ocrx_word' id='word_1_399' title='bbox 2487 3000 2582 3042; x_wconf 89' lang='lat' dir='ltr'><strong>eos</strong></span> <span class='ocrx_word' id='word_1_400' title='bbox 2619 2985 2687 3040; x_wconf 92' lang='lat' dir='ltr'><strong>ab</strong></span> <span class='ocrx_word' id='word_1_401' title='bbox 2738 2986 2841 3042; x_wconf 92' lang='lat' dir='ltr'><strong>hoc</strong></span> <span class='ocrx_word' id='word_1_402' title='bbox 2872 2987 3089 3056; x_wconf 90' lang='lat' dir='ltr'><strong>publico</strong></span> <span class='ocrx_word' id='word_1_403' title='bbox 3131 3002 3299 3042; x_wconf 87' lang='lat' dir='ltr'><strong>onere</strong></span> <span class='ocrx_word' id='word_1_404' title='bbox 3362 2988 3567 3043; x_wconf 80' lang='lat' dir='ltr'><strong>lilzeros</strong></span> 
     </span>
    </p>
   </div>
   <div class='ocr_carea' id='block_1_60' title="bbox 295 3076 1881 3162">
    <p class='ocr_par' dir='ltr' id='par_1_60' title="bbox 295 3081 1881 3162">
     <span class='ocr_line' id='line_1_60' title="bbox 295 3081 1881 3162; baseline 0.009 -31"><span class='ocrx_word' id='word_1_405' title='bbox 295 3081 633 3151; x_wconf 82' lang='grc' dir='ltr'>γράμματος</span> <span class='ocrx_word' id='word_1_406' title='bbox 688 3086 916 3151; x_wconf 81' lang='grc' dir='ltr'>τούτους</span> <span class='ocrx_word' id='word_1_407' title='bbox 970 3088 1191 3160; x_wconf 78' lang='grc' dir='ltr'>ἀφήσῃς</span> <span class='ocrx_word' id='word_1_408' title='bbox 1243 3090 1336 3143; x_wconf 81' lang='grc' dir='ltr'>τοῦ</span> <span class='ocrx_word' id='word_1_409' title='bbox 1386 3090 1646 3161; x_wconf 81' lang='grc' dir='ltr'>δημοσίου</span> <span class='ocrx_word' id='word_1_410' title='bbox 1682 3090 1881 3162; x_wconf 83' lang='grc' dir='ltr'>βάρους</span> 
     </span>
    </p>
   </div>
   <div class='ocr_carea' id='block_1_61' title="bbox 1986 3076 3567 3162">
    <p class='ocr_par' dir='ltr' id='par_1_61' title="bbox 1986 3076 3567 3151">
     <span class='ocr_line' id='line_1_61' title="bbox 1986 3076 3567 3151; baseline 0.002 -21"><span class='ocrx_word' id='word_1_411' title='bbox 1986 3078 2343 3132; x_wconf 90' lang='lat' dir='ltr'><strong>remissurum</strong></span> <span class='ocrx_word' id='word_1_412' title='bbox 2374 3094 2514 3133; x_wconf 83' lang='lat' dir='ltr'><strong>esse.</strong></span> <span class='ocrx_word' id='word_1_413' title='bbox 2540 3076 2659 3131; x_wconf 84' lang='lat' dir='ltr'><strong>Non</strong></span> <span class='ocrx_word' id='word_1_414' title='bbox 2674 3078 2819 3132; x_wconf 88' lang='lat' dir='ltr'><strong>enim</strong></span> <span class='ocrx_word' id='word_1_415' title='bbox 2865 3078 2977 3132; x_wconf 90' lang='lat' dir='ltr'><strong>lieri</strong></span> <span class='ocrx_word' id='word_1_416' title='bbox 2998 3089 3174 3149; x_wconf 86' lang='lat' dir='ltr'><strong>potest</strong></span> <span class='ocrx_word' id='word_1_417' title='bbox 3228 3078 3310 3151; x_wconf 89' lang='lat' dir='ltr'><strong>(ut</strong></span> <span class='ocrx_word' id='word_1_418' title='bbox 3342 3089 3397 3133; x_wconf 93' lang='lat' dir='ltr'><strong>tu</strong></span> <span class='ocrx_word' id='word_1_419' title='bbox 3433 3080 3567 3133; x_wconf 85' lang='lat' dir='ltr'><strong>bene</strong></span> 
     </span>
    </p>
   </div>
   <div class='ocr_carea' id='block_1_62' title="bbox 296 3172 1881 3252">
    <p class='ocr_par' dir='ltr' id='par_1_62' title="bbox 296 3172 1881 3252">
     <span class='ocr_line' id='line_1_62' title="bbox 296 3172 1881 3252; baseline 0.009 -30"><span class='ocrx_word' id='word_1_420' title='bbox 296 3172 528 3236; x_wconf 84' lang='grc' dir='ltr'>ἀνέτους</span> <span class='ocrx_word' id='word_1_421' title='bbox 547 3190 563 3206; x_wconf 88' lang='grc'><strong>·</strong></span> <span class='ocrx_word' id='word_1_422' title='bbox 596 3176 717 3229; x_wconf 76' lang='grc' dir='ltr'>οὐδὲ</span> <span class='ocrx_word' id='word_1_423' title='bbox 744 3178 853 3248; x_wconf 79' lang='grc' dir='ltr'>γὰρ</span> <span class='ocrx_word' id='word_1_424' title='bbox 883 3177 1107 3235; x_wconf 84' lang='grc' dir='ltr'>δυνατὸν</span> <span class='ocrx_word' id='word_1_425' title='bbox 1130 3180 1228 3251; x_wconf 84' lang='grc' dir='ltr'><strong>(ὡς</strong></span> <span class='ocrx_word' id='word_1_426' title='bbox 1246 3182 1343 3235; x_wconf 77' lang='grc' dir='ltr'><strong>καὶ</strong></span> <span class='ocrx_word' id='word_1_427' title='bbox 1377 3183 1409 3252; x_wconf 79' lang='grc' dir='ltr'>ἡ</span> <span class='ocrx_word' id='word_1_428' title='bbox 1439 3181 1506 3252; x_wconf 80' lang='grc' dir='ltr'>σὴ</span> <span class='ocrx_word' id='word_1_429' title='bbox 1529 3182 1881 3247; x_wconf 80' lang='grc' dir='ltr'>ἐξεπίσταται</span> 
     </span>
    </p>
   </div>
   <div class='ocr_carea' id='block_1_63' title="bbox 299 3261 1882 3346">
    <p class='ocr_par' dir='ltr' id='par_1_63' title="bbox 299 3261 1882 3346">
     <span class='ocr_line' id='line_1_63' title="bbox 299 3261 1882 3346; baseline 0.009 -32"><span class='ocrx_word' id='word_1_430' title='bbox 299 3261 545 3337; x_wconf 80' lang='grc' dir='ltr'>σύνεσις)</span> <span class='ocrx_word' id='word_1_431' title='bbox 618 3271 687 3323; x_wconf 87' lang='grc' dir='ltr'><strong>τά</strong></span> <span class='ocrx_word' id='word_1_432' title='bbox 715 3287 774 3323; x_wconf 88' lang='grc' dir='ltr'><strong>τε</strong></span> <span class='ocrx_word' id='word_1_433' title='bbox 819 3274 1199 3344; x_wconf 84' lang='grc' dir='ltr'>πατριαρχείῳ</span> <span class='ocrx_word' id='word_1_434' title='bbox 1238 3273 1297 3338; x_wconf 78' lang='grc' dir='ltr'><strong>ἐξ</strong></span> <span class='ocrx_word' id='word_1_435' title='bbox 1344 3275 1518 3344; x_wconf 79' lang='grc' dir='ltr'>ἀρχῆς</span> <span class='ocrx_word' id='word_1_436' title='bbox 1544 3274 1882 3346; x_wconf 85' lang='grc' dir='ltr'>διορισθέντα</span> 
     </span>
    </p>
   </div>
   <div class='ocr_carea' id='block_1_64' title="bbox 300 3361 1883 3438">
    <p class='ocr_par' dir='ltr' id='par_1_64' title="bbox 300 3361 1883 3438">
     <span class='ocr_line' id='line_1_64' title="bbox 300 3361 1883 3438; baseline 0.008 -30"><span class='ocrx_word' id='word_1_437' title='bbox 300 3361 706 3429; x_wconf 76' lang='grc' dir='ltr'>συνεισφέρειν,</span> <span class='ocrx_word' id='word_1_438' title='bbox 742 3362 839 3416; x_wconf 69' lang='grc' dir='ltr'>καὶ</span> <span class='ocrx_word' id='word_1_439' title='bbox 868 3366 991 3428; x_wconf 79' lang='grc' dir='ltr'>ταῖς</span> <span class='ocrx_word' id='word_1_440' title='bbox 1028 3366 1320 3436; x_wconf 83' lang='grc' dir='ltr'>δημοσίαις</span> <span class='ocrx_word' id='word_1_441' title='bbox 1350 3366 1679 3438; x_wconf 83' lang='grc' dir='ltr'>ὑπηρεσίαις</span> <span class='ocrx_word' id='word_1_442' title='bbox 1709 3384 1883 3420; x_wconf 86' lang='grc' dir='ltr'>κατα-</span> 
     </span>
    </p>
   </div>
   <div class='ocr_carea' id='block_1_65' title="bbox 298 3446 1880 3531">
    <p class='ocr_par' dir='ltr' id='par_1_65' title="bbox 298 3446 1880 3531">
     <span class='ocr_line' id='line_1_65' title="bbox 298 3446 1880 3531; baseline 0.009 -33"><span class='ocrx_word' id='word_1_443' title='bbox 298 3446 663 3518; x_wconf 72' lang='grc' dir='ltr'>ἧαρύνὲσθαι.</span> <span class='ocrx_word' id='word_1_444' title='bbox 697 3455 797 3507; x_wconf 84' lang='grc' dir='ltr'>Διά</span> <span class='ocrx_word' id='word_1_445' title='bbox 822 3454 997 3510; x_wconf 85' lang='grc' dir='ltr'>ταῦτα</span> <span class='ocrx_word' id='word_1_446' title='bbox 1018 3457 1305 3529; x_wconf 74' lang='grc' dir='ltr'>γράφομέν</span> <span class='ocrx_word' id='word_1_447' title='bbox 1347 3476 1452 3523; x_wconf 85' lang='grc' dir='ltr'>σοι,</span> <span class='ocrx_word' id='word_1_448' title='bbox 1483 3459 1673 3514; x_wconf 86' lang='grc' dir='ltr'>τέκνον</span> <span class='ocrx_word' id='word_1_449' title='bbox 1699 3460 1880 3531; x_wconf 78' lang='grc' dir='ltr'>ἡμῶν,</span> 
     </span>
    </p>
   </div>
   <div class='ocr_carea' id='block_1_66' title="bbox 298 3540 1884 3622">
    <p class='ocr_par' dir='ltr' id='par_1_66' title="bbox 298 3540 1884 3622">
     <span class='ocr_line' id='line_1_66' title="bbox 298 3540 1884 3622; baseline 0.008 -31"><span class='ocrx_word' id='word_1_450' title='bbox 298 3540 355 3592; x_wconf 77' lang='grc' dir='ltr'><strong>εί</strong></span> <span class='ocrx_word' id='word_1_451' title='bbox 385 3543 613 3595; x_wconf 69' lang='grc' dir='ltr'>δυνατὸν</span> <span class='ocrx_word' id='word_1_452' title='bbox 636 3547 795 3599; x_wconf 81' lang='grc' dir='ltr'>ἐᾶσαι</span> <span class='ocrx_word' id='word_1_453' title='bbox 819 3548 1060 3619; x_wconf 83' lang='grc' dir='ltr'>πένητας</span> <span class='ocrx_word' id='word_1_454' title='bbox 1087 3550 1290 3620; x_wconf 74' lang='grc' dir='ltr'>ἄνδρας</span> <span class='ocrx_word' id='word_1_455' title='bbox 1312 3550 1403 3604; x_wconf 81' lang='grc' dir='ltr'>διὰ</span> <span class='ocrx_word' id='word_1_456' title='bbox 1418 3551 1518 3622; x_wconf 80' lang='grc' dir='ltr'><strong>τὴν</strong></span> <span class='ocrx_word' id='word_1_457' title='bbox 1537 3551 1718 3605; x_wconf 85' lang='grc' dir='ltr'>αὐτῶν</span> <span class='ocrx_word' id='word_1_458' title='bbox 1743 3553 1884 3606; x_wconf 79' lang='grc' dir='ltr'>ἀπο-</span> 
     </span>
    </p>
   </div>
   <div class='ocr_carea' id='block_1_67' title="bbox 302 3629 1886 3711">
    <p class='ocr_par' dir='ltr' id='par_1_67' title="bbox 302 3629 1886 3711">
     <span class='ocr_line' id='line_1_67' title="bbox 302 3629 1886 3711; baseline 0.009 -30"><span class='ocrx_word' id='word_1_459' title='bbox 302 3629 427 3699; x_wconf 79' lang='grc' dir='ltr'>ρίαν</span> <span class='ocrx_word' id='word_1_460' title='bbox 444 3635 652 3704; x_wconf 68' lang='grc' dir='ltr'>μικρὰν</span> <span class='ocrx_word' id='word_1_461' title='bbox 677 3639 1131 3709; x_wconf 76' lang='grc' dir='ltr'>συνεισφέροντας</span> <span class='ocrx_word' id='word_1_462' title='bbox 1150 3641 1342 3711; x_wconf 86' lang='grc' dir='ltr'>χρείαν</span> <span class='ocrx_word' id='word_1_463' title='bbox 1368 3644 1435 3711; x_wconf 80' lang='grc' dir='ltr'>τῇ</span> <span class='ocrx_word' id='word_1_464' title='bbox 1454 3641 1546 3694; x_wconf 83' lang='grc' dir='ltr'>τοῦ</span> <span class='ocrx_word' id='word_1_465' title='bbox 1583 3641 1721 3694; x_wconf 82' lang='grc' dir='ltr'>Θεοῦ</span> <span class='ocrx_word' id='word_1_466' title='bbox 1764 3641 1886 3695; x_wconf 85' lang='grc' dir='ltr'><strong>Ἐκ-</strong></span> 
     </span>
    </p>
   </div>
   <div class='ocr_carea' id='block_1_68' title="bbox 300 3720 1886 3803">
    <p class='ocr_par' dir='ltr' id='par_1_68' title="bbox 300 3720 1886 3803">
     <span class='ocr_line' id='line_1_68' title="bbox 300 3720 1886 3803; baseline 0.009 -33"><span class='ocrx_word' id='word_1_467' title='bbox 300 3720 530 3794; x_wconf 80' lang='grc' dir='ltr'>κλησίᾳ,</span> <span class='ocrx_word' id='word_1_468' title='bbox 561 3726 757 3800; x_wconf 76' lang='grc' dir='ltr'>καὶμὴ</span> <span class='ocrx_word' id='word_1_469' title='bbox 798 3728 967 3799; x_wconf 82' lang='grc' dir='ltr'>βάρος</span> <span class='ocrx_word' id='word_1_470' title='bbox 1014 3731 1198 3795; x_wconf 81' lang='grc' dir='ltr'>αὐτοῖς</span> <span class='ocrx_word' id='word_1_471' title='bbox 1230 3731 1366 3803; x_wconf 83' lang='grc' dir='ltr'>ὑπὲρ</span> <span class='ocrx_word' id='word_1_472' title='bbox 1391 3733 1489 3803; x_wconf 80' lang='grc' dir='ltr'>τὴν</span> <span class='ocrx_word' id='word_1_473' title='bbox 1512 3730 1741 3802; x_wconf 88' lang='grc' dir='ltr'>δύναμιν</span> <span class='ocrx_word' id='word_1_474' title='bbox 1772 3734 1886 3785; x_wconf 81' lang='grc' dir='ltr'>ἐπι-</span> 
     </span>
    </p>
   </div>
   <div class='ocr_carea' id='block_1_69' title="bbox 300 3815 1885 3893">
    <p class='ocr_par' dir='ltr' id='par_1_69' title="bbox 300 3815 1885 3893">
     <span class='ocr_line' id='line_1_69' title="bbox 300 3815 1885 3893; baseline 0.006 -28"><span class='ocrx_word' id='word_1_475' title='bbox 300 3815 503 3882; x_wconf 87' lang='grc' dir='ltr'>θεῖναι,</span> <span class='ocrx_word' id='word_1_476' title='bbox 542 3815 572 3868; x_wconf 85' lang='grc' dir='ltr'>ὅ</span> <span class='ocrx_word' id='word_1_477' title='bbox 615 3820 711 3871; x_wconf 81' lang='grc' dir='ltr'><strong>καὶ</strong></span> <span class='ocrx_word' id='word_1_478' title='bbox 754 3823 864 3882; x_wconf 83' lang='grc' dir='ltr'>τοῖς</span> <span class='ocrx_word' id='word_1_479' title='bbox 901 3820 1185 3891; x_wconf 82' lang='grc' dir='ltr'>δημοσίοις</span> <span class='ocrx_word' id='word_1_480' title='bbox 1220 3824 1517 3893; x_wconf 86' lang='grc' dir='ltr'>πράγμασι</span> <span class='ocrx_word' id='word_1_481' title='bbox 1541 3823 1885 3892; x_wconf 86' lang='grc' dir='ltr'>λειτουργεῖν</span> 
     </span>
    </p>
   </div>
   <div class='ocr_carea' id='block_1_70' title="bbox 300 3908 1885 3988">
    <p class='ocr_par' dir='ltr' id='par_1_70' title="bbox 300 3908 1885 3988">
     <span class='ocr_line' id='line_1_70' title="bbox 300 3908 1885 3988; baseline 0.007 -29"><span class='ocrx_word' id='word_1_482' title='bbox 300 3908 504 3973; x_wconf 77' lang='grc' dir='ltr'>αὐτοὺς</span> <span class='ocrx_word' id='word_1_483' title='bbox 539 3912 600 3963; x_wconf 80' lang='grc' dir='ltr'>οὐ</span> <span class='ocrx_word' id='word_1_484' title='bbox 625 3916 993 3985; x_wconf 82' lang='grc' dir='ltr'>συγχωρήσει,</span> <span class='ocrx_word' id='word_1_485' title='bbox 1016 3915 1112 3969; x_wconf 70' lang='grc' dir='ltr'>καὶ</span> <span class='ocrx_word' id='word_1_486' title='bbox 1142 3918 1242 3988; x_wconf 80' lang='grc' dir='ltr'><strong>τῆς</strong></span> <span class='ocrx_word' id='word_1_487' title='bbox 1274 3917 1477 3988; x_wconf 86' lang='grc' dir='ltr'>μικρᾶς</span> <span class='ocrx_word' id='word_1_488' title='bbox 1508 3916 1885 3988; x_wconf 79' lang='grc' dir='ltr'>προσενέξεως</span> 
     </span>
    </p>
   </div>
   <div class='ocr_carea' id='block_1_71' title="bbox 297 4001 1526 4081">
    <p class='ocr_par' dir='ltr' id='par_1_71' title="bbox 297 4001 1526 4081">
     <span class='ocr_line' id='line_1_71' title="bbox 297 4001 1526 4081; baseline 0.006 -25"><span class='ocrx_word' id='word_1_489' title='bbox 297 4001 406 4072; x_wconf 76' lang='grc' dir='ltr'>τὴν</span> <span class='ocrx_word' id='word_1_490' title='bbox 444 4002 776 4075; x_wconf 83' lang='grc' dir='ltr'>Ἐκκλησίαν</span> <span class='ocrx_word' id='word_1_491' title='bbox 812 4008 908 4060; x_wconf 79' lang='grc' dir='ltr'><strong>τοῦ</strong></span> <span class='ocrx_word' id='word_1_492' title='bbox 938 4008 1074 4061; x_wconf 76' lang='grc' dir='ltr'>Θεοῦ</span> <span class='ocrx_word' id='word_1_493' title='bbox 1101 4009 1381 4081; x_wconf 85' lang='grc' dir='ltr'>ἀποστερή</span> <span class='ocrx_word' id='word_1_494' title='bbox 1394 4027 1526 4064; x_wconf 77' lang='grc' dir='ltr'>σειν.</span> 
     </span>
    </p>
   </div>
   <div class='ocr_carea' id='block_1_72' title="bbox 693 4120 1501 4194">
    <p class='ocr_par' dir='ltr' id='par_1_72' title="bbox 693 4120 1501 4194">
     <span class='ocr_line' id='line_1_72' title="bbox 693 4120 1501 4194; baseline 0.001 -17"><span class='ocrx_word' id='word_1_495' title='bbox 693 4120 820 4177; x_wconf 77' lang='lat'><strong>119&#39;.</strong></span> <span class='ocrx_word' id='word_1_496' title='bbox 868 4123 1179 4194; x_wconf 67' lang='lat' dir='ltr'><strong>Fpmvphp</strong></span> <span class='ocrx_word' id='word_1_497' title='bbox 1219 4121 1501 4193; x_wconf 71' lang='grc' dir='ltr'>Ἐφέσου.</span> 
     </span>
    </p>
   </div>
   <div class='ocr_carea' id='block_1_73' title="bbox 387 4214 1887 4314">
    <p class='ocr_par' dir='ltr' id='par_1_73' title="bbox 387 4214 1887 4314">
     <span class='ocr_line' id='line_1_73' title="bbox 387 4214 1887 4314; baseline -0.003 -18"><span class='ocrx_word' id='word_1_498' title='bbox 387 4242 611 4313; x_wconf 77' lang='grc' dir='ltr'>Ἐπειδὴ</span> <span class='ocrx_word' id='word_1_499' title='bbox 634 4242 703 4295; x_wconf 76' lang='grc' dir='ltr'><strong>τὰ</strong></span> <span class='ocrx_word' id='word_1_500' title='bbox 728 4242 825 4314; x_wconf 79' lang='grc' dir='ltr'>τῆς</span> <span class='ocrx_word' id='word_1_501' title='bbox 881 4242 1041 4311; x_wconf 88' lang='grc' dir='ltr'>ἁγίας</span> <span class='ocrx_word' id='word_1_502' title='bbox 1086 4214 1251 4296; x_wconf 81' lang='grc' dir='ltr'>αὑτοῦ</span> <span class='ocrx_word' id='word_1_503' title='bbox 1295 4239 1624 4311; x_wconf 85' lang='grc' dir='ltr'>Ἐκκλησίας</span> <span class='ocrx_word' id='word_1_504' title='bbox 1653 4240 1682 4292; x_wconf 88' lang='grc' dir='ltr'>ὁ</span> <span class='ocrx_word' id='word_1_505' title='bbox 1715 4238 1887 4308; x_wconf 86' lang='grc' dir='ltr'>μέγας</span> 
     </span>
    </p>
   </div>
   <div class='ocr_carea' id='block_1_74' title="bbox 304 4330 1887 4407">
    <p class='ocr_par' dir='ltr' id='par_1_74' title="bbox 304 4330 1887 4407">
     <span class='ocr_line' id='line_1_74' title="bbox 304 4330 1887 4407; baseline -0.006 -16"><span class='ocrx_word' id='word_1_506' title='bbox 304 4337 399 4392; x_wconf 73' lang='grc' dir='ltr'><strong>καὶ</strong></span> <span class='ocrx_word' id='word_1_507' title='bbox 418 4336 639 4407; x_wconf 84' lang='grc' dir='ltr'>πρῶτος</span> <span class='ocrx_word' id='word_1_508' title='bbox 668 4335 961 4407; x_wconf 81' lang='grc' dir='ltr'>ἀρχιερεὺς</span> <span class='ocrx_word' id='word_1_509' title='bbox 994 4335 1153 4406; x_wconf 76' lang='grc' dir='ltr'>ἡμῶν</span> <span class='ocrx_word' id='word_1_510' title='bbox 1176 4336 1203 4387; x_wconf 88' lang='grc' dir='ltr'><strong>ὀ</strong></span> <span class='ocrx_word' id='word_1_511' title='bbox 1224 4334 1427 4405; x_wconf 82' lang='grc' dir='ltr'>Κύριος</span> <span class='ocrx_word' id='word_1_512' title='bbox 1459 4333 1551 4386; x_wconf 78' lang='grc' dir='ltr'><strong>καὶ</strong></span> <span class='ocrx_word' id='word_1_513' title='bbox 1573 4332 1704 4396; x_wconf 77' lang='grc' dir='ltr'>Θεὸς</span> <span class='ocrx_word' id='word_1_514' title='bbox 1727 4330 1887 4401; x_wconf 78' lang='grc' dir='ltr'>ἡμῶν</span> 
     </span>
    </p>
   </div>
   <div class='ocr_carea' id='block_1_75' title="bbox 1986 3167 3562 3240">
    <p class='ocr_par' dir='ltr' id='par_1_75' title="bbox 1986 3167 3562 3240">
     <span class='ocr_line' id='line_1_75' title="bbox 1986 3167 3562 3240; baseline -0.003 -18"><span class='ocrx_word' id='word_1_515' title='bbox 1986 3167 2263 3240; x_wconf 79' lang='lat' dir='ltr'><strong>intelligis)</strong></span> <span class='ocrx_word' id='word_1_516' title='bbox 2285 3177 2339 3222; x_wconf 89' lang='lat' dir='ltr'><strong>et</strong></span> <span class='ocrx_word' id='word_1_517' title='bbox 2362 3185 2421 3223; x_wconf 86' lang='lat' dir='ltr'><strong>ea</strong></span> <span class='ocrx_word' id='word_1_518' title='bbox 2449 3184 2569 3237; x_wconf 71' lang='lat' dir='ltr'><strong>qua:</strong></span> <span class='ocrx_word' id='word_1_519' title='bbox 2596 3169 2946 3240; x_wconf 88' lang='lat' dir='ltr'><strong>patriarchali</strong></span> <span class='ocrx_word' id='word_1_520' title='bbox 2980 3168 3093 3224; x_wconf 90' lang='lat' dir='ltr'><strong>sedi</strong></span> <span class='ocrx_word' id='word_1_521' title='bbox 3139 3171 3208 3222; x_wconf 89' lang='lat' dir='ltr'><strong>ab</strong></span> <span class='ocrx_word' id='word_1_522' title='bbox 3233 3169 3389 3222; x_wconf 72' lang='lat' dir='ltr'><strong>initia</strong></span> <span class='ocrx_word' id='word_1_523' title='bbox 3420 3170 3562 3224; x_wconf 89' lang='lat' dir='ltr'><strong>sunti</strong></span> 
     </span>
    </p>
   </div>
   <div class='ocr_carea' id='block_1_76' title="bbox 1984 3259 3568 3331">
    <p class='ocr_par' dir='ltr' id='par_1_76' title="bbox 1984 3259 3568 3331">
     <span class='ocr_line' id='line_1_76' title="bbox 1984 3259 3568 3331; baseline -0.003 -16"><span class='ocrx_word' id='word_1_524' title='bbox 1984 3259 2203 3315; x_wconf 83' lang='lat' dir='ltr'><strong>deﬁnita</strong></span> <span class='ocrx_word' id='word_1_525' title='bbox 2229 3261 2596 3325; x_wconf 66' lang='lat' dir='ltr'><strong>contribuere,</strong></span> <span class='ocrx_word' id='word_1_526' title='bbox 2621 3270 2672 3315; x_wconf 89' lang='lat' dir='ltr'><strong>et</strong></span> <span class='ocrx_word' id='word_1_527' title='bbox 2702 3261 2931 3331; x_wconf 85' lang='lat' dir='ltr'><strong>publicis</strong></span> <span class='ocrx_word' id='word_1_528' title='bbox 2960 3260 3280 3314; x_wconf 85' lang='lat' dir='ltr'><strong>muneribus</strong></span> <span class='ocrx_word' id='word_1_529' title='bbox 3343 3261 3568 3329; x_wconf 76' lang='lat' dir='ltr'><strong>insuper</strong></span> 
     </span>
    </p>
   </div>
   <div class='ocr_carea' id='block_1_77' title="bbox 1984 3351 3563 3421">
    <p class='ocr_par' dir='ltr' id='par_1_77' title="bbox 1984 3351 3563 3421">
     <span class='ocr_line' id='line_1_77' title="bbox 1984 3351 3563 3421; baseline -0.004 -11"><span class='ocrx_word' id='word_1_530' title='bbox 1984 3355 2221 3411; x_wconf 88' lang='lat' dir='ltr'><strong>onerari.</strong></span> <span class='ocrx_word' id='word_1_531' title='bbox 2252 3354 2376 3409; x_wconf 87' lang='lat' dir='ltr'><strong>Ideo</strong></span> <span class='ocrx_word' id='word_1_532' title='bbox 2409 3356 2501 3410; x_wconf 89' lang='lat' dir='ltr'><strong>tibi</strong></span> <span class='ocrx_word' id='word_1_533' title='bbox 2524 3354 2838 3417; x_wconf 87' lang='lat' dir='ltr'><strong>scribimus,</strong></span> <span class='ocrx_word' id='word_1_534' title='bbox 2880 3351 2976 3417; x_wconf 79' lang='lat' dir='ltr'><strong>illi,</strong></span> <span class='ocrx_word' id='word_1_535' title='bbox 3000 3360 3081 3418; x_wconf 91' lang='lat' dir='ltr'><strong>ut,</strong></span> <span class='ocrx_word' id='word_1_536' title='bbox 3114 3352 3158 3407; x_wconf 94' lang='lat' dir='ltr'><strong>si</strong></span> <span class='ocrx_word' id='word_1_537' title='bbox 3190 3352 3311 3406; x_wconf 77' lang='lat' dir='ltr'><strong>ﬁeri</strong></span> <span class='ocrx_word' id='word_1_538' title='bbox 3361 3364 3563 3421; x_wconf 86' lang='lat' dir='ltr'><strong>po:est,</strong></span> 
     </span>
    </p>
   </div>
   <div class='ocr_carea' id='block_1_78' title="bbox 1987 3440 3563 3512">
    <p class='ocr_par' dir='ltr' id='par_1_78' title="bbox 1987 3440 3563 3512">
     <span class='ocr_line' id='line_1_78' title="bbox 1987 3440 3563 3512; baseline -0.004 -13"><span class='ocrx_word' id='word_1_539' title='bbox 1987 3444 2236 3499; x_wconf 86' lang='lat' dir='ltr'><strong>homines</strong></span> <span class='ocrx_word' id='word_1_540' title='bbox 2289 3444 2476 3512; x_wconf 87' lang='lat' dir='ltr'><strong>inopes</strong></span> <span class='ocrx_word' id='word_1_541' title='bbox 2517 3457 2614 3511; x_wconf 90' lang='lat' dir='ltr'><strong>per</strong></span> <span class='ocrx_word' id='word_1_542' title='bbox 2683 3456 2839 3496; x_wconf 90' lang='lat' dir='ltr'><strong>suam</strong></span> <span class='ocrx_word' id='word_1_543' title='bbox 2938 3441 3175 3509; x_wconf 82' lang='lat' dir='ltr'><strong>inepiam</strong></span> <span class='ocrx_word' id='word_1_544' title='bbox 3245 3440 3563 3493; x_wconf 87' lang='lat' dir='ltr'><strong>nonnullam</strong></span> 
     </span>
    </p>
   </div>
   <div class='ocr_carea' id='block_1_79' title="bbox 1986 3530 3562 3591">
    <p class='ocr_par' dir='ltr' id='par_1_79' title="bbox 1986 3530 3562 3591">
     <span class='ocr_line' id='line_1_79' title="bbox 1986 3530 3562 3591; baseline -0.004 -1"><span class='ocrx_word' id='word_1_545' title='bbox 1986 3536 2276 3591; x_wconf 87' lang='lat' dir='ltr'><strong>utilitatem</strong></span> <span class='ocrx_word' id='word_1_546' title='bbox 2312 3533 2404 3589; x_wconf 87' lang='lat' dir='ltr'><strong>Dei</strong></span> <span class='ocrx_word' id='word_1_547' title='bbox 2441 3530 2698 3589; x_wconf 80' lang='lat' dir='ltr'><strong>Ecclesiae</strong></span> <span class='ocrx_word' id='word_1_548' title='bbox 2730 3533 3031 3588; x_wconf 89' lang='lat' dir='ltr'><strong>tribuentes</strong></span> <span class='ocrx_word' id='word_1_549' title='bbox 3060 3534 3355 3587; x_wconf 88' lang='lat' dir='ltr'><strong>molestare</strong></span> <span class='ocrx_word' id='word_1_550' title='bbox 3387 3531 3562 3586; x_wconf 56' lang='lat' dir='ltr'><strong>desis-</strong></span> 
     </span>
    </p>
   </div>
   <div class='ocr_carea' id='block_1_80' title="bbox 1987 3623 3567 3697">
    <p class='ocr_par' dir='ltr' id='par_1_80' title="bbox 1987 3623 3567 3697">
     <span class='ocr_line' id='line_1_80' title="bbox 1987 3623 3567 3697; baseline -0.004 -14"><span class='ocrx_word' id='word_1_551' title='bbox 1987 3637 2091 3685; x_wconf 89' lang='lat' dir='ltr'><strong>tas.</strong></span> <span class='ocrx_word' id='word_1_552' title='bbox 2116 3626 2299 3697; x_wconf 82' lang='lat' dir='ltr'><strong>Neque</strong></span> <span class='ocrx_word' id='word_1_553' title='bbox 2334 3626 2413 3681; x_wconf 92' lang='lat' dir='ltr'><strong>eis</strong></span> <span class='ocrx_word' id='word_1_554' title='bbox 2450 3640 2645 3679; x_wconf 84' lang='lat' dir='ltr'><strong>novum</strong></span> <span class='ocrx_word' id='word_1_555' title='bbox 2673 3640 2813 3680; x_wconf 91' lang='lat' dir='ltr'><strong>onus</strong></span> <span class='ocrx_word' id='word_1_556' title='bbox 2851 3626 3122 3693; x_wconf 86' lang='lat' dir='ltr'><strong>imponas,</strong></span> <span class='ocrx_word' id='word_1_557' title='bbox 3158 3624 3304 3694; x_wconf 91' lang='lat' dir='ltr'><strong>quod</strong></span> <span class='ocrx_word' id='word_1_558' title='bbox 3361 3640 3464 3676; x_wconf 90' lang='lat' dir='ltr'><strong>non</strong></span> <span class='ocrx_word' id='word_1_559' title='bbox 3498 3623 3567 3677; x_wconf 87' lang='lat' dir='ltr'><strong>iis</strong></span> 
     </span>
    </p>
   </div>
   <div class='ocr_carea' id='block_1_81' title="bbox 1986 3716 3566 3791">
    <p class='ocr_par' dir='ltr' id='par_1_81' title="bbox 1986 3716 3566 3791">
     <span class='ocr_line' id='line_1_81' title="bbox 1986 3716 3566 3791; baseline -0.003 -17"><span class='ocrx_word' id='word_1_560' title='bbox 1986 3721 2259 3791; x_wconf 88' lang='lat' dir='ltr'><strong>permittet</strong></span> <span class='ocrx_word' id='word_1_561' title='bbox 2290 3729 2348 3773; x_wconf 92' lang='lat' dir='ltr'><strong>ut</strong></span> <span class='ocrx_word' id='word_1_562' title='bbox 2376 3718 2593 3789; x_wconf 90' lang='lat' dir='ltr'><strong>publica</strong></span> <span class='ocrx_word' id='word_1_563' title='bbox 2627 3718 2822 3772; x_wconf 87' lang='lat' dir='ltr'><strong>obeant</strong></span> <span class='ocrx_word' id='word_1_564' title='bbox 2858 3720 3108 3786; x_wconf 84' lang='lat' dir='ltr'><strong>munera,</strong></span> <span class='ocrx_word' id='word_1_565' title='bbox 3139 3717 3342 3787; x_wconf 86' lang='lat' dir='ltr'><strong>Deique</strong></span> <span class='ocrx_word' id='word_1_566' title='bbox 3379 3716 3566 3770; x_wconf 74' lang='lat' dir='ltr'><strong>Eccle-</strong></span> 
     </span>
    </p>
   </div>
   <div class='ocr_carea' id='block_1_82' title="bbox 1987 3808 3001 3880">
    <p class='ocr_par' dir='ltr' id='par_1_82' title="bbox 1987 3808 3001 3880">
     <span class='ocr_line' id='line_1_82' title="bbox 1987 3808 3001 3880; baseline 0 -14"><span class='ocrx_word' id='word_1_567' title='bbox 1987 3813 2125 3866; x_wconf 90' lang='lat' dir='ltr'><strong>siatn</strong></span> <span class='ocrx_word' id='word_1_568' title='bbox 2162 3810 2324 3867; x_wconf 85' lang='lat' dir='ltr'><strong>certis</strong></span> <span class='ocrx_word' id='word_1_569' title='bbox 2358 3810 2590 3880; x_wconf 75' lang='lat' dir='ltr'><strong>privabit</strong></span> <span class='ocrx_word' id='word_1_570' title='bbox 2625 3808 3001 3866; x_wconf 82' lang='lat' dir='ltr'><strong>facultatibus.</strong></span> 
     </span>
    </p>
   </div>
   <div class='ocr_carea' id='block_1_83' title="bbox 2222 4115 3343 4187">
    <p class='ocr_par' dir='ltr' id='par_1_83' title="bbox 2222 4115 3343 4187">
     <span class='ocr_line' id='line_1_83' title="bbox 2222 4115 3343 4187; baseline -0.001 -14"><span class='ocrx_word' id='word_1_571' title='bbox 2222 4117 2514 4174; x_wconf 71' lang='lat' dir='ltr'><strong>LXXXIX.</strong></span> <span class='ocrx_word' id='word_1_572' title='bbox 2572 4117 2823 4187; x_wconf 76' lang='lat' dir='ltr'><strong>Gregorio</strong></span> <span class='ocrx_word' id='word_1_573' title='bbox 2858 4115 3049 4186; x_wconf 67' lang='lat' dir='ltr'><strong>[ip/nm</strong></span> <span class='ocrx_word' id='word_1_574' title='bbox 3082 4118 3343 4187; x_wconf 79' lang='lat' dir='ltr'><strong>episcopo.</strong></span> 
     </span>
    </p>
   </div>
   <div class='ocr_carea' id='block_1_84' title="bbox 2061 4228 3562 4301">
    <p class='ocr_par' dir='ltr' id='par_1_84' title="bbox 2061 4228 3562 4301">
     <span class='ocr_line' id='line_1_84' title="bbox 2061 4228 3562 4301; baseline -0.001 -17"><span class='ocrx_word' id='word_1_575' title='bbox 2061 4234 2327 4301; x_wconf 83' lang='lat' dir='ltr'><strong>Quoniam</strong></span> <span class='ocrx_word' id='word_1_576' title='bbox 2362 4247 2425 4286; x_wconf 85' lang='lat' dir='ltr'><strong>ea</strong></span> <span class='ocrx_word' id='word_1_577' title='bbox 2464 4246 2583 4300; x_wconf 64' lang='lat' dir='ltr'><strong>quae</strong></span> <span class='ocrx_word' id='word_1_578' title='bbox 2635 4240 2764 4284; x_wconf 82' lang='lat' dir='ltr'><strong>sunt</strong></span> <span class='ocrx_word' id='word_1_579' title='bbox 2802 4228 3078 4291; x_wconf 64' lang='lat' dir='ltr'><strong>Beck-sim,</strong></span> <span class='ocrx_word' id='word_1_580' title='bbox 3114 4244 3341 4295; x_wconf 81' lang='lat' dir='ltr'><strong>magnus</strong></span> <span class='ocrx_word' id='word_1_581' title='bbox 3365 4240 3419 4283; x_wconf 90' lang='lat' dir='ltr'><strong>et</strong></span> <span class='ocrx_word' id='word_1_582' title='bbox 3448 4230 3562 4300; x_wconf 89' lang='lat' dir='ltr'><strong>pri-</strong></span> 
     </span>
    </p>
   </div>
   <div class='ocr_carea' id='block_1_85' title="bbox 1989 4320 3564 4393">
    <p class='ocr_par' dir='ltr' id='par_1_85' title="bbox 1989 4320 3564 4393">
     <span class='ocr_line' id='line_1_85' title="bbox 1989 4320 3564 4393; baseline -0.005 -10"><span class='ocrx_word' id='word_1_583' title='bbox 1989 4343 2113 4383; x_wconf 90' lang='lat' dir='ltr'><strong>mus</strong></span> <span class='ocrx_word' id='word_1_584' title='bbox 2135 4329 2476 4383; x_wconf 85' lang='lat' dir='ltr'><strong>sacerdotum</strong></span> <span class='ocrx_word' id='word_1_585' title='bbox 2500 4324 2772 4393; x_wconf 85' lang='lat' dir='ltr'><strong>princeps,</strong></span> <span class='ocrx_word' id='word_1_586' title='bbox 2804 4320 3068 4375; x_wconf 82' lang='lat' dir='ltr'><strong>Dominus</strong></span> <span class='ocrx_word' id='word_1_587' title='bbox 3106 4329 3160 4373; x_wconf 92' lang='lat' dir='ltr'><strong>et</strong></span> <span class='ocrx_word' id='word_1_588' title='bbox 3203 4320 3345 4374; x_wconf 89' lang='lat' dir='ltr'><strong>Deus</strong></span> <span class='ocrx_word' id='word_1_589' title='bbox 3377 4333 3564 4375; x_wconf 88' lang='lat' dir='ltr'><strong>noster</strong></span> 
     </span>
    </p>
   </div>
   <div class='ocr_carea' id='block_1_86' title="bbox 316 4412 1881 4502">
    <p class='ocr_par' dir='ltr' id='par_1_86' title="bbox 316 4424 1881 4502">
     <span class='ocr_line' id='line_1_86' title="bbox 316 4424 1881 4502; baseline -0.006 -17"><span class='ocrx_word' id='word_1_590' title='bbox 316 4431 531 4502; x_wconf 73' lang='grc' dir='ltr'>Ἰησοῦς</span> <span class='ocrx_word' id='word_1_591' title='bbox 562 4432 591 4483; x_wconf 77' lang='grc' dir='ltr'><strong>ὁ</strong></span> <span class='ocrx_word' id='word_1_592' title='bbox 621 4430 857 4500; x_wconf 78' lang='grc' dir='ltr'>Χριστὸς</span> <span class='ocrx_word' id='word_1_593' title='bbox 885 4429 1313 4499; x_wconf 83' lang='grc' dir='ltr'>οίκονομηθῆναι</span> <span class='ocrx_word' id='word_1_594' title='bbox 1343 4427 1643 4498; x_wconf 87' lang='grc' dir='ltr'>παρέσχεν,</span> <span class='ocrx_word' id='word_1_595' title='bbox 1674 4424 1733 4478; x_wconf 90' lang='grc' dir='ltr'>ὃν</span> <span class='ocrx_word' id='word_1_596' title='bbox 1754 4427 1881 4494; x_wconf 84' lang='grc' dir='ltr'>τρό-</span> 
     </span>
    </p>
   </div>
   <div class='ocr_carea' id='block_1_87' title="bbox 1986 4412 3563 4502">
    <p class='ocr_par' dir='ltr' id='par_1_87' title="bbox 1990 4412 3563 4482">
     <span class='ocr_line' id='line_1_87' title="bbox 1990 4412 3563 4482; baseline -0.008 -4"><span class='ocrx_word' id='word_1_597' title='bbox 1990 4422 2146 4478; x_wconf 69' lang='lat' dir='ltr'><strong>Iesus</strong></span> <span class='ocrx_word' id='word_1_598' title='bbox 2163 4419 2413 4473; x_wconf 78' lang='lat' dir='ltr'><strong>Christus</strong></span> <span class='ocrx_word' id='word_1_599' title='bbox 2439 4415 2869 4471; x_wconf 81' lang='lat' dir='ltr'><strong>administranda</strong></span> <span class='ocrx_word' id='word_1_600' title='bbox 2899 4412 3148 4482; x_wconf 62' lang='lat' dir='ltr'><strong>praebuit,</strong></span> <span class='ocrx_word' id='word_1_601' title='bbox 3171 4427 3237 4467; x_wconf 90' lang='lat' dir='ltr'><strong>eo</strong></span> <span class='ocrx_word' id='word_1_602' title='bbox 3269 4412 3431 4465; x_wconf 88' lang='lat' dir='ltr'><strong>tnodo</strong></span> <span class='ocrx_word' id='word_1_603' title='bbox 3453 4427 3563 4482; x_wconf 86' lang='lat' dir='ltr'><strong>quo</strong></span> 
     </span>
    </p>
   </div>
   <div class='ocr_carea' id='block_1_88' title="bbox 308 4512 1887 4592">
    <p class='ocr_par' dir='ltr' id='par_1_88' title="bbox 308 4512 1887 4592">
     <span class='ocr_line' id='line_1_88' title="bbox 308 4512 1887 4592; baseline -0.005 -18"><span class='ocrx_word' id='word_1_604' title='bbox 308 4539 407 4575; x_wconf 77' lang='grc' dir='ltr'><strong>πον</strong></span> <span class='ocrx_word' id='word_1_605' title='bbox 449 4525 520 4592; x_wconf 84' lang='grc' dir='ltr'>τῇ</span> <span class='ocrx_word' id='word_1_606' title='bbox 561 4521 729 4573; x_wconf 76' lang='grc' dir='ltr'>αὐτοῦ</span> <span class='ocrx_word' id='word_1_607' title='bbox 778 4520 955 4585; x_wconf 81' lang='grc' dir='ltr'>ἔδοξεν</span> <span class='ocrx_word' id='word_1_608' title='bbox 1003 4518 1302 4588; x_wconf 85' lang='grc' dir='ltr'>ἁγαθότητι</span> <span class='ocrx_word' id='word_1_609' title='bbox 1343 4516 1450 4588; x_wconf 90' lang='grc' dir='ltr'>(τίς</span> <span class='ocrx_word' id='word_1_610' title='bbox 1482 4515 1593 4587; x_wconf 80' lang='grc' dir='ltr'><strong>γάρ</strong></span> <span class='ocrx_word' id='word_1_611' title='bbox 1642 4515 1736 4568; x_wconf 69' lang='grc' dir='ltr'>ἐπὶ</span> <span class='ocrx_word' id='word_1_612' title='bbox 1761 4512 1887 4569; x_wconf 79' lang='grc' dir='ltr'>νοῦν</span> 
     </span>
    </p>
   </div>
   <div class='ocr_carea' id='block_1_89' title="bbox 305 4609 1889 4686">
    <p class='ocr_par' dir='ltr' id='par_1_89' title="bbox 305 4609 1889 4686">
     <span class='ocr_line' id='line_1_89' title="bbox 305 4609 1889 4686; baseline -0.004 -17"><span class='ocrx_word' id='word_1_613' title='bbox 305 4616 573 4686; x_wconf 77' lang='grc' dir='ltr'>τολμήσοι</span> <span class='ocrx_word' id='word_1_614' title='bbox 604 4614 789 4668; x_wconf 85' lang='grc' dir='ltr'>λαϐεῖν</span> <span class='ocrx_word' id='word_1_615' title='bbox 825 4614 899 4675; x_wconf 86' lang='grc' dir='ltr'><strong>ὡς</strong></span> <span class='ocrx_word' id='word_1_616' title='bbox 922 4615 981 4665; x_wconf 75' lang='grc' dir='ltr'><strong>τδ</strong></span> <span class='ocrx_word' id='word_1_617' title='bbox 1015 4614 1157 4682; x_wconf 86' lang='grc' dir='ltr'>μέγα</span> <span class='ocrx_word' id='word_1_618' title='bbox 1184 4612 1344 4667; x_wconf 77' lang='grc' dir='ltr'>τοῦτο</span> <span class='ocrx_word' id='word_1_619' title='bbox 1374 4610 1532 4683; x_wconf 78' lang='grc' dir='ltr'>ἔργον</span> <span class='ocrx_word' id='word_1_620' title='bbox 1567 4611 1641 4682; x_wconf 84' lang='grc' dir='ltr'>μὴ</span> <span class='ocrx_word' id='word_1_621' title='bbox 1669 4609 1889 4680; x_wconf 87' lang='grc' dir='ltr'>γεγονέ-</span> 
     </span>
    </p>
   </div>
   <div class='ocr_carea' id='block_1_90' title="bbox 307 4702 1887 4777">
    <p class='ocr_par' dir='ltr' id='par_1_90' title="bbox 307 4702 1887 4777">
     <span class='ocr_line' id='line_1_90' title="bbox 307 4702 1887 4777; baseline -0.006 -14"><span class='ocrx_word' id='word_1_622' title='bbox 307 4729 393 4763; x_wconf 66' lang='grc' dir='ltr'><strong>ναι</strong></span> <span class='ocrx_word' id='word_1_623' title='bbox 422 4710 522 4761; x_wconf 72' lang='grc' dir='ltr'><strong>σὺν</strong></span> <span class='ocrx_word' id='word_1_624' title='bbox 547 4708 612 4777; x_wconf 85' lang='grc' dir='ltr'>τῇ</span> <span class='ocrx_word' id='word_1_625' title='bbox 645 4706 854 4758; x_wconf 73' lang='grc' dir='ltr'>ἐκείνου</span> <span class='ocrx_word' id='word_1_626' title='bbox 893 4704 1111 4776; x_wconf 75' lang='grc' dir='ltr'>εὐδοκία</span> <span class='ocrx_word' id='word_1_627' title='bbox 1136 4705 1177 4771; x_wconf 88' lang='grc'><strong>;)</strong></span> <span class='ocrx_word' id='word_1_628' title='bbox 1228 4704 1365 4757; x_wconf 85' lang='grc' dir='ltr'><strong>ἀλλά</strong></span> <span class='ocrx_word' id='word_1_629' title='bbox 1401 4702 1512 4773; x_wconf 83' lang='grc' dir='ltr'>γὰρ</span> <span class='ocrx_word' id='word_1_630' title='bbox 1542 4704 1664 4755; x_wconf 74' lang='grc' dir='ltr'>ἐπεὶ</span> <span class='ocrx_word' id='word_1_631' title='bbox 1687 4702 1756 4755; x_wconf 81' lang='grc' dir='ltr'>τὰ</span> <span class='ocrx_word' id='word_1_632' title='bbox 1786 4702 1887 4771; x_wconf 82' lang='grc' dir='ltr'>τῆς</span> 
     </span>
    </p>
   </div>
   <div class='ocr_carea' id='block_1_91' title="bbox 310 4797 1887 4875">
    <p class='ocr_par' dir='ltr' id='par_1_91' title="bbox 310 4797 1887 4875">
     <span class='ocr_line' id='line_1_91' title="bbox 310 4797 1887 4875; baseline -0.004 -17"><span class='ocrx_word' id='word_1_633' title='bbox 310 4805 461 4875; x_wconf 72' lang='grc' dir='ltr'>ἱερᾶς</span> <span class='ocrx_word' id='word_1_634' title='bbox 526 4800 691 4855; x_wconf 85' lang='grc' dir='ltr'>αύτοῦ</span> <span class='ocrx_word' id='word_1_635' title='bbox 764 4800 1086 4870; x_wconf 83' lang='grc' dir='ltr'>συναγωγῆς</span> <span class='ocrx_word' id='word_1_636' title='bbox 1131 4797 1395 4871; x_wconf 81' lang='grc' dir='ltr'>διῳκήθη,</span> <span class='ocrx_word' id='word_1_637' title='bbox 1450 4798 1704 4869; x_wconf 74' lang='grc' dir='ltr'>ὁρίζομεν</span> <span class='ocrx_word' id='word_1_638' title='bbox 1758 4800 1887 4863; x_wconf 80' lang='grc' dir='ltr'>τοὺς</span> 
     </span>
    </p>
   </div>
   <div class='ocr_carea' id='block_1_92' title="bbox 313 4890 1884 4965">
    <p class='ocr_par' dir='ltr' id='par_1_92' title="bbox 313 4890 1884 4965">
     <span class='ocr_line' id='line_1_92' title="bbox 313 4890 1884 4965; baseline -0.003 -18"><span class='ocrx_word' id='word_1_639' title='bbox 313 4896 409 4965; x_wconf 80' lang='grc' dir='ltr'><strong>μὲν</strong></span> <span class='ocrx_word' id='word_1_640' title='bbox 456 4894 723 4964; x_wconf 79' lang='grc' dir='ltr'>ἀρχαίους</span> <span class='ocrx_word' id='word_1_641' title='bbox 769 4890 1117 4960; x_wconf 66' lang='grc' dir='ltr'>λειιουργοὺς</span> <span class='ocrx_word' id='word_1_642' title='bbox 1166 4890 1262 4944; x_wconf 78' lang='grc' dir='ltr'>τοῦ</span> <span class='ocrx_word' id='word_1_643' title='bbox 1307 4890 1466 4959; x_wconf 80' lang='grc' dir='ltr'>ἁγίου</span> <span class='ocrx_word' id='word_1_644' title='bbox 1494 4890 1884 4962; x_wconf 84' lang='grc' dir='ltr'>θυσιαστηρίου</span> 
     </span>
    </p>
   </div>
   <div class='ocr_carea' id='block_1_93' title="bbox 308 4976 1887 5061">
    <p class='ocr_par' dir='ltr' id='par_1_93' title="bbox 308 4976 1887 5061">
     <span class='ocr_line' id='line_1_93' title="bbox 308 4976 1887 5061; baseline -0.004 -20"><span class='ocrx_word' id='word_1_645' title='bbox 308 4986 676 5061; x_wconf 78' lang='grc' dir='ltr'>προτετάχθαι</span> <span class='ocrx_word' id='word_1_646' title='bbox 706 4986 817 5038; x_wconf 81' lang='grc' dir='ltr'><strong>τῶν</strong></span> <span class='ocrx_word' id='word_1_647' title='bbox 847 4985 999 5055; x_wconf 81' lang='grc' dir='ltr'><strong>παρά</strong></span> <span class='ocrx_word' id='word_1_648' title='bbox 1025 4984 1123 5054; x_wconf 73' lang='grc' dir='ltr'>τῆς</span> <span class='ocrx_word' id='word_1_649' title='bbox 1159 4987 1257 5054; x_wconf 81' lang='grc' dir='ltr'>σῆς</span> <span class='ocrx_word' id='word_1_650' title='bbox 1281 4976 1694 5054; x_wconf 78' lang='grc' dir='ltr'>ἀρχιερωσύνης</span> <span class='ocrx_word' id='word_1_651' title='bbox 1719 4982 1776 5035; x_wconf 77' lang='grc' dir='ltr'>ἐν</span> <span class='ocrx_word' id='word_1_652' title='bbox 1807 4982 1887 5052; x_wconf 81' lang='grc' dir='ltr'>τῷ</span> 
     </span>
    </p>
   </div>
   <div class='ocr_carea' id='block_1_94' title="bbox 306 5072 1886 5150">
    <p class='ocr_par' dir='ltr' id='par_1_94' title="bbox 306 5072 1886 5150">
     <span class='ocr_line' id='line_1_94' title="bbox 306 5072 1886 5150; baseline -0.004 -17"><span class='ocrx_word' id='word_1_653' title='bbox 306 5080 399 5133; x_wconf 73' lang='grc' dir='ltr'>νῦν</span> <span class='ocrx_word' id='word_1_654' title='bbox 431 5078 615 5150; x_wconf 82' lang='grc' dir='ltr'>καιρῷ</span> <span class='ocrx_word' id='word_1_655' title='bbox 649 5079 728 5141; x_wconf 81' lang='grc' dir='ltr'><strong>είς</strong></span> <span class='ocrx_word' id='word_1_656' title='bbox 747 5076 1102 5148; x_wconf 77' lang='grc' dir='ltr'>’λειτουργίαν</span> <span class='ocrx_word' id='word_1_657' title='bbox 1136 5074 1694 5147; x_wconf 84' lang='grc' dir='ltr'>προκεχειρισμένους</span> <span class='ocrx_word' id='word_1_658' title='bbox 1716 5088 1731 5104; x_wconf 75' lang='grc'><strong><em>⁸</em></strong></span> <span class='ocrx_word' id='word_1_659' title='bbox 1768 5072 1886 5144; x_wconf 78' lang='grc' dir='ltr'>μετ’</span> 
     </span>
    </p>
   </div>
   <div class='ocr_carea' id='block_1_95' title="bbox 304 5165 1885 5238">
    <p class='ocr_par' dir='ltr' id='par_1_95' title="bbox 304 5165 1885 5238">
     <span class='ocr_line' id='line_1_95' title="bbox 304 5165 1885 5238; baseline -0.003 -16"><span class='ocrx_word' id='word_1_660' title='bbox 304 5169 549 5232; x_wconf 71' lang='grc' dir='ltr'>ἐκείνους</span> <span class='ocrx_word' id='word_1_661' title='bbox 579 5167 635 5221; x_wconf 83' lang='grc' dir='ltr'>δὲ</span> <span class='ocrx_word' id='word_1_662' title='bbox 654 5168 783 5229; x_wconf 76' lang='grc' dir='ltr'>τοὺς</span> <span class='ocrx_word' id='word_1_663' title='bbox 815 5167 966 5237; x_wconf 81' lang='grc' dir='ltr'><strong>παρά</strong></span> <span class='ocrx_word' id='word_1_664' title='bbox 994 5165 1084 5219; x_wconf 81' lang='grc' dir='ltr'>σοῦ</span> <span class='ocrx_word' id='word_1_665' title='bbox 1106 5166 1202 5238; x_wconf 82' lang='grc' dir='ltr'>τὴν</span> <span class='ocrx_word' id='word_1_666' title='bbox 1219 5165 1562 5237; x_wconf 82' lang='grc' dir='ltr'>χειροθεσίαν</span> <span class='ocrx_word' id='word_1_667' title='bbox 1587 5165 1851 5229; x_wconf 85' lang='grc' dir='ltr'>λαϐόντας</span> <span class='ocrx_word' id='word_1_668' title='bbox 1868 5181 1885 5197; x_wconf 77' lang='grc' dir='ltr'><strong>ο</strong></span> 
     </span>
    </p>
   </div>
   <div class='ocr_carea' id='block_1_96' title="bbox 306 5253 1888 5330">
    <p class='ocr_par' dir='ltr' id='par_1_96' title="bbox 306 5253 1888 5330">
     <span class='ocr_line' id='line_1_96' title="bbox 306 5253 1888 5330; baseline -0.001 -19"><span class='ocrx_word' id='word_1_669' title='bbox 306 5261 572 5329; x_wconf 73' lang='grc' dir='ltr'>ἐσχάτους</span> <span class='ocrx_word' id='word_1_670' title='bbox 611 5258 669 5311; x_wconf 76' lang='grc' dir='ltr'>δὲ</span> <span class='ocrx_word' id='word_1_671' title='bbox 709 5254 849 5311; x_wconf 73' lang='grc' dir='ltr'>εἶναι</span> <span class='ocrx_word' id='word_1_672' title='bbox 885 5260 1013 5322; x_wconf 64' lang='grc' dir='ltr'>τοὺς</span> <span class='ocrx_word' id='word_1_673' title='bbox 1061 5261 1119 5311; x_wconf 84' lang='grc' dir='ltr'><strong>ἐν</strong></span> <span class='ocrx_word' id='word_1_674' title='bbox 1152 5260 1228 5329; x_wconf 83' lang='grc' dir='ltr'><strong>τῷ</strong></span> <span class='ocrx_word' id='word_1_675' title='bbox 1256 5258 1433 5330; x_wconf 73' lang='grc' dir='ltr'>καιρῷ</span> <span class='ocrx_word' id='word_1_676' title='bbox 1472 5259 1582 5312; x_wconf 80' lang='grc' dir='ltr'>τῶν</span> <span class='ocrx_word' id='word_1_677' title='bbox 1628 5260 1727 5312; x_wconf 77' lang='grc' dir='ltr'><strong>οὐκ</strong></span> <span class='ocrx_word' id='word_1_678' title='bbox 1767 5253 1888 5311; x_wconf 78' lang='grc' dir='ltr'>οἶδα</span> 
     </span>
    </p>
   </div>
   <div class='ocr_carea' id='block_1_97' title="bbox 308 5347 1886 5420">
    <p class='ocr_par' dir='ltr' id='par_1_97' title="bbox 308 5347 1886 5420">
     <span class='ocr_line' id='line_1_97' title="bbox 308 5347 1886 5420; baseline -0.003 -15"><span class='ocrx_word' id='word_1_679' title='bbox 308 5356 484 5413; x_wconf 75' lang='grc' dir='ltr'>ποίοις</span> <span class='ocrx_word' id='word_1_680' title='bbox 531 5350 767 5419; x_wconf 85' lang='grc' dir='ltr'>κρίμασι</span> <span class='ocrx_word' id='word_1_681' title='bbox 816 5348 952 5402; x_wconf 83' lang='grc' dir='ltr'>Θεοῦ</span> <span class='ocrx_word' id='word_1_682' title='bbox 996 5348 1511 5420; x_wconf 84' lang='grc' dir='ltr'>συγκεχωρημένων</span> <span class='ocrx_word' id='word_1_683' title='bbox 1550 5347 1886 5403; x_wconf 70' lang='grc' dir='ltr'>ἐπεισελθεῖν</span> 
     </span>
    </p>
   </div>
   <div class='ocr_carea' id='block_1_98' title="bbox 308 5440 1886 5513">
    <p class='ocr_par' dir='ltr' id='par_1_98' title="bbox 308 5440 1886 5513">
     <span class='ocr_line' id='line_1_98' title="bbox 308 5440 1886 5513; baseline -0.002 -16"><span class='ocrx_word' id='word_1_684' title='bbox 308 5444 627 5497; x_wconf 67' lang='grc' dir='ltr'>σκανδάλων</span> <span class='ocrx_word' id='word_1_685' title='bbox 678 5444 745 5513; x_wconf 82' lang='grc' dir='ltr'>τῇ</span> <span class='ocrx_word' id='word_1_686' title='bbox 795 5440 1095 5513; x_wconf 69' lang='grc' dir='ltr'>Ἐκκλησία</span> <span class='ocrx_word' id='word_1_687' title='bbox 1158 5443 1262 5496; x_wconf 86' lang='grc' dir='ltr'>ὑπὸ</span> <span class='ocrx_word' id='word_1_688' title='bbox 1313 5441 1726 5496; x_wconf 80' lang='grc' dir='ltr'>Κωνσταντίνου</span> <span class='ocrx_word' id='word_1_689' title='bbox 1792 5442 1886 5494; x_wconf 77' lang='grc' dir='ltr'>καὶ</span> 
     </span>
    </p>
   </div>
   <div class='ocr_carea' id='block_1_99' title="bbox 315 5532 1887 5606">
    <p class='ocr_par' dir='ltr' id='par_1_99' title="bbox 315 5532 1887 5606">
     <span class='ocr_line' id='line_1_99' title="bbox 315 5532 1887 5606; baseline -0.002 -18"><span class='ocrx_word' id='word_1_690' title='bbox 315 5534 570 5589; x_wconf 74' lang='grc' dir='ltr'>Ἰωάννου</span> <span class='ocrx_word' id='word_1_691' title='bbox 624 5532 1123 5606; x_wconf 79' lang='grc' dir='ltr'>χειροθετηθέντας.</span> <span class='ocrx_word' id='word_1_692' title='bbox 1157 5534 1267 5587; x_wconf 76' lang='grc' dir='ltr'><strong>Καὶ</strong></span> <span class='ocrx_word' id='word_1_693' title='bbox 1308 5534 1466 5587; x_wconf 82' lang='grc' dir='ltr'>τοῦτο</span> <span class='ocrx_word' id='word_1_694' title='bbox 1501 5534 1597 5604; x_wconf 77' lang='grc' dir='ltr'>μὲν</span> <span class='ocrx_word' id='word_1_695' title='bbox 1626 5533 1688 5586; x_wconf 79' lang='grc' dir='ltr'>τὸ</span> <span class='ocrx_word' id='word_1_696' title='bbox 1720 5534 1887 5605; x_wconf 84' lang='grc' dir='ltr'>μέρος</span> 
     </span>
    </p>
   </div>
   <div class='ocr_carea' id='block_1_100' title="bbox 306 5628 1887 5701">
    <p class='ocr_par' dir='ltr' id='par_1_100' title="bbox 306 5628 1887 5701">
     <span class='ocr_line' id='line_1_100' title="bbox 306 5628 1887 5701; baseline -0.001 -20"><span class='ocrx_word' id='word_1_697' title='bbox 306 5629 559 5683; x_wconf 72' lang='grc' dir='ltr'>τοιοῦτον</span> <span class='ocrx_word' id='word_1_698' title='bbox 612 5630 725 5699; x_wconf 75' lang='grc' dir='ltr'>ἔχει</span> <span class='ocrx_word' id='word_1_699' title='bbox 770 5629 860 5682; x_wconf 71' lang='grc' dir='ltr'>τὸν</span> <span class='ocrx_word' id='word_1_700' title='bbox 907 5628 1209 5700; x_wconf 84' lang='grc' dir='ltr'>διορισμόν.</span> <span class='ocrx_word' id='word_1_701' title='bbox 1241 5628 1472 5701; x_wconf 81' lang='grc' dir='ltr'>Ἕτερον</span> <span class='ocrx_word' id='word_1_702' title='bbox 1519 5628 1575 5681; x_wconf 79' lang='grc' dir='ltr'>δὲ</span> <span class='ocrx_word' id='word_1_703' title='bbox 1633 5628 1887 5698; x_wconf 76' lang='grc' dir='ltr'>ὁρίζομεν</span> 
     </span>
    </p>
   </div>
   <div class='ocr_carea' id='block_1_101' title="bbox 311 5718 1887 5795">
    <p class='ocr_par' dir='ltr' id='par_1_101' title="bbox 311 5718 1887 5795">
     <span class='ocr_line' id='line_1_101' title="bbox 311 5718 1887 5795; baseline -0.003 -21"><span class='ocrx_word' id='word_1_704' title='bbox 311 5722 427 5793; x_wconf 67' lang='grc' dir='ltr'>(καὶ</span> <span class='ocrx_word' id='word_1_705' title='bbox 458 5722 621 5778; x_wconf 78' lang='grc' dir='ltr'>τοῦτο</span> <span class='ocrx_word' id='word_1_706' title='bbox 655 5722 865 5794; x_wconf 81' lang='grc' dir='ltr'>μενέτω</span> <span class='ocrx_word' id='word_1_707' title='bbox 899 5725 1116 5788; x_wconf 81' lang='grc' dir='ltr'>πάντως</span> <span class='ocrx_word' id='word_1_708' title='bbox 1142 5720 1604 5795; x_wconf 76' lang='grc' dir='ltr'>ἀπαραποίητον),</span> <span class='ocrx_word' id='word_1_709' title='bbox 1631 5718 1769 5774; x_wconf 77' lang='grc' dir='ltr'>ὥστε</span> <span class='ocrx_word' id='word_1_710' title='bbox 1798 5718 1887 5771; x_wconf 77' lang='grc' dir='ltr'>τὸν</span> 
     </span>
    </p>
   </div>
   <div class='ocr_carea' id='block_1_102' title="bbox 1992 4504 3563 4582">
    <p class='ocr_par' dir='ltr' id='par_1_102' title="bbox 1992 4504 3563 4582">
     <span class='ocr_line' id='line_1_102' title="bbox 1992 4504 3563 4582; baseline -0.004 -17"><span class='ocrx_word' id='word_1_711' title='bbox 1992 4511 2166 4582; x_wconf 91' lang='lat' dir='ltr'><strong>ipsius</strong></span> <span class='ocrx_word' id='word_1_712' title='bbox 2182 4509 2409 4565; x_wconf 83' lang='lat' dir='ltr'><strong>bonitati</strong></span> <span class='ocrx_word' id='word_1_713' title='bbox 2432 4509 2609 4563; x_wconf 81' lang='lat' dir='ltr'><strong>visum</strong></span> <span class='ocrx_word' id='word_1_714' title='bbox 2647 4515 2753 4573; x_wconf 86' lang='lat' dir='ltr'><strong>est,</strong></span> <span class='ocrx_word' id='word_1_715' title='bbox 2775 4505 2921 4577; x_wconf 84' lang='lat' dir='ltr'><strong>(quis</strong></span> <span class='ocrx_word' id='word_1_716' title='bbox 2945 4504 3089 4560; x_wconf 85' lang='lat' dir='ltr'><strong>enim</strong></span> <span class='ocrx_word' id='word_1_717' title='bbox 3127 4513 3309 4559; x_wconf 87' lang='lat' dir='ltr'><strong>mente</strong></span> <span class='ocrx_word' id='word_1_718' title='bbox 3339 4504 3563 4559; x_wconf 80' lang='lat' dir='ltr'><strong>auderet</strong></span> 
     </span>
    </p>
   </div>
   <div class='ocr_carea' id='block_1_103' title="bbox 1990 4597 3563 4677">
    <p class='ocr_par' dir='ltr' id='par_1_103' title="bbox 1990 4597 3563 4677">
     <span class='ocr_line' id='line_1_103' title="bbox 1990 4597 3563 4677; baseline -0.01 -12"><span class='ocrx_word' id='word_1_719' title='bbox 1990 4606 2277 4677; x_wconf 88' lang='lat' dir='ltr'><strong>concipere</strong></span> <span class='ocrx_word' id='word_1_720' title='bbox 2301 4619 2554 4675; x_wconf 83' lang='lat' dir='ltr'><strong>magnum</strong></span> <span class='ocrx_word' id='word_1_721' title='bbox 2592 4602 2695 4657; x_wconf 81' lang='lat' dir='ltr'><strong>hoc</strong></span> <span class='ocrx_word' id='word_1_722' title='bbox 2716 4615 2854 4671; x_wconf 87' lang='lat' dir='ltr'><strong>opus</strong></span> <span class='ocrx_word' id='word_1_723' title='bbox 2892 4614 3017 4654; x_wconf 90' lang='lat' dir='ltr'><strong>cum</strong></span> <span class='ocrx_word' id='word_1_724' title='bbox 3047 4598 3195 4652; x_wconf 89' lang='lat' dir='ltr'><strong>illius</strong></span> <span class='ocrx_word' id='word_1_725' title='bbox 3223 4597 3563 4668; x_wconf 85' lang='lat' dir='ltr'><strong>beneplacilo</strong></span> 
     </span>
    </p>
   </div>
   <div class='ocr_carea' id='block_1_104' title="bbox 1992 4691 3564 4767">
    <p class='ocr_par' dir='ltr' id='par_1_104' title="bbox 1992 4691 3564 4767">
     <span class='ocr_line' id='line_1_104' title="bbox 1992 4691 3564 4767; baseline -0.005 -13"><span class='ocrx_word' id='word_1_726' title='bbox 1992 4714 2100 4755; x_wconf 88' lang='lat' dir='ltr'><strong>non</strong></span> <span class='ocrx_word' id='word_1_727' title='bbox 2148 4698 2322 4767; x_wconf 75' lang='lat' dir='ltr'><strong>lteri!)</strong></span> <span class='ocrx_word' id='word_1_728' title='bbox 2366 4696 2472 4751; x_wconf 88' lang='lat' dir='ltr'><strong>Sed</strong></span> <span class='ocrx_word' id='word_1_729' title='bbox 2516 4696 2774 4766; x_wconf 90' lang='lat' dir='ltr'><strong>quoniam</strong></span> <span class='ocrx_word' id='word_1_730' title='bbox 2826 4693 3002 4763; x_wconf 88' lang='lat' dir='ltr'><strong>ipsius</strong></span> <span class='ocrx_word' id='word_1_731' title='bbox 3062 4691 3203 4746; x_wconf 79' lang='lat' dir='ltr'><strong>sacri</strong></span> <span class='ocrx_word' id='word_1_732' title='bbox 3254 4698 3430 4745; x_wconf 83' lang='lat' dir='ltr'><strong>coetus</strong></span> <span class='ocrx_word' id='word_1_733' title='bbox 3476 4705 3564 4746; x_wconf 86' lang='lat' dir='ltr'><strong>res</strong></span> 
     </span>
    </p>
   </div>
   <div class='ocr_carea' id='block_1_105' title="bbox 1990 4782 3567 4853">
    <p class='ocr_par' dir='ltr' id='par_1_105' title="bbox 1990 4782 3567 4853">
     <span class='ocr_line' id='line_1_105' title="bbox 1990 4782 3567 4853; baseline -0.006 -7"><span class='ocrx_word' id='word_1_734' title='bbox 1990 4792 2146 4847; x_wconf 89' lang='lat' dir='ltr'><strong>nobis</strong></span> <span class='ocrx_word' id='word_1_735' title='bbox 2174 4790 2483 4847; x_wconf 67' lang='lat' dir='ltr'><strong>commissae</strong></span> <span class='ocrx_word' id='word_1_736' title='bbox 2540 4795 2688 4851; x_wconf 88' lang='lat' dir='ltr'><strong>sunt,</strong></span> <span class='ocrx_word' id='word_1_737' title='bbox 2742 4786 3034 4841; x_wconf 79' lang='lat' dir='ltr'><strong>deﬁnimus</strong></span> <span class='ocrx_word' id='word_1_738' title='bbox 3089 4782 3342 4853; x_wconf 83' lang='lat' dir='ltr'><strong>antiquos</strong></span> <span class='ocrx_word' id='word_1_739' title='bbox 3379 4782 3567 4837; x_wconf 87' lang='lat' dir='ltr'><strong>minis-</strong></span> 
     </span>
    </p>
   </div>
   <div class='ocr_carea' id='block_1_106' title="bbox 1991 4865 3560 4949">
    <p class='ocr_par' dir='ltr' id='par_1_106' title="bbox 1991 4865 3560 4949">
     <span class='ocr_line' id='line_1_106' title="bbox 1991 4865 3560 4949; baseline -0.008 -10"><span class='ocrx_word' id='word_1_740' title='bbox 1991 4893 2105 4941; x_wconf 83' lang='lat' dir='ltr'><strong>tros</strong></span> <span class='ocrx_word' id='word_1_741' title='bbox 2137 4886 2308 4940; x_wconf 86' lang='lat' dir='ltr'><strong>sacris</strong></span> <span class='ocrx_word' id='word_1_742' title='bbox 2342 4882 2607 4937; x_wconf 81' lang='lat' dir='ltr'><strong>altaribus</strong></span> <span class='ocrx_word' id='word_1_743' title='bbox 2646 4877 2847 4949; x_wconf 82' lang='lat' dir='ltr'><strong>praeﬁci</strong></span> <span class='ocrx_word' id='word_1_744' title='bbox 2898 4878 3097 4932; x_wconf 83' lang='lat' dir='ltr'><strong>debere</strong></span> <span class='ocrx_word' id='word_1_745' title='bbox 3145 4884 3270 4929; x_wconf 84' lang='lat' dir='ltr'><strong>ante</strong></span> <span class='ocrx_word' id='word_1_746' title='bbox 3329 4865 3423 4929; x_wconf 84' lang='lat' dir='ltr'><strong>eos</strong></span> <span class='ocrx_word' id='word_1_747' title='bbox 3469 4877 3560 4943; x_wconf 89' lang='lat' dir='ltr'><strong>qui</strong></span> 
     </span>
    </p>
   </div>
   <div class='ocr_carea' id='block_1_107' title="bbox 1990 4965 3565 5034">
    <p class='ocr_par' dir='ltr' id='par_1_107' title="bbox 1990 4965 3565 5034">
     <span class='ocr_line' id='line_1_107' title="bbox 1990 4965 3565 5034; baseline -0.011 0"><span class='ocrx_word' id='word_1_748' title='bbox 1990 4993 2136 5034; x_wconf 87' lang='lat' dir='ltr'><strong>nunc</strong></span> <span class='ocrx_word' id='word_1_749' title='bbox 2169 4976 2404 5031; x_wconf 77' lang='lat' dir='ltr'><strong>maxime</strong></span> <span class='ocrx_word' id='word_1_750' title='bbox 2433 4988 2463 5029; x_wconf 68' lang='grc' dir='ltr'><strong>ε</strong></span> <span class='ocrx_word' id='word_1_751' title='bbox 2508 4984 2601 5029; x_wconf 86' lang='grc' dir='ltr'>ιιιο</span> <span class='ocrx_word' id='word_1_752' title='bbox 2636 4984 2851 5027; x_wconf 89' lang='lat' dir='ltr'><strong>summo</strong></span> <span class='ocrx_word' id='word_1_753' title='bbox 2875 4967 3185 5024; x_wconf 83' lang='lat' dir='ltr'><strong>sacerdotio</strong></span> <span class='ocrx_word' id='word_1_754' title='bbox 3216 4965 3281 5020; x_wconf 84' lang='lat' dir='ltr'><strong>ad</strong></span> <span class='ocrx_word' id='word_1_755' title='bbox 3319 4966 3565 5019; x_wconf 84' lang='lat' dir='ltr'><strong>ministe-</strong></span> 
     </span>
    </p>
   </div>
   <div class='ocr_carea' id='block_1_108' title="bbox 1991 5060 3561 5140">
    <p class='ocr_par' dir='ltr' id='par_1_108' title="bbox 1991 5060 3561 5140">
     <span class='ocr_line' id='line_1_108' title="bbox 1991 5060 3561 5140; baseline -0.015 -10"><span class='ocrx_word' id='word_1_756' title='bbox 1991 5077 2130 5132; x_wconf 87' lang='lat' dir='ltr'><strong>rium</strong></span> <span class='ocrx_word' id='word_1_757' title='bbox 2164 5068 2428 5140; x_wconf 78' lang='lat' dir='ltr'><strong>designati</strong></span> <span class='ocrx_word' id='word_1_758' title='bbox 2455 5075 2613 5126; x_wconf 87' lang='lat' dir='ltr'><strong>sunt;</strong></span> <span class='ocrx_word' id='word_1_759' title='bbox 2643 5063 2838 5118; x_wconf 86' lang='lat' dir='ltr'><strong>deinde</strong></span> <span class='ocrx_word' id='word_1_760' title='bbox 2890 5075 2988 5117; x_wconf 85' lang='lat' dir='ltr'><strong>eos</strong></span> <span class='ocrx_word' id='word_1_761' title='bbox 3005 5060 3099 5131; x_wconf 88' lang='lat' dir='ltr'><strong>qui</strong></span> <span class='ocrx_word' id='word_1_762' title='bbox 3134 5074 3163 5114; x_wconf 87' lang='lat' dir='ltr'><strong>a</strong></span> <span class='ocrx_word' id='word_1_763' title='bbox 3220 5066 3273 5113; x_wconf 88' lang='lat' dir='ltr'><strong>te</strong></span> <span class='ocrx_word' id='word_1_764' title='bbox 3305 5070 3561 5110; x_wconf 85' lang='lat' dir='ltr'><strong>manuum</strong></span> 
     </span>
    </p>
   </div>
   <div class='ocr_carea' id='block_1_109' title="bbox 1991 5154 3564 5235">
    <p class='ocr_par' dir='ltr' id='par_1_109' title="bbox 1991 5154 3564 5235">
     <span class='ocr_line' id='line_1_109' title="bbox 1991 5154 3564 5235; baseline -0.014 -15"><span class='ocrx_word' id='word_1_765' title='bbox 1991 5163 2390 5235; x_wconf 83' lang='lat' dir='ltr'><strong>impositionem</strong></span> <span class='ocrx_word' id='word_1_766' title='bbox 2423 5163 2778 5226; x_wconf 81' lang='lat' dir='ltr'><strong>receperunt;</strong></span> <span class='ocrx_word' id='word_1_767' title='bbox 2835 5154 3060 5209; x_wconf 80' lang='lat' dir='ltr'><strong>ultimos</strong></span> <span class='ocrx_word' id='word_1_768' title='bbox 3087 5159 3268 5205; x_wconf 79' lang='lat' dir='ltr'><strong>autem</strong></span> <span class='ocrx_word' id='word_1_769' title='bbox 3303 5160 3426 5202; x_wconf 86' lang='lat' dir='ltr'><strong>esse</strong></span> <span class='ocrx_word' id='word_1_770' title='bbox 3466 5159 3564 5199; x_wconf 89' lang='lat' dir='ltr'><strong>eos</strong></span> 
     </span>
    </p>
   </div>
   <div class='ocr_carea' id='block_1_110' title="bbox 1991 5237 3563 5330">
    <p class='ocr_par' dir='ltr' id='par_1_110' title="bbox 1991 5237 3563 5330">
     <span class='ocr_line' id='line_1_110' title="bbox 1991 5237 3563 5330; baseline -0.015 -15"><span class='ocrx_word' id='word_1_771' title='bbox 1991 5259 2085 5330; x_wconf 89' lang='lat' dir='ltr'><strong>qui</strong></span> <span class='ocrx_word' id='word_1_772' title='bbox 2135 5265 2201 5312; x_wconf 86' lang='lat' dir='ltr'><strong>eo</strong></span> <span class='ocrx_word' id='word_1_773' title='bbox 2253 5251 2636 5309; x_wconf 82' lang='lat' dir='ltr'><strong>scandalorum</strong></span> <span class='ocrx_word' id='word_1_774' title='bbox 2691 5257 2935 5318; x_wconf 82' lang='lat' dir='ltr'><strong>tempore</strong></span> <span class='ocrx_word' id='word_1_775' title='bbox 2974 5244 3161 5305; x_wconf 81' lang='lat' dir='ltr'><strong>electi,</strong></span> <span class='ocrx_word' id='word_1_776' title='bbox 3231 5237 3563 5311; x_wconf 81' lang='lat' dir='ltr'><strong>(scandala)</strong></span> 
     </span>
    </p>
   </div>
   <div class='ocr_carea' id='block_1_111' title="bbox 1993 5333 3565 5415">
    <p class='ocr_par' dir='ltr' id='par_1_111' title="bbox 1993 5333 3565 5415">
     <span class='ocr_line' id='line_1_111' title="bbox 1993 5333 3565 5415; baseline -0.013 -9"><span class='ocrx_word' id='word_1_777' title='bbox 1993 5349 2177 5406; x_wconf 82' lang='lat' dir='ltr'><strong>nescio</strong></span> <span class='ocrx_word' id='word_1_778' title='bbox 2241 5346 2440 5415; x_wconf 80' lang='lat' dir='ltr'><strong>quibus</strong></span> <span class='ocrx_word' id='word_1_779' title='bbox 2475 5342 2566 5397; x_wconf 82' lang='lat' dir='ltr'><strong>Dei</strong></span> <span class='ocrx_word' id='word_1_780' title='bbox 2627 5341 2872 5412; x_wconf 71' lang='lat' dir='ltr'><strong>iudiciis,</strong></span> <span class='ocrx_word' id='word_1_781' title='bbox 2939 5340 3045 5394; x_wconf 87' lang='lat' dir='ltr'><strong>sub</strong></span> <span class='ocrx_word' id='word_1_782' title='bbox 3093 5333 3452 5390; x_wconf 80' lang='lat' dir='ltr'><strong>Constantino</strong></span> <span class='ocrx_word' id='word_1_783' title='bbox 3509 5341 3565 5388; x_wconf 90' lang='lat' dir='ltr'><strong>et</strong></span> 
     </span>
    </p>
   </div>
   <div class='ocr_carea' id='block_1_112' title="bbox 1991 5426 3561 5503">
    <p class='ocr_par' dir='ltr' id='par_1_112' title="bbox 1991 5426 3561 5503">
     <span class='ocr_line' id='line_1_112' title="bbox 1991 5426 3561 5503; baseline -0.011 -5"><span class='ocrx_word' id='word_1_784' title='bbox 1991 5444 2200 5498; x_wconf 73' lang='lat' dir='ltr'><strong>Joanne</strong></span> <span class='ocrx_word' id='word_1_785' title='bbox 2221 5437 2516 5494; x_wconf 84' lang='lat' dir='ltr'><strong>Ecclesiam</strong></span> <span class='ocrx_word' id='word_1_786' title='bbox 2570 5435 2776 5490; x_wconf 86' lang='lat' dir='ltr'><strong>intrare</strong></span> <span class='ocrx_word' id='word_1_787' title='bbox 2808 5438 3121 5503; x_wconf 76' lang='lat' dir='ltr'><strong>potuerunt.</strong></span> <span class='ocrx_word' id='word_1_788' title='bbox 3172 5427 3303 5493; x_wconf 60' lang='lat' dir='ltr'><strong>Qua</strong></span> <span class='ocrx_word' id='word_1_789' title='bbox 3341 5426 3561 5497; x_wconf 86' lang='lat' dir='ltr'><strong>quidem</strong></span> 
     </span>
    </p>
   </div>
   <div class='ocr_carea' id='block_1_113' title="bbox 1994 5523 3562 5607">
    <p class='ocr_par' dir='ltr' id='par_1_113' title="bbox 1994 5523 3562 5607">
     <span class='ocr_line' id='line_1_113' title="bbox 1994 5523 3562 5607; baseline -0.01 -16"><span class='ocrx_word' id='word_1_790' title='bbox 1994 5546 2120 5607; x_wconf 85' lang='lat' dir='ltr'><strong>pars</strong></span> <span class='ocrx_word' id='word_1_791' title='bbox 2180 5536 2319 5588; x_wconf 87' lang='lat' dir='ltr'><strong>hanc</strong></span> <span class='ocrx_word' id='word_1_792' title='bbox 2359 5531 2522 5586; x_wconf 76' lang='lat' dir='ltr'><strong>habet</strong></span> <span class='ocrx_word' id='word_1_793' title='bbox 2587 5526 3029 5599; x_wconf 78' lang='lat' dir='ltr'><strong>explicationem.</strong></span> <span class='ocrx_word' id='word_1_794' title='bbox 3082 5523 3325 5577; x_wconf 86' lang='lat' dir='ltr'><strong>Alterum</strong></span> <span class='ocrx_word' id='word_1_795' title='bbox 3381 5532 3562 5577; x_wconf 87' lang='lat' dir='ltr'><strong>autem</strong></span> 
     </span>
    </p>
   </div>
   <div class='ocr_carea' id='block_1_114' title="bbox 1992 5614 3567 5694">
    <p class='ocr_par' dir='ltr' id='par_1_114' title="bbox 1992 5614 3567 5694">
     <span class='ocr_line' id='line_1_114' title="bbox 1992 5614 3567 5694; baseline -0.01 -12"><span class='ocrx_word' id='word_1_796' title='bbox 1992 5626 2303 5691; x_wconf 89' lang='lat' dir='ltr'><strong>deliuimus,</strong></span> <span class='ocrx_word' id='word_1_797' title='bbox 2333 5627 2407 5694; x_wconf 87' lang='lat' dir='ltr'><strong>(et</strong></span> <span class='ocrx_word' id='word_1_798' title='bbox 2438 5622 2540 5677; x_wconf 81' lang='lat' dir='ltr'><strong>hoc</strong></span> <span class='ocrx_word' id='word_1_799' title='bbox 2567 5630 2716 5676; x_wconf 84' lang='lat' dir='ltr'><strong>certo</strong></span> <span class='ocrx_word' id='word_1_800' title='bbox 2742 5619 2947 5673; x_wconf 88' lang='lat' dir='ltr'><strong>certius</strong></span> <span class='ocrx_word' id='word_1_801' title='bbox 2987 5616 3113 5684; x_wconf 82' lang='lat' dir='ltr'><strong>erit)</strong></span> <span class='ocrx_word' id='word_1_802' title='bbox 3147 5622 3206 5668; x_wconf 92' lang='lat' dir='ltr'><strong>ut</strong></span> <span class='ocrx_word' id='word_1_803' title='bbox 3243 5616 3287 5670; x_wconf 91' lang='lat' dir='ltr'><strong>is</strong></span> <span class='ocrx_word' id='word_1_804' title='bbox 3315 5614 3409 5685; x_wconf 89' lang='lat' dir='ltr'><strong>qui</strong></span> <span class='ocrx_word' id='word_1_805' title='bbox 3459 5628 3488 5666; x_wconf 91' lang='lat' dir='ltr'><strong>a</strong></span> <span class='ocrx_word' id='word_1_806' title='bbox 3514 5623 3567 5667; x_wconf 87' lang='lat' dir='ltr'><strong>te</strong></span> 
     </span>
    </p>
   </div>
   <div class='ocr_carea' id='block_1_115' title="bbox 1995 5707 3568 5786">
    <p class='ocr_par' dir='ltr' id='par_1_115' title="bbox 1995 5707 3568 5786">
     <span class='ocr_line' id='line_1_115' title="bbox 1995 5707 3568 5786; baseline -0.01 -12"><span class='ocrx_word' id='word_1_807' title='bbox 1995 5720 2046 5775; x_wconf 88' lang='lat' dir='ltr'><strong>in</strong></span> <span class='ocrx_word' id='word_1_808' title='bbox 2079 5719 2257 5776; x_wconf 83' lang='lat' dir='ltr'><strong>locum</strong></span> <span class='ocrx_word' id='word_1_809' title='bbox 2287 5711 2749 5786; x_wconf 60' lang='lat' dir='ltr'><strong>protoprcslg&#39;teri</strong></span> <span class='ocrx_word' id='word_1_810' title='bbox 2797 5718 2849 5765; x_wconf 83' lang='lat' dir='ltr'><strong>et</strong></span> <span class='ocrx_word' id='word_1_811' title='bbox 2874 5707 3244 5765; x_wconf 74' lang='lat' dir='ltr'><strong>archidiaconi</strong></span> <span class='ocrx_word' id='word_1_812' title='bbox 3276 5708 3568 5765; x_wconf 83' lang='lat' dir='ltr'><strong>ordinatus</strong></span> 
     </span>
    </p>
   </div>
  </div>
