4038 6204
417 254 526 320 295

1551 259 1866 320 NllZULAI
1908 262 2019 320 CP.
2063 259 2579 320 PATRIARCIME

3581 254 3685 318 236

422 379 528 431 est,
567 376 621 422 et
668 383 794 422 eum
823 368 913 437 qui
945 368 1000 421 in
1037 367 1214 423 locum
1253 368 1501 432 secundi,
1553 379 1610 422 ut
1638 371 1811 434 aiunt,
1843 385 2005 424 suum

2112 374 2263 443 παρὰ
2309 373 2403 426 σοῦ
2433 374 2513 435 εἰς
2541 371 2696 438 τάξιν
2756 367 3318 442 πρωτοπρεσϐυτέρου
3353 366 3685 437 τεταγμένον

421 461 666 513 ordinem
699 472 752 513 et
801 467 1000 512 statum
1053 452 1238 516 servet
1280 476 1556 530 nunquam
1604 471 1777 514 tentes
1819 463 1872 514 in
1926 462 2008 515 in-

425 553 676 604 feriorem
706 550 952 605 ordinem
985 551 1278 607 deducere.
1321 553 1446 608 llaec
1496 554 1590 608 tibi
1649 554 1999 608 mandamus.

425 641 548 696 Haec
578 650 760 695 nostra
794 641 1051 695 mandata
1088 643 1356 707 servabis,
1391 643 1552 696 nobis
1599 642 2007 705 obedicns,etsi

423 732 716 803 peccatori,
759 733 898 801 patri
929 741 1110 787 tamen
1159 744 1252 788 tuo
1281 743 1336 789 et
1365 749 1582 790 summo
1605 735 1898 790 sacerdoti.

2111 470 2205 521 καὶ
2263 466 2668 538 ἀρχιδιακόνου,
2731 463 2818 516 ναὶ
2871 462 2936 532 δὴ
2989 460 3220 531 καὶοτὴν
3265 457 3358 512 τοῦ
3389 457 3687 528 λεγομένου

2110 561 2550 630 δευτερεύοντος,
2583 554 2967 627 συντηρεῖσθαι
3021 553 3179 620 τάξιν
3205 568 3266 604 τε
3287 552 3384 604 καὶ
3409 549 3688 603 κατάστα-

2113 667 2218 715 σιν,
2261 649 2357 702 καὶ
2391 645 2660 718 μηδαμῶς
2703 645 2902 708 αὐτοὺς
2930 646 2988 696 ἐν
3013 640 3393 711 ὑποϐεϐηκυίᾳ.
3425 639 3577 704 τάξει
3607 638 3688 693 δο-

2113 735 2346 805 κιμάσαι
2404 734 2765 801 καταγαγεῖν.
2819 730 3006 784 Ταῦτά
3044 747 3126 784 σοι
3175 728 3557 800 ὲντελλόμεθα,
3589 728 3689 782 καὶ

422 824 580 892 γειοοῦ
639 823 817 893 φύλαξ
858 825 956 895 τῆς
989 826 1268 897 ἡμετερας
1321 825 1566 895 ἐντολῆς,
1605 825 1681 889 ὡς
1717 825 2009 896 ἑπόμενος,
2045 827 2093 879 εί
2118 829 2213 880 καὶ
2285 827 2617 899 ἁμαρτωλῷ,
2655 828 2807 898 ὅμως
2850 825 2898 880 δ’
2939 822 3032 880 οὖν
3098 825 3266 896 πατρί
3332 841 3425 878 σου
3454 824 3550 878 καὶ
3590 823 3690 893 ἀρα

421 916 614 985 χιερεῖ.

992 1027 1102 1084 XC.
1158 1028 1409 1082 Incertis.

494 1137 716 1194 Fratres
747 1140 874 1204 mei,
914 1141 1106 1194 addam
1142 1158 1290 1206 vero,
1325 1153 1380 1196 et
1421 1142 1540 1206 ﬁlii,
1570 1142 1672 1196 nisi
1709 1143 1863 1198 vobis
1895 1142 2010 1198 dis-

423 1232 590 1302 plicet
629 1235 770 1288 tilios
821 1235 1000 1288 vocari
1063 1235 1365 1303 peccatoris
1407 1236 1646 1302 quidem,
1699 1237 1792 1288 sed
1828 1247 2008 1288 tamen

423 1326 614 1395 patris,
636 1325 777 1394 quod
809 1341 876 1380 ne
926 1341 1020 1378 vos
1052 1327 1268 1394 quidem
1300 1326 1571 1394 negaretis
1608 1366 1621 1390 ,
1645 1327 1865 1380 etsi.....
1893 1341 2014 1380 esse

423 1419 566 1487 apud
594 1433 788 1473 omnes
835 1417 983 1486 digni
1035 1419 1336 1484 habemur;
1386 1417 1480 1472 sed
1506 1418 1648 1471 enim
1685 1417 1777 1471 lilii
1811 1427 1860 1472 et
1894 1419 2006 1471 fra-

425 1519 606 1562 tres...
654 1508 880 1576 pessimi
935 1507 1202 1562 daemonis
1254 1507 1510 1562 Ecclesia:
1543 1511 1806 1575 schisma,
1859 1510 2006 1564 illius

425 1599 766 1666 providentia
807 1599 898 1667 qui
941 1614 1158 1669 semper
1203 1607 1256 1653 et
1318 1601 1386 1654 ab
1432 1601 1588 1655 initio
1649 1610 1897 1670 separata
1950 1602 2003 1654 in

2685 1032 2758 1096 ιιι.
2815 1027 3104 1096 Ἇδήλοις.

2193 1139 2438 1210 Ἀδελφοί
2501 1157 2625 1210 μου,
2695 1142 2991 1212 προσθήσω
3041 1140 3099 1193 δὲ
3146 1141 3240 1194 καὶ
3287 1140 3475 1209 τέκνα,
3527 1144 3576 1196 εί
3611 1143 3687 1216 μὴ

2107 1230 2289 1300 λύπην
2322 1233 2354 1301 ἡ
2386 1231 2671 1301 προσθήκη
2704 1234 2851 1284 ποιεῖ
2871 1231 2964 1284 τοῦ
2985 1233 3150 1284 τέκνα
3179 1232 3466 1286 καλεῖσθαι
3501 1234 3687 1307 ἁμαρ-

2109 1323 2280 1376 τωλοῠ
2347 1324 2467 1393 μὲν,
2537 1325 2686 1394 ὅμως
2715 1324 2759 1376 δ’
2789 1319 2882 1378 οὖν
2910 1325 3140 1395 πατρὸς,
3184 1325 3261 1388 ὡς
3293 1327 3401 1379 οὐδ’
3428 1327 3494 1380 ἂν
3529 1329 3689 1381 αὐτοὶ

2110 1413 2435 1485 ἀρνηθείητε
2484 1414 2534 1466 εί
2591 1413 2688 1467 καὶ
2753 1413 3066 1470 πλ...εἷναι
3129 1417 3280 1486 παρὰ
3330 1419 3496 1470 πᾶσιν
3544 1417 3686 1483 ἄξιοι

2111 1506 2553 1577 καθεστήκαμεν.
2633 1507 2794 1560 Ἀλλά
2858 1507 2967 1579 γὰρ
3019 1509 3189 1562 τέκνα
3244 1508 3339 1561 καὶ
3392 1510 3682 1580 ἀδελφοὶ...

2112 1599 2352 1671 πονηροῦ
2377 1599 2630 1669 δαίμονος
2669 1602 2769 1670 τῆς
2811 1600 3138 1669 Ἐκκλησίας
3170 1599 3516 1674 διαρρήξεις,
3559 1620 3689 1674 προσ

427 1691 688 1744 unilatem
740 1691 971 1757 reducit,
1015 1691 1316 1761 praesertim
1349 1692 1566 1760 quidem
1617 1707 1713 1761 per
1741 1693 2004 1761 seipsnm,

2115 1693 2314 1764 μηθείᾳ
2339 1693 2433 1746 τοῦ
2462 1693 2548 1746 ἀεὶ
2586 1692 2681 1746 καὶ
2709 1693 2766 1758 ἐξ
2791 1693 2964 1763 ἀρχῆς
2989 1693 3056 1746 τὰ
3087 1694 3348 1747 διεστῶτα
3382 1697 3460 1757 είς
3490 1696 3687 1749 ἕνωσιν

428 1801 552 1837 cum
590 1785 948 1837 exiuaniverit
983 1785 1336 1853 semetipsum
1369 1799 1470 1854 pro
1501 1786 1744 1839 etnuium
1773 1787 2004 1842 unitate.

424 1886 478 1928 et
510 1877 615 1944 pati
654 1876 886 1928 voluerit
940 1890 1280 1942 qumcunque
1308 1890 1500 1944 passus
1529 1884 1642 1943 est;
1668 1878 1857 1932 deinde
1881 1895 2007 1933 vero

424 1977 477 2018 et
510 1981 602 2034 per
624 1981 717 2018 eos
755 1966 845 2032 qui
883 1981 1003 2019 eam
1053 1967 1412 2020 humanitatis
1465 1983 1654 2021 curam
1692 1986 2008 2038 suscepere,

427 2055 704 2118 a,-o...tolos
756 2053 965 2106 scilicet
1019 2069 1320 2122 eorumque
1365 2070 1732 2121 successores,
1764 2059 2005 2122 abstulit,

429 2157 484 2200 ut
510 2157 766 2216 putamus
792 2148 891 2200 etsi
932 2158 1265 2214 peccatores,
1319 2146 1515 2201 divina:
1557 2148 1819 2201 voluntati
1875 2165 2007 2203 con-

425 2249 614 2308 gruam
649 2241 787 2292 inter
836 2238 930 2293 Dei
976 2238 1284 2294 sacerdotes
1334 2239 1793 2307 coniunctionem.
1852 2241 2005 2307 Quod

425 2334 664 2385 schisma
698 2334 742 2386 si
777 2334 900 2400 quis
941 2348 1045 2385 non
1105 2333 1506 2395 animadvertit,
1554 2350 1734 2387 mequ
1787 2351 1892 2388 non
1922 2345 2010 2390 est

423 2425 574 2478 illum
623 2427 966 2482 convincere.
1013 2441 1165 2505 eum,
1207 2427 1289 2478 vel
1340 2427 1497 2479 nobis
1562 2427 1886 2490 tacentibus,
1921 2443 2008 2481 res

426 2522 492 2570 ad
539 2518 877 2586 probandum
931 2518 1228 2572 suflieiant.
1277 2521 1406 2584 Qua:
1442 2534 1571 2573 vero
1631 2521 2007 2574 accusationes

426 2601 539 2657 sive
570 2619 598 2657 a
643 2604 796 2657 vobis
843 2605 957 2658 sive
1019 2605 1087 2659 ab
1137 2605 1260 2661 aliis
1317 2608 1374 2660 in
1407 2622 1582 2661 meam
1642 2607 2006 2665 humilitatem

425 2691 759 2762 diriguntur,
807 2696 1187 2750 accusantium
1237 2706 1492 2751 conatum
1548 2715 1654 2754 non
1728 2702 2007 2770 deprecor,

425 2800 589 2853 quam
643 2786 959 2855 longissime
987 2788 1390 2856 progrediendi.
1445 2789 1559 2845 Etsi
1617 2792 1800 2846 divina
1835 2796 2008 2862 gratia

427 2877 559 2930 illud
588 2878 882 2932 discrimen
915 2896 1022 2932 non
1052 2880 1493 2948 reforn‘iidemus,
1527 2892 1786 2948 attamen,
1838 2887 1932 2939 lilii
1954 2895 2010 2940 et

425 2961 648 3027 fratres,
677 2966 720 3016 si
749 2980 847 3032 ego
897 2964 1052 3018 vobis
1084 2966 1237 3020 oneri
1299 2983 1419 3021 sum
1457 2978 1511 3023 et
1569 2970 1854 3039 displiceo,
1913 2975 2005 3028 tali

2110 1785 2357 1852 ἄγοντος,
2393 1783 2627 1854 μάλιστα
2673 1784 2771 1855 μὲν
2810 1783 2876 1836 δι’
2919 1785 3113 1837 ἑαυτοῦ
3147 1780 3229 1849 οἷς
3267 1787 3535 1842 ἐκένωσεν
3559 1789 3690 1842 sau-

2109 1877 2200 1929 τὸν
2237 1878 2377 1948 ὑπὲρ
2405 1878 2504 1948 τῆς
2538 1877 2757 1930 πάντων
2787 1877 3033 1942 ἐνώσεως
3068 1880 3158 1933 καὶ
3201 1879 3397 1932 παθεῖν
3425 1881 3686 1951 ἠνέσχετο

2111 1964 2197 2022 οἷα
2227 1971 2519 2024 πέπονθεν.
2559 1971 2792 2023 Ἔπειτα
2831 1971 3002 2024 δὲκαὶ
3048 1972 3134 2025 διὰ
3163 1972 3275 2024 τῶν
3305 1975 3384 2036 εἰς
3414 1972 3508 2044 τὴν
3541 1975 3686 2026 ὲκεί-

2110 2081 2202 2115 νου
2241 2066 2496 2134 πρόνοιαν
2524 2065 2625 2135 τῆς
2673 2065 3028 2134 ἀνθρωπίνης
3075 2064 3500 2135 εἰσεληλυθότων
3547 2065 3682 2118 ἐνώ-

2114 2173 2275 2221 σεως,
2333 2157 2648 2210 ἀποστόλων
2691 2158 2870 2226 φαμὲν
2901 2158 2996 2209 καὶ
3026 2157 3132 2209 τῶν
3172 2158 3369 2226 mea;
3403 2158 3682 2228 διαδόχων,

2112 2249 2382 2318 ἀπείληφε
2416 2249 2537 2320 τὴν,
2591 2249 2667 2314 ὦς
2698 2267 2760 2318 γε
2791 2249 3106 2321 νομίζομεν,
3131 2253 3180 2304 εί
3210 2251 3304 2303 καὶ
3340 2252 3684 2322 ἁμαρτωλοὶ,

2113 2341 2242 2411 θείῳ
2299 2341 2532 2411 νεύματι
2589 2343 2913 2412 πρέπουσαν
2969 2344 3177 2414 ἱερεῦσι
3221 2343 3354 2397 Θεοῦ
3412 2345 3681 2414 σύναψινο

2111 2436 2203 2486 καὶ
2237 2432 2387 2496 εἴτις
2424 2433 2630 2504 ταύτην
2663 2435 2762 2489 οὐκ
2790 2437 2846 2488 ἐν
2869 2435 3106 2506 ἀποδοχῇ
3140 2435 3372 2502 τίθεται,
3403 2436 3504 2489 οὐκ
3535 2437 3686 2491 ἔστιν

2111 2527 2244 2596 ἐμὸν
2271 2526 2538 2596 ἐλέγχειν,
2565 2528 2673 2580 τῶν
2707 2528 3053 2598 πραγμάτων
3081 2528 3397 2600 ἀρκούντων
3426 2532 3505 2593 εἰς
3533 2530 3688 2599 ἔλεγ-

2111 2637 2226 2688 χον,
2256 2619 2358 2672 κᾶν
2404 2621 2566 2690 ἡμεῖς
2618 2622 3010 2690 σιωπήσωμεν.
3059 2624 3126 2675 ’Λ
3159 2622 3215 2674 δὲ
3251 2624 3385 2692 πρὸς
3413 2622 3512 2693 τὴν
3547 2624 3688 2692 ἐμὴν

2111 2713 2443 2766 ταπείνωσιν
2498 2714 2606 2765 εἴτε
2649 2711 2778 2782 παρ’
2833 2713 3005 2782 ὑμῶν,
3061 2714 3159 2767 εἶτ’
3183 2716 3270 2766 ἐπ’
3304 2714 3479 2768 ἄλλων
3510 2717 3688 2770 αἰτιά-

2117 2819 2260 2870 ματα
2306 2803 2514 2872 βλέπει,
2560 2804 2621 2856 οὐ
2655 2805 3030 2873 παραιτοῦμαι
3067 2806 3164 2875 τὴν
3203 2808 3309 2859 τῶν
3344 2809 3688 2877 αἰτιωμένων

2114 2896 2453 2966 προαίρεσιν,
2482 2896 2565 2958 εἰς
2595 2895 2622 2947 ὃ
2648 2895 2932 2964 προελθεῖν
2974 2896 3284 2964 ἀγαπῶσιν,
3318 2899 3420 2951 κᾶν
3441 2898 3561 2968 θείᾳ
3587 2900 3687 2969 χά-

2115 3002 2223 3055 ριτι
2277 2985 2352 3053 μὴ
2407 2987 2696 3056 δειλιῶμεν
2748 2985 2847 3057 τὴν
2882 2987 2991 3039 τῶν
3035 2989 3371 3057 αἰτιαμάτων
3414 2989 3686 3054 διάλυσιν,

427 3069 596 3109 onere
645 3065 901 3110 oneratos
949 3056 1181 3112 liberare
1232 3072 1456 3130 paratus
1506 3077 1650 3129 sum,
1693 3075 1747 3119 et
1789 3081 1850 3120 ea
1885 3083 2005 3136 quae

2111 3078 2261 3152 ὅμως
2315 3077 2430 3142 οὖν,
2481 3081 2646 3132 τέκνα
2705 3083 2797 3132 καὶ
2841 3081 3083 3148 ἀδελφοὶ,
3133 3083 3181 3133 εἰ
3210 3080 3380 3152 βαρὺς
3423 3081 3534 3150 ἐγὼ
3587 3082 3686 3134 καὶ

425 3147 492 3200 ad
523 3162 606 3201 me
635 3159 883 3218 spectant
912 3149 1067 3218 juxta
1104 3161 1346 3207 vestrum
1379 3154 1776 3224 beneplaeitum
1809 3158 2002 3229 dispo-

424 3255 577 3306 nere,
639 3243 713 3296 illi
769 3244 865 3313 qui
925 3244 1080 3299 vobis
1135 3247 1349 3316 placcre
1399 3248 1618 3316 poterit,
1655 3259 1715 3304 ut
1765 3262 2004 3307 vestrum

421 3343 589 3404 caput
635 3337 748 3400 tiat,
805 3337 1133 3403 concedens,
1167 3339 1462 3394 dummodo
1509 3341 1575 3396 ad
1625 3343 1868 3412 corporis
1908 3344 2012 3400 Ee-

423 3428 606 3483 clcsite
630 3427 998 3498 integritatem
1043 3430 1420 3484 revertamini.

425 3743 558 3798 XCI.
623 3743 822 3797 Dilecto
903 3745 1174 3812 spirituali
1254 3748 1412 3816 ﬁlio,
1475 3749 1842 3807 illustrissimo
1902 3753 2006 3810 Co-

1166 3833 1314 3887 ropo.

503 3948 746 4015 Scimus,
806 3949 902 4016 iiIi,
929 3949 1038 4018 jam
1105 3962 1230 4008 ante
1264 3953 1810 4017 benevolentissimas
1881 3973 2003 4018 tuas

430 4040 641 4096 litteras
689 4057 872 4122 rerum
907 4043 1273 4101 diﬂicoltatem
1317 4047 1665 4116 prohibuisse
1711 4054 2007 4122 quominus

425 4135 491 4189 ad
559 4150 662 4191 nos
715 4147 804 4190 tua
851 4119 1197 4193 'Excellentia
1264 4141 1522 4196 mitteret.
1583 4143 1696 4200 lloc
1728 4119 1912 4202 iamen
1959 4157 2010 4202 te

426 4241 532 4279 non
567 4229 756 4293 lateat,
794 4241 895 4282 nos
943 4228 1042 4283 etsi
1112 4229 1259 4283 nulla
1323 4245 1354 4284 a
1418 4239 1470 4285 te
1521 4232 1825 4288 admonitio
1863 4234 2004 4288 facta

425 4317 658 4384 fuisset,
720 4335 828 4376 non
865 4321 1141 4392 negligere
1185 4322 1254 4378 de
1294 4332 1387 4378 tua
1432 4324 1691 4381 felicitate
1753 4338 1808 4381 et
1859 4328 2008 4382 salu-

2114 3172 2470 3242 ἁπαρέσκων,
2503 3172 2719 3242 ἕτοιμός
2746 3175 2860 3242 εἰμι
2909 3175 3001 3226 καὶ
3039 3173 3132 3226 τοῦ
3167 3173 3370 3245 βάρους
3407 3175 3689 3228 ἀπαλλάτ-

2109 3283 2225 3318 τειν
2257 3265 2384 3329 τοὺς
2425 3265 2850 3336 βαρυνομένους,
2901 3266 2997 3320 καὶ
3035 3267 3173 3336 πρὸς
3204 3267 3263 3320 τὸ
3300 3266 3530 3339 ἀρεστὸν
3556 3267 3688 3337 ὑμῖν

2111 3358 2179 3410 τά
2217 3359 2340 3410 κατ’
2391 3359 2631 3428 ἐμαυτὸν
2675 3358 3011 3424 διατιθέναι,
3069 3360 3416 3432 παραχωρῶν
3465 3358 3545 3430 τῷ
3603 3359 3688 3422 εἰς

2109 3451 2404 3521 ἀρέσκειαν
2455 3452 2699 3522 ἐσομένῳ
2749 3453 2810 3506 τὸ
2853 3447 2997 3506 εἶναι
3028 3454 3182 3523 ὑμῶν
3223 3455 3488 3526 κεφαλὴν,
3523 3452 3685 3525 μόνον

2112 3544 2248 3611 πί)δῖ
2280 3546 2378 3614 τὴν
2400 3544 2632 3614 ὁλότητκ
2675 3543 2765 3597 τοῦ
2799 3549 2897 3612 τῆς
2938 3545 3264 3616 Ἐκκλησίας
3307 3546 3688 3618 ἐπιστράφητε

2111 3634 2386 3704 σώματος.

2216 3754 2334 3822 ιιΑκ
2371 3755 2455 3823 Τῷ
2485 3757 2848 3827 ἠγαπημένῳ
2871 3757 3251 3825 πνευματικῷ
3273 3755 3480 3820 τέκνῳ,
3511 3755 3592 3821 τῷ

2553 3827 2925 3895 ἐνδοξοτάτῳ
2944 3831 3230 3898 ,Κορόπιμ

2182 3942 2459 4013 Οἴδαμεν,
2517 3941 2707 3993 τέκνον
2774 3940 2975 4010 ἡμῶν,
3041 3941 3136 3993 καὶ
3185 3939 3294 4009 πρὸ
3341 3939 3452 3993 τῶν
3499 3956 3688 4009 γραμ-

2113 4041 2301 4111 μάτων
2365 4037 2468 4108 τῆς
2555 4033 2656 4103 σῆς
2733 4033 3082 4102 τελειοτάτης
3132 4031 3446 4096 συνέσεως,
3515 4030 3590 4093 ὼς
3648 4032 3685 4100 ἡ

2108 4132 2218 4186 τῶν
2269 4129 2616 4201 πραγμάτων
2658 4127 2948 4196 δυσχέρεια
3000 4125 3098 4194 τὴν
3151 4124 3426 4195 ὑμετέραν
3463 4125 3690 4176 ἀπεκώ-

2109 4225 2204 4278 λυε
2268 4223 2558 4292 τιμιότητα
2623 4216 3034 4289 διαπέμπεσθαι
3112 4215 3249 4285 πρὸς
3307 4216 3476 4284 ἡμᾶς.
3540 4215 3688 4282 Πλὴν

2111 4315 2270 4371 τοῦτό
2294 4332 2353 4367 σε
2385 4314 2460 4383 μὴ
2496 4311 2830 4374 λανθανέτω,
2857 4311 2964 4372 ὅτι,
2997 4308 3102 4362 κᾶν
3136 4308 3211 4378 μὴ
3255 4309 3390 4377 πρὸς
3420 4309 3561 4375 ἡμᾶς
3589 4307 3690 4374 δή-

427 4419 478 4464 te
562 4408 618 4463 in
689 4411 894 4467 nostris
988 4413 1286 4469 humilibus
1379 4417 1631 4484 precibus
1689 4418 2005 4473 memoriam

2113 4409 2280 4470 λωσίς
2335 4425 2421 4470 τις
2478 4406 2690 4475 ἐγίνετο
2763 4403 2894 4474 παρ’
2927 4403 3119 4474 ὑμῶν,
3175 4404 3274 4455 οὐκ
3333 4400 3585 4470 ἐτίθεμεν
3630 4402 3689 4452 ὲν

424 4499 623 4556 facere.
659 4499 783 4555 Suae
815 4511 996 4556 autem
1026 4512 1108 4558 est
1137 4505 1505 4575 intelligentiae
1533 4507 1768 4564 humiles
1816 4527 2003 4580 preces

425 4601 644 4646 nostras
679 4591 923 4646 emeaees
969 4593 1193 4649 reddere
1251 4597 1466 4668 illisque
1531 4599 1849 4655 facultatem
1877 4604 2007 4658 dare

424 4681 787 4749 omnipotenti
827 4680 937 4736 Deo
967 4686 1462 4756 appropinquandi.
1485 4689 1681 4746 Fortes
1708 4694 1850 4746 enim
1878 4704 2007 4749 sunt

424 4770 698 4825 ferventes
741 4772 873 4841 justi
907 4789 1119 4841 preces.
1181 4775 1236 4829 Si
1278 4790 1456 4833 autem
1505 4781 1782 4848 justorum
1824 4786 2000 4840 oratio

434 4864 640 4934 indiget
678 4866 764 4920 vel
805 4881 994 4921 eorum
1054 4884 1150 4937 pro
1181 4871 1384 4940 quibus
1437 4874 1496 4927 tit
1548 4873 1774 4941 auxilio,
1803 4886 2006 4945 quanto

430 4959 605 5028 magis
637 4965 985 5028 peccatorum
1014 4963 1213 5026 oratio,
1243 4963 1434 5033 quales
1473 4980 1574 5021 nos
1603 4981 1795 5022 sumus
1821 4970 1835 5023 ι
1874 4967 2006 5024 Om-

426 5050 556 5104 nino
589 5059 794 5116 autem,
848 5050 944 5114 liii,
999 5053 1204 5108 nostris
1238 5054 1540 5110 humilibus
1576 5059 1833 5126 precibus
1893 5075 1996 5115 au-

426 5144 622 5198 xilium
654 5151 760 5198 ate
812 5143 1189 5215 accedet.,-qui
1230 5146 1342 5202 Deo
1382 5147 1545 5218 digne
1569 5149 1731 5215 vivis,
1757 5160 1816 5206 ut
1843 5151 2006 5208 debet

425 5237 742 5307 quicunque
797 5236 1051 5293 humanae
1074 5250 1281 5294 naturae
1313 5251 1398 5296 est
1426 5243 1699 5314 particeps
1735 5243 2005 5316 imprimis

425 5342 554 5380 vero
602 5329 637 5382 ii
668 5328 821 5398 quia
867 5327 976 5385 Deo
1029 5330 1318 5399 imperium
1353 5345 1706 5404 acceperunt,
1757 5347 1834 5403 et,
1893 5337 2006 5393 Deo

429 5418 656 5482 similes,
682 5435 810 5490 erga
850 5420 953 5476 sibi
989 5421 1237 5478 subditos
1270 5427 1654 5482 connaturales
1684 5436 1740 5483 et
1775 5443 2003 5485 conscr-

427 5523 526 5561 vos
552 5520 702 5563 sunt.
723 5511 864 5576 Quid
901 5513 1064 5584 igitur
1089 5514 1213 5571 dico
1231 5515 1252 5569 ?
1269 5513 1476 5586 Nempe
1502 5527 1555 5572 te
1592 5527 1822 5585 paterno
1848 5533 2002 5575 more

427 5615 605 5670 neque
650 5601 821 5671 rigide
856 5608 1217 5676 imperantem
1250 5610 1487 5666 subditis
1520 5618 1581 5665 ut
1609 5611 1844 5681 propriis
1877 5611 2004 5666 filiis

429 5691 1120 5766 providentem,justitiam
1155 5702 1446 5772 colentem,
1507 5704 1804 5760 salutarem
1868 5703 2004 5780 sub:

2112 4501 2422 4574 παροράσει
2457 4500 2520 4552 τὸ
2575 4500 2633 4551 ὲν
2664 4501 2785 4561 ταῖς
2829 4497 3338 4566 τεταπεινωμέναις
3382 4495 3543 4564 ἡμῶν
3579 4493 3690 4545 εὑ·-

2106 4599 2229 4668 χαῖς
2266 4593 2580 4664 μεμνῆσθαι
2621 4592 2719 4661 τῆς
2771 4590 2925 4660 ὑμῶν
2964 4589 3198 4653 εὐζωῒας
3232 4588 3327 4639 καὶ
3381 4584 3688 4656 σωτηρίας,

2107 4686 2282 4740 Τοῦτο
2308 4686 2404 4739 καὶ
2457 4684 2566 4738 ἀπὸ
2606 4681 2699 4736 τοῦ
2755 4681 3025 4752 παρόντος
3063 4681 3124 4733 οὗ
3167 4678 3404 4748 λήξομεν
3430 4717 3444 4742 ,
3494 4679 3542 4728 εἰ
3593 4676 3691 4728 καὶ

2106 4779 2449 4851 ἁμαρτωλοὶ,
2502 4777 2809 4839 ποιοῦντες.
2844 4776 3002 4828 Ἔστι
3048 4774 3104 4828 δὲ
3146 4774 3243 4841 τῆς
3287 4773 3384 4842 σῆς
3412 4770 3686 4832 συνέσεως

2107 4871 2209 4942 τὴν
2235 4871 2502 4940 ταπεινὴν
2537 4868 2702 4940 εὐχὴν
2725 4868 2886 4939 ήμῶν
2925 4867 3127 4938 ἐνεργῆ
3156 4865 3386 4935 ποιῆσαι
3422 4867 3516 4917 καὶ
3544 4865 3692 4934 παρ·-

2111 4962 2308 5032 ρησίαν
2379 4962 2568 5014 λαϐεῖν
2634 4959 2731 5012 τοῦ
2791 4957 3080 5028 προσιέναι
3135 4956 3214 5027 τῷ
3273 4959 3495 5009 πάντων
3545 4953 3690 5023 Θεῷ.

2121 5055 2316 5126 Ἰσχύει
2355 5054 2464 5124 γὰρ
2485 5053 2697 5106 δικαίου
2733 5051 2920 5120 δέησις
2951 5049 3348 5121 ἐνεργουμένη.
3395 5048 3456 5099 Εἰ
3486 5046 3542 5098 δὲ
3575 5045 3692 5098 τῶν

2107 5149 2334 5202 δικαίων
2367 5148 2504 5218 εὐχὴ
2533 5146 2726 5218 χρῄζει
2757 5146 2855 5199 καὶ
2890 5145 2991 5213 τῆς
3026 5143 3168 5212 ὑπὲρ
3199 5136 3273 5196 ῶν
3307 5139 3530 5210 εὔχεται
3557 5138 3691 5209 βοη-

2109 5241 2279 5304 θείας,
2318 5239 2472 5309 πόσῳ
2523 5237 2726 5306 μᾶλλον
2760 5237 2793 5303 ὴ
2825 5235 2934 5289 τῶν
2968 5231 3314 5305 ἁμαρτωλῶν
3343 5232 3520 5283 ὁποῖοι
3548 5243 3691 5294 τυγ-

2108 5317 2347 5403 χάνομεν
2375 5332 2537 5402 ἡμεῖς
2560 5347 2576 5392 ;
2610 5329 2837 5393 Πάντως
2861 5327 2941 5394 δὲ,
2959 5329 3148 5381 τέκνον
3172 5324 3354 5396 ἡμῶν,
3396 5322 3693 5393 γενήσεται

2108 5432 2142 5498 η
2185 5426 2334 5498 παρὰ
2369 5424 2465 5478 σοῦ
2505 5423 2730 5495 βοήθεια
2759 5425 2826 5494 τῇ
2856 5421 3015 5493 ἡμῶν
3047 5417 3498 5488 τεταπεινωμένῃ
3523 5415 3689 5486 εὐχῇ,

2112 5520 2354 5591 βιοῦντὸς
2381 5535 2474 5572 σου
2507 5515 2795 5586 θεοφιλῶς,
2853 5516 2991 5583 ὅπερ
3026 5513 3232 5582 ὀφείλει
3269 5512 3378 5574 πᾶς
3403 5509 3502 5578 μὲν
3527 5509 3557 5560 ὁ
3582 5505 3693 5560 ὑπὸ

2109 5614 2210 5684 τὴν
2244 5611 2596 5683 ἀνθρωπίνην
2629 5610 2793 5679 φύσιν
2834 5609 3029 5672 τελῶν,
3076 5606 3314 5678 μάλιστα
3341 5603 3399 5656 δὲ
3435 5603 3482 5656 σί
3539 5600 3692 5669 παρὰ

2111 5701 2248 5757 Θεοῦ
2284 5702 2542 5765 λαθόντες
2581 5702 2642 5754 τὸ
2665 5701 2856 5772 ἄρχειν
2882 5700 2950 5752 τά
3012 5701 3102 5753 ἴσα
3139 5700 3230 5752 καὶ
3270 5696 3388 5768 (θεῷ
3421 5696 3528 5754 τοῖς
3559 5693 3693 5763 ὁμοι-
