4038 6204
152 298 251 363 an

1588 288 2007 359 Ἐριετοιπι.

3299 298 3410 363 322

156 407 323 463 τελῶν
372 406 494 478 μεθ’
546 406 664 468 οῐας
710 405 955 476 προσῆκε
1029 404 1268 476 dexteri};
1314 405 1728 467 καταστάσεως,

1857 407 2057 461 nodum
2098 402 2379 461 orationis
2424 405 2715 460 decernam
2752 420 2767 471 ;
2822 404 2933 461 scis
2984 405 3260 476 quemodo
3309 424 3412 463 nos

168 504 251 553 trix
325 498 673 562 ἐπιτεύξεται
742 497 858 550 τῶν
913 498 1409 567 ἐπαγγελλομένων
1483 497 1729 566 ἀγαθῶν.

172 592 339 659 Ἔχεις
360 590 419 643 δὲ
451 592 547 644 καὶ
576 590 669 643 τὸν
716 589 991 660 μακάριον
1043 589 1371 643 Ἀπόστολον
1404 589 1733 643 διδάσκοντα

164 686 352 753 τρόπον
382 684 481 751 τῆς
511 683 824 752 προσευχῆς
852 681 928 745 ὼς
963 685 1225 750 παραινεῖ
1270 682 1521 753 ἐπαίρειν
1553 685 1734 746 ὁσίους

160 780 338 844 χεῖρας
364 776 537 844 χωρὶς
568 773 738 844 όργῆς
788 776 884 828 καὶ
933 774 1328 844 διαλογισμῶν,
1363 774 1735 844 διαλογισμῶν

165 868 397 938 δηλονότι
423 866 533 917 τῶν
566 866 968 937 περισπώντων
1003 868 1097 919 ἐπὶ
1122 867 1223 937 τὴν
1254 865 1350 919 τοῦ
1378 865 1497 935 βίου
1533 883 1736 936 μαται-

166 961 345 1029 ὀτητα,
378 959 473 1010 καὶ
525 958 593 1010 τὰ
648 958 866 1027 ἐκείνης
918 957 1156 1010 ἐπίπονα
1198 957 1322 1026 μὲν,
1359 958 1599 1027 ἀνόνητα
1652 957 1732 1012 δέ.

169 1051 257 1101 Διά
286 1048 445 1101 τοῦτο
494 1048 589 1101 καὶ
621 1047 962 1119 πληθυντικῇ
1004 1048 1148 1113 λέξει
1188 1048 1347 1101 τοῦτο
1391 1050 1738 1118 ἐμνημόνευ-

170 1159 275 1194 σεν.
312 1141 370 1193 ὐ
393 1142 502 1209 γὰρ
534 1139 670 1209 πρὸς
696 1138 796 1209 τὴν
843 1137 1127 1208 βασιλείαν
1185 1138 1295 1191 τῶν
1342 1140 1591 1207 οὐρανῶν
1640 1155 1736 1190 κε-

171 1235 432 1304 κτημένος
458 1234 559 1302 τὴν
590 1233 798 1301 ἔφεσιν,
850 1232 912 1285 οὑ
941 1232 1224 1300 λογισμοῖς
1275 1233 1429 1284 ἐνθεν
1477 1232 1737 1284 κάκεῖθεν

166 1327 611 1397 περιστρέςρεται,
644 1323 761 1377 ἀλλ’
796 1324 893 1377 ἕνα
937 1324 1201 1394 λογισμὸν
1232 1325 1606 1395 ἀναλαμϐάνει
1643 1342 1740 1394 μο-

165 1421 363 1489 νοειδῆ,
395 1421 489 1472 καὶ
533 1418 727 1471 τοῦτον
767 1419 1044 1488 διατηρῶν
1088 1419 1326 1488 ἀπλανῆ,
1364 1419 1611 1489 εὑρίσκει
1642 1417 1738 1471 τοῦ

173 1511 443 1581 μακαρίου
496 1511 707 1564 ἐκείνου
760 1510 1027 1580 λογισμοῦ
1089 1508 1187 1580 τὴν
1243 1509 1416 1573 ὅντως
1480 1510 1738 1580 ὲπωφελῆ

171 1604 383 1672 κτῆσιν,
434 1603 529 1655 καὶ
583 1603 772 1663 ἀϊδίως
804 1600 956 1670 αὐτῷ
982 1602 1082 1672 τὴν
1116 1602 1303 1655 ἄνεσιν
1344 1602 1740 1671 περιποιουμέ-

172 1713 287 1762 νην.
343 1694 789 1765 ’Δπεκρινάμεθα
835 1691 932 1748 οὖν
962 1694 1040 1758 ὡς
1073 1695 1132 1746 ὲν
1164 1695 1394 1767 τοιαύτῃ
1438 1696 1644 1765 ἀπορία
1677 1694 1738 1747 τὸ

174 1789 442 1858 ἡμέτερον
485 1789 765 1859 φρόνημα.
817 1789 890 1841 Σὺ
923 1789 1000 1851 δὲ,
1034 1789 1228 1841 τέκνον
1278 1789 1437 1858 ἡμῶν
1469 1788 1634 1859 ἱερὸν,
1666 1787 1743 1856 τῷ

174 1880 421 1949 χρίσαντί
469 1899 528 1934 σε
572 1881 824 1952 παναγίῳ
878 1881 1158 1950 Πνεύματι
1191 1880 1610 1949 πεφωτισμένος
1640 1879 1745 1947 ψυ-

172 1974 270 2043 χὴν
298 1976 390 2026 καὶ
418 1974 660 2028 διάνοιαν
688 1974 854 2039 ἀξίως
884 1976 982 2045 τῆς
1007 1975 1106 2044 σῆς
1134 1976 1336 2045 ἀρετῆς
1370 1974 1742 2041 ἐντυγχάνων,

177 2067 301 2135 παρ’
330 2067 544 2120 ἐκείνου
590 2068 793 2138 μᾶλλον
818 2069 967 2140 λήψῃ
994 2068 1088 2120 τοῦ
1140 2068 1484 2137 ζητουμένου
1518 2067 1616 2136 τὴν
1666 2066 1745 2117 δι-

171 2159 491 2214 δασκαλίαντ
521 2160 603 2213 Τὰ
633 2161 677 2212 δ’
706 2161 841 2214 ἄλλα
873 2162 993 2230 εἴης
1036 2161 1137 2229 μὲν
1188 2163 1354 2224 αὐτὸς
1406 2159 1743 2233 ἐρρωμένος,

1841 502 2089 556 hortetur
2115 512 2174 557 ut
2225 501 2344 571 pias
2402 516 2599 555 manus
2646 499 2976 556 extollamus
3006 501 3216 571 absque
3249 500 3325 555 ira
3360 512 3415 556 et

1832 594 2365 657 ratiocinationibus,
2394 608 2492 648 nos
2521 593 2588 646 ad
2618 595 2740 647 vita:
2772 594 3062 647 vanitatem
3116 602 3169 645 et
3190 592 3414 647 insanos

1832 682 2045 737 labores
2076 682 2539 752 pertraheutibus.
2578 680 2700 737 Ideo
2726 683 2921 752 plurali
2952 698 3083 737 voce
3118 682 3223 737 hoc
3254 698 3417 759 coms-

1833 776 2204 829 memoravit:
2238 776 2330 844 qtti
2377 777 2522 829 enim
2581 775 2647 829 ad
2697 792 2924 846 regnum
2970 774 3241 829 cwlorum
3271 774 3414 829 viam

1836 866 2141 936 ingreditur
2170 882 2277 920 non
2312 866 2442 920 hinc
2484 876 2539 920 et
2574 868 2698 921 inde
2745 867 3046 921 rationibus
3090 866 3419 921 circumvol-

1834 961 2001 1026 vitur,
2036 959 2130 1013 sed
2167 975 2330 1013 unam
2379 960 2649 1014 rationem
2692 970 2745 1015 et
2796 961 3123 1015 uniformem
3155 961 3417 1030 suscipit,

1836 1062 1891 1107 et
1924 1058 2063 1107 hanc
2109 1068 2334 1108 servans
2368 1054 2787 1119 immuta-bilem,
2828 1056 3037 1110 invenit
3071 1056 3243 1109 beata:
3274 1056 3419 1109 illius
3472 1126 3477 1133 γ

1838 1145 2066 1200 rationis
2094 1160 2219 1199 vere
2252 1145 2441 1200 utilem
2486 1148 2917 1215 possessionem,
2950 1157 3003 1201 et
3035 1156 3304 1218 perpetuo
3341 1148 3416 1200 illi

1838 1237 2150 1306 adjunctam
2204 1235 2466 1304 quietem.
2535 1236 2903 1306 Exposuitnus
2960 1237 3121 1307 igitur
3190 1238 3244 1290 in
3319 1238 3419 1291 ista

1841 1327 2191 1399 perplexitate
2223 1337 2462 1381 nostram
2488 1340 2747 1382 mentem.
2770 1327 2851 1382 Tu
2885 1339 3087 1394 autent,
3119 1329 3189 1383 liii
3211 1338 3418 1391 sancte,

1841 1421 1911 1475 ab
1944 1421 2034 1474 illo
2063 1420 2156 1489 qui
2189 1419 2342 1473 unxit
2377 1428 2428 1473 te
2458 1420 2808 1475 sanctissimo
2834 1420 3040 1490 Spiritu
3076 1422 3420 1475 illuminatus

1842 1513 2079 1567 animam
2109 1521 2162 1566 et
2189 1521 2449 1576 mentem,
2486 1520 2544 1566 ut
2578 1522 2725 1565 tuam
2771 1514 2924 1566 decet
2973 1513 3248 1576 virtutem,
3294 1529 3427 1583 pos-

1843 1604 2050 1666 sidens,
2082 1601 2269 1655 abillo
2302 1601 2485 1669 potius
2533 1601 2772 1669 accipies
2818 1603 3062 1671 quaesitae
3094 1604 3166 1656 rei
3210 1603 3423 1656 doctri-

1844 1711 1992 1749 nam.
2031 1693 2299 1748 Cteterum
2340 1692 2420 1747 sic
2452 1693 2592 1747 bene
2642 1694 2847 1757 valeas,
2902 1694 3109 1762 absque
3155 1682 3423 1748 sollicitu-

1850 1784 1973 1836 tliue
2021 1791 2075 1836 ct
2126 1782 2424 1850 agitatione
2475 1781 2641 1850 hujus
2692 1783 2815 1835 vitae
2870 1780 3071 1836 ﬂuctus
3122 1783 3423 1849 trajiciens,

1853 1876 2021 1929 nostri
2057 1886 2237 1928 autem
2271 1875 2325 1927 in
2359 1874 2466 1927 tuis
2498 1874 2600 1944 piis
2630 1876 2883 1942 precibus
2919 1890 3149 1939 memor,
3178 1876 3424 1944 quicum

1854 1968 1959 2019 vita
1994 1966 2174 2021 adhuc
2209 1965 2518 2029 luctamur,
2574 1966 2719 2033 quod
2768 1966 3082 2035 ambiguum
3134 1975 3253 2028 est,
3291 1966 3429 2021 forte

1852 2061 2124 2115 abibimus
2158 2101 2174 2125 ,
2228 2060 2372 2128 quod
2424 2058 2556 2112 tuihi
2619 2060 2826 2114 certius
2879 2060 3165 2115 imminere
3213 2059 3431 2115 videtur

1851 2170 2014 2224 quam
2050 2152 2213 2219 hujus
2241 2152 2361 2205 \itte
2385 2151 2613 2207 vanitas.
2868 2174 2885 2207 κ

172 2250 453 2321 ἁθορὺὁως
486 2253 582 2305 καὶ
622 2255 916 2326 ἀταράχως
957 2255 1057 2325 τὴν
1111 2255 1293 2325 ἅλμην
1326 2256 1427 2325 μὲν
1468 2254 1562 2309 τοῦ
1621 2256 1737 2326 βίου
1785 2246 2085 2317 διαπερῶν.
2123 2244 2280 2314 ἡμῶν
2314 2245 2372 2297 δὲ
2432 2245 2787 2316 μεμνημένος
2830 2247 2889 2299 ἐν
2947 2248 3069 2310 ταῖς
3106 2246 3286 2309 ὁσίαις
3334 2245 3431 2299 εὖ·

173 2344 309 2410 χαῖς,
342 2344 507 2411 τυχὸν
544 2346 643 2413 μὲν
672 2347 750 2399 ἔτι
813 2347 892 2418 τῷ
920 2346 1021 2417 βίῳ
1063 2351 1468 2419 στρεφομένων,
1500 2351 1640 2418 ὅπερ
1679 2344 2010 2417 ἀμφίὸαλον,
2036 2339 2200 2408 τυχὸν
2227 2337 2284 2389 δὲ
2307 2338 2597 2403 ἀπιόντων,
2627 2338 2656 2390 ὃ
2681 2339 2775 2392 καὶ
2804 2338 3007 2408 μᾶλλον
3034 2338 3401 2413 ὶναργέστερό

176 2454 261 2505 μοι
288 2438 439 2491 δοκεῖ
493 2441 862 2511 παρίστασθαι
890 2442 992 2511 τῆς
1025 2443 1120 2496 τοῦ
1146 2445 1261 2514 βίον
1290 2445 1676 2514 ματαιότητος.

752 2554 873 2608 re.
929 2554 1182 2623 Ἀδήλφ.

227 2663 372 2719 Ὀἶδα
402 2666 673 2737 παρόντος
702 2683 819 2731 σου,
843 2668 1038 2720 τέκνον
1065 2669 1243 2738 ἡμῶν,
1285 2670 1423 2739 πρὸς
1464 2671 1611 2741 ἡμᾶς
1641 2687 1751 2723 τοι.

178 2757 361 2821 οὐτους
400 2758 776 2828 πεποιημένου
803 2757 1020 2825 λόγους,
1053 2761 1110 2814 ὲν
1147 2760 1225 2830 τῷ
1262 2760 1623 2832 μοναστηρίιρ
1663 2759 1758 2812 τοῦ

186 2852 453 2921 μακαρίου
500 2853 709 2922 πατρὸς
760 2850 1066 2920 σουβούλει
1130 2852 1466 2921 προσμένειν
1518 2852 1759 2914 καὶτοῖς

184 2947 291 2995 ἐκεί
325 2944 624 3011 μονάξουσι
652 2944 985 3011 συνδιάγειν,
1041 2943 1258 3006 οὐδενὸς
1304 2943 1467 2998 ἄλλον
1504 2945 1561 2996 ὲν
1600 2946 1760 3014 χρείᾳ

183 3053 269 3087 σου
301 3038 481 3099 ὄντος,
510 3036 543 3106 ἢ
580 3036 744 3105 μόνον
770 3037 1021 3089 οἰκίσκον
1058 3039 1113 3088 ἐν
1136 3029 1179 3105 ᾧ
1209 3037 1306 3105 τὴν
1327 3036 1589 3107 διαμονὴν
1631 3036 1753 3107 μέλ-

2408 2543 2520 2599 (IV.
2553 2570 2623 2581 -——
2647 2541 2876 2597 Incerto.

1931 2656 2081 2723 Scio,
2113 2671 2236 2711 cum
2272 2655 2409 2725 ipse,
2452 2654 2546 2717 lili,
2583 2655 2633 2707 id
2667 2655 2821 2710 nobis
2857 2656 3082 2720 dixeris,
3131 2666 3181 2713 te
3225 2657 3277 2712 in
3317 2674 3435 2715 tuo-

1857 2754 2096 2805 nasterio
2144 2747 2287 2803 beati
2336 2749 2506 2817 patris
2552 2746 2627 2800 ttti
2662 2748 2798 2801 velle
2835 2764 3053 2803 manere
3097 2761 3304 2805 etcum
3347 2752 3432 2806 his

1858 2842 2141 2897 monachis
2212 2840 2379 2893 vitam
2442 2854 2642 2908 agere,
2696 2839 2840 2893 nulla
2897 2841 3000 2895 alia
3069 2857 3125 2895 re
3186 2842 3433 2912 indigens

1857 2950 2021 3004 quam
2103 2933 2207 2987 hoc
2271 2931 2526 2986 cubiculo
2584 2931 2636 2995 in
2686 2945 2812 3005 .quo
2872 2931 3206 2986 mansionem
3273 2933 3433 2988 debes

1860 3028 2059 3081 habere
2088 3034 2142 3078 et
2179 3027 2302 3076 vitae
2344 3024 2646 3077 secundum
2680 3008 2848 3075 Deum
2886 3024 3126 3078 studium
3161 3033 3216 3079 et
3246 3041 3433 3079 curam

182 3126 286 3189 λεις
333 3127 508 3195 ἔχειν,
551 3128 646 3179 καὶ
690 3127 791 3197 τῆς
847 3129 989 3181 κατὰ
1021 3128 1155 3181 Θεὸν
1196 3129 1473 3192 πολιτείας
1496 3130 1558 3182 τὸ
1591 3145 1752 3182 σπου-

1861 3118 2132 3173 ediscere.
2191 3114 2399 3169 ﬂorent
2438 3115 2658 3169 memini
2716 3116 2841 3184 quia
2893 3130 2923 3168 a
2965 3122 3017 3169 te
3063 3116 3182 3186 ipso
3232 3118 3433 3173 audivi.

187 3218 323 3270 δαῖον
352 3220 452 3271 καὶ
486 3217 745 3287 ἐπιμελὲς
800 3220 1237 3275 ἐκδιδάσκεσθαι.
1290 3219 1476 3273 Ταῦτα
1520 3216 1614 3273 οὖν
1662 3221 1760 3291 μό-

184 3330 393 3383 μνημαι
445 3318 597 3383 παρα
647 3312 743 3364 σοῦ
785 3312 1065 3384 ἀκηκοώςο
1111 3317 1205 3367 καὶ
1250 3313 1336 3367 διὰ
1363 3313 1523 3367 τοῦτο
1550 3316 1614 3368 ὲκ
1663 3311 1758 3366 τοῦ

186 3406 549 3475 μοναστηρίου
580 3404 714 3475 πρὸς
740 3406 886 3474 ἡμᾶς
908 3406 1251 3474 ἀφικομένων
1280 3405 1550 3476 μοναχῶν,
1578 3405 1760 3468 αὐτοῖς

179 3512 235 3547 τε
269 3496 667 3566 προσείπομεν,
704 3498 798 3548 καὶ
834 3496 919 3548 σοὶ
944 3496 1231 3565 γράφομεν
1277 3496 1534 3550 ἀπελθεῖν
1575 3498 1635 3549 ἐν
1681 3497 1760 3568 τῷ

187 3589 558 3659 μοναστηρίῳ,
594 3590 688 3641 καὶ
715 3587 900 3652 καθὼς
932 3590 1120 3660 ᾐτήσω
1153 3592 1252 3659 τὴν
1302 3591 1361 3643 ὲν
1398 3589 1549 3661 αὐτῷ
1582 3592 1760 3643 ποιεῖ-

184 3679 305 3737 σθαι
339 3684 647 3754 διαγωγήν.
694 3682 847 3736 Ἐπεὶ
893 3683 951 3736 δὲ
992 3684 1247 3754 περὶτοῦ
1283 3685 1612 3753 ἡγουμένου,
1664 3683 1761 3736 καὶ

183 3774 334 3844 παρὰ
395 3774 492 3827 σοῦ
530 3778 717 3845 φήμας
757 3775 859 3827 οὐκ
900 3774 1135 3843 ἀγαθὰς,
1164 3775 1301 3829 ἀλλὰ
1357 3775 1452 3827 καὶ
1507 3774 1630 3828 λίαν
1664 3773 1762 3828 ἀλ-

182 3865 433 3935 λοτρίους
511 3868 810 3938 μοναδικῆς
874 3868 1165 3929 εὐλαϐείας
1226 3866 1598 3937 ἐνηχήθημεν,
1668 3867 1764 3919 καὶ

181 3962 335 4028 παρὰ
367 3958 480 4010 τῶν
515 3960 769 4029 μοναχῶν
798 3960 868 4011 τὰ
892 3960 1252 4031 παραπλήσια
1282 3961 1550 4027 λεγόντων
1598 3960 1764 4028 ἡκού-

183 4067 382 4121 σαμεν,
440 4051 949 4120 ὲξαποσταλήσεται
1020 4050 1309 4121 ἄνθρωπος
1362 4050 1589 4121 ἔρευναν
1653 4051 1764 4105 τῶν

183 4130 579 4210 ιρημιζομένὶυν
636 4142 982 4207 ποιούμενος.
1024 4141 1132 4195 Καὶ
1181 4141 1235 4193 εί
1278 4156 1341 4207 γε
1389 4144 1515 4203 τοὺς
1572 4140 1764 4209 λόγους

183 4222 492 4303 σμετόχους
520 4232 669 4303 εὖροι
698 4234 791 4285 τοῦ
823 4234 1081 4303 ψεύδους,
1116 4235 1320 4295 ἐκεῖνος
1353 4233 1454 4303 μὲν
1480 4233 1554 4296 ὡς
1588 4233 1764 4303 ἄχρη-

191 4343 318 4389 στος
388 4328 524 4397 πρὸς
590 4327 951 4397 ἡγουμενείαν
1021 4326 1493 4396 ἀποπαυθησεται.
1572 4326 1766 4390 ’Ἄλλος

190 4419 249 4471 δὲ
283 4438 343 4471 υν
378 4421 440 4472 ἂν
474 4421 510 4489 ἦ
547 4436 606 4472 τε
636 4420 933 4489 ἀδελφότης
974 4420 1177 4472 συνίδοι
1212 4419 1363 4483 ἀξιον
1400 4418 1501 4486 τῆς
1543 4421 1767 4473 ἐπιστα-

1867 3209 1935 3264 Ει
1962 3210 2088 3265 ideo
2122 3208 2426 3273 monachis,
2478 3206 2568 3276 qui
2601 3222 2664 3259 ex
2698 3223 2762 3260 eo
2792 3207 3126 3262 monasterio
3159 3225 3258 3264 nos
3292 3210 3435 3264 adie.

1868 3312 2015 3369 runt,
2046 3303 2288 3358 diximus
2310 3300 2520 3369 tibique
2550 3297 2842 3353 scribimus
2873 3301 3009 3352 utin
3044 3301 3435 3356 monasterium

1868 3398 2055 3457 abeas.
2107 3395 2312 3463 ibique,
2364 3402 2424 3447 ut
2477 3391 2802 3462 postulasti,
2857 3391 3195 3446 mansionem
3248 3393 3435 3446 facias.

1867 3487 2134 3553 Quoniam
2170 3496 2355 3540 autem
2393 3483 2461 3539 de
2493 3484 2585 3537 illo
2630 3484 2722 3552 qui
2770 3494 2965 3553 praeest
3002 3493 3054 3537 et
3085 3499 3112 3536 a
3148 3493 3197 3537 te
3237 3483 3436 3538 fatuam

1869 3593 1977 3633 non
2032 3578 2253 3641 bonam,
2304 3575 2399 3630 sed
2458 3588 2581 3645 quae
2620 3574 2919 3627 solitariam
2962 3575 3219 3627 dedeceat
3270 3574 3438 3628 vitam

1871 3669 2203 3740 accepimus,
2225 3677 2280 3723 et
2308 3683 2336 3722 a
2363 3667 2646 3722 monachis
2667 3666 2977 3721 audivimus
3006 3667 3100 3737 qui
3131 3668 3213 3722 his
3241 3667 3440 3723 similia

1869 3764 2133 3829 dicerent,
2170 3763 2418 3816 mittetur
2450 3761 2543 3833 qui
2574 3761 2741 3815 relata
2786 3760 3092 3830 investiget.
3136 3758 3202 3815 Et
3238 3761 3283 3814 si
3325 3762 3446 3831 qni-

1870 3857 1994 3909 dem
2034 3855 2135 3908 hos
2164 3868 2447 3907 sermones
2477 3867 2634 3905 veros
2676 3851 2961 3915 invenerit,
2989 3852 3098 3916 ille,
3131 3861 3190 3905 ut
3218 3867 3441 3921 pravus,

1871 3965 1901 4002 a
1933 3948 2248 4018 prmiectura
2303 3945 2681 4011 revocabitur;
2714 3944 2855 3997 alius
2888 3958 3017 3999 vero
3050 3959 3211 4014 quem
3244 3945 3443 4003 fratres

1872 4041 2154 4112 superiore
2184 4040 2305 4093 loco
2353 4038 2576 4106 dignum
2597 4035 2923 4107 iudicabunt
2954 4051 3226 4106 quemque
3255 4046 3442 4093 nostra

1874 4135 2154 4189 humilitas
2180 4127 2548 4185 examinanda
2576 4128 2830 4184 solertem
2869 4130 3174 4198 agnoverit,
3204 4132 3445 4199 regimen

1872 4228 2102 4295 accipiet
2127 4221 2464 4277 monasterii.
2515 4219 2594 4273 Tu
2627 4231 2832 4284 autem,
2866 4221 2962 4285 ﬁli,
2999 4222 3065 4275 ne
3102 4219 3447 4276 obliviscaris

1875 4320 1949 4373 tui
1978 4319 2047 4372 ab
2077 4315 2233 4371 initio
2266 4312 2554 4385 propositi,
2578 4327 2756 4383 neque
2783 4313 2857 4366 tui
2891 4313 3074 4365 cordis
3107 4312 3359 4365 ardorem
3392 4324 3447 4366 et

1875 4413 2114 4466 studium
2170 4410 2510 4476 exstinguas,
2542 4406 2742 4475 quibus
2790 4406 2855 4459 ad
2885 4405 3242 4459 monasticam
3280 4404 3445 4458 vitam

194 4513 317 4574 σίας
347 4514 550 4578 αὐτῶν,
584 4512 677 4565 καὶ
703 4514 736 4582 ἡ
768 4512 929 4582 ἡμῶν
966 4512 1259 4583 μετριότης
1309 4511 1590 4580 ἐπίκρισιν
1644 4529 1752 4564 ποι-

1875 4504 2143 4559 festinasti
2171 4520 2186 4569 ;
2219 4505 2313 4557 sed
2346 4501 2524 4572 potius
2548 4500 2727 4554 divina
2756 4500 2931 4569 gratia
2967 4499 3286 4568 adjuvante,
3323 4509 3446 4553 stu-

188 4606 397 4674 ουμένη
442 4608 544 4674 τὴν
596 4605 886 4674 ἱκανότητα
940 4603 1035 4655 τοῦ
1087 4602 1279 4672 ἀνδρὸς
1330 4601 1560 4672 ἐπιγνῷ,
1614 4598 1768 4665 οὗτος

182 4697 513 4760 ἁναδέξεται
562 4696 663 4765 τὴν
718 4695 812 4749 τοῦ
863 4694 1231 4765 μοναστηρίου
1289 4688 1649 4764 προστασίαν.
1690 4696 1763 4747 Σὺ

178 4788 264 4848 δὲ,
301 4789 493 4839 τέκνον
526 4789 703 4857 ἡμῶν,
736 4786 811 4857 μὴ
840 4787 1075 4858 ὲπιλάθῃ
1105 4788 1203 4856 τῆς
1227 4786 1287 4851 ἐξ
1338 4788 1513 4856 ἀρχῆς
1571 4804 1766 4856 προαι-

178 4880 420 4947 ρέσεως,
460 4880 595 4949 μηδὲ
657 4878 1005 4949 κατασϐέσῃς
1054 4879 1115 4931 τὸ
1168 4878 1292 4941 ζέον
1339 4880 1433 4931 καὶ
1484 4879 1767 4950 πρόθυμον

170 4973 281 5041 τῆς

356 4977 455 5040 σὴς
499 4970 750 5040 καρδίας,
799 4972 888 5024 ὅτε
957 4973 1093 5041 πρὸς
1142 4973 1235 5024 τὸν
1306 4973 1518 5042 μονήρη
1563 4972 1678 5040 βίον
1723 4972 2105 5031 κατέσπευδες.

1874 4600 2143 4653 diosioret
2173 4596 2428 4649 intentior
2453 4601 2594 4657 esto,
2616 4601 2871 4660 tauquam
2901 4607 2995 4660 per
3020 4592 3220 4645 scalam
3253 4607 3449 4647 ascen-

1874 4692 2030 4753 dens,
2070 4699 2123 4742 et
2165 4702 2379 4755 semper
2412 4693 2679 4754 quantum
2729 4692 2933 4751 poteris
2987 4682 3053 4735 ad
3081 4698 3141 4737 ea
3174 4699 3296 4752 qua:
3322 4694 3449 4738 ante

1876 4792 2002 4838 sunt
2034 4782 2333 4851 procedens
2355 4819 2370 4845 ,
2413 4794 2519 4831 non
2554 4786 2734 4829 autem
2770 4778 2836 4828 ad
2872 4790 2935 4828 ea
2964 4792 3085 4844 quae
3133 4790 3259 4830 sunt
3301 4788 3449 4831 retro

1878 4878 2210 4944 regrediens.

2185 4966 2341 5021 Ἀλλὰ
2392 4965 2597 5036 μᾶλλον
2655 4970 2753 5039 τῆς
2798 4968 2947 5030 θείας
2989 4966 3337 5036 δυναμούσης
3388 4984 3447 5021 σε

177 5070 414 5137 χάριτος
455 5068 865 5137 προθυμότερος
895 5066 1045 5136 γίνου
1103 5068 1198 5119 καὶ
1229 5065 1612 5137 ἐντονώτερος,
1668 5063 1778 5119 οἷον
1817 5068 1910 5119 ἐπὶ
1946 5066 2213 5135 κλίμακός
2278 5082 2425 5129 τινος
2458 5068 2555 5131 τὰς
2629 5066 2923 5129 ἀνασάσεις
2980 5065 3322 5130 ποιούμενος,
3354 5071 3451 5122 καὶ

183 5168 279 5216 αεὶ
308 5166 433 5216 ὅσον
460 5164 689 5215 δυνατὸν
729 5160 1040 5231 προὸαίνων
1067 5161 1161 5212 ἐπὶ
1186 5161 1255 5211 τὰ
1295 5161 1508 5227 πρόσω,
1555 5160 1651 5210 καὶ
1683 5158 1758 5228 μὴ
1798 5162 1930 5228 πρ’,ς
1966 5158 2033 5210 τά
2072 5156 2251 5209 ὀπίσω
2304 5158 2699 5227 στρεερόμενος.

420 5274 565 5342 ΡΕΓ.
601 5272 687 5339 Τῷ
720 5273 1174 5342 ἁρχιεπισκόπῳ
1211 5269 1546 5339 Χερσῶνος.

258 5383 371 5440 Ἶιν
406 5389 509 5458 μὲν
536 5388 819 5458 ἁρμόδιον,
856 5384 1057 5455 μᾶλλον
1087 5386 1145 5438 δὲ
1178 5385 1533 5453 ὀφειλόμενον
1576 5385 1642 5454 τῇ
1679 5399 1767 5435 τε-

173 5480 425 5543 λειότητί
466 5495 565 5532 σου
620 5481 715 5531 καὶ
750 5479 935 5531 κόπων
988 5477 1400 5547 καταφρονῆσαι
1451 5478 1543 5528 καὶ
1585 5477 1768 5544 φόϐων

2240 5267 2376 5322 CVI.
2402 5299 2475 5309 ο-
2501 5270 2784 5326 Chersonis
2818 5274 3083 5343 episcopo.

1944 5386 2196 5449 Decebat,
2236 5386 2347 5438 imo
2384 5403 2511 5440 vero
2554 5388 2841 5453 oportebat
2869 5400 3015 5441 tuam
3054 5386 3447 5457 perfectionem

1868 5476 2143 5531 molestias
2172 5490 2525 5530 contemnere
2554 5489 2602 5530 et
2642 5480 2862 5532 timores
2905 5482 2995 5548 qui
3031 5493 3058 5530 a
3094 5479 3228 5531 mari
3263 5480 3449 5533 oriun-

167 5570 300 5623 τῶν
336 5572 399 5620 εκ
429 5570 735 5638 θαλάσσης,
763 5570 827 5636 τῇ
862 5566 1072 5621 ἀνωθεν
1132 5566 1309 5618 ἐλπίδι
1360 5566 1769 5634 θρασυνόμενον

164 5666 334 5732 πρὸς
371 5664 435 5713 τὰ
492 5662 730 5713 ἐνταῦθα
786 5659 1139 5722 καταλαϐεῖν,
1202 5657 1297 5710 τοῦ
1351 5659 1446 5710 καὶ
1498 5658 1628 5727 ἡμῖν
1675 5662 1769 5709 καὶ

156 5757 287 5821 ὅλῳ
336 5754 419 5815 τῷ
447 5752 781 5823 πληρώματι
812 5752 910 5821 τῆς
948 5750 1043 5803 τοῦ
1089 5748 1225 5803 Θεοῦ
1269 5748 1600 5819 Ἐκκλησίας
1640 5756 1765 5800 συν.

1866 5579 1976 5633 tur,
2014 5571 2069 5623 itt
2129 5570 2310 5622 divina
2358 5586 2453 5638 Spe
2503 5572 2863 5626 confidentem
2917 5583 2965 5625 te
3002 5588 3175 5640 usque
3225 5573 3289 5626 ad
3345 5589 3449 5630 nos

1866 5670 2251 5729 perventurum
2307 5670 2364 5712 ut
2420 5661 2696 5714 unhiSrutn
2749 5670 2802 5714 et
2855 5677 2976 5713 cum
3046 5663 3294 5718 universa
3358 5663 3451 5720 Dei

1869 5753 2122 5808 Ecclesia:
2184 5751 2519 5821 plenitudine
2584 5753 2928 5821 congaudeas
2987 5762 3040 5808 et
3091 5753 3326 5819 laeteris,
3392 5768 3452 5810 ut
