4038 6204
367 257 470 320 329
1824 261 2232 324 EPISTOLE.
3499 276 3608 334 830

365 374 642 445 ἀνώτερον
705 374 886 442 πάσης
913 371 1086 444 λύπης
1151 375 1416 430 διατελεῖν
1475 377 1790 438 ἐπιθέσεως·
1849 376 1946 428 καὶ

2057 375 2404 429 sanctissimo
2441 374 2548 430 Deo
2584 375 2649 430 de
2690 378 2789 431 hoc
2822 377 3023 448 gratias
3051 378 3280 446 egimus,
3316 393 3368 435 et
3392 395 3616 439 oramus

363 468 442 536 τῷ
482 467 625 536 ἀγίῳ
676 466 796 535 Θεῷ
849 467 882 536 ἡ
928 467 1023 517 ἐπὶ
1060 466 1218 519 τοῦτο
1264 467 1586 536 εὐχαριστία
1632 468 1762 536 ἡμῖν
1804 467 1942 518 ἀπο-

2057 470 2270 522 Jmuiuo
2301 477 2360 522 ut
2387 468 2546 522 talem
2573 468 2638 522 dc
2663 477 2712 522 te
2740 469 2990 522 nuntium
3020 483 3235 536 semper
3262 473 3612 540 accipiamus.

364 560 594 622 δέδοται,
628 559 720 611 καὶ
756 557 1030 626 εὐχόμεθα
1061 558 1295 610 πάντοτε
1325 557 1585 624 τοιαύτης
1615 557 1746 623 περὶ
1787 556 1942 624 ὑμῶν

2057 554 2311 620 Quoniam
2385 571 2514 610 vero
2564 572 2746 610 rerum
2793 559 3054 626 angustia:
3111 572 3212 610 nos
3266 573 3371 612 non
3434 560 3621 615 sinunt

366 651 630 718 ἀγγελίας
660 648 953 718 τυγχάνειν
994 649 1254 716 ἀγγέλου.
1301 648 1520 716 Ἐπειδὴ
1547 648 1603 700 δὲ
1656 647 1768 700 τῶν
1793 665 1934 719 πρα-

367 743 593 811 γμάτων
627 741 684 792 αἱ
739 740 1094 809 περιστάσεις
1130 739 1231 791 οὐκ
1262 738 1421 792 έῶσιν
1467 741 1614 808 ἡμᾶς
1661 739 1941 803 ἀναπνεῖν,

371 833 464 884 καὶ
494 831 570 893 ὡς
605 833 664 883 ὲν
688 829 959 891 τοιούτοις
989 829 1537 899 περιστοιχιζόμενοι,
1565 828 1822 898 δεόμεθα.
1845 829 1942 882 ἀν-

370 924 582 992 θρωποι
631 923 882 974 ταπεινοί
927 920 1102 984 ὄντες,
1133 918 1229 972 καὶ
1277 919 1378 988 τῆς
1417 920 1481 971 ἐκ
1523 919 1629 972 τῶν
1677 917 1943 970 συνόντων

371 1014 716 1083 παρηγορίας
744 1008 915 1081 (οἶδας
942 1010 998 1064 δὲ
1021 1011 1102 1062 ὃτι
1128 1009 1283 1063 οὐδὲν
1309 1008 1454 1061 οὕτω
1490 1010 1822 1078 παρηγορεῖ,
1868 1008 1944 1070 ὡς

373 1104 403 1172 ἡ
443 1103 554 1155 τῶν
591 1105 801 1157 τέκνων
848 1098 1183 1169 συνομιλία),
1221 1099 1560 1168 ἐϐουλόμεθα
1606 1102 1664 1152 ὲν
1713 1097 1945 1167 τοιούτῳ

370 1196 547 1267 καιρῷ
583 1195 681 1248 σὺν
712 1196 846 1264 ἡμῖν
881 1189 1043 1246 εἶναι.
1095 1192 1155 1244 Ei
1195 1191 1294 1259 μὲν
1323 1188 1418 1246 οὖν
1447 1191 1548 1244 οὐκ
1601 1190 1747 1242 εστιν
1778 1191 1946 1257 ἀναγ-

371 1289 631 1357 καιότερα
661 1287 728 1339 τὰ
755 1287 811 1338 ὲν
837 1287 948 1347 τοῖς
980 1282 1169 1336 αύτόθι
1204 1283 1506 1355 πράγματα
1537 1282 1674 1351 πρὸς
1698 1281 1798 1352 τὴν
1842 1282 1943 1350 σὴν

370 1381 679 1449 ἐπίσχεσιν,
723 1377 1040 1448 παραγενοῦ
1086 1377 1224 1447 πρὸς
1256 1377 1428 1446 ἡμᾶς.
1487 1375 1550 1427 EI
1591 1374 1634 1426 δ’
1689 1373 1806 1426 ἔστι
1857 1390 1944 1435 τις

368 1472 585 1539 ἀνάγκη
615 1472 986 1540 δυνατωτέρα,
1033 1468 1173 1531 τέως
1209 1470 1344 1537 ἡμῖν
1375 1469 1495 1530 ταῖς
1529 1467 1706 1529 ὁσίαις
1753 1466 1942 1536 εὐχαῖς

2047 647 2338 715 respirare,
2394 658 2442 700 ct
2476 649 2583 702 illis
2615 649 2769 716 quasi
2815 649 2976 702 cincti
3014 649 3342 717 indigemus,
3373 651 3621 707 homines

2048 738 2270 802 inﬁrmi,
2320 740 2699 794 assistentium
2737 741 3112 795 consolatione
3146 741 3279 810 (scis
3319 753 3500 797 autem
3533 745 3624 797 ni-

2050 829 2122 882 hil
2156 831 2228 883 ita
2261 831 2532 885 consolari
2558 841 2615 886 ut
2645 833 2878 887 ﬁliorum
2912 835 3426 904 conversationem),
3464 844 3623 904 opta-

2046 919 2242 974 bamus
2267 929 2326 974 ut
2357 922 2644 977 nobiscum
2681 939 2848 978 esses.
2887 925 2942 978 Si
2979 927 3142 995 igitur
3173 942 3282 980 non
3313 931 3624 982 necessario

2050 1022 2102 1064 te
2134 1027 2222 1066 res
2260 1013 2382 1067 istic
2415 1015 2669 1080 retinent,
2703 1017 2821 1070 veni
2849 1018 2914 1071 ad
2949 1033 3068 1072 nos.
3117 1018 3173 1072 Si
3207 1028 3360 1088 urget
3387 1022 3625 1074 necessi~

2051 1114 2157 1164 tas.
2211 1103 2403 1158 saltem
2455 1114 2722 1174 quantum
2772 1108 2978 1175 poteris
3027 1109 3183 1164 nobis
3220 1111 3324 1164 tuis
3370 1111 3624 1179 precibus

2051 1191 2258 1246 adesto.
2301 1198 2378 1246 Ac
2409 1203 2496 1247 tua
2526 1195 2836 1263 praesentia,
2882 1197 3136 1266 quoniam
3167 1211 3274 1251 non
3324 1213 3470 1251 nunc
3499 1214 3623 1267 per-

2050 1284 2302 1349 mittitur,
2335 1285 2428 1338 ﬁet
2470 1287 2695 1340 omnino
2729 1288 2948 1357 quando
2981 1289 3125 1342 Deus
3154 1288 3404 1344 voluerit.
3450 1288 3626 1344 Caete-

2045 1391 2166 1428 rum
2200 1389 2298 1444 pro
2341 1385 2428 1428 tua
2477 1377 2708 1432 sanitate
2756 1389 2880 1432 vota
2939 1378 3244 1445 fundimus,
3284 1389 3338 1434 et
3373 1381 3625 1450 cupimus

2047 1474 2106 1518 ut
2138 1475 2336 1520 nostra?
2369 1468 2694 1522 humilitatis
2722 1469 3055 1524 memineris.

368 1567 470 1637 ὅση
496 1566 725 1631 δύναμις
777 1563 1093 1626 συνίστασο,
1142 1563 1240 1616 καὶ
1286 1564 1317 1632 ἡ
1354 1560 1648 1632 παρουσία,
1695 1561 1818 1613 ἐπεὶ
1871 1558 1946 1630 μὴ
1989 1559 2084 1611 νῦν
2134 1563 2524 1630 συγχωρείται,
2600 1562 2818 1626 πάντως
2860 1564 2989 1617 ὅταν
3029 1565 3161 1629 Θεὸς
3200 1568 3326 1636 διδῷ
3392 1571 3625 1640 γενήσε-

369 1675 480 1714 ται.
517 1659 597 1711 Τά
624 1656 670 1710 δ’
698 1656 833 1711 ἀλλα
860 1655 1138 1728 ὲρῤῶσθαί
1180 1672 1239 1708 σε
1269 1653 1639 1725 ὲπευχόμεθα,
1671 1653 1765 1706 καὶ
1797 1651 2114 1723 μεμνῆσθαι
2141 1652 2240 1722 τῆς
2268 1653 2428 1723 ήμῶν
2471 1656 2844 1726 μετριότητος.

794 1770 936 1824 PII”.
970 1771 1197 1836 Νικήτᾳ
1239 1768 1518 1838 Ἀθηνῶν.

446 1882 556 1937 Καὶ
593 1881 929 1952 κυϐερνήτης
959 1882 1180 1951 ἄριστος
1211 1879 1322 1934 τῶν
1365 1879 1736 1950 βαπτιζόντων
1768 1879 1938 1950 κυμάο

375 1995 482 2030 των
527 1975 626 2046 τὴν
681 1974 924 2027 ἔκκλισιν
978 1974 1214 2026 ποιεῖται
1247 1972 1335 2027 διά
1377 1973 1656 2043 προνοίας,
1683 1972 1797 2024 ἀλλ’
1828 1971 1950 2041 οὐχὶ

376 2069 513 2135 πρὸς
543 2067 731 2118 ἐκεῖνα
772 2063 1092 2116 συνωθεϊται
1121 2063 1188 2116 δι’
1231 2055 1308 2118 ὧν
1367 2063 1551 2130 μέλλει
1586 2061 1746 2116 πλέον
1783 2079 1948 2114 κατα-

376 2157 754 2221 δαπτίζεσθαι.
783 2155 894 2209 Καὶ
943 2154 1124 2226 ἰατρὸς
1157 2149 1201 2223 ᾧ
1237 2169 1299 2222 γε
1347 2153 1414 2205 δι’
1444 2153 1759 2223 ἐπιμελείας
1802 2155 1949 2206 ἐστὶν

375 2253 406 2321 ἡ
442 2251 686 2319 σωτηρία
726 2247 823 2300 τοῦ
868 2248 1194 2318 κάμνοντος,
1244 2247 1478 2315 σπουδὴν
1524 2245 1866 2316 ἀναδέχεται,
1900 2247 1948 2297 εί

381 2343 458 2413 μὴ
493 2341 719 2394 δυνατὸν
776 2339 1052 2401 παντελῶς
1105 2338 1478 2406 θεραπεῦσαι,
1537 2338 1672 2391 ἀλλά
1710 2355 1773 2405 γε
1813 2338 1947 2400 τέως

377 2435 680 2489 ἐλαττῶσαι
701 2434 761 2486 τὸ
790 2431 1100 2501 διενοχλοῦν
1147 2433 1494 2502 ἀρρώστημα
1520 2430 1790 2499 φάρμακα
1820 2447 1947 2482 συν-

375 2530 605 2584 τιθέναι.
647 2527 874 2590 Συνίεις,
911 2523 1082 2594 οἶμαι,
1116 2525 1207 2576 τοῦ
1242 2523 1530 2593 προοιμίου
1559 2524 1617 2574 τὸ
1656 2521 1904 2591 βούλημα
1932 2536 1945 2550 ο

380 2623 538 2691 εἰμὴ
595 2620 813 2682 ἑκόντες
864 2618 1089 2679 ἑαυτοὺς
1136 2619 1200 2687 τῇ
1251 2615 1444 2686 ἀγνοίᾳ
1483 2615 1854 2685 παρέσχομεν,
1915 2615 1947 2684 ἡ

381 2715 474 2767 τοῦ
501 2711 637 2765 Θεοῦ
680 2708 980 2779 Ἐκκλησία
1024 2709 1082 2762 ὲν
1112 2707 1348 2777 τοσαύτῃ
1393 2707 1528 2777 ζάλῃ
1567 2706 1658 2759 καὶ
1686 2705 1949 2775 τρικυμία

381 2806 714 2873 καθέστηκε,
741 2802 836 2856 καὶ
868 2800 1120 2863 τοσοῦτος
1152 2800 1275 2854 καθ’
1293 2800 1450 2870 ἡμῶν
1470 2798 1559 2851 διὰ
1585 2797 1692 2850 τῶν
1724 2797 1946 2862 ἔσωθεν,

381 2897 475 2950 καὶ
496 2896 584 2949 διά
613 2895 723 2948 τῶν
755 2893 954 2960 ἔξωθεν
996 2894 1268 2960 ἐγείρεται
1311 2891 1539 2955 κλύδων,
1579 2889 1652 2952 ὡς
1683 2888 1952 2942 καθ’ἑκά-

384 3004 516 3057 στην
551 2987 789 3056 ⁴ἡμέραν,
828 2984 1030 3052 μᾶλλον
1063 2984 1118 3036 δὲ
1171 2983 1344 3035 εἰπεῖν
1373 2982 1546 3053 ὥραν,
1584 2983 1681 3052 τὴν
1713 2980 1949 3050 παντελῆ

2449 1767 2628 1824 CXIII.
2663 1771 2864 1825 Niceta:
2892 1773 3212 1828 Atheniensi.

2121 1879 2371 1950 Optimus
2407 1881 2642 1952 quisque
2673 1883 3007 1953 gubernator
3053 1891 3346 1955 prudenter
3383 1891 3626 1949 intume-

2051 1982 2267 2026 scentes
2299 1974 2433 2026 vitat
2461 1972 2685 2040 ﬂuctus,
2709 1985 2762 2030 et
2789 1976 2854 2030 ad
2892 1977 3014 2031 illos
3049 1993 3240 2033 navem
3280 1995 3385 2036 non
3418 1984 3622 2056 dirigit,

2050 2063 2250 2132 quibus
2305 2064 2522 2134 penitus
2567 2065 2936 2133 obrueretur;
2979 2068 3059 2123 sic
3108 2071 3353 2127 medicus
3385 2088 3624 2146 quoque.

2051 2155 2142 2224 qui
2179 2165 2296 2210 arte
2344 2171 2442 2211 sua
2490 2155 2839 2212 infirmorum
2885 2174 3075 2213 curam
3112 2163 3362 2234 suscipit,
3399 2181 3622 2236 operam

2052 2247 2340 2316 impendit,
2390 2249 2492 2304 etsi
2549 2258 2884 2320 aegrotantes
2939 2252 3098 2321 plane
3145 2256 3374 2310 reddere
3401 2260 3625 2313 sanitati

2052 2353 2156 2391 non
2186 2339 2376 2407 possit,
2406 2341 2707 2396 remedium
2739 2343 2979 2407 adhibet,
3011 2351 3071 2397 ut
3096 2345 3384 2402 molestam
3414 2351 3628 2405 minuat

2053 2428 2445 2484 inﬁrmitatem.
2492 2428 2612 2485 Jam
2649 2433 2824 2495 vides,
2863 2433 2938 2486 uti
2987 2445 3136 2502 puto,
3187 2451 3298 2505 quo
3337 2441 3624 2493 exordium

2055 2521 2260 2575 tendat.
2293 2519 2355 2574 Ni
2383 2521 2632 2576 lubenter
2675 2525 3038 2592 nosmetipsos
3091 2527 3414 2595 ignorantiae
3445 2530 3626 2583 trada-

2054 2625 2195 2675 mus,
2231 2612 2414 2668 videre
2451 2621 2534 2667 est
2563 2614 2864 2668 Ecclesiam
2905 2614 2998 2668 Dei
3030 2617 3082 2669 in
3115 2624 3264 2672 tanta
3303 2627 3627 2690 tempestate

2054 2703 2312 2770 positam,
2351 2705 2516 2760 tantis
2565 2705 2924 2778 undecunque
2969 2708 3278 2766 furentibus
3323 2712 3622 2770 ﬂuetibus:

2053 2804 2232 2850 tantas
2293 2797 2440 2850 enim
2510 2797 2654 2853 circa
2713 2815 2810 2854 vos
2892 2801 3129 2856 volvitur
3165 2802 3306 2858 intra
3363 2816 3416 2861 et
3467 2815 3621 2862 extra

2053 2888 2286 2942 excitata
2329 2903 2548 2960 vorago,
2598 2899 2659 2946 ut
2737 2906 2832 2961 per
2858 2893 3105 2963 singulos
3134 2894 3273 2958 dies,
3304 2897 3410 2950 imo
3432 2902 3626 2968 quavis

2054 2980 2188 3033 hera
2223 2996 2292 3035 ne
2322 2979 2570 3037 funditus
2607 2983 2990 3055 demergamur
3023 2987 3095 3040 sit
3126 2991 3501 3046 metuendum.
3543 2994 3625 3049 Tu

384 3079 678 3131 κατάδυσιν
703 3077 942 3141 ἐλπίζειν
965 3092 981 3108 °
1014 3076 1108 3128 καὶ
1131 3076 1194 3128 σὺ
1221 3075 1556 3136 ἐπισκόπους
1576 3074 1683 3126 τῶν
1725 3073 1952 3144 Ἐκκλη-

2058 3080 2237 3127 autem
2277 3089 2342 3128 ex
2419 3075 2669 3130 ecclesiis
2715 3078 2999 3146 episcopos
3047 3081 3116 3133 ab
3156 3081 3266 3136 illis
3323 3084 3624 3152 ordinatos,

386 3171 517 3224 σιῶν
574 3170 820 3232 ἐλαύνεις
863 3169 987 3231 τοὺς
1045 3167 1136 3220 ὑπ’
1184 3167 1410 3218 ἐκείνων
1452 3163 1950 3235 χειροτονηθέντας,

382 3263 475 3325 ιῦς
523 3261 680 3314 οΰπω
727 3262 832 3314 ὑπὸ
885 3261 1207 3331 καθαίρεσιν
1267 3260 1520 3328 προφανῆ
1580 3256 1948 3326 πεποιήμεθα.

386 3358 454 3408 Ἢ
488 3354 682 3423 λέληθέ
709 3371 765 3406 σε
818 3353 892 3415 ὡς
926 3352 1050 3405 οὔτε
1090 3352 1291 3418 Σάὸας,
1324 3351 1352 3401 ὁ
1377 3350 1484 3418 πρὸ
1516 3349 1610 3402 σοῦ
1646 3350 1735 3402 τὸν
1765 3349 1953 3418 θρόνον

382 3449 581 3501 διέπων
609 3446 718 3498 τῶν
761 3443 1025 3512 Ἀθηνῶν,
1058 3442 1180 3495 οὕτε
1205 3460 1287 3505 τις
1319 3443 1504 3510 ἕτερος
1533 3442 1640 3494 τῶν
1665 3441 1953 3509 ὁμοταγῶν

384 3540 578 3608 ἐκείνῳ
615 3538 718 3590 ὑπὸ
740 3536 1061 3606 καθαίρεσιν
1089 3536 1302 3602 γέγονε,
1335 3535 1475 3604 πλὴν
1505 3533 1612 3586 τῶν
1632 3532 1953 3601 φθασάντων

384 3632 671 3701 τεσσάρων
697 3627 1060 3700 καθῃρῆσθαι,
1096 3626 1190 3679 τοῦ
1235 3645 1294 3680 τε
1329 3626 1641 3697 Δημητρίου
1671 3625 1835 3697 φημὶ,
1861 3629 1956 3678 καὶ

386 3722 652 3793 Γαϐριὴλ,
676 3721 768 3772 καὶ
810 3719 1132 3790 ι’ρηγορίου,
1189 3719 1284 3770 καὶ
1323 3720 1541 3787 Κοσμᾶ,
1583 3717 1641 3781 ὃς
1674 3720 1722 3769 εί
1753 3719 1846 3770 καὶ
1880 3717 1955 3786 μὴ

385 3815 473 3867 διὰ
504 3815 603 3883 τὴν
670 3813 838 3882 αὐτὴν
889 3813 1069 3864 αἰτίαν
1123 3813 1235 3871 τοῖς
1266 3810 1447 3872 ἄλλοις
1494 3811 1694 3880 τρισὶν,
1724 3809 1862 3862 ἀλλά
1891 3825 1954 3876 γε

385 3905 473 3957 διὰ
535 3905 633 3967 τάς
672 3906 730 3956 ὲν
776 3907 842 3973 τῇ
887 3903 1073 3971 Ῥώμῃ
1123 3901 1499 3970 ψευδολογίας,
1538 3902 1604 3970 τῇ
1637 3900 1956 3970 καθαιρέσει

387 3997 755 4065 ὑποϐέϐληται
779 4011 794 4060 ;
819 3993 1003 4046 Πάντα
1032 3991 1209 4063 καιρῷ
1251 3991 1364 4062 ἰδίῳ
1409 3991 1743 4044 διευθύνεται
1765 4006 1778 4021 ·
1809 3991 1872 4043 τδ
1899 3989 1955 4042 δὲ

386 4089 538 4156 παρὰ
592 4087 684 4139 τὸν
732 4086 1082 4157 προσήκοντα
1141 4081 1331 4152 καιρὸν
1391 4083 1705 4151 γινόμενον,
1769 4081 1957 4152 ὥσπερ

389 4180 580 4241 ἀτελές
604 4181 750 4231 ἐστι·
773 4179 837 4229 τὸ
865 4177 920 4230 δὲ
946 4176 1132 4237 ἀτελὲς
1159 4175 1372 4244 ἀνάγκη
1418 4173 1837 4244 ἀποστερεῖσθαι
1866 4173 1959 4226 καὶ

391 4270 673 4341 διαμονῆς.
711 4270 858 4322 Ἐδει
911 4264 1008 4320 οὖν
1064 4284 1121 4319 σε
1157 4267 1248 4318 τὸν
1291 4266 1482 4334 καιρὸν
1524 4267 1956 4335 κατανοήσαντα,

393 4363 486 4416 καὶ
515 4363 622 4416 τῶν
648 4361 993 4432 πραγμάτων
1024 4360 1120 4429 τὴν
1155 4359 1495 4427 ἀνωμαλίαν,
1527 4359 1692 4428 μηδὲν
1728 4357 1958 4425 διαπρά-

2057 3178 2198 3230 quos
2247 3165 2492 3220 nondum
2546 3169 2762 3236 publice
2810 3171 3187 3238 deposuimus,
3245 3189 3485 3231 amoves.
3544 3180 3626 3232 An

2057 3254 2197 3325 fugit
2226 3271 2298 3318 te,
2332 3271 2432 3310 nec
2457 3258 2678 3323 Sabam,
2716 3260 2807 3329 qui
2840 3270 2968 3316 ante
3007 3272 3059 3315 te
3103 3263 3285 3318 sedem
3322 3282 3628 3338 occupave-

2056 3357 2141 3402 rat
2171 3349 2611 3414 Atheniensium,
2646 3367 2745 3406 nec
2790 3354 2957 3407 alium
3008 3370 3337 3427 quemquam
3387 3373 3418 3413 ο
3463 3363 3628 3416 sociis

2057 3437 2367 3507 depositum
2420 3439 2591 3494 fuisse
2635 3450 2835 3510 printer
2875 3453 3111 3512 quatuor
3161 3449 3484 3511 anteriores,
3525 3451 3626 3504 De-

2059 3532 2314 3584 metrium
2357 3532 2499 3595 dico,
2530 3531 2860 3598 Gabrielem,
2900 3534 3222 3605 Gregorium
3255 3547 3309 3592 et
3340 3541 3591 3595 Cosmam
3612 3583 3625 3607 ,

2057 3621 2149 3688 qui
2181 3622 2400 3690 quidem
2430 3637 2537 3676 nou
2573 3625 2643 3678 ob
2685 3625 2955 3689 eamdem,
2989 3641 3054 3680 ac
3104 3635 3214 3682 tres
3248 3628 3341 3682 alii
3385 3646 3628 3694 causam,

2059 3715 2150 3767 sed
2204 3723 2422 3784 propter
2473 3716 2777 3771 calumnias
2811 3715 2996 3771 Roma:
3028 3731 3355 3790 propagatas
3415 3738 3446 3778 a
3503 3725 3632 3778 sede

2060 3812 2304 3859 remotus
2363 3813 2469 3860 est.
2524 3807 2714 3862 Omnia
2774 3817 2827 3862 et
2884 3809 3096 3879 singula
3155 3826 3254 3866 suo
3307 3814 3631 3870 ordinantur

2061 3903 2350 3963 tempore;
2407 3896 2671 3965 quidquid
2736 3908 2915 3952 autem
2987 3903 3328 3957 courenienti
3390 3916 3631 3974 tempore

2062 3994 2342 4054 peractum
2385 4002 2492 4041 non
2534 3988 2720 4051 fuerit,
2761 3991 2866 4042 erit
2914 3990 3334 4060 imperfectum;
3378 3995 3634 4065 imperfe-

2061 4088 2206 4131 ctum
2247 4086 2427 4132 autem
2476 4079 2786 4134 necessario
2835 4095 2944 4134 non
2999 4083 3183 4137 stabit.
3220 4085 3375 4148 Quod
3399 4087 3445 4140 si
3495 4096 3632 4140 tem~

2062 4183 2192 4238 pora
2236 4169 2598 4237 ponderasses
2633 4179 2686 4224 et
2725 4186 2906 4225 rerum
2941 4171 3313 4237 diﬂieultates,
3353 4191 3630 4245 nunquam

2063 4259 2288 4315 fecisses
2321 4275 2442 4328 qua:
2467 4262 2564 4314 abs
2594 4269 2647 4316 te
2684 4271 2814 4315 sunt
2841 4273 3081 4331 peracta.
3118 4264 3382 4333 Equidem
3417 4269 3634 4321 nescius

2065 4366 2210 4416 sum,
2247 4352 2523 4420 quomodo
2556 4353 2622 4407 ad
2652 4353 2739 4406 illa
2773 4354 3031 4409 incitatus
3061 4357 3245 4409 fueris.
3301 4355 3358 4410 Si
3408 4374 3512 4426 qua
3539 4360 3632 4415 tibi

396 4451 589 4515 ξασθαι
647 4448 758 4503 οἷόν
815 4467 894 4502 σοι
938 4451 1362 4518 διαπέπρακται.
1415 4447 1566 4499 Ἐπεὶ
1619 4448 1675 4499 δὲ
1719 4447 1817 4498 οὐκ
1847 4441 1952 4499 οἶδα

2067 4458 2198 4497 cura
2220 4452 2389 4498 estne
2421 4445 2652 4513 amplius
2673 4445 2920 4499 turbetur
2951 4444 3214 4510 Ecclesia,
3245 4461 3421 4517 neque
3450 4459 3635 4503 nostra

395 4546 537 4604 ὅπως
564 4544 644 4605 είς
674 4541 833 4593 τοῦτο
887 4540 1192 4610 προήχθης,
1244 4539 1460 4600 πάντως
1509 4538 1561 4589 εἴ
1596 4539 1648 4590 τί
1685 4555 1766 4591 σοι
1807 4539 1959 4607 μέλει

397 4639 520 4707 περὶ
545 4634 638 4688 τοῦ
675 4634 750 4703 μὴ
772 4635 861 4685 ἐπὶ
893 4632 1054 4684 πλέον
1091 4629 1444 4701 χειμάζεσθαι
1479 4630 1576 4699 τὴν
1609 4629 1957 4696 Ἐκκλησίαν,

399 4730 490 4780 καὶ
515 4729 647 4796 περὶ
671 4729 766 4795 τῆς
791 4726 950 4795 ἡμῶν
994 4726 1347 4794 μετριότητος
1391 4723 1488 4791 τῆς
1525 4722 1754 4774 καθόσον
1781 4723 1960 4791 ὲγχω-

404 4822 484 4887 ρεῖ
509 4821 768 4881 ἀνέσεως,
806 4817 903 4886 τὴν
927 4817 1234 4887 ἐπισκοπὴν
1263 4819 1290 4868 ό
1317 4815 1600 4885 ἅνθρωπος
1623 4814 1960 4879 ἁπολαυέτω,

399 4909 489 4957 καὶ
525 4907 828 4972 διαμενέτω
865 4905 968 4966 ἕως
1004 4905 1070 4957 ἂν
1122 4905 1195 4956 τὰ
1244 4904 1502 4956 δοκοῦντα
1558 4905 1622 4971 τῇ
1667 4901 1964 4972 Ἐκκλησία

399 5000 475 5058 εἰς
513 4998 686 5065 πέρας
714 4997 877 5062 ἔλθοι,
909 4997 1004 5048 καὶ
1033 4997 1066 5065 ἡ
1098 4997 1224 5066 περὶ
1270 4995 1378 5049 τῶν
1410 4997 1753 5048 πταισάντων
1793 4995 1966 5063 ἀμφι-

2069 4545 2293 4590 vexetur
2322 4534 2629 4601 humilitas,
2663 4537 2979 4606 epise0patu
3013 4537 3268 4608 fungatur
3300 4541 3380 4592 vir
3419 4548 3473 4592 et
3514 4556 3638 4608 per-

2069 4635 2307 4693 maneat,
2347 4626 2521 4681 donec
2565 4627 2763 4696 placita
2815 4626 3070 4683 Ecclesiae
3121 4629 3536 4684 manifestentur
3584 4642 3639 4684 et

2072 4717 2463 4772 malevolorum
2484 4717 2805 4786 disceptatio
2832 4717 2988 4771 cedat
3015 4719 3068 4772 in
3098 4719 3528 4784 damnationem,
3557 4724 3636 4777 vel

2076 4809 2239 4863 aliam
2274 4810 2687 4863 conversionem
2723 4810 2942 4864 habeat.
2973 4808 3146 4865 Juheo
3169 4821 3218 4867 te
3249 4813 3428 4867 valere
3457 4815 3638 4884 anima

2067 4910 2118 4952 et
2153 4912 2401 4966 corpore,
2447 4907 2501 4950 et
2550 4897 2910 4952 humilitatem
2962 4909 3210 4954 nostram
3245 4903 3495 4970 precibus
3532 4904 3637 4956 tuis

2068 4990 2533 5043 commendamus.

396 5089 548 5140 ϐολία
576 5089 783 5159 ἐναργῆ
807 5091 1132 5159 κατάκρισιν
1185 5089 1218 5158 ἢ
1291 5087 1457 5157 ἀλλην
1528 5088 1649 5139 τινὰ
1690 5087 1912 5154 δέξηται
1980 5082 2320 5153 οἰκονομίαν.
2392 5081 2700 5152 Ἐρρὦθαί
2765 5099 2823 5135 σε
2895 5082 2990 5135 καὶ
3077 5081 3222 5153 ψυχῇ
3282 5085 3379 5136 καὶ
3427 5083 3638 5155 σώματι

397 5180 765 5250 ἐπευχόμεθα,
809 5182 903 5232 καὶ
931 5179 1031 5249 τῆς
1082 5179 1237 5250 ἡμῶν
1280 5178 1681 5248 ὑπερεύχεσθαι
1738 5177 2114 5248 μετριότητος.

565 5297 707 5348 Ρ1Δ’.
743 5295 1044 5360 Βασιλείᾳ)
1086 5295 1494 5389 μητροπολίτη
1525 5292 1806 5357 Χαλδίας.

482 5413 544 5464 Ἠ
584 5413 680 5481 μὲν
715 5411 972 5472 ὑπόθεσις
1022 5409 1114 5461 τοῦ
1175 5410 1501 5479 γράμματος
1544 5408 1820 5475 ἀναγκαία
1871 5407 1969 5476 μὲν

400 5505 478 5573 τῷ
511 5502 793 5568 κομίζοντι
826 5501 888 5552 τὸ
921 5501 1178 5569 γράμμα.
1207 5500 1304 5552 Διά
1327 5500 1484 5552 τοῦτο
1519 5502 1612 5552 καὶ
1637 5498 1970 5569 πληροῦντες

399 5595 499 5662 τὴν
535 5593 717 5658 δέησιν
741 5588 902 5642 αὑτοῦ
936 5590 1030 5640 καὶ
1060 5588 1158 5657 τὴν
1189 5590 1444 5641 ὑπόζεσιν
1475 5589 1680 5657 ταύτην
1715 5589 1807 5641 τοῦ
1840 5589 1973 5657 γρά-

403 5702 528 5753 φειν
561 5683 899 5749 ἐσχήκαμεν.
951 5680 1112 5749 Ἠμῖν
1140 5680 1197 5732 δὲ
1231 5679 1352 5734 οὔτε
1410 5681 1676 5753 πρότερον
1704 5680 1826 5734 οὗτε
1880 5679 1974 5732 νῦν

651 5774 915 5836 ΡΑτιιοι..
943 5777 1058 5832 tiu.
1089 5774 1252 5836 CXI.

2312 5287 2495 5344 CXIV.
2532 5287 2732 5342 Basilio
2769 5287 3007 5342 Chaldiae
3032 5286 3398 5354 metropolim.

2137 5401 2314 5472 Hujus
2347 5402 2589 5471 epistolae
2611 5403 2841 5457 materia
2872 5401 3156 5454 tabellario
3179 5400 3490 5455 necessaria
3522 5413 3644 5467 est;

2069 5495 2223 5564 cujus
2275 5496 2494 5564 quidem
2541 5496 2901 5565 postulationi
2931 5491 3332 5547 satisfacientes
3363 5493 3639 5550 scribendi

2072 5600 2260 5641 ansam
2318 5590 2630 5644 habuimus.
2685 5587 2912 5641 Materia
2964 5588 3078 5655 ipsa
3120 5595 3298 5638 autem
3351 5587 3508 5643 nobis
3547 5605 3645 5644 nec

2074 5687 2233 5736 antea
2270 5697 2370 5738 nec
2402 5682 2693 5736 hodiedum
2727 5679 2937 5733 videtur
2961 5675 3288 5732 necessaria.
3317 5677 3645 5753 Nobiseuiiu

3209 5767 3268 5827 11
