4038 6204
430 291 533 356 J31

1496 234 1501 241 ⁸
1563 280 1870 343 NICOLAI
1910 278 2020 338 ΟΡ.
2062 264 2574 335 ΡΑΤΒΙΛΒΟΙΙίΕ

3566 273 3675 336 332

437 402 582 456 nulla
616 396 931 468 disquisitio
953 403 1036 451 est
1068 408 1135 449 an
1165 394 1340 463 pietas
1366 401 1458 446 tua
1491 391 1654 446 alicui
1690 404 1858 445 causa
1903 390 2002 443 do-

2110 386 2285 440 ἐδόκει
2312 386 2589 454 ἀναγκαία
2618 385 2651 455 ή
2674 384 2950 448 ὑπόθεσις.
2978 383 3055 438 Οὑ
3085 383 3191 454 γὰρ
3218 381 3567 452 κατέστημεν
3599 385 3681 447 είς

433 494 589 557 loris,
634 492 760 561 jure
801 498 895 542 aut
948 486 1248 550 immerito,
1276 499 1398 539 esse
1446 482 1714 547 voluerit;
1763 490 2002 535 attamen

434 583 551 638 ﬁeri
593 587 771 650 potest
802 586 862 631 ut
890 578 1015 631 talis
1044 576 1188 629 adsit
1224 588 1414 637 causa,
1445 571 1626 641 qualis
1661 571 1922 624 facillime
1951 580 2006 624 et

432 674 735 743 saepissime
787 670 931 724 inter
970 668 1221 721 homines
1268 666 1514 720 dolorem
1547 663 1765 718 excitat.
1800 660 1895 716 His
1949 661 2013 714 in-

432 767 597 820 rebus
616 764 660 819 si
680 763 827 832 quod
853 761 1061 815 doloris
1082 759 1313 813 lenimen
1335 765 1578 826 apparet,
1597 762 1866 825 aegrotans
1895 766 2006 806 non

429 856 662 920 dolebit;
716 863 774 908 at
803 854 847 909 si
893 852 1097 906 malum
1143 850 1447 904 insanabile
1481 846 1738 911 evaserit,
1779 860 1850 899 ne
1875 854 2006 898 tunc

432 947 648 1017 quidem
683 955 738 998 tu
765 943 967 998 dolenti
988 941 1360 996 doloriscausa
1382 939 1511 999 eris.
1534 937 1627 992 sed
1657 936 1797 991 mala
1830 931 2005 1003 ipsius

432 1039 509 1092 rei
532 1046 748 1091 natura.
769 1032 873 1089 Sed
889 1033 1361 1099 renilexordiamur
1378 1031 1444 1085 de
1457 1043 1563 1099 qua
1586 1028 1823 1086 scribere
1849 1026 2006 1080 nobis

433 1129 839 1201 proposuimus.
888 1126 991 1191 Qui
1041 1126 1139 1178 tibi
1185 1122 1472 1193 epistolam
1505 1120 1702 1183 defert,
1731 1120 1799 1173 de
1827 1128 2005 1173 vestra

429 1220 789 1291 conqueritur
827 1216 1154 1281 reverentia,
1202 1213 1345 1283 quod
1389 1228 1419 1267 e
1467 1210 1806 1266 monasterio
1842 1208 2006 1262 fuerit

428 1314 719 1382 expulsus,
749 1314 803 1366 in
831 1326 942 1381 quo
973 1310 1241 1380 plurimos
1275 1308 1500 1376 degerat
1539 1320 1716 1359 annos
1749 1317 1873 1358 cum
1906 1316 2005 1355 au-

354 1467 370 1483 .
430 1404 683 1459 ctoritate
709 1403 914 1469 aliqua,
964 1399 1115 1454 nullo
1147 1396 1393 1451 facinore
1428 1403 1738 1465 perpetrato
1764 1392 1836 1446 ob
1864 1390 2007 1460 quod

425 1496 551 1565 jure
581 1494 810 1563 relegari
852 1499 1057 1561 posset.
1108 1489 1222 1545 Hac
1256 1489 1323 1544 de
1358 1502 1416 1542 re
1447 1488 1588 1543 scitu
1617 1485 1856 1539 animam
1904 1496 2007 1537 no-

431 1596 604 1642 stram
661 1584 891 1637 multum
943 1581 1194 1636 afﬂictam
1239 1578 1427 1633 fuisse.
1466 1577 1619 1643 Quod
1653 1576 1699 1631 si
1730 1575 1825 1628 tibi
1854 1573 2007 1628 cordi

2109 478 2391 548 λογισμὸν,
2438 478 2630 547 ὅτιπερ
2676 478 2710 548 ἡ
2768 476 2833 547 σὴ
2888 476 3143 530 εὐλάϐεια
3177 474 3315 534 ὅλως
3345 474 3457 526 τινὶ
3501 473 3683 544 λύπης

2107 572 2361 642 ἐθελήσει
2383 571 2558 633 αἴτιος
2581 569 2859 637 γενέσθαι,
2894 570 2994 639 οὑχ
3031 570 3115 622 ὅτι
3141 566 3388 637 ἀναιτίῳ,
3414 565 3555 620 ἀλλά
3585 568 3683 621 καὶ

2108 664 2211 718 κάν
2248 680 2333 726 τις
2479 662 2700 731 εὑλογος
2730 664 2880 715 αἴτια
2918 656 3007 713 οἷα
3049 661 3118 714 τά
3154 658 3475 729 ἀνθρώπινα
3504 658 3687 729 λύπης

2108 755 2369 827 πρόξενος
2402 754 2811 824 ἀναφαινομένη
2843 771 2858 787 ο
2912 753 3103 824 ἐπειδὴ
3157 752 3252 805 καὶ
3280 752 3404 806 τότε
3443 753 3542 823 τῆς
3582 753 3684 823 μὲν

2107 848 2288 909 αίτίας
2315 846 2375 899 τὸ
2405 846 2619 915 ἰάσιμον
2662 844 3071 916 ἐπιδεχομένης,
3117 844 3335 907 πάντως
3375 842 3682 913 θεραπευό-

2110 953 2270 1006 μενος
2327 938 2388 990 οὑ
2416 936 2789 1007 λυπηθήσεται
2828 937 2857 989 ὁ
2904 936 3112 1007 ταύτην
3154 936 3478 1005 παρασχών.
3522 936 3595 988 Εί
3619 936 3677 989 δὲ

2108 1032 2246 1097 πρὸς
2275 1031 2336 1085 τὸ
2361 1032 2581 1087 ἀνίατον
2627 1032 2799 1102 ῆλασε
2830 1031 2891 1083 τὸ
2936 1031 3132 1097 κακὸν,
3170 1029 3279 1082 οὐδ’
3312 1027 3487 1091 οὑτως
3528 1028 3679 1082 ἔσται

2108 1124 2260 1194 παρά
2304 1124 2399 1177 σοῦ
2453 1124 2532 1193 τῷ
2578 1123 2906 1194 λυπουμένῳ
2957 1124 2991 1193 η
3021 1122 3193 1192 λύπη,
3225 1121 3360 1175 ἀλλά
3399 1122 3550 1191 παρά
3581 1121 3680 1190 τῆς

2107 1218 2305 1279 κακίας
2361 1217 2456 1270 τοῦ
2512 1217 2863 1286 πράγματος.
2906 1216 3094 1286 Ἀρκεῖ
3139 1215 3333 1270 ταῦτα.
3370 1214 3571 1268 Λοιπὸν
3589 1216 3685 1268 ἐπὶ

2106 1310 2169 1363 τὸ
2204 1311 2442 1379 πρᾶγμα
2472 1311 2763 1380 χωρῶμεν,
2812 1308 2942 1380 περὶ
2965 1302 3028 1362 οὗ
3060 1308 3271 1377 γράψαι
3301 1307 3683 1378 διενοήθημεν.

2108 1401 2446 1469 Λελὺπηται,
2508 1400 2583 1463 ὥς
2631 1418 2784 1470 φησι,
2830 1401 2980 1472 παρά
3024 1401 3124 1469 τῆς
3166 1400 3321 1469 ὑμῶν
3353 1400 3630 1469 ὁσιότητος
3656 1401 3686 1454 ό

2110 1492 2352 1562 κομίζων
2387 1509 2469 1545 σοι
2502 1493 2601 1563 τὴν
2628 1493 2940 1563 ἐπιστολὴν,
2971 1494 3053 1546 ὅτι
3085 1492 3254 1563 μονῆς
3292 1491 3525 1562 ἐξηλάθη
3556 1492 3616 1545 ἐν

2109 1581 2337 1635 πλεῖστα
2386 1582 2482 1652 ἐτη
2509 1583 2827 1646 διατελέσας
2854 1583 2955 1652 τὴν
3009 1583 3332 1636 ἐπιστασίαν
3378 1583 3683 1653 ἐγκεχείρι-

432 1688 519 1733 est
553 1679 743 1732 dolore
774 1677 877 1730 hoc
910 1690 997 1728 me
1030 1675 1264 1742 eripere,
1302 1670 1579 1725 hominem
1614 1667 2002 1736 redintegrahis

2112 1690 2261 1737 σται,
2306 1672 2470 1744 μηδὲν
2496 1674 2874 1743 ἐργασάμενος
2907 1674 3172 1737 τοιοῦτον,
3216 1673 3351 1743 μηδέ
3380 1673 3529 1738 ἀξιον
3574 1672 3680 1743 τῆς

433 1770 487 1823 in
534 1770 764 1840 gradum
822 1768 1138 1837 pristinum,
1186 1763 1320 1817 nihil
1386 1762 1751 1816 reformidans
1809 1775 1999 1815 eorum

2109 1741 2321 1817 ἐκεῖθεν
2366 1741 2625 1828 ἐλάσεως.
2683 1741 2854 1817 Τοῦτο
2906 1765 3040 1835 ἡμῖν
3086 1741 3433 1832 ἀπαγγελθέν
3480 1741 3676 1831 γνῶθι,

432 1876 554 1931 qua:
609 1859 931 1930 suspicaris.
980 1856 1150 1909 Nemo
1201 1855 1346 1909 enim
1400 1853 1794 1907 monasterium
1832 1867 1863 1907 e
1911 1862 2002 1905 tua

2109 1856 2190 1909 ὅτι
2218 1856 2339 1907 λίαν
2368 1855 2546 1926 ἥψατο
2569 1856 2668 1925 τῆς
2702 1856 2903 1927 ψυχῆς.
2948 1856 3013 1908 Εί
3040 1873 3093 1909 τι
3127 1856 3220 1910 οὑν
3260 1874 3342 1909 σοι
3374 1856 3525 1927 μέλει
3551 1854 3680 1925 περὶ

430 1960 699 2022 potestate
720 1950 935 2017 eripiet,
968 1962 1142 2017 neque
1172 1960 1292 2009 nos,
1326 1960 1503 2015 neque
1521 1945 1663 1999 alius
1692 1944 2002 2015 quisquam,

2110 1948 2204 2001 τοῦ
2236 1948 2336 2016 ἐμὲ
2365 1949 2442 2018 μὴ
2473 1948 2785 2011 λυπεῖσθαι,
2828 1949 3026 2013 ἀπόδος
3060 1949 3158 2019 τὴν
3210 1949 3348 2003 ίδίαν
3401 1948 3555 2014 τάξιν
3599 1946 3674 2015 τῷ

430 2046 559 2100 dum
596 2044 681 2097 his
718 2042 771 2095 in
801 2040 962 2096 terris
998 2054 1301 2095 versamur.

2112 2038 2409 2109 ἀνθρώπῳ,
2448 2040 2614 2111 μηδὲν
2645 2039 2857 2094 δειλιῶν
2905 2042 3041 2111 ὅπερ
3085 2041 3434 2104 ὑποπτεύεις.
3466 2040 3541 2094 Οὑ
3573 2040 3681 2109 γάρ

430 2132 803 2205 ἀφαιρήσεταί
856 2149 940 2194 τις
986 2132 1047 2183 τὸ
1077 2128 1441 2201 μοναστήριον
1474 2128 1566 2182 τοῦ
1602 2128 1711 2181 ὑπὸ
1741 2129 1839 2200 τὴν
1906 2128 2003 2200 σὴν
2041 2131 2254 2186 τελείαν
2316 2132 2738 2201 ἐξουσίαν,οὑτε
2778 2135 2966 2204 ἡμεῖς,
3014 2132 3140 2187 οὗτε
3179 2134 3358 2199 ἄλλος,
3392 2134 3582 2204 μέχρις
3616 2131 3682 2185 ἂν

431 2226 665 2282 ἐνταῦθα
697 2224 994 2293 διάγωμεν.

617 2338 781 2398 CXV.
821 2337 1107 2407 Euthymio
1146 2334 1419 2423 Antiochia
1447 2332 1814 2401 ηιεινορυιίιω.

505 2454 770 2510 Nuntium
803 2452 1119 2507 audivimus
1146 2450 1425 2513 acerbum,
1453 2447 1599 2517 quod
1633 2455 1692 2500 ut
1715 2458 1903 2499 verum
1935 2443 2006 2497 sit

434 2548 580 2602 Deus
628 2546 872 2600 avertatl
924 2542 1000 2599 Te
1048 2544 1242 2596 morbo
1287 2543 1623 2595 laborantem
1674 2538 2005 2601 audivimus,

2218 2328 2365 2384 PlE'.
2408 2332 2686 2402 Εὑθυμίῳ
2727 2333 3143 2402 μητροπολίτῃ
3203 2336 3573 2405 Ἀντιοχείας.

2195 2444 2495 2515 Ὀδυνηράν
2553 2445 2818 2513 ἀγγελίαν
2881 2446 3235 2510 ἀκούσαντες,
3287 2448 3355 2517 ἢν
3413 2449 3500 2518 εἴη
3550 2448 3682 2512 Θεὸς

2114 2536 2303 2606 πόρρω
2362 2540 2462 2605 τῆς
2496 2536 2759 2606 ἀληθείας
2792 2538 2964 2589 ποιῶν
2996 2539 3009 2591 l
3061 2538 3402 2609 Ἠκούσαμεν
3438 2540 3548 2609 γὰρ
3596 2539 3683 2609 βε.

437 2637 673 2705 ideoque
699 2634 961 2689 facultate
1002 2635 1276 2702 privatum
1308 2633 1374 2685 ad
1408 2646 1509 2687 nos
1538 2629 1864 2684 revertendi.
1911 2625 2002 2681 llis

2110 2626 2337 2697 ϐλῆσθαί
2373 2643 2431 2680 σε
2460 2628 2624 2697 νόσῳ,
2650 2630 2745 2681 καὶ
2779 2628 2868 2682 διά
2899 2628 3059 2683 τοῦτο
3085 2631 3179 2683 ἐπὶ
3202 2629 3459 2684 τοσοῦτον
3490 2632 3682 2702 χρόνον

438 2732 641 2787 auditis
673 2739 725 2785 et
759 2729 827 2783 ad
873 2730 1159 2783 veritatem
1195 2727 1579 2797 inquirendam
1622 2736 1676 2779 et
1716 2724 2002 2779 sanitatem

2106 2716 2208 2785 τῆς
2244 2717 2379 2787 πρὸς
2404 2718 2552 2785 ἡμᾶς
2591 2720 2857 2773 ἐπανόδου
2894 2720 3275 2791 καθυστερεῖν.
3332 2721 3684 2774 Ἀπεστείλα-

438 2824 537 2877 tibi
594 2822 969 2891 augurandam
1026 2821 1310 2885 misimus;
1370 2820 1506 2873 faxit
1564 2818 1708 2871 Deus
1760 2826 1819 2869 ut
1862 2813 2002 2883 quod

2109 2826 2209 2877 μεν
2244 2809 2358 2878 ἅμα
2396 2811 2496 2878 μὲν
2528 2811 2656 2882 περὶ
2694 2803 2769 2864 ὦν
2800 2813 3118 2880 ἀκηκόαμεν
3163 2810 3451 2880 ἐκμαθεῖν,
3482 2813 3600 2881 ἅμα
3621 2812 3681 2865 δὲ

438 2915 683 2970 solamen
731 2927 761 2966 e
811 2912 1006 2965 litteris
1073 2911 1277 2964 nostris
1338 2909 1597 2978 accipias,
1636 2921 1736 2975 ego
1790 2919 2002 2975 quoque

2106 2900 2201 2953 καὶ
2231 2899 2317 2951 σοὶ
2348 2902 2441 2952 καὶ⁵
2466 2900 2635 2968 ὑγιῶς
2665 2900 3021 2963 διατελοῦντι,
3048 2902 3185 2971 ὅπερ
3232 2901 3504 2970 παράσχοι
3543 2901 3679 2964 Θεὸς

437 3019 468 3058 e
509 3014 600 3057 tua
644 3003 879 3058 sanitate
930 3001 1214 3070 recipiam.
1255 2998 1383 3054 Scio
1419 3001 1563 3054 enim
1598 2999 1863 3053 solamine
1909 2995 2002 3051 tibi

2112 2990 2457 3057 ἐγγενέσθαι,
2492 2992 2837 3061 παρηγορίαν
2886 2991 3006 3044 τινὰ
3050 2994 3115 3061 τῇ
3156 2989 3249 3043 τοῦ
3277 2990 3679 3054 ἀποσταλέντος

438 3095 583 3164 quod
616 3104 840 3162 propter
868 3094 1114 3148 locorum
1147 3091 1463 3149 distantiam
1500 3090 1612 3159 jam
1644 3088 1862 3144 diliicile
1899 3097 2002 3150 est,

2113 3082 2247 3151 πρὸς
2282 3081 2341 3134 σέ
2376 3082 2704 3152 καταλήψει.
2739 3080 2870 3135 Οἶδα
2927 3082 3026 3153 μὲν
3050 3083 3160 3153 γὰρ
3190 3083 3265 3146 ὡς
3296 3083 3391 3137 καὶ
3421 3084 3469 3135 εί
3508 3082 3679 3153 μηδὲν

438 3183 708 3253 intprimis
755 3198 895 3253 Opus
924 3197 1071 3242 esse.
1106 3184 1204 3238 Det
1237 3184 1395 3239 nobis
1442 3182 1603 3244 Deus,
1657 3192 1714 3235 ut
1754 3190 1807 3235 te
1856 3180 2006 3235 omni

440 3278 631 3331 morbo
660 3286 714 3331 et
760 3278 949 3331 dolore
983 3276 1294 3341 liberatum,
1328 3289 1492 3345 quam
1549 3273 1816 3328 citissime
1866 3274 2009 3326 reci-

438 3369 583 3439 piam
617 3378 672 3424 et
698 3368 870 3423 oculis
909 3366 1267 3436 complectar!

684 3666 1141 3737 CXV|.'Philipp0
1162 3663 1459 3719 Larismm'
1482 3664 1740 3733 episcopo.

507 3784 548 3838 E
596 3784 796 3838 litteris
840 3781 952 3836 tuis
996 3780 1178 3834 cordis
1221 3777 1300 3831 tui
1343 3776 1689 3832 aﬂlictionem
1732 3777 2001 3848 cognovi;

436 3877 709 3945 simulque
740 3873 846 3927 vidi
890 3883 940 3926 te
972 3870 1289 3939 suspicione
1320 3869 1553 3938 quadam
1595 3870 1741 3924 circa
1779 3868 2004 3922 humili-

436 3976 599 4020 tatem
640 3971 883 4018 nostram
931 3960 1151 4030 agitari,
1200 3959 1357 4028 quasi
1403 3956 1756 4012 amictionum
1788 3970 2002 4011 tuarum

433 4073 600 4113 causa
650 4070 850 4110 essent.
900 4051 1010 4106 Nos
1057 4066 1278 4122 quoque
1327 4049 1396 4106 de
1447 4052 1630 4106 cordis
1679 4052 1757 4104 tui
1814 4050 2004 4105 dolore

434 4150 591 4203 valde
623 4146 963 4217 afﬂigimur:
1017 4143 1179 4198 nobis
1218 4158 1323 4197 non
1376 4152 1460 4197 est
1512 4143 1729 4195 animus
1778 4151 1836 4195 ut
1885 4142 2002 4205 tibi,

434 4241 549 4295 lilio
580 4237 961 4301 dilectissimo,
991 4234 1231 4303 pontifici
1282 4242 1336 4286 et
1384 4231 1731 4287 familiarium
1771 4232 2002 4300 optimo,

431 4332 609 4388 simus
640 4330 836 4392 dolori,
868 4341 991 4380 cum
1056 4324 1192 4378 nihil
1253 4323 1410 4379 istius
1452 4323 1665 4392 generis
1700 4323 1779 4375 vel
1815 4334 2003 4376 contra

2110 3172 2296 3243 ἕτερον
2328 3175 2576 3243 διοχλοῦν
2605 3172 2693 3244 ἦν,
2722 3173 2858 3227 ἀλλά
2891 3190 2955 3242 γε
2983 3174 3114 3227 αὑτὸ
3145 3174 3324 3240 τοῦτο,
3362 3176 3395 3244 ἡ
3422 3174 3481 3239 ἐξ
3516 3175 3677 3245 ἡμῶν

2108 3266 2441 3337 διαχώρησις
2519 3268 2577 3319 ἐν
2627 3267 2788 3337 χρείᾳ
2839 3284 2899 3319 σε
2956 3268 3304 3337 παρηγορίας
3364 3268 3672 3335 καθίστησι.

2109 3359 2388 3430 Παράσχοι
2434 3358 2489 3411 δὲ
2522 3358 2653 3422 Θεὸς
2706 3359 2887 3429 πάσης
2922 3359 3082 3413 νόσου
3134 3361 3229 3413 καὶ
3277 3359 3455 3429 πάσης
3500 3360 3677 3430 λύπης

2108 3448 2548 3519 ἀπηλλαγμένον,
2570 3447 2762 3503 θᾶττόν
2795 3467 2854 3503 σε
2879 3451 3285 3522 παραγενέσθαι
3322 3455 3415 3505 καὶ⁹
3441 3452 3674 3523 ὀφθῆναι

2108 3542 2261 3610 ἡμῖν.

2462 3656 2622 3723 Ρις’.
2661 3658 2937 3726 Φιλίππῳ
2986 3661 3320 3729 Λαρίσσης.

2181 3772 2469 3842 Ἔγνωμεν
2496 3774 2558 3825 ἐκ
2596 3772 2687 3826 τοῦ
2725 3774 3056 3846 γράμματος
3088 3778 3187 3847 τῆς
3222 3777 3321 3848 σῆς
3354 3776 3581 3848 καρδίας
3613 3776 3677 3831 τὸ

2107 3863 2352 3935 ἄλγημα,
2384 3864 2632 3935 ἔγνωμεν
2665 3867 2723 3920 δὲ
2782 3868 2874 3922 καὶ
2923 3869 2998 3931 ὡς
3044 3869 3300 3923 ὑπόνοιαν
3333 3869 3519 3939 φέρεις
3544 3871 3676 3937 περὶ

2104 3958 2204 4028 τῆς
2243 3957 2399 4028 ἡμῶν
2424 3958 2797 4039 μετριότητος,
2822 3961 2903 4013 ὅτι
2942 3960 3001 4024 ἐξ
3030 3960 3187 4032 ἡμῶν
3218 3977 3299 4014 σοι
3337 3959 3674 4030 προσγέγονε

2104 4048 2165 4101 τὸ
2195 4049 2401 4117 ἀλγεῖν.
2432 4052 2542 4105 Καὶ
2575 4052 2669 4103 ἐπὶ
2705 4051 2805 4121 μὲν
2835 4055 2902 4123 τῇ
2958 4053 3121 4123 ὀδύνῃ
3166 4053 3267 4122 τῆς
3319 4051 3545 4124 καρδίας
3580 4069 3673 4104 σου

2109 4142 2353 4212 σφοδρῶς
2381 4144 2687 4214 ὴνιάθημεν
2744 4145 2838 4197 καὶ
2889 4148 3072 4215 ἡμεῖς.
3114 4146 3187 4199 Οὑ
3222 4145 3329 4215 γάρ
3371 4146 3447 4215 μὴ
3482 4146 3560 4198 ὅτι
3610 4145 3676 4211 γέ

2110 4249 2212 4297 σοι,
2246 4233 2421 4304 τέκνῳ
2461 4236 2780 4305 τυγχάνοντι
2812 4239 2903 4289 καὶ
2952 4238 3200 4309 ἀρχιερεῖ
3231 4238 3324 4289 καὶ
3358 4237 3465 4287 τῶν
3494 4235 3672 4305 μελῶν

2106 4326 2449 4395 οἰκειοτάτῳ,
2506 4327 2624 4379 ἀλλ’
2671 4328 2845 4380 οὐδενὶ
2888 4328 3058 4398 ἐτέρῳ
3088 4328 3195 4378 τῶν
3234 4327 3489 4387 ἐναντίως
3535 4329 3677 4396 πρὸς

433 4422 777 4477 adversarios
819 4430 1037 4471 nostros
1086 4415 1397 4468 moliamur.
1448 4415 1521 4469 De
1565 4412 1875 4482 suspicione
1911 4424 1999 4467 tua

2108 4417 2253 4485 ἡμᾶς
2306 4416 2556 4485 ἐχόντων,
2622 4417 2682 4469 τὸ
2734 4417 3039 4470 διακεῖσθαι
3092 4414 3366 4486 ὀδυνηρῶς
3419 4415 3675 4486 βούλησίς

433 4513 682 4569 dolemus
711 4523 765 4561 et
807 4506 979 4573 magis
1012 4506 1155 4574 quod
1181 4506 1326 4559 illam
1365 4504 1511 4558 nullo
1542 4504 1705 4557 modo
1731 4519 1996 4575 provoca-

434 4607 636 4657 vimns.
677 4599 819 4652 Nihil
863 4598 1010 4650 enim
1062 4598 1236 4666 magis
1280 4607 1468 4665 pectus
1513 4593 1675 4649 allicit
1721 4606 1995 4666 nostrum,

374 4692 377 4693 ⁷
433 4708 596 4764 quam
644 4689 788 4759 quod
848 4697 902 4742 te
948 4688 1003 4741 in
1066 4701 1257 4741 vanam
1315 4687 1679 4755 suspicionem
1739 4687 2000 4743 incidisse

434 4779 835 4836 animadvertit.
891 4776 1216 4842 Ncutiquam
1269 4774 1473 4827 homini
1524 4776 1873 4845 principtatni
1906 4785 1998 4832 tuo

435 4871 697 4928 invidenti
728 4870 857 4940 quid
907 4868 1307 4931 commisimus,
1337 4881 1433 4921 nec
1466 4883 1706 4937 unquam
1739 4870 1998 4938 cogitatio

437 4962 749 5020 istiusmodi
778 4961 932 5015 nobis
980 4959 1160 5019 inerit,
1199 4971 1375 5026 neque
1393 4955 1779 5014 Thebanorum
1807 4962 1993 5015 archi-

434 5059 701 5127 episcopo,
737 5052 1058 5115 Ecclesiam,
1087 5052 1152 5103 ad
1190 5059 1239 5103 te
1262 5050 1644 5117 pertinentem,
1671 5067 1999 5106 consecran-

432 5150 558 5201 dam
597 5144 1135 5205 commendavimus;
1160 5138 1163 5143 ’
1191 5142 1643 5210 patriarchalibus
1676 5144 1853 5196 autem
1887 5144 1997 5211 pii-

428 5240 643 5308 vilegiis
692 5238 969 5298 instructi,
1014 5233 1363 5288 dctinivimus
1397 5234 1515 5303 ejus
1547 5251 1669 5290 esse
1712 5237 1995 5305 templum,

430 5331 524 5399 qui
547 5329 677 5383 illud
694 5322 1305 5383 consecraverit.’l‘uam
1340 5341 1443 5378 non
1472 5326 1855 5394 vilipendimus
1886 5328 1997 5379 vir-

430 5433 624 5487 tutem,
660 5424 754 5477 sed
783 5437 905 5476 cum
943 5422 1186 5475 locorum
1222 5418 1481 5474 distantia
1511 5421 1669 5474 nobis
1701 5435 1807 5472 non
1835 5419 1999 5474 fuerit

433 5515 676 5583 apprime
736 5520 884 5576 nota,
939 5512 1253 5581 putavimus
1311 5511 1385 5564 illi
1448 5510 1592 5564 viam
1646 5520 1700 5563 et
1760 5510 1997 5566 mandati

431 5603 835 5660 exsecutionem
874 5603 1045 5669 magis
1066 5617 1231 5672 quam
1270 5603 1367 5659 tibi
1411 5617 1533 5658 esse
1568 5606 1910 5657 commodam
1946 5615 2000 5659 et

428 5695 738 5766 expeditam
775 5695 941 5751 hocce
969 5695 1127 5769 modo
1162 5712 1245 5753 res
1283 5697 1467 5766 utique
1502 5704 1719 5765 peracta
1751 5705 1849 5751 est.
1893 5695 1998 5753 Ve-

2106 4508 2256 4559 ἐστιν
2314 4509 2471 4577 ἡμῖν.
2502 4508 2637 4580 Περὶ
2667 4509 2721 4562 δὲ
2774 4504 2849 4562 ὧν
2880 4508 3274 4579 ὑπονοούμεθα,
3320 4505 3675 4577 λελυπήμεθα

2108 4600 2207 4667 μὲν
2249 4598 2331 4650 ὅτι
2389 4598 2525 4662 ὅλως
2575 4599 2884 4670 ὁτῳδήποτε
2913 4599 3099 4669 τρόπῳ
3132 4597 3362 4651 τοιαῦτά
3394 4615 3477 4650 σοι
3531 4614 3675 4668 παρ-

2106 4690 2339 4761 έσχομεν
2394 4692 2679 4743 ὑπονοεῖν·
2739 4691 2876 4761 πλὴν
2921 4692 2981 4743 οὑ
3031 4690 3284 4743 τοσοῦτον
3310 4690 3542 4743 ἀπτεται
3573 4691 3673 4757 τῆς

2106 4781 2331 4851 καρδίας
2359 4781 2419 4833 τὸ
2443 4780 2605 4846 ἄλγος
2643 4780 2733 4833 διὰ
2762 4784 2821 4834 τὸ
2852 4780 3152 4835 συνειδέναι
3188 4780 3357 4851 μηδὲν
3405 4780 3669 4845 τοιοῦτον,

2094 4873 2288 4931 ,ὁποῖον
2346 4873 2426 4935 είς
2474 4873 2655 4926 αἰτίαν
2702 4873 2909 4941 φέρεις,
2968 4873 3098 4943 παρ’
3154 4874 3311 4943 ἡμῶν
3360 4872 3667 4949 προελθεῖν,

2104 4960 2243 5014 Οὑτε
2278 4959 2385 5028 γάρ
2413 4959 2490 5028 τῷ
2542 4960 2914 5031 ἀτακτήσαντι
2956 4965 3085 5032 περὶ¹
3133 4964 3230 5034 τὴν
3267 4962 3366 5033 σὴν
3401 4962 3673 5031 ἐπαρχίαν

2103 5051 2263 5103 τοῦτο
2293 5051 2707 5121 ἐνετειλάμεθα,
2739 5053 2861 5105 οὑδέ
2897 5053 3033 5117 ὅλως
3072 5050 3457 5124 ἀναφερόμεθα
3482 5054 3559 5117 είς
3586 5052 3672 5105 ἕνα

2103 5146 2539 5225 νοιανᾼτοιαύτης
2591 5144 2741 5214 αὑτῷ
2796 5148 3188 5218 ἐγχειρήσεως,
3244 5146 3366 5199 οὔτε
3399 5146 3478 5217 τῷ
3510 5149 3669 5216 ἁρχι-

2104 5237 2390 5304 επισκόπῳ
2470 5234 2664 5303 Θηϐῶν
2721 5238 2825 5289 ὑπὸ
2894 5239 2952 5292 σὲ
3026 5239 3285 5292 τελοῦσαν
3340 5236 3667 5306 Ἐκκλησίαι.

2103 5325 2500 5393 ἐπεστείλαμεν
2551 5328 2797 5397 ίερῶσαι,
2846 5328 2979 5385 ἀλλά
3038 5328 3378 5398 διδαχθέντες
3430 5327 3505 5390 ὡς
3558 5330 3669 5389 τοῖς

2105 5421 2522 5488 πατριαρχικοῖς
2555 5421 2895 5491 προνομίοις,
2918 5423 2973 5475 εί
2991 5422 3074 5485 τίς
3115 5422 3243 5474 ποτέ
3275 5423 3424 5472 ἐστιν
3462 5422 3670 5482 ἐκεῖνος

2104 5512 2131 5563 ὁ
2185 5511 2680 5581 ἐγκεκαινισμένας
2708 5514 2835 5573 ναὸς
2872 5513 3039 5577 τελεῖ,
3077 5513 3236 5567 τοῦτο
3270 5512 3668 5583 διωρισάμεθα,

2103 5603 2166 5656 οὑ
2198 5604 2293 5673 τὴν
2330 5604 2428 5674 σὴν
2468 5606 2670 5675 ἀρετὴν
2701 5606 2980 5676 ῥίπτοντες
3009 5606 3158 5675 παρά
3187 5605 3413 5673 φαῦλον,
3451 5606 3586 5659 ἀλλά
3609 5605 3668 5657 τὸ

2104 5698 2199 5766 τῆς
2237 5696 2358 5749 ὀδοῦ
2394 5698 2671 5768 διάστημα
2706 5700 2778 5769 μὴ
2818 5699 3078 5768 μαθόντες
3138 5700 3400 5771 ἀκριϐῶς,
3450 5697 3669 5758 λογισά-
