4038 6204
459 290 564 352 333

1902 285 2310 346 EPISTOLzE.

3602 287 3707 350 334

467 421 619 476 μενοι
650 401 733 455 ὅτι
764 400 963 472 μᾶλλον
1000 401 1194 471 ἐκείνῳ
1221 401 1254 471 ἢ
1288 399 1369 453 σοὶ
1396 399 1579 470 ρᾴδιος
1611 399 1702 450 καὶ
1727 399 2028 468 κουφοτέρα

2142 415 2261 455 rum
2297 398 2495 454 audisti
2519 406 2571 454 et
2601 407 2885 468 pr0pterea
2909 386 3005 452 tibi
3031 396 3371 467 abjieicndus
3402 410 3483 455 est
3515 401 3704 466 dolor;

456 499 488 568 ἡ
522 495 804 568 ὁδοιπορία
861 496 954 549 καὶ
984 495 1076 549 τοῦ
1102 493 1527 564 προστάγματος
1570 493 1604 561 ἡ
1657 492 2028 564 ἐκπλήρωσις.

453 587 630 641 Τοῦτο
688 587 788 656 μὲν
838 587 984 640 οὕτω
1031 586 1488 657 παρηκολούθησε
1517 599 1529 614 ³
1560 584 1656 636 καὶ
1710 584 1814 654 χρὴ
1871 601 1928 635 σε
1968 584 2029 636 τὸ

456 678 652 748 ἀληθὲς
685 677 1030 748 διδαχθέντα,
1079 678 1176 747 τὴν
1229 677 1408 745 λύπην
1445 673 1768 728 ἀποθέσθαι.
1813 675 1910 728 Διά
1937 674 2027 740 τί;

456 769 576 821 Ὀτι
615 771 705 822 καλ⁸
728 770 835 824 ἀπό
861 787 924 838 γε
960 769 1054 821 τοῦ
1097 767 1192 820 νῦν
1225 769 1286 820 ὲκ
1305 767 1404 836 τῆς
1452 766 1549 835 σῆς
1581 766 1846 836 ἐπαρχίας
1879 765 2025 819 ἐστὶν

2139 492 2348 562 quare?
2383 491 2508 561 quia
2546 491 2593 545 si
2625 491 2887 560 templum
2923 499 3302 545 consecratum
3332 507 3360 544 a
3389 501 3480 545 tuo
3511 495 3709 561 pendet

2138 584 2464 652 principatu,
2493 597 2638 636 nunc
2666 582 2888 636 omnino
2917 581 3018 636 sub
3051 591 3140 636 tua
3176 582 3278 635 erit
3307 581 3705 651 jurisdictione,

2136 681 2189 727 et
2217 672 2419 726 nullam
2449 672 2499 724 in
2526 687 2581 725 re
2605 669 2839 738 litigiosa
2870 670 3137 739 iacturam
3172 671 3361 736 facies,
3395 671 3492 725 etsi
3519 684 3709 729 contra

2128 765 2220 833 jus
2253 765 2519 832 evenerit.-

451 863 747 933 δίερωθεὶς
778 863 925 926 ναὸς,
969 863 1186 926 πάντως
1216 861 1322 914 ὑπὸ
1357 859 1440 913 σοὶ
1503 859 1826 924 διατελέσει,
1870 859 1962 912 καὶ
1989 857 2048 910 ού
2085 856 2411 927 ζημιωθὴσῃ
2435 855 2530 908 τοῦ
2599 857 2682 908 σοὶ
2731 856 3078 927 διαφέροντος
3149 857 3476 928 πράγματος
3515 859 3576 912 ἐκ
3615 857 3708 910 τοῦ

456 959 531 1030 μὴ
570 958 710 1012 κατά
735 957 890 1025 λόγον
922 957 1368 1028 προσγεγονότος.

878 1051 1021 1108 ΡΙΖ’.
1052 1053 1263 1107 Λέοντι
1299 1053 1583 1108 Συλαίου.

535 1145 655 1202 Ἀπ’
678 1145 854 1216 ἀρχῆς
891 1145 984 1197 τού
1014 1148 1345 1215 γράμματος
1367 1145 1463 1216 τὴν
1489 1143 1730 1198 διάθεσιν
1759 1142 1858 1211 τῆς
1888 1142 2028 1212 ἡμε-

453 1239 617 1308 τέρας
644 1237 824 1306 ψυχῆς
874 1236 1117 1306 φανεράν
1167 1253 1250 1290 σοι
1298 1236 1582 1299 ποιοῦντες
1609 1236 1916 1306 γράφομεν,
1946 1235 2028 1287 ὅτι

459 1330 597 1400 μετά
651 1329 888 1398 σφοδρᾶς
944 1329 1044 1396 τῆς
1077 1327 1255 1398 λύπης
1295 1327 1387 1380 ἐπὶ
1427 1327 1487 1380 τὸ
1536 1327 1770 1397 γράφειν
1803 1325 1939 1395 πρὸς
1971 1324 2030 1376 σὲ

454 1421 819 1490 κεκινήμεθα.
882 1417 1006 1482 Πῶς
1052 1419 1161 1489 γὰρ
1188 1420 1308 1490 οὐχὶ
1343 1418 1566 1490 βαρεῖαν
1620 1418 1721 1488 τὴν
1755 1415 2028 1486 ἀλγηδόνα

454 1510 734 1581 φέρομενς
798 1511 962 1562 ὁπότε
1019 1510 1304 1580 λογισμοῖς
1359 1509 1636 1579 ἀμείνοσι,
1697 1507 1788 1561 καὶ
1850 1506 2029 1559 πάντα

452 1600 828 1669 λογιζομένοις
883 1599 952 1653 δι’
1012 1595 1086 1654 ὧν
1124 1603 1258 1671 ἡμῖν
1292 1603 1444 1655 ἔσται
1501 1598 1823 1670 παραψυχὴ,
1867 1591 2026 1651 δι’ὧν

2465 1041 2675 1097 CXVII.
2706 1041 2869 1097 Leoni
2905 1042 3071 1114 δειίωί
3099 1045 3358 1114 episcopo.

2209 1136 2537 1190 Litterarum
2571 1144 2886 1188 nostrarum
2934 1134 3088 1189 initio
3135 1142 3338 1190 statum
3383 1137 3581 1192 anima:
3613 1155 3710 1193 no-

2137 1241 2262 1284 strae
2291 1228 2642 1282 manifestum
2699 1226 2795 1280 tibi
2839 1225 3101 1291 facimus;
3138 1242 3262 1280 nam
3309 1228 3374 1281 ad
3423 1228 3520 1283 tibi
3571 1230 3710 1285 scri-

2130 1315 2366 1374 bendum
2410 1333 2518 1372 non
2568 1317 2688 1373 sine
2735 1315 2973 1372 maximo
3022 1317 3208 1372 dolore
3236 1332 3535 1374 movemur.
3588 1319 3708 1386 Quo

2128 1414 2274 1466 enim
2311 1411 2474 1466 modo
2511 1425 2616 1464 non
2660 1409 3037 1466 acerbissimis
3069 1410 3384 1464 cruciemur
3414 1413 3711 1467 momnis?

2129 1500 2360 1569 Optima:
2390 1500 2619 1554 aderant
2649 1515 2828 1553 causre
2858 1509 2910 1553 et
2943 1499 3099 1553 nobis
3136 1500 3319 1554 omnia
3354 1501 3710 1555 consideran-

2131 1591 2276 1644 tibus
2318 1599 2482 1644 certae
2513 1590 2919 1645 consolationes
2939 1591 3328 1660 exsurgebant,
3356 1591 3481 1658 quia
3505 1591 3708 1661 gloriﬁ-

452 1657 845 1762 δοξασθήσεται
891 1690 989 1760 μὲν
1048 1657 1204 1756 Θεδς,
1258 1692 1413 1756 κλέος
1461 1692 1516 1744 δὲ
1557 1657 1890 1761 ἀείμνηστόν
1947 1708 2028 1743 σοι

2134 1683 2340 1737 candus
2371 1691 2487 1737 erat
2522 1681 2662 1736 Deus
2709 1689 2760 1736 et
2805 1681 3169 1748 sempiternus
3215 1681 3390 1736 honos
3421 1683 3512 1736 tibi
3551 1683 3709 1738 colli-

455 1783 901 1852 περιγενήσεται,
949 1782 1042 1834 καὶ
1076 1785 1186 1844 τοῖς
1219 1782 1322 1834 ὑπὸ
1357 1781 1455 1851 τὴν
1493 1783 1591 1850 σὴν
1622 1781 1884 1850 ἐφορείαν
1923 1781 2030 1833 τῶν

455 1873 797 1944 βαρυνόντων
822 1874 1008 1939 ἄνεσις
1034 1875 1130 1927 καὶ
1164 1872 1584 1942 παράκλησις,ἡ
1613 1873 1679 1941 σὴ
1697 1873 1787 1924 ἐπὶ
1816 1871 1908 1925 τὸν
1935 1873 2031 1941 ἀρ-

453 1963 768 2035 χιερατικὸν
785 1963 974 2032 θρόνον
991 1965 1090 2033 τῆς
1120 1961 1307 2016 αὐτόθι
1341 1963 1671 2033 Ἑκκλησίας
1696 1963 2033 2032 καταστήσε-

454 2071 544 2106 ται
575 2052 817 2122 προδολὴ
837 2067 852 2082 ο
879 2052 973 2105 νῦν
991 2052 1046 2104 δὲ
1078 2052 1186 2104 τῶν
1200 2049 1480 2121 λογισμῶν
1519 2051 1763 2112 ἐκείνων,
1798 2050 1899 2119 φεῦ
1933 2051 2034 2120 τῆς

454 2144 549 2198 τοῦ
593 2144 846 2212 δαίμονος
903 2143 1193 2214 ἐπηρείας,
1231 2142 1306 2206 ὡς
1346 2143 1396 2194 οἱ
1441 2141 1564 2195 καθ’
1607 2142 1843 2210 ἑκάστην
1900 2143 2032 2210 ἡμῖν

458 2238 779 2309 προσιόντες
815 2236 1247 2304 ἀπαγγέλλουσι,
1275 2236 1651 2304 κατανοοῦμεν
1680 2236 1907 2297 ἑαυτοὺς
1937 2236 2030 2288 ὲκ‹

456 2326 830 2386 πεπτωκότες.
861 2323 1022 2394 Ὁρᾷς
1045 2327 1103 2391 ἐξ
1137 2326 1252 2388 οἵας
1284 2325 1513 2394 συνοχῆς
1539 2326 1635 2393 τῆς
1665 2324 1823 2393 ἡμῶν
1853 2328 2031 2393 ψυχῆς

454 2417 517 2469 τὸ
547 2413 780 2488 γράμμα
813 2437 895 2473 σοι
933 2421 1228 2488 γράφεται.
1265 2415 1342 2468 Οὐ
1386 2415 1497 2486 γὰρ
1524 2415 1860 2468 διαλείπουσι
1905 2415 2029 2469 καθ’

455 2511 697 2580 ἑκάστην
726 2510 822 2562 νύν
857 2510 953 2579 μὲν
976 2508 1324 2579 μονάζοντες,
1357 2505 1453 2558 νῦν
1498 2506 1554 2558 δὲ
1581 2507 1676 2574 τῆς
1699 2507 1892 2579 λαῖκῆς
1935 2507 2032 2560 τά·

457 2596 614 2662 ξεως,
638 2598 736 2652 νῦν
774 2600 829 2651 δὲ
865 2599 956 2653 καὶ
985 2598 1079 2650 τοῦ
1112 2599 1342 2668 κλήρου,
1367 2599 1465 2660 τὰς
1505 2597 1793 2668 ὲγκλήσεις
1847 2598 2032 2650 ποιού-

461 2706 614 2757 μενοι
642 2690 784 2743 κατά
820 2689 936 2756 σοῦ,
963 2689 1038 2752 ὡς
1068 2689 1175 2742 τῶν
1197 2688 1414 2740 οἰκείων
1453 2687 1911 2758 ἀποδιωκόμενοι,
1937 2690 2030 2743 καὶ

453 2779 578 2831 ἀντὶ
608 2780 702 2832 τοῦ
736 2779 962 2850 ῥύεσθαι
995 2779 1146 2849 παρὰ
1165 2779 1263 2847 τῆς
1319 2777 1420 2848 σῆς
1484 2778 1897 2848 ἀρχιερωσύνης
1929 2779 2029 2831 αὐ-

453 2873 583 2934 τοὺς
645 2871 710 2924 ἐκ
756 2873 934 2941 χειρὸς
989 2870 1156 2940 ἄλλης
1192 2869 1588 2940 στερεωτέρας,
1634 2871 1734 2939 τῆς
1770 2871 1869 2939 σῆς
1914 2871 2031 2923 δεό-

461 2978 615 3030 μενοι
646 2961 797 3030 παρὰ
818 2961 928 3013 τῶν
954 2959 1273 3029 δυναμένων
1308 2958 1697 3012 ἀντιλαϐέσθαι
1737 2958 2024 3028 ῥωσθῆναι.

2135 1777 2389 1847 gendus;
2448 1775 2543 1846 qui
2614 1783 2773 1830 antea
2845 1776 3215 1844 gravabantur
3291 1775 3554 1844 dignitate
3617 1785 3708 1831 tua

2133 1869 2376 1938 erigendi
2428 1876 2584 1923 erant
2635 1875 2688 1922 et
2746 1866 3088 1932 sublevandi,
3141 1866 3283 1936 quod
3338 1866 3404 1919 ad
3453 1865 3711 1920 Ecclesiae

2133 1959 2517 2014 fulcimentum
2595 1959 2651 2012 in
2726 1957 3001 2028 pontificis
3072 1957 3330 2011 thronum
3395 1956 3708 2011 sublevatus

2134 2051 2352 2106 fuisses.
2417 2049 2603 2104 Eheu!
2648 2063 2757 2118 quo
2804 2048 2907 2104 illae
2942 2047 3193 2102 abierunt
3250 2048 3526 2102 rationes!
3563 2045 3708 2102 Infe-

2133 2152 2251 2197 stus
2282 2142 2402 2196 illas
2437 2140 2718 2196 devoravit
2762 2142 2995 2204 dmmon,
3043 2139 3119 2192 uti
3169 2139 3412 2209 quotidie
3447 2137 3707 2208 intelligi-

2133 2249 2256 2288 mus
2286 2232 2450 2288 exiis
2484 2231 2574 2302 qui
2633 2231 2698 2286 ad
2762 2246 2864 2286 nos
2917 2229 3239 2298 confugiunt
3284 2228 3518 2284 miseris.
3588 2226 3706 2281 Jam

2132 2325 2282 2378 vides
2328 2340 2433 2390 qua
2477 2323 2677 2376 mentis
2729 2321 3098 2376 commotione
3134 2321 3231 2374 has
3279 2320 3344 2372 ad
3396 2329 3448 2374 te
3500 2319 3708 2372 litteras

2133 2416 2446 2471 scribimus.
2501 2414 2753 2480 Quotidie
2793 2424 2844 2468 et
2890 2414 3010 2468 sine
3057 2413 3162 2467 line
3207 2414 3499 2468 adveniunt
3541 2412 3706 2466 modo

2134 2509 2408 2576 monachi,
2463 2508 2627 2563 modo
2663 2507 2807 2573 laici,
2859 2507 3022 2561 modo
3057 2507 3237 2560 clerici
3271 2515 3329 2559 ut
3357 2505 3604 2574 querelas
3641 2505 3708 2558 de

2136 2615 2185 2656 te
2215 2603 2486 2667 deferant,
2537 2618 2567 2656 a
2611 2617 2722 2672 quo
2764 2617 2794 2655 e
2845 2600 2960 2656 suis
2989 2616 3048 2655 se
3092 2600 3351 2668 expulsos
3402 2599 3622 2663 dicunt;
3653 2609 3708 2653 et

2135 2712 2261 2750 cum
2315 2696 2394 2749 tui
2468 2705 2630 2760 esset,
2680 2695 2975 2764 pontificis,
3030 2694 3149 2748 illos
3201 2708 3232 2747 a
3285 2707 3448 2746 manu
3499 2691 3706 2762 potenti

2133 2788 2381 2850 liberare,
2416 2801 2576 2856 opera
2609 2794 2699 2839 tua
2733 2789 3124 2851 destituuntur,
3155 2797 3210 2839 et
3235 2783 3301 2838 ad
3333 2792 3582 2854 potentes
3607 2797 3709 2853 po-

2137 2879 2244 2932 tius
2275 2877 2598 2947 confugiunt
2633 2889 2690 2934 ut
2716 2877 3036 2932 liberentur.

541 3052 645 3105 Ἐὦ
678 3022 745 3106 “si.
781 3051 948 3104 λοιπά
969 3068 983 3083 ·
1017 3022 1153 3104 ἀλλὰ
1174 3051 1268 3102 νῦν
1297 3051 1324 3103 ὁ
1354 3050 1447 3103 τοῦ
1479 3022 2026 3120 βήματος-καθηγού-

2204 3051 2408 3106 Caetera
2457 3051 2670 3107 omitto.
2719 3052 2886 3106 Adest
2933 3051 3077 3106 enim
3137 3051 3452 3106 monasterii
3509 3067 3706 3119 prmses

461 3161 621 3212 μενος
647 3144 744 3211 τῆς
778 3143 948 3212 μονῆς
988 3142 1191 3210 ἐπέστη
1223 3139 1435 3211 πλήρης
1482 3139 1762 3211 δακρύων»
1813 3140 2028 3209 πλήρης

456 3233 697 3302 ἀθυμίας
731 3234 826 3288 καὶ
863 3233 1202 3303 συγχύσεως.
1244 3233 1350 3284 Καὶ
1377 3231 1438 3283 τὸ
1472 3232 1645 3284 αἴτιον
1689 3231 1770 3284 ὅτι
1812 3230 1906 3283 σὺν
1933 3231 2024 3282 αύ-

407 3386 413 3391 _
454 3328 572 3388 τοῖς
601 3325 898 3394 μονάζουσι
929 3325 1082 3398 παρὰ
1113 3326 1211 3394 τῆς
1244 3324 1398 3395 ὑμῶν
1432 3322 1800 3376 ἀπελαύνεται
1831 3339 2029 3394 προαι-

459 3419 684 3489 ρέσεως,
707 3420 808 3471 ούκ
839 3415 956 3471 οἶδα
1011 3418 1182 3470 πόθεν
1206 3418 1299 3470 ἐπὶ
1348 3417 1507 3470 τοῦτο
1559 3417 1875 3486 κινηθέντος
1913 3433 2028 3480 σου,

457 3512 492 3583 ἢ
527 3514 578 3566 τί
600 3513 808 3567 δίκαιον
838 3514 1240 3584 προϊσχομένου
1266 3515 1365 3582 τῆς
1403 3511 1674 3584 τοσαύτης
1701 3512 1882 3584 βιαίας
1911 3515 2032 3564 ὲπι-

458 3604 684 3668 θέσεως.
736 3605 932 3659 Καίτοι
989 3607 1039 3658 εί
1084 3606 1190 3659 καὶ
1229 3597 1335 3668 πᾶς
1399 3605 1608 3666 δίκαιος
1653 3604 1809 3672 λόγος
1848 3604 2028 3675 παρῆν

457 3697 1008 3766 συναγωνιζόμενος,
1065 3697 1222 3749 τοῦτο
1291 3697 1454 3766 μόνον
1527 3695 1716 3749 ἱκανὸν
1765 3695 1904 3758 τέως
1961 3691 2028 3764 ἦν

454 3794 699 3864 ἐπισχεῖν
739 3794 800 3845 τὸ
825 3793 998 3844 τελεῖν
1033 3791 1137 3844 ὑπὸ
1168 3791 1266 3862 τὴν
1298 3789 1705 3860 πατριαρχικὴν
1753 3787 2025 3854 ἐξουσίαν,

455 3888 538 3948 είς
562 3887 623 3937 τὸ
673 3885 839 3954 μηδὲν
869 3883 1115 3938 τοιοῦτον
1152 3884 1227 3953 μὴ
1277 3884 1360 3936 ὅτι
1406 3871 1866 3952 πράττειν,’ἀλλᾶ
1904 3881 2028 3950 μηδ’

456 3979 538 4040 είς
567 3976 821 4046 ἐνθύμιον
845 3979 1058 4046 φέρειν,
1091 3975 1194 4038 ἕως
1226 3975 1295 4029 ἂν
1321 3975 1456 4044 πρὸς
1486 3973 1554 4026 τὰ
1586 3972 1817 4046 ἐνταῦθα
1845 3990 2025 4043 παρα‹

456 4042 753 4138 γενομένου
782 4042 898 4132 σου,
923 4042 1032 4121 ⁷καὶ
1073 4067 1169 4136 τῆς
1202 4042 1516 4127 ὑποθέσεως
1551 4042 2028 4135 προϐεϐλημένης,

456 4163 518 4216 τὸ
573 4162 690 4216 δέον
739 4160 1062 4232 πραχθῆναι
1115 4160 1428 4228 διέγνωστο.
1469 4157 1582 4228 Μὴ,
1616 4157 1805 4209 τέκνον
1849 4157 2026 4226 ἡμῶν,

457 4254 509 4303 εἰ
538 4269 588 4304 τι
643 4269 724 4304 σοι
771 4252 924 4321 μέλει
978 4251 1109 4320 περὶ
1137 4251 1238 4320 τῆς·
1291 4251 1431 4319 ἐμῆς
1465 4248 1804 4303 πολυωδύνου
1841 4248 1983 4317 ζωῆς
2011 4262 2024 4274 ·

460 4347 536 4415 μὴ
599 4344 742 4398 οὕτω
798 4343 1098 4397 καθίστασο
1139 4344 1250 4404 τοῖς
1306 4340 1412 4394 ὑπὸ
1463 4340 1562 4411 τὴν
1618 4339 1717 4410 σὴν
1758 4338 2029 4410 ἐπαρχίαν

460 4439 654 4510 βαρὺς,
689 4436 824 4505 μηδὲ
858 4437 1164 4502 ἀγαπῶμεν
1188 4434 1286 4496 τὰς
1323 4433 1540 4487 πάντων
1577 4431 1828 4500 γλώσσας
1858 4433 2027 4484 κινεῖν

460 4531 580 4582 καθ’
605 4529 784 4599 ἡμῶν,
824 4527 958 4598 μηδὲ
1011 4527 1133 4592 ἀντὶ
1183 4526 1277 4577 τοῦ
1309 4525 1445 4597 πρὸς
1487 4525 1838 4594 εὐχαριστίαν
1893 4520 2029 4574 Θεοῦ

460 4621 546 4688 ἐφ’
578 4614 659 4683 οἷς
691 4620 786 4688 τῆς
842 4619 950 4671 ἀπὸ
1000 4617 1094 4670 σοῦ
1127 4617 1494 4671 ἀπολαύουσιν
1543 4617 1833 4685 ὠφελείας,
1864 4615 2032 4668 διανί-

462 4711 688 4764 στασθαι
720 4712 845 4774 τοὺς
869 4709 1188 4780 ἀνθρώπους
1216 4710 1350 4782 πρὸς
1379 4709 1646 4778 λοιδορίας
1675 4708 1873 4771 αὐτοὺς
1896 4709 2030 4761 ἀνα·

459 4804 723 4872 κινῶμεν,
795 4802 890 4854 καὶ
932 4802 1030 4863 τὰς
1079 4799 1221 4852 κατὰ
1260 4800 1356 4868 τῆς
1388 4801 1527 4869 ἐμῆς
1575 4799 1818 4868 κεφαλῆς
1868 4797 2030 4868 ἀράς.

460 4889 617 4964 ῼῖδας
650 4895 759 4963 γὰρ
782 4893 862 4947 ὅτι
891 4892 964 4954 ὡς
993 4893 1084 4944 ἐπὶ
1120 4891 1253 4944 πολὺ
1287 4891 1335 4942 οἱ
1371 4892 1554 4953 κακῶς
1587 4890 1884 4959 πάσχοντες
1911 4887 2022 4940 τῶν

458 4988 776 5058 ἀρχομένων
824 4987 966 5056 μετά
1004 4986 1064 5038 τὸ
1115 4985 1424 5038 διαϐάλλειν
1461 4986 1587 5047 τοὺς
1633 4983 1819 5046 κακῶς
1864 4982 2033 5036 διατι-

459 5079 654 5142 θέντας
701 5080 923 5144 αὐτοὺς,
989 5078 1086 5132 καὶ
1133 5078 1230 5141 τὰς
1279 5077 1419 5149 ἀρὰς
1472 5076 1901 5148 ἀπορρίπτουσιν
1952 5076 2031 5135 είς

454 5172 554 5234 τὰς
583 5171 690 5223 τῶν
716 5169 904 5224 αἰτίων
962 5170 1266 5240 γινομένων
1310 5167 1572 5238 κεφαλάς.
1610 5168 1808 5238 Ὅπερ,
1845 5167 2035 5219 τέκνον

2133 3145 2404 3214 laerymas
2455 3142 2710 3208 fundens,
2749 3143 2951 3197 fractus
2986 3144 3168 3198 animo
3199 3154 3251 3198 et
3282 3145 3483 3200 rubore
3519 3144 3707 3198 suﬂ‘u-

2132 3253 2249 3291 sus.
2275 3237 2450 3290 Causa
2485 3246 2565 3289 est
2597 3234 2740 3304 quod
2775 3244 2822 3289 te
2852 3235 3076 3304 jubente
3110 3235 3225 3304 ipse
3270 3252 3390 3290 cum
3423 3237 3706 3291 monachis

2131 3329 2244 3383 suis
2293 3327 2364 3382 sit
2405 3326 2685 3396 expulsus.
2751 3325 2902 3379 Unde
2951 3326 3016 3379 ad
3062 3326 3166 3379 hoc
3219 3328 3490 3380 excitatus
3537 3327 3704 3380 fueris

2132 3419 2336 3483 nescio,
2371 3434 2470 3472 nec
2505 3433 2626 3484 quae
2665 3416 2799 3486 justi
2847 3416 3055 3485 species
3096 3416 3161 3468 ad
3194 3415 3339 3468 istud
3396 3424 3444 3469 te
3493 3414 3706 3469 facinus

2132 3511 2381 3566 moverit.
2429 3510 2685 3563 Attamen
2717 3509 2761 3563 si
2802 3507 2952 3577 justa
2984 3509 3231 3578 quaedam
3266 3507 3535 3562 adfuisset
3567 3507 3703 3562 faci-

2130 3605 2282 3659 noris
2327 3603 2678 3673 perpctrandi
2729 3601 2892 3664 ratio,
2944 3600 3140 3655 deferri
3196 3600 3475 3655 debuisset
3509 3599 3573 3653 ad
3609 3598 3706 3667 pa-

2132 3697 2476 3751 triarchalem
2503 3702 2846 3764 potestatem,
2879 3693 3192 3762 priusquam
3227 3700 3444 3761 peracta
3477 3690 3701 3752 fuisset;
3749 3744 3751 3746 .

2132 3806 2236 3843 non
2268 3789 2335 3842 ab
2362 3789 2501 3841 irato
2537 3786 2636 3840 tibi
2669 3801 2758 3840 res
2791 3785 3087 3840 tractanda:
3135 3792 3309 3848 erant,
3341 3782 3434 3836 sed
3468 3783 3533 3835 ad
3567 3783 3705 3837 hanc

2130 3881 2313 3933 sedem
2363 3877 2640 3947 profectus
2677 3876 2945 3945 subjicere
2968 3877 3115 3929 litem
3159 3875 3422 3938 debebas,
3456 3883 3514 3927 ut
3543 3875 3705 3942 quid-

2129 3971 2260 4042 quid
2314 3970 2682 4040 peragendum
2756 3977 2898 4022 esset
2952 3966 3371 4021 deliberaretur.
3431 3966 3487 4020 Si
3540 3968 3704 4021 vitam

2131 4076 2330 4126 meam,
2384 4061 2483 4123 liii,
2537 4073 2774 4113 moerere
2815 4057 2928 4128 jam
2983 4058 3288 4112 confectam
3349 4073 3531 4124 curas,
3590 4061 3704 4111 noli

2131 4163 2280 4209 tanta
2337 4153 2538 4208 duritia
2587 4152 2787 4207 habere
2821 4166 2942 4216 eos,
2997 4152 3091 4220 qui
3143 4152 3246 4206 sub
3300 4160 3568 4220 potestate
3614 4161 3705 4206 tua

2131 4245 2411 4301 constituti
2438 4252 2608 4310 sunt;
2657 4259 2790 4298 cave
2837 4243 3083 4298 omnium
3118 4243 3334 4311 linguas
3387 4253 3573 4298 contra
3603 4261 3706 4298 nos

2132 4353 2516 4403 commovere;
2563 4337 2665 4391 hoc
2703 4339 2847 4391 enim
2889 4337 3050 4390 modo
3085 4337 3120 4390 ii
3156 4337 3273 4405 qui,
3318 4337 3701 4392 beneficiorum

2135 4444 2351 4488 tuorum
2398 4445 2685 4492 memores,
2736 4428 2845 4483 Deo
2893 4427 3099 4498 gratias
3177 4429 3434 4498 egissent,
3469 4430 3534 4481 ad
3563 4431 3707 4500 inju-

2132 4528 2243 4580 rias
2280 4523 2528 4579 conversi
2561 4529 2724 4592 caput
2757 4536 2937 4574 meum
2974 4519 3091 4574 dira
3118 4529 3522 4590 prosequuntur
3553 4536 3708 4576 exse-

2131 4617 2393 4672 cratione.
2451 4613 2555 4681 Qui
2612 4624 2758 4668 sorte
2812 4629 2912 4692 sua
2970 4629 3077 4668 non
3133 4623 3262 4668 sunt
3309 4614 3575 4678 contenti,
3627 4617 3706 4668 uti

2134 4709 2298 4770 nosti,
2332 4722 2495 4777 quam
2551 4704 2849 4775 saepissime
2891 4720 3019 4759 suos
3067 4705 3404 4760 insectantur
3449 4707 3708 4777 praeposi-

2134 4811 2216 4855 tos
2248 4800 2401 4870 quasi
2433 4799 2626 4853 exinde
2660 4799 2860 4851 malum
2892 4797 3175 4861 haberent,
3207 4812 3504 4868 eorumque
3530 4800 3708 4866 capita

2132 4892 2268 4946 diris
2292 4889 2686 4954 devoventzid,
2721 4888 2914 4943 dilecte
2942 4889 3039 4952 ﬁli,
3081 4904 3177 4957 pro
3216 4890 3416 4943 viribus
3446 4890 3707 4953 vitemus,

2132 4985 2394 5054 Apostolo
2441 4983 2688 5052 jubente,
2740 4989 2798 5034 ut
2850 4982 2969 5034 sine
3021 4980 3322 5035 offensione
3368 4981 3541 5035 simus
3596 4996 3705 5032 nou

2133 5080 2309 5134 solum
2346 5092 2472 5150 erga
2511 5077 2720 5142 ﬁdeles,
2753 5075 2845 5130 sed
2877 5076 3040 5130 etiam
3088 5091 3212 5145 erga
3248 5074 3464 5130 Judzeos
3494 5084 3546 5128 et
3571 5089 3706 5144 gen-

2125 5167 2259 5221 .tiles
2272 5167 2314 5222 ³.

456 5260 616 5329 ἡμῶν
649 5256 1642 5331 ἱερδν,πὰσῃδυνάμειφυλαξώμεθα,
1676 5257 1909 5327 μάλιστα
1969 5257 2064 5310 τοῦ
2118 5255 2444 5310 Ἀποςτόλου
2497 5256 2747 5324 λέγοντος
2796 5257 3180 5327 ἀπροσκόπους
3233 5252 3372 5309 εἶναι
3448 5257 3507 5308 ού
3545 5254 3707 5324 μόνον

454 5353 754 5423 όμοδόξοις,
787 5353 922 5406 ἀλλά
955 5357 1048 5408 καὶ
1097 5356 1378 5417 Ἰουδαίοις
1403 5353 1809 5422 καὶ-Ἕλλησιν.

528 5445 640 5497 Οὐκ
671 5445 971 5517 ἀγνοοῦμεν
1000 5447 1115 5514 οὖν,
1143 5449 1224 5501 ὅτι
1243 5449 1338 5501 καὶ
1366 5451 1431 5519 τῇ
1457 5451 1522 5518 σῇ
1550 5448 1762 5501 συνέσει
1791 5445 2032 5498 πλεῖστοι

457 5537 796 5592 ἐπιτίθενται
830 5541 1176 5612 παραλόγως,
1233 5543 1326 5596 καὶ
1368 5542 1797 5614 πονηρευόμενοι
1845 5538 2028 5608 ἀγῶνα

531 5699 552 5730 ⁸
587 5697 605 5754 ἱ
640 5700 766 5756 Cor.
802 5718 854 5765 ι,
891 5699 981 5754 53.

2211 5440 2327 5496 Non
2379 5456 2465 5496 me
2513 5440 2646 5512 fugit
2697 5440 2960 5509 plurimos
3003 5438 3098 5491 tibi
3130 5437 3269 5491 male
3300 5437 3436 5493 velle
3467 5446 3521 5493 et
3554 5439 3710 5494 mali-

2139 5534 2332 5590 tiosam
2370 5547 2585 5589 movere
2616 5547 2874 5602 pugnam,
2919 5540 2976 5583 ut
3019 5529 3261 5584 Ecclesia
3295 5538 3382 5586 tua
3415 5532 3710 5589 detrimen-
