4038 6204
367 240 477 302 335

1498 229 1805 290 NICOLAI
1848 229 1958 288 (ΖΡ.
2002 224 2199 284 PATR
2215 224 2230 281 l
2244 222 2518 281 ARCILE

3503 216 3611 281 336

365 357 479 399 tum
524 342 721 413 capiat.
760 343 964 395 Horum
1013 354 1274 396 numerus
1318 338 1506 409 utique
1540 352 1791 407 magnus.
1826 334 1932 387 Ha-

2065 331 2324 384 ποιοῦνται
2365 329 2460 381 τοῦ
2521 326 2618 398 τὴν
2670 326 2768 397 σὴν
2805 324 3131 394 Ἐκκλησίαν
3175 324 3347 396 ζημίᾳ
3383 327 3612 395 περιϐα-

374 434 537 489 hendi
601 434 909 502 cupidinem
989 433 1189 501 ubique
1247 440 1561 501 regnantem
1628 427 1939 496 conspicio;

366 525 507 581 inter
565 523 801 593 majores
862 532 916 577 rt
977 524 1217 576 minores
1252 519 1485 585 {diliicile
1536 519 1799 586 reperias,
1850 517 1944 585 qui

364 616 525 672 istam
580 617 830 670 relraanet
877 613 1205 683 cupidinem.
1257 610 1662 671 Verumtamen.
1725 610 1770 664 si
1815 610 1944 678 quid

365 707 671 762 istiusmodi
705 704 968 765 evenerit,
1026 714 1080 757 tu
1122 718 1265 767 eam,
1316 717 1439 771 quat
1484 701 1750 755 sacerdoti
1797 714 1947 752 sum-

367 812 457 851 mo
516 797 813 856 convenit,
863 794 1275 863 intelligentiam
1334 803 1388 846 et
1438 791 1781 861 prudentiam
1850 789 1948 843 ad-

372 888 582 946 hibeas.
617 901 683 939 ne
713 886 849 939 forte
880 886 1203 953 injustitiam
1241 884 1578 945 committas,
1616 882 1815 951 autjus
1851 881 1945 934 tibi

372 994 477 1033 non
507 978 748 1031 debitum
787 976 884 1031 tibi
922 975 1166 1029 vindices
1199 984 1250 1028 et
1285 974 1558 1044 legitimos
1602 973 1945 1042 possidentes

371 1071 594 1139 spolies.
644 1065 755 1122 lmo
791 1083 884 1137 per
922 1066 1155 1135 teipsum
1208 1066 1291 1119 vel
1344 1079 1441 1134 per
1495 1066 1660 1118 alium
1714 1064 1944 1134 probum

370 1160 575 1215 astabis
642 1158 894 1228 legitimis
938 1158 1179 1212 locorum
1227 1156 1527 1225 judicibus,
1557 1164 1610 1208 et
1639 1154 1855 1208 curabis
1890 1162 1950 1208 ut

372 1252 611 1305 damnati
651 1250 905 1304 obediant
939 1248 1225 1302 sententiae
1262 1246 1394 1314 justi
1440 1243 1655 1313 judicii.
1695 1243 1771 1297 Ita
1803 1245 1861 1297 lit
1890 1251 1948 1297 ut

376 1341 575 1410 injuste
625 1340 1119 1410 possidentes,suo
1171 1337 1346 1391 orbati
1400 1335 1631 1398 foenore,
1683 1336 1949 1389 adversus

378 1440 430 1482 te
466 1430 664 1482 latrare
704 1443 810 1480 non
846 1428 1080 1496 possint,
1115 1436 1169 1480 et
1204 1441 1384 1490 nemo,
1427 1442 1545 1495 quae
1587 1425 1798 1495 justitia
1833 1427 1951 1477 lue-

378 1523 486 1575 rint
517 1521 758 1585 decreta,
794 1520 894 1573 tibi
946 1520 1122 1588 palam
1158 1520 1291 1573 vitio
1320 1526 1513 1573 vertat.
1550 1516 1676 1571 Hmc
1716 1517 1951 1587 jampri-

377 1613 496 1664 dem
520 1611 615 1663 tibi
637 1610 1008 1664 commendata
1047 1624 1168 1662 cum
1209 1608 1687 1661 vehementissimo
1712 1607 1950 1661 rescribo

2046 423 2177 476 λεῖν.
2223 419 2555 488 Ἐπίσταμαι
2594 417 2669 479 ὡς
2718 416 2900 469 πολλοὶ
2928 417 3198 469 τοιοῦτοι·
3250 418 3343 471 καὶ⁸
3388 417 3497 488 γὰρ
3528 419 3617 473 διά

2048 514 2266 566 πάντων
2321 509 2432 580 ὁρῶ
2466 507 2777 579 κεχυμένην
2831 508 2930 577 τὴν
2957 510 3109 560 νόσον
3148 507 3247 578 τῆς
3280 508 3617 573 πλεονεξίας,

2048 605 2142 656 καὶ
2180 603 2406 654 σπάνιόν
2452 601 2601 653 ἐστιν
2639 600 2822 669 εὑρεῖν
2856 599 2950 650 καὶ
2981 600 3038 651 ἐν
3069 598 3278 668 μείζοσι
3305 598 3619 670 προσώποις

2048 696 2143 749 καὶ
2194 698 2252 747 ἐν
2311 693 2557 747 ἐλάττοσι
2614 691 2708 744 τὸν
2738 690 2812 760 μὴ
2858 691 3273 760 κεκρατημένον
3306 692 3385 759 τῷ
3432 692 3615 745 πάθει.

2050 788 2215 857 ῐΙλὴν,
2248 786 2434 838 τέκνον
2459 783 2638 854 ἡμῶν,
2691 781 2912 835 ἐπειδάν
2955 797 3008 833 τι
3051 781 3297 834 τοιοῦτον
3341 782 3619 853 ἀνακύψῃ,

2046 881 2112 946 τῇ
2144 875 2500 947 προσηκούσῃ
2548 875 2760 928 συνέσει
2804 873 2899 927 καὶ
2942 873 3200 943 εύλασείᾳ
3234 875 3299 943 τῇ
3334 876 3399 944 σῇ
3431 875 3618 944 ἀρχιει

2051 970 2264 1039 ρωσύνῃ
2298 967 2606 1038 προσφέρου
2629 969 2742 1030 τοῖς
2770 966 3188 1034 διατιθεμένοις,
3212 971 3308 1021 καὶ
3343 968 3418 1035 μὴ
3458 978 3616 1019 σεαυ-

2047 1062 2139 1115 τὸν
2168 1061 2425 1124 ἐκδικεῖν,
2451 1058 2587 1129 μηδέ
2616 1059 2692 1122 ὡς
2722 1058 2782 1123 ἐξ
2809 1059 3109 1128 αὐτονόμου
3137 1058 3388 1123 ἐξουσίας
3408 1058 3617 1129 σεαυτῷ

2048 1171 2099 1206 τι
2135 1153 2567 1223 περιποιεῖσθαι,
2616 1154 2709 1205 καὶ
2751 1152 3077 1222 ἀποστερεῖν
3113 1152 3241 1214 τοὺς
3290 1151 3619 1220 κατέχοντας

2048 1244 2108 1295 τὸ
2136 1242 2471 1312 ζητούμενον
2490 1257 2505 1273 ⁸
2532 1242 2650 1296 ἀλλ’
2678 1244 2787 1296 εἴτε
2844 1242 2933 1295 διὰ
2970 1242 3226 1307 σεαυτοῦ,
3268 1243 3377 1295 εῖτε
3408 1241 3476 1294 δι’
3507 1240 3623 1293 ἐτέ-

2055 1352 2146 1404 ρου
2174 1334 2280 1387 τῶν
2312 1334 2638 1404 ἐπιτηδείων
2670 1334 2956 1405 προσιέναι
2983 1336 3097 1396 τοῖς
3118 1336 3257 1387 κατά
3283 1335 3445 1387 τόπον
3470 1335 3622 1388 δικά-

2052 1426 2167 1489 ζειν
2203 1424 2451 1495 λαχοῦσι,
2485 1426 2580 1478 καὶ
2606 1424 2680 1495 τῷ
2718 1426 3077 1496 ψηφιζομένῳ
3104 1426 3255 1497 παρά
3285 1427 3381 1497 τῆς
3406 1427 3619 1489 δικαίας

2052 1518 2286 1588 κρίσεως
2310 1517 2608 1587 ἀγαπητῶς
2630 1519 2913 1587 ἐμμένειν,
2944 1519 3031 1571 ἵνα
3076 1518 3167 1570 τοῦ
3201 1519 3293 1571 καὶ
3325 1520 3373 1570 οἱ
3400 1518 3617 1570 πλεονε-

2052 1608 2257 1671 κτικῶς
2280 1626 2330 1661 τι
2386 1610 2709 1678 κατέχοντες
2744 1609 3139 1679 ἀφαιρούμενοι
3169 1610 3261 1662 τοῦ
3292 1609 3621 1679 πλεονεκτή-

385 1702 604 1767 dolore;
666 1702 811 1770 quod
866 1703 911 1754 si
970 1700 1036 1753 de
1063 1700 1274 1753 dolente
1295 1709 1385 1752 tuo
1435 1699 1563 1765 quid
1588 1712 1745 1752 curas
1777 1705 1950 1767 patre,

2065 1717 2224 1769 ματος
2285 1700 2360 1770 μὴ
2422 1699 2595 1769 ἔχοιεν
2636 1699 2780 1752 κατὰ
2830 1700 2925 1752 σοῦ
2971 1700 3283 1768 γογγύξειν,
3331 1702 3424 1752 καὶ
3455 1700 3537 1751 σο)⁸
3562 1699 3623 1749 τὸ

381 1807 490 1845 non
524 1799 712 1859 postea
738 1791 791 1842 in
830 1789 1023 1842 duram
1057 1804 1155 1841 nos
1180 1788 1638 1842 necessitudinem
1689 1786 1814 1839 talia
1860 1786 1960 1840 tibi

2065 1791 2473 1860 περιγινόμενον
2540 1791 2691 1861 παρά
2764 1791 2865 1862 τῆς
2937 1792 3285 1862 δικαιοσύνης
3353 1791 3624 1861 μηδεμίαν

379 1879 659 1935 scribendi
694 1877 977 1947 conjicias.
1014 1876 1091 1929 Te
1140 1878 1405 1931 valentem
1450 1886 1505 1931 et
1551 1876 1653 1931 sibi
1696 1877 1746 1929 in
1781 1877 1963 1931 omni-

2065 1879 2297 1951 ἐπιφέρῃ
2326 1880 2554 1950 μέμψιν,
2585 1881 2707 1951 μηδ’
2748 1882 2851 1935 ύπό
2876 1900 3020 1945 τινος
3053 1883 3407 1954 καταδόησιν.
3443 1880 3629 1934 Ταῦτά

390 1976 490 2024 bus
541 1970 929 2038 obscquiosum
989 1969 1263 2022 custodiat
1318 1969 1600 2022 Dominus.
1673 1967 1959 2023 Humilita-

2065 1983 2166 2039 σοι,
2202 1974 2296 2027 καὶ
2330 1973 2493 2027 πάλιν
2525 1976 2690 2045 φημὶ,
2743 1976 2863 2028 λίαν
2909 1978 3230 2048 ἐγράψαμεν
3258 1974 3586 2046 ὀδυνώμενοι
3609 1990 3625 2006 ⁸

382 2061 451 2112 tis
482 2067 663 2113 autem
701 2069 897 2113 nostra:
927 2074 1203 2127 nunquam
1262 2075 1366 2114 non
1420 2060 1472 2114 in
1533 2061 1785 2131 precibus
1850 2061 1961 2116 tuis

2065 2065 2153 2117 καὶ
2179 2066 2295 2117 εῐτι
2331 2068 2459 2136 περὶ
2490 2067 2693 2138 πατρὸς
2723 2068 3058 2139 ὀδυνωμένου
3077 2066 3401 2139 φροντίζεις,
3432 2064 3629 2136 μηκέτι

385 2163 591 2204 memor
620 2164 759 2205 €510.

2064 2156 2201 2228 πρὸς
2232 2157 2478 2227 ἀνάγκην
2524 2159 2671 2227 ἡμᾶς
2733 2159 3085 2231 καταστήσῃς
3123 2157 3352 2213 τοιαῦτά
3378 2174 3460 2210 σοι
3498 2155 3629 2225 γρά⁶

380 2259 523 2309 φειν.
558 2243 906 2315 Ἐῤῥωμένον
934 2261 991 2297 σε
1043 2247 1069 2298 ό
1101 2244 1305 2314 Κύριος
1343 2244 1662 2314 διαφυλάξαι
1685 2245 1743 2297 ἐν
1782 2246 1948 2298 πᾶσιν
1983 2246 2294 2319 εὐαρέστως
2362 2246 2512 2318 αὐτῷ
2540 2246 2871 2313 διαδιοῦντα,
2904 2249 2999 2303 καὶ
3039 2248 3141 2319 τῆς
3177 2247 3338 2318 ἡμῶν
3405 2245 3629 2317 μετριό-

378 2352 539 2405 τητος
570 2338 1039 2408 ὑπερευχόμενον.

564 2429 794 2491 CXVIII.
834 2457 904 2471 —-
931 2431 1088 2485 Petro
1121 2432 1329 2485 Alaniw
1386 2432 1796 2501 archiepiscopo.

454 2522 681 2578 Vinculo
741 2523 968 2593 spiritus
1019 2523 1344 2593 conjunctos
1382 2523 1451 2577 ab
1498 2524 1733 2579 invicem
1768 2536 1967 2592 corpo-

2221 2430 2373 2483 PIH'.
2423 2428 2622 2501 Πέτρῳ
2674 2430 3129 2498 ἁρχιεπισκόπῳ
3170 2430 3462 2499 Ἀλανίας.

2131 2521 2244 2574 Οὐκ
2265 2516 2375 2573 οἶδε
2423 2522 2549 2584 τοὺς
2579 2523 2968 2591 πνευματικῶς
3003 2524 3314 2593 ἡνωμένους
3343 2527 3630 2598 σωματικὴ

390 2615 525 2670 ralis
554 2630 663 2669 non
706 2625 926 2685 separat
978 2616 1275 2680 distantia;
1317 2624 1371 2670 et
1417 2616 1463 2670 si
1509 2616 1640 2685 quid
1707 2614 1963 2684 paradoxi

2065 2611 2365 2675 ἀπόστασις
2416 2610 2661 2682 ἀλλήλων
2713 2613 3084 2684 διαχωρίζειν,
3124 2614 3263 2680 ἀλλ’,
3319 2617 3367 2668 εί
3423 2618 3527 2687 χρή
3579 2635 3632 2670 τι

384 2708 676 2762 dicendum
726 2706 894 2771 foret,
922 2706 1245 2761 adderemus
1273 2721 1562 2775 corporum
1609 2706 1963 2775 disiunctione

2065 2706 2157 2757 καὶ
2201 2703 2508 2773 παράδοξον
2566 2704 2733 2773 ἐρεῖν,
2792 2707 2825 2774 ὴ
2879 2705 2989 2757 τῶν
3039 2706 3306 2775 σωμάτων
3357 2706 3633 2772 διάζευξις

383 2798 641 2866 majorem
695 2795 809 2850 ﬁeri
854 2795 1139 2864 spirituum
1198 2794 1484 2858 unionem,
1514 2808 1635 2845 cum
1692 2808 1851 2847 omne
1900 2806 1963 2846 eo

2066 2797 2226 2851 πλέον
2254 2798 2350 2867 τὴν
2374 2798 2569 2851 ἐνωσιν
2597 2797 2989 2866 ἀπεργάζεται,
3016 2797 3162 2867 ὅλης,
3202 2798 3277 2860 ὡς
3309 2798 3501 2865 εἰπεῖν,
3530 2798 3633 2867 τῆς

385 2887 570 2941 tendat
613 2886 852 2940 studium
884 2926 900 2950 ,
949 2895 1008 2938 ut
1037 2884 1342 2937 arctissime
1389 2883 1603 2949 copulet
1652 2885 1867 2937 animos
1915 2897 1963 2949 ιιι

2067 2891 2308 2958 σχέσεως
2370 2892 2451 2954 εἰς
2505 2890 2604 2959 τὴν
2654 2890 2763 2943 τῶν
2809 2890 2996 2959 ψυχῶν
3040 2889 3333 2958 συνάφειαν
3376 2886 3632 2960 καθαρῶς

386 2990 674 3044 corporum
733 2975 1015 3027 unitorum
1070 2988 1217 3027 more
1263 2973 1503 3041 separari
1534 2988 1639 3025 non
1668 2972 1959 3041 permittat.

2070 2978 2517 3049 περιισταμένης,
2574 2981 2666 3033 καὶ
2722 2978 2797 3050 μὴ
2845 2978 3132 3049 ἐθελούσης
3181 2979 3520 3050 μερίζεσθαι,
3551 2976 3634 3043 οἷς

388 3067 540 3132 Quod
592 3069 753 3137 igitur
815 3066 1136 3134 corporibus
1197 3064 1482 3130 distemus,
1547 3064 1788 3117 animum
1853 3064 1963 3117 noli

388 3160 619 3228 dejicere
642 3196 656 3220 ,
693 3158 801 3211 imo
835 3166 1010 3212 tecum
1058 3167 1276 3227 reputes
1325 3158 1470 3227 quod
1502 3166 1659 3211 antea
1690 3155 1829 3223 dixi,
1868 3170 1967 3210 nos

388 3251 580 3318 spiritu
610 3250 779 3318 magis
807 3264 929 3303 esse
959 3250 1307 3318 conjunctos;
1357 3248 1477 3303 ideo
1526 3249 1621 3301 tibi
1650 3264 1712 3301 ea
1742 3249 1968 3301 tenenda

385 3353 469 3398 est
502 3342 669 3396 animi
717 3342 993 3396 contentio
1046 3356 1148 3409 qua
1195 3352 1354 3394 recta:
1413 3340 1697 3392 cohibetur
1742 3339 1969 3392 rationis

390 3451 540 3489 usus.
588 3434 692 3487 Pro
724 3434 929 3486 viribus
956 3432 1141 3496 obsta,
1172 3432 1264 3501 qui
1313 3431 1516 3484 donum
1558 3430 1727 3509 sancti
1764 3430 1969 3499 recepi-

391 3527 457 3579 sti
507 3526 767 3594 Spiritus,
804 3534 855 3578 et
912 3523 1232 3577 sacerdotali
1281 3525 1472 3591 plenus
1513 3524 1871 3577 exsultatione
1904 3524 1969 3576 ad

392 3618 674 3684 pristinam
708 3623 941 3667 mentem
978 3622 1233 3667 converte
1282 3613 1540 3683 gaudium
1582 3613 1727 3683 quod
1756 3612 1970 3667 Christo

384 3719 442 3761 et
497 3709 652 3761 nobis
711 3707 1007 3760 humilibus
1063 3706 1183 3775 ejus
1243 3704 1459 3759 fatnulis
1499 3712 1570 3773 ,ει
1627 3705 1695 3759 ad
1748 3706 1971 3773 gloriam

387 3808 553 3867 atque
587 3798 873 3851 utilitatem
912 3796 1116 3849 factum
1152 3804 1266 3860 est;
1299 3780 1466 3850 animi
1501 3796 1693 3850 deinde
1717 3810 1876 3850 curas
1920 3803 1973 3848 et

392 3891 590 3943 metuis
636 3887 1032 3942 sollicitudines
1106 3890 1261 3958 longe
1336 3888 1577 3955 abjicies.
1665 3887 1817 3957 Saepe
1874 3887 1972 3941 ho-

392 3983 601 4046 mines,
630 3981 1017 4035 terrenolucro
1058 3980 1286 4050 permoti
1333 3996 1546 4050 magna,
1577 3981 1768 4035 itinera
1816 3978 1975 4033 insti-

396 4085 572 4140 tuunt,
609 4076 810 4144 quique
828 4076 1169 4144 parentibus,
1193 4075 1456 4130 uxoribus
1484 4086 1536 4128 et
1566 4075 1748 4128 liberis
1779 4073 1972 4131 orbati.

395 4183 501 4222 non
534 4168 708 4222 solum
744 4168 986 4219 animum
1035 4182 1143 4219 non
1174 4166 1492 4229 dimittunt,
1527 4166 1619 4220 sed
1648 4164 1977 4234 quandoque

396 4262 640 4315 hilariter
664 4260 974 4313 distantiam
1002 4275 1029 4312 a
1065 4260 1179 4313 suis
1210 4259 1653 4328 perlerunt,quia
1684 4258 1820 4311 lucri
1856 4273 1976 4326 spes

2072 3070 2363 3125 ὑποϐάλλει
2409 3071 2517 3123 τῶν
2570 3071 2836 3141 σωμάτων
2874 3073 2906 3139 ἡ
2947 3071 3162 3132 ἐνωσις.
3191 3073 3266 3123 oo
3298 3071 3474 3124 τοίνυν
3505 3071 3634 3125 ἀθυ-

2072 3162 2193 3227 μεῖν
2220 3161 2390 3223 ἀξιον,
2422 3162 2502 3213 ὃτι
2527 3164 2635 3220 τοῖς
2658 3157 2871 3229 σώμασι
2906 3161 3165 3230 διεστήκα
3176 3179 3296 3230 μεν,
3332 3161 3467 3214 ἀλλά
3499 3163 3635 3231 μᾶλ-

2070 3248 2157 3302 λον
2184 3250 2360 3315 εἰδὼς,
2391 3252 2526 3318 ὅπερ
2582 3250 2737 3320 ἔφην,
2772 3252 2854 3303 ὅτι
2897 3250 3057 3303 πλέον
3098 3250 3175 3319 τῷ
3209 3250 3478 3320 πνεύματι
3513 3269 3636 3304 συν-

2071 3342 2373 3411 απτόμεθα,
2405 3342 2733 3413 ὑψηλότερος
2757 3342 2919 3410 γενοῦ
2959 3360 3048 3413 μοι
3097 3344 3194 3414 τῆς
3230 3344 3440 3396 ἐκεῖθεν
3480 3354 3661 3412 περι-’

2073 3435 2293 3503 σπώσης
2328 3436 2417 3487 τὸν
2453 3436 2712 3504 λογισμὸν
2751 3435 3105 3505 διοχλήσεως,
3139 3436 3357 3506 καὶτῆς
3390 3438 3635 3507 ἐγκεχει-

2073 3527 2334 3596 ρισμένης
2366 3543 2447 3578 σοι
2492 3528 2641 3596 παρά
2690 3526 2783 3579 τοῦ
2829 3528 3097 3595 παναγίου
3143 3528 3455 3598 Πνεύματος
3516 3529 3635 3589 ὅλος

2070 3614 2144 3668 ὢν
2181 3614 2478 3685 ἱερωτάτης
2520 3617 2896 3684 ἀγαλλιάσεως
2923 3617 3157 3688 πλήρης,
3192 3620 3415 3688 ἀντέχου
3440 3634 3456 3649 ο
3501 3619 3637 3687 πρὸς

2071 3707 2286 3775 ἐκείνην
2334 3705 2431 3777 τὴν
2486 3706 2664 3778 ψυχὴν
2710 3710 3116 3778 περιστρέφων,
3160 3708 3254 3761 καὶ
3300 3710 3398 3780 τὴν
3430 3710 3636 3762 ἐκεῖθεν

2074 3797 2373 3866 φυομένην.
2407 3799 2602 3870 ἡδονὴν
2656 3800 2734 3870 τῷ
2781 3802 2994 3870 Σωτῆρι
3031 3800 3246 3853 πάντων
3281 3801 3502 3873 Χριστῷ
3542 3802 3638 3856 καὶ

2071 3887 2205 3954 ημῖν
2241 3888 2353 3949 τοῖς
2411 3891 2713 3952 ταπεινοῖς,
2766 3891 2861 3942 καὶ
2924 3889 3026 3960 τὴν
3064 3890 3147 3943 σοὶ
3201 3893 3637 3964 προσγινομένην

2074 3976 2231 4040 δόξαν
2278 3994 2337 4030 τε
2368 3980 2464 4033 καὶ
2499 3979 2785 4048 ὠφέλειαν,
2836 3980 3010 4033 ὀπίσω
3035 3981 3198 4051 ῥίψας
3246 3981 3344 4053 τὴν
3378 3982 3637 4052 ἀθυμίαν,

2076 4069 2171 4119 καὶ
2221 4068 2289 4120 τὰ
2339 4069 2553 4139 ἐκείνης
2609 4070 2744 4140 ἀηδῆ
2799 4071 3160 4141 ἐνοχληματα.
3204 4072 3263 4124 El
3308 4073 3417 4144 γάρ
3454 4074 3641 4128 ἕνεκεν

2077 4157 2266 4226 γηῖνου
2292 4161 2513 4228 κέρδους
2538 4160 2756 4230 μακρὰς
2770 4158 3077 4231 ὁδοιπορίας
3112 4161 3451 4230 στελλόμενοι
3475 4161 3638 4227 τινὲς,

2080 4250 2172 4302 καὶ
2198 4251 2421 4317 γονέων,
2442 4250 2532 4303 καὶ
2556 4253 2835 4319 γυναικὸς,
2871 4254 2968 4305 καὶ
3045 4252 3250 4304 παίδων
3302 4252 3637 4324 ἀποστερού-

394 4353 670 4406 tristitiam
708 4353 976 4406 convertit
1011 4352 1061 4402 in
1089 4351 1342 4419 gaudium
1378 4366 1393 4415 ;
1428 4352 1556 4419 quid
1604 4366 1698 4403 eos
1730 4350 1963 4416 cogitare

2079 4355 2252 4407 μενοι,
2278 4340 2336 4391 οὐ
2369 4342 2528 4408 μόνον
2555 4342 2655 4394 οὑκ
2694 4342 3019 4412 ἀθυμοῦσιν,
3054 4342 3190 4394 ἀλλά
3233 4344 3323 4394 καὶ
3359 4345 3640 4413 χαίροντες

397 4446 590 4509 decet,
616 4444 707 4512 qui
740 4452 947 4496 tantum
986 4441 1357 4509 adipiscuntur
1382 4448 1678 4509 quaestum,
1711 4448 1963 4507 quantum

2074 4430 2247 4483 ἐνίοτε
2289 4431 2644 4501 ἀναδέχονται
2690 4434 2788 4503 τὴν
2819 4435 3125 4497 διάστασιν,
3162 4434 3257 4503 τῆς
3290 4436 3353 4486 ἐκ
3383 4434 3479 4486 τοῦ
3512 4436 3642 4505 κέρ-

398 4537 501 4605 ipsi
533 4535 707 4605 angeli
744 4533 1087 4587 desiderent?
1131 4532 1282 4596 Quod
1324 4534 1366 4585 si
1398 4541 1594 4585 memet
1634 4530 1846 4583 videndi
1881 4544 1963 4583 cu-

2073 4522 2195 4584 δους
2212 4521 2423 4585 ἐλπίδος
2439 4523 2497 4575 τὸ
2519 4526 2731 4595 χαίρειν
2748 4526 2867 4578 ἀντὶ
2892 4524 2983 4577 τοῦ
3001 4526 3230 4593 ἀθυμεῖν
3252 4525 3641 4596 χαριζομένης,

399 4630 559 4697 pidus
589 4628 665 4679 sis
713 4635 765 4677 et
795 4625 1001 4679 fervido
1060 4624 1265 4678 visendi
1295 4622 1566 4678 desiderio
1614 4621 1802 4689 ﬂagret
1852 4620 1963 4673 ani-

2070 4616 2124 4667 τί
2153 4615 2232 4667 δεῖ
2258 4618 2475 4686 φρονεῖν
2506 4619 2632 4679 τοὺς
2659 4612 2771 4670 οἷον
2797 4617 3087 4687 μέλλοντας
3128 4620 3437 4687 κερδαίνειν
3475 4618 3510 4672 ἀ
3550 4620 3644 4671 καὶ

404 4737 526 4775 mus
552 4758 567 4784 ,
599 4729 651 4773 et
678 4717 942 4787 imprimis
994 4718 1039 4771 si
1079 4718 1180 4771 hoc
1232 4718 1363 4771 utile
1401 4717 1557 4771 nobis
1594 4714 1791 4777 fuerit,
1840 4726 1973 4765 con-

402 4812 558 4865 cedat
602 4808 914 4862 misericors
963 4806 1260 4871 Dominus;
1316 4808 1399 4860 sin
1457 4805 1821 4875 possessionis
1847 4818 1979 4871 gau-

402 4905 553 4957 dium
584 4908 806 4962 resecet,
835 4911 997 4970 atque
1025 4899 1172 4953 aliud
1212 4899 1411 4953 tribuat
1442 4898 1632 4951 melius
1654 4936 1669 4962 ,
1711 4897 1855 4951 illius
1878 4911 1979 4951 nos

398 4993 849 5050 commendamus
893 4991 1245 5059 benignitati,
1290 5005 1453 5060 quam
1507 5004 1606 5043 nec
1645 4998 1855 5058 tempus
1888 5003 1977 5042 se-

405 5097 604 5159 parat,
652 5100 751 5139 nec
791 5084 980 5150 locus,
1031 5098 1131 5138 nec
1190 5082 1295 5136 alia
1340 5096 1522 5135 rerum
1568 5081 1827 5144 conditio,
1868 5082 1978 5134 imo

408 5174 874 5233 immarcessibilis
895 5172 1343 5243 exspectantibus
1397 5178 1708 5225 reservatur
1770 5169 1974 5222 la:titia.

407 5267 560 5322 Adsit
596 5268 688 5322 tibi
718 5305 732 5332 ,
766 5268 836 5320 nti
865 5265 936 5319 liii
961 5306 976 5332 ,
1018 5263 1178 5317 Pater
1225 5262 1489 5331 benignus
1532 5270 1585 5315 et
1627 5260 1769 5315 Deus
1800 5268 1982 5312 noster

408 5367 699 5426 perpetuo;
733 5366 783 5411 te
812 5364 1093 5419 sustentet,
1120 5354 1211 5424 qui
1231 5353 1508 5424 evangelio
1533 5352 1650 5421 ejus
1684 5348 1979 5411 inservias;

407 5448 525 5512 ipse
558 5445 750 5499 liberet
809 5456 859 5499 te
906 5444 1139 5500 tristitiae
1175 5444 1414 5497 tenebris
1450 5454 1504 5496 et
1551 5437 1975 5506 inexstinguihili

410 5539 580 5590 donet
614 5536 911 5592 hilaritate.

2072 4706 2323 4773 ἀγγέλοις
2350 4707 2427 4768 είς
2454 4708 2771 4777 ἐπιθυμίαν,
2792 4711 2885 4761 καὶ
2917 4709 3082 4779 μόνης
3099 4709 3425 4764 καθίσταται
3463 4730 3646 4782 παραπ-

2073 4796 2327 4865 usq/am;
2379 4796 2519 4849 Ἀλλ’
2551 4798 2697 4861 εἰκὸς
2749 4798 3152 4868 ἐνθυμούμενον
3190 4800 3250 4853 τδ
3288 4804 3362 4872 μὴ
3395 4802 3473 4855 ἔτι
3506 4803 3642 4873 πρὸς

2076 4885 2203 4939 θέαν
2233 4888 2572 4956 καταστῆναι
2603 4887 2879 4956 ἀλλήλοις,
2934 4891 3246 4943 κεντεῖσθαι
3273 4894 3371 4961 τὴν
3403 4893 3635 4961 καρδίαν

2079 4977 2183 5030 ὑπὸ
2212 4977 2308 5031 τοῦ
2342 4978 2546 5048 θερμοῦ
2596 4979 2729 5049 πρὸς
2778 4980 2925 5048 ἡμᾶς
2969 4980 3159 5044 πόθου,
3190 4982 3423 5051 μάλιστα
3454 4983 3556 5051 μὲν
3595 4982 3644 5034 εί

2078 5072 2173 5123 καὶ
2211 5070 2370 5123 τοῦτο
2403 5071 2696 5140 συμφέροι,
2740 5070 2970 5140 παρέξει
3001 5072 3029 5123 ὁ
3064 5072 3289 5139 ἀγαθός.
3323 5073 3384 5125 EI
3424 5071 3480 5124 δὲ
3513 5072 3648 5126 ὑπο·

2078 5164 2327 5231 τεμεῖται
2371 5161 2468 5233 τὴν
2514 5162 2772 5233 τοιαύτην
2798 5164 3118 5229 ἀπόλαυσιν,
3159 5164 3273 5217 ἀλλ’
3296 5164 3417 5217 ἀντὶΙ
3440 5163 3648 5231 ταύτης

2079 5258 2374 5324 χαριεῖται,
2406 5256 2754 5325 πεποίθαμεν
2809 5261 2878 5327 τῇ
2925 5259 3135 5312 ἐκείνου
3182 5258 3513 5328 χρηστότητι
3547 5260 3647 5327 τὴν

2080 5347 2310 5415 ἀμείνω,
2366 5348 2433 5417 ἣν
2486 5348 2609 5401 οὗτε
2662 5351 2853 5419 χρόνος
2893 5351 3192 5420 διατέμνει,
3237 5350 3298 5402 ού
3329 5349 3514 5411 τόπος,
3546 5351 3647 5403 οὐκ

2078 5438 2213 5509 ἄλλη
2244 5457 2329 5502 τις
2383 5441 2705 5512 περίστασις
2744 5444 2963 5510 ἔξωθεν,
2999 5443 3116 5496 ἀλλ’
3162 5443 3249 5495 ἀεὶ
3306 5440 3647 5510 παραμένειν

2077 5534 2190 5596 τοῖς
2256 5532 2508 5588 συνοῦσιν
2550 5537 2867 5607 ἀμάραντον
2907 5535 3259 5606 παρεχομένη
3291 5537 3389 5605 τὴν
3418 5536 3643 5606 ἡδονήν.

426 5631 481 5684 'o
525 5632 580 5685 δὲ
624 5631 1005 5700 φιλάνθρωπος
1051 5631 1209 5702 ἡμῶν
1258 5629 1445 5699 Πατὴρ
1494 5629 1587 5681 καὶ
1617 5626 1764 5697 ,Θεὸς
1832 5626 2018 5694 αὐτὸς,
2058 5628 2249 5681 τέκνον
2279 5629 2457 5700 ἡμῶν,
2515 5630 2692 5683 συνὼν
2763 5631 3105 5693 ἀδιαστάτως
3148 5632 3232 5701 εἴη
3267 5632 3360 5685 καὶ
3396 5646 3643 5683 συναντι-
