4038 6204
423 314 527 377 331

1872 325 2285 387 EPISTOLJE.

3581 327 3682 393 338

418 422 839 493 λαμϐανόμενος
879 424 961 491 οἷς
996 429 1266 495 διακονεῖς
1322 432 1399 503 τῷ
1457 433 1779 507 Εὑαγγελίῳ
1824 437 2017 501 αὐτοῦ,
2090 438 2186 489 καὶ
2239 436 2383 489 λύων
2447 435 2629 506 πάσης
2698 436 2929 507 ἅκηδίας
2987 439 3440 511 σκυθρωπότητα,
3472 442 3565 494 καὶ
3590 441 3689 507 τῆς

421 512 690 568 ἀσὸέστου
732 534 792 570 σε
820 521 1182 591 φαιδρότητος
1215 526 1512 591 καταξιῶν.

846 632 995 688 ΡΙΘθ.
1050 635 1289 706 Ἀνδρέᾳ
1335 642 1601 709 Πατρῶν.

497 744 642 818 Ὀσῃ
693 749 1029 821 στενοχωρίᾳ
1083 753 1626 826 περιστοιχιζόμεθα,
1677 760 1770 813 καὶ
1830 762 1999 831 χωρὶς

420 836 515 889 τοῦ
547 838 697 907 ἡμᾶς
718 839 1010 903 διδάσκειν,
1038 843 1098 896 ού
1129 843 1454 913 λογιζόμεθά
1486 865 1571 912 σε,
1604 849 1794 903 τέκνον
1816 853 1995 922 ἡμῶν,

424 930 658 996 ἀγνοεῖν.
708 930 772 983 Ἦ
802 930 909 1002 γὰρ
929 932 1036 986 τῶν
1068 936 1411 1004 πραγμάτων
1437 937 1677 1001 διάθεσις
1714 942 1815 995 ούκ
1850 943 1998 997 ἐστιν

423 1020 510 1073 οἵα
553 1021 841 1075 λανθάνειν
870 1027 943 1093 μὴ
973 1024 1053 1077 ὅτι
1078 1043 1139 1093 γε
1177 1027 1343 1094 ὑμᾶς,
1373 1029 1488 1083 ἀλλ’
1519 1031 1642 1085 οὐδὲ
1690 1034 1852 1087 ἄλλον
1876 1038 1997 1092 τινὰ

424 1114 515 1165 τὸν
553 1113 806 1183 τυχόντα.
842 1116 941 1169 Διά
979 1117 1138 1171 τοῦτο
1165 1120 1258 1172 ἐπὶ
1294 1124 1406 1185 τοῖς
1438 1124 1995 1200 ἐνταῦθα’συνέχουσι

424 1204 636 1264 κακοῖς,
674 1204 770 1256 καὶ
806 1204 855 1257 oi
914 1204 973 1269 ἐξ
1020 1206 1221 1276 ἑτέρων
1245 1209 1426 1263 τόπων
1476 1211 1597 1264 καθ’
1625 1214 1863 1284 ἑκάστην
1889 1217 1995 1284 ἁφ-

426 1292 733 1363 ικνούμενοι
761 1295 855 1347 καὶ
884 1295 1242 1366 διοχλοῦντες,
1276 1300 1581 1374 βαρυτέραν
1607 1309 1703 1378 τὴν
1735 1326 1997 1380 στενοχω-

428 1386 548 1454 ρίαν
580 1388 712 1456 ἡμῖν
738 1388 1164 1456 ἀπεργάζονται.
1201 1394 1351 1449 Ἔδει
1380 1396 1493 1459 οὖν,
1520 1400 1714 1454 τέκνον
1753 1402 1908 1473 ἐμὸν,
1935 1407 1994 1460 ὲν

424 1477 585 1528 παντὶ
619 1480 803 1549 τρόπῳ
832 1482 1175 1549 προνοεῖσθαι
1202 1485 1311 1540 τῶν
1329 1487 1555 1542 αὐτόθεν
1584 1491 1992 1564 ἀνερχομένων,

423 1568 517 1619 καὶ
574 1568 807 1637 μάλιστα
858 1572 964 1626 ύπδ
1011 1581 1110 1646 τὴν
1167 1578 1268 1647 σὴν
1312 1582 1469 1652 χεῖρα
1537 1585 1855 1655 τελούντων,
1917 1589 1993 1662 μὴ

421 1659 759 1715 ἐπιτίθεσθαι
786 1664 919 1734 ἡμῖν
946 1665 1044 1729 τὰς
1071 1667 1513 1740 διοχλήσεις,κάν
1541 1694 1671 1730 ποτε
1702 1678 1791 1733 διὰ
1833 1659 1991 1736 πταίξ

426 1767 609 1819 σματα
662 1747 750 1807 οἷα
795 1755 942 1824 φιλεῖ
969 1757 1038 1811 τὰ
1099 1761 1418 1832 ἀνθρώπινα
1467 1767 1789 1842 ἀποκίνησιν
1848 1777 1993 1839 τινὸς

426 1843 665 1916 συμϐαίη
694 1846 949 1913 γενέσθαι
981 1853 1081 1922 τῆς
1128 1854 1219 1906 ὑπ’
1242 1856 1424 1910 αὐτῶν
1455 1859 1836 1934 διοικουμένης
1876 1865 1991 1920 δια-

424 1937 629 2001 κονίας,
678 1938 845 2009 ᾶλλης
890 1942 1038 2006 τινὸς
1083 1946 1375 2017 τυγχάνειν
1452 1955 1825 2024 παραμυθίας,

421 2028 643 2091 τούτους
669 2028 857 2103 ὥσπερ
896 2034 1216 2105 ὲξιλαρυνεῖ,
1249 2041 1346 2093 καὶ
1382 2042 1442 2097 τὸ
1480 2044 1715 2102 ἄτακτον
1767 2028 1994 2122 πήδημα

421 2121 519 2189 τῆς
552 2122 780 2192 καρδίας
839 2128 1120 2182 συστεῖλαι
1156 2134 1591 2201 παρασκευάσει.
1632 2140 1748 2194 Νῦν
1788 2142 1844 2196 δὲ
1874 2144 1993 2209 πῶς

420 2213 557 2266 εἴπω
583 2215 656 2277 ὡς
690 2216 765 2287 μὴ
797 2217 1088 2287 δυνάμενοι
1129 2222 1305 2289 ἄλλως
1335 2227 1433 2297 τὴν
1482 2230 1756 2287 ἐπώδυνον
1790 2238 1991 2311 ταύτην

420 2304 600 2358 ἕλκειν
627 2306 795 2378 ζωὴν,
824 2311 967 2365 οὓτω
997 2318 1445 2389 κατατεινόμενοι
1485 2327 1603 2388 ταῖς
1634 2325 1843 2392 ὀδύναις
1900 2304 1991 2383 καὶ

420 2396 520 2465 τὴν
552 2396 730 2467 ψυχὴν
757 2396 1200 2475 σπαρασσόμένοι
1238 2409 1374 2479 πρὸς
1402 2411 1471 2465 τὰ
1517 2416 1753 2471 ἐνταῦθα
1814 2438 1992 2491 παρα-

423 2489 660 2555 γίνονται
694 2495 743 2546 οί
782 2496 846 2548 ἐκ
883 2503 992 2549 τῶν
1008 2500 1224 2555 οίκείων
1253 2508 1718 2576 παρακινούμενοι
1748 2512 1993 2585 λειτουρο

419 2580 573 2643 γιῶν.
601 2582 819 2636 Τούτων
848 2586 965 2641 ἔστι
1000 2591 1093 2641 καὶ
1126 2590 1429 2663 Γρηγόριος
1459 2597 1487 2648 ὀ
1521 2601 1774 2669 μοναχὸς,
1802 2603 1861 2666 ὅς
1890 2580 1992 2675 φη-

422 2686 534 2736 σιν,
572 2674 967 2746 ἀποδεδιῶχθαι
1025 2684 1412 2752 μοναστηρίου,
1447 2686 1507 2739 ὲν
1560 2681 1605 2755 ᾧ
1636 2674 1989 2764 ἀπεκείρατο,

421 2764 513 2814 κα)⁸
542 2757 603 2818 οὗ
634 2770 1025 2841 προτιμότερος
1056 2769 1124 2843 ἦν
1163 2780 1706 2836 καταπεπιστεῦσθαι
1734 2757 1990 2856 civ-diei;

419 2869 607 2922 κησιν,
637 2856 713 2918 ὡς
744 2857 927 2925 ἄλλοις
953 2878 1011 2914 τε
1048 2865 1271 2934 τρόποις
1322 2868 1686 2942 διαφέρουσαν
1715 2878 1865 2948 αὐτῷ
1897 2882 1991 2934 καί⁵

418 2948 486 3016 τῇ
516 2947 657 3002 κατά
695 2952 1016 3020 συγγένειαν
1039 2956 1130 3008 τοῦ
1155 2960 1218 3011 τὸ
1252 2966 1618 3035 μοναστήριον
1643 2947 1991 3041 συστησαμέ-

420 3053 513 3089 νου
550 3037 907 3114 κληρονομίᾳ.
950 3045 1091 3099 Ἀλλ’
1138 3049 1348 3114 ἐκεῖνος
1402 3055 1503 3123 μὲν
1531 3055 1705 3110 ταῦτα
1761 3037 1991 3129 προστι-

420 3128 649 3193 θεὶτ,ὅτι
677 3132 827 3197 ξένος
858 3152 943 3200 τις
984 3140 1079 3193 καὶ
1124 3140 1404 3215 ἀλλότριος
1449 3147 1541 3200 καὶ
1576 3148 1746 3218 μηδὲν
1785 3128 1991 3208 δίκαιον

418 3222 498 3284 είς
513 3224 575 3275 τὸ
598 3225 785 3295 ἄρχειν
802 3228 894 3282 τοῦ
909 3234 1271 3303 μοναστηρίου
1295 3241 1655 3309 κεκτημένος,
1671 3244 1745 3314 μὴ
1766 3245 1987 3316 τρόπον,

423 3310 498 3381 μὴ
521 3311 659 3413 βίον,
697 3317 771 3387 μὴ
798 3322 1036 3393 συγγενῆ
1068 3341 1190 3378 τινα
1215 3326 1509 3397 πρόφασιν,
1535 3310 1685 3403 παρά
1706 3310 1989 3409 σ-οὖτπροεο
2020 3351 2066 3413 c

420 3403 585 3475 κρίθη
620 3407 700 3471 είς
735 3408 834 3479 τὴν
873 3414 1134 3486 τοιαύτην
1164 3418 1514 3477 ἐπιστασίαν.
1543 3422 1736 3495 Ἢμεῖς
1775 3428 1834 3482 δὲ
1855 3403 2013 3485 τοῦτό

421 3509 506 3593 σοι
538 3499 844 3593 γράφομεν,
874 3503 947 3568 ὠς
974 3507 1023 3559 εί
1056 3507 1159 3577 μὲν
1188 3511 1289 3563 ὀτδ
1316 3512 1549 3585 γράμμα
1579 3518 1735 3587 ἡμῶν
1753 3520 2007 3593 ὲπικομι⁹

418 3583 646 3654 ζόμενος
671 3590 1096 3666 άληθῆρὲδίδαξε,
1128 3601 1222 3654 καὶ
1252 3604 1353 3657 ούκ
1382 3583 1498 3660 ἔστι
1525 3583 1795 3672 τις-αἰτία
1823 3583 2004 3669 κωλύ-

417 3694 557 3733 ουσα
594 3682 689 3734 τοῦ
726 3689 1095 3760 μοναστηρίου
1127 3692 1320 3763 ἄρχειν
1344 3697 1530 3762 αὐτὸν,
1557 3700 1632 3771 μὴ
1677 3705 2002 3777 ἁποστερεί-

421 3770 534 3825 σθω
574 3776 727 3845 παρά
756 3778 857 3848 τῆς
907 3781 1062 3850 ὑμῶν
1110 3784 1388 3855 θεοφιλίας
1438 3789 1538 3860 τῆς
1595 3770 1996 3869 ἐπιϐαλλούσης

418 3865 571 3935 αὑτῷ
604 3868 745 3923 κατά
774 3872 867 3925 τὸν
903 3874 998 3928 τοῦ
1056 3875 1270 3931 δικαίου
1302 3880 1460 3947 λόγον
1507 3885 1893 3956 ἡγουμενείας.
1926 3865 1991 3945 Et

418 3957 475 4010 δέ
500 3978 552 4014 τι
583 3962 733 4016 ἐστιν
774 3965 1111 4039 ἐναντίωμα,
1139 3970 1207 4024 δι’
1246 3964 1307 4025 οὗ
1357 3975 1578 4040 ἀνάξιος
1607 3979 1988 4038 ἀναδείκνυται

419 4054 519 4121 τῆς
582 4059 838 4130 τοιαύτης
868 4063 1069 4134 ἀρχῆς,
1098 4066 1237 4131 τέως
1282 4069 1380 4140 τῆς
1423 4071 1778 4146 ὀφειλομένης
1806 4094 1989 4145 παρα-

2023 622 2071 678 Δ

1875 1960 1998 2030 ἥτις
2028 2005 2069 2060 Β

2344 612 2535 668 CXIX.
2558 643 2620 657 —
2644 614 2871 672 Audrew
2898 616 3147 673 Patrensi
3178 620 3436 689 episcopo.

2176 722 2390 790 Quanta
2448 725 2853 782 circumdemur
2907 729 3203 799 angustia,
3261 730 3364 785 etsi
3433 729 3526 786 tibi
3577 748 3685 788 non

2101 815 2427 869 mandemus
2456 854 2470 880 ,
2502 817 2576 869 mi
2606 816 2678 871 fili
2708 858 2723 881 ,
2758 827 2938 873 tamen
2994 822 3244 890 ignorare
3287 836 3395 875 non
3458 824 3719 903 poteris”

2101 902 2261 959 Tales
2290 904 2434 957 enim
2465 914 2594 959 sunt
2620 921 2798 961 rerum
2828 908 3219 978 conjuncturae,
3252 920 3308 965 ut
3371 926 3469 966 nec
3506 921 3556 966 te
3590 928 3690 967 nec

2098 997 2409 1066 quempiam
2460 997 2624 1053 alium
2686 998 2968 1069 effugiant.
3026 1002 3303 1071 Siquidem
3361 1003 3426 1058 ad
3469 1018 3531 1058 ea
3567 1020 3690 1074 qua:

2100 1103 2199 1143 nos
2252 1089 2567 1158 opprimunt
2606 1090 2915 1149 mala.alia
2966 1092 3209 1162 quOtidic
3261 1109 3326 1149 ex
3374 1093 3496 1150 aliis
3550 1095 3688 1152 locis

2099 1180 2349 1237 homines
2371 1182 2653 1237 conﬂuunt
2680 1192 2733 1237 et
2766 1198 2867 1238 nos
2898 1194 3147 1253 gravatos
3179 1186 3351 1254 magis
3384 1195 3689 1244 coarctant.

2097 1272 2387 1342 Propterea
2419 1276 2509 1343 qui
2546 1274 2777 1330 diversis
2822 1284 3066 1345 praesunt
3099 1276 3232 1332 locis
3265 1290 3482 1331 omnem
3514 1278 3677 1331 adhi-

2098 1364 2228 1419 bere
2254 1364 2523 1420 debebant
2545 1364 2968 1421 sollicitudinem
3017 1374 3069 1422 et
3094 1366 3351 1432 maxime,
3378 1375 3454 1432 tu,
3498 1367 3688 1430 mifili,

2094 1470 2219 1525 erga
2282 1458 2534 1512 subditos
2584 1466 2711 1513 tuos
2759 1500 2773 1521 ,
2839 1473 2904 1512 ne
2957 1458 3261 1527 majoribus
3319 1473 3692 1527 premeremur

2098 1546 2601 1616 perturbationibus
2633 1590 2648 1613 ,
2700 1547 2794 1602 ubi
2852 1548 2981 1618 quid
3025 1548 3078 1601 in
3111 1558 3394 1616 utramque
3440 1560 3687 1617 partem,

2090 1636 2235 1707 quod
2266 1638 2404 1692 inter
2437 1638 2682 1693 homines
2710 1638 2882 1703 solet,
2933 1638 3237 1701 arrisisset,
3269 1638 3323 1691 in
3378 1638 3509 1706 ipsis
3558 1637 3689 1693 locis

2094 1728 2369 1796 quodnam
2424 1729 2555 1783 mali
2600 1729 2845 1788 solamen
2891 1729 2974 1784 vel
3024 1728 3327 1783 remedium
3364 1727 3555 1784 fuisset
3585 1727 3690 1782 mi-

2096 1822 2370 1891 nistrare;
2408 1839 2624 1894 semper
2656 1826 2801 1879 enim
2828 1822 3099 1893 ejacentes
3132 1823 3343 1891 erigere
3392 1830 3446 1877 et
3474 1820 3685 1875 inordi-

2097 1924 2292 1979 natos,
2344 1913 2587 1968 animum
2646 1913 2895 1969 addendo
2977 1914 3043 1967 ad
3103 1912 3368 1969 rationem
3428 1911 3690 1967 reducere

2099 2012 2343 2059 nostrum
2374 2012 2477 2061 est.
2505 2005 2649 2073 Quid
2699 2007 2868 2077 quod,
2908 2021 3034 2061 cum
3066 2018 3231 2060 Vitam
3274 2003 3537 2059 aerumnis
3565 2018 3689 2073 per-

2104 2093 2332 2150 fractam
2371 2096 2586 2152 trahere
2610 2096 2721 2166 jam
2754 2113 2861 2151 non
2890 2097 3121 2169 possim,
3152 2113 3275 2153 cum
3306 2096 3688 2151 afﬂictionibus

2100 2184 2476 2242 distendantur
2518 2190 2670 2243 nervi
2714 2198 2767 2245 et
2814 2190 3032 2244 animus
3073 2188 3455 2259 prosternitur,
3484 2186 3687 2241 adven-

2101 2286 2216 2331 tant
2239 2292 2305 2331 ex
2338 2279 2531 2335 vestris
2553 2320 2567 2345 ,
2608 2281 2701 2349 qui
2736 2280 2970 2351 majores
2995 2281 3046 2334 in
3104 2296 3190 2336 me
3219 2282 3453 2333 excitent
3486 2292 3683 2333 atrum.

2101 2383 2220 2422 nas.
2254 2368 2399 2424 Inter
2451 2370 2553 2425 bos
2603 2371 2705 2426 fuit
2756 2369 3052 2441 Gregorius
3104 2371 3445 2436 monachus,
3478 2370 3573 2439 qui
3627 2384 3687 2423 se

2100 2460 2433 2513 monasterio
2457 2462 2743 2529 expulsum
2775 2461 2942 2523 dicit,
2986 2461 3041 2515 in
3073 2477 3175 2515 suo
3208 2470 3328 2515 vota
3353 2458 3559 2513 fecerat
3585 2498 3600 2521 ,
3635 2467 3688 2512 et

2098 2547 2169 2600 ob
2241 2549 2470 2604 virtutes
2540 2565 2675 2606 suas
2754 2553 3116 2621 principatum
3165 2552 3508 2616 obtinuerat;
3565 2564 3687 2618 quae

2098 2635 2334 2706 dignitas
2402 2640 2451 2692 ei
2518 2641 2878 2695 conveniebat
2928 2641 3226 2710 praesertim
3269 2640 3422 2710 juxta
3468 2639 3687 2694 familia:

2097 2741 2212 2781 suae
2261 2729 2520 2783 tributam
2562 2730 2952 2786 hzereditatem.
3007 2732 3168 2786 Addit
3232 2746 3451 2802 quoque
3497 2730 3688 2798 hospi-

2100 2823 2204 2870 tem
2238 2831 2565 2888 quemquam
2591 2830 2645 2875 et
2670 2820 3051 2891 alienigenam,
3080 2823 3170 2892 qui
3202 2824 3267 2877 ad
3294 2822 3684 2878 monasterium

2100 2908 2393 2975 regendum
2426 2910 2630 2964 nullum
2663 2911 2756 2980 jus
2803 2912 2997 2978 habet,
3032 2929 3129 2968 nec
3160 2913 3436 2968 meliorem
3471 2913 3686 2970 vivendi

2097 2998 2385 3064 rationem,
2422 3016 2520 3054 nec
2542 3002 2686 3056 aliud
2712 3002 2980 3071 ejusmodi
3007 3002 3273 3060 familiare
3330 3005 3527 3060 oll‘erre
3556 3021 3684 3075 pos-

2098 3090 2188 3154 sit,
2215 3104 2245 3142 a
2286 3090 2417 3143 tein
2448 3093 2765 3147 monasterii
2812 3094 3054 3165 regimen
3100 3096 3455 3151 substitutum
3494 3096 3684 3152 fuisse.

2098 3177 2213 3234 Hoc
2238 3181 2331 3235 tibi
2374 3182 2704 3251 scribimus,
2750 3186 2882 3241 utsi
2915 3186 3123 3242 litteras
3172 3196 3388 3245 nostras
3436 3185 3686 3244 deferens

2098 3270 2411 3341 allegaverit
2442 3288 2649 3340 verum,
2700 3285 2754 3330 et
2788 3276 2936 3331 nulla
2968 3277 3109 3332 adsit
3143 3292 3308 3334 causa
3334 3318 3349 3339 ,
3381 3293 3502 3348 quae
3528 3277 3684 3333 illum

2097 3377 2128 3416 a
2158 3365 2491 3421 monasterio
2541 3366 2781 3437 regendo
2804 3356 3077 3423 removeat
3104 3408 3119 3433 ,
3150 3368 3392 3424 charitas
3433 3384 3541 3423 non
3568 3370 3682 3439 pri-

2108 3463 2300 3509 vatura
2360 3454 2429 3509 sit
2480 3456 2744 3528 regimine
2778 3459 2924 3529 quod
2962 3460 3029 3515 ad
3058 3460 3210 3515 illum
3251 3458 3374 3529 jure
3402 3468 3456 3515 et
3486 3460 3682 3515 merito

2106 3546 2358 3612 pertinet.
2404 3546 2657 3603 Altamen
2698 3550 2745 3604 si
2804 3551 2933 3620 quid
2980 3550 3223 3607 obstaret
3261 3551 3557 3622 quominus
3588 3551 3681 3606 illo

2104 3651 2326 3690 munere
2358 3637 2555 3709 dignus
2586 3641 2879 3706 videretur,
2910 3643 2964 3697 in
2989 3651 3253 3713 quantum
3306 3643 3423 3698 ﬁeri
3465 3653 3642 3714 pOIest
3663 3684 3680 3709 .

2101 3724 2369 3779 habeatur
2395 3727 2766 3797 indulgentius
2787 3771 2801 3797 ,
2832 3740 2887 3787 et
2923 3732 3090 3787 vitam
3124 3732 3582 3788 calamitosiorem
3614 3748 3682 3787 ne

2098 3813 2282 3869 ducat.
2319 3815 2375 3872 Si
2399 3835 2560 3887 quam
2583 3822 2649 3875 de
2680 3822 2960 3879 doloribus
2999 3831 3054 3879 et
3091 3823 3453 3880 alIictlonibus
3487 3839 3675 3880 curam

2098 3904 2267 3965 babes
2323 3911 2547 3976 nostris,
2610 3914 2686 3967 mi
2721 3913 2834 3981 ﬁli,
2872 3924 2922 3971 te
2967 3916 3147 3986 ipsum
3196 3917 3456 3971 omnibus
3502 3914 3679 3971 modis

2096 4000 2338 4066 praebeas
2374 4001 2797 4077 pontiﬁcem,Dei
2820 4045 2834 4067 ,
2863 4020 2963 4061 nec
2997 4022 3237 4078 unquam
3289 4008 3679 4080 benignitatem

2093 4100 2220 4157 erga
2256 4086 2433 4157 ipsum
2463 4103 2494 4143 e
2519 4092 2685 4146 corde
2711 4103 2803 4148 tuo
2832 4094 3039 4164 ejiciss.

420 4146 620 4217 μυθὶας
653 4153 747 4205 καὶ
764 4152 862 4223 τῆς
883 4156 1005 4209 ὅσον
1033 4158 1152 4212 ἐστὶ
1176 4160 1401 4216 δυνατὸν
1427 4166 1867 4247 ἀστενοχωρήτου
1904 4172 2073 4247 ζωῆς,
2115 4146 2243 4233 εἴτι
2277 4146 2365 4233 σοὶ
2408 4183 2582 4252 μέλει,
2612 4146 2806 4238 τέκνον
3089 4188 3197 4243 τῶν
3243 4190 3521 4261 ἡμετέρων
3567 4190 3675 4244 θλίσ

414 4241 563 4296 ψεων
607 4247 702 4297 καὶ
737 4247 957 4314 ὀδυνῶν,
1019 4254 1182 4306 παντὶ
1208 4257 1394 4327 τρόπῳ
1424 4257 1501 4321 ὡς
1531 4243 1829 4331 ’ἀρχιερεὺς
1861 4241 2020 4335 Θεοῦ,
2058 4241 2157 4326 καὶ
2190 4241 2581 4347 ἀπαραιτήτως
2642 4278 2875 4347 ὀφείλων
2899 4241 2989 4333 ..τὸ
3039 4241 3442 4352 ξριλέινθγίιλποίθΓ
3477 4285 3679 4339 hiost-

418 4336 668 4397 κνυσθαι.
704 4342 1012 4397 καταϐαλοῢ
1044 4345 1146 4415 τὴν
1180 4350 1307 4418 περὶ
1338 4350 1502 4404 αὐτὸν
1526 4354 1807 4423 πρόνοιαν.

810 4460 940 4513 ΡΚ’.
981 4461 1242 4529 Τρύφωνι
1267 4465 1601 4532 μονάζοντι.

2448 4480 2609 4536 CXX.
2653 4513 2722 4523 -—
2757 4483 3021 4554 Tryphoni
3050 4486 3324 4545 monacho.‘

487 4564 597 4617 Καὶ
636 4566 699 4618 τὸ
726 4566 895 4637 δῶρον
942 4570 1139 4638 γλυκὺ,
1169 4575 1267 4626 καὶ
1291 4578 1338 4628 οἱ
1378 4576 1529 4646 λόγοι
1567 4579 1629 4633 ού
1668 4582 1827 4652 μόνον
1852 4585 1984 4652 γλυ-

2160 4589 2540 4649 Munusculum
2586 4596 2802 4667 quidem
2864 4597 3060 4664 dulce,
3110 4600 3273 4655 verba
3367 4610 3514 4658 utem
3567 4620 3677 4661 non

416 4659 554 4719 κείς,
589 4658 725 4712 ἀλλὰ
756 4661 846 4713 καὶ
877 4662 1133 4732 φέροντες
1167 4667 1225 4719 οὐ
1255 4668 1484 4739 μετρίαν
1521 4671 1706 4726 ἄνεσιν
1732 4676 1840 4729 ἀπὸ
1872 4677 1983 4732 τῶν

418 4748 749 4816 συνεχόντων
778 4751 967 4805 κακῶν
996 4753 1095 4823 τὴν
1126 4756 1402 4827 ἡμετέραν
1429 4760 1627 4832 ψυχήν·
1660 4766 1983 4840 Προεθυμή·

415 4837 513 4908 θην
561 4838 655 4893 οὖν
706 4844 1112 4915 προτρέψασθαι
1165 4845 1263 4919 τὴν
1316 4850 1435 4921 σὴν,
1487 4853 1692 4925 Πάτερ,
1724 4837 1986 4929 ὁσιότητα

416 4931 551 4998 πρὸς
596 4930 695 5001 τὴν
741 4934 850 4987 ἀπὸ
891 4935 1001 4990 τῶν
1051 4939 1214 5009 ίερῶν
1278 4941 1456 5012 εὐχῶν
1488 4948 1831 5019 παρηγορίαν
1889 4956 1984 5006 καὶ

412 5018 658 5075 διάλυσιν
685 5022 795 5077 τῶν
843 5025 1077 5096 θλίψεων
1110 5028 1287 5098 ἡμῶν.
1333 5032 1475 5086 Ἀλλ’
1527 5018 1719 5091 ἐκεῖνον
1746 5040 1986 5112 ἐνθυμη-

414 5110 547 5174 θεὶς,
599 5114 675 5176 ὡς
719 5115 768 5167 oi
800 5114 950 5184 λόγοι
985 5121 1048 5173 ἐκ
1093 5121 1190 5190 τῆς
1236 5124 1530 5195 γινομένης
1587 5130 1839 5199 πράξεως
1893 5135 1987 5185 ἐπὶ

410 5202 518 5254 τῶν
546 5202 708 5256 θείων
737 5206 948 5277 ἀνδρῶν
982 5208 1321 5277 λαμϐάνουσι
1372 5214 1471 5284 τὴν
1506 5220 1709 5289 φωνὴν,
1748 5221 1983 5294 ἐπέσχον

408 5294 510 5363 τῆς
534 5297 743 5368 τροπῆς
768 5300 1026 5370 ἐμαυτόν.
1058 5305 1131 5357 Σὺ
1164 5306 1219 5358 δέ
1250 5324 1339 5377 μοι
1368 5310 1462 5361 καὶ
1506 5311 1676 5380 χωρὶς
1714 5312 1808 5366 τοῦ
1846 5331 1984 5385 προσ,

409 5391 715 5467 τρέπεσθαι⁹
748 5396 917 5464 ἡμᾶς,
944 5398 1013 5451 τά
1046 5398 1154 5451 τῶν
1208 5401 1509 5469 φιλούντων
1553 5408 1646 5460 καὶ
1690 5410 1980 5483 συνοδυρο-

416 5483 594 5551 μένων
630 5490 742 5548 soi;
771 5488 946 5557 φίλοις
969 5490 1066 5543 καὶ
1092 5494 1348 5563 πράττων
1378 5498 1476 5550 καὶ
1510 5500 1737 5566 γράφων
1770 5501 1987 5567 πάντως

409 5574 761 5642 διατελέσεις,
824 5582 918 5634 καὶ
972 5583 1071 5652 τῆς
1141 5586 1296 5654 ἡμῶν
1370 5589 1813 5660 ύπερευχόμενος
1873 5596 1989 5656 πῶς

412 5667 551 5720 εἴπω
601 5670 868 5727 πάντοθεν
920 5675 1367 5747 ὲπηρεαζομένης
1416 5682 1480 5732 ὲκ
1520 5683 1629 5733 τῶν
1660 5673 1883 5749 ἔξωθεν,
1926 5687 1987 5737 ὲκ

408 5764 520 5818 τῶν
552 5764 763 5821 ἔνδοθεν
797 5767 1175 5838 ἐπισταμένων
1221 5770 1566 5842 ταλαιπώρου
1609 5773 1774 5843 ζωῆς.
1886 5846 1889 5851 Ι

2090 4683 2264 4739 solum
2290 4686 2469 4741 dulcia
2502 4687 2672 4753 fuere,
2700 4693 2794 4746 sed
2842 4707 3171 4763 magnopere
3199 4693 3433 4749 animam
3465 4697 3678 4754 refove~

2104 4786 2233 4830 runt
2264 4789 2506 4834 nostram
2551 4783 2715 4838 tantis
2744 4784 2901 4840 malis
2928 4787 3344 4843 circumdatam.
3397 4788 3477 4843 Ad
3525 4803 3691 4845 tuam!

2089 4881 2237 4938 ergo,
2264 4878 2440 4938 pater,
2481 4871 2828 4944 confugimus
2858 4878 3225 4944 sanctitatem,
3252 4889 3311 4934 ut
3343 4895 3438 4948 per
3457 4892 3674 4937 sanctas

2090 4958 2498 5028 deprecationes
2526 4974 2647 5019 tuas
2680 4965 3039 5023 amictionum
3067 4970 3306 5026 solamen
3359 4981 3414 5026 et
3445 4973 3674 5027 solutio-

2090 5065 2213 5104 nem
2242 5053 2604 5109 inveniamus.
2647 5057 2702 5110 ld
2727 5057 2867 5111 enim
2895 5064 3390 5129 menterevolvens,
3420 5065 3562 5133 quod
3602 5081 3669 5120 ex

2089 5144 2346 5211 operibus
2395 5149 2743 5215 procedentia
2792 5152 2955 5207 verba
3014 5170 3111 5224 per
3164 5164 3382 5211 sanctos
3426 5156 3671 5211 homines

2090 5234 2195 5287 vim
2230 5236 2466 5292 habeant
2518 5240 2787 5310 ingentem
2816 5285 2829 5309 ,
2868 5245 3003 5299 nihil
3058 5248 3197 5302 ultra
3230 5256 3444 5301 mutare
3473 5251 3664 5319 sategi.

2088 5321 2221 5380 Nam
2254 5328 2371 5383 siue
2405 5332 2605 5388 nostris
2627 5335 2881 5402 precibus
2916 5346 2971 5390 tu
3003 5339 3301 5392 amicorum
3333 5351 3482 5393 more
3514 5341 3669 5396 dolo-

2094 5420 2439 5476 res'nostros
2496 5432 2551 5476 et
2596 5439 2785 5479 eorum
2828 5428 2920 5496 qui
2980 5444 3085 5482 una
3132 5428 3314 5498 lugent
3365 5431 3665 5488 amicorum

2088 5506 2340 5576 mitigas;
2388 5512 2641 5579 precibus
2694 5525 2874 5569 autem
2938 5516 3047 5570 tuis
3107 5517 3471 5576 miserrimam
3524 5522 3665 5579 intra

2086 5609 2347 5669 extraque
2380 5606 2637 5674 agitatam
2674 5607 2837 5661 vitam
2868 5608 3197 5665 sublevabis.
3510 5608 3513 5613 ’
