4038 6204
170 259 278 325 Μ

1620 249 2040 320 ἙΡΙΞΤΟΕῩΕ.

3331 259 3443 324 322

173 368 352 425 τελῶν
405 368 526 440 μεθ’
577 367 696 430 οἵας
741 366 987 438 προσῆκε
1061 366 1301 437 duxisti};
1347 366 1760 428 καταστάσεως,

1889 367 2089 421 nodum
2130 362 2411 422 orationis
2451 365 2748 422 docentem
2784 381 2799 432 ;
2855 365 2966 422 scis
3017 365 3292 436 quemodo
3339 385 3445 424 nos

183 465 276 514 οὐκ
354 459 705 524 imre-iisut
775 459 890 512 τῶν
945 459 1442 529 ἐπαγγελλομένων
1515 459 1762 528 ἀγαθῶν.

187 553 369 621 Ἔχεις
391 551 450 604 δέ
482 553 578 606 καὶ
606 551 700 605 τὸν
747 550 1023 622 μακάριον
1075 550 1404 604 ’Δπόστολον
1437 551 1765 604 διδάσκοντα

179 647 383 714 τρόπον
414 645 512 712 τῆς
542 645 856 713 προσευχῆς
883 642 960 706 ὡς
995 645 1258 711 παραινεῖ
1302 643 1554 714 ἐπαίρειν
1585 645 1767 707 ὁσίους

173 742 368 806 χεῖρας
396 737 568 805 χωρὶς
599 734 770 806 ὀργῆς
816 737 917 789 καὶ
965 735 1360 805 διαλογισμῶν,
1395 735 1768 805 διαλογισμῶν

180 830 429 900 δηλονότι
455 827 565 879 τῶν
599 827 1000 898 περισπώντων
1035 828 1130 880 ἐπὶ
1154 827 1256 898 τὴν
1287 826 1382 880 τοῦ
1409 826 1530 896 βίου
1566 844 1769 897 μαται-

181 922 376 990 ὁτητα,
410 920 506 973 καὶ
557 919 625 971 τὰ
679 919 898 988 ἐκείνης
950 919 1189 971 ἐπίπονα
1231 917 1355 987 μὲν,
1391 919 1632 989 ἀνόνητα
1685 917 1764 973 δέ.

185 1012 283 1063 Διὰ
315 1009 477 1063 τοῦτο
526 1009 621 1063 καὶ
652 1009 994 1080 πληθυντικῇ
1036 1009 1181 1075 λέξει
1221 1009 1380 1062 τοῦτο
1424 1010 1770 1079 ἐμνημόνευ-

177 1121 303 1156 σεν.
341 1102 403 1154 ’0
425 1103 534 1171 γὰρ
566 1100 702 1171 πρὸς
727 1099 828 1170 τὴν
875 1098 1160 1169 βασιλείαν
1217 1101 1328 1153 τῶν
1374 1101 1624 1168 οὐρανῶν
1673 1116 1768 1152 κε-

189 1197 463 1266 κτημένος
490 1195 591 1264 τὴν
622 1193 830 1262 ἔφεσιν,
881 1193 944 1246 οὐ
973 1193 1256 1262 λογισμοῖς
1307 1194 1462 1246 ἐνθεν
1510 1193 1770 1246 κάκεῖθεν

183 1289 643 1359 περιστρέφεται,
677 1285 792 1339 ἀλλ’
827 1285 925 1338 ἕνα
969 1285 1234 1355 λογισμὸν
1264 1286 1639 1356 ἀναλαμϐάνει
1675 1303 1773 1355 μο-

183 1382 395 1451 νοειδῆ,
427 1382 521 1434 καὶ
565 1379 759 1432 τοῦτον
799 1379 1077 1450 διατηρῶν
1119 1380 1360 1449 ἀπλανῆ,
1397 1380 1644 1451 εὑρίσκει
1675 1378 1771 1432 τοῦ

194 1473 474 1543 μακαρίου
528 1471 740 1525 ἐκείνου
793 1471 1060 1542 λογισμοῦ
1121 1469 1220 1542 τὴν
1276 1470 1448 1534 ὅντως
1513 1471 1771 1541 ἐπωφελῆ

191 1565 416 1634 κτῆσιν,
465 1564 561 1617 καὶ
614 1565 804 1625 ἀϊδίοις
835 1562 988 1631 αὐτῷ
1015 1562 1116 1633 τὴν
1149 1563 1336 1616 ἄνεσιν
1377 1563 1772 1632 περιποιουμέ-

191 1675 318 1724 νην.
373 1655 822 1726 ’Δπεκρινάμεθα
866 1651 964 1709 οὖν
994 1655 1072 1719 ὡς
1105 1655 1165 1706 ἐν
1197 1655 1427 1728 τοιαύτῃ
1471 1655 1677 1726 ἀπορία
1709 1654 1771 1708 τό

195 1749 472 1820 ἡμέτερον
516 1749 798 1820 φρόνημα.
849 1750 922 1801 Σὺ
955 1749 1032 1812 δέ,
1066 1750 1261 1802 τέκνον
1311 1749 1470 1818 ἡμῶν
1502 1749 1666 1819 ἱερὸν,
1698 1747 1776 1816 τῷ

193 1841 452 1910 χρίσαντί
499 1860 559 1895 σε
603 1841 858 1912 παναγίῳ
910 1842 1191 1911 Πνεύματι
1225 1841 1642 1910 πεφωτισμένος
1672 1839 1778 1908 ψυ-

189 1935 299 2004 χὴν
329 1938 423 1988 καὶ
450 1935 693 1989 διάνοιαν
721 1935 887 2000 ἀξίως
916 1936 1016 2006 τῆς
1039 1936 1139 2005 σῆς
1167 1937 1370 2006 ἀρετῆς
1403 1933 1776 2002 ἐντυγχάνων,

199 2027 333 2096 παρ’
362 2028 574 2081 ἐκείνου
623 2029 826 2099 μᾶλλον
852 2029 1000 2101 λήψῃ
1027 2029 1120 2081 τοῦ
1172 2029 1516 2098 ζητουμένου
1551 2027 1649 2096 τὴν
1698 2025 1778 2078 δι-

191 2118 528 2174 δασκαλίαντ
551 2121 635 2174 Τά
663 2121 709 2173 δ’
738 2122 875 2176 ἄλλα
907 2123 1026 2192 εἴης
1068 2122 1170 2191 μὲν
1220 2123 1386 2184 αὐτὸς
1439 2119 1776 2193 ἐρρωμένος,

1873 463 2121 517 hortetur
2147 472 2207 519 ut
2257 461 2377 532 pias
2434 477 2633 516 manus
2679 460 3008 517 extollamus
3038 461 3249 532 absque
3281 460 3358 515 ira
3393 473 3447 516 et

1864 555 2398 618 ratiocinationibus,
2425 569 2525 609 nos
2554 553 2621 608 ad
2651 556 2773 608 vita:
2804 555 3095 608 vanitatem
3149 563 3202 606 et
3223 553 3447 608 insanos

1863 644 2078 698 labores
2108 643 2573 713 pcrtrabentibus.
2611 641 2734 698 Ideo
2758 643 2954 713 plurali
2985 658 3116 698 vocc
3150 642 3256 698 hoc
3287 658 3450 722 comf

1864 738 2237 791 memoravit:
2271 737 2364 805 qui
2410 737 2555 790 enim
2614 735 2680 790 ad
2730 752 2957 806 regnum
3005 734 3274 790 cwlorum
3303 734 3447 789 viam

1868 827 2175 897 ingreditur
2202 844 2308 882 non
2345 827 2475 881 hinc
2517 836 2572 881 et
2607 829 2730 881 inde
2777 827 3078 882 rationibus
3123 827 3452 882 circumvol-

1867 921 2033 986 vitur,
2069 921 2163 975 sed
2201 935 2363 974 unam
2411 921 2682 975 rationem
2724 929 2778 975 et
2828 921 3156 976 uniformem
3189 921 3449 990 suscipit,

1868 1024 1924 1069 et
1956 1019 2096 1069 hanc
2141 1029 2368 1070 servans
2401 1015 2820 1080 immuta-bilem,
2860 1017 3069 1070 invenit
3105 1016 3276 1070 beatae
3307 1015 3452 1069 illius
3505 1087 3509 1094 '

1871 1106 2098 1161 rationis
2126 1121 2252 1160 vere
2285 1105 2474 1160 utilem
2519 1109 2950 1176 possessionem,
2983 1118 3036 1162 et
3065 1117 3336 1178 perpetuo
3373 1107 3448 1160 illi

1871 1198 2183 1267 adiunctam
2237 1196 2499 1266 quietem.
2567 1197 2935 1268 Exposuimus
2991 1197 3154 1268 igitur
3222 1198 3276 1251 in
3351 1199 3452 1251 ista

1873 1288 2224 1360 perplexitate
2255 1297 2494 1342 ιιοειι-ιιηι
2521 1301 2780 1343 mentem.
2803 1288 2844 1343 Τ
2853 1306 2883 1342 ιι
2917 1299 3119 1354 autem,
3151 1289 3223 1343 liii
3244 1298 3452 1352 sancte,

1874 1382 1943 1436 ab
1976 1382 2066 1435 illo
2096 1381 2188 1450 qui
2221 1380 2375 1434 unxit
2409 1389 2460 1434 te
2491 1381 2840 1435 sanctissimo
2866 1379 3072 1450 Spiritu
3108 1382 3452 1436 illuminatus

1875 1474 2111 1528 animam
2141 1482 2195 1527 et
2222 1481 2481 1536 mentem,
2519 1481 2577 1526 ut
2611 1482 2758 1526 tuam
2803 1473 2956 1526 decet
3005 1473 3281 1537 virtutem,
3327 1489 3459 1544 pos-

1876 1565 2083 1627 sidcns,
2115 1562 2301 1615 abillo
2335 1561 2518 1629 potius
2565 1561 2805 1630 accipies
2850 1563 3095 1632 quaesitae
3126 1564 3198 1616 rei
3243 1563 3455 1616 doctri-

1876 1671 2024 1709 nam.
2064 1653 2332 1708 Caeterum
2372 1652 2453 1707 sic
2485 1653 2624 1706 bene
2674 1654 2880 1717 valeas,
2935 1654 3142 1722 absque
3187 1641 3456 1709 sollicitu-

1882 1745 2006 1796 diue
2053 1750 2108 1796 et
2158 1741 2456 1810 agitatione
2507 1740 2674 1809 hujus
2724 1742 2848 1795 vita:
2903 1740 3104 1797 ﬂuetus
3155 1743 3456 1810 trajiciens,

1886 1837 2054 1889 nostri
2090 1845 2270 1887 autem
2303 1834 2358 1887 in
2391 1833 2498 1887 tuis
2530 1833 2633 1904 piis
2662 1835 2916 1902 precibus
2952 1849 3182 1900 memor,
3211 1836 3457 1905 quicum

1886 1929 1993 1980 vita
2026 1925 2208 1981 adhuc
2241 1925 2550 1989 luctamur,
2606 1925 2752 1993 quod
2801 1926 3116 1995 ambiguum
3167 1935 3286 1989 est,
3324 1926 3462 1980 forte

1884 2021 2157 2074 abibimus
2191 2061 2207 2085 ,
2260 2019 2404 2088 quod
2456 2017 2589 2071 mihi
2651 2020 2860 2074 certius
2912 2020 3202 2074 imminere
3247 2019 3464 2075 videtur

1883 2129 2047 2185 quam
2081 2112 2246 2180 hujus
2272 2111 2393 2164 vitae
2417 2110 2646 2166 vanitas.
2901 2135 2918 2165 ι

195 2211 484 2282 ἀθορύϐως
517 2214 612 2267 καὶ
655 2215 949 2288 ἀταράχως
990 2215 1090 2286 τὴν
1143 2215 1326 2286 ἅλμην
1359 2217 1459 2287 μὲν
1500 2214 1594 2270 τοῦ
1653 2216 1770 2286 βίου
1817 2207 2118 2277 διαπερῶν,
2155 2204 2312 2274 ἡμῶν
2347 2205 2405 2257 δὲ
2465 2204 2821 2276 μεμνημᾶνος
2862 2205 2923 2259 ἐν
2981 2208 3104 2270 ταῖς
3139 2205 3320 2268 ὁσίαις
3367 2205 3464 2259 εὐ-

195 2305 343 2371 χαῖς,
374 2305 538 2372 τυχὸν
574 2306 674 2374 μὲν
704 2308 784 2360 ἐτι
847 2308 926 2379 τῷ
953 2307 1054 2378 βίῳ
1096 2311 1500 2380 στρεφομένων,
1532 2312 1673 2378 ὅπερ
1711 2304 2043 2378 ἀμφίϐαλον,
2068 2299 2233 2368 τυχὸν
2259 2296 2316 2350 δὲ
2338 2297 2630 2362 ἀπιόντων,
2659 2297 2688 2350 ὃ
2713 2299 2808 2352 καὶ
2837 2297 3042 2368 μᾶλλον
3067 2298 3435 2372 ἐναργέστερό

198 2415 293 2467 μοι
321 2399 472 2452 δοκεῖ
524 2403 896 2472 παρίστασθαι
923 2403 1026 2473 τῆς
1057 2403 1152 2457 τοῦ
1178 2405 1293 2475 βίον
1322 2405 1708 2475 ματαιότητος.

784 2515 906 2570 PE'.
962 2515 1214 2584 Ἀδήλφ.

255 2624 406 2681 Ὀἶδα
437 2628 706 2699 παρόντος
734 2644 851 2692 σου,
875 2628 1070 2680 τέκνον
1098 2629 1277 2698 ἡμῶν,
1317 2630 1455 2699 πρὸς
1497 2631 1643 2702 ἡμᾶς
1674 2647 1784 2684 τοι.

199 2719 396 2782 τούτους
435 2719 810 2789 πεποιημένου
836 2718 1052 2785 λόγους,
1085 2721 1143 2773 ἐν
1180 2719 1258 2790 τῷ
1301 2720 1655 2793 μονασττιρίῳ
1695 2719 1790 2773 τοῦ

210 2813 486 2882 μακαρίου
532 2814 742 2883 πατρὸς
793 2810 1099 2881 σουβούλει
1162 2812 1500 2882 προσμένειν
1550 2812 1647 2866 καὶ
1677 2814 1791 2875 τοῖς

208 2907 328 2956 ἐκεῖ
362 2905 656 2972 μονάζουσι
684 2905 1018 2972 συνδιάγειν,
1073 2903 1292 2968 οὐδενὸς
1338 2903 1500 2959 ἄλλου
1536 2906 1594 2957 ἐν
1632 2907 1792 2976 χρείᾳ

209 3013 304 3047 σου
339 2997 514 3060 ὃντος,
542 2997 577 3067 ἢ
612 2995 776 3066 μόνον
803 2997 1054 3050 οίκίσ-κου
1091 2999 1147 3050 ἐν
1242 2998 1339 3066 τὴν
1360 2997 1621 3068 διαμονὴν
1664 2997 1785 3068 μέλ-

2440 2503 2553 2559 (IV.
2585 2530 2656 2541 —
2681 2501 2910 2556 Incerto.

1963 2617 2113 2683 Scio,
2145 2631 2269 2671 cum
2304 2615 2442 2685 ipse,
2484 2615 2579 2678 illi,
2616 2615 2666 2668 id
2701 2615 2855 2670 nobis
2890 2615 3116 2680 dixeris,
3164 2625 3215 2672 te
3259 2616 3311 2672 in
3351 2634 3470 2674 mo-

1888 2714 2128 2766 nasterio
2176 2707 2319 2763 beati
2369 2709 2538 2778 patris
2585 2706 2659 2760 tui
2694 2707 2832 2761 velle
2867 2724 3087 2763 manere
3131 2720 3338 2765 etcum
3381 2711 3467 2766 bis

1890 2803 2175 2858 monachis
2244 2801 2412 2855 vitam
2474 2815 2674 2869 agere,
2728 2799 2873 2853 nulla
2930 2801 3034 2854 alia
3103 2817 3159 2855 re
3219 2801 3469 2873 indigens

1889 2911 2054 2966 quam
2135 2894 2240 2948 hoc
2303 2891 2558 2947 cubiculo
2617 2891 2669 2956 'm
2717 2906 2845 2966 .quo
2905 2891 3240 2946 mansionem
3306 2893 3468 2948 debes

1891 2949 2092 3042 habere
2120 2995 2176 3040 et
2212 2988 2335 3037 vita:
2376 2984 2678 3038 secundum
2713 2949 2880 3037 beum
2919 2984 3160 3038 studium
3195 2994 3249 3039 et
3279 3001 3467 3040 curam

205 3086 323 3149 λεις
371 3087 542 3156 ἔχειν,
585 3089 679 3140 καλ⁵
723 3087 824 3158 τῆς
879 3089 1022 3141 κατὰ
1054 3089 1188 3142 Θεὸν
1229 3090 1507 3154 πολιτείας
1529 3091 1591 3144 τὸ
1625 3106 1785 3143 σπου-

1893 3080 2165 3135 ediscere.
2224 3074 2432 3130 ﬂorum
2470 3076 2690 3130 tneinini
2748 3076 2874 3145 quia
2925 3090 2956 3129 a
2998 3082 3050 3130 te
3096 3076 3216 3147 ipso
3265 3078 3468 3133 audivi.

211 3179 361 3231 δαῖον
389 3179 486 3232 καὶ
519 3177 777 3249 ἐπιμελὲς
832 3180 1270 3236 ἐκδιδάσκεσθαι.
1323 3180 1510 3234 Ταῦτα
1553 3177 1647 3235 οὖν
1695 3183 1792 3253 μι-

209 3290 428 3344 μνημαι
480 3279 631 3344 παρά
679 3273 776 3325 σοῦ
816 3273 1098 3345 ἀκηκοὼςο
1144 3279 1239 3329 καὶ
1283 3274 1370 3329 διὰ
1396 3274 1557 3328 τοῦτο
1583 3277 1647 3329 ἐκ
1696 3273 1790 3328 τοῦ

212 3367 582 3436 μοναστηρίου
613 3365 747 3436 πρὸς
772 3367 918 3436 ἡμᾶς
940 3368 1284 3436 ἀφικομένων
1313 3366 1583 3438 μοναχῶν,
1611 3367 1793 3430 αὐτοῖς

204 3473 267 3509 τε
303 3456 700 3526 προσείπομεν,
736 3459 830 3510 καὶ
866 3457 951 3510 σοὶ
976 3457 1265 3527 γράφομεν
1311 3457 1567 3511 ἀπελθεῖν
1608 3460 1668 3511 ἐν
1713 3458 1793 3530 τῷ

213 3550 592 3620 μοναστηρίῳ,
627 3552 721 3602 καὶ
747 3548 933 3613 καθὼς
964 3551 1153 3622 ᾐτήσω
1186 3552 1286 3620 τὴν
1335 3552 1395 3604 ἐν
1432 3551 1582 3622 αὖτῷ
1615 3553 1792 3605 ποιεῖ-

209 3638 342 3697 σθαι
375 3644 680 3714 διαγωγήν.
726 3643 880 3697 Ἐπεὶ
926 3644 985 3697 δὲ
1026 3645 1281 3715 περὶτοῦ
1316 3645 1646 3714 ἡγουμένου,
1697 3645 1794 3698 καὶ

209 3734 372 3806 παρὰ
429 3735 524 3788 σοῦ
563 3739 750 3806 φήμας
789 3735 892 3788 οὐκ
933 3735 1169 3804 ἀγαθάς,
1197 3734 1334 3788 ἀλλά
1391 3735 1487 3787 καὶ
1541 3734 1664 3789 λίαν
1698 3734 1796 3788 ἀλ-

209 3826 468 3896 )οτρίους
543 3829 842 3899 μοναδικῆς
907 3828 1198 3890 εὐλαϐείας
1260 3827 1632 3898 ἐνηχήθημεν,
1702 3828 1797 3880 καὶ

208 3922 372 3988 παρά
403 3919 512 3970 τῶν
546 3921 802 3990 μοναχῶν
831 3920 901 3973 τὰ
924 3919 1286 3991 παραπλήσια
1317 3921 1584 3988 λεγόντων
1631 3921 1798 3990 ἠκού-

209 4028 417 4081 σαμεν,
473 4012 982 4080 ἐξαποσταλήσεται
1053 4011 1343 4082 ἄνθρωπος
1396 4011 1624 4082 ἔρευναν
1687 4012 1797 4066 τῶν

210 4090 611 4171 φημιζομένων
669 4103 1016 4167 ποιούμενος.
1057 4101 1167 4155 Καὶ
1215 4101 1269 4154 εῐ
1312 4117 1375 4169 γε
1422 4105 1549 4164 τοὺς
1606 4101 1798 4170 λόγους

212 4196 524 4264 opm/.0»;
551 4193 702 4264 εὖροι
730 4195 824 4246 τοῦ
856 4194 1116 4263 ψεύδους,
1150 4195 1354 4257 ἐκεῖνος
1387 4195 1488 4265 μὲν
1514 4194 1589 4258 ὼς
1622 4193 1797 4264 ἄχρη-

223 4303 354 4350 στος
421 4289 555 4357 πρὸς
622 4287 985 4357 ἡγουμενείαν
1055 4288 1528 4358 ἀποπαυθήσεται.
1605 4288 1799 4350 Ἀλλος

225 4380 284 4432 δέ
317 4398 378 4432 uti
410 4381 474 4432 ἂν
506 4381 542 4450 ἦ
579 4396 639 4432 τε
669 4380 967 4452 ἀδελφότης
1009 4381 1211 4434 συνίδοι
1246 4381 1398 4445 ἀξιον
1434 4380 1535 4448 τῆς
1576 4383 1799 4434 ἐπιστα-

1899 3169 1968 3225 Ει
1994 3171 2121 3226 ideo
2154 3169 2458 3234 monachis,
2509 3167 2601 3237 qui
2633 3183 2697 3220 cx
2730 3184 2794 3221 eo
2825 3167 3160 3222 monasterio
3193 3185 3292 3225 nos
3327 3171 3470 3225 adie-

1900 3272 2048 3331 runt,
2079 3263 2320 3319 diximus
2342 3261 2552 3330 tibique
2582 3257 2874 3314 scribimus
2905 3269 2962 3312 ut
2987 3262 3041 3312 in
3077 3261 3470 3316 monasterium

1900 3359 2088 3418 abeas,
2140 3356 2345 3424 ibique,
2396 3361 2456 3407 ut
2509 3351 2835 3422 postulasti,
2890 3351 3229 3406 mansionem
3283 3353 3471 3407 facias.

1898 3448 2167 3516 Quoniam
2202 3457 2387 3501 autem
2425 3443 2494 3500 de
2525 3444 2618 3498 illo
2663 3444 2754 3513 qui
2802 3454 2998 3514 praeest
3035 3453 3087 3498 et
3118 3459 3146 3497 a
3182 3454 3232 3498 te
3272 3444 3472 3499 farinam

1901 3555 2010 3595 non
2063 3538 2286 3602 bonam,
2336 3535 2448 3610 sed.
2490 3549 2613 3606 quae
2652 3535 2951 3589 solitariam
2994 3535 3254 3589 dedeceat
3305 3535 3473 3589 vitam

1903 3630 2236 3702 accepimus,
2257 3638 2313 3684 et
2340 3645 2369 3684 a
2395 3629 2679 3683 monachis
2700 3628 3010 3682 audivimus
3039 3628 3134 3700 qui
3165 3629 3248 3684 his
3277 3628 3474 3684 similia

1901 3725 2165 3790 dicerent,
2202 3724 2451 3778 mittetur
2481 3722 2576 3794 qui
2606 3722 2774 3777 relata
2819 3723 3125 3792 investiget.
3169 3720 3236 3776 Et
3273 3723 3318 3776 si
3359 3723 3480 3792 qui-

1903 3817 2026 3870 dem
2066 3815 2167 3870 hos
2196 3829 2479 3868 sermones
2509 3828 2667 3867 veros
2709 3812 2994 3878 invenerit,
3022 3813 3131 3878 ille,
3164 3823 3224 3867 ut
3251 3828 3474 3882 pravus.

1903 3926 1934 3963 a
1965 3908 2281 3978 praefectura
2335 3907 2714 3972 revocabitur;
2748 3905 2888 3958 alius
2921 3919 3050 3960 vero
3082 3921 3245 3975 quem
3277 3906 3477 3963 fratres

1904 4002 2188 4072 superiore
2217 4001 2338 4055 loco
2385 3999 2610 4067 dignum
2631 3995 2956 4068 iudicabunt
2987 4011 3259 4067 quemque
3289 4007 3475 4054 nostra

1906 4095 2188 4150 humilitas
2213 4088 2580 4146 exatninando
2609 4089 2863 4145 solertem
2902 4090 3208 4159 agnoverit,
3236 4092 3479 4160 regimen

1905 4189 2136 4255 accipiet
2160 4183 2496 4238 monasterii.
2547 4181 2628 4236 Tu
2660 4191 2864 4244 autem,
2899 4182 2994 4246 ﬁli,
3032 4183 3098 4235 ne
3135 4179 3480 4236 obliviscaris

1908 4281 1982 4334 tui
2012 4279 2081 4332 ab
2111 4276 2267 4331 initio
2299 4273 2587 4345 propositi,
2611 4288 2788 4344 neque
2815 4273 2890 4326 tui
2924 4273 3107 4325 cordis
3141 4272 3392 4326 ardorem
3425 4284 3482 4327 et

1909 4373 2148 4426 studium
2204 4369 2543 4434 exstinguas,
2575 4367 2774 4436 quibus
2822 4366 2888 4419 ad
2917 4365 3275 4419 monasticam
3314 4365 3478 4418 vitam

228 4473 352 4535 σίας
380 4474 582 4539 αὐτῶν,
616 4473 769 4544 καὶὴ
801 4475 963 4545 ἡμῶν
1001 4473 1294 4545 μετριότης
1343 4471 1623 4541 ἐπίκρισιν
1676 4490 1785 4525 ποι-

1908 4463 2177 4519 l'estinasti
2204 4479 2220 4529 ;
2252 4464 2346 4516 sed
2380 4460 2557 4531 potius
2581 4459 2760 4514 divina
2789 4459 2964 4529 gratia
2999 4460 3320 4528 adjuvante,
3356 4469 3480 4514 stu-

221 4567 432 4635 ουμένη
476 4569 578 4636 τὴν
630 4566 920 4636 ἱκανότητα
974 4564 1069 4617 τοῦ
1122 4563 1312 4634 ἀνδρὸς
1363 4562 1594 4632 ἐπιγνῷ,
1646 4559 1800 4626 οὗτος

216 4657 547 4721 ἁ-θαδέξεται
595 4658 697 4726 τὴν
751 4657 846 4709 τοῦ
897 4656 1264 4727 μοναστηρίου
1322 4648 1681 4725 προστασίαν.
1722 4655 1795 4706 Σὺ

213 4749 302 4809 δὲ,
337 4748 528 4800 τέκνον
558 4749 737 4818 ἡμῶν,
770 4747 845 4818 μὴ
874 4748 1110 4819 ἐπιλάθῃ
1139 4749 1236 4816 τῆς
1260 4747 1320 4811 ἐξ
1370 4747 1546 4816 ἀρχῆς
1604 4763 1798 4815 προαι⁶

218 4840 455 4908 ρὲσεως,
495 4840 630 4910 μηδὲ
690 4839 1040 4910 κατασϐέσῃς
1089 4839 1149 4891 τὸ
1201 4839 1324 4902 ζέον
1371 4840 1466 4891 καὶ
1517 4838 1799 4909 πρόθυμον

211 4949 320 5001 της

393 4937 490 5001 σὴς
533 4931 784 5001 καρδίας,
833 4932 923 4985 ὅτε
991 4932 1127 5002 πρὸς
1175 4933 1268 4984 τὸν
1339 4933 1551 5003 μονήρη
1595 4931 1710 5001 βίον
1755 4931 2140 4992 κατέσπευδες.

1907 4560 2176 4612 diosioret
2206 4555 2462 4608 intentior
2486 4560 2626 4616 esto,
2648 4560 2905 4618 tanquam
2935 4567 3028 4620 per
3053 4553 3253 4605 scalam
3286 4569 3482 4608 ascen-

1905 4651 2064 4712 dens,
2103 4658 2157 4702 et
2198 4660 2412 4715 semper
2446 4651 2712 4713 quantum
2763 4648 2967 4711 poteris
3020 4643 3086 4696 ad
3114 4659 3174 4697 ea
3208 4660 3330 4713 qua:
3355 4655 3483 4699 ante

1907 4751 2036 4797 sunt
2068 4743 2366 4811 procedens
2388 4779 2403 4805 ,
2446 4753 2552 4791 non
2587 4745 2767 4788 autem
2803 4737 2871 4788 ad
2906 4750 2969 4788 ea
2997 4752 3118 4804 qua:
3166 4750 3293 4791 sunt
3334 4750 3483 4792 retro

1910 4837 2244 4904 regrediens.

2218 4927 2374 4981 Ἀλλὰ
2425 4925 2630 4996 μᾶλλον
2689 4929 2788 5000 τῆς
2832 4928 2981 4990 θεῖας
3023 4926 3371 4996 δυναμούσης
3423 4946 3481 4984 σε

220 5029 448 5098 χάριτος
487 5028 899 5098 προθυμότερος
929 5027 1080 5096 γίνου
1138 5028 1232 5080 καὶ
1262 5026 1645 5097 ἐντονώτερος,
1700 5023 1810 5080 οἷον
1849 5027 1944 5080 tiu
1979 5026 2248 5096 κλίμακός
2312 5043 2458 5090 τινος
2491 5029 2589 5091 τὰς
2663 5027 2957 5088 ἀναϐάσεις
3014 5025 3356 5092 ποιούμενος,
3389 5032 3486 5084 καὶ

225 5129 320 5176 (rei
346 5126 467 5177 ὅσον
495 5125 723 5176 δυνατὸν
763 5121 1075 5192 προϐαίνων
1102 5122 1195 5172 ἐπὶ
1219 5121 1288 5171 τά
1327 5121 1540 5188 πρόσω,
1587 5119 1684 5171 καὶ
1715 5117 1791 5188 μὴ
1831 5122 1964 5188 πρζς
1999 5119 2069 5170 τά
2106 5117 2285 5170 ὀπίσω
2337 5119 2734 5188 στρεφόμενος.

455 5235 598 5304 PQ”.
635 5233 720 5301 τῷ
753 5233 1208 5304 ἁρχιεπισκόπῳ
1245 5229 1577 5300 Χερσῶνος.

299 5345 406 5402 Ἶιν
443 5351 543 5420 μὲν
569 5349 854 5421 ἁρμόδιον,
891 5345 1092 5416 μᾶλλον
1122 5346 1179 5398 δὲ
1211 5345 1564 5414 ὀφειλόμενον
1607 5345 1673 5415 τῇ
1711 5359 1801 5396 τε-

220 5443 460 5504 λειότητί
501 5458 597 5494 σου
653 5443 748 5493 καὶ
783 5441 969 5493 κόπων
1023 5438 1433 5508 καταφρονῆσαι
1482 5439 1574 5490 καὶ
1616 5439 1801 5507 φόϐων

219 5533 338 5586 τῶν
372 5536 434 5583 ἐκ
464 5533 767 5600 θαλάσσης,
796 5533 862 5598 τῇ
896 5527 1106 5582 ἀνωθεν
1166 5526 1343 5578 ἐλπίδι
1393 5527 1802 5595 θρασυνόμενον

219 5627 370 5694 πρὸς
405 5624 468 5677 τά
525 5624 762 5675 ἐνταῦθα
818 5620 1173 5684 καταλαϐεῖν,
1237 5617 1332 5670 τοῦ
1383 5619 1479 5670 καὶ
1529 5619 1659 5688 ἡμῖν
1706 5623 1802 5670 καὶ

215 5719 330 5783 ὅλῳ
372 5715 452 5776 τῷ
481 5714 814 5784 πληρώματι
846 5713 945 5782 τῆς
981 5711 1077 5764 τοῦ
1122 5709 1260 5763 θεοῦ
1303 5709 1632 5779 Ἑκκλησίας
1672 5715 1798 5762 συνο

2274 5228 2409 5284 ενι.
2435 5260 2508 5270 --
2533 5232 2818 5287 Chersom's
2853 5234 3118 5304 episcopo.

1977 5348 2232 5410 Decebat,
2271 5347 2380 5400 imo
2417 5363 2544 5401 vero
2587 5351 2875 5415 oportebat
2903 5361 3050 5403 tuam
3089 5349 3482 5420 perfectionem

1902 5438 2179 5492 molestias
2207 5451 2558 5491 contemnere
2587 5450 2635 5492 et
2675 5441 2897 5493 timores
2939 5445 3030 5510 qui
3066 5455 3094 5493 a
3130 5443 3264 5494 mari
3299 5443 3484 5494 orion-

1899 5540 2010 5594 tur,
2048 5532 2103 5585 iu
2163 5531 2345 5583 divina
2393 5546 2486 5600 Spe
2536 5535 2898 5587 confidentem
2951 5543 3000 5586 te
3037 5549 3211 5602 usque
3260 5536 3325 5587 ad
3381 5550 3485 5590 nos

1900 5631 2286 5690 perventurum
2342 5631 2399 5674 ut
2453 5623 2728 5676 nobismm
2782 5632 2836 5676 et
2889 5638 3011 5675 cum
3081 5624 3330 5678 universa
3393 5625 3486 5681 Dei

1901 5713 2158 5769 Ecclesia:
2220 5712 2552 5782 plenitudine
2616 5715 2963 5782 eougaudeas
3021 5724 3074 5768 et
3125 5714 3362 5780 laeteris.
3428 5729 3487 5772 ut
