4038 6204
362 280 466 344 329

1819 288 2228 353 EPISTOLJE.

3495 307 3604 367 830

361 396 639 469 ἀνώτερον
700 398 882 467 πάσης
908 396 1082 469 λύπης
1146 400 1412 455 διατελεῖν
1470 403 1787 465 ἐπιθέσεως
1845 404 1938 456 καὶ

2045 404 2400 458 sanctissimo
2435 402 2544 459 Deo
2579 405 2645 460 de
2684 408 2785 462 hoc
2817 407 3019 479 gratias
3046 408 3276 477 egimus,
3311 424 3364 467 et
3388 427 3612 471 oramus

359 491 438 560 τῷ
478 491 620 561 ἁγίῳ
671 490 791 560 θεῷ
844 491 876 560 ὴ
923 491 1018 543 ἐπὶ
1054 490 1214 545 τοῦτο
1259 491 1582 563 εὐχαριστία
1627 495 1758 563 ἡμῖν
1798 494 1938 546 ἀπο-

360 583 589 645 δέδοται,
622 582 715 635 καί¹
750 581 1025 653 εὐχόμεθα
1055 583 1290 636 πάντοτε
1319 583 1580 651 τοιαύτης
1610 599 1676 636 πε
1690 584 1741 651 pi
1782 583 1938 652 ὑμῶν

361 674 626 742 ἀγγελίας
653 672 948 743 τυγχάνειν
988 673 1249 741 ἀγγέλου.
1296 674 1515 743 Ἐπειδὴ
1541 674 1598 727 δὲ
1651 673 1763 727 τῶν
1787 692 1930 746 πρα-

361 765 589 834 γμάτων
621 764 679 816 αἱ
733 764 1088 834 περιστάσεις
1124 764 1226 817 οὐκ
1255 763 1416 818 ἐῶσιν
1460 766 1608 835 ἡμᾶς
1655 766 1935 831 ἀναπνεῖν,

365 855 460 907 καὶ
489 854 565 918 ὡς
599 857 659 907 ὲν
682 852 953 916 τοιούτοις
982 854 1531 925 περιστοιχιζόμενοι,
1560 854 1816 925 δεόμεθα,
1838 856 1937 909 άν-

2039 498 2265 550 omnino
2296 506 2355 551 ut
2381 496 2541 551 talem
2568 497 2633 552 dc
2658 506 2708 552 te
2735 499 2985 553 nuntium
3014 514 3231 568 semper
3256 504 3608 571 accipiamus.

2038 582 2306 649 Quoniam
2379 600 2508 639 vero
2558 601 2742 640 rerum
2787 588 3050 658 angustia:
3106 602 3207 641 nos
3261 604 3366 643 non
3429 592 3617 648 sinunt

2041 674 2333 744 respirare,
2388 686 2436 729 et
2470 678 2579 732 illis
2608 678 2764 746 quasi
2808 678 2971 733 cincti
3008 679 3337 748 indigemus,
3367 682 3615 740 homines

2041 766 2265 831 inﬁrmi,
2314 768 2694 823 assistentium
2731 772 3107 826 consolatione
3140 772 3274 841 (scis
3313 784 3495 829 autem
3526 777 3619 830 ui-

2044 857 2117 911 hil
2150 859 2223 912 ita
2254 860 2526 915 consolari
2551 870 2610 915 ut
2638 862 2872 918 ﬁliorum
2906 866 3421 936 conversationem),
3457 875 3618 936 opta-

364 946 577 1016 θρωποι
624 946 876 998 ταπεινοὶ
920 944 1096 1010 ὄντες,
1126 943 1223 997 καὶ
1270 944 1372 1014 τῆς
1410 946 1475 997 ἐκ
1517 944 1623 999 τῶν
1670 944 1937 998 συνόντων

2042 946 2236 1003 bamus
2261 957 2321 1004 ut
2350 951 2639 1007 nobiscum
2674 968 2843 1009 esses.
2881 955 2935 1009 Si
2972 956 3136 1026 igitur
3166 973 3276 1013 non
3307 962 3618 1015 necessario

365 1037 710 1107 παρηγορίας
737 1032 909 1105 (οἶδας
936 1035 991 1088 δὲ
1013 1036 1096 1088 δτι
1121 1034 1277 1088 οὐδὲν
1302 1033 1447 1087 οὕτω
1483 1036 1816 1105 παρηγορεῖ,
1861 1035 1938 1098 ὡς

2043 1049 2096 1093 te
2127 1055 2215 1095 res
2253 1041 2375 1097 istic
2407 1043 2663 1110 retinent,
2696 1046 2815 1101 veni
2843 1048 2908 1102 ad
2941 1063 3062 1103 nos.
3110 1049 3167 1103 Si
3199 1059 3354 1120 urget
3381 1054 3619 1107 necessi-

366 1126 398 1195 ἡ
438 1127 549 1179 τῶν
585 1127 795 1181 τέκνων
841 1123 1177 1194 συνομιλία),
1214 1124 1554 1194 ἐϐουλόμεθα
1599 1127 1657 1179 ἐν
1706 1124 1938 1194 τοιούτῳ

2044 1141 2151 1193 tas,
2204 1130 2396 1186 saltem
2448 1143 2715 1203 quantum
2764 1139 2972 1206 poteris
3018 1140 3177 1195 nobis
3212 1142 3318 1195 tuis
3362 1143 3617 1212 precibus

363 1219 541 1290 καιρῷ
577 1218 675 1273 σὺν
705 1220 839 1289 ἡμῖν
873 1214 1035 1271 εἶναι.
1087 1217 1148 1269 Ei
1187 1216 1288 1285 μὲν
1315 1212 1411 1271 οὖν
1439 1216 1542 1270 οὐκ
1594 1216 1740 1269 εστιν
1771 1217 1938 1284 ἀναγ-

2043 1219 2251 1274 adesto.
2294 1227 2371 1275 Ac
2401 1231 2490 1277 tua
2518 1224 2829 1293 prasentia,
2875 1227 3130 1297 quoniam
3159 1242 3267 1283 non
3316 1244 3463 1283 nunc
3492 1245 3616 1299 per-

365 1312 625 1381 καιότερα
654 1310 721 1363 τὰ
747 1311 804 1362 ἐν
829 1311 941 1371 τοῖς
971 1307 1161 1361 αὐτόθι
1196 1307 1499 1381 πράγματα
1529 1307 1667 1377 πρὸς
1690 1307 1792 1379 τὴν
1834 1308 1937 1378 σὴν

2042 1311 2295 1378 mittitur,
2327 1314 2421 1368 ﬁet
2462 1315 2688 1370 omnino
2720 1318 2941 1388 quando
2972 1318 3118 1374 Deus
3146 1319 3397 1376 voluerit.
3443 1320 3619 1376 Caete-

364 1404 671 1472 ἐπίσχεσιν,
715 1402 1033 1472 παραγενοῦ
1078 1401 1216 1473 πρὸς
1248 1402 1420 1472 ἡμᾶς.
1479 1401 1543 1454 Ei
1584 1400 1627 1453 δ’
1680 1399 1799 1453 ἔστι
1850 1416 1937 1463 τις

2042 1418 2159 1456 rum
2192 1417 2291 1473 pro
2332 1413 2422 1458 tua
2469 1405 2701 1462 sanitate
2748 1418 2872 1463 vota
2930 1408 3236 1477 fundimus,
3276 1420 3331 1467 et
3365 1412 3617 1482 cupimus
3686 1484 3689 1487 _

362 1494 579 1562 ἀνάγκη
608 1494 977 1565 δυνατωτέρα,
1025 1492 1165 1556 τέως
1200 1495 1337 1563 ἡμῖν
1366 1495 1488 1556 ταῖς
1521 1492 1699 1556 ὁσίαις
1744 1493 1935 1563 εὐχαῖς

2042 1500 2098 1547 ιιι
2130 1502 2329 1549 nostrae
2361 1496 2686 1552 humilitatis
2713 1498 3048 1556 memineris.

360 1589 462 1660 δση
488 1589 717 1654 δύναμις
769 1587 1085 1651 συνίστασο,
1134 1588 1232 1641 καὶ
1277 1589 1309 1657 ἡ
1345 1586 1641 1659 παρουσία,
1686 1588 1811 1640 ἐπεὶ
1863 1585 1938 1658 μὴ
1980 1586 2076 1639 νῦν
2125 1592 2517 1659 συγχωρεῖται,
2591 1591 2810 1656 πάντως
2851 1593 2982 1648 ὅταν
3022 1595 3153 1661 Θεὸς
3191 1599 3318 1669 διδῷ
3383 1603 3617 1673 γενήσει

362 1698 473 1737 ται.
509 1681 591 1734 Τά
617 1679 661 1733 δ’
690 1679 824 1735 ἀλλα
851 1679 1130 1752 ἐρῤῶσθαί
1172 1696 1232 1732 σε
1261 1678 1630 1765 ἐπευχόμεθα,
1662 1679 1757 1733 καὶ
1788 1679 2105 1750 μεμνῆσθαι
2131 1680 2231 1750 τῆς
2259 1684 2291 1751 ἠ
2302 1681 2421 1752 μῶν
2462 1685 2836 1756 μετριότητος.

785 1794 928 1848 PII”.
960 1795 1188 1862 Νικήτᾳ
1230 1794 1509 1863 Ἀθηνῶν.

2440 1796 2620 1854 CXIII.
2653 1799 2856 1856 Nicetw
2882 1803 3205 1860 Atheniensi.

436 1905 548 1961 Καὶ
585 1905 921 1976 κυϐερνήτης
950 1906 1172 1976 ἄριστος
1202 1904 1312 1959 τῶν
1356 1905 1727 1975 βαπτιζόντων
1758 1906 1929 1978 κυμά-

365 2017 472 2054 των
517 1998 619 2070 τὴν
672 1997 915 2051 ἔκκλισιν
969 1998 1205 2051 ποιεῖται
1238 1997 1325 2053 διά
1368 1998 1647 2069 προνοίας,
1674 1998 1789 2052 ἀλλ’
1819 1998 1941 2069 οὐχὶ

366 2091 504 2159 πρὸς
534 2089 722 2142 ἐκεῖνα
761 2087 1082 2141 συνωθεῐται
1111 2087 1178 2141 δι’
1222 2080 1299 2143 ὧν
1357 2088 1541 2157 μέλλει
1576 2087 1737 2142 πλέον
1772 2106 1940 2141 κατα-

366 2179 745 2245 ϐαπτίζεσθαι.
774 2180 885 2233 Καὶ
932 2178 1115 2251 ἰατρὸς
1147 2174 1191 2249 ᾧ
1226 2194 1289 2247 γε
1336 2178 1405 2231 δι’
1434 2179 1750 2249 ἐπιμελείας
1792 2181 1940 2233 ἐστὶν

365 2275 397 2345 ἡ
431 2273 677 2344 σωτηρία
716 2271 813 2324 τοῦ
858 2272 1184 2343 κάμνοντος,
1234 2272 1469 2341 σπουδὴν
1513 2272 1857 2342 ἀναδέχεται,
1890 2274 1937 2324 εί

370 2366 448 2437 μὴ
481 2364 710 2418 δυνατὸν
765 2363 1042 2426 παντελῶς
1094 2362 1468 2431 θεραπεῦσαι,
1527 2364 1662 2418 ἀλλά
1700 2382 1763 2432 γε
1802 2364 1938 2427 τέως

366 2458 670 2513 ἐλαττῶσαι
691 2457 751 2510 τὸ
778 2455 1089 2526 διενοχλοῦν
1137 2457 1484 2527 ἀρρώστημα
1508 2456 1779 2526 φάρμακα
1809 2473 1937 2510 συν-

364 2553 595 2608 τιθέναι.
636 2550 863 2615 Συνίεις,
900 2547 1071 2619 οἶμαι,
1104 2550 1197 2601 τοῦ
1230 2548 1520 2619 προοιμίου
1547 2550 1606 2600 τὸ
1645 2548 1893 2619 βούλημα
1921 2563 1935 2577 ’

369 2646 527 2715 εἰμὴ
583 2644 802 2707 ἑκόντες
852 2642 1078 2705 ἐαυτούς
1124 2644 1189 2713 τῇ
1239 2641 1433 2712 ἀγνοίᾳ
1471 2642 1845 2712 παρέσχομεν,
1879 2642 1936 2711 ,ἡ

369 2738 462 2790 τοῦ
488 2734 626 2789 Θεοῦ
668 2733 969 2804 Ἐκκλησία
1013 2734 1071 2787 ἐν
1100 2732 1337 2804 τοσαύτῃ
1381 2732 1518 2804 ζάλῃ
1555 2732 1647 2787 καὶ
1674 2732 1938 2803 τρικυμία

370 2828 703 2897 καθέστηκε,
729 2826 825 2880 καὶ
855 2825 1110 2889 τοσοῦτος
1141 2825 1264 2879 καθ’
1281 2826 1439 2897 ήμῶν
1458 2824 1548 2877 διὰ
1573 2824 1681 2877 τῶν
1712 2824 1935 2890 ἔσωθεν,

369 2920 463 2973 καὶ
483 2919 571 2973 sta
601 2918 712 2973 τῶν
742 2917 944 2985 ἔξωθεν
985 2919 1257 2985 ἐγείρεται
1298 2916 1527 2982 κλύδων,
1566 2916 1641 2979 ὡς
1672 2915 1941 2970 καθ’ἑκά-

372 3027 504 3080 στην
539 3010 777 3081 ἡμέραν,
816 3008 1018 3077 μᾶλλον
1051 3008 1106 3061 δὲ
1158 3009 1333 3061 είπεῖν
1361 3007 1535 3080 ὥραν,
1571 3010 1670 3078 τὴν
1701 3007 1937 3078 παντελῆ

2111 1907 2363 1978 Optimus
2397 1910 2633 1982 quisque
2664 1913 2999 1983 gubernator
3042 1921 3337 1986 prudenter
3373 1922 3617 1982 intume-

2041 2010 2258 2055 scentes
2289 2001 2424 2055 vitat
2451 2001 2677 2070 ﬂuctus,
2699 2014 2753 2060 et
2779 2005 2845 2061 ad
2882 2007 3005 2062 illos
3038 2023 3230 2065 navem
3270 2027 3375 2069 non
3408 2015 3613 2088 dirigit,

2040 2090 2241 2161 quibus
2294 2092 2513 2162 penitus
2557 2095 2927 2163 obrueretur;
2970 2098 3049 2154 sic
3098 2101 3344 2159 medicus
3375 2120 3614 2179 quoque,

2040 2183 2131 2252 qui
2169 2192 2286 2239 arte
2333 2199 2433 2240 sua
2480 2183 2829 2242 inﬁrmorum
2875 2204 3066 2245 curam
3101 2195 3353 2265 suscipit,
3388 2212 3612 2267 operam

2041 2274 2330 2343 impendit,
2379 2278 2483 2333 etsi
2539 2287 2875 2350 aegrotantes
2929 2282 3088 2352 plane
3135 2287 3364 2342 reddere
3391 2291 3614 2346 sanitati

2042 2380 2146 2419 non
2174 2367 2365 2435 possit,
2395 2370 2698 2425 remedium
2728 2372 2969 2439 adhibet,
3000 2381 3061 2428 ut
3085 2376 3373 2433 molestam
3403 2381 3617 2438 minuat
3690 2392 3693 2397 '

2042 2455 2435 2513 inﬁrmitatem.
2481 2457 2602 2515 Jam
2638 2462 2814 2526 vides,
2852 2464 2928 2517 uti
2976 2476 3125 2533 puto,
3176 2482 3289 2537 quo
3326 2472 3612 2526 exordium

2043 2549 2249 2603 tendat.
2282 2548 2345 2603 Ni
2370 2550 2622 2606 lubenter
2663 2554 3028 2623 nosmetipsos
3080 2558 3403 2627 ignorantia
3433 2562 3614 2616 trada-

2042 2653 2184 2704 mus,
2219 2640 2403 2698 videre
2440 2650 2524 2697 est
2552 2643 2854 2699 Ecclesiam
2894 2645 2986 2700 Dei
3017 2647 3073 2700 in
3104 2655 3255 2703 tanta
3291 2658 3616 2722 tempestate

2042 2731 2301 2799 positam,
2340 2733 2506 2790 tantis
2554 2735 2914 2808 undecunque
2956 2739 3267 2798 furentibus
3311 2743 3610 2802 ﬂuctibus:

2041 2832 2221 2879 tantas
2282 2826 2429 2880 enim
2499 2827 2643 2882 circa
2702 2844 2799 2885 vos
2880 2831 3118 2887 volvitur
3153 2833 3295 2890 intra
3351 2847 3405 2892 et
3455 2846 3609 2895 extra

2040 2916 2275 2972 excitata
2316 2932 2537 2989 vorago,
2586 2930 2648 2976 ut
2725 2936 2820 2991 per
2846 2923 3093 2994 singulos
3122 2926 3262 2991 dies,
3291 2928 3399 2983 imo
3419 2934 3614 3000 quavis

2041 3008 2176 3062 liora
2210 3024 2280 3064 ne
2308 3008 2559 3067 funditus
2594 3013 2979 3085 demergamur
3011 3018 3083 3072 sit
3113 3022 3489 3079 metuendum.
3530 3025 3613 3081 Tu

372 3101 667 3155 κατάδυσιν
690 3101 930 3167 ἐλπίζειν
953 3116 969 3132 ⁸
1001 3100 1183 3154 καὶσὺ
1208 3100 1543 3164 ἐπισκόπους
1563 3100 1671 3153 τῶν
1713 3100 1938 3171 Ἐκκλη-

2045 3108 2225 3155 autem
2265 3117 2330 3157 ex
2406 3104 2986 3176 ecclesiisepiscopos
3035 3111 3103 3165 ab
3142 3112 3253 3168 illis
3310 3116 3612 3185 ordinatos,

373 3194 505 3249 σιῶν
561 3193 808 3256 ἐλαύνεις
850 3192 975 3256 τοὺς
1032 3191 1124 3245 ὐπ’
1171 3192 1398 3245 ἐκείνων
1439 3189 1937 3262 χειροτονηθέντας,

370 3285 464 3349 ei);
512 3285 668 3339 οὐπω
714 3286 819 3339 ὑπὸ
871 3285 1195 3357 καθαίρεσιν
1254 3286 1508 3355 προφανῆ
1567 3283 1936 3355 πεποιήμεθα.

374 3381 443 3432 Ἦ
475 3377 668 3447 λέληθέ
696 3395 753 3430 σε
804 3376 880 3439 ὡς
913 3376 1038 3430 οὗτε
1077 3377 1278 3443 Σάϐας,
1311 3376 1339 3427 ὁ
1364 3375 1471 3445 πρὸ
1503 3375 1597 3429 σοῦ
1632 3376 1722 3429 τὸν
1751 3376 1940 3446 θρόνον

371 3471 569 3525 διέπων
595 3469 706 3522 τῶν
747 3467 1012 3537 Ἀθηνῶν,
1044 3467 1167 3521 οὐτε
1192 3470 1274 3530 τις
1305 3468 1491 3536 ἕτερος
1519 3468 1627 3521 τῶν
1652 3467 1940 3536 ὁμοταγῶν

372 3563 565 3631 ἐκείνῳ
601 3561 705 3613 ὑπὸ
726 3560 1047 3630 καθαίρεσιν
1076 3560 1289 3627 γέγονε,
1321 3560 1462 3630 πλὴν
1490 3560 1600 3613 τῶν
1618 3559 1939 3628 φθασάντων

372 3655 658 3725 τεσσάρων
683 3651 1046 3723 καθῃρῆσθαι,
1082 3651 1177 3705 τοῦ
1220 3669 1280 3706 τε
1315 3652 1627 3723 Δημητρίου
1656 3652 1822 3724 φημὶ,
1847 3656 1942 3706 καὶ

374 3745 637 3817 Γαϐριὴλ,
660 3744 754 3797 καὶ
796 3744 1118 3815 Γρηγορίου,
1174 3743 1271 3796 καὶ
1309 3745 1527 3814 Κοσμᾶ,
1569 3743 1627 3807 ὃς
1659 3746 1708 3796 εί
1738 3745 1833 3797 καὶ
1865 3744 1941 3813 μὴ

372 3836 460 3891 διά
489 3838 589 3906 τὴν
654 3836 824 3906 αὐτὴν
874 3837 1054 3888 αἰτίαν
1108 3838 1221 3897 τοῖς
1252 3835 1433 3899 ἄλλοις
1479 3836 1679 3907 τρισὶν,
1709 3834 1848 3889 ἀλλά
1876 3852 1940 3904 γε

372 3928 460 3980 διά
519 3926 617 3990 τὰς
656 3928 716 3980 ἐν
761 3930 828 3997 τῇ
872 3926 1058 3997 Ῥώμῃ
1108 3926 1485 3996 ψευδολογίας,
1522 3928 1589 3997 τῇ
1622 3926 1941 3997 καθαιρέσει

374 4019 741 4089 ὑποϐέϐληται
763 4035 779 4085 ;
804 4017 988 4071 Πάντα
1016 4015 1195 4088 καιρῷ
1235 4017 1349 4087 ίδίῳ
1394 4017 1729 4071 διευθύνεται
1750 4032 1763 4048 ·
1794 4018 1857 4070 τὸ
1883 4016 1940 4069 δέ

372 4110 523 4179 παρὰ
576 4110 669 4163 τὸν
717 4110 1067 4181 προσήκοντα
1126 4107 1316 4178 καιρὸν
1375 4108 1690 4177 γινόμενον,
1752 4107 1943 4180 ὥσπερ

374 4202 565 4265 ἀτελές
587 4204 705 4255 ἐστι
721 4218 736 4232 ο
758 4202 823 4253 τὸ
849 4201 906 4254 δὲ
930 4200 1117 4262 ἀτελὲς
1143 4201 1357 4269 ἀνάγκη
1402 4199 1822 4270 ἀποστερεῖσθαι
1850 4199 1944 4253 καὶ

376 4293 657 4364 διαμονῆς.
695 4293 843 4346 Ἔδει
895 4288 991 4345 οὖν
1048 4308 1106 4344 σε
1142 4292 1233 4344 τὸν
1275 4292 1466 4359 καιρὸν
1507 4292 1940 4363 κατανοήσαντα,

376 4385 471 4439 καὶ
499 4385 606 4439 τῶν
632 4385 977 4456 πραγμάτων
1007 4384 1105 4455 τὴν
1139 4384 1479 4453 ἀνωμαλίαν,
1510 4384 1677 4455 μηδὲν
1711 4384 1943 4453 διαπρά-

2044 3206 2185 3259 quos
2234 3193 2479 3249 nondum
2532 3197 2750 3266 publice
2796 3200 3175 3269 deposuimus,
3232 3221 3472 3264 amoves.
3531 3212 3613 3266 An

2044 3282 2185 3354 l'ugit
2213 3299 2285 3347 te,
2318 3299 2419 3340 nec
2444 3286 2665 3354 Sabam,
2703 3290 2795 3359 qui
2826 3300 2955 3347 ante
2994 3302 3047 3346 te
3090 3295 3272 3349 sedem
3307 3314 3615 3370 occupave-

2042 3384 2128 3430 rat
2158 3376 2599 3444 Atheniensium,
2632 3396 2732 3436 nec
2777 3384 2945 3438 alium
2994 3401 3324 3458 quemquam
3373 3404 3404 3445 ο
3449 3395 3614 3449 sociis

2044 3465 2354 3536 depositum
2405 3467 2577 3524 fuisse
2622 3480 2822 3540 prazter
2860 3484 3098 3543 quatuor
3147 3480 3471 3544 anteriores,
3511 3483 3612 3537 De-

2044 3560 2301 3612 metrium
2343 3560 2485 3624 dico,
2516 3560 2847 3629 Gabrielem,
2885 3564 3208 3636 Gregorium
3241 3578 3295 3624 et
3325 3572 3577 3637 Cosmam
3597 3616 3612 3640 ,

2043 3649 2136 3717 qui
2167 3650 2387 3719 quidem
2416 3666 2523 3706 non
2558 3654 2629 3707 ob
2670 3655 2940 3719 eamdem,
2974 3671 3039 3711 ac
3089 3665 3200 3714 tres
3233 3660 3327 3714 alii
3369 3677 3614 3727 causam,

2044 3742 2137 3795 sed
2189 3750 2409 3812 propter
2458 3745 2763 3801 calumnias
2796 3745 2981 3802 Roma:
3012 3762 3341 3822 propagatas
3400 3770 3431 3810 a
3488 3758 3617 3812 sede

2045 3840 2290 3887 remotus
2348 3841 2454 3889 est.
2509 3836 2700 3892 Omnia
2758 3846 2813 3892 et
2869 3839 3081 3910 singula
3139 3857 3240 3897 suo
3291 3845 3616 3902 ordinantur

2046 3930 2336 3991 tempore;
2392 3924 2657 3994 quidquid
2720 3937 2900 3983 autem
2971 3934 3313 3989 convenienti
3374 3948 3616 4007 tempore

2046 4022 2327 4082 peractum
2370 4030 2477 4070 non
2517 4016 2705 4082 fuerit,
2745 4020 2851 4073 erit
2897 4019 3319 4092 imperfectum;
3362 4027 3619 4098 imperfe-

2045 4116 2191 4159 ctum
2231 4114 2412 4160 autem
2460 4109 2771 4164 necessario
2819 4125 2928 4164 non
2983 4113 3168 4168 stabit.
3204 4116 3360 4179 Quod
3383 4119 3429 4172 si
3478 4128 3617 4173 tem-

2045 4210 2177 4266 pora
2219 4197 2583 4266 ponderasses
2617 4208 2671 4253 et
2708 4215 2891 4255 rerum
2925 4201 3297 4269 difﬁcultates,
3336 4223 3615 4277 nunquam

2047 4286 2273 4343 fecisses
2305 4303 2426 4357 qua:
2450 4291 2548 4343 abs
2578 4297 2631 4345 te
2667 4300 2799 4345 sunt
2823 4303 3065 4361 peracta.
3102 4294 3367 4363 Equidem
3400 4301 3617 4354 nescius

2048 4393 2193 4445 sum,
2230 4380 2507 4448 quomodo
2539 4382 2605 4437 ad
2634 4381 2723 4436 illa
2756 4383 3014 4440 incitatus
3044 4386 3230 4440 fueris.
3284 4387 3342 4441 Si
3391 4406 3495 4458 qua
3522 4393 3617 4448 tibi

379 4473 573 4537 ξασθαι
632 4470 742 4527 οἷόν
798 4490 878 4526 σοι
921 4474 1346 4543 διαπέπρακται.
1398 4473 1550 4525 Ἐπεὶ
1602 4474 1659 4525 δὲ
1702 4474 1801 4526 οὐκ
1830 4467 1938 4526 οῖδα

2051 4485 2181 4525 cura
2203 4480 2287 4526 est
2306 4487 2373 4527 ne
2403 4473 2636 4542 amplius
2655 4474 2903 4530 turbetur
2934 4474 3197 4543 Ecclesia,
3228 4492 3405 4549 neque
3432 4491 3619 4536 nostra

376 4567 522 4627 ὅπως
548 4567 627 4628 είς
658 4564 817 4617 τοῦτο
871 4565 1176 4635 προήχθης,
1227 4564 1444 4627 πάντως
1493 4563 1545 4616 εί
1579 4565 1631 4617 τί
1668 4581 1749 4618 σοι
1790 4565 1938 4635 μέλει

2051 4573 2277 4618 vexetur
2304 4563 2611 4630 humilitas,
2646 4566 2962 4637 episQOpatu
2994 4566 3252 4639 fungatur
3282 4571 3364 4624 vir
3402 4580 3456 4625 et
3496 4588 3621 4640 per-

379 4661 505 4731 περὶ
529 4657 622 4710 τοῦ
659 4657 733 4728 μὴ
754 4658 845 4709 ἐπί
875 4656 1038 4709 πλέον
1073 4654 1428 4726 χειμάζεσθαι
1462 4656 1560 4725 τὴν
1591 4655 1938 4724 Ἐκκλησίαν,

2051 4663 2290 4721 maneat,
2330 4654 2504 4709 donec
2546 4656 2746 4726 placita
2797 4656 3053 4714 Ecclesia:
3103 4660 3518 4716 manilcstentur
3566 4673 3621 4717 et

381 4752 473 4803 καὶ
498 4752 631 4821 περὶ
654 4752 749 4819 τῆς
774 4752 807 4819 ὴ
818 4750 933 4820 μῶν
976 4750 1330 4819 μετριότητος
1373 4748 1471 4817 τῆς
1507 4748 1737 4801 καθόσον
1763 4750 1938 4819 ἐγχω-

2054 4745 2446 4800 malevolorum
2466 4746 2788 4816 disceptatio
2814 4747 2971 4802 cedat
2996 4749 3051 4802 in
3080 4749 3510 4816 damnationem,
3538 4755 3618 4810 vel

386 4844 467 4910 ρεῖ
492 4843 751 4907 ἀνέσεως,
789 4841 886 4911 τὴν
910 4841 1217 4912 ἐπισκοπὴν
1245 4844 1273 4894 ὁ
1300 4840 1583 4911 ἄνθρωπος
1606 4840 1938 4906 ὀιτιολαυέτω¹

2058 4836 2221 4890 aliam
2255 4838 2670 4893 conversionem
2704 4839 2924 4894 habeat.
2954 4838 3128 4896 Iubeo
3151 4851 3201 4898 te
3230 4844 3411 4898 valere
3439 4847 3621 4919 anima

380 4931 472 4980 καὶ
507 4930 811 4997 διαμενέτω
847 4928 951 4992 ἕως
986 4929 1052 4983 ἂν
1104 4930 1178 4982 τὰ
1226 4929 1485 4982 δοκοῦντα
1539 4932 1604 4998 τῇ
1648 4927 1938 5000 Ἐκκλησία

2048 4937 2101 4979 ει
2134 4940 2383 4994 corpore,
2428 4936 2483 4979 et
2532 4926 2893 4982 humilitatem
2943 4940 3192 4985 nostram
3226 4933 3478 5002 precibus
3513 4936 3619 4989 tuis

382 5022 459 5081 ei;
496 5020 669 5089 πέρας
696 5021 860 5086 ἔλθοι,
890 5021 985 5073 καὶ
1015 5022 1049 5090 ἡ
1079 5021 1207 5091 περὶ
1252 5021 1360 5075 τῶν
1391 5023 1735 5074 πταισάντων
1774 5021 1938 5090 ἀμφι-

2049 5018 2515 5071 commendamus.

379 5110 533 5163 ϐολία
559 5113 765 5183 ἐναργῆ
788 5114 1115 5183 κατάκρισιν
1167 5112 1201 5183 ἢ
1272 5113 1439 5183 ἀλλην
1508 5113 1630 5165 τινὰ
1671 5113 1893 5181 δέξηται
1961 5109 2303 5181 οἰκονομίαν.
2373 5109 2682 5181 Ἑρῤῶσθαί
2745 5128 2805 5165 σε
2876 5112 2972 5166 καὶ
3058 5110 3203 5185 ψυχῇ
3262 5116 3360 5168 καὶ
3408 5115 3619 5189 σώματι

380 5202 747 5273 ἑπευχόμεθα,
791 5204 1013 5273 καὶτῆς
1063 5203 1219 5275 ὴμῶν
1261 5204 1662 5274 ὐπερεύχεσθαι
1718 5203 2095 5275 μετριότητος.

546 5319 689 5372 PIA’.
726 5319 1025 5385 Βασιλείῳ
1067 5320 1474 5416 primario}qu
1504 5318 1787 5384 Χαλδιάς.

2292 5313 2477 5371 CXIV.
2512 5314 2714 5371 Basilio
2750 5315 2989 5372 Cltaldite
3012 5318 3380 5387 metropolitw.

464 5435 527 5488 Ἡ
565 5436 662 5505 μὲν
696 5433 953 5497 ὑπόθεσις
1003 5433 1096 5486 τοῦ
1156 5435 1482 5505 γράμματος
1523 5434 1800 5502 ἀναγκαία
1851 5433 1938 5503 μὲι

2117 5428 2296 5500 Hujus
2327 5430 2570 5499 epistolae
2592 5432 2822 5486 materia
2852 5430 3137 5486 tabellario
3161 5432 3471 5488 necessaria
3503 5445 3625 5500 est;

381 5527 460 5596 τῷ
491 5525 774 5591 κομίζοντι
807 5525 869 5575 τὸ
902 5525 1158 5594 γράμμα.
1187 5525 1285 5578 Διὰ
1306 5525 1464 5578 τοῦτο
1499 5528 1593 5579 καὶ
1617 5524 1938 5597 πληροῦντες

2048 5522 2203 5591 cujus
2254 5523 2475 5593 quidem
2521 5524 2882 5594 postulationi
2912 5522 3314 5582 satisfacientes
3344 5526 3621 5583 scribendi

380 5617 480 5685 τὴν
515 5616 699 5683 δέησιν
720 5612 883 5666 αὐτοῦ
916 5614 1010 5665 καὶ
1040 5613 1138 5682 τὴν
1169 5614 1425 5667 ὐπόῖεσιν
1454 5615 1661 5685 ταύτην
1694 5615 1787 5668 τοῦ
1818 5615 1938 5685 γρά-

2051 5628 2241 5669 ausam
2288 5617 2611 5683 habuimus.
2665 5615 2893 5671 Materia
2944 5617 3060 5686 ipsa
3100 5626 3279 5671 autem
3330 5620 3489 5676 nobis
3526 5638 3625 5676 nec

383 5724 509 5776 φειν
542 5706 880 5773 ἐσχὴκαμεν.
930 5704 1092 5775 Ἡμῖν
1120 5705 1177 5758 δὲ
1210 5704 1332 5760 οὐτε
1390 5706 1656 5779 πρότερον
1683 5706 1806 5760 οὔτε
1859 5706 1938 5760 vin

2053 5715 2213 5764 antea
2249 5724 2349 5766 nec
2381 5710 2673 5766 hodiedum
2706 5708 2917 5764 videtur
2940 5707 3269 5762 necessaria.
3298 5708 3624 5785 Nobispnim

629 5797 895 5860 ΡΑτιιοι..
923 5800 1039 5857 GR.
1067 5799 1232 5861 CXI.
3188 5798 3248 5858 ll
