4038 6204
422 273 537 338 331
1487 218 1493 223 .
1555 264 1861 327 NICOLAI
1901 262 1991 323 (ΖΡ

2096 248 2566 319 ‘ATRIARCILE
3560 260 3669 323 332

428 384 573 439 nulla
608 378 923 451 disquisitio
944 386 1028 433 est
1060 391 1127 432 an
1156 377 1331 446 pietas
1357 384 1449 429 tua
1482 374 1645 429 alicui
1680 388 1849 429 causa
1893 374 1991 427 do-

2101 370 2276 424 ὲδόκει
2303 370 2581 439 ἀναγκαία
2609 369 2643 440 ἠ
2666 368 2942 433 ὑπόθεσις.
2970 369 3047 423 Οὐ
3078 368 3185 440 γὰρ
3212 368 3561 439 κατέστημεν
3593 371 3674 433 είς

424 477 580 539 loris,
626 474 751 543 jure
793 480 887 525 aut
940 469 1239 533 immerito,
1267 482 1389 522 esse
1437 466 1705 531 voluerit;
1753 474 1993 519 attamen

424 566 542 620 fieri
584 570 763 633 potest
793 568 853 613 ut
880 561 1006 613 talis
1034 560 1178 612 adsit
1215 571 1405 620 causa,
1435 555 1617 624 qualis
1652 555 1912 608 facillime
1942 564 1997 608 et

423 656 726 725 saepissime
777 653 922 706 inter
962 650 1212 704 homines
1258 648 1504 703 dolorem
1537 646 1755 702 excitat.
1790 644 1885 700 His
1939 645 2003 698 in-

422 750 587 803 rebus
606 747 651 802 si
670 746 817 815 quod
844 743 1051 798 doloris
1072 742 1303 795 lenimen
1326 749 1567 810 apparet,
1587 746 1855 809 aegrotans
1885 750 1996 790 non

420 839 652 903 dolebit;
706 845 763 891 at
794 836 838 891 si
882 836 1087 889 malum
1134 832 1437 887 insanabile
1471 830 1729 895 evaserit,
1769 844 1839 883 ne
1865 838 1997 882 tunc

422 930 638 1000 quidem
673 937 728 981 tu
755 926 957 981 dolenti
978 924 1350 979 doloris-causa
1372 923 1501 983 eris,
1524 921 1617 976 sed
1647 920 1787 975 mala
1820 916 1995 988 ipsius

423 1021 500 1075 rei
522 1029 738 1074 natura.
760 1015 864 1072 Sed
878 1016 1352 1082 remlexordiamur
1368 1015 1435 1068 de
1447 1027 1554 1082 qua
1576 1012 1813 1070 scribere
1839 1010 1995 1064 nobis

423 1112 829 1183 proposuimus.
879 1109 981 1175 Qui
1031 1109 1129 1161 tibi
1175 1106 1464 1177 epistolam
1495 1104 1692 1167 defert,
1722 1104 1789 1157 de
1818 1113 1995 1157 vestra

420 1204 780 1273 conqueritur
816 1200 1145 1265 reverentia,
1192 1196 1336 1265 quod
1380 1211 1410 1251 e
1457 1194 1797 1250 monasterio
1832 1192 1996 1245 fuerit

418 1297 709 1365 expulsus,
738 1296 793 1349 in
821 1310 933 1365 quo
963 1293 1232 1363 plurimos
1265 1292 1490 1360 degerat
1529 1303 1705 1342 annos
1739 1301 1863 1342 cum
1895 1300 1995 1339 au-

344 1449 361 1465 .
420 1387 674 1441 ctoritate
698 1386 904 1453 aliqua,
953 1383 1105 1438 nullo
1137 1380 1382 1435 facinore
1418 1386 1728 1448 perpetrato
1754 1376 1826 1430 ob
1853 1375 1997 1444 quod

416 1479 541 1548 jure
570 1476 799 1545 relegari
842 1483 1047 1544 posset.
1098 1472 1211 1527 Hac
1246 1472 1312 1528 de
1348 1486 1406 1525 re
1436 1471 1577 1525 scito
1606 1468 1845 1523 animam
1893 1480 1996 1521 no-

421 1579 593 1625 stram
651 1566 880 1620 multum
932 1564 1183 1619 afflictam
1229 1561 1417 1617 fuisse.
1456 1560 1608 1626 Quod
1642 1560 1689 1614 si
1719 1558 1815 1612 tibi
1844 1557 1997 1612 cordi

421 1670 508 1716 est
544 1661 733 1714 dolore
764 1660 865 1713 hoc
900 1673 987 1711 me
1019 1658 1253 1725 eripere,
1292 1653 1567 1707 hominem
1603 1650 1998 1719 redintegrabis

2100 462 2381 533 λογισμὸν,
2429 463 2622 532 ὅτιπερ
2667 463 2701 533 ἡ
2759 461 2825 531 σὴ
2880 461 3136 515 εὐλάϐεια
3170 460 3310 521 ὅλως
3339 460 3451 513 τινὶ
3494 460 3676 530 λύπης

2098 556 2351 627 ἐθελήσει
2374 556 2549 617 αἴτιος
2572 554 2851 622 γενέσθαι,
2886 555 2986 624 οὑχ
3023 554 3108 607 ὅτι
3134 553 3382 623 ἀναιτίῳ,
3407 552 3548 606 ἀλλὰ
3578 554 3675 607 καὶ

2098 648 2201 702 κάν
2238 665 2323 711 τις
2468 647 2691 715 εὔλογος
2721 648 2871 701 αῖτια
2910 641 2998 699 οἷα
3040 646 3111 700 τὰ
3148 645 3469 715 ἀνθρώπινα
3498 645 3679 715 λύπης

2098 740 2359 812 πρόξενος
2392 739 2802 809 ἀναφαινομένη
2834 756 2849 773 ο
2903 739 3095 810 ἐπειδὴ
3150 738 3245 791 καὶ
3274 738 3397 792 τότε
3436 739 3535 809 τῆς
3573 739 3675 809 μὲν

2097 832 2279 895 αίτίας
2306 830 2366 884 τὸ
2396 831 2609 899 ἰάσιμον
2652 830 3063 901 ἐπιδεχομένης,
3110 831 3329 893 πάντως
3367 829 3672 900 θεραπευό-

2100 938 2260 991 μενος
2317 922 2378 975 οὑ
2406 921 2779 992 λυπηθήσεται
2819 922 2847 974 ὀ
2894 921 3103 993 ταύτην
3146 922 3466 992 παρασχών.
3509 922 3581 974 Εί
3608 922 3667 974 δὲ

2098 1017 2236 1081 πρὸς
2265 1016 2326 1070 τὸ
2351 1016 2571 1071 ἀνίατον
2617 1017 2789 1087 ἤλασε
2820 1016 2881 1069 τὸ
2926 1017 3123 1083 κακὸν,
3161 1016 3272 1068 οὐδ’
3304 1014 3474 1077 οὑτως
3516 1014 3668 1068 ἐσται

2098 1108 2250 1179 παρὰ
2293 1108 2389 1162 σοῦ
2442 1108 2522 1178 τῷ
2568 1108 2896 1179 λυπουμένῳ
2948 1109 2983 1178 ἡ
3012 1107 3185 1178 λύπη,
3217 1107 3351 1161 ἀλλὰ
3389 1108 3539 1177 παρὰ
3569 1106 3670 1175 τῆς

2097 1203 2295 1265 κακίας
2351 1202 2446 1255 τοῦ
2502 1202 2853 1271 πράγματος.
2898 1201 3086 1271 Ἀρκεῖ
3130 1201 3324 1257 ταῦτα.
3361 1200 3561 1253 Λοιπὸν
3580 1201 3675 1253 ἐπὶ

2095 1294 2158 1347 τὸ
2193 1296 2432 1363 πρᾶγμα
2462 1296 2754 1365 χωρῶμεν,
2804 1293 2933 1364 περὶ
2957 1287 3019 1348 οὗ
3051 1294 3261 1363 γράψαι
3291 1293 3673 1363 διενοήθημεν.

2097 1386 2436 1454 Λελύπηται,
2498 1385 2573 1448 ὥς
2621 1403 2775 1454 φησι,
2822 1386 2971 1457 παρὰ
3015 1387 3114 1455 τῆς
3156 1386 3310 1455 ὑμῶν
3342 1385 3676 1455 ὁσιότητοςό

2098 1477 2342 1546 κομίζων
2376 1494 2459 1530 σοι
2492 1478 2592 1548 τὴν
2619 1478 2929 1549 ἐπιστολὴν,
2960 1480 3041 1531 ὅτι
3073 1478 3242 1548 μονῆς
3280 1477 3515 1547 ἐξηλάθη
3546 1478 3606 1530 ὲν

2098 1565 2327 1619 πλεῖστα
2376 1566 2473 1637 ἐτη
2499 1568 2817 1632 διατελέσας
2843 1569 2944 1638 τὴν
2997 1568 3320 1622 ἐπιστασίαν
3367 1568 3673 1637 ἐγκεχείρι-

2102 1673 2251 1720 σται,
2295 1657 2461 1728 μηδὲν
2486 1659 2863 1728 ἐργασάμενος
2895 1660 3159 1722 τοιοῦτον,
3204 1658 3340 1729 μηδὲ
3369 1658 3520 1723 ἄξιον
3564 1656 3670 1727 τῆς

422 1752 477 1805 in
524 1752 753 1822 gradum
811 1750 1127 1819 pristinum,
1175 1746 1309 1800 nihil
1376 1744 1740 1799 reformidans
1798 1758 1989 1799 eorum

2098 1724 2311 1801 ἐκεῖθεν
2356 1724 2615 1813 ἐλάσεως.
2672 1724 2842 1802 τοῦτο
2894 1751 3028 1820 ἡμῖν
3074 1724 3424 1818 ἀπαγγελθὲν
3471 1724 3666 1815 γνῶθι,

421 1858 544 1913 qua:
599 1842 921 1913 suspicaris.
969 1839 1139 1892 Nemo
1191 1838 1335 1891 enim
1389 1836 1782 1890 monasterium
1821 1850 1851 1889 e
1899 1844 1991 1889 tua

420 1943 688 2005 potestate
710 1933 925 2000 eripiet,
959 1945 1131 2000 neque
1161 1943 1281 1993 nos,
1314 1942 1492 1998 neque
1510 1927 1651 1981 alius
1681 1926 1991 1998 quisquam,

420 2028 548 2082 dum
587 2027 671 2080 his
707 2025 761 2077 in
792 2023 951 2079 terris
987 2036 1290 2079 versamur.

2097 1840 2179 1893 ὅτι
2207 1840 2329 1891 λίαν
2357 1840 2536 1911 ἥψατο
2558 1841 2658 1910 τῆς
2691 1841 2892 1912 ψυχῆς.
2936 1841 3002 1893 Εἴ
3029 1858 3083 1894 τι
3117 1840 3210 1895 οὑν
3250 1859 3332 1894 σοι
3364 1840 3514 1912 μέλει
3541 1838 3670 1910 περὶ

2098 1932 2193 1985 τοῦ
2225 1933 2326 2001 ἐμὲ
2354 1934 2432 2003 μὴ
2463 1933 2775 1997 λυπεῖσθαι,
2818 1934 3016 1998 ἀπόδος
3049 1934 3148 2004 τὴν
3202 1934 3339 1989 ίδίαν
3391 1932 3545 1999 τάξιν
3589 1929 3665 1999 τῷ

2101 2023 2399 2094 ἀνθρώπῳ,
2436 2025 2603 2096 μηδὲν
2633 2024 2845 2079 δειλιῶν
2894 2027 3030 2096 ὅπερ
3074 2025 3423 2088 ὑποπτεύεις.
3455 2024 3530 2078 Οὑ
3562 2024 3671 2093 γὰρ

420 2114 792 2187 ἀφαιρήσεταί
846 2132 930 2177 τις
976 2114 1036 2165 τὸ
1066 2111 1430 2183 μοναστήριον
1462 2110 1555 2165 τοὺ
1590 2110 1699 2164 ὑπὸ
1729 2112 1827 2182 τὴν
1894 2111 1992 2183 σὴν
2030 2114 2243 2170 τελείαν
2304 2116 2724 2185 ὲξουσίαν,οὑτε
2765 2120 2954 2188 ἡμεῖς,
3001 2116 3128 2171 οὔτε
3166 2118 3345 2183 ἄλλος,
3378 2117 3570 2188 μέχρις
3605 2114 3672 2169 ἂν

421 2208 654 2264 ἐνταῦθα
687 2207 983 2275 διάγωμεν.

607 2321 771 2381 CXV.
810 2320 1095 2390 Euthymio
1136 2316 1409 2405 Antioche:
1434 2314 1802 2383 metropolitw.

494 2437 758 2493 Nuntium
793 2435 1107 2491 audivimus
1134 2433 1414 2496 acerbum,
1442 2429 1586 2499 quod
1622 2438 1680 2482 ut
1703 2440 1891 2485 verum
1923 2426 1993 2480 sit

424 2531 569 2585 Deus
617 2529 860 2582 avertat!
913 2525 989 2582 Te
1037 2526 1230 2579 morbo
1275 2525 1610 2578 laborantem
1662 2520 1992 2584 audivimus,

426 2620 661 2688 ideoque
688 2616 949 2671 facultate
990 2618 1264 2685 privatum
1296 2616 1362 2668 ad
1396 2630 1497 2669 nos
1525 2611 1852 2667 revertendi.
1900 2607 1996 2663 His

2205 2312 2351 2367 PlE'.
2394 2316 2672 2385 Εὐθυμίῳ
2712 2317 3129 2385 μητροπολίτη
3189 2319 3562 2388 Ἀντιοχείας.

2182 2427 2482 2499 Ὀδυνηρὰν
2539 2429 2803 2497 ἀγγελίαν
2866 2429 3222 2493 ἀκούσαντες,
3275 2430 3343 2501 ἢν
3402 2432 3489 2501 εἴη
3540 2431 3672 2496 Θεὸς

2101 2518 2290 2589 πόρρω
2349 2524 2449 2588 τῆς
2484 2519 2746 2589 ἀληθείας
2779 2520 2950 2572 ποιῶν
2982 2522 2995 2574 l
3046 2520 3390 2591 Ἠκούσαμεν
3427 2524 3538 2592 γὰρ
3586 2522 3673 2592 βε.

2097 2609 2325 2679 ϐλῆσθαι
2361 2626 2418 2663 σε
2449 2610 2612 2680 νόσῳ,
2637 2612 2733 2663 καὶ
2766 2610 2856 2663 διὰ
2886 2610 3046 2665 τοῦτο
3072 2613 3168 2665 ἐπὶ
3190 2612 3449 2667 τοσοῦτον
3480 2615 3671 2685 χρόνον

426 2715 629 2769 auditis
660 2722 713 2767 et
747 2712 815 2767 ad
861 2713 1146 2766 veritatem
1182 2710 1566 2780 inquirendam
1609 2718 1663 2761 et
1703 2706 1991 2761 sanitatem

2096 2699 2196 2768 τῆς
2232 2700 2367 2770 πρὸς
2392 2701 2541 2768 ἡμᾶς
2579 2702 2845 2755 ἐπανόδου
2882 2702 3265 2774 καθυστερεῖν.
3321 2704 3672 2757 ’Ᾱπεστείλα-

426 2807 526 2861 tibi
583 2805 957 2873 augurandam
1014 2804 1299 2868 misimus;
1358 2802 1493 2855 faxit
1552 2800 1696 2854 Deus
1748 2808 1807 2852 ut
1850 2795 1991 2865 quod

2098 2808 2197 2859 μεν
2232 2792 2346 2861 ἅμα
2385 2793 2484 2861 μὲν
2516 2794 2644 2865 περὶ
2682 2786 2757 2847 ὧν
2790 2796 3108 2864 ἀκηκόαμεν
3154 2794 3441 2865 ἐκμαθεῖν,
3472 2796 3590 2865 ἅμα
3610 2796 3669 2849 δὲ

426 2898 671 2953 solamen
719 2910 749 2949 e
799 2895 994 2948 litteris
1061 2894 1265 2947 nostris
1326 2892 1585 2961 accipias,
1623 2904 1723 2958 ego
1777 2901 1991 2957 quoque

2096 2883 2189 2935 καὶ
2220 2882 2306 2933 σοὶ
2336 2884 2430 2935 καὶ
2454 2883 2623 2951 ὑγιῶς
2653 2883 3011 2946 διατελοῦντι.
3038 2886 3176 2955 ὅπερ
3223 2886 3495 2955 παράσχοι
3534 2886 3668 2949 Θεὸς

426 3002 457 3042 e
498 2997 589 3042 tua
632 2986 867 3041 sanitate
918 2984 1202 3053 recipiam.
1242 2982 1371 3038 Scio
1406 2984 1550 3037 enim
1586 2981 1851 3036 solamine
1897 2978 1991 3033 tibi

2100 2972 2445 3039 ἐγγενέσθαι,
2480 2974 2826 3044 παρηγορίαν
2876 2976 2997 3029 τινὰ
3041 2979 3105 3046 τῇ
3148 2974 3240 3028 τοῦ
3268 2975 3668 3039 ἀποσταλέντος

427 3079 572 3148 quod
605 3086 828 3146 propter
857 3077 1103 3131 locorum
1136 3073 1451 3131 distantiam
1487 3072 1600 3142 jam
1632 3070 1849 3126 difficile
1886 3079 1991 3132 est,

2101 3064 2235 3133 πρὸς
2269 3064 2329 3116 σὲ
2364 3065 2693 3134 καταλήψει.
2729 3064 2860 3119 Οἶδα
2917 3066 3016 3137 μὲν
3042 3068 3151 3137 γὰρ
3180 3068 3256 3131 ὡς
3286 3068 3382 3121 καὶ
3412 3069 3459 3119 εί
3498 3067 3668 3137 μηδὲν

426 3167 696 3235 imprimis
743 3182 882 3236 opus
912 3181 1059 3225 esse.
1094 3166 1192 3220 Det
1225 3167 1383 3221 nobis
1429 3164 1591 3226 Deus,
1645 3174 1702 3217 ut
1741 3172 1795 3217 te
1843 3163 1991 3217 omni

2098 3155 2283 3225 ἕτερον
2316 3157 2564 3226 διοχλοῦν
2593 3154 2683 3227 ἦν,
2711 3157 2848 3212 ἀλλά
2881 3174 2945 3226 γε
2973 3158 3105 3211 αὑτὸ
3135 3159 3314 3225 τοῦτο,
3352 3160 3385 3229 ἡ
3413 3158 3471 3223 ἐξ
3506 3159 3667 3229 ἡμῶν

428 3261 619 3313 morbo
648 3269 702 3314 et
748 3261 938 3314 dolore
972 3258 1283 3324 liberatum,
1316 3272 1480 3328 quam
1536 3255 1804 3310 citissime
1855 3256 1991 3308 reci-

2097 3248 2429 3319 διαχώρησις
2508 3251 2566 3302 ὲν
2616 3251 2779 3321 χρείᾳ
2830 3268 2890 3303 σε
2947 3252 3295 3322 παρηγορίας
3354 3252 3663 3319 καθίστησι.

426 3352 571 3422 piam
606 3360 660 3408 et
686 3351 858 3407 oculis
897 3350 1255 3419 complectar!

672 3649 1129 3720 CXVIuPhilippo
1152 3646 1448 3702 Larissensi
1472 3646 1729 3715 episcopo.

495 3768 538 3821 E
585 3767 785 3821 litteris
829 3764 940 3819 tuis
984 3763 1166 3818 cordis
1210 3760 1289 3814 tui
1331 3758 1678 3814 afﬂictiouem
1721 3759 1990 3830 cognovi;

425 3860 699 3928 simulque
729 3856 834 3909 vidi
879 3866 929 3909 te
960 3852 1278 3921 suspicione
1309 3852 1542 3920 quadam
1584 3851 1730 3906 circa
1769 3851 1993 3904 humili-

426 3960 588 4003 tatem
628 3955 873 4001 uostram
920 3942 1140 4013 agitari,
1189 3941 1347 4011 quasi
1393 3938 1745 3995 afﬂictionum
1776 3952 1991 3994 tuarum

422 4056 589 4096 causa
638 4053 839 4093 essent.
889 4034 999 4089 Nos
1047 4048 1267 4104 quoque
1316 4031 1386 4089 de
1436 4034 1619 4088 cordis
1668 4034 1746 4087 tui
1804 4032 1994 4087 dolore

424 4134 580 4187 valde
612 4130 953 4201 afﬂigimur:
1007 4126 1168 4181 nobis
1208 4141 1313 4179 non
1365 4134 1450 4179 est
1501 4126 1719 4179 animus
1768 4134 1826 4179 ut
1875 4126 1992 4190 tibi,

424 4225 539 4279 filio
569 4220 950 4284 dilectissimo,
981 4217 1220 4286 pontifici
1271 4224 1326 4269 et
1374 4213 1721 4269 familiarium
1761 4216 1993 4284 optimo,

421 4316 598 4372 simus
629 4313 827 4375 dolori,
858 4324 981 4363 cum
1046 4308 1181 4361 nihil
1242 4306 1399 4361 istius
1441 4306 1655 4374 generis
1690 4308 1769 4360 vel
1806 4319 1994 4361 contra

2098 3341 2377 3411 Παράσχοι
2423 3342 2478 3394 δὲ
2512 3342 2643 3406 Θεὸς
2696 3343 2878 3413 πάσης
2912 3343 3072 3397 νόσου
3124 3346 3219 3398 καὶ
3267 3344 3445 3413 πάσης
3490 3344 3668 3415 λύπης

2096 3432 2539 3501 ἀπηλλαγμένον,
2559 3431 2753 3487 θᾶττόν
2786 3451 2845 3487 σε
2870 3435 3275 3506 παραγενέσθαι
3312 3439 3405 3489 καὶ
3432 3436 3665 3507 ὀφθῆναι

2097 3523 2250 3592 ἡμῖν.

2452 3639 2613 3707 Ριςε
2652 3642 2927 3709 Φιλίππῳ
2976 3645 3310 3712 Λαρίσσης.

2171 3755 2459 3826 Ἕγνωμεν
2488 3758 2549 3809 ἐκ
2588 3756 2678 3810 τοῦ
2716 3758 3046 3829 γράμματος
3078 3763 3177 3831 τῆς
3212 3760 3311 3832 σῆς
3345 3760 3572 3832 καρδίας
3604 3761 3667 3815 τὸ

2097 3847 2343 3919 ἄλγημα,
2375 3849 2623 3919 ἔγνωμεν
2655 3851 2713 3904 δὲ
2772 3853 2865 3905 καὶ
2913 3852 2988 3915 ὡς
3034 3852 3290 3907 ὑπόνοιαν
3323 3854 3510 3924 φέρεις
3536 3855 3667 3923 περὶ

2094 3942 2195 4011 τῆς
2234 3941 2391 4012 ημῶν
2415 3943 2788 4016 μετριότητος,
2813 3945 2893 3997 ὅτι
2933 3944 2991 4008 ἐξ
3021 3944 3177 4016 ἡμῶν
3208 3961 3289 3998 σοι
3328 3944 3665 4015 προσγέγονε

2095 4032 2156 4085 τὸ
2185 4034 2392 4101 ἀλγεῖν.
2424 4022 2533 4089 καὶ
2566 4036 2659 4088 ἐπὶ
2696 4035 2796 4106 μὲν
2826 4039 2892 4107 τῇ
2949 4036 3112 4107 ὀδύνῃ
3157 4037 3256 4106 τῆς
3309 4036 3537 4108 καρδίας
3571 4054 3664 4089 σου

2100 4127 2344 4197 σφοδρῶς
2372 4128 2678 4199 ὴνιάθημεν
2734 4129 2829 4181 καὶ
2879 4132 3062 4199 ἡμεῖς.
3105 4130 3177 4183 Ού
3212 4130 3320 4199 γὰρ
3362 4130 3439 4199 μὴ
3473 4131 3551 4182 ὅτι
3602 4129 3667 4195 γέ

2100 4234 2203 4282 σοι,
2237 4219 2412 4289 τέκνῳ
2451 4220 2770 4289 τυγχάνοντι
2802 4222 2893 4273 καὶ
2942 4222 3190 4292 ἀρχιερεῖ
3221 4222 3314 4273 καὶ
3348 4220 3456 4271 τῶν
3484 4219 3664 4289 μελῶν

2096 4310 2440 4378 οἰκειοτάτῳ,
2496 4311 2614 4362 ἀλλ’
2661 4311 2834 4363 οὐδενὶ
2877 4311 3047 4380 ἑτέρῳ
3076 4310 3185 4360 τῶν
3225 4310 3480 4371 ἐναντίως
3526 4313 3668 4380 πρὸς

423 4406 767 4461 adversarios
808 4413 1027 4455 nosnos
1076 4397 1388 4452 moliamur.
1438 4398 1511 4451 De
1555 4398 1866 4466 suspicione
1902 4408 1990 4452 tua

2097 4401 2244 4469 ἡμᾶς
2296 4399 2545 4467 ἑχόντων,
2611 4400 2671 4450 τὸ
2722 4400 3028 4452 διακεῖσθαι
3081 4398 3356 4469 ὀδυνηρῶς
3410 4399 3665 4469 βούλησίς

423 4497 672 4553 dolemus
701 4506 755 4546 et
797 4490 968 4556 magis
1001 4489 1144 4557 quod
1171 4488 1316 4541 illam
1356 4486 1501 4540 nullo
1533 4489 1696 4541 tnodo
1723 4504 1987 4560 provoca-

424 4591 626 4641 vimns.
666 4583 809 4636 Nihil
853 4581 1000 4633 enim
1052 4579 1225 4648 magis
1269 4590 1459 4647 pectus
1504 4578 1665 4633 afficit
1712 4591 1984 4648 nostrum,

364 4674 367 4677 ’
423 4691 586 4747 quam
634 4672 777 4743 quod
838 4680 893 4725 te
940 4672 993 4724 in
1057 4683 1247 4723 vanam
1305 4671 1669 4740 suspicionem
1730 4671 1988 4725 incidisse

424 4762 826 4821 animadvertit.
882 4759 1206 4825 Neutiquam
1258 4758 1464 4811 homini
1515 4758 1862 4828 principtatni
1895 4766 1987 4812 tuo

425 4855 687 4913 invidenti
718 4853 848 4923 quid
897 4851 1298 4916 commisimus,
1327 4865 1423 4905 nec
1457 4866 1695 4919 unquam
1728 4850 1987 4917 cogitatio

427 4946 739 5004 istiusmodi
768 4943 922 4998 nobis
969 4942 1149 5001 inerit,
1188 4955 1365 5010 neque
1384 4939 1767 4993 Thebanorum
1795 4942 1980 4994 archi-

424 5042 690 5110 episcOpo,
727 5035 1047 5097 Ecclesiam,
1077 5035 1141 5086 ad
1180 5042 1229 5086 te
1254 5034 1632 5101 pertinentem,
1659 5045 1988 5085 consecrau-

422 5134 548 5185 dant
588 5126 1125 5189 commendavimus;
1180 5122 1631 5193 patriarchalibus
1664 5124 1843 5177 autem
1876 5125 1987 5193 pii-

419 5223 632 5292 vilegiis
682 5221 959 5281 instructi,
1004 5217 1351 5272 definiviinus
1386 5215 1504 5283 ejus
1536 5231 1657 5271 esse
1701 5219 1985 5287 templum,

420 5315 514 5383 qui
537 5312 667 5367 illud
685 5310 1105 5365 consecraverit.
1124 5305 1293 5360 Tuam
1328 5321 1432 5359 non
1461 5306 1845 5374 vilipendimus
1875 5312 1987 5363 vir-

419 5418 613 5471 tutem,
649 5406 743 5461 sed
773 5420 894 5459 cum
932 5404 1175 5458 locorum
1211 5400 1471 5455 distantia
1500 5403 1658 5457 nobis
1690 5418 1797 5456 non
1824 5402 1989 5457 fuerit

424 5500 665 5567 apprime
725 5504 873 5559 nota,
928 5493 1242 5564 putavimus
1300 5492 1374 5546 illi
1436 5492 1581 5547 viam
1636 5504 1690 5548 et
1750 5494 1987 5549 mandati

421 5588 823 5645 exsecutionem
864 5587 1035 5653 magis
1056 5599 1221 5654 quam
1259 5586 1356 5641 tibi
1401 5602 1522 5642 esse
1558 5590 1899 5641 commodam
1935 5597 1989 5642 et

418 5680 727 5750 expeditam
763 5680 931 5735 hocce
958 5678 1117 5753 modo
1151 5694 1234 5734 res
1272 5680 1457 5750 utique
1492 5688 1709 5749 peracta
1740 5688 1839 5734 est.
1883 5677 1987 5735 Ve-

2095 4491 2246 4542 ἐστιν
2304 4491 2459 4558 ἡμῖν.
2490 4488 2625 4560 Περὶ
2654 4490 2709 4542 δὲ
2762 4485 2836 4542 ὧν
2868 4489 3263 4561 ὑπονοούμεθα,
3309 4488 3665 4561 λελυπήμεθα

2097 4581 2196 4648 μὲν
2238 4579 2319 4630 ὅτι
2378 4578 2513 4642 ὅλως
2563 4579 2872 4650 ὁτῳδήποτε
2902 4580 3088 4650 τρόπῳ
3122 4580 3351 4635 τοιαῦτά
3385 4598 3467 4634 σοι
3521 4599 3666 4653 παρ-

2095 4672 2328 4741 έσχομεν
2382 4673 2667 4725 ὑπονοεῖν·
2727 4673 2865 4743 πλὴν
2910 4674 2970 4725 οὑ
3020 4673 3274 4726 τοσοῦτον
3300 4673 3533 4726 ἅπτεται
3564 4674 3662 4741 τῆς

2094 4761 2320 4830 καρδίας
2348 4761 2408 4813 τὸ
2432 4761 2594 4827 ἄλγος
2631 4762 2720 4815 διὰ
2750 4765 2809 4815 τὸ
2841 4762 3141 4816 συνειδέναι
3177 4763 3347 4834 μηδὲν
3395 4764 3658 4830 τοιοῦτον,

2093 4854 2277 4906 ὁποῖον
2335 4854 2415 4916 είς
2464 4855 2644 4908 αἰτίαν
2690 4855 2897 4923 φέρεις,
2956 4855 3086 4925 παρ’
3142 4857 3300 4926 ἡμῶν
3350 4857 3657 4927 προελθεῖν.

2093 4941 2233 4995 Οὔτε
2268 4941 2375 5011 γὰρ
2403 4941 2480 5010 τῷ
2532 4942 2901 5013 ἁτακτήσαντι
2944 4947 3073 5014 περὶ
3121 4947 3219 5016 την
3256 4946 3355 5016 σὴν
3391 4930 3661 5016 ἐπαρχίαν

2092 5034 2254 5086 τοῦτο
2282 5033 2695 5103 ὲνετειλάμεθα,
2728 5035 2849 5087 οὑδὲ
2886 5035 3021 5099 ὅλως
3060 5035 3447 5107 ἀναφερόμεθα
3472 5038 3549 5101 είς
3576 5036 3661 5089 ἒν-

2093 5145 2243 5181 νοιαν
2273 5129 2529 5196 τοιαύτης
2581 5127 2730 5197 αὑτῷ
2784 5130 3177 5200 ἐγχειρήσεως,
3233 5130 3355 5182 οὔτε
3389 5130 3467 5201 τῷ
3499 5133 3657 5200 ἀρχι-

2095 5206 2380 5287 επισκόπῳ
2460 5218 2654 5285 Θηϐῶν
2710 5220 2813 5271 ὑπὸ
2882 5221 2940 5273 σὲ
3014 5221 3273 5274 τελοῦσαν
3328 5219 3657 5288 Ἐκκλησίαν

2094 5309 2490 5377 ἐπεστείλαμεν
2541 5309 2785 5379 ἱερῶσαι,
2835 5309 2968 5364 ἀλλὰ
3027 5296 3365 5380 διδαχθέντες
3417 5308 3492 5370 ὡς
3544 5312 3656 5372 τοῖς

2096 5404 2513 5471 πατριαρχικοίς
2544 5404 2884 5473 προνομίοις,
2907 5405 2963 5457 εί
2980 5404 3062 5466 τίς
3103 5403 3230 5456 ποτέ
3263 5404 3411 5453 ἐστιν
3449 5404 3657 5465 ἐκεῖνος

2094 5496 2122 5546 ὁ
2174 5494 2669 5563 ἐγκεκαινισμένας
2697 5496 2823 5555 ναὸς
2862 5496 3027 5557 τελεῖ,
3065 5495 3224 5548 τοῦτο
3258 5494 3656 5565 διωρισάμεθα,

2094 5586 2156 5637 οὑ
2188 5586 2282 5655 τὴν
2320 5587 2417 5657 σὴν
2457 5589 2659 5657 ἀρετὴν
2690 5589 2969 5659 ῥίπτοντες
2997 5588 3146 5657 παρὰ
3175 5587 3402 5656 φαῦλον,
3440 5588 3575 5642 ἀλλὰ
3598 5589 3657 5641 τὸ

2093 5680 2189 5748 τῆς
2227 5679 2348 5732 ὀδοῦ
2384 5680 2659 5751 διάστημα
2693 5683 2767 5751 μὴ
2806 5680 3065 5751 μαθόντες
3125 5682 3389 5753 ἀκριϐῶς,
3438 5680 3657 5741 λογισά-
