4038 6204
471 316 578 379 333

1917 313 2324 374 EPISTOLJS.

3616 317 3721 378 334

479 448 632 502 μενοι
664 428 748 482 ὅτι
778 428 977 499 μᾶλλον
1015 429 1209 498 ἐκείνῳ
1236 429 1268 498 ἢ
1302 427 1384 480 σοὶ
1410 426 1593 497 ῥᾴδιος
1625 427 1716 478 καὶ
1742 427 2041 496 κουφοτέρα

2156 443 2275 484 rum
2311 426 2509 482 audisti
2533 435 2585 482 et
2615 436 2900 496 propterea
2924 414 3019 480 tibi
3045 425 3385 496 abjieiendus
3417 439 3496 484 est
3529 430 3718 495 dolor;

468 526 502 595 ἡ
535 523 818 595 ὁδοιπορία
874 523 968 576 καὶ
998 523 1090 576 τοῦ
1116 521 1541 591 προστάγματος
1584 521 1618 588 ή
1672 519 2041 592 ὲκπλήρωσις.

467 615 643 668 Τοῦτο
702 614 802 684 μὲν
852 613 998 667 οὕτω
1045 613 1502 685 παρηκολούθησε
1531 627 1542 642 ·
1574 613 1670 664 καὶ
1724 612 1828 682 χρή
1885 629 1942 662 σε
1982 611 2043 664 τὸ

469 705 664 774 ἀληθὲς
699 705 1044 776 διδαχθέντα,
1093 705 1190 774 τὴν
1244 704 1422 772 λύπην
1459 701 1782 756 ἀποθέσθαι.
1827 703 1924 756 Διά
1951 702 2041 768 τί;

468 796 589 849 Ὀτι
628 799 718 849 καὶ
742 797 848 850 ἀπό
875 814 937 865 γε
973 796 1068 848 τοῦ
1111 795 1206 848 νῦν
1239 797 1300 848 ὲκ
1319 795 1418 863 τῆς
1466 794 1563 862 σῆς
1595 794 1861 864 ἐπαρχίας
1893 793 2040 847 ἐστὶν

2153 520 2362 590 quare?
2397 519 2522 589 quia
2561 519 2607 574 si
2639 519 2900 589 templum
2937 527 3316 573 consecratum
3347 535 3374 573 a
3403 531 3494 574 tuo
3525 523 3723 590 pendet

2152 612 2478 680 principatu,
2506 627 2652 664 nunc
2680 611 2902 665 omnino
2930 611 3032 664 sub
3065 620 3154 665 tua
3190 611 3292 664 erit
3321 610 3720 680 jurisdictione,

2150 710 2204 755 et
2231 701 2433 754 nullam
2462 699 2513 752 in
2539 714 2595 754 re
2619 698 2853 766 litigiosa
2884 699 3150 768 iacturam
3185 700 3374 764 facies,
3409 700 3506 754 etsi
3533 713 3722 758 contra

2141 793 2234 862 jus
2267 793 2534 860 evenerit,

465 890 761 960 ό,ίερωθεὶς
791 891 938 953 ναὸς,
982 890 1200 953 πάντως
1230 889 1336 942 ὑπὸ
1371 886 1455 940 σοὶ
1517 887 1840 951 διατελέσει,
1884 887 1975 940 καὶ
2003 885 2062 938 ού
2099 885 2426 956 ζημιωθήσῃ
2449 883 2543 936 τοῦ
2613 886 2696 937 σοὶ
2745 885 3092 956 διαφέροντος
3163 886 3489 956 πράγματος
3528 888 3590 942 ἐκ
3629 886 3722 940 τοῦ

469 985 544 1056 μὴ
582 985 723 1038 κατὰ
748 984 904 1052 λόγον
935 985 1382 1056 προσγεγονότος.

891 1079 1034 1136 ΡΙΖ’.
1065 1080 1276 1135 Λέοντι
1312 1081 1596 1136 Συλαίου.

549 1171 668 1228 Ἀπ’
691 1172 868 1242 ἀρχῆς
903 1171 997 1224 τοῦ
1027 1175 1358 1243 γράμματος
1380 1173 1477 1243 τὴν
1503 1171 1744 1225 διάθεσιν
1773 1169 1872 1240 τῆς
1902 1171 2041 1240 ἠμε-

467 1266 630 1335 τέρας
657 1263 836 1334 ψυχῆς
887 1264 1130 1333 φανεράν
1181 1281 1264 1318 σοι
1312 1265 1596 1326 ποιοῦντες
1621 1263 1930 1334 γράφομεν,
1959 1264 2041 1315 ὅτι

472 1357 610 1426 μετά
664 1356 901 1426 σφοδρᾶς
957 1356 1056 1424 τῆς
1091 1355 1269 1426 λύπης
1309 1355 1400 1408 ἐπὶ
1440 1355 1500 1408 τὸ
1550 1355 1784 1426 γράφειν
1816 1353 1952 1423 πρὸς
1984 1353 2044 1404 σὲ

468 1449 832 1517 κεκινὴμεθα.
895 1444 1018 1510 Πῶς
1065 1447 1174 1516 γὰρ
1201 1447 1322 1517 οὐχὶ
1356 1446 1579 1518 βαρεῖαν
1634 1446 1734 1516 τὴν
1769 1443 2042 1514 ἀλγηδόνα

467 1537 747 1608 φέρομενς
811 1538 975 1590 ὁπότε
1033 1537 1317 1608 λογισμοῖς
1372 1537 1649 1607 ἀμείνοσι,
1709 1535 1802 1588 καὶ
1863 1535 2042 1586 πάντα

466 1627 840 1698 λογιζομένοις
896 1627 964 1680 δι’
1025 1622 1099 1681 ὧν
1137 1631 1270 1698 ἡμῖν
1305 1629 1458 1682 ἔσται
1515 1626 1837 1698 παραψυχὴ,
1880 1619 2039 1680 δι’ὧν

2479 1071 2689 1126 CXVII.
2720 1071 2882 1126 Leoni
2919 1071 3084 1142 Syla’i
3112 1074 3371 1142 episcopo.

2223 1164 2551 1219 Litterarum
2585 1172 2899 1218 nostrarum
2947 1163 3102 1218 initio
3149 1171 3350 1219 statum
3396 1166 3594 1221 anima:
3626 1184 3724 1222 no-

2150 1269 2276 1313 stra:
2305 1256 2655 1310 manifestum
2713 1255 2808 1309 tibi
2853 1253 3114 1320 facimus;
3152 1271 3276 1309 nam
3323 1257 3388 1310 ad
3436 1258 3534 1312 tibi
3584 1259 3723 1314 scri—

2143 1343 2379 1402 bendum
2422 1362 2530 1400 non
2581 1346 2702 1402 sine
2748 1344 2987 1400 maximo
3035 1346 3222 1402 dolore
3250 1362 3548 1404 movemur.
3601 1349 3722 1415 Quo

2141 1442 2288 1494 enim
2325 1439 2487 1494 modo
2524 1454 2630 1493 non
2674 1437 3050 1494 acerbissimis
3082 1439 3398 1493 cruciemur
3427 1441 3724 1497 mumnis?

2143 1529 2374 1598 Optima:
2403 1528 2631 1582 aderant
2662 1543 2841 1582 causae
2871 1537 2923 1582 et
2956 1527 3112 1582 nobis
3149 1529 3332 1582 omnia
3367 1531 3724 1584 consideran-

2145 1619 2289 1672 tibus
2331 1627 2495 1672 certae
2526 1618 2932 1673 consolationes
2952 1620 3342 1688 exsurgebant,
3369 1620 3494 1687 quia
3517 1620 3721 1691 glorifi-

465 1685 858 1794 δοξασθήσεται
904 1718 1002 1787 μὲν
1061 1685 1217 1783 Θεός,
1271 1720 1426 1784 κλέος
1474 1720 1529 1772 δὲ
1570 1685 1904 1789 ἀείμνηστόν
1960 1735 2041 1771 σοι

2147 1711 2352 1766 candus
2384 1719 2500 1766 erat
2535 1709 2676 1764 Deus
2722 1718 2774 1764 et
2817 1709 3182 1778 sempiternus
3227 1710 3404 1765 honos
3433 1711 3525 1764 tibi
3564 1712 3722 1766 colli-

469 1809 914 1879 περιγενήσεται,
962 1809 1054 1860 καὶ
1090 1812 1199 1870 τοῖς
1232 1809 1335 1861 ὑπὸ
1371 1809 1468 1878 τὴν
1506 1811 1604 1878 σὴν
1635 1809 1898 1878 ἐφορείαν
1936 1809 2044 1861 τῶν

469 1899 809 1970 βαρυνόντων
835 1901 1021 1966 ἄνεσις
1046 1903 1142 1954 καὶ
1177 1899 1597 1969 παράκλησις,ἡ
1627 1901 1692 1968 σὴ
1709 1901 1800 1951 ἐπὶ
1829 1899 1921 1953 τὸν
1948 1900 2044 1969 ἀρ·

467 1990 781 2062 χιερατικὸν
797 1990 986 2059 θρόνον
1004 1992 1103 2060 τῆς
1133 1989 1320 2043 αὐτόθι
1354 1990 1684 2060 Ἐκκλησίας
1709 1991 2046 2060 καταστήσε-

467 2099 556 2133 ται
588 2079 830 2150 προϐολή
850 2095 864 2108 ·
892 2079 986 2132 νῦν
1004 2079 1058 2131 δὲ
1090 2079 1199 2133 τῶν
1213 2078 1494 2148 λογισμῶν
1531 2079 1776 2140 ἐκείνων,
1811 2078 1913 2147 φεῦ
1946 2079 2046 2149 τῆς

467 2170 562 2224 τοῦ
605 2171 859 2240 δαίμονος
916 2171 1206 2242 ἐπηρείας,
1244 2170 1319 2234 ὼς
1359 2171 1409 2222 οί
1453 2169 1576 2223 καθ’
1620 2169 1856 2238 ἑκάστην
1913 2170 2045 2238 ἡμῖν

471 2265 791 2334 προσιόντες
827 2263 1260 2332 ἀπαγγέλλουσι,
1289 2263 1663 2332 κατανοοῦμεν
1693 2264 1920 2325 ἑαυτοὺς
1950 2264 2043 2315 ὲκ-

470 2353 842 2414 ττεπτωκότες.
873 2351 1034 2422 Ὁρᾷς
1057 2355 1116 2418 ἐξ
1149 2353 1265 2415 οἵας
1297 2353 1526 2422 συνοχῆς
1551 2354 1648 2420 τῆς
1679 2352 1836 2421 ἡμῶν
1866 2357 2044 2421 ψυχῆς

468 2444 531 2497 τὸ
560 2440 792 2516 γράμμα
825 2464 908 2500 σοι
947 2448 1241 2515 γράφεται.
1277 2442 1354 2496 Οὐ
1398 2442 1508 2514 γάρ
1537 2443 1873 2496 διαλείπουσι
1918 2443 2042 2496 καθ’

469 2537 710 2606 ἑκάστην
738 2537 835 2590 νῦν
869 2537 966 2606 μὲν
988 2535 1337 2606 μονάζοντες,
1369 2533 1466 2586 νῦν
1511 2533 1566 2586 δὲ
1593 2535 1688 2601 τῆς
1711 2535 1905 2606 λαῖκῆς
1948 2535 2044 2587 τά-

471 2623 626 2690 ξεως,
651 2625 749 2679 νῦν
786 2627 841 2678 δὲ
877 2626 968 2679 καὶ
998 2625 1091 2677 τοῦ
1125 2625 1354 2695 κλήρου,
1379 2627 1477 2688 τὰς
1518 2625 1806 2695 ὲγκλήσεις
1860 2626 2045 2678 ποιού-

474 2732 626 2784 μενοι
655 2718 797 2770 κστά
832 2717 948 2783 σοῦ,
975 2715 1051 2780 ὡς
1081 2716 1188 2770 τῶν
1210 2715 1426 2768 οίκείων
1466 2715 1924 2785 ἀποδιωκόμενοι,
1950 2718 2043 2770 καὶ

467 2805 590 2858 ἀντὶ
620 2807 716 2859 τοῦ
749 2807 975 2876 ῥύεσθαι
1007 2806 1159 2876 παρά
1177 2806 1276 2874 τῆς
1331 2805 1432 2875 σῆς
1497 2806 1910 2876 ἀρχιερωσύνης
1942 2806 2042 2859 αὑ-

467 2899 594 2961 τοὺς
657 2897 722 2950 ὲκ
769 2899 947 2968 χειρὸς
1001 2897 1168 2967 ἄλλης
1205 2897 1600 2968 στερεωτέρας,
1646 2899 1746 2967 τῆς
1783 2899 1882 2967 σῆς
1926 2898 2043 2952 δεό-

474 3005 627 3056 μενοι
658 2988 808 3057 παρὰ
831 2987 940 3040 τῶν
966 2987 1285 3056 δυναμένων
1321 2986 1710 3038 ἀντιλαϐέσθαι
1749 2986 2037 3056 ῥωσθῆναι.

2147 1805 2402 1875 gendus;
2461 1803 2556 1874 qui
2627 1811 2786 1858 antea
2858 1805 3228 1872 gravabantur
3304 1804 3568 1874 dignitate
3629 1814 3721 1860 tua

2146 1897 2388 1966 erigendi
2441 1904 2597 1952 erant
2648 1903 2702 1950 et
2759 1894 3102 1960 sublevandi,
3154 1895 3295 1965 quod
3352 1895 3417 1948 ad
3468 1894 3725 1950 Ecclesia:

2147 1987 2530 2042 fulcimentum
2608 1987 2663 2040 in
2739 1986 3014 2056 pontificis
3085 1987 3342 2040 thronum
3408 1985 3722 2040 sublevatus

2147 2080 2365 2133 fuisses.
2430 2078 2615 2132 Eheu!
2661 2092 2770 2146 quo
2817 2077 2920 2132 illae
2955 2076 3206 2130 abierunt
3263 2077 3539 2132 rationes!
3576 2075 3721 2131 Infe-

2145 2180 2264 2225 stus
2295 2170 2415 2224 illas
2450 2169 2731 2224 devoravit
2775 2170 3008 2233 daemon,
3056 2168 3134 2221 uti
3181 2168 3424 2238 quotidie
3460 2166 3720 2237 intelligi-

2147 2277 2269 2316 mus
2299 2276 2362 2314 ex
2395 2260 2464 2316 iis
2497 2259 2587 2330 qui
2645 2260 2712 2314 ad
2774 2274 2877 2314 nos
2929 2257 3252 2328 confugiunt
3297 2257 3531 2314 miseris.
3601 2255 3718 2310 Jam

2145 2354 2294 2406 vides
2341 2368 2446 2419 qua
2490 2351 2690 2405 mentis
2742 2350 3110 2404 commotione
3147 2350 3244 2403 has
3292 2349 3357 2401 ad
3409 2358 3461 2402 te
3513 2347 3720 2402 litteras

2145 2445 2459 2499 scribimus.
2514 2443 2766 2509 Quotidie
2805 2454 2856 2496 et
2903 2443 3022 2496 sine
3069 2442 3174 2496 line
3221 2443 3512 2496 adveniunt
3555 2442 3720 2494 modo

2146 2538 2421 2603 monachi,
2476 2537 2640 2591 modo
2675 2536 2820 2601 laici,
2872 2535 3034 2589 modo
3069 2535 3249 2588 clerici
3284 2545 3342 2588 ut
3370 2534 3616 2604 querelas
3654 2535 3721 2588 de

2149 2643 2198 2684 te
2228 2631 2498 2696 deferant,
2549 2647 2580 2684 a
2624 2646 2734 2702 quo
2777 2646 2806 2683 e
2858 2629 2972 2684 suis
3001 2645 3061 2684 se
3105 2629 3364 2697 expulsos
3415 2628 3634 2692 dicunt;
3667 2637 3721 2682 et

2148 2740 2274 2778 cum
2328 2724 2408 2777 tui
2481 2732 2643 2789 esset,
2692 2723 2987 2793 pontificis,
3043 2722 3161 2776 illos
3213 2736 3244 2775 a
3298 2737 3461 2775 manu
3512 2720 3719 2791 potenti

2145 2816 2394 2878 liberare,
2428 2830 2588 2883 opera
2622 2823 2712 2868 tua
2746 2816 3137 2880 destituuntur,
3168 2825 3222 2868 et
3247 2812 3314 2867 ad
3346 2822 3594 2883 potentes
3619 2825 3722 2882 po-

2149 2907 2256 2960 tius
2287 2905 2610 2976 confugiunt
2646 2917 2701 2961 ut
2728 2906 3049 2960 liberentur.

553 3079 656 3132 Ἐῶ
690 3050 758 3132 τά
792 3077 960 3131 λοιπά
981 3095 996 3109 -
1030 3050 1165 3131 ἀλλά
1187 3078 1280 3130 νῦν
1309 3079 1336 3130 ό
1367 3077 1460 3130 τοῦ
1492 3050 2038 3147 βήματος-καθηγού-

2217 3079 2421 3134 Ctetera
2470 3079 2682 3135 omitto.
2730 3080 2898 3135 Adest
2945 3079 3089 3134 enim
3149 3080 3464 3136 monasterii
3521 3096 3718 3148 praeses

475 3187 633 3240 μενος
659 3171 756 3238 τῆς
790 3171 961 3239 μονῆς
1000 3169 1203 3238 ἐπέστη
1235 3167 1448 3238 πλήρης
1494 3166 1774 3238 δακρύων,
1826 3168 2041 3236 πλήρης

469 3260 709 3329 ἀθυμίας
744 3262 838 3314 καὶ
875 3260 1214 3330 συγχύσεως.
1257 3260 1363 3311 Καὶ
1389 3259 1450 3310 τὸ
1484 3260 1658 3312 αἴτιον
1701 3259 1782 3310 ὅτι
1823 3258 1918 3310 σὺν
1945 3259 2037 3311 αύ-

422 3412 429 3418 ,
468 3355 582 3414 τοῖς
613 3352 910 3421 μονάζουσι
941 3352 1095 3425 παρά
1125 3353 1223 3421 τῆς
1256 3351 1410 3421 ὑμῶν
1443 3349 1812 3404 ἀπελαύνεται
1843 3366 2042 3421 προαι-

472 3446 696 3516 ρέσεως,
720 3446 819 3498 οὑκ
851 3442 968 3498 οἶδα
1023 3445 1194 3498 πόθεν
1218 3446 1311 3497 ἐπὶ
1360 3444 1518 3497 τοῦτο
1570 3443 1886 3514 κινηθέντος
1924 3461 2040 3508 σου,

471 3539 504 3610 ἢ
539 3540 589 3592 τί
610 3541 820 3594 δίκαιον
850 3541 1252 3612 προϊσχομένου
1279 3542 1376 3609 τῆς
1414 3539 1685 3610 τοσαύτης
1713 3539 1895 3612 βιαίας
1922 3543 2044 3592 ὲπι-

471 3631 696 3694 θέσεως.
747 3632 944 3686 Καίτοι
1001 3634 1050 3685 εί
1095 3633 1200 3686 καὶ·
1241 3625 1347 3696 πᾶς
1411 3631 1620 3694 δίκαιος
1665 3631 1821 3699 λόγος
1860 3631 2040 3702 παρῆν

470 3724 1019 3793 συναγωνιζόμενος,
1076 3724 1234 3776 τοῦτο
1303 3723 1466 3793 μόνον
1538 3722 1728 3776 ἱκανὸν
1777 3722 1916 3785 τέως
1973 3718 2040 3792 ἦν

467 3821 710 3891 ἐπισχεῖν
750 3822 811 3872 τὸ
837 3820 1009 3871 τελεῖν
1044 3818 1149 3871 ὑπὸ
1180 3818 1277 3890 τὴν
1310 3817 1716 3887 πατριαρχικὴν
1764 3816 2038 3882 ἐξουσίαν,

468 3914 549 3974 είς
574 3914 634 3964 τὸ
685 3912 851 3981 μηδὲν
881 3909 1126 3965 τοιοῦτον
1164 3911 1238 3981 μὴ
1288 3911 1371 3963 ὅτι
1417 3899 1878 3980 πράττειν,’ἀλλὰ
1915 3908 2040 3978 μηδ’

469 4007 549 4066 είς
578 4003 833 4072 ἐνθύμιον
857 4007 1069 4074 φέρειν,
1102 4002 1204 4065 ἕως
1237 4002 1306 4056 ἂν
1333 4001 1467 4072 πρὸς
1498 4001 1565 4053 τὰ
1597 3999 1828 4074 ἐνταῦθα
1857 4017 2037 4071 παρα-

468 4070 764 4164 γενομένου
794 4070 910 4158 σου,
934 4070 1043 4148 ’καὶ
1084 4093 1180 4162 τῆς
1213 4070 1528 4154 ὑποθέσεως
1562 4070 2040 4164 προϐεϐλημένης,

469 4190 529 4242 τὸ
583 4189 702 4242 δέον
750 4187 1074 4259 πραχθῆναι
1126 4187 1439 4255 διέγνωστο.
1480 4185 1594 4255 Μὴ,
1627 4184 1816 4237 τέκνον
1861 4185 2038 4254 ήμῶν,

469 4281 520 4330 εἰ
549 4296 598 4331 τι
654 4296 735 4331 σοι
783 4279 936 4348 μέλει
989 4277 1249 4347 περὶτῆς
1303 4278 1442 4346 ἐμῆς
1476 4274 1816 4330 πολυωδύνου
1853 4276 1995 4345 ζωῆς
2023 4289 2036 4302 °

471 4374 548 4441 μὴ
609 4371 754 4424 οὕτω
809 4371 1109 4423 καθίστασο
1151 4371 1262 4432 τοῖς
1317 4368 1424 4422 ὑπὸ
1474 4367 1574 4438 τὴν
1629 4366 1728 4438 σὴν
1770 4367 2040 4438 ἐπαρχίαν

471 4465 665 4536 βαρὺς,
701 4464 835 4532 μηδὲ
869 4463 1175 4529 ἀγαπῶμεν
1199 4461 1298 4523 τὰς
1334 4460 1551 4514 πάντων
1588 4459 1839 4527 γλώσσας
1869 4461 2038 4511 κινεῖν

471 4557 591 4609 καθ’
616 4555 796 4626 ἡμῶν,
835 4555 969 4624 μηδὲ
1022 4554 1144 4620 ἀντὶ
1195 4553 1288 4604 τοῦ
1321 4552 1456 4624 πρὸς
1498 4552 1850 4622 εὐχαριστίαν
1905 4548 2041 4602 Θεοῦ

471 4647 558 4714 ἐφ’
588 4641 670 4710 οἷς
702 4647 798 4715 τῆς
853 4646 960 4698 ἀπὸ
1010 4645 1104 4698 σοῦ
1138 4645 1505 4698 ἀπολαύουσιν
1554 4644 1844 4713 ὠφελείας,
1875 4643 2043 4696 διανί-

472 4737 700 4792 στασθαι
731 4739 855 4801 τοὺς
880 4736 1200 4807 ἀνθρώπους
1227 4738 1361 4810 πρὸς
1389 4736 1657 4806 λοιδορίας
1686 4736 1884 4799 αὐτοὺς
1907 4737 2041 4789 ἀνα-

470 4831 734 4898 κινῶμεν,
806 4829 901 4881 καὶ
943 4829 1040 4890 τὰς
1091 4826 1232 4880 κατά
1271 4827 1367 4895 τῆς
1399 4828 1538 4896 ἐμῆς
1586 4827 1829 4896 κεφαλῆς
1879 4825 2041 4897 ἀράς.

470 4917 629 4990 Οἶδας
661 4921 768 4990 γάρ
793 4920 873 4973 ὅτι
902 4919 975 4981 ὡς
1003 4919 1095 4971 ἐπὶ
1131 4917 1264 4970 πολὺ
1297 4919 1346 4970 οἱ
1382 4918 1566 4980 κακῶς
1598 4917 1894 4986 πάσχοντες
1922 4915 2033 4967 τῶν

469 5015 787 5085 ἀρχομένων
834 5013 978 5083 μετά
1015 5012 1075 5065 τὸ
1125 5012 1434 5065 διαϐάλλειν
1471 5013 1598 5074 τοὺς
1644 5010 1830 5074 κακῶς
1875 5009 2044 5064 διατι-

469 5105 664 5168 θέντας
712 5107 934 5170 αὐτοὺς,
1000 5105 1097 5159 καὶ
1145 5106 1241 5168 τὰς
1290 5105 1430 5176 ἀρὰς
1483 5103 1912 5176 ἀπορρίπτουσιν
1964 5103 2042 5163 είς

465 5197 564 5260 τὰς
593 5197 702 5249 τῶν
727 5196 915 5251 αἰτίων
973 5197 1276 5268 γινομένων
1321 5194 1582 5265 κεφαλάς.
1621 5195 1820 5265 Ὅπερ,
1855 5194 2046 5247 τέκνον

2145 3173 2417 3242 lacrymas
2467 3170 2722 3237 fundens,
2761 3171 2963 3226 fractus
2999 3173 3180 3227 animo
3211 3183 3263 3227 et
3294 3175 3496 3229 rubore
3531 3173 3719 3228 suffu-

2144 3280 2262 3319 sus.
2288 3264 2462 3318 Causa
2496 3274 2577 3318 est
2610 3263 2752 3333 quod
2787 3273 2834 3318 te
2864 3264 3088 3333 jubente
3123 3265 3238 3333 ipse
3282 3281 3402 3318 cum
3435 3266 3718 3320 monachis

2143 3358 2257 3410 suis
2305 3355 2376 3410 sit
2418 3354 2697 3424 expulsus.
2762 3353 2914 3408 Unde
2963 3355 3028 3407 ad
3075 3355 3178 3408 hoc
3232 3357 3502 3410 excitatus
3549 3356 3717 3410 fu.:ris

2144 3446 2348 3511 nescio,
2384 3463 2483 3500 nec
2518 3462 2637 3512 qum
2677 3444 2810 3514 justi
2858 3445 3067 3514 species
3108 3445 3172 3497 ad
3207 3444 3351 3498 istud
3407 3453 3456 3498 te
3505 3443 3718 3499 facinus

2145 3539 2393 3594 moverit.
2442 3539 2697 3592 Attamen
2729 3537 2772 3591 si
2815 3536 2964 3605 justa
2996 3537 3244 3606 quaedam
3278 3536 3547 3590 adfuisset
3580 3535 3715 3590 faci-

2142 3633 2294 3687 noris
2339 3631 2690 3701 perpetrandi
2741 3629 2905 3691 ratio,
2956 3629 3152 3683 deferri
3208 3629 3487 3683 debuisset
3520 3629 3584 3682 ad
3622 3627 3718 3696 pa-

2143 3724 2488 3780 triarchalem
2515 3731 2858 3792 potestatem,
2891 3721 3205 3791 priusquam
3239 3729 3456 3789 peracta
3489 3719 3713 3780 fuisset;

2144 3834 2248 3871 non
2280 3816 2347 3871 ab
2374 3817 2513 3870 irato
2549 3814 2648 3868 tibi
2681 3830 2770 3868 res
2804 3814 3099 3868 traetmndae
3147 3821 3321 3877 erant,
3353 3810 3447 3865 sed
3480 3812 3545 3865 ad
3579 3812 3717 3866 hanc

2142 3908 2324 3961 sedem
2374 3905 2652 3976 profectus
2689 3905 2957 3973 subjicere
2981 3905 3127 3958 litem
3171 3904 3434 3967 debebas,
3468 3911 3527 3956 ut
3555 3904 3717 3972 quid-

2141 3999 2271 4070 quid
2327 3999 2693 4069 peragendum
2768 4005 2910 4050 esset
2964 3995 3382 4050 deliberaretur.
3443 3995 3499 4049 Si
3551 3997 3716 4050 vitam

2142 4104 2342 4154 meam,
2397 4089 2494 4152 lili,
2550 4101 2786 4141 maerore
2827 4086 2940 4158 jam
2995 4086 3300 4140 confectam
3361 4102 3543 4153 curas,
3602 4089 3715 4140 uoti

2143 4191 2292 4237 tanta
2349 4181 2549 4236 duritia
2599 4180 2799 4235 habere
2833 4195 2954 4244 eos,
3010 4181 3102 4249 qui
3155 4180 3258 4235 sub
3312 4189 3579 4249 potesmte
3625 4190 3716 4235 tua

2143 4273 2422 4329 constituti
2449 4280 2619 4338 sunt;
2668 4287 2802 4326 cave
2849 4271 3095 4326 omnium
3130 4271 3346 4340 linguas
3398 4282 3584 4327 contra
3615 4289 3717 4327 nos

2144 4382 2526 4432 commovere;
2575 4366 2676 4420 hoc
2715 4368 2858 4419 enim
2901 4365 3062 4418 modo
3097 4365 3132 4419 ii
3168 4367 3285 4434 qui,
3330 4367 3712 4422 beneficiorum

2147 4472 2362 4516 tuorum
2409 4473 2696 4520 memores,
2748 4457 2857 4512 Deo
2905 4456 3110 4526 gratias
3189 4458 3446 4527 egissent,
3481 4461 3545 4511 ad
3575 4461 3717 4530 inju-

2144 4556 2254 4608 rias
2291 4552 2538 4606 conversi
2573 4558 2735 4620 caput
2768 4565 2947 4603 meum
2986 4549 3102 4603 dira
3130 4559 3533 4619 prosequuntur
3564 4566 3719 4606 exsc-

2143 4644 2404 4700 cratione.
2462 4641 2565 4709 Qui
2623 4653 2769 4696 sorte
2823 4657 2924 4721 sua
2982 4658 3088 4697 non
3143 4652 3273 4698 sunt
3321 4644 3586 4708 contenti,
3639 4647 3716 4698 uti

2145 4737 2310 4799 nosti,
2343 4751 2506 4805 quam
2561 4733 2859 4804 saepissime
2903 4749 3030 4788 suos
3077 4733 3416 4789 insectantur
3461 4737 3719 4806 praeposi-

2145 4839 2228 4883 tos
2259 4829 2412 4898 quasi
2444 4827 2637 4881 eximie
2671 4827 2871 4880 malum
2903 4825 3186 4890 haberent,
3218 4842 3515 4898 eorumque
3541 4829 3719 4896 capita

2144 4921 2279 4974 diris
2303 4918 2697 4984 devoventzid,
2731 4916 2925 4971 dilecte
2953 4917 3050 4980 fili,
3091 4933 3188 4986 pro
3227 4919 3427 4972 viribus
3457 4919 3718 4983 vitemus,

2143 5013 2405 5081 Apostolo
2452 5011 2698 5080 iubente,
2750 5017 2809 5062 ut
2861 5010 2980 5062 sine
3032 5009 3332 5064 offensione
3379 5010 3552 5064 simus
3607 5026 3716 5062 non

2144 5108 2320 5162 solum
2357 5121 2482 5178 erga
2522 5105 2731 5169 fideles,
2763 5103 2856 5159 sed
2887 5104 3051 5158 etiam
3099 5119 3223 5173 erga
3259 5103 3475 5159 Judmos
3505 5114 3558 5158 et
3582 5119 3717 5174 gen-

2137 5194 2270 5248 tiles
2283 5195 2324 5249 ⁸.

467 5287 627 5356 ἡμῶν
660 5283 1654 5357 ἱερὸν,πάσῃδυνάμειφυλαξώμεθα,
1687 5285 1920 5354 μάλιστα
1981 5284 2075 5337 τοῦ
2128 5283 2454 5339 Ἀποστόλου
2507 5284 2758 5351 λέγοντος
2806 5286 3191 5356 ἀπροσκόπους
3244 5281 3383 5339 εἶναι
3459 5287 3518 5338 ού
3557 5285 3718 5353 μόναν

466 5380 765 5449 όμοδόξοις,
798 5380 932 5433 ἀλλὰ
966 5384 1059 5434 καὶ
1109 5383 1389 5444 Ἰουδαίοις
1414 5381 1509 5434 καὶ
1537 5381 1820 5450 Ἕλλησιν.

539 5472 652 5524 Οὔκ
682 5472 982 5543 ἀγνοοῦμεν
1011 5472 1126 5541 οὖν,
1154 5476 1235 5528 ὃτι
1253 5476 1348 5528 καὶ
1377 5478 1442 5546 τῇ
1467 5477 1533 5546 σῇ
1561 5475 1772 5528 συνέσει
1801 5473 2043 5526 πλεῖστοι

468 5565 807 5618 ἐπιτίθενται
841 5567 1187 5638 παραλόγως,
1244 5570 1336 5623 καὶ
1379 5569 1808 5640 πονηρευόμενοι
1855 5566 2040 5636 ἀγῶνα

542 5726 563 5757 ⁸
597 5725 616 5782 l
651 5727 776 5784 Cor.
811 5745 865 5793 κ,
900 5727 992 5780 52.

2221 5468 2337 5525 Non
2390 5483 2475 5524 me
2524 5468 2656 5540 fugit
2706 5469 2971 5538 plurimos
3013 5467 3109 5521 tibi
3141 5467 3280 5520 male
3311 5467 3447 5523 velle
3479 5476 3532 5523 et
3565 5468 3721 5524 mali-

2149 5563 2342 5617 tiosam
2381 5575 2596 5616 movere
2627 5576 2885 5630 pugnam,
2929 5569 2987 5614 ut
3030 5559 3272 5614 Ecclesia
3305 5569 3392 5614 tua
3427 5561 3720 5618 detrimen-
