4088 6208
398 277 507 339 335

1528 270 1835 330 NICOLAI
1879 270 1988 329 (ΞΡ.
2034 264 2549 326 ΡΑΤΒΙΑΗΟΗεΕ

3534 261 3641 325 336

396 395 510 437 tum
555 381 751 452 capiat.
789 382 994 434 Horum
1044 393 1304 435 numerus
1348 378 1536 449 utique
1571 394 1820 447 magnus.
1856 374 1962 428 lla-

2091 373 2355 427 τοιοῦνται
2395 371 2491 424 τοῦ
2552 369 2649 441 τὴν
2700 369 2799 441 σὴν
2836 369 3163 439 Ἐκκλησίαν
3206 369 3378 441 ζημίᾳ
3414 371 3642 440 περιϐα-

404 472 568 526 hendi
632 472 939 541 cupidinem
1019 472 1219 540 ubique
1278 480 1591 540 regnantem
1657 468 1969 537 conspicio;

396 563 537 619 inter
594 562 830 631 majores
891 570 945 615 et
1006 562 1247 615 minores
1282 559 1515 623 ldillicile
1565 559 1829 627 reperias,
1880 558 1974 626 qui

394 654 554 710 istam
609 656 859 708 relrzenet
907 652 1234 722 cupidinem.
1286 650 1691 712 Verumtamen.
1754 651 1799 705 si
1844 651 1975 719 quid

394 745 700 800 istiusmodi
734 744 997 805 evenerit,
1055 754 1110 797 tu
1151 758 1294 807 eam,
1345 757 1467 811 quae
1513 742 1779 795 sacerdoti
1826 755 1977 793 sum-

396 850 486 888 mo
546 835 842 895 convenit,
892 833 1303 901 intelligentiam
1362 843 1417 886 et
1467 832 1810 901 prudentiam
1879 830 1977 885 ad-

400 925 611 983 hibeas.
646 940 711 978 ne
742 924 879 977 forte
909 925 1232 992 injustitiam
1270 924 1607 985 committas,
1645 923 1844 991 autjus
1880 922 1973 975 tibi

401 1032 506 1070 non
536 1016 775 1069 debitum
816 1015 913 1069 tibi
951 1014 1194 1068 vindices
1227 1024 1279 1067 et
1313 1014 1587 1083 legitimos
1630 1014 1974 1083 possidentes

400 1109 622 1177 spolies.
673 1104 782 1160 Imo
819 1121 913 1175 per
950 1106 1184 1174 teipsuin
1237 1105 1320 1159 vel
1373 1120 1469 1173 per
1523 1106 1688 1158 alium
1743 1105 1972 1174 probum

399 1198 603 1253 astahis
670 1197 922 1267 legitimis
966 1197 1207 1251 locorum
1255 1195 1555 1265 judicihus,
1585 1205 1638 1249 et
1668 1195 1883 1249 curabis
1919 1203 1979 1249 ut

400 1290 640 1343 damnati
678 1288 933 1342 obediant
968 1288 1252 1341 sententiae
1289 1286 1422 1353 justi
1468 1284 1683 1353 judicii.
1722 1283 1799 1337 Ita
1830 1286 1889 1337 lit
1918 1292 1977 1337 ut

404 1378 603 1447 injuste
653 1379 1147 1449 possidentes,suo
1199 1377 1373 1431 orbati
1428 1374 1658 1439 foenore,
1710 1377 1976 1430 adversus

406 1478 458 1520 te
493 1468 692 1521 latrare
732 1481 838 1519 non
874 1468 1107 1535 possint,
1142 1475 1196 1520 et
1231 1481 1411 1529 nemo,
1454 1482 1573 1534 quae
1614 1465 1826 1535 justitia
1860 1468 1979 1519 fue-

405 1561 514 1612 rint
545 1559 785 1624 decreta,
823 1559 920 1612 tibi
973 1559 1149 1627 palam
1186 1559 1317 1612 vitio
1348 1566 1539 1612 vertat.
1577 1556 1703 1611 Haec
1743 1558 1978 1627 jampri-

404 1650 523 1702 dem
547 1649 641 1701 tibi
663 1650 1035 1703 commendata
1074 1664 1195 1701 cum
1236 1648 1714 1701 vehementissimo
1739 1648 1977 1701 rescribo

2077 465 2208 518 λεῖν.
2254 462 2585 531 Ἐπίσταμαι
2625 460 2700 522 ὼς
2748 460 2931 512 πολλοὶ
2959 461 3229 514 τοιοῦτοι·
3282 462 3373 515 καὶ
3418 462 3526 533 γάρ
3557 463 3646 516 διά

2079 556 2296 608 πάντων
2352 552 2461 622 ὁρῶ
2497 550 2808 621 κεχυμένην
2862 552 2961 621 τὴν
2988 554 3140 604 νόσον
3179 553 3278 622 τῆς
3311 552 3646 617 πλεονεξίας,

2078 647 2172 698 καὶ
2210 645 2436 696 σπάνιόν
2482 644 2631 695 ἐστιν
2670 643 2852 712 εὑρεῖν
2886 643 2980 694 καὶ
3011 644 3069 696 ἐν
3099 643 3308 712 μείζοσι
3335 643 3649 714 προσώποις

2077 739 2172 791 καὶ
2224 740 2282 789 ἐν
2340 735 2587 789 ἐλάττοσι
2644 734 2738 787 τὸν
2767 733 2843 804 μὴ
2889 736 3303 804 κεκρατημένον
3335 735 3413 803 τῷ
3460 735 3644 788 πάθει.

2079 829 2245 898 Πλὴν,
2278 828 2463 881 τέκνον
2488 826 2667 897 ἡμῶν,
2721 825 2942 878 ἐπειδάν
2986 842 3038 877 τι
3081 826 3326 878 τοιοῦτον
3369 826 3645 897 ἀνακύψῃ,

2074 923 2141 988 τῇ
2173 918 2529 989 προσηκούσῃ
2577 918 2790 971 συνέσει
2834 917 2929 970 καὶ
2971 918 3229 988 εὐλαϐείᾳ
3264 920 3328 987 τῇ
3363 920 3426 987 σῇ
3459 918 3643 987 ἀρχιει

2080 1011 2293 1081 ρωσύνῃ
2326 1010 2635 1080 προσφέρου
2658 1012 2771 1073 τοῖς
2799 1010 3218 1077 διατιθεμένοις,
3242 1016 3337 1064 καὶ
3371 1011 3445 1079 μὴ
3484 1023 3642 1062 σεαυ-

2076 1103 2167 1156 τὺν
2196 1103 2453 1166 ἐκδικεῖν,
2480 1101 2615 1171 μηδὲ
2645 1102 2721 1165 ὡς
2751 1102 2811 1166 ἐξ
2838 1103 3139 1173 αὐτονόμου
3168 1102 3416 1167 ἐξουσίας
3435 1101 3643 1172 σεαυτῷ

2076 1212 2128 1248 τι
2164 1196 2595 1265 περιποιεῖσθαι,
2644 1196 2738 1248 καὶ
2780 1195 3107 1265 ἀποστερεῖν
3142 1195 3270 1257 τοὺς
3318 1195 3647 1264 κατέχοντας

2076 1285 2136 1337 τὸ
2164 1284 2533 1355 ζητούμενον·
2560 1284 2678 1339 ἀλλ’
2706 1287 2815 1338 είτε
2874 1286 2963 1339 διὰ
2999 1285 3253 1351 σεαυτοῦ,
3296 1287 3404 1339 είτε
3436 1285 3503 1337 δι’
3535 1282 3651 1336 ἐτέ-

2083 1393 2174 1446 ρου
2202 1377 2308 1428 τῶν
2340 1376 2667 1446 ἐπιτηδείων
2698 1378 2984 1447 προσιέναι
3012 1380 3125 1440 τοῖς
3146 1379 3285 1431 κατά
3310 1378 3472 1431 τόπον
3497 1378 3650 1431 δικά-

2080 1467 2194 1531 ζειν
2231 1466 2479 1536 λαχοῦσι,
2513 1469 2608 1520 καὶ
2634 1467 2708 1538 τῷ
2746 1470 3104 1539 ψηφιζομένῳ
3131 1470 3281 1540 παρά
3311 1470 3407 1540 τῆς
3432 1470 3647 1532 δικαίας

2080 1560 2314 1629 κρίσεως
2338 1560 2637 1629 ἀγαπητῶς
2659 1562 2940 1630 ἐμμένειν,
2970 1562 3057 1614 ἵνα
3101 1561 3193 1614 τοῦ
3227 1562 3319 1615 καὶ
3352 1563 3400 1613 οἱ
3427 1561 3645 1613 πλεονε-

2080 1649 2285 1713 κτικῶς
2308 1668 2359 1703 τι
2414 1654 2737 1721 κατέχοντες
2771 1653 3165 1722 ἀφαιρούμενοι
3196 1653 3289 1705 τοῦ
3320 1652 3647 1721 πλεονεκτή-

412 1740 630 1804 dolore;
693 1740 837 1809 quod
892 1742 938 1793 si
998 1740 1063 1792 de
1089 1740 1301 1792 dolente
1322 1749 1412 1792 tuo
1461 1739 1589 1805 quid
1615 1752 1772 1792 curas
1804 1746 1977 1807 patre,

2091 1758 2251 1810 ματος
2313 1742 2387 1811 μὴ
2450 1742 2624 1811 ἔχοιεν
2665 1743 2807 1795 κατά
2857 1743 2951 1795 σοῦ
2997 1744 3310 1811 γογγύζειν,
3359 1745 3452 1795 καὶ
3482 1742 3564 1794 σοὶ
3589 1742 3649 1792 τὸ

408 1845 517 1883 non
552 1838 739 1897 postea
764 1830 817 1881 in
857 1828 1049 1881 duram
1084 1843 1182 1881 nos
1207 1828 1664 1881 necessitudinem
1716 1826 1839 1879 talia
1887 1827 1985 1880 tibi

2091 1833 2500 1902 περιγινόμενον
2569 1834 2718 1904 παρὰ
2791 1835 2892 1904 τῆς
2963 1835 3313 1905 δικαιοσύνης
3381 1834 3650 1904 μηδεμίαν

406 1917 685 1973 scribendi
720 1916 1004 1986 conjicias.
1042 1915 1118 1969 Te
1167 1918 1432 1971 valentem
1476 1926 1531 1971 et
1577 1916 1678 1970 sibi
1722 1917 1772 1969 in
1806 1917 1990 1971 omni-

2091 1921 2324 1993 ἐπιφέρῃ
2353 1923 2582 1992 μέμψιν,
2612 1924 2735 1995 μηδ’
2775 1926 2877 1978 ύπὸ
2903 1944 3047 1989 τινος
3081 1926 3435 1997 καταδόησιν.
3470 1922 3655 1977 Ταῦτά

416 2013 517 2062 bus
568 2009 955 2077 obsequiosum
1016 2009 1288 2062 custodiat
1344 2008 1625 2061 Dominus.
1699 2007 1985 2063 Humilitao

2091 2031 2192 2080 σοι,
2229 2016 2322 2069 καὶ
2358 2016 2520 2069 πάλιν
2551 2019 2716 2088 φημὶ,
2770 2019 2889 2072 λίαν
2936 2021 3258 2091 ἐγράψαμεν
3286 2017 3612 2089 ὀδυνώμενοι
3635 2033 3650 2049 ⁸

409 2100 478 2150 tis
509 2106 690 2151 autem
727 2108 924 2152 nostrae
954 2114 1229 2166 nunquam
1288 2114 1392 2153 non
1445 2100 1497 2153 in
1559 2101 1810 2170 precibus
1876 2101 1987 2156 tuis

2091 2107 2179 2159 καὶ
2205 2107 2321 2158 είτι
2357 2110 2485 2178 περὶ
2516 2109 2718 2179 πατρὸς
2748 2110 3083 2180 όδυνωμένου
3103 2109 3426 2181 φροντίζεις,
3457 2106 3655 2178 μηκέτι

412 2202 617 2243 memor
646 2202 785 2244 CSIO.

2091 2197 2225 2269 πρὸς
2257 2199 2503 2269 ἀνάγκην
2549 2201 2696 2269 ἡμᾶς
2757 2201 3109 2272 καταστήσῃς
3148 2199 3376 2254 τοιαῦτά
3404 2216 3484 2252 σοι
3523 2197 3656 2267 γράο

407 2297 548 2348 φειν.
584 2282 932 2353 Ἐρρωμένον
959 2300 1017 2336 σε
1068 2286 1095 2336 ό
1127 2284 1331 2354 Κύριος
1369 2284 1686 2354 διαφυλάξοι
1710 2285 1767 2336 ἐν
1807 2286 1974 2339 πᾶσιν
2008 2286 2318 2359 εὐαρέστως
2386 2287 2535 2359 αὐτῷ
2564 2288 2893 2355 διαϐιοῦντα,
2927 2291 3022 2344 καὶ
3062 2289 3165 2361 τῆς
3201 2289 3361 2359 ἡμῶν
3430 2286 3657 2359 μετριό-

404 2390 565 2443 τητος
596 2378 1064 2447 ύπερευχόμενον.

590 2468 820 2529 CXVIII.
859 2496 930 2510 —-
957 2470 1114 2525 Petro
1146 2471 1354 2524 Alaniw
1410 2471 1819 2540 archiepiscopo.

479 2560 707 2617 Vinculo
766 2562 993 2632 spiritus
1044 2562 1369 2633 conjunctos
1407 2562 1476 2617 ab
1523 2564 1756 2618 invicem
1792 2576 1991 2632 corpo-

2245 2470 2397 2524 PlH’.
2448 2468 2645 2541 Πέτρῳ
2698 2471 3153 2539 ἀρχιεπισκόπῳ
3194 2471 3489 2539 Ἀλανίας.

2156 2562 2269 2614 Οὐκ
2290 2557 2400 2614 οἶδε
2448 2562 2573 2624 τοὺς
2604 2563 2991 2631 πνευματικῶς
3027 2564 3340 2633 ἡνωμένους
3369 2569 3655 2639 σωματικὴ

416 2654 551 2708 ralis
579 2669 689 2708 non
732 2664 951 2724 separat
1003 2656 1299 2720 distantia;
1341 2664 1396 2709 et
1442 2656 1487 2710 si
1534 2656 1665 2725 quid
1731 2655 1990 2724 paradoxi

2091 2652 2391 2716 ἀπόστασις
2442 2650 2687 2723 ἀλλήλων
2738 2653 3109 2723 διαχωρίξειν,
3150 2654 3290 2720 ἀλλ’,
3346 2658 3393 2709 εί
3449 2659 3552 2728 χρή
3604 2676 3657 2711 τι

409 2746 701 2800 dicendum
751 2744 919 2810 foret,
947 2745 1270 2801 adderemus
1298 2760 1586 2814 corporum
1633 2746 1990 2815 disjunctione

2091 2747 2183 2797 καὶ
2226 2744 2533 2814 παράδοξον
2592 2744 2758 2813 ἐρεῖν,
2817 2747 2849 2813 ἡ
2905 2744 3015 2797 τῶν
3064 2746 3333 2815 σωμάτων
3384 2747 3657 2813 διάζευξις

408 2836 666 2905 majorem
720 2834 833 2889 Ileri
879 2835 1163 2902 spirituum
1223 2834 1660 2897 unionem,cum
1716 2847 1876 2885 omne
1924 2846 1990 2885 eo

2091 2837 2251 2890 πλέον
2279 2838 2375 2906 τὴν
2399 2838 2593 2889 ἕνωσιν
2621 2836 3016 2905 ἀπεργάζεται,
3042 2838 3188 2909 ὅλης,
3229 2839 3304 2902 ὡς
3336 2840 3528 2907 εἰπεῖν,
3557 2840 3657 2909 τῆς

410 2925 595 2979 tendat
638 2924 876 2979 studium
909 2965 924 2988 ,
973 2934 1032 2977 ut
1061 2923 1366 2976 aretissime
1412 2921 1627 2988 copulet
1676 2924 1891 2976 animos
1940 2936 1990 2988 ει

2091 2930 2332 2997 σχέσεως
2394 2930 2475 2991 εἰς
2530 2929 2628 2997 τὴν
2678 2929 2789 2981 τῶν
2835 2930 3024 2999 ψυχῶν
3068 2931 3360 3000 συνάφειαν
3403 2928 3657 3002 καθαρῶς

411 3029 699 3082 corporum
757 3014 1039 3066 unitorum
1094 3027 1242 3065 more
1287 3012 1527 3080 separari
1558 3026 1663 3064 non
1692 3011 1984 3080 permittat.

2095 3016 2541 3088 περιισταμένης,
2598 3020 2691 3071 καὶ
2748 3018 2822 3090 μὴ
2871 3020 3160 3091 ἐθελούσης
3209 3021 3547 3092 μερίζεσθαι,
3578 3017 3660 3085 οἷς

412 3105 564 3171 Quod
616 3107 778 3176 igitur
839 3104 1160 3174 corporibus
1221 3103 1506 3169 distemus,
1571 3103 1813 3156 animum
1878 3103 1988 3156 noli

412 3200 644 3267 dejicere
666 3236 680 3259 ,
717 3197 826 3250 imo
859 3205 1035 3251 tecum
1082 3206 1300 3267 reputes
1350 3197 1494 3265 quod
1527 3207 1683 3249 antea
1714 3195 1854 3261 dixi,
1892 3210 1992 3248 nos

412 3290 604 3357 spiritu
634 3290 804 3358 magis
831 3304 954 3343 esse
984 3290 1331 3358 conjunctos;
1382 3288 1502 3342 ideo
1550 3289 1645 3340 tibi
1675 3304 1736 3341 ea
1766 3288 1992 3341 tenenda

409 3392 493 3436 est
527 3381 693 3434 animi
743 3381 1018 3435 contentio
1071 3396 1173 3449 qua
1220 3390 1378 3433 recta:
1437 3379 1722 3431 cohibetur
1767 3377 1994 3431 rationis

415 3490 564 3528 usus.
612 3473 716 3526 Pro
749 3473 953 3526 viribus
980 3472 1165 3535 obsta,
1196 3471 1289 3540 qui
1337 3471 1540 3523 donum
1582 3469 1753 3547 sancti
1788 3468 1995 3536 recepi-

415 3566 481 3617 sti
531 3564 791 3632 Spiritus,
828 3574 880 3617 et
936 3563 1257 3616 sacerdotali
1304 3564 1496 3630 plenus
1538 3562 1895 3616 exsultatione
1930 3562 1993 3613 ad

416 3656 698 3723 pristinam
732 3662 965 3706 mentem
1002 3661 1257 3706 converte
1307 3652 1565 3721 gaudium
1606 3651 1751 3721 quod
1781 3650 1996 3705 Christo

410 3758 466 3800 et
520 3748 676 3800 nobis
735 3746 1031 3798 humilibus
1087 3745 1207 3813 ejus
1268 3743 1484 3798 Iaumlis
1524 3750 1594 3811 ,ει
1652 3744 1720 3797 ad
1773 3743 1996 3812 gloriam

412 3847 575 3906 atque
611 3836 897 3889 utilitatem
935 3835 1140 3887 factum
1177 3843 1290 3899 est;
1325 3819 1491 3888 aniini
1526 3833 1717 3888 deinde
1742 3848 1901 3888 curas
1946 3842 1999 3886 et

416 3930 614 3982 mentis
660 3926 1056 3981 sollicitudines
1130 3928 1285 3996 longe
1361 3926 1602 3994 abjicies.
1690 3926 1842 3995 Saepe
1898 3926 1998 3979 ho-

416 4022 625 4085 mines,
654 4030 872 4074 terreno
891 4020 1042 4074 lucro
1083 4019 1311 4089 permoti
1357 4034 1571 4088 magna,
1602 4018 1793 4073 itinera
1842 4016 2001 4071 insti-

420 4124 596 4179 ιιιιιιιι,
633 4115 834 4183 quique
851 4114 1193 4182 parentibus,
1218 4114 1481 4169 uxoribus
1509 4124 1560 4166 et
1590 4113 1774 4167 liberis
1805 4111 1997 4169 orbati.

420 4222 526 4261 non
558 4208 732 4261 solum
768 4206 1010 4258 animum
1060 4220 1167 4257 non
1198 4205 1517 4268 dimittunt,
1552 4204 1644 4257 sed
1673 4202 2001 4272 quandoque

421 4301 664 4354 hilariter
689 4299 997 4352 distantiam
1026 4314 1053 4350 a
1090 4298 1203 4352 suis
1234 4297 1676 4366 perferunt,quia
1710 4296 1845 4350 lucri
1880 4312 2001 4364 spes

2097 3109 2387 3164 ὑποϐάλλει
2434 3109 2541 3163 τῶν
2595 3111 2862 3181 σωμάτων
2901 3114 2933 3181 ὴ
2973 3112 3188 3175 ἐνωσις.
3218 3115 3293 3165 Οὐ
3325 3114 3502 3166 τοίνυν
3531 3115 3660 3167 ἀθυ-

2097 3200 2218 3265 μεῖν
2244 3198 2415 3261 ἀξιον,
2447 3200 2527 3252 ὅτι
2553 3202 2661 3260 τοῖς
2684 3198 2897 3270 σώμασι
2933 3202 3323 3272 διεστήκαμεν,
3359 3204 3493 3257 ἀλλά
3525 3205 3661 3274 μᾶλ-

2094 3286 2182 3340 λον
2208 3288 2385 3354 εἰδὼς,
2416 3290 2552 3357 ὅπερ
2608 3289 2763 3360 ἔφην,
2798 3293 2880 3344 ὃτι
2923 3291 3084 3344 πλέον
3124 3292 3202 3361 τῷ
3236 3293 3504 3362 πνεύματι
3539 3312 3662 3346 συν-

2096 3380 2399 3449 απτόμεθα,
2431 3382 2759 3453 ὑψηλότερος
2784 3383 2945 3451 γενοῦ
2984 3402 3074 3454 μοι
3122 3386 3221 3455 τῆς
3256 3385 3466 3439 ἐκεῖθεν
3506 3398 3685 3456 περι-“

2098 3473 2319 3542 σπώσης
2353 3475 2444 3526 τὸν
2479 3475 2738 3545 λογισμὸν
2777 3476 3131 3547 διοχλήσεως,
3166 3478 3384 3549 καὶτῆς
3416 3480 3662 3549 ἐγκεχει-

2098 3566 2361 3635 ρισμένης
2393 3583 2474 3618 σοι
2518 3568 2667 3636 ποιρά
2716 3567 2809 3620 τοῦ
2856 3569 3124 3636 παναγίου
3169 3570 3481 3640 Πνεύματος
3542 3571 3661 3633 ὃλος

2096 3652 2170 3707 ὢν
2207 3654 2505 3725 ἱερωτάτης
2547 3657 2921 3724 ἀγαλλιάσεως
2949 3659 3182 3729 πλήρης,
3218 3662 3442 3731 ἀντέχου
3466 3677 3483 3691 ο
3528 3662 3663 3731 πρὸς

2097 3746 2313 3814 ἐκείνην
2361 3745 2457 3818 τὴν
2512 3747 2690 3817 ψυχὴν
2736 3750 3141 3819 περιστρέφων,
3185 3750 3279 3803 καὶ
3326 3752 3424 3822 τὴν
3455 3754 3662 3805 ἐκεῖθεν

2100 3837 2398 3906 φυομένην.
2433 3839 2628 3909 ἡδονὴν
2682 3840 2759 3910 τῷ
2807 3842 3019 3911 Σωτῆρι
3057 3842 3272 3894 πάντων
3307 3844 3527 3915 Χριστῷ
3568 3845 3663 3899 καὶ

2098 3926 2231 3993 ἡμῖν
2268 3928 2380 3989 τοῖς
2437 3932 2737 3993 ταπεινοῖς,
2791 3932 2887 3983 καὶ
2950 3930 3050 4001 τὴν
3089 3932 3173 3984 σοὶ
3226 3935 3663 4007 προσγινομένην

2100 4015 2257 4080 δόξαν
2304 4034 2363 4069 τε
2394 4020 2489 4073 καὶ
2525 4019 2810 4088 ὠφέλειαν,
2860 4021 3035 4074 ὀπίσω
3060 4023 3224 4093 ῥίψας
3271 4024 3369 4095 τὴν
3403 4025 3663 4094 ἀθυμίαν,

2102 4109 2197 4159 καὶ
2247 4107 2314 4159 τὰ
2364 4109 2578 4179 ἐκείνης
2634 4110 2769 4180 ἀηδῆ
2824 4112 3185 4182 ἐνοχλήματα.
3228 4115 3288 4167 Ei
3332 4116 3442 4187 γὰρ
3480 4117 3667 4171 ἕνεκεν

2102 4196 2292 4265 γηῒνου
2317 4200 2538 4267 κέρδους
2563 4200 2781 4270 μακρὰς
2795 4199 3101 4271 ὁδοιπορίας
3136 4203 3477 4271 στελλόμενοι
3500 4204 3663 4270 τινὲς,

2105 4289 2197 4341 καὶ
2224 4290 2447 4356 γονέων,
2467 4290 2557 4342 καὶ
2581 4293 2859 4358 γυναικὸς,
2895 4295 2991 4345 καὶ
3069 4293 3274 4345 παίδων
3326 4294 3663 4366 ἀποστερού-

418 4392 694 4444 tristitiam
732 4392 1000 4445 convertit
1036 4390 1085 4441 in
1113 4390 1366 4458 gaudium
1403 4404 1417 4453 ;
1452 4390 1580 4457 quid
1628 4404 1723 4441 eos
1754 4389 1990 4455 cogitare

2104 4394 2277 4446 μενοι,
2302 4379 2361 4429 οὐ
2394 4381 2553 4447 μόνον
2579 4380 2678 4432 οὐκ
2718 4380 3042 4451 ἀθυμοῦσιν,
3078 4381 3214 4435 ἀλλά
3258 4386 3348 4435 καὶ
3383 4387 3665 4455 χαίροντες

421 4485 575 4536 decet
600 4523 614 4547 ,
640 4482 731 4551 qui
764 4490 971 4534 tantum
1010 4480 1381 4548 adipiscuntur
1406 4487 1703 4547 quaestum,
1735 4486 2029 4551 quautumk,

423 4575 524 4643 ipsi
558 4574 730 4643 angeli
768 4571 1110 4626 desiderent?
1155 4571 1305 4635 Quod
1347 4572 1390 4623 si
1423 4580 1618 4624 memet
1658 4570 1870 4623 videndi
1905 4582 2000 4622 cu-

422 4668 583 4735 pidus
612 4667 689 4718 sis
736 4673 789 4716 et
819 4663 1025 4716 fervido
1082 4662 1288 4716 visendi
1319 4662 1590 4716 desiderio
1639 4661 1826 4729 ﬂagret
1876 4658 1998 4713 ani-

428 4775 550 4813 mus
576 4796 591 4822 ,
622 4767 674 4811 et
702 4755 966 4825 imprimis
1018 4756 1062 4809 si
1103 4757 1203 4810 hoc
1256 4756 1387 4809 utile
1424 4756 1580 4810 nobis
1618 4753 1815 4816 fuerit,
1864 4765 1996 4804 con-

425 4850 582 4903 cedat
626 4847 938 4901 misericors
987 4844 1284 4909 Dominus;
1340 4846 1423 4898 sin
1482 4843 1844 4914 possessionis
1871 4857 2002 4909 gau-

426 4943 577 4995 dium
607 4947 830 5000 resecet,
858 4950 1021 5007 atque
1048 4937 1196 4991 aliud
1236 4937 1435 4991 tribuat
1466 4937 1656 4990 melius
1677 4975 1692 5000 ,
1734 4936 1878 4989 illius
1902 4949 2002 4989 nos

422 5031 873 5087 commendamus
917 5030 1269 5097 benignitati,
1313 5044 1477 5098 quam
1530 5043 1629 5081 nec
1669 5036 1879 5095 tempus
1912 5040 2001 5080 se-

429 5135 628 5196 parat,
676 5138 775 5177 nec
816 5122 1004 5188 locus,
1054 5137 1155 5176 nec
1213 5121 1319 5175 alia
1364 5135 1545 5174 rerum
1592 5119 1850 5182 conditio,
1892 5119 2001 5171 imo

433 5212 898 5269 immarcessibilis
919 5211 1367 5280 exspectantibus
1421 5217 1732 5263 reservatur
1794 5206 1997 5259 laatitia.

431 5305 583 5360 Adsit
620 5305 757 5370 tibi,
790 5306 860 5357 mi
890 5302 960 5356 Iili
985 5343 1000 5370 ,
1041 5301 1202 5355 Pater
1249 5301 1513 5369 benignus
1556 5308 1609 5353 et
1651 5298 1793 5352 Deus
1824 5306 2006 5350 noster

432 5405 723 5465 perpetuo;
757 5404 807 5449 te
837 5403 1116 5457 sustentet,
1144 5392 1235 5462 qui
1254 5391 1532 5461 evangelio
1557 5390 1674 5459 ejus
1708 5386 2003 5449 inservias;

430 5488 549 5551 ipse
582 5484 773 5538 liberet
833 5495 884 5537 te
930 5482 1163 5537 tristitia:
1199 5481 1437 5535 tenebris
1473 5491 1528 5533 et
1574 5476 1999 5545 inexstinguibili

434 5579 604 5628 donet
638 5576 935 5631 hilaritate.

2099 4468 2270 4521 ἐνίοτε
2313 4469 2666 4539 ἀναδέχονται
2712 4472 2811 4541 τὴν
2840 4473 3149 4537 διάστασιν,
3186 4475 3282 4544 τῆς
3315 4477 3378 4527 ἐκ
3407 4476 3503 4528 τοῦ
3537 4478 3667 4548 κέρς-

2096 4559 2219 4622 δους
2236 4559 2446 4622 ἐλπίδος
2462 4561 2519 4613 τὸ
2542 4562 2753 4632 χαίρειν
2770 4564 2890 4617 ἀντὶ
2914 4563 3006 4616 τοῦ
3025 4565 3254 4634 ἀθυμεῖν
3277 4567 3666 4639 χαριζομένης,

2094 4654 2147 4704 τί
2177 4653 2255 4705 δεῖ
2281 4655 2498 4723 φρονεῖν
2528 4657 2653 4717 τοὺς
2681 4650 2793 4708 οἷον
2820 4656 3111 4726 μέλλοντας
3152 4662 3461 4728 κερδαίνειν
3499 4660 3534 4714 ἀ
3574 4662 3668 4714 καὶ

2095 4744 2346 4810 ἀγγέλοις
2373 4744 2451 4806 είς
2476 4744 2795 4815 ἐπιθυμίαν,
2816 4752 2908 4801 καὶ
2941 4750 3106 4820 μόνης
3123 4751 3448 4806 καθίσταται
3487 4772 3669 4824 παρα*

2096 4833 2350 4902 κύψεωςς
2401 4834 2541 4887 Ἀλλ’
2574 4836 2721 4899 εἰκὸς
2773 4839 3175 4909 ἐνθυμούμενον
3214 4842 3274 4895 τὸ
3312 4845 3386 4914 μὴ
3418 4844 3496 4897 ἐτι
3530 4846 3665 4915 πρὸς

2099 4923 2227 4976 θέαν
2256 4927 2596 4994 καταστῆναι
2628 4926 2902 4997 ἀλλήλοις,
2957 4933 3270 4985 κεντεῖσθαι
3297 4936 3394 5003 τὴν
3426 4936 3657 5003 καρδίαν

2102 5014 2206 5068 ὐπδ
2236 5015 2331 5068 τοῦ
2365 5016 2570 5087 θερμοῦ
2620 5019 2754 5089 πρὸς
2802 5021 2949 5089 ἡμᾶς
2992 5021 3182 5085 πόθου,
3213 5023 3446 5093 μάλιστα
3476 5026 3578 5094 μὲν
3618 5024 3666 5077 εί

2102 5109 2197 5160 καὶ
2234 5107 2393 5161 τοῦτο
2427 5110 2720 5180 συμφέροι,
2764 5110 2992 5180 παρέξει
3024 5114 3052 5164 ὁ
3087 5114 3311 5181 ἀγαθός.
3345 5116 3406 5167 Et
3446 5114 3501 5166 δέ
3536 5115 3669 5168 ύπο⁸

2101 5202 2350 5269 τεμείται
2394 5199 2492 5271 τὴν
2537 5202 2795 5273 τοιαύτην
2821 5203 3139 5269 ἀπόλαυσιν,
3180 5206 3294 5259 ἀλλ’
3317 5206 3437 5259 ἀντὶ
3462 5205 3669 5273 ταύτης

2103 5296 2397 5362 χαριεῖται,
2430 5295 2777 5365 πεποίθαμεν
2831 5301 2900 5367 τῇ
2947 5299 3156 5352 ἐκείνου
3202 5299 3532 5369 χρηστότητι
3567 5301 3667 5368 τὴν

2104 5385 2334 5453 ἀμείνω,
2390 5386 2457 5456 ἠν
2509 5387 2633 5440 ούτε
2685 5390 2875 5459 χρόνος
2915 5390 3212 5460 διατέμνει,
3257 5391 3319 5442 οὐ
3348 5389 3533 5452 τόπος,
3564 5392 3667 5444 οὐκ

2102 5477 2238 5547 ἄλλη
2269 5496 2353 5541 τις
2408 5481 2727 5551 περίστασις
2767 5483 2984 5549 έξωθεν,
3021 5484 3136 5536 ἀλλ’
3182 5484 3269 5536 ἀεὶ
3326 5481 3667 5551 παραμένειν

2100 5573 2214 5635 τοῖς
2280 5572 2533 5627 συνοῦσιν
2574 5577 2888 5647 ἀμάραντον
2928 5576 3279 5646 παρεχομένη
3311 5578 3409 5647 τὴν
3438 5577 3663 5647 ἡδονήν.

450 5670 505 5723 ἰδ
549 5672 604 5723 δὲ
648 5671 1029 5741 φιλάνθρωπος
1075 5669 1233 5741 ἡμῶν
1281 5667 1468 5738 Πατὴρ
1518 5667 1611 5720 καὶ
1642 5665 1788 5737 ,Θεὸς
1856 5666 2043 5733 αὐτὸς,
2082 5668 2273 5721 τέκνον
2304 5668 2482 5737 ἡμῶν,
2540 5669 2715 5723 συνὼν
2786 5671 3125 5733 ἀδιαστάτως
3168 5673 3252 5742 εῖη
3288 5674 3381 5726 καὶ
3416 5688 3664 5725 συναντιο
