4088 6208
442 332 546 394 33⁸1

1892 338 2305 400 EPISTOLJE.

3601 336 3702 403 338

438 440 859 510 λαμσανόμενος
898 440 981 507 οἷς
1016 445 1287 511 διακονεῖς
1342 447 1419 518 τῷ
1476 448 1799 521 Εὑαγγελίῳ
1845 451 2037 514 αὑτοῦ,
2110 451 2205 503 καὶ
2259 449 2403 502 λύων
2466 448 2649 519 πάσης
2718 448 2948 519 ἀκηδίας
3007 450 3461 523 σκυθρωπότητα,
3492 452 3585 504 καὶ
3611 451 3709 516 τῆς

442 528 710 585 ἀσϐέστου
752 550 812 587 σε
840 537 1203 608 φαιδρότητος
1235 541 1532 606 καταξιῶν.

866 648 1016 705 1⁵18⁸.
1071 651 1310 722 Ἀνδρέᾳ
1356 657 1621 725 Πατρῶν.

518 761 664 835 Ὀσῃ
713 765 1051 837 στενοχωρίᾳ
1104 768 1646 841 περιστοιχιζόμεθα,
1698 774 1791 827 καὶ
1851 776 2020 845 χωρὶς

441 853 536 907 τοῦ
569 856 718 925 ⁴ημᾶς
740 856 1031 920 διδάσκειν,
1059 858 1120 912 οὐ
1150 858 1475 929 λογιζόμεθα
1508 880 1592 927 σε,
1625 863 1815 919 τέκνον
1837 867 2016 937 ἡμῶν,

446 948 680 1014 ἀγνοεῖν.
729 947 792 1000 Ἢ
823 947 930 1019 γάρ
950 949 1058 1003 τῶν
1090 951 1433 1020 πραγμάτων
1459 952 1699 1016 διάθεσις
1735 956 1836 1009 ούκ
1871 958 2019 1011 ἔστιν

446 1038 533 1091 οἵα
575 1038 862 1093 λανθάνειν
891 1044 965 1110 μὴ
994 1041 1075 1094 δτι
1100 1059 1161 1110 γε
1198 1043 1365 1111 ὑμᾶς,
1394 1044 1509 1098 ἀλλ’
1541 1046 1664 1100 οὐδὲ
1711 1048 1873 1102 ἄλλον
1898 1052 2019 1106 τινὰ

446 1132 538 1183 τὸν
575 1130 827 1201 τυχόντα.
864 1133 963 1185 Διά
1001 1134 1161 1188 τοῦτο
1188 1136 1280 1188 ἐπὶ
1316 1139 1428 1201 τοῖς
1459 1140 2018 1214 ἐνταῦθα’συνέχουσι

447 1221 659 1282 κακοῖς,
697 1221 792 1274 καὶ
828 1221 877 1274 οἱ
936 1221 996 1286 ἐξ
1042 1222 1243 1293 ἐτέρων
1268 1225 1449 1278 τόπων
1498 1227 1619 1280 καθ’
1647 1228 1884 1298 ἑκάστην
1911 1231 2017 1297 ἀφ-

450 1309 756 1381 ικνούμενοι
784 1312 877 1364 καὶ
906 1312 1264 1383 διοχλοῦντες,
1298 1316 1603 1391 βαρυτέραν
1629 1324 1724 1393 τὴν
1757 1340 2019 1394 στενοχω-

452 1404 570 1472 ρίαν
602 1405 735 1473 ἡμῖν
761 1406 1188 1474 ἀπεργάζονται.
1224 1410 1374 1466 Ἔδει
1403 1412 1516 1475 οὖν,
1542 1416 1736 1469 τέκνον
1775 1418 1930 1487 ἐμὸν,
1957 1421 2017 1474 ὲν

448 1495 609 1546 παντὶ
641 1497 827 1566 τρόπῳ
854 1499 1198 1567 προνοεῖσθαι
1226 1502 1334 1556 τῶν
1353 1503 1578 1557 αὐτόθεν
1606 1506 2015 1579 ἀνερχομένων,

447 1587 541 1638 καὶ
597 1586 831 1655 μάλιστα
881 1589 988 1643 ὑπὸ
1034 1598 1133 1663 τὴν
1192 1594 1292 1664 σὴν
1336 1598 1492 1668 χεῖρα
1560 1600 1878 1669 τελούντων,
1939 1603 2016 1676 μὴ

445 1677 783 1733 ἐπιτίθεσθαι
810 1682 943 1750 ἡμῖν
970 1682 1069 1746 τὰς
1095 1684 1536 1756 διοχλήσεις,κᾶν
1564 1709 1693 1745 ποτε
1725 1692 1814 1748 διά
1855 1699 2014 1750 πταί-

450 1785 633 1837 σματα
686 1764 775 1824 οἷα
819 1772 1062 1841 φιλεῖτά
1123 1777 1442 1848 ἀνθρώπινα
1490 1784 1812 1857 ἀποκίνησιν
1872 1791 2017 1853 τινὸς

449 1860 689 1933 συμῦαίη
718 1863 973 1931 γενέσθαι
1005 1870 1105 1939 τῆς
1152 1870 1244 1923 ὑπ’
1268 1871 1448 1925 αὐτῶν
1479 1874 1859 1948 διοικουμένης
1899 1879 2015 1933 δια-

448 1955 653 2019 κονίας,
703 1955 870 2027 ἄλλης
914 1959 1063 2023 τινὸς
1108 1963 1399 2034 τυγχάνειν
1476 1970 1847 2039 παραμυθίας,
1899 1974 2022 2044 ἥτις

445 2046 667 2109 τούτους
694 2046 882 2120 ὥσπερ
921 2051 1241 2122 ἔξιλαρυνεῖ,
1273 2056 1370 2110 καὶ
1406 2058 1466 2112 τὸ
1504 2060 1738 2116 ἄτακτον
1789 2066 2018 2137 πήδημα

445 2139 544 2207 τῆς
576 2140 804 2210 καρδίας
864 2145 1145 2199 συστεῖλαι
1180 2150 1615 2218 παρασκευάσει.
1656 2154 1771 2209 Νῦν
1811 2157 1868 2210 δὲ
1898 2158 2017 2223 πῶς

444 2231 582 2283 εἴπω
608 2233 681 2295 ὡς
715 2234 791 2306 μὴ
822 2235 1113 2305 δυνάμενοι
1154 2239 1330 2305 ἄλλως
1360 2244 1458 2313 τὴν
1506 2246 1779 2302 ἐπώδυνον
1813 2252 2016 2325 ταύτην

444 2322 626 2376 ἕλκειν
652 2324 820 2397 ζωὴν,
850 2328 992 2383 οὕτω
1023 2335 1470 2404 κατατεινόμενοι
1508 2341 1626 2402 ταῖς
1657 2340 1867 2407 ὀδύναις
1924 2322 2016 2397 καὶ

444 2415 545 2483 τὴν
578 2414 755 2486 ψυχὴν
783 2414 1224 2493 σπαρασσόμένοι
1263 2425 1399 2495 πρὸς
1426 2426 1495 2480 τά
1541 2430 1777 2485 ἐνταῦθα
1839 2452 2017 2506 παρα-

447 2508 687 2574 γίνονται
720 2514 769 2565 oi
808 2514 872 2567 ἐκ
909 2521 1018 2567 τῶν
1034 2518 1249 2572 οἰκείων
1279 2523 1742 2591 παρακινούμενοι
1772 2526 2018 2598 λειτουρο

444 2598 600 2662 γιῶν.
628 2600 846 2655 Τούτων
875 2604 990 2658 ἔστι
1027 2608 1118 2658 καὶ
1152 2607 1454 2680 Γρηγὸριος
1483 2612 1511 2664 ὁ
1545 2614 1798 2683 μοναχὸς,
1827 2617 1887 2680 ὅς
1915 2636 2017 2689 φη-

449 2704 560 2754 σιν,
599 2691 994 2763 ἀπώεδιῶχθαι
1051 2700 1436 2767 μοναστηρίου,
1472 2701 1531 2754 ὲν
1585 2697 1629 2770 ᾧ
1661 2706 2015 2778 ἀπεκείρατο,

447 2782 540 2832 καὶ
568 2774 629 2835 οὗ
661 2788 1051 2857 προτιμότερος
1082 2784 1150 2859 ἦν
1189 2794 1732 2850 καταπεπιστεῦσθαι
1759 2798 1857 2871 τὴν
1882 2801 2017 2855 διοί-

446 2886 635 2940 κησιν,
665 2872 741 2935 ὤς
772 2874 954 2941 ἄλλοις
980 2894 1037 2930 τε
1074 2880 1297 2949 τρόποις
1348 2883 1712 2957 διαφέρουσαν
1740 2892 1891 2963 αὐτῷ
1923 2896 2017 2948 καὶ

445 2966 513 3033 τῇ
543 2965 684 3056 κατά
722 2969 1042 3036 συγγένειαν
1065 2971 1157 3025 τοῦ
1182 2976 1244 3027 τὸ
1278 2980 1643 3051 μοναστήριον
1668 2987 2017 3056 συστησαμέ-

448 3071 541 3106 νου
575 3054 935 3130 κληρονομίᾳ.
977 3061 1118 3115 Ἀλλ’
1165 3065 1375 3129 ἐκεῖνος
1428 3071 1529 3139 μὲν
1557 3070 1731 3125 ταῦτα
1788 3054 2017 3144 προστι-

447 3145 676 3210 θεὶτ,ὅτι
705 3149 855 3214 ξένος
886 3168 970 3216 τις
1011 3156 1106 3209 καὶ
1151 3155 1430 3230 ἀλλότριος
1475 3162 1567 3215 καὶ
1601 3163 1773 3232 μηδὲν
1811 3165 2018 3222 δίκαιον

447 3240 526 3330 είς
542 3241 602 3330 τὸ
625 3242 813 3311 ἄρχειν
830 3244 922 3298 τοῦ
937 3250 1298 3319 μοναστηρίου
1322 3255 1681 3324 κεκτημένος,
1699 3258 1773 3329 μὴ
1794 3259 2015 3330 τρόπον,

452 3327 527 3397 μὴ
551 3327 688 3427 βίον,
724 3333 800 3403 μὴ
826 3338 1064 3408 συγγενῆ
1096 3356 1218 3394 τινα
1242 3342 1535 3412 πρόφασιν,
1562 3348 1713 3417 παρά
1734 3327 2016 3423 σοῦ-προε-
2047 3365 2094 3427 c

449 3420 615 3491 κρίθη
648 3424 728 3487 si;
763 3424 863 3494 τὴν
902 3429 1162 3502 τοιαύτην
1193 3433 1540 3492 ἐπιστασίαν.
1570 3437 1764 3510 Ἠμείς
1803 3442 1863 3496 δὲ
1883 3420 2040 3498 τοῦτό

450 3525 535 3606 σοι
567 3514 873 3583 γράφομεν,
903 3518 977 3583 ὡς
1004 3522 1052 3573 εί
1085 3522 1187 3591 μὲν
1216 3525 1317 3577 ότδ
1344 3527 1576 3599 γράμμα
1606 3532 1763 3601 ήμῶν
1781 3534 2034 3606 ἐπικομι-

449 3599 676 3670 ζόμενος
700 3606 1125 3681 ἀληθῆαὲδίδαξε,
1156 3616 1251 3669 καὶ
1281 3618 1381 3672 οὐκ
1409 3619 1526 3675 ἐστι
1552 3599 1824 3687 τιςήαίτία
1852 3599 2033 3682 κωλύ-

448 3710 587 3749 ουσα
624 3697 718 3750 τοῦ
756 3704 1124 3775 μοναστηρίου
1157 3707 1349 3777 ἄρχειν
1372 3711 1557 3776 αὑτὸν,
1585 3714 1660 3785 μὴ
1706 3719 2031 3790 ἁποστερεί-

452 3786 757 3861 σθωπαρά
786 3793 886 3864 τῆς
936 3796 1092 3865 ὑμῶν
1139 3799 1416 3869 θεοφιλίας
1466 3803 1566 3875 τῆς
1623 3786 2026 3882 ἐπιϐαλλούσης

449 3881 601 3952 αὐτῷ
635 3884 776 3939 κατά
804 3887 897 3941 τὸν
933 3889 1029 3943 τοῦ
1086 3890 1300 3946 δικαίου
1332 3895 1489 3963 λόγον
1535 3899 1923 3970 ήγουμενείας.
1955 3881 2020 3958 Et

449 3975 505 4027 δέ
531 3995 583 4031 τι
614 3979 763 4032 ἐστιν
805 3982 1142 4055 ἐναντίωμα,
1169 3986 1237 4040 δι’
1276 3980 1336 4041 οὗ
1386 3990 1606 4055 ἀνάξιος
1635 3994 2017 4051 ἀναδείκνυται

450 4072 549 4139 τῆς
612 4075 869 4147 τοιαύτης
899 4080 1100 4150 ἀρχῆς,
1129 4082 1268 4146 τέως
1312 4084 1410 4155 τῆς
1452 4086 1806 4160 ὀφειλομένης
1834 4107 2020 4159 παρα-

2044 636 2092 692 Α

2365 624 2554 681 CXIX.
2578 656 2640 669 —
2664 626 2892 683 Andrei:
2918 628 3167 684 Patrensi
3199 631 3457 699 episcopo.

2197 735 2411 803 Quanta
2468 738 2874 793 circumdemur
2927 740 3224 810 anguStia,
3282 740 3385 795 etsi
3454 739 3547 796 tibi
3598 757 3707 797 non

2122 828 2447 882 mandemus
2476 867 2490 893 ,
2523 829 2596 881 mi
2627 829 2699 883 fili
2730 870 2743 893 ,
2780 838 2959 884 tamen
3015 833 3265 901 ignorare
3308 845 3417 885 non
3479 834 3740 913 poteris“

2122 915 2281 972 Tales
2311 917 2454 970 enim
2486 927 2615 971 sunt
2640 933 2820 973 rerum
2849 920 3241 989 conjuncturaa,
3273 931 3330 976 ut
3393 936 3491 977 nec
3527 930 3578 975 te
3611 937 3711 977 nec

2120 1010 2430 1079 quempiam
2481 1009 2645 1065 alium
2708 1010 2989 1081 effugiant.
3047 1012 3325 1082 Siquidem
3384 1013 3447 1068 ad
3491 1027 3554 1068 ea
3589 1029 3711 1083 qua:

2121 1116 2220 1157 nos
2273 1102 2589 1171 opprimunt
2628 1103 2936 1161 mala.alia
2988 1103 3230 1173 quotidie
3282 1119 3348 1158 ex
3396 1103 3518 1160 aliis
3572 1105 3710 1161 locis

2121 1194 2370 1250 homines
2393 1194 2674 1250 confluunt
2701 1204 2755 1250 et
2788 1210 2889 1250 nos
2919 1206 3169 1265 gravatos
3201 1196 3374 1264 magis
3406 1204 3711 1253 coarctant.

2120 1285 2410 1355 Propterea
2442 1288 2532 1356 qui
2568 1286 2799 1342 diversis
2844 1295 3088 1356 praesunt
3120 1287 3254 1342 locis
3287 1301 3504 1341 omnem
3536 1287 3699 1341 adhi-

2119 1378 2251 1432 bere
2277 1377 2545 1432 debebant
2567 1377 2990 1433 sollicitudinem
3039 1385 3091 1432 et
3115 1376 3373 1443 maxime,
3401 1384 3477 1441 tu,
3521 1377 3595 1430 mi
3615 1376 3711 1439 fili,

2116 1483 2241 1539 erga
2305 1470 2557 1525 subditos
2607 1478 2733 1525 tuos
2781 1511 2795 1532 ,
2861 1484 2926 1523 ne
2979 1468 3284 1538 majoribus
3342 1482 3714 1538 premeremur

2120 1560 2624 1631 perturbationibus
2656 1602 2671 1626 ,
2723 1558 2815 1613 ubi
2874 1559 3004 1629 quid
3047 1559 3101 1612 in
3133 1568 3417 1627 utramque
3464 1570 3710 1627 partem,

2112 1650 2259 1720 quod
2288 1652 2427 1705 inter
2460 1651 2704 1705 homines
2733 1649 2904 1714 solet,
2956 1649 3225 1705 arrisisset
3246 1688 3261 1711 ,
3292 1648 3347 1702 in
3402 1649 3533 1716 ipsis
3581 1647 3712 1702 locis

2117 1741 2391 1810 quodnam
2447 1742 2578 1795 mali
2624 1741 2867 1799 solamen
2914 1741 2997 1795 vel
3047 1738 3350 1794 remedium
3387 1738 3579 1794 fuisset
3609 1737 3713 1791 mi-

2121 1836 2393 1904 nistrare;
2430 1852 2647 1906 semper
2679 1837 2824 1891 enim
2851 1834 3123 1905 ejacentes
3156 1834 3366 1902 erigere
3416 1840 3470 1887 et
3497 1830 3709 1885 inordi-

2121 1938 2316 1991 natos,
2367 1927 2610 1981 animum
2669 1924 2919 1981 addendo
3001 1925 3068 1979 ad
3128 1924 3393 1979 rationem
3452 1921 3714 1977 reducere

2053 2019 2093 2073 Β
2124 2026 2367 2072 nostrum
2398 2026 2500 2074 est.
2528 2017 2673 2085 Quid
2723 2018 2893 2088 quod,
2932 2032 3059 2073 cum
3091 2028 3255 2071 vitam
3298 2013 3561 2070 aerumnis
3590 2028 3714 2083 per-

2128 2106 2357 2163 fractam
2395 2109 2609 2164 trahere
2633 2108 2744 2179 jam
2778 2124 2886 2163 non
2914 2108 3146 2180 possim,
3177 2123 3299 2163 cum
3330 2106 3712 2161 afflictionibus

2125 2198 2500 2255 distendantur
2542 2202 2694 2256 nervi
2738 2210 2792 2257 et
2838 2202 3057 2255 animus
3098 2198 3480 2269 prosternitur,
3509 2196 3713 2251 adven-

2126 2300 2241 2344 tant
2263 2306 2329 2344 ex
2362 2291 2555 2348 vestris
2577 2332 2591 2357 ,
2633 2293 2727 2362 qui
2760 2292 2996 2363 majores
3020 2292 3072 2345 iu
3130 2307 3215 2346 me
3244 2292 3479 2344 excitent
3510 2301 3708 2343 rerum.

2125 2396 2245 2435 nas.
2279 2381 2424 2436 Inter
2475 2382 2577 2438 hos
2627 2384 2729 2439 fuit
2781 2382 3078 2453 Gregorius
3128 2381 3471 2447 monachus,
3504 2380 3599 2449 qui
3652 2393 3712 2433 se

2125 2472 2459 2526 monasterio
2482 2475 2767 2541 expulsum
2800 2473 2967 2535 dicit,
3012 2473 3067 2526 in
3098 2488 3201 2526 suo
3233 2481 3353 2526 vota
3379 2469 3585 2524 fecerat
3611 2508 3625 2531 ,
3661 2477 3713 2522 et

2124 2560 2195 2614 ob
2266 2562 2495 2617 virtutes
2565 2578 2700 2618 suas
2779 2565 3143 2633 principatum
3192 2562 3534 2626 obtinuerat;
3591 2574 3713 2628 qua?

2123 2648 2360 2719 dignitas
2428 2653 2476 2704 ei
2544 2653 2904 2708 conveniebat
2953 2652 3252 2722 praesertim
3296 2651 3449 2721 juxta
3495 2648 3713 2704 familia:

2123 2755 2238 2795 suae
2288 2742 2546 2795 tributam
2588 2743 2978 2798 haereditatem.
3033 2744 3195 2798 Addit
3258 2758 3477 2812 quoque
3523 2740 3714 2808 hospi-

2126 2837 2230 2884 tem
2265 2845 2591 2901 quemquam
2617 2843 2671 2888 et
2696 2833 3077 2903 alienigenam,
3106 2834 3197 2903 qui
3228 2835 3294 2887 ad
3322 2832 3710 2888 monasterium

2126 2921 2419 2989 regendum
2452 2923 2657 2977 nullum
2690 2924 2782 2992 jus
2828 2924 3023 2990 habet,
3059 2940 3156 2979 nec
3186 2924 3463 2978 meliorem
3498 2923 3712 2980 vivendi

2124 3012 2411 3077 rationem,
2449 3029 2547 3067 nec
2568 3014 2713 3069 aliud
2739 3014 3006 3083 ejusmodi
3034 3013 3300 3071 familiare
3357 3016 3554 3071 offerre
3583 3031 3711 3085 pos-

2125 3104 2215 3167 sit,
2242 3118 2271 3156 a
2313 3112 2363 3157 to
2391 3103 2444 3156 in
2475 3106 2792 3159 monasterii
2838 3107 3080 3176 regimen
3126 3107 3484 3162 substitutum
3523 3106 3711 3162 fuisse.

2125 3190 2239 3247 Hoc
2265 3194 2358 3247 tibi
2402 3194 2732 3263 scribimus,
2777 3198 2909 3252 utsi
2942 3197 3151 3254 litteras
3198 3208 3416 3256 nostras
3464 3196 3713 3254 deferens

2125 3284 2438 3354 allegaverit
2470 3301 2677 3351 verum,
2727 3297 2781 3342 et
2815 3288 2963 3343 nulla
2995 3288 3137 3344 adsit
3170 3304 3337 3344 causa
3362 3329 3377 3350 ,
3410 3303 3530 3359 quae
3556 3287 3712 3341 illum

2125 3391 2155 3430 a
2184 3377 2519 3433 monasterio
2569 3377 2809 3449 regendo
2832 3368 3104 3435 removeat
3131 3419 3146 3444 ,
3178 3378 3421 3435 charitas
3461 3394 3568 3433 non
3596 3379 3709 3448 pri-

2136 3476 2329 3522 vatura
2388 3468 2457 3522 sit
2509 3468 2771 3540 regimine
2806 3471 2952 3540 quod
2990 3471 3056 3526 ad
3087 3471 3239 3526 illum
3279 3469 3402 3539 jure
3430 3477 3484 3525 et
3514 3469 3709 3525 merito

2135 3559 2386 3626 pertinet.
2433 3559 2684 3615 Attamen
2726 3562 2772 3616 si
2832 3562 2962 3631 quid
3008 3562 3250 3619 obstaret
3289 3561 3584 3632 quominus
3616 3560 3709 3616 illo

2133 3663 2354 3703 munere
2386 3649 2583 3721 dignus
2614 3653 2908 3717 videretur,
2939 3654 2993 3708 in
3018 3662 3281 3724 quantum
3335 3652 3450 3708 fieri
3493 3662 3670 3723 p0test
3692 3693 3708 3718 ,

2130 3737 2397 3792 habeatur
2424 3739 2794 3809 indulgentius
2816 3783 2830 3808 ,
2860 3752 2915 3798 et
2951 3743 3118 3798 vitam
3153 3742 3610 3798 calamitosiorem
3642 3757 3711 3796 ne

2128 3825 2312 3882 ducat.
2348 3828 2404 3884 Si
2428 3847 2588 3900 quam
2611 3834 2677 3887 de
2709 3833 2989 3890 doloribus
3028 3843 3083 3890 et
3120 3834 3482 3891 aliictionibus
3516 3848 3704 3890 curam

2128 3917 2296 3977 habes
2352 3923 2576 3988 nostris,
2639 3925 2715 3979 uti
2751 3925 2863 3992 fili,
2901 3935 2951 3982 te
2996 3927 3176 3997 ipsum
3225 3927 3485 3982 omnibus
3531 3924 3708 3981 modis

2126 4013 2368 4079 praebeas
2404 4013 2827 4089 pontificem,Dei
2850 4057 2863 4079 ,
2892 4031 2993 4072 nec
3026 4032 3265 4089 unquam
3318 4018 3708 4090 benignitatem

2123 4113 2250 4169 erga
2286 4098 2463 4170 ipsum
2493 4115 2524 4155 e
2549 4104 2715 4158 corde
2742 4115 2833 4160 tuo
2861 4106 3069 4177 ejicias.

451 4164 650 4234 μυθέας
684 4169 893 4241 καὶτῆς
914 4173 1037 4226 ὅσον
1065 4174 1182 4228 ἐστὶ
1206 4175 1430 4230 δυνατὸν
1457 4180 1897 4261 ἀστενοχωρήτου
1934 4185 2104 4260 ζωῆς,
2146 4164 2273 4245 sive:
2308 4164 2395 4245 σοὶ
2439 4195 2613 4265 μέλει,
2643 4195 2836 4249 τέκνον
2890 4164 3087 4268 ’ἡμῶν,
3119 4198 3226 4252 τῶν
3272 4199 3551 4270 ἡμετέρω-
3597 4199 3705 4253 θλί-

446 4259 594 4314 ψεων
638 4264 733 4315 καὶ
768 4265 988 4330 ὀδυνῶν,
1051 4269 1212 4322 παντὶ
1238 4271 1424 4341 τρόπῳ
1454 4272 1530 4335 ὡς
1561 4259 1859 4345 ’ἀρχιερεὺς
1891 4259 2050 4348 Θεοῦ,
2093 4284 2187 4338 καὶ
2220 4259 2612 4359 ἀπαραιτήτως
2673 4288 2905 4358 ὀφείλων
2929 4259 3018 4343 "ab
3068 4259 3462 4362 φιλάνθρωπον
3507 4294 3709 4348 έτιδιί.

449 4354 700 4414 κνυσθαι.
736 4359 1043 4414 καταϐαλοῦ
1076 4361 1176 4431 τὴν
1210 4364 1337 4433 περὶ
1368 4365 1531 4419 αὑτὸν
1556 4369 1837 4438 πρόνοιαν.

842 4477 970 4529 PK’.
1012 4477 1272 4545 Τρύφωνι
1298 4479 1631 4546 μονάζοντι.

2479 4492 2640 4547 CXX.
2684 4525 2753 4534 —
2787 4493 3052 4566 Tryphoni
3080 4496 3355 4555 monacho;

519 4582 629 4634 Καὶ
668 4583 730 4636 τὸ
757 4583 926 4653 δῶρον
973 4586 1169 4654 γλυκὺ,
1200 4589 1298 4640 καὶ
1322 4591 1369 4642 οἱ
1408 4590 1559 4660 λόγοι
1598 4593 1660 4647 οὐ
1698 4596 1857 4665 μόνον
1882 4598 2016 4665 γλυ-

2191 4602 2572 4661 Munusculum
2618 4608 2833 4678 quidem
2896 4609 3091 4675 dulce,
3140 4610 3303 4666 verba
3398 4620 3545 4667 utem
3598 4629 3707 4670 non

449 4676 585 4736 κείς,
621 4674 756 4728 ἀλλά
787 4676 877 4729 καὶ
908 4678 1164 4748 φέροντες
1198 4682 1256 4734 ού
1286 4682 1515 4753 μετρίαν
1552 4685 1738 4740 ἄνεσιν
1763 4690 1872 4743 ἀπο
1903 4691 2015 4745 τῶν

450 4764 781 4833 συνεχόντων
810 4767 998 4820 κακῶν
1027 4769 1126 4839 τὴν
1157 4771 1433 4842 ἡμετέραν
1460 4775 1659 4847 ψυχήν.
1691 4779 2016 4853 Προεθυμή-

448 4854 545 4925 Θην
592 4854 687 4908 οὖν
738 4859 1144 4931 προτρέψασθαι
1196 4861 1295 4934 τὴν
1347 4866 1468 4936 σὴν,
1520 4869 1723 4939 Πάτερ,
1754 4870 2019 4943 ὁσιότητα

448 4947 582 5015 πρὸς
628 4946 727 5018 τὴν
773 4949 882 5003 ἀπὸ
923 4950 1033 5005 τῶν
1083 4954 1246 5025 ίερῶν
1310 4958 1489 5028 εὐχῶν
1521 4962 1863 5033 παρηγορίαν
1920 4969 2016 5020 καὶ

445 5036 690 5091 διάλυσιν
718 5039 828 5092 τῶν
876 5040 1111 5111 θλίψεων
1143 5045 1319 5113 ἡμῶν,
1365 5047 1507 5101 Ἀλλ’
1560 5051 1737 5105 ἐκεῖνο
1777 5054 2018 5126 ἐνθυμη-

447 5127 578 5192 θεὶς,
631 5131 707 5194 ὠς
751 5131 801 5183 oi
832 5130 983 5200 λόγοι
1018 5137 1081 5189 ἐκ
1127 5138 1223 5206 τῆς
1268 5140 1562 5211 γινομένης
1619 5144 1871 5214 πράξεως
1925 5148 2019 5199 ἐπὶ

444 5218 551 5271 τῶν
578 5220 741 5273 θείων
769 5222 982 5293 ἀνδρῶν
1017 5225 1352 5293 λαμσάνουσι
1403 5230 1503 5299 τὴν
1539 5236 1741 5304 φωνὴν,
1781 5236 2016 5307 ἐπέσχον

443 5312 543 5380 τῆς
567 5313 775 5384 τροπῆς
802 5317 1061 5386 ἐμαυτόν.
1094 5320 1165 5372 Σὺ
1198 5320 1252 5373 δέ
1284 5338 1372 5390 μοι
1400 5326 1495 5376 καὶ
1539 5325 1708 5395 χωρὶς
1746 5326 1840 5380 τοῦ
1879 5345 2018 5398 προ-ο

444 5408 749 5483 τρέπεσθαι.
782 5413 951 5481 ἡμᾶς,
978 5414 1048 5467 τὰ
1082 5413 1188 5466 τῶν
1242 5415 1542 5483 φιλούντων
1586 5422 1678 5474 καὶ
1721 5424 2014 5497 συνοδυρο-

451 5500 628 5567 μένων
664 5506 777 5565 eoi;
806 5504 980 5574 φίλοις
1003 5506 1099 5559 καὶ
1124 5507 1382 5578 πράττων
1412 5512 1509 5564 καὶ
1543 5514 1769 5579 γράφων
1803 5516 2021 5582 πάντως

445 5590 795 5661 διατελέσεις,
858 5598 952 5651 καὶ
1006 5599 1104 5668 τῆς
1174 5600 1331 5668 ἡμῶν
1405 5602 1846 5673 ύπερευχόμενος
1906 5610 2023 5670 πῶς

449 5684 587 5737 εἴπω
638 5689 901 5744 πάντοθεν
954 5691 1402 5763 έπηρεαζομένης
1451 5695 1515 5746 ἐκ
1555 5697 1662 5747 τῶν
1694 5688 1917 5763 ἔξωθεν,
1960 5700 2021 5751 ὲκ

447 5780 558 5833 τῶν
590 5780 797 5837 ἔνδοθεν
831 5784 1209 5854 ἐπισταμένων
1256 5784 1600 5856 ταλαιπώρου
1643 5787 1809 5857 ζωῆς*

2121 4696 2295 4752 solum
2322 4698 2501 4753 dulcia
2534 4698 2704 4764 fuere,
2732 4704 2825 4757 sed
2873 4718 3201 4774 magnopere
3230 4704 3464 4759 animam
3496 4706 3709 4763 refove»

2136 4799 2263 4843 runt
2296 4801 2538 4846 nostram
2583 4795 2747 4850 tantis
2776 4795 2933 4852 malis
2959 4797 3375 4854 circumdatam.
3428 4798 3509 4853 Ad
3557 4812 3721 4854 tuam

2121 4894 2269 4951 ergo,
2295 4891 2472 4951 pater,
2513 4883 2860 4956 confugimus
2890 4889 3255 4954 sanctitatem,
3283 4899 3342 4944 ut
3374 4905 3470 4959 per
3489 4901 3706 4945 sanctas

2122 4970 2531 5039 deprecationes
2558 4986 2679 5031 tuas
2713 4976 3069 5034 afflictionum
3098 4981 3338 5036 solamen
3390 4991 3446 5036 et
3477 4982 3706 5036 solutio-

2124 5077 2245 5117 nem
2275 5065 2636 5121 inveniamus.
2679 5068 2734 5122 ld
2759 5068 2899 5122 enim
2927 5073 3423 5139 menterevolvens,
3452 5075 3595 5142 quod
3634 5090 3702 5129 ex

2121 5156 2379 5224 operibus
2426 5161 2775 5228 procedentia
2824 5164 2988 5218 verba
3047 5180 3143 5234 per
3196 5175 3414 5221 sanctos
3459 5166 3702 5221 homines

2121 5247 2228 5300 vim
2263 5249 2498 5304 habeant
2551 5252 2820 5322 ingentem
2848 5296 2861 5321 ,
2900 5256 3035 5310 nihil
3089 5258 3229 5312 ultra
3263 5267 3477 5312 mutare
3506 5260 3697 5328 sategi.

2120 5335 2254 5393 Nam
2287 5340 2404 5396 sine
2438 5343 2637 5400 nostris
2660 5346 2914 5413 precibus
2948 5357 3003 5401 tu
3036 5349 3334 5403 amicorum
3366 5362 3515 5403 more
3547 5351 3702 5405 dolo-

2128 5434 2472 5488 res’nostros
2530 5444 2584 5488 et
2630 5450 2818 5490 eorum
2862 5439 2953 5507 qui
3013 5454 3118 5492 una
3164 5439 3347 5509 lugent
3398 5441 3698 5496 amicorum

2122 5519 2372 5589 mitigas;
2421 5524 2674 5591 precibus
2727 5535 2907 5580 autem
2971 5526 3080 5581 tuis
3141 5528 3504 5585 miserrimam
3557 5532 3698 5588 intra

2121 5623 2380 5682 extraque
2413 5618 2671 5687 agitatam
2708 5618 2871 5672 vitam
2902 5619 3231 5675 sublevabis.
3544 5618 3547 5621 ’
