4088 6208
429 290 534 352 339

615 412 802 470 CXXI.
856 417 1018 474 Leoni
1039 427 1337 492 patriciae!
1369 429 1650 487 Analolico
1671 435 1813 491 duca.

493 597 666 665 Quam
697 601 765 656 ad
809 619 930 670 nos,
966 608 1037 661 mi
1069 610 1140 663 Illi
1167 650 1183 676 ,
1222 614 1420 670 misisti
1453 619 1737 686 epistolam
1780 627 1994 697 accepi-

420 703 562 754 mus,
604 700 659 746 et
688 695 893 761 gratias
922 700 1136 768 egimus
1173 705 1405 762 salvanti
1440 720 1489 764 te
1514 711 1730 768 Christo
1766 715 1994 775 Domino

419 792 630 846 nostro,
676 786 790 853 qui,
829 789 906 842 uti
940 793 1294 862 conﬁdimus,
1337 800 1554 856 insitam
1601 806 1694 861 tibi
1730 809 1989 868 virtutem

419 866 612 929 centra
651 880 834 934 omnia
872 885 1010 938 mala
1047 887 1280 943 visibilia
1311 901 1361 946 et
1393 893 1683 954 invisibilia
1713 901 1987 959 defendet.

416 965 562 1032 Haec,
588 971 656 1023 mi
690 973 782 1033 lili,
814 989 934 1028 cum
968 978 1130 1044 scias,
1154 997 1278 1036 cum
1311 988 1526 1054 sapiens
1545 997 1599 1044 et
1617 992 1855 1060 prudens
1880 997 1984 1062 sis,

414 1061 712 1127 perpende,
745 1065 934 1120 oculos
974 1066 1187 1126 Domini
1224 1088 1516 1133 conversos
1543 1095 1666 1137 esse
1705 1083 1758 1137 in
1791 1098 1985 1142 omnes

412 1148 686 1219 homines,
726 1157 963 1213 maxime
992 1170 1174 1218 autem
1233 1165 1288 1219 in
1349 1177 1531 1226 rectos
1587 1174 1779 1240 corde;
1812 1178 1984 1232 omni-

410 1241 514 1296 bus
539 1247 807 1302 contende
834 1251 1040 1307 viribus
1071 1264 1129 1306 ut
1160 1269 1256 1323 per
1291 1269 1491 1314 rectam
1519 1261 1738 1320 incedas
1757 1265 1983 1332 Iustitia:

408 1333 576 1397 viam.
616 1337 687 1391 ita
721 1347 798 1403 ut,
853 1341 921 1395 ab
959 1344 1118 1399 oculo
1154 1346 1246 1402 Dei
1283 1351 1504 1406 assidue
1547 1353 1893 1423 observatos,
1925 1361 1978 1414 iu

408 1426 665 1483 omnibus
709 1431 1154 1502 cogitationibus,
1214 1441 1686 1512 meditationibus,
1734 1450 1979 1506 consiliis

406 1523 458 1567 et
483 1517 793 1574 actionibus
822 1522 890 1576 ad
916 1526 1180 1595 majorem
1220 1531 1410 1587 tendas
1445 1535 1754 1591 utilitatem.
1801 1538 1976 1604 Quam

405 1605 641 1677 denique
665 1613 822 1670 nobis
845 1627 1033 1673 notant
1059 1620 1232 1677 fecisti
1259 1625 1604 1693 petitionem,
1627 1631 1975 1700 ailimpleturi

402 1711 616 1766 sumus,
656 1705 820 1759 modo
864 1709 987 1764 talis
1035 1713 1128 1776 sit,
1166 1716 1259 1783 qui
1303 1717 1522 1775 virtutis
1569 1730 1676 1776 tua:
1723 1725 1971 1781 testimo-

401 1787 553 1842 nium
608 1795 832 1862 reccpit,
875 1807 929 1852 et
959 1801 1208 1856 doctrina
1253 1818 1308 1860 et
1352 1807 1572 1863 vivendi
1620 1811 1858 1880 ratione,
1913 1826 1975 1871 ut

397 1891 577 1948 neque
618 1883 1024 1944 confundamur
1068 1892 1194 1962 ipsi,
1236 1911 1336 1952 nec
1366 1906 1420 1951 tu
1468 1909 1687 1970 propter
1728 1906 1976 1962 testimo-

395 1970 547 2023 nium
584 1978 738 2027 tuum
779 1991 966 2032 coram
1014 1981 1126 2037 Deo
1162 1994 1214 2040 et
1262 1985 1580 2047 hominibus
1623 1993 1975 2062 exprobatio-

394 2074 520 2115 nem
562 2065 886 2134 experieris,
935 2086 1037 2126 nec
1091 2076 1183 2142 qui
1223 2079 1600 2136 testimonium
1651 2086 1856 2154 recepit
1903 2086 1972 2140 ad

375 2167 550 2209 Suam
587 2154 761 2224 ipsius
791 2163 1089 2229 perniciem
1125 2168 1178 2222 in
1217 2178 1426 2225 tantum
1461 2173 1782 2229 admittatur
1808 2177 1973 2231 mini-

391 2245 643 2302 sterium.
681 2247 874 2306 Valeas
920 2264 968 2307 et
1007 2254 1276 2316 Dominus
1316 2270 1368 2315 te
1395 2265 1708 2329 custodiat;
1758 2266 1811 2320 in
1860 2267 1960 2323 hac

388 2350 650 2406 prospere
691 2341 912 2400 incedas
937 2347 1048 2402 vita
1076 2360 1130 2402 et
1154 2353 1206 2404 in
1237 2353 1439 2419 futura,
1469 2356 1563 2411 ubi
1599 2357 1757 2413 bonis
1785 2373 1960 2414 reser-

385 2428 529 2484 vatis
568 2445 598 2484 a
625 2429 732 2510 Deo
762 2435 886 2492 liliis
920 2441 1035 2494 suis
1057 2448 1110 2494 et
1143 2444 1314 2510 gloria
1358 2461 1531 2516 usque
1561 2447 1787 2505 fruaris.

1555 321 1864 383 NICOLAI
1907 326 2011 386 cr.
2043 305 2570 393 'PATRIABCHAS

3569 347 3672 414 340

2025 441 2078 501 Α
2137 444 2312 500 PKA'.
2341 447 2551 504 Λέοντι
2581 453 2867 537 πατρικίίρ
2889 459 2983 537 καὶ
3011 462 3322 534 στρατηγῷ
3355 461 3474 519 τῶν
3512 467 3673 522 ‘Ara-

2739 528 3014 584 τολικῶν.

2182 626 2515 699 Ἐδεξάμεθά
2570 649 2684 697 σου,
2739 633 2930 688 τέκνον
2985 639 3165 708 ἡμῶν,
3227 644 3286 697 τὸ
3326 644 3672 714 διαπεμφθὲν

2098 717 2234 787 πρὸς
2261 721 2410 788 ἡμᾶς
2437 724 2692 792 γράμμα,
2725 726 2818 778 καὶ
2850 728 3336 803 ηὑχαριστήσαμεν
3365 734 3442 804 τῷ
3469 736 3665 804 διαφυ-

2093 807 2341 862 λάττοντί
2375 828 2431 864 σε
2464 812 2683 884 Χριστῷ
2729 815 2806 885 τῷ
2839 817 2958 888 Θεῷ
2999 821 3180 889 ἡμῶν,
3221 823 3280 886 ὃς
3326 825 3670 895 πεποίθαμεν

2091 901 2174 955 ὅτι
2232 901 2326 956 καὶ
2383 904 2464 958 ἔτι
2502 905 2592 958 διὰ
2648 907 2748 979 τὴν
2796 912 3108 980 προσοῦσάν
3161 933 3245 969 σοι
3295 918 3503 988 ἀρετὴν
3567 921 3660 975 ἐπὶ

2091 991 2252 1046 πλέον
2279 993 2593 1066 διατηρήσει
2651 1000 2832 1071 πάσης
2861 1004 2961 1073 μὲν
3018 1006 3322 1078 όρωμένης,
3375 1011 3552 1080 πάσης
3603 1014 3658 1067 δὲ

2090 1083 2326 1154 ἀοράτου
2365 1088 2738 1158 ἐναντιότητος
2777 1093 3134 1165 ὑψηλότερον.
3184 1100 3346 1156 Ἀλλά
3382 1119 3497 1171 μοι,
3537 1105 3660 1157 τέκ-

2088 1194 2176 1230 νον
2219 1179 2398 1248 ἡμῶν,
2429 1180 2586 1234 τοῦτο
2616 1184 2794 1250 εἰδὼς,
2829 1181 2916 1241 οἷα
2946 1189 3009 1258 δὴ
3042 1190 3304 1261 φρόνιμος
3341 1193 3416 1247 ὢν
3445 1197 3538 1248 καὶ
3569 1214 3657 1249 συ·

2087 1267 2259 1334 νετδς,
2318 1271 2398 1324 ὅτι
2443 1271 2710 1346 ὀφθαλμοὶ
2765 1278 2970 1348 Κυρίου
3019 1281 3372 1336 ὲπιόλέπουσι
3424 1285 3522 1354 μὲν
3565 1287 3660 1338 ἐπὶ

2083 1359 2311 1424 πάντας,
2345 1364 2578 1431 μάλιστα
2625 1366 2681 1418 δὲ
2716 1368 2808 1421 ἐπὶ
2857 1370 2982 1432 τοὺς
3030 1371 3206 1436 εὑθεῖς
3257 1373 3354 1444 τὴν
3407 1374 3657 1444 καρδίαν,

2083 1452 2233 1525 πάσῃ
2280 1453 2506 1515 δυνάμει
2535 1457 2758 1528 ἀντέχου
2791 1461 2888 1530 τῆς
2915 1463 3210 1534 εὐθύτητος
3253 1465 3351 1534 τῆς
3379 1465 3656 1518 δικαιοσύο

2081 1559 2198 1612 νης·
2249 1543 2336 1598 ἵνα
2383 1546 2472 1601 διὰ
2509 1550 2708 1614 παντὸς
2757 1551 2848 1604 τοῦ
2905 1553 3050 1606 θείου
3099 1554 3379 1625 ὀφθαλμοῦ
3421 1556 3556 1626 πρὸς
3592 1557 3653 1609 σὲ

2077 1633 2434 1704 ἀτενίζοντος,
2471 1641 2564 1692 καὶ
2605 1642 2739 1711 μηδέ
2781 1645 2909 1696 ποτέ
2947 1662 3005 1698 σε
3037 1645 3557 1716 καταλιμπάνοντος,
3591 1649 3650 1705 ὲν

2025 1776 2043 1797 η
2079 1727 2244 1779 παντὶ
2277 1729 2372 1780 καὶ
2404 1727 2726 1800 διανοήματι
2771 1736 2864 1787 καὶ
2910 1736 3061 1809 πάσῃ
3103 1738 3305 1812 μελέτῃ
3357 1740 3451 1792 καὶ
3484 1739 3648 1808 βουλῇ

2077 1817 2172 1867 καὶ
2224 1817 2420 1887 πράξει
2459 1820 2598 1891 πρὸς
2639 1822 2699 1874 τὸ
2731 1827 3012 1898 συμφέρον
3063 1830 3184 1898 ετης
3239 1830 3648 1901 καθοδηγούμε-

2074 1922 2183 1969 νος.
2233 1909 2367 1979 Περὶ
2400 1911 2456 1964 δὲ
2492 1907 2566 1966 ὧν
2620 1915 2869 1986 ἔγραψας
2932 1921 3084 1990 ἡμῖν,
3129 1922 3496 1992 πληρώσομεν
3551 1924 3650 1991 τὴν

2071 1997 2374 2070 ἐξαίτησιν·
2407 2004 2569 2073 μόνον
2597 2008 2837 2074 τοιοῦτος
2856 2010 2996 2065 ἔστω
3023 2015 3050 2067 6
3078 2015 3226 2084 παρὰ
3259 2017 3358 2086 τῆς
3381 2016 3483 2085 σῆς
3509 2034 3652 2088 μαρ-

2069 2094 2404 2164 τυρούμενος
2465 2099 2670 2170 ἀρετῆς
2711 2104 2803 2156 καὶ
2847 2106 2990 2160 κατὰ
3029 2106 3336 2174 παίδευσιν,
3369 2114 3470 2165 καὶ
3503 2112 3647 2164 κατὰ

2067 2185 2166 2255 τὴν
2215 2186 2382 2259 ἄλλην
2438 2189 2533 2243 τοῦ
2580 2191 2696 2263 βίου
2743 2195 2907 2250 αὑτοῦ
2955 2199 3314 2266 κατάστασιν,
3377 2203 3463 2255 ἵνα
3509 2203 3644 2272 μήτε

2064 2279 2224 2345 ἡμεῖς
2253 2275 2649 2354 αἰσχυνθῶμεν,
2694 2288 2831 2358 μήτε
2881 2291 3043 2354 αὑτὸς
3087 2295 3180 2346 ἐπὶ
3229 2297 3291 2364 τῇ
3328 2298 3393 2366 σῇ
3439 2311 3647 2365 μαρτυ-

2067 2368 2161 2439 ρίᾳ
2219 2371 2312 2423 καί
2369 2375 2520 2446 παρὰ
2571 2378 2692 2450 Θεῷ
2731 2381 2824 2433 καὶ
2860 2382 3012 2450 παρὰ
3071 2383 3381 2455 ἀνθρώποις
3435 2386 3643 2455 μέμψιν

2065 2461 2297 2532 εὑρεθῇς
2331 2464 2764 2538 ἀποφερόμενος,
2810 2474 2947 2542 μήτε
2989 2476 3016 2527 6
3065 2477 3515 2546 μαρτυρούμενος
3563 2479 3643 2540 είς

384 2526 704 2599 κατάκριμα
737 2532 870 2586 ι’διον
913 2537 995 2600 εἰς
1039 2539 1136 2608 τὴν
1183 2542 1441 2612 τοιαύτην
1511 2546 1830 2618 προσληφθῇ
1872 2549 2167 2611 διακονίαν.
2215 2558 2563 2630 Ἐρρωμένον
2631 2581 2689 2617 σε
2753 2566 3069 2634 διαφυλάξειε.
3139 2573 3167 2624 6
3204 2571 3429 2642 Κύριος,
3463 2573 3554 2624 καὶ
3583 2573 3640 2624 ὲν

384 2615 459 2642 -.Ἃ
504 2620 726 2642 _.._1-___
775 2623 892 2642 -9J5
939 2626 950 2639 ι
1180 2629 1230 2642 η.
1409 2633 1421 2642 .
1488 2635 1500 2642 .
1617 2635 1642 2642 ..
1761 2638 1820 2642 ---

1708 2615 1745 2618 ρ
1805 2615 1828 2618 η
2277 2615 2325 2630 ..
2399 2615 2410 2630 .
2673 2615 2683 2617 -
3140 2615 3165 2624 ν
3204 2615 3429 2642 ο--ι---η
3463 2615 3554 2624 ηπ·
3583 2615 3634 2624 -ν

381 2615 461 2686 τῷ
502 2620 730 2688 παρόντι
769 2623 1122 2694 εὑοδούμενον
1177 2629 1300 2701 βίῳ,
1335 2633 1431 2685 καὶ⁹
1483 2635 1542 2689 ὲν
1573 2635 1651 2705 τῷ
1704 2638 1953 2706 μέλλον-τι
2027 2644 2128 2714 τῆς
2196 2648 2632 2723 ἐτοιμαζομένης
2695 2656 2864 2727 τιμῆς
2939 2662 3034 2712 καὶ
3126 2662 3482 2727 ἀπολαύσεως
3526 2665 3639 2726 τοῖς

653 2711 676 2724 ν
868 2717 880 2727 .
935 2718 959 2727 -
1049 2719 1059 2727 .
1128 2724 1139 2727 _
1285 2724 1294 2727 _

380 2708 769 2780 ιὺαρεστοὺσιν
818 2717 969 2788 αὑτῴ
1001 2719 1076 2788 μὴ
1119 2724 1525 2780 ἀποπίπτοντα.

769 2829 980 2886 CXXII.
1023 2834 1298 2889 Ambrosio
1327 2839 1588 2907 episcopo.

443 2937 524 2992 Ad
583 2942 896 2996 communia
975 2960 1096 3012 quae
1156 2963 1257 3001 nos
1306 2949 1721 3008 incommodant
1765 2957 1945 3021 mala,

2389 2854 2563 2910 PKB’.
2623 2857 2947 2931 Ἀμϐροσίῳ
2983 2864 3314 2936 ἐπισκόπῳ.

2145 2961 2268 3014 Ἐπὶ
2315 2966 2430 3026 τοῖς
2495 2969 2777 3038 συνέχουσι
2838 2975 3034 3039 κοινῶς
3079 2979 3229 3048 ἡμᾶς
3270 2980 3481 3050 ἄλγεσι.
3532 2987 3630 3040 καὶ

373 3027 570 3098 privati
602 3041 954 3086 accesserunt
985 3035 1201 3091 dolores
1226 3054 1291 3092 ex
1317 3040 1516 3097 litteris
1545 3044 1676 3112 tuis,
1747 3047 1949 3116 quibus

373 3119 661 3149 ALHnim...
695 3130 744 3149 ιη
791 3138 981 3149 ...η--.η
1020 3125 1068 3149 ε...
1109 3130 1330 3149 ---Αηυ
1389 3132 1400 3144 ο
1483 3135 1492 3146 ο
1520 3137 1552 3149 .-

2055 3049 2152 3103 νῦν
2190 3052 2337 3117 ἰδίως
2367 3027 2654 3126 άλγήματῖ
2692 3062 2753 3115 τὸ
2786 3063 2877 3117 σὸν
2909 3027 3522 3148 δεξάμενοινσυνεσχέθη
3534 3098 3632 3149 μεν

372 3119 662 3175 didicimus
695 3130 745 3175 te
791 3138 982 3179 rursus
1020 3125 1070 3179 in
1109 3130 1356 3184 morbum
1387 3132 1494 3188 inci
1519 3137 1673 3202 lisse,
1720 3155 1822 3194 nec
1859 3155 1952 3198 so-

370 3210 484 3263 lum
531 3211 658 3280 quia
714 3212 951 3269 llliorum
1018 3218 1234 3276 dolores
1291 3225 1462 3280 nostri
1509 3229 1727 3286 dolores
1774 3232 1943 3297 ﬁunt,

368 3299 464 3354 sed
497 3301 566 3356 ob
623 3303 759 3359 alias
797 3321 1018 3377 quoque
1061 3326 1257 3367 causas
1293 3330 1412 3383 qua:
1448 3327 1747 3387 temporum
1786 3324 1946 3378 vicis-

367 3392 705 3450 situdinibus
736 3400 1010 3454 oriuntur.
1056 3400 1171 3457 Tua
1215 3406 1456 3474 quidem,
1491 3426 1614 3478 quae
1645 3413 1816 3481 gratia
1847 3414 1945 3470 Dei

365 3496 583 3539 summa
619 3497 722 3551 est,
776 3488 1231 3562 intelligentia,ut
1258 3496 1531 3565 justitiam
1570 3503 1746 3571 decet,
1781 3507 1946 3562 minio

365 3577 592 3630 sterium
624 3577 717 3633 Dei
744 3583 997 3649 provehit
1029 3595 1085 3640 et
1131 3587 1210 3641 sic
1237 3591 1403 3644 vitam
1449 3602 1694 3650 nostram
1742 3613 1917 3654 moero

362 3667 517 3723 ribus
561 3669 867 3726 confectam
929 3690 1036 3730 non
1085 3677 1274 3734 leviter
1319 3682 1573 3752 adjuvat;
1623 3687 1762 3742 adde
1793 3692 1938 3757 quod

363 3772 508 3826 smpe
541 3760 788 3829 corporis
829 3764 998 3820 moles
1027 3781 1058 3820 a
1093 3771 1297 3825 servitii
1339 3773 1530 3830 olliciis
1561 3790 1788 3846 avocat;
1817 3782 1941 3836 inde

359 3848 421 3902 ﬁt
452 3859 530 3912 ut,
573 3867 682 3918 quo
726 3856 876 3922 prius
914 3855 1234 3915 fruebamur
1275 3865 1451 3921 olIicio
1474 3868 1586 3938 jam
1624 3871 1724 3940 ipsi
1763 3876 1938 3943 prive-

360 3956 504 3995 mur.
540 3941 906 4004 Nihilominus
942 3952 994 4004 in
1041 3952 1126 4008 his
1155 3955 1295 4011 sicut
1323 3958 1376 4013 in
1407 3963 1616 4018 caeteris
1652 3978 1933 4022 converta-

360 4048 485 4086 mur
551 4037 617 4089 ad
678 4052 1026 4097 communem
1079 4044 1417 4105 Salvatorem
1479 4065 1532 4110 et
1594 4058 1932 4125 adjutorem,

355 4124 619 4178 auxilium
671 4129 867 4183 exinde
919 4143 1240 4201 sperantes;
1282 4155 1559 4210 nunquam
1616 4145 1761 4200 enim
1798 4149 1934 4216 abji-

355 4214 547 4270 cienda
571 4232 717 4287 spes,
745 4236 869 4275 cum
906 4224 1113 4279 viscera
1143 4229 1528 4288 misericordiae
1568 4236 1687 4306 ejus
1713 4250 1931 4308 peccata

353 4313 541 4360 nostra
577 4322 853 4379 superent.
892 4313 1030 4380 Quid
1075 4328 1256 4373 autem
1301 4325 1536 4379 scribam
1583 4328 1650 4382 de
1679 4343 1928 4384 commu-

351 4397 516 4454 nihus
549 4399 804 4457 Ecclesiae
837 4409 1138 4464 aerumnis?
1180 4411 1450 4470 Intentius
1482 4418 1602 4484 tibi,
1645 4429 1698 4475 et
1731 4423 1776 4475 si
1804 4425 1928 4491 quis

353 4487 452 4506 -.εν
531 4490 668 4506 ηιμ
780 4495 873 4506 μ-
961 4500 971 4506 -

2148 4397 2163 4404 _
2314 4397 2330 4407 _
2398 4397 2497 4416 Ir,

2053 4433 2141 4486 πῶν
2179 4435 2376 4487 κοινῶν
2419 4438 2520 4506 τῆς

350 4487 703 4557 aliusﬁdelis
743 4504 796 4548 et
847 4495 1004 4553 fortis
1049 4499 1357 4558 divinorum
1413 4524 1698 4565 munerum
1748 4514 1921 4571 haeres

349 4581 454 4638 est,
483 4576 800 4635 instandum
830 4593 884 4637 et
918 4589 1204 4652 petendum
1238 4603 1296 4648 ut
1325 4599 1626 4652 secundum
1672 4615 1922 4672 magnam

346 4671 401 4717 et
430 4680 724 4733 perennem
759 4671 1149 4745 benignitatem
1183 4696 1338 4739 suam
1378 4702 1480 4742 nos
1521 4671 1804 4760 suscipiat.
1844 4692 1921 4748 Ex

344 4754 661 4816 hominibus
691 4763 835 4818 enim
870 4781 969 4822 nec
1006 4771 1248 4828 solamen
1279 4792 1378 4832 nec
1405 4781 1734 4836 solutionem
1769 4784 1923 4841 inve-

340 4849 464 4904 nire
491 4865 788 4920 possumus
826 4858 878 4911 in
912 4861 1078 4916 tantis
1110 4879 1175 4918 ac
1221 4877 1330 4921 tam
1374 4869 1740 4953 inet’fabilibus
1771 4877 1917 4930 calao

338 4943 645 5009 mitalibus.
688 4965 810 5018 qua:
843 4954 1083 5023 undique
1110 4959 1375 5016 adversus
1404 4963 1701 5022 Ecclesiam
1733 4950 1918 5024 insur-

338 5046 500 5104 gunt,
543 5047 597 5092 et
636 5049 859 5111 propter
903 5057 1124 5114 peccata
1174 5064 1358 5106 nostra
1412 5057 1586 5127 magis
1631 5061 1915 5130 magiSque

339 5136 606 5195 augentur
655 5141 708 5186 et
751 5133 1043 5192 hodiedum
1097 5155 1165 5194 ne
1221 5145 1492 5200 tantillum
1541 5149 1764 5217 quidem
1815 5153 1914 5209 de-

335 5233 607 5280 crescunt.

595 5438 830 5497 CXXIII.
876 5448 1102 5502 Andreae
1131 5448 1379 5506 Patrensi
1409 5472 1670 5528 cpt—scopo.

2053 3145 2315 3214 γράμμα,
2374 3151 2760 3220 μεμαθηκότες
2799 3157 2967 3212 πάλιν
3025 3145 3631 3236 ἐπιτίθεσθαίγσοι-τὰς

2054 3236 2265 3304 νόσους,
2309 3239 2370 3290 οὑ
2405 3239 2565 3308 μόνον
2596 3243 2678 3296 δτι
2728 3247 2797 3299 τὰ
2828 3251 2974 3321 πάθη
3010 3254 3119 3308 τῶν
3147 3258 3353 3314 τέκνων
3400 3261 3507 3314 τδια
3531 3263 3630 3331 ’γί-

2050 3342 2224 3392 νεται,
2279 3328 2396 3382 ἀλλ’
2431 3333 2513 3384 ὅτι
2565 3337 2658 3387 καὶ
2700 3341 2821 3401 ταῖς
2868 3342 3314 3415 ἁνακυπτούσαις
3342 3355 3558 3421 χρείαις
3593 3357 3625 3425 ἡ

2052 3421 2120 3489 σὴ
2170 3421 2355 3491 Χάριτι
2414 3425 2549 3478 θεοῦ
2601 3429 3088 3508 ὲξυνῑτηρειιτουμέντι
3144 3443 3384 3508 σύνεσις,
3444 3421 3628 3514 καθώξ

2049 3513 2164 3567 ἐστι
2200 3515 2352 3582 φίλον
2381 3521 2446 3589 τῇ
2484 3519 2822 3596 δικαιοσύνῃ,
2850 3527 2943 3580 καὶ
2974 3531 3188 3600 πρέπον
3227 3535 3362 3590 Θεοῦ
3391 3537 3627 3614 λειτουρ-

2049 3607 2188 3672 γοῖς,
2231 3609 2324 3662 καὶ
2367 3610 2456 3664 διὰ
2496 3612 2654 3666 τοῦτο
2702 3616 3084 3688 θεραπεύουσα
3133 3627 3192 3680 οὑ
3245 3631 3460 3700 μικρῶς
3529 3635 3627 3706 τὴν

2048 3697 2388 3754 πολυὼδυνον
2425 3703 2581 3773 ἡμῶν
2617 3706 2816 3780 ψυχὴν,
2849 3713 3108 3780 ἐμπόδιον
3137 3697 3255 3786 ἔξει
3421 3726 3485 3778 ὲκ
3517 3697 3626 3780 τῶν

2049 3789 2228 3846 πόνων
2277 3794 2502 3865 ὄχλησιν
2533 3803 2668 3869 πρὸς
2697 3804 2796 3872 τὴν
2823 3808 3080 3878 τοιαύτην
3122 3789 3453 3886 ὑπηρεσίαν,
3481 3819 3539 3887 ἐξ
3559 3815 3620 3874 οὑ

2048 3881 2333 3949 συμϐαίνει
2377 3887 2471 3939 καὶ
2515 3890 2663 3958 ἡμᾶς
2694 3892 3138 3968 ἀποστερεῖσθαι,
3272 3881 3622 3980 ἀπελαύομεν

2046 3970 2363 4040 θεραπείαςο
2416 3978 2566 4049 ὅμως
2626 3984 2718 4036 καὶ
2763 3985 2880 4051 νῦν,
2935 3989 3126 4062 ὥσπερ
3171 3970 3229 4049 ἐν
3278 4001 3435 4067 πᾶσι,
3485 3970 3621 4072 πρὸς

2040 4063 2132 4117 τὸν
2171 4068 2351 4122 κοινὸν
2394 4071 2626 4145 Σωτῆρα
2665 4077 2759 4129 καὶ
2790 4078 2986 4150 βοηθὸν
3026 4063 3430 4158 ἀναφέροντες,
3461 4063 3617 4146 ἑλέ-τίζ

2041 4155 2213 4226 ζομεν
2248 4164 2434 4229 τυχεῖν
2480 4165 2584 4234 τῆς
2621 4167 2833 4222 ἐκεῖθεν
2871 4155 3219 4246 ἐπικουρίαςί
3267 4180 3360 4232 καὶ
3409 4182 3484 4252 μὴ
3515 4184 3616 4252 τῆς

2038 4249 2255 4314 ἐλπίδος
2313 4253 2397 4323 εἴη
2473 4255 2772 4323 διαπεσεῖν,
2841 4265 2870 4315 6
2923 4267 3258 4338 σπλάγχνοις
3308 4249 3617 4344 φιλανθρω-

2038 4341 2170 4404 πίας
2237 4343 2335 4407 τὰς
2379 4347 2538 4416 ἡμῶν
2591 4350 2942 4422 ὑπερϐαίνων
2996 4359 3298 4428 ἁμαρτίας.
3358 4341 3519 4434 Περὶ-
3553 4367 3611 4420 δὲ

2574 4441 2914 4514 Ἐκκλησίας
2990 4450 3182 4504 παθῶν
3246 4455 3300 4508 τί
3355 4459 3608 4528 γράφως

2032 4525 2229 4595 Στῆναι
2281 4528 2417 4596 πρὸς
2456 4530 2590 4585 Θεὸν
2618 4537 3017 4610 συντονώτερον
3067 4544 3161 4597 καὶ
3205 4547 3262 4600 σὲ
3309 4525 3492 4605 κτιῖεῖ⁷
3526 4569 3611 4617 τις

2029 4617 2214 4686 ἔτερος
2263 4619 2449 4691 θεῖκῆς
2514 4623 2634 4677 ἐστι
2702 4631 3015 4700 παρρησίας
3087 4635 3448 4708 κληρονόμος,
3514 4645 3610 4697 καὶ

2032 4709 2215 4761 πεῖσαι
2259 4709 2421 4763 αὑτὸν
2478 4716 2966 4775 συναντιλαὸἐσθαι
3007 4727 3150 4779 κατὰ
3200 4729 3298 4800 τὴν
3360 4733 3606 4804 μεγάλην

2026 4801 2190 4854 αὑτοῦ
2223 4804 2318 4855 καὶ
2347 4805 3035 4878 ἀνεξιχνίαστονοσύνεσιν.
3068 4821 3140 4873 Οὑ
3199 4824 3308 4894 γὰρ
3342 4825 3495 4879 ἔστιν
3547 4801 3606 4893 ἐξ

2024 4893 2328 4965 ἀνθρώπων
2372 4901 2553 4970 εὑρεῖν
2604 4907 2952 4976 παραμύθιον
2989 4913 3107 4965 οὑδὲ
3141 4914 3294 4969 λύσιν
3331 4919 3430 4988 τῆς
3477 4937 3604 4974 τοσο

2026 4986 2198 5054 αύτης
2231 4989 2325 5041 καὶ
2365 4991 2722 5064 άνιστορήτου
2769 5001 2911 5052 κατὰ
2931 5002 3029 5071 τῆς
3086 5005 3417 5078 Ἐκκλησίας
3464 5011 3598 5064 ἑπα-

2019 5079 2296 5148 ναστάσης
2359 5085 2628 5154 ἐπηρείας
2689 5106 2746 5140 τε
2814 5093 2906 5144 καὶ⁵
2957 5096 3288 5166 κακώσεως,
3343 5104 3437 5154 καὶ
3507 5104 3595 5157 ἀεὶ

2023 5172 2120 5238 μὲν
2154 5172 2462 5244 αὐξομένης
2508 5178 2598 5232 διὰ
2644 5181 2742 5244 τὰς
2774 5184 3053 5258 ἁμαρτίας
3102 5192 3278 5261 ἡμῶν,
3327 5196 3595 5265 συστολὴν

2015 5263 2073 5316 δὲ
2129 5264 2288 5338 μέχρι
2332 5269 2424 5322 καὶ
2475 5273 2718 5344 σήμερον
2749 5278 2868 5332 οὑδὲ
2912 5280 2971 5333 τὸ
3014 5283 3354 5354 βραχύτατον
3386 5263 3590 5339 ἐπιδει-

2017 5356 2306 5426 κνυούσης.

2401 5476 2574 5532 PKF'.
2617 5480 2856 5552 Ἀνδρέᾳ
2887 5487 3155 5551 Πατρῶν.

2080 5584 2160 5638 Τὰ
2186 5587 2378 5651 κοινῶς
2405 5590 2786 5664 ἐπιτιθέμενα,
2819 5599 3009 5652 τέκνον
3053 5602 3233 5671 ἡμῶν.
3280 5606 3424 5659 κακὰ
3457 5611 3580 5673 ταῖς

2007 5676 2192 5744 ἁγίαις
2238 5673 2502 5736 τοῦ’Θεοῦ
2539 5687 2917 5757 Ἐκκλησίαις,
2971 5692 3076 5744 κᾶν
3123 5695 3317 5764 μηδεὶς
3369 5701 3396 5752 6
3435 5705 3575 5772 γρά-

2006 5788 2120 5839 φων
2163 5769 2238 5853 ᾖ,
2285 5793 2360 5846 μη
2409 5777 2462 5831 δὲ
2509 5778 2584 5849 τῷ
2637 5781 2778 5851 λόγῳ
2839 5783 2970 5855 δῆλα
3032 5788 3208 5876 ταῦτα
3270 5769 3572 5863 ποιῶν,νοὺ
