4088 6208
402 315 504 380 341

401 429 658 484 λανθάνει
700 429 798 502 τὴν
852 431 1136 505 ἡμετέραν
1205 441 1545 488 ταπείνωσιν
1650 433 1814 506 λομεν
1862 437 1971 508 γὰρ

1847 325 2256 391 ΕΡΙΒΤΟΙΑΈ.

2001 482 2051 539 ιὶ

3530 322 3637 386 342

2077 450 2180 496 ret.
2212 439 2396 496 Simus
2422 439 2566 494 enim
2604 438 2878 508 propriam
2911 437 3139 506 temperi
3170 435 3296 489 huic
3323 436 3642 504 gravitatem

401 524 482 576 ετι
514 523 636 576 λίαν
673 523 733 577 αἱ
773 523 990 595 βαρεῖαι
1038 527 1218 596 χεῖρες,
1279 526 1374 580 νῦν
1423 524 1718 597 ἐδράξαντο
1777 531 1972 598 καιροῦ

2078 547 2173 600 per
2207 546 2400 585 manus
2419 544 2610 600 graves
2627 528 3025 583 intolerabilem
3049 527 3310 593 evasisse;
3337 537 3424 584 ast
3441 539 3643 596 quanta

411 612 499 668 τοῦ
551 614 653 682 τὴν
718 616 927 670 οἰκείαν
992 617 1272 688 βαρύτητα
1339 618 1775 674 ἐπιδείκνυσθαι.
1837 621 1973 675 Ἀλλ’

402 705 528 758 ὅσον
577 707 785 761 ἐκεῖναι
834 707 895 760 τὸ
957 708 1124 778 βάρος
1177 707 1387 778 ἔχουσι,
1434 709 1689 764 τοσοῦτον
1731 709 1819 765 διὰ
1876 711 1975 775 τὰς

401 796 679 867 ἁμαρτίας
703 797 861 868 ἡμῶν
906 800 1044 864 πρὸς
1069 799 1130 851 τὸ
1171 799 1406 868 ἀμύνειν
1440 801 1606 870 ἡμεῖς
1641 802 1969 871 ἀποδέομεν,

401 887 502 940 ὃσα
557 903 623 955 γε
650 887 718 941 τά
752 887 1093 958 ἀνθρώπινα.
1147 888 1214 942 Τί
1243 887 1336 943 οὖν
1373 890 1455 943 δεῖ
1500 880 1674 946 ποιεῖν
1707 909 1722 959 ;
1756 893 1790 963 ἢ
1821 893 1974 964 πρῶ-

401 995 496 1032 τον
533 979 634 1050 μὲν
662 979 759 1050 τὴν
789 979 938 1034 θείαν
965 982 1237 1038 αἰτεῖσθαι
1273 983 1551 1055 βοήθειαν,
1585 985 1680 1040 καὶ
1712 984 1806 1038 τοῦ
1829 987 1972 1039 ἐκεῖ·

404 1086 494 1122 νον
543 1070 906 1144 ἅψασθαιτῆς
949 1073 1177 1144 καρδίας
1233 1075 1343 1129 τῶν
1381 1075 1762 1147 ἐπηρεαστῶν,
1801 1076 1876 1140 ὡς
1906 1076 1972 1132 ἂν

401 1159 548 1215 οὕτω
585 1161 679 1216 καὶ
713 1160 821 1216 τῶν
859 1162 1029 1231 ἁγίων
1071 1164 1410 1221 Ἐκκλησιῶν
1453 1167 1485 1236 ἡ
1515 1150 1702 1237 βλάϐη
1738 1167 1973 1222 ἀποδιώ-

406 1271 576 1316 κοιτο,
611 1254 834 1325 καὶτῆς
884 1255 1111 1310 ἐκείνων
1150 1258 1424 1329 σωτηρίας
1483 1259 1686 1327 γίνοιτο
1737 1263 1770 1330 ἡ
1813 1261 1972 1314 ἐπισ-

404 1345 604 1416 τροφή.
638 1346 867 1400 Ἔπειτα
894 1347 949 1400 δέ
972 1348 1066 1401 καὶ
1094 1349 1243 1419 ἡμᾶς
1265 1347 1394 1420 χρὴ,
1435 1350 1521 1419 ἐφ’
1568 1352 1693 1405 ὅσον
1721 1351 1839 1405 ἐστι
1880 1353 1972 1407 δυ-

406 1435 587 1502 νατδν,
635 1440 902 1506 πραότητι
950 1440 1043 1492 καὶ
1077 1441 1353 1514 ἐπιεικείᾳ
1404 1443 1498 1497 καὶ
1549 1443 1728 1512 λόγοις
1771 1462 1973 1516 παραι-

404 1526 603 1588 νέσεως
646 1530 1060 1599 προσφέρεσθαι
1112 1533 1322 1600 αὐτοῖς,
1369 1535 1465 1589 καὶ
1501 1532 1612 1589 οἷον
1645 1537 1970 1608 κατεπᾴδειν

404 1618 503 1680 τὰς
549 1621 778 1691 καρδίας
810 1624 1032 1689 αὐτῶν,
1070 1625 1445 1700 πληροφορίαν
1485 1630 1749 1700 διδόντας,
1781 1633 1858 1698 ὡς
1908 1635 1970 1688 οὐ

407 1714 770 1785 φροντίζομεν
829 1719 1189 1790 ἐπικρατείας
1236 1721 1444 1792 ἀπλῶς,
1505 1726 1641 1780 ἀλλὰ
1695 1728 1968 1800 σωτηρίας

2075 621 2236 677 nobis
2288 621 2558 676 incumbit
2613 619 2870 690 gravitas,
2919 627 3095 682 tanta,
3165 617 3333 672 rebus
3387 618 3643 672 humanis

2074 713 2392 782 perspectis,
2429 713 2732 783 indigemus
2770 722 2829 766 ut
2864 719 3087 781 peccata
3119 719 3305 764 nostra
3339 709 3641 776 expiemus.

2075 805 2214 871 Quid
2242 806 2403 874 igitur
2435 804 2784 859 faciendum?
2815 805 3060 858 Divintun
3087 803 3264 872 primo
3291 801 3647 872 implorcmus

2073 898 2335 952 auxiliqu
2381 905 2438 952 et
2463 897 2672 952 viscera
2719 897 3111 952 misericordia
3143 895 3263 964 ejus
3297 907 3648 949 commovea-

2073 1003 2217 1054 mus,
2251 999 2312 1043 ut
2344 975 2374 1043 α
2401 989 2605 1044 sanctis
2634 988 2804 1057 ipsius
2834 987 3092 1042 Ecclesiis
3116 986 3374 1040 damnum
3404 992 3640 1040 avertat.

2040 1100 2264 1143 omnes
2315 1092 2494 1138 autem
2549 1089 2832 1137 convertat
2885 1079 2953 1132 ad
3010 1079 3280 1135 salutem..
3313 1077 3539 1140 Deinde,
3589 1091 3645 1130 in

2072 1189 2337 1250 quantum
2395 1175 2509 1230 fieri
2549 1182 2749 1244 potest,
2797 1172 2919 1228 illos
2965 1172 3259 1235 suavitate,
3309 1167 3645 1239 benignitate

2073 1281 2126 1326 et
2168 1266 2622 1342 persuasibilibus
2671 1267 2931 1321 adeamus
2979 1262 3182 1322 verbis,
3223 1261 3424 1330 quibus
3475 1257 3642 1312 corda

2072 1365 2410 1436 permulcere
2431 1360 2719 1432 possimus.
2769 1357 2955 1411 Danda
2999 1355 3163 1410 etiam
3191 1361 3275 1408 est
3321 1347 3643 1412 satisfactio,

2071 1456 2217 1528 quod
2269 1469 2375 1509 non
2412 1453 2478 1508 de
2507 1450 2774 1522 regimine
2810 1457 3043 1510 tantum,
3101 1445 3192 1500 sed
3240 1443 3400 1496 etiam
3451 1441 3520 1495 de
3560 1453 3646 1494 sa-

2073 1549 2186 1603 lute
2209 1544 2572 1600 Ecclesiarum
2590 1550 2644 1596 et
2660 1540 2728 1596 de
2751 1540 2991 1610 ipsorum
3039 1535 3342 1607 perditione
3361 1545 3642 1588 curemus.

2073 1639 2418 1696 Devastando
2444 1635 2588 1690 enim
2613 1632 2910 1698 Ecclesias,
2939 1630 3193 1699 ignorant
3221 1628 3368 1696 ipsos
3399 1623 3645 1694 captivos

2074 1733 2211 1796 fieri,
2265 1744 2296 1784 a
2350 1726 2556 1783 divitiis
2599 1733 2778 1778 autem
2826 1730 2880 1775 et
2923 1719 3093 1789 gloria
3117 1717 3214 1772 Dei
3264 1715 3533 1780 excidere,
3577 1714 3648 1770 ab

405 1804 500 1856 καὶ
533 1803 642 1858 τῶν
680 1806 1016 1879 Ἐκκλησιῶν
1045 1812 1140 1865 τοῦ
1167 1812 1326 1879 Θεοῦ,
1355 1815 1448 1869 καὶ
1475 1817 1577 1888 τῆς
1605 1820 1785 1873 αὐτῶν
1814 1821 1970 1879 ἀπω-

2074 1822 2293 1878 inimico
2342 1816 2556 1890 generis
2617 1810 2842 1867 humani
2896 1808 3081 1864 reduci
3144 1815 3199 1862 et
3246 1820 3370 1860 cum
3433 1803 3526 1857 illo
3576 1804 3645 1858 ad

405 1894 553 1958 λείας
611 1897 909 1969 κηδόμεθιν
957 1901 1006 1954 οἳ
1035 1905 1093 1956 ἐν
1129 1903 1207 1974 τῷ
1245 1906 1468 1976 πορθεῖν
1519 1907 1619 1971 τὰς
1676 1911 1970 1981 ἐκκλησίας

402 1986 689 2054 ἀγνοοῦσιν
720 1990 949 2056 ἑαυτοὺς
983 1993 1369 2065 αἰχμαλώτους
1394 1999 1698 2064 ποιοῦντες,
1753 2003 1844 2054 καὶ
1874 2001 1985 2056 τοῦ·

406 2079 639 2160 πλούτου
686 2083 779 2136 τοῦ
827 2082 964 2138 Θεοῦ
1017 2086 1111 2139 καὶ¹
1164 2090 1264 2158 τῆς
1304 2089 1466 2160 δόξης
1509 2093 1970 2165 ἀλλοτριούμενοι,

410 2173 546 2243 πρὸς
569 2173 625 2227 δέ
645 2174 737 2228 τὸν
774 2177 1050 2250 ἀλάστορα
1077 2179 1171 2235 τοῦ
1203 2181 1546 2256 ἀνθρωπίνου
1576 2187 1765 2256 γένους
1791 2192 1885 2244 καὶ
1915 2192 1974 2256 ἐξ

407 2263 584 2332 ἀρχῆς
616 2265 814 2337 ἐχθρὸν
871 2264 964 2322 καὶ
1004 2270 1268 2341 πολέμιον
1309 2276 1670 2346 ὑπαγόμενοι,
1725 2279 1821 2332 καὶ
1876 2279 1973 2332 σὺν

406 2353 556 2422 αὐτῷ
590 2357 657 2426 τῇ
699 2357 904 2430 αἰωνίῳ
953 2363 1224 2436 καταδίκῃ
1269 2366 1789 2438 συναριθμούμενοι.
1823 2368 1972 2440 Πλὴν

407 2447 504 2499 καὶ
553 2449 690 2518 πρὸς
745 2450 839 2515 οὓς
899 2453 1037 2524 ἔφης
1097 2455 1206 2510 τῶν
1259 2463 1638 2530 μοναστηρίων
1695 2461 1972 2516 ποιεῖσθαι

405 2535 504 2604 τὴν
542 2540 862 2608 κατάλυσιν,
896 2545 1011 2598 ὅσοι
1047 2549 1163 2611 τοῖς
1198 2547 1386 2602 αὐτόθι
1415 2552 1695 2622 πάρεισιν,
1725 2553 1974 2624 ἡμέτερα

408 2627 720 2705 ἐξεπέμφθη
798 2637 1119 2708 γράμματα,
1186 2641 1346 2696 τοῦτο
1425 2643 1526 2712 μὲν
1587 2645 1964 2716 παράκλησιν,

403 2721 561 2776 τοῦτο
583 2724 641 2778 δὲ
671 2729 767 2780 καὶ
800 2731 1119 2803 ἐπιτίμησιν
1150 2734 1362 2804 ἔχοντα,
1392 2737 1488 2790 ἐὰν
1520 2737 1628 2805 ἄρα
1695 2738 1973 2792 ἀκούσωσι

403 2815 516 2869 τῶν
569 2821 994 2890 γεγραμμένων.
1047 2826 1190 2896 Πρὸς
1245 2827 1302 2882 δὲ
1377 2829 1505 2893 τοὺς
1555 2831 1972 2902 ἀναδραμόντας

407 2910 662 2976 ἐνταῦθα,
694 2913 858 2969 αὐτόν
889 2932 949 2968 σε
979 2917 1059 2971 δεῖ
1099 2921 1526 2990 παραγενέσθαι.
1557 2923 1708 2993 Τάχα
1743 2922 1852 2995 γὰρ
1877 2921 1973 2976 οὒ-

402 3017 512 3066 τως
549 3005 608 3057 ἐν
657 3007 908 3081 ἡμετέρᾳ
960 3010 1079 3079 ὄψει
1119 3014 1250 3084 παρ’
1310 3015 1468 3085 ὑμῶν
1522 3018 1824 3087 γινομένων
1867 3018 1974 3071 τῶν

2069 1924 2327 1969 aeternam
2369 1907 2776 1964 damnationem
2833 1898 3236 1973 praedestinari.
3286 1896 3479 1963 Quoad
3531 1913 3648 1950 mo-

2072 2004 2440 2060 nasteriorum
2499 1999 2849 2060 solutionem,
2901 2003 2962 2048 ut
2999 2003 3054 2048 tu
3102 1991 3319 2062 quidem
3367 1989 3527 2050 dicis.
3581 1988 3648 2043 ad

2071 2112 2169 2154 eos
2214 2095 2309 2165 qui
2360 2093 2560 2148 ibidem
2622 2096 2751 2146 sunt
2799 2094 3024 2141 nostras
3073 2084 3325 2138 misimus
3365 2081 3641 2152 epistolas.

2073 2188 2236 2244 modo
2269 2184 2626 2248 hortatorias,
2659 2182 2822 2237 modo
2856 2177 3154 2233 invectivas
3198 2177 3243 2230 si
3273 2175 3412 2230 forte
3437 2175 3644 2244 scripta

2071 2280 2422 2336 meditentur.
2481 2277 2559 2330 Ad
2617 2275 2740 2329 illos
2781 2286 2910 2327 vero
2955 2269 3047 2340 qui
3101 2269 3208 2323 huc
3255 2266 3645 2338 confugerunt,

2073 2373 2170 2427 tibi
2196 2368 2560 2426 accedendum
2593 2375 2710 2432 est;
2742 2381 2863 2434 qua:
2884 2362 3029 2416 enim
3055 2360 3157 2415 sub
3189 2360 3415 2414 auribus
3443 2361 3647 2413 nostris

2071 2481 2101 2520 a
2131 2464 2288 2519 vobis
2328 2461 2676 2535 proferentur
2709 2459 2874 2512 verba
2916 2457 3181 2514 citissime
3219 2454 3517 2525 quamdam
3552 2453 3651 2504 ha~

2071 2558 2277 2610 bebunt
2319 2554 2632 2608 utilitatem.
2664 2549 2797 2616 Quae
2845 2558 3026 2603 autem
3075 2547 3140 2600 de
3185 2542 3523 2598 monasterio
3557 2549 3647 2589 re-

2071 2645 2285 2715 quiris,
2354 2644 2408 2698 in
2468 2655 2630 2712 quem
2701 2638 2980 2693 desideras
3018 2647 3221 2692 statum
3273 2630 3552 2702 perveniat
3593 2634 3653 2680 et

2074 2737 2488 2808 perfectionem,
2521 2735 2594 2787 ita
2623 2739 2682 2786 ut
2721 2728 3060 2800 providentia
3095 2727 3188 2780 Dei
3226 2724 3385 2779 nobis
3429 2737 3537 2776 non
3573 2721 3647 2775 sit

2077 2829 2433 2900 poenitentiae,
2468 2841 2646 2894 neque
2694 2823 2789 2877 tibi
2837 2822 3076 2891 querelae
3133 2818 3308 2881 locus,
3342 2831 3443 2870 nec
3477 2814 3651 2871 bono-

2082 2935 2201 2976 rum
2257 2916 2682 2980 administratio,
2734 2927 2834 2968 nec
2879 2909 3271 2966 monachorum
3302 2905 3501 2962 ibidem
3550 2903 3644 2961 de—

2081 3013 2323 3086 gentium
2349 3008 2669 3064 exsistentia
2712 3004 2768 3060 in
2803 3003 3043 3058 deterius
3074 3003 3295 3056 abeant.

406 3091 578 3159 λόγων
607 3097 742 3167 πρὸς
773 3102 900 3164 τοὺς
936 3102 1368 3172 ἐπηρεάζοντας,
1406 3107 1602 3176 ὄφελός
1653 3086 1722 3164 τι
1763 3112 2080 3182 γενήσεται.
2118 3107 2192 3160 Τὸ
2265 3103 2321 3158 δὲ
2382 3101 2769 3173 μοναστήριον,
2837 3099 2974 3168 ὅπερ
3043 3096 3276 3166 ᾔτησας,
3327 3089 3470 3145 οὕτω
3511 3086 3648 3141 Θεοῦ

405 3185 664 3254 πρόνοιαν
715 3192 814 3246 σὺν
843 3193 964 3266 Θεῷ
992 3197 1159 3265 φάναι
1189 3199 1268 3261 είς
1298 3199 1544 3256 ἐπίδοσιν
1578 3178 1969 3267 καταστάσεως
2009 3201 2208 3263 ἐλθεῖν,
2256 3196 2397 3250 ὥστε
2470 3195 2609 3264 μήτε
2675 3191 2825 3261 ἡμᾶς
2875 3185 3353 3258 μεταμεληθῆναι,
3405 3183 3543 3252 μήτε
3589 3178 3652 3231 σε

404 3279 574 3426 πρὺςὸ
612 3283 820 3448 μέὲψιν
880 3291 1215 3360 καταστῆναι
1251 3292 1346 3344 ἐπὶ
1387 3291 1702 3365 φαυλότερα
1752 3292 1862 3348 τῶν
1912 3309 1970 3346 τε
2045 3290 2386 3364 πραγμάτων
2453 3283 2640 3349 αὑτοῦ,
2671 3282 2764 3335 καὶ
2811 3279 2921 3333 τῶν
2980 3279 3097 3332 ἐκεῖ
3143 3276 3442 3343 διαγόντων
3480 3287 3648 3340 μοναο

404 3389 514 3443 χων
577 3390 682 3430 ιοικ
725 3391 826 3433 σει.

404 3389 514 3443 χων
545 3389 826 3443 οιοικησει.

790 3515 963 3572 ΡΚΔ⁹.
996 3519 1302 3590 Γρηγορίῳ
1341 3519 1623 3590 Ἐφέσου.
2001 3495 2046 3556 c

478 3649 617 3704 Οθτε
647 3651 970 3719 φιλονείκως
1018 3653 1252 3724 ἔχοντες,
1301 3653 1426 3708 οὕτε
1479 3655 1558 3716 ὼς
1593 3653 1660 3707 ἄν
1697 3669 1783 3717 τις
1830 3651 1973 3724 ὑπὲρ

340 3749 349 3756 “
411 3744 552 3806 ιδίας
579 3743 844 3814 αίσχύνης
873 3745 1272 3814 ἀγωνιζόμενοι
1315 3744 1447 3808 ἴσως
1483 3743 1663 3798 ταῦτά
1701 3761 1784 3798 σοι
1835 3746 1975 3816 γρά-

407 3852 601 3903 φομεν.
637 3832 743 3887 Καὶ
790 3835 854 3887 τὸ
886 3834 1193 3904 φιλόνεικον
1223 3837 1332 3904 γὰρ
1361 3834 1497 3888 Θεοῦ
1551 3835 1736 3906 χάριτι
1768 3836 1829 3889 οὐ
1878 3853 1973 3906 με-

409 3927 808 3998 μελετήκαμεν,
854 3929 948 3981 καὶ
995 3927 1094 3998 τῆς
1147 3929 1301 3998 παρά
1356 3928 1663 3998 ἀνθρώπων
1712 3927 1976 3998 αἰσχύνης

404 4019 467 4072 οὐ
519 4017 867 4090 πεποιήμεθα
906 4019 1066 4087 λόγον
1101 4035 1115 4052 ’
1155 4017 1293 4073 ἀλλά
1322 4019 1607 4090 γράφομεν
1654 4018 1847 4084 ταῦτα,
1883 4020 1979 4074 καλ⁵

408 4110 502 4164 ὑπ’
531 4109 697 4164 αὐτοῦ
730 4109 1048 4179 κινούμενοι
1082 4110 1176 4164 τοῦ
1210 4112 1514 4175 συνειδότος
1539 4113 1721 4181 ἡμῶν,
1749 4112 1844 4165 καὶ
1874 4112 1978 4164 ὑπὸ

405 4196 514 4251 τῶν
573 4197 827 4268 δακρύων
861 4197 956 4250 τοῦ
988 4199 1467 4270 χειροτονηθέντος
1499 4199 1589 4267 ὑφ’
1622 4199 1802 4269 ἡμῶν,
1836 4200 1911 4263 ὡς
1940 4203 1974 4272 ἡ

404 4290 528 4341 τότε
558 4289 687 4358 παρ’
719 4288 876 4358 ὑμῶν
909 4290 1104 4359 γέγονε
1141 4289 1416 4362 μαρτυρία
1443 4289 1715 4361 μηδεμιᾶς
1757 4308 1980 4360 προκει-

408 4383 577 4452 μένης
599 4382 933 4451 ἀντιλογίας,
963 4385 1058 4436 καὶ
1096 4384 1201 4436 ὑπὸ
1243 4382 1338 4436 τοῦ
1363 4382 1460 4436 νῦν
1489 4383 1732 4451 πλήθους
1809 4402 1979 4455 προσ-

407 4473 758 4539 υπαντῶντος
789 4477 885 4529 καὶ
913 4473 1414 4546 διισχυριζομένου,
1448 4474 1481 4545 ἦ
1523 4474 1630 4546 μὴν
1684 4474 1858 4546 ἀληθῆ
1894 4477 1978 4529 λέ-

406 4582 546 4633 γειν,
577 4566 675 4620 καὶ⁵
705 4568 759 4619 εἴ
788 4584 842 4620 τι
888 4567 1079 4636 ψεῦδος
1110 4567 1496 4638 ἁπελέγχοιτο,
1531 4565 1690 4620 τοῦτο
1714 4557 1978 4638 ’τιμωμέ-

412 4676 514 4709 νων
550 4658 809 4714 θανόιτου.
861 4660 1049 4713 Ταῦτα
1105 4659 1358 4728 ἐκῖνησεν
1394 4660 1543 4730 ἡμᾶς
1575 4658 1785 4729 γράψαι
1843 4654 1980 4724 πρὸς

409 4751 506 4820 τὴν
539 4751 695 4820 ὑμῶν
743 4752 1138 4821 ἀρχιερατικὴν
1175 4750 1510 4819 τελειότητα,
1565 4745 1653 4804 οἷα
1691 4749 1983 4819 γράφομεν

2335 3508 2571 3568 CXXIV.
2615 3508 2865 3578 Gregorio
2899 3504 3115 3574 Ephesii
3150 3503 3417 3572 episcopo.

2146 3649 2258 3705 Etsi
2325 3647 2548 3703 minime
2577 3645 2902 3701 ambitiosus
2958 3641 3180 3697 famaeve
3232 3639 3333 3694 sim
3388 3637 3647 3708 cupidus,

2076 3743 2177 3798 bas
2235 3753 2417 3796 tamen
2496 3739 2707 3793 litteras
2772 3737 2869 3791 tibi
2932 3735 3131 3791 scribo.
3209 3731 3282 3787 De
3345 3729 3653 3786 contentio-

2076 3831 2236 3885 nibus
2267 3825 2438 3894 enim,
2482 3827 2706 3897 auspice
2745 3825 2878 3892 Deo,
2913 3825 3072 3880 nobis
3112 3837 3241 3878 cura
3285 3836 3393 3876 non
3428 3829 3532 3886 est,
3598 3826 3652 3873 et

2077 3923 2361 3979 hominum
2383 3921 2808 3976 existimationis
2837 3920 3041 3974 nullam
3073 3918 3336 3972 habemus
3358 3915 3648 3970 rationem.

2077 4016 2188 4071 llas
2224 4025 2405 4070 autem
2441 4014 2735 4068 scribimus
2762 4013 2996 4076 litteras,
3029 4009 3124 4080 qui
3166 4024 3193 4061 a
3230 4017 3413 4063 nostra
3444 4005 3653 4060 incitati

2079 4124 2273 4166 sumus
2323 4107 2654 4162 conscientia
2702 4115 2758 4160 et
2800 4103 3056 4174 lacrymis
3104 4101 3269 4164 illius,
3321 4099 3409 4153 cui
3456 4112 3653 4152 manus

2080 4199 2462 4270 imposuimus.
2512 4195 2670 4262 Quod
2718 4203 2959 4263 tempore
3012 4191 3106 4244 illo
3161 4188 3356 4242 dedisti
3405 4188 3654 4241 testimo-

2079 4294 2256 4355 nium,
2288 4285 2316 4344 ἁ
2352 4289 2568 4344 nemine
2609 4293 2691 4340 est
2722 4285 3134 4354 impugnatum;
3181 4277 3470 4331 veritatem
3505 4274 3652 4329 euiut

2080 4385 2283 4442 astruit
2342 4393 2395 4436 et
2430 4380 2774 4442 corroborat,
2802 4375 2906 4430 etsi
2931 4372 3177 4444 quaedam
3213 4370 3397 4424 minus
3434 4375 3652 4431 exacta,

2081 4485 2348 4548 argueret.
2383 4475 2426 4527 A
2453 4472 2740 4527 mendacio
2784 4469 2930 4525 enim
2965 4464 3132 4520 veluti
3166 4480 3196 4517 a
3227 4469 3404 4516 morte
3434 4457 3653 4527 fugien-

2080 4570 2245 4626 dum!
2301 4564 2396 4620 llis
2441 4562 2673 4634 permoti
2719 4561 2880 4616 rebus
2930 4559 2997 4612 ad
3047 4564 3284 4610 vestram
3329 4551 3652 4622 dignitatem

2080 4659 2402 4725 scribimus;
2434 4656 2556 4710 dein
2588 4667 2644 4709 et
2671 4654 2842 4725 gratia
2880 4649 3117 4720 Spiritus
3149 4645 3347 4710 sancti,
3376 4659 3486 4714 qua
3519 4656 3656 4697 con-

2082 4759 2309 4808 stitutus
2340 4765 2399 4804 es
2430 4745 2676 4818 pontifex
2707 4745 2890 4799 omnia
2927 4756 3052 4797 esse
3089 4748 3206 4794 tuta
3242 4736 3653 4793 confirmamus.

411 4845 503 4898 καὶ
550 4844 644 4898 ὑπ’
683 4845 851 4914 αὐτῆς
883 4845 982 4912 τῆς
1010 4846 1234 4914 χάριτος
1289 4842 1384 4895 τοῦ
1419 4843 1684 4910 παναγίου
1723 4842 1975 4912 Πνεύμα·

2083 4843 2323 4898 Dicimus
2355 4850 2536 4896 autem
2567 4836 2935 4894 testimonium
2969 4834 3038 4889 de
3062 4833 3178 4886 viro
3207 4846 3316 4886 non
3335 4839 3540 4885 temere
3563 4827 3658 4882 ad-

409 4951 522 4997 τος,
551 4937 682 5006 παρ’
709 4933 769 4988 οὗ
801 4935 1072 5004 κατέστης
1099 4935 1412 5006 ἀρχιερεὺς,
1444 4933 1664 5002 ἀσφαλῆ
1711 4933 1844 4987 ὄντα
1882 4934 1977 4986 ἐπὶ

415 5027 616 5096 μᾶλλον
683 5026 1177 5098 διασφαλιξόμεθα.
1230 5027 1340 5080 Καί
1377 5043 1557 5096 φαμεν
1601 5025 1676 5095 μὴ
1701 5024 1798 5094 τὴν
1851 5025 1981 5096 περὶ

409 5119 504 5173 τοῦ
537 5120 731 5190 ἀνδρὸς
765 5120 1092 5192 μαρτυρίαν,
1126 5103 1236 5172 εἴτε
1265 5118 1372 5173 τῶν
1405 5117 1690 5189 χειρόνων,
1727 5117 1839 5170 εἴτε
1872 5116 1981 5169 τῶν

409 5213 712 5282 ἀμεινόνων
755 5213 871 5266 ἐστὶ
908 5212 1202 5284 παρέργως
1231 5212 1485 5276 ἀκοῦσαι,
1518 5193 1654 5280 μηδὲ
1704 5209 1981 5282 παρὰιόιν-

411 5301 644 5371 θρώπων
673 5303 781 5357 τῶν
808 5304 866 5371 ἐξ
889 5304 979 5356 ἐπὶ
1007 5303 1210 5372 πολλῆς
1231 5303 1394 5355 αὑτὸν
1421 5301 1822 5370 γινωσκόντων,
1862 5300 1980 5366 ἀλλῗ

411 5395 471 5461 ἐξ
499 5397 669 5467 αὐτῆς
700 5399 913 5469 ἐκείνης
951 5401 1052 5468 τῆς
1083 5397 1372 5468 ἐπαρχίας,
1403 5398 1462 5450 ἐν
1572 5398 1665 5449 καὶ
1693 5396 1792 5466 τὴν
1819 5397 1977 5464 γένε⁶

416 5504 501 5541 σιν
534 5487 661 5560 ἔσχε
690 5491 786 5545 καὶ
833 5490 1264 5561 ἀνατέθραπται,
1299 5489 1391 5542 καὶ
1419 5490 1527 5542 τῶν
1557 5489 1798 5558 ἀκριϐῶς
1851 5487 1972 5540 εἰδόο

413 5596 523 5633 των
549 5582 648 5653 τὴν
707 5583 918 5636 ἐκείνου
966 5581 1247 5636 πολιτείαν
1293 5582 1386 5635 καὶ
1420 5581 1606 5651 βιοτην
1661 5578 1823 5644 Οἶδας
1876 5583 1983 5650 γὰρ

415 5667 504 5727 οἷα
563 5673 670 5727 τῶν
721 5671 929 5745 θνητῶν
999 5676 1116 5727 ἐστι
1184 5672 1526 5744 πραγμάτων
1579 5670 1836 5741 ἡφύσις,
1886 5671 1984 5724 καὶ

415 5762 542 5819 οὔτε
578 5765 808 5835 μέγεθος
837 5764 1169 5835 ἀξιώματος,
1226 5764 1348 5817 οὗτε
1389 5764 1576 5834 σχῆμα
1627 5761 1984 5833 νομιζόμενον

2079 4936 2426 4999 mittendum,
2456 4932 2601 5004 quod
2625 4929 2941 4986 hominibus
2963 4925 3120 4982 bonis
3137 4935 3234 4979 aut
3257 4921 3415 4977 malis
3430 4919 3656 4974 exhibe-

2077 5038 2187 5094 tur,
2219 5028 2312 5099 qui
2339 5029 2515 5082 virum
2555 5041 2584 5079 a
2623 5025 2786 5094 longo
2824 5031 3071 5089 tempore
3098 5017 3380 5088 cognitum
3422 5011 3654 5075 habent;

2077 5120 2170 5174 sed
2222 5135 2252 5173 a
2296 5117 2729 5181 rontribulibus,
2777 5113 2978 5183 quibus
3026 5109 3150 5179 ejus
3202 5105 3407 5162 familia
3486 5111 3656 5169 atque

2078 5211 2260 5264 studia
2312 5210 2544 5276 vitaeque
2595 5207 2906 5260 institutum
2961 5211 3086 5256 nota
3124 5207 3300 5263 sunt;
3340 5209 3462 5261 qua:
3509 5191 3657 5245 enim

2081 5316 2264 5355 rerum
2289 5301 2649 5353 humanarum
2675 5305 2867 5351 natura
2889 5295 2981 5358 sit,
3012 5302 3068 5347 tu
3093 5291 3259 5360 probe
3283 5287 3456 5349 nosti;
3479 5282 3658 5352 reipsa

2085 5401 2270 5446 autem
2323 5404 2498 5459 neque
2535 5388 2816 5459 dignitatis
2863 5375 3658 5454 amplitudo,'nequepietatis

2084 5485 2290 5555 species
2320 5482 2513 5539 sufﬁcit
2546 5483 2613 5536 ad
2645 5483 2800 5536 fidem
2835 5479 3014 5533 verbis
3036 5473 3422 5535 adhibendam,
3442 5471 3496 5526 ni
3517 5469 3658 5525 facta

2083 5578 2439 5633 concordent.
2466 5576 2522 5630 Si
2542 5577 2685 5632 enim
2710 5574 2857 5628 nullo
2877 5567 3196 5625 discrimine
3219 5580 3382 5621 aures
3404 5575 3456 5620 et
3482 5565 3661 5619 laudi-

2035 5682 2038 5684 ·
2085 5671 2188 5725 bus
2216 5678 2270 5724 et
2299 5668 2514 5740 injuriis
2535 5667 2836 5736 aperimus,
2867 5660 3235 5729 nosmetipsos
3259 5658 3522 5722 fallimus,
3550 5657 3655 5712 nisi

2087 5763 2304 5835 [impria
2328 5762 2547 5819 accedat
2566 5757 2902 5837 conscientia
2926 5765 2978 5812 ct
3002 5769 3104 5812 nos
3131 5753 3277 5826 ipsos
3322 5753 3467 5809 haud
3511 5749 3638 5804 novi
