4088 6208
396 352 504 415 345

1845 363 2258 425 EPISTOLrﬁ.

3526 366 3633 429 3H5

392 465 493 534 τὴν
551 461 887 531 Ἐκκλησίαν
916 465 1185 521 κατέλαϐε
1226 469 1316 523 διά
1371 469 1467 524 τοῦ
1514 470 1808 542 προδοῦναι
1831 474 1956 526 τού-

2066 486 2215 543 sunt,
2248 485 2301 529 et
2330 476 2616 544 patiuntur
2659 473 2817 531 dictae
2844 474 3071 530 rationis
3113 488 3276 530 causa
3305 474 3371 530 ad
3419 477 3633 533 miseri-

389 572 516 619 τους
562 554 664 622 τὴν
700 553 802 624 τῆς
828 555 1162 627 Ἕκκλησίας
1207 562 1565 627 κατάστασιν,
1616 561 1819 633 μᾶλλον
1878 564 1959 616 δι·-

390 648 561 711 κκίως
597 647 881 717 νομίζουσι
908 650 1325 719 προτεινόντων,
1355 654 1448 706 καὶ
1492 654 1554 706 οὐ
1590 655 1753 722 μόνον
1781 653 1843 707 οὐ
1870 671 1959 708 ται

390 739 790 807 πεινουμένων,
832 740 971 794 ἀλλά
1002 744 1097 795 καὶ
1124 744 1301 812 ὀφρὺν
1329 745 1695 813 ἐπαιρόντων.
1721 747 1843 800 Τῶν
1901 748 1959 801 δὲ

392 829 534 898 ὑπὲρ
579 830 683 899 τῆς
708 830 1180 902 ἐκκλησιαστικῆς
1208 834 1468 900 εὐταξίας
1510 837 1663 891 δεινὰ
1692 838 1962 892 πεπονθό-

390 937 518 983 των,
560 921 656 973 καὶ
698 922 877 987 ἄλλως
929 925 1029 994 μὲν
1081 926 1559 997 σκληρυνομένων,
1617 930 1850 999 μάλιστα
1901 930 1957 983 δὲ

389 1011 459 1064 δι’
483 1014 551 1084 ῆν
585 1014 722 1082 ἔφην
753 1017 936 1069 αἰτίαν
965 1017 1213 1085 εὐλόγως
1242 1019 1645 1073 ἀποκλειόντων
1674 1022 1860 1083 αὐτοῖς
1889 1021 1959 1073 τά

393 1104 675 1174 σπλάγχνα
726 1108 831 1177 τῆς
874 1109 1244 1178 συμπαθείας,
1290 1112 1370 1174 είς
1428 1112 1669 1184 ἀπορίαν
1723 1112 1959 1182 ἐσχάτην

389 1195 724 1264 καθέστηκα.
752 1199 848 1251 καὶ
881 1199 1086 1267 μεταξύ
1114 1201 1339 1254 ἐκείνων
1378 1218 1437 1253 τε
1465 1203 1563 1255 καὶ
1595 1200 1806 1255 τούτων
1845 1200 1956 1253 ῶσ-

389 1304 494 1357 περ
516 1290 574 1340 ὲν
606 1288 960 1360 ἀδιεξοδεύτῳ
1002 1289 1232 1359 πελάγει
1261 1292 1615 1363 χειμάζομαι,
1669 1292 1803 1363 πρὸς
1867 1294 1957 1361 μόο

386 1396 484 1450 νην
511 1379 733 1450 ἀφορῶν
770 1380 869 1449 τὴν
899 1382 1050 1435 θείαν
1080 1385 1337 1454 πρόνοιάν
1384 1402 1442 1438 τε
1473 1386 1568 1439 καὶ
1600 1386 1951 1456 κυϐέρνησιν,

387 1470 481 1523 καὶ
528 1469 627 1539 τὴν
687 1470 899 1524 ἐκεῖθεν
958 1473 1244 1543 ἀναμένων
1304 1474 1573 1545 βοήθειαν,
1623 1475 1718 1528 ἅτε
1769 1476 1951 1545 πάσης

384 1559 735 1629 ἀνθρωπίνης
762 1562 1045 1632 περινοίας
1076 1566 1158 1628 είς
1187 1567 1248 1618 τὸ
1286 1564 1490 1636 ἄπορον
1515 1564 1947 1635 καθισταμένης.

384 1649 459 1704 To
521 1652 631 1722 γὰρ
686 1653 1010 1707 καταλιπεῖν
1069 1657 1201 1720 τοὺς
1249 1658 1510 1723 οίκείους,
1543 1660 1637 1711 καὶ
1673 1656 1813 1726 μετά
1843 1657 1952 1710 τῶν

383 1743 522 1805 τέως
561 1744 818 1797 ἐναντίων
852 1746 1129 1813 γενέσθαι,
1164 1749 1473 1820 ἀμήχανονε
1534 1750 1630 1803 καὶ
1666 1747 1804 1818 μετὰ
1857 1747 1951 1800 τοῦ

2065 568 2310 622 cordiam
2339 567 2680 639 moverijnon
2700 576 2963 638 possunt;
2988 568 3069 623 sic
3092 566 3403 636 ingentibus
3417 583 3635 637 premor

2063 660 2353 729 angustiis,
2374 660 2476 714 hos
2500 660 2640 714 inter
2656 669 2709 715 et
2734 660 2856 715 illos
2875 659 3044 714 veluti
3065 659 3119 713 in
3139 658 3446 729 procelloso
3460 659 3635 729 jactor

2065 751 2226 817 mari,
2262 750 2328 804 ad
2368 751 2542 805 solam
2588 750 2827 805 divinam
2868 751 3109 805 intentus
3142 750 3547 804 Providentiam
3583 763 3637 806 et

2065 841 2515 912 gubernationem
2548 857 2955 912 supernumque
2990 841 3235 896 humanii
3259 842 3451 895 consili
3480 841 3637 907 plane

2066 932 2223 1000 inops
2265 940 2522 1000 exspecto
2577 933 2868 987 auxilium.
2905 932 3166 1002 Pr0prios
3209 934 3355 987 enim
3398 932 3637 986 derelin-

2063 1037 2235 1093 quere
2281 1032 2335 1076 et
2384 1022 2451 1076 ad
2487 1022 2833 1080 adversarios
2879 1026 3117 1079 transire
3160 1040 3265 1079 non
3309 1040 3632 1093 possumus;

2065 1114 2168 1169 etsi
2190 1127 2277 1167 res
2301 1112 2417 1167 ﬁeri
2449 1124 2654 1183 posset,
2685 1116 2909 1169 omnino
2933 1124 3109 1169 tamen
3135 1116 3428 1169 absurdum
3462 1116 3633 1182 foret;

2066 1202 2143 1257 illi
2189 1201 2333 1256 enim
2365 1201 2570 1256 nostris
2608 1216 2712 1255 non
2748 1203 2969 1256 aderent
3001 1203 3202 1265 verbis.
3250 1212 3304 1255 et
3342 1219 3467 1257 cum
3510 1203 3632 1257 aliis

2065 1294 2381 1349 societatem
2406 1293 2543 1347 inire
2565 1303 2904 1348 recusarent.
2927 1293 3065 1359 Quid
3093 1295 3259 1362 igitur
3284 1293 3635 1349 faciendum?

2067 1383 2283 1439 Sanctis
2309 1383 2563 1453 precibus
2593 1384 2790 1438 vestris
2818 1381 3115 1437 ferventius
3164 1382 3429 1436 intentius
3481 1382 3628 1435 illum

2063 1474 2346 1538 adeamus,
2392 1473 2486 1543 qui
2514 1475 2811 1529 Ecclesiam
2840 1489 2942 1528 suo
2974 1475 3238 1545 sanguine
3267 1473 3532 1533 fundavit.
3573 1482 3632 1527 ut

2062 1564 2428 1633 investigabili
2472 1566 2713 1620 scientia;
2755 1573 2809 1620 et
2858 1566 3140 1636 sapientia:
3198 1567 3284 1621 via
3340 1580 3529 1619 omnes
3574 1564 3628 1617 in

2062 1670 2228 1709 unum
2273 1655 2582 1724 compellat.
2620 1654 2767 1709 Idem
2819 1655 2952 1709 dare
2994 1664 3172 1724 potest
3201 1654 3366 1708 tantis
3406 1668 3436 1706 e
3474 1652 3630 1705 malis

2062 1746 2473 1810 liberationem,
2539 1756 2729 1801 contra
2787 1762 2906 1816 qum
2948 1755 3171 1815 propter
3216 1744 3514 1800 certamina
3576 1750 3632 1796 et

384 1834 692 1903 ἀμηχάνου,
725 1837 1008 1901 παντελῶς
1057 1839 1281 1894 ἄτοπον.
1326 1841 1398 1893 To
1438 1841 1495 1894 δὲ
1535 1839 1611 1911 μὴ
1667 1838 1952 1910 βούλεσθαι

2061 1838 2206 1893 rixas
2239 1837 2424 1893 omnia
2448 1838 2730 1893 hominum
2762 1838 3003 1892 remedia
3039 1853 3178 1891 vana
3216 1838 3392 1891 video.

385 1923 545 1977 πάλιν
582 1923 805 1989 τούτους
864 1927 943 1997 τῷ
988 1930 1242 2000 ἡμετέρῳ
1302 1931 1586 1984 πείθεσθαι
1630 1929 1797 2001 λόγῳ,
1844 1930 1945 1999 τῆς
1986 1928 2123 1999 πρὸς
2188 1927 2432 1992 ἐκείνους
2492 1928 2748 1999 ἀπείργει
2792 1929 2886 1981 καὶ
2954 1928 3028 1999 μὴ
3066 1927 3421 1998 βουλομένους
3447 1925 3632 1997 ἑνότη-

383 2026 492 2078 τος.
523 2015 590 2068 Τί
639 2016 733 2069 οὖν
784 2016 866 2071 δεῖ
901 2022 1075 2073 ποιεῖν
1110 2038 1126 2088 ;

1164 2024 1235 2075 Ἦ
1270 2023 1655 2093 ἐκτενέστερον
1703 2023 1796 2077 διὰ
1868 2021 1978 2075 τῶν
2015 2022 2176 2075 ὁσίων
2238 2020 2394 2091 ὐμῶν
2448 2021 2625 2091 εὐχῶν
2712 2022 3035 2088 δυσωπῆσαι
3101 2022 3194 2075 τὸν
3243 2022 3337 2075 ἐπὶ
3382 2022 3461 2092 τῷ
3507 2023 3622 2092 ἰδίῳ

381 2108 574 2176 αἵματι
604 2108 704 2177 τὴν
727 2109 893 2162 αὐτοῦ
937 2112 1267 2183 Ἐκκλησίαν
1295 2113 1709 2184 θεμελιώσαντα
1777 2113 2113 2184 συμδισάσαι
2180 2113 2386 2174 πάντας
2412 2115 2477 2183 τῇ
2524 2113 2921 2185 ἀνεξιχνιάστῳ
2981 2114 3146 2167 αὐτοῦ
3192 2113 3289 2167 καὶ
3322 2115 3618 2186 ὐπερσόφῳ

386 2198 624 2261 συνέσει,
657 2203 748 2253 καὶ
780 2201 856 2263 ὡς
900 2203 1065 2267 αὐτὸς
1139 2206 1431 2259 ἐπίσταται
1491 2206 1588 2259 τοῦ
1662 2204 1920 2259 τοσούτου
1984 2202 2158 2256 κακοῦ
2220 2203 2319 2272 τὴν
2369 2203 2525 2257 λύσιν
2556 2208 2885 2276 παρασχεῖν,
2937 2204 3011 2268 ὡς
3057 2205 3125 2258 τά
3182 2220 3246 2273 γε
3304 2205 3626 2276 ἀνθρώπινα

382 2290 562 2342 πάντα
605 2288 716 2359 όρῶ
761 2289 1049 2362 ήττὼμενα
1097 2293 1195 2364 τῆς
1234 2294 1416 2347 αὐτῶν
1461 2292 1792 2364 φιλονεικίας
1849 2292 1946 2345 καὶ
1985 2291 2383 2361 προαιρέσεως.

454 2407 627 2463 ΡΚΖ’.
669 2402 879 2457 Λέοντι
919 2409 1233 2529 σπαθαρίΙφ
1283 2408 1382 2462 καί
1429 2408 1601 2478 κριτῇ
1639 2410 1960 2475 Παφλαγο-

1110 2495 1147 2529 ν
1173 2496 1268 2529 αθ.

1110 2495 1163 2530 γι
1173 2496 1268 2544 ας.

465 2573 635 2628 Οὐδὲν
689 2572 835 2627 οὕτω
882 2572 1056 2642 δῶρον
1086 2572 1186 2641 ἡδὺ
1218 2574 1332 2635 τοῖς
1366 2571 1670 2641 ὴνωμένοις
1708 2573 1775 2641 τῇ
1813 2571 1955 2623 κατά

390 2666 525 2718 Θεὲν
558 2665 767 2735 ἀγάπῃ,
798 2666 983 2717 ὁποῖον
1016 2663 1077 2716 τὸ
1110 2663 1237 2725 τοὺς
1272 2661 1606 2731 ἀγαπῶντας
1646 2659 1952 2729 ἀναμαθεῖν

380 2759 491 2812 τῶν
551 2756 936 2827 ἀγαπωμένων
987 2755 1087 2826 τὴν
1144 2756 1453 2827 εὐετηρίαν.
1509 2754 1698 2822 Τούτῳ
1756 2752 1819 2825 δὴ
1874 2751 1952 2820 τῷ

382 2851 657 2920 καλλίστῳ
713 2849 872 2919 δώρῳ
924 2846 1022 2902 καὶ
1058 2846 1332 2917 ἡδυτάτῳ,
1369 2848 1464 2901 καὶ
1502 2845 1812 2916 ἠδύνθημεν
1854 2845 1951 2898 καὶ

381 2941 717 3012 ἠδυνόμεθα,
758 2944 853 2993 καὶ
917 2940 1153 3010 δεόμεθα
1182 2939 1279 2993 τοῦ
1328 2940 1464 2993 Θεοῦ
1525 2939 1797 3011 μηδέποτε
1851 2937 1951 3007 τὴν

382 3035 641 3103 τοιαύτην
692 3033 885 3104 ἡδονὴν
940 3031 1241 3101 ἐπιλείψειν
1294 3033 1463 3102 ἡμᾶς.
1505 3031 1668 3086 Ἢδέα
1715 3031 1774 3084 δὲ
1819 3031 1951 3100 ἡμῖν

383 3127 476 3179 καὶ
505 3125 543 3179 ἀ
578 3125 918 3178 πλεονεκτῶν
955 3124 1024 3177 τὰ
1084 3122 1360 3195 προϐάτια
1416 3123 1567 3193 δῶρα
1601 3121 1948 3184 ἀπέστειλας,

2059 2404 2325 2461 CXXVII.
2382 2405 2544 2461 Leoni
2596 2408 2869 2477 spathario
2913 2418 2963 2462 et
3010 2406 3397 2479 Paphlagonia:
3435 2407 3630 2477 iudici.

2125 2571 2513 2627 Dulcissimum
2562 2572 2613 2626 id
2664 2572 2880 2625 videtur
2923 2587 3125 2627 munus
3177 2571 3284 2626 illis
3315 2570 3409 2641 qui
3444 2570 3633 2625 divino

2054 2659 2344 2715 cbaritatis
2378 2660 2945 2729 vinculojunguntur,
2993 2662 3153 2730 cujus
3183 2661 3340 2716 venia
3383 2672 3633 2716 amantes

2049 2750 2354 2807 amatorum
2393 2752 2703 2806 felicitatem
2748 2753 2954 2822 experti
3002 2762 3132 2808 sunt
3176 2754 3325 2809 :boc
3362 2756 3507 2809 enim
3553 2755 3635 2807 lo-

2050 2845 2303 2914 cnpletati
2365 2861 2589 2899 munere
2632 2844 3004 2913 quundamur
3059 2846 3295 2901 invicem
3357 2855 3412 2900 et
3462 2847 3631 2902 Deum

2049 2936 2431 3006 deprecamur,
2471 2953 2536 2991 ne
2567 2953 2806 3006 unquam
2864 2938 2952 2991 illa
3001 2954 3029 2992 a
3080 2938 3240 2993 nobis
3280 2939 3501 2992 recedat
3541 2939 3633 3006 ju-

2052 3028 2325 3083 cunditas.
2367 3028 2497 3095 Quae
2526 3045 2687 3099 porro
2724 3030 3097 3085 muniﬁcentia
3131 3029 3289 3084 nobis
3329 3030 3479 3083 misit
3511 3046 3633 3083 mu-

2054 3136 2185 3175 nera
2216 3122 2397 3184 ovilla,
2431 3120 2652 3174 fuerunt
2682 3136 2835 3193 aeque
2864 3120 3065 3174 dulcia.
3099 3122 3294 3175 Annon
3326 3121 3494 3175 nimia
3531 3122 3629 3177 tibi

382 3220 480 3272 καὶ
520 3216 694 3271 ταῦτα
725 3217 920 3287 κριτὴς
953 3214 1031 3269 ῶν
1088 3192 1185 3269 καὶ
1213 3214 1313 3284 τὴν
1369 3192 1687 3278 πλεονεξίαν
1720 3213 1955 3282 ὀφείλων

2061 3213 2273 3267 videtur
2321 3213 2626 3284 benignitas
2673 3227 2804 3267 oves
2853 3212 2964 3267 fetu
3021 3212 3240 3277 orbari,
3292 3222 3351 3267 ut
3405 3228 3513 3268 non
3575 3222 3633 3267 tu

378 3309 624 3363 διώκειν.
667 3308 738 3360 Ἦ
762 3309 823 3361 οὐ
848 3308 999 3360 δοκεῖ
1034 3322 1118 3359 σοι
1153 3306 1503 3360 πλεονεκτεῖν
1532 3306 1594 3359 τὸ
1620 3306 1750 3368 τοὺς
1782 3304 1953 3375 ἄρνας

381 3405 589 3473 τροφῆς
617 3401 969 3470 ἀποστερεῖν,
1017 3399 1106 3453 ἵνα
1137 3398 1212 3470 μὴ
1256 3398 1420 3468 μόνον
1460 3398 1525 3452 σύ
1557 3400 1792 3469 τρυφᾷς,
1821 3396 1957 3451 ἀλλά

382 3495 477 3547 καὶ
528 3496 643 3557 τοῖς
693 3492 870 3561 φίλοις
914 3490 1165 3561 παρέχῃς
1206 3490 1520 3562 συντρυφᾷν
1556 3506 1570 3555 ;
1615 3489 1763 3559 Πλὴν
1820 3488 1957 3542 ἀλλά

386 3587 480 3641 σοῦ
500 3603 563 3655 γε
587 3586 777 3639 ἕνεκεν
808 3585 982 3655 ἡδέως
1006 3582 1332 3653 ἐδεξάμεθα·
1369 3584 1434 3638 σὺ
1465 3582 1524 3636 δὲ
1549 3583 1651 3653 ὅρα
1685 3583 1835 3645 ὅπως
1856 3580 1954 3634 καὶ

384 3681 485 3747 τὴν
518 3680 747 3732 ἐκείνων
787 3677 1108 3741 πλεονεξίαν
1137 3676 1540 3747 παραμυθήσῃ,
1587 3676 1679 3729 καὶ
1708 3675 1835 3737 τοὺς
1868 3671 1957 3741 φί-

383 3772 509 3833 λους
537 3774 651 3835 τοῖς
681 3769 945 3835 τοιούτοις
981 3768 1178 3841 δώροις
1212 3768 1290 3840 μὴ
1320 3768 1608 3840 διαλείπῃς
1637 3765 1958 3838 φιλοτιμού-

388 3880 572 3934 μενος.

732 3953 914 4009 PKH'.
948 3952 1198 4007 Βασιλεῖ
1200 3970 1245 4019 ῳ
1283 3950 1471 4006 Χαλδί
1473 3969 1566 4017 ας.

457 4070 567 4124 Καὶ
592 4069 695 4139 τῆς
728 4069 866 4139 πρὸς
900 4070 1049 4140 ἡμᾶς
1092 4068 1465 4139 συμπαθείας,
1507 4068 1576 4139 ῆν
1624 4066 1765 4119 ῶστε
1821 4064 1956 4134 μηδὲ

386 4163 677 4218 θλίϐουσαν
714 4162 1054 4231 ἀπαγγελίαν
1085 4165 1164 4226 είς
1191 4162 1364 4226 ἀκοὰς
1392 4162 1554 4232 ἡμῶν
1600 4159 1775 4214 ἐλθεῖν
1828 4157 1953 4211 ἔθου

387 4256 475 4310 διά
508 4256 788 4327 προνοίας,
821 4258 880 4310 ὲν
925 4256 1149 4326 μεγάλῳ
1197 4255 1355 4327 μέρει
1404 4254 1676 4323 ἀποδοχῆς
1725 4252 1956 4321 πεποιή-

393 4347 554 4416 μεθα,
596 4346 693 4400 καὶ
719 4346 817 4410 τὰς
857 4346 1128 4418 ὑμετέρας
1158 4348 1217 4401 δὲ
1264 4346 1588 4418 ἀλγηδόνας,
1638 4346 1705 4411 εις
1747 4340 1901 4410 οὗτος
1930 4345 1958 4399 6

388 4436 584 4507 πικρὸς
641 4437 838 4507 καιρὸς
885 4438 982 4491 καὶ
1049 4437 1271 4509 πλήρης
1329 4439 1469 4501 ὅλως
1537 4437 1646 4492 τῶν
1726 4435 1956 4507 θλίψεων

2060 3309 2213 3362 solus
2250 3307 2458 3361 deliciis
2478 3306 2688 3370 amnas,
2728 3306 2821 3361 sed
2853 3315 2909 3361 et
2952 3307 3254 3360 amicorum
3296 3305 3509 3359 deliciis
3552 3303 3635 3357 in-

2060 3399 2301 3453 servias?
2351 3399 2495 3467 quod
2534 3406 2715 3453 tamen
2761 3414 2870 3452 non
2910 3397 3121 3453 obstitit
3161 3396 3292 3465 quin
3334 3396 3411 3449 tui
3465 3410 3631 3450 causa

2059 3506 2181 3546 cum
2214 3493 2442 3545 maxima
2471 3492 2748 3561 voluptate
2777 3491 3185 3561 acceperimus;
3211 3488 3307 3543 tibi
3331 3498 3513 3542 autem
3549 3488 3634 3540 in-

2058 3582 2358 3650 quirendus
2412 3573 2783 3645 est'modus,
2850 3598 2961 3653 quo
3022 3581 3307 3637 avaritiam
3366 3589 3630 3647 contegas

2059 3683 2113 3729 et
2140 3674 2349 3730 amicos
2389 3674 2665 3732 similibus
2697 3674 2857 3732 donis
2904 3689 3183 3745 nunquam
3215 3672 3491 3744 percolere
3529 3670 3631 3726 de—

2058 3781 2234 3823 $11183.

2385 3971 2673 4028 CXXVIII.
2714 3972 2918 4026 Basilio
2950 3971 3280 4027 Chaldiensi.

2130 4080 2289 4150 Quod
2348 4081 2583 4149 benigne
2624 4079 2802 4145 nobis,
2882 4088 2935 4134 et
3001 4079 3319 4149 priusquam
3390 4075 3627 4132 inl‘aus'a

2061 4175 2250 4230 nuntia
2283 4172 2349 4227 ad
2391 4188 2553 4227 aures
2596 4180 2817 4226 nostras
2845 4181 3227 4241 pervenerant,
3262 4168 3626 4223 manifestasti

2065 4266 2323 4323 amicitize
2375 4263 2572 4320 indicia
2598 4278 2860 4333 perquam
2897 4270 3109 4331 gratum
3153 4262 3310 4315 nobis
3341 4258 3461 4314 fuit.
3489 4258 3626 4313 Cum

2063 4369 2242 4414 autem
2280 4367 2402 4414 tuos
2438 4355 2799 4411 adversitatcs
2846 4354 3159 4418 didicimus,
3191 4364 3332 4420 quos
3373 4350 3627 4405 acerbum

2050 4452 2166 4507 oboc
2187 4461 2239 4506 et
2260 4449 2438 4506 omnis
2469 4448 2683 4521 generis
2722 4444 3169 4501 tribulationibus
3197 4441 3455 4496 refertum
3492 4450 3597 4495 tem
3626 4477 3629 4481 μ

387 4528 519 4597 ἡμῖν
573 4529 877 4600 ἐπεγείρει,
930 4530 990 4583 ὲν
1043 4529 1206 4601 ὀδύνῃ
1269 4529 1499 4599 καρδίας
1573 4527 1955 4599 μεμαθηκότες

2062 4560 2162 4614 pus
2178 4543 2448 4614 producit,
2466 4545 2517 4596 in
2537 4542 2716 4597 cordis
2737 4542 3049 4596 mmstitiam
3070 4536 3379 4593 incidimus.
3394 4532 3483 4589 Uti
3502 4546 3631 4587 vero

388 4619 731 4689 ὐπέστημεν.
768 4621 880 4674 Καὶ
915 4620 1085 4690 πολλῇ
1144 4620 1505 4690 συσχεθέντες
1535 4618 1843 4691 ἀμηχανίᾳ,
1878 4619 1955 4684 ὡς

389 4713 446 4763 ἰν
487 4710 739 4783 ἀπόροις,
775 4712 994 4783 πρῶτον
1023 4713 1124 4783 μὲν
1160 4712 1237 4781 τῷ
1278 4712 1539 4783 κηδεμόνι
1599 4711 1694 4765 καὶ
1745 4712 1958 4782 Σωτῆρι

393 4802 489 4871 τὴν
518 4802 706 4875 κοινὴν
734 4803 1119 4873 ἀνηνέγκαμεν
1156 4802 1406 4872 συνοχὴν,
1437 4803 1528 4856 καὶ
1563 4801 1725 4856 αὐτὸν
1761 4801 1956 4872 ἐξῃτη-

394 4895 630 4963 σάμεθα,
660 4895 693 4965 ἢ
734 4895 920 4948 δοῦναι
971 4894 1082 4947 τῶν
1129 4894 1465 4963 συνεχόντων
1502 4892 1602 4965 τὴν
1635 4891 1810 4955 λύσιν,
1844 4891 1876 4961 ἢ
1910 4891 1959 4943 εί

394 4989 466 5057 μὴ
500 4986 659 5040 τοῦτο
691 4986 953 5056 βούλοιτο,
983 4982 1064 5050 οἷς
1088 4986 1378 5039 ἐπίσταται
1404 4984 1760 5054 δικαιιῦμασι,
1783 4999 1961 5055 παραυ

393 5082 540 5149 σχεῖν
592 5080 876 5149 ὑπομονὴν
913 5081 1102 5148 φέρειν
1132 5079 1496 5149 εὐχαρίστως,
1532 5076 1674 5131 ὥστε
1711 5077 1785 5148 μὴ
1820 5076 1962 5145 μετά

390 5172 483 5225 τού
521 5172 757 5243 πάσχειν
788 5166 876 5225 οἶα
906 5173 1214 5241 πάσχομεν.
1242 5170 1338 5224 καὶ
1378 5171 1488 5223 τῶν
1536 5170 1636 5240 τῆς
1679 5170 1961 5240 ὐπομονῆς

388 5264 645 5317 ἐκπεσεῖν
703 5264 1053 5318 ἀντιδόσεων.
1101 5261 1265 5317 Ἀλλά
1295 5262 1476 5315 ταῦτα
1523 5262 1623 5332 μὲν
1672 5262 1809 5332 πρὸς
1865 5261 1957 5315 τὸν

387 5356 772 5426 φιλάνθρωπον
823 5355 1127 5423 Δεσπότηψ
1186 5354 1381 5408 ἔπειτα
1417 5353 1601 5407 δὲκαὶ
1649 5354 1774 5406 ὅσον
1827 5354 1960 5423 ἡμῖν

386 5448 612 5501 δυνατὸν
652 5449 717 5501 ὲκ
756 5448 855 5517 τῆς
890 5450 946 5500 ὲν
976 5447 1170 5517 κόσμῳ
1213 5445 1466 5515 βοηθείας
1500 5447 1686 5501 ἄνεσιν
1741 5445 1961 5513 ὲπινοίι-

388 5541 580 5593 σασθαι
627 5540 779 5609 ὑμῖν,
833 5539 954 5592 οὐδὲ
1002 5537 1145 5607 αὕτη
1191 5539 1249 5590 ἐν
1289 5537 1548 5608 ὀλιγωρίᾳ
1598 5536 1957 5609 ἀπέρριπται,

390 5634 499 5686 ἀλλ’
528 5632 855 5704 ᾐτησάμεθα
895 5632 973 5692 τῶ
1003 5630 1295 5702 στρατηγῷ
1320 5630 1598 5700 γραφῆναι
1631 5632 1757 5693 τοὺς
1780 5631 1959 5683 ἐπιτι-

392 5723 651 5791 θεμένους
695 5726 816 5785 ταῖς
871 5724 966 5777 τοῦ
999 5722 1135 5776 Θεοῦ
1194 5721 1544 5791 Ἐκκλησίαις
1611 5722 1959 5774 ἀναστέλλειν

398 5818 489 5885 τῆς
523 5815 843 5881 ἐπιθέσεως,
872 5817 925 5869 αί
954 5816 1011 5869 δὲ
1029 5813 1160 5881 τῶν,
1185 5812 1259 5877 ὡς
1288 5813 1442 5885 ἔφης,
1464 5813 1753 5885 αἱρετικῶν
1785 5815 1963 5881 γλωσ-

2060 4634 2299 4690 solemus
2351 4632 2531 4687 facere
2557 4631 2611 4685 in
2651 4629 2940 4700 angustiis,
2965 4640 3309 4683 communem
3332 4635 3630 4678 aerumnam

2059 4726 2238 4797 primo
2294 4724 2587 4779 retulimus
2635 4722 2703 4776 ad
2757 4730 3124 4792 protectorem
3179 4724 3237 4772 et
3297 4714 3631 4770 Salvatorem

2060 4820 2327 4881 omnium,
2376 4817 2559 4886 ipsum
2590 4814 2949 4883 deprecantes
2993 4819 3052 4867 ut
3087 4825 3187 4864 nos
3240 4812 3285 4873 aj
3314 4807 3472 4861 malis
3501 4805 3634 4859 libe-

2064 4919 2169 4975 ret,
2208 4910 2315 4971 vel.
2349 4909 2393 4964 si
2418 4907 2605 4969 nollet,
2627 4907 2783 4976 juxta
2813 4905 3149 4975 beneplacita
3183 4910 3238 4957 et
3259 4898 3467 4970 judicia
3500 4911 3625 4958 sua,

2063 5001 2403 5072 patientiam,
2446 4999 2512 5053 ad
2552 4998 2695 5052 mala
2748 5013 2871 5052 cum
2919 4995 3217 5066 gratiarum
3269 4992 3482 5047 actione
3520 4982 3665 5056 per?

2063 5094 2305 5157 ferenda,
2346 5094 2505 5147 nobis
2545 5092 2846 5158 tribueret;
2880 5105 2948 5145 ne
2972 5090 3156 5145 forsan
3208 5088 3333 5141 dum
3375 5084 3633 5155 patimur,

2062 5185 2335 5257 patientiae
2392 5185 2894 5239 remunerationem
2963 5182 3364 5236 amitteremus.
3433 5172 3635 5227 Deinde

2062 5286 2227 5347 prout
2256 5280 2539 5347 potuimus
2566 5276 2950 5330 remissionem
2980 5271 3270 5344 quamdam
3313 5283 3378 5321 ex
3409 5263 3636 5320 saecula-

2063 5369 2217 5421 ribus
2264 5367 2486 5423 auxiliis
2530 5381 2853 5436 comparare
2897 5364 3251 5424 intendimus,
3289 5356 3434 5413 haud
3483 5369 3634 5423 sper-

2066 5459 2300 5513 nendam
2329 5498 2344 5523 ,
2394 5460 2487 5513 sed
2533 5461 2767 5515 militum
2806 5458 3000 5514 ducem
3056 5452 3366 5525 rogavimus
3409 5459 3470 5505 ut
3515 5450 3634 5506 suis

2066 5552 2327 5607 scriberet
2389 5552 2650 5621 subjectis
2723 5562 2774 5607 ct
2838 5549 3178 5621 superposita
3235 5544 3325 5599 Dei
3378 5543 3636 5599 ECCIt‘SIIS

2065 5638 2325 5694 aliferret.
2356 5639 2431 5694 De
2464 5642 2737 5711 perversis
2768 5650 2946 5693 autem
2979 5637 3358 5693 hmrcticorum
3385 5635 3634 5705 Linguis.

2068 5732 2145 5785 uti
2199 5732 2451 5794 mandas,
2486 5747 2588 5784 non
2628 5740 2709 5785 est
2738 5729 3053 5791 dolendum,
3084 5729 3211 5798 quia
3257 5729 3419 5783 homo
3454 5727 3542 5780 Dei
3574 5739 3637 5781 ei

2067 5832 2117 5877 et
2152 5820 2219 5877 ab
2255 5821 2409 5876 initio
2455 5820 2662 5889 legibus
2704 5818 2873 5888 ipsius
2922 5817 3112 5875 scdulo
3143 5818 3414 5876 ubediisti.
3454 5818 3631 5883 Quare
