4088 6208
312 337 418 400 349

1771 342 2176 404 ΕΡΙΞΤΟῐρᾹΞ.

3454 350 3560 411 3πο

311 447 605 512 αιτεὶσθαι,
638 419 784 518 ᾇπερ
835 446 902 500 ἂν
935 445 1095 509 αότδς
1131 445 1436 520 διαιτήσῃς,
1475 446 1667 503 τούτου
1725 451 1886 521 χάριν

1993 455 2431 525 disquisitionem
2485 457 2902 522 commisimus,
2969 467 3030 514 ut
3102 459 3284 516 nullus
3339 465 3558 532 quidem

311 545 519 613 ἑτέροις
552 540 871 612 προσώποις
893 539 990 609 τὴν
1012 540 1271 609 τοιαύτην
1286 541 1578 610 ἐπίσκεψιν
1592 545 1884 614 παρεπέμ-

307 640 490 706 ψαμεν
515 676 531 698 ,
595 633 684 687 ἵνα
729 631 856 703 μηδ’
889 631 1026 696 ὅλως
1061 632 1210 702 αὐτῷ
1252 633 1572 686 ὑπολίποιτο
1604 635 1882 705 πρόφασις

309 725 625 793 ἀντιλογίας
659 726 758 779 καὶ⁵
815 724 1178 788 δικαιώσεως.
1223 726 1296 778 Σὺ
1345 725 1424 790 δὲ,
1459 725 1652 780 τέκνον
1699 729 1878 798 ἡμῶν,

307 821 371 874 ἄν
409 837 466 870 τε
497 819 828 887 γράφωμεν,
860 816 926 870 ἄν
953 834 1010 868 τε
1062 816 1139 886 μὴ
1166 817 1494 887 γράφωμεν,
1518 816 1674 881 εἰδὼς
1719 821 1799 873 ὅτι
1825 822 1883 872 ὲν

309 917 370 980 τῇ
411 914 650 981 μυστικῇ
704 910 942 962 παστάδι
978 912 1205 982 φωστὴρ
1246 916 1621 986 ὲναπετὲχθης
1669 918 1883 987 ἐπέχων

309 1002 466 1068 λιᾶγον
501 998 674 1070 ζωῆς,
731 1001 876 1054 οὕτω
935 1003 1030 1055 καὶ
1077 1004 1266 1071 φρόνει
1325 1009 1419 1059 καὶ
1452 1010 1684 1078 πράττε,
1738 1010 1886 1073 ὅπως

306 1095 414 1146 τῶν
451 1093 631 1164 ἔργων
662 1110 756 1145 σου
788 1093 865 1163 τῷ
897 1096 1036 1160 φωτὶ
1076 1095 1224 1158 ὅσοις
1245 1099 1604 1168 περιγίνηται
1639 1100 1882 1169 βλέπειν,

304 1185 570 1252 διλξάζωσι
615 1186 705 1238 τὸν
740 1187 797 1239 ἐν
831 1187 1086 1257 οὐρανοῖς
1117 1191 1336 1260 Πατέρα
1365 1192 1546 1262 ἡμῶν,
1572 1195 1667 1246 καὶ
1705 1194 1765 1246 σὲ
1793 1193 1885 1248 διὰ

306 1278 413 1329 τῶν
446 1276 818 1344 ὀφειλομένων
857 1279 1084 1332 δικαίων
1131 1281 1370 1352 φέρωσιν
1401 1283 1667 1348 ἐπαίνων,
1716 1283 1884 1352 εὐχα-

308 1367 624 1438 ριστοῦντες
664 1365 750 1436 ἐφ’
809 1363 890 1432 οἶς
939 1369 1182 1424 τοιούτου
1268 1372 1634 1427 ἀπολαύουσιν
1693 1376 1883 1446 ἀρχιεο

305 1463 465 1530 ρέως.

713 1575 842 1630 PA'.
892 1575 1154 1645 Ἰγνατίῳ
1180 1577 1471 1646 Χυσικοῦ.

375 1690 440 1742 El
483 1690 579 1743 καὶ
623 1689 724 1759 ὀψὲ
775 1691 869 1742 καὶ
919 1689 1092 1759 μόλις,
1150 1692 1300 1760 ὅμως
1341 1693 1408 1747 τά
1470 1695 1539 1746 σὰ
1589 1693 1879 1765 δεξάμενοι

1989 546 2198 601 homini
2229 548 2567 618 relinquatur
2594 563 2692 605 ceu
2727 549 3179 608 centradictionis
3229 567 3329 607 ceu
3359 554 3560 624 justiti-

1989 639 2224 700 catjonis
2257 651 2578 709 praeteritus.
2617 642 2698 696 Tu
2735 651 2915 699 autem
2940 686 2954 709 ,
2989 645 3061 698 mi
3101 643 3196 710 fili,
3234 653 3415 700 utrum
3438 648 3566 700 scri-
3603 713 3605 715 _

1989 729 2228 794 bamus,
2302 746 2510 796 necne,
2582 733 2822 802 teipsum
2884 735 3172 790 resciveris
3221 735 3276 787 in
3335 737 3565 806 mystico

1989 822 2194 887 porticu
2257 820 2480 877 luminis
2534 822 2708 878 instar
2750 826 2984 893 positum
3042 840 3162 880 csse
3214 825 3281 878 ad
3340 828 3562 879 vei-bum

1987 911 2112 964 vitae
2141 913 2596 968 annuntiandum.
2636 915 2730 970 Sic
2775 907 2939 986 igitur
2998 917 3203 986 cogites
3238 927 3294 969 et
3340 931 3470 986 agas
3508 925 3564 967 ut

1988 1002 2300 1070 quicunque
2345 1001 2397 1055 in
2448 1003 2652 1058 lumine
2685 1015 2777 1059 tuo
2816 1016 2906 1060 tua
2962 1020 3126 1076 opera
3156 1005 3416 1068 viderint,
3457 1005 3562 1056 I’a-

1991 1098 2126 1144 trem
2185 1103 2432 1145 nostrum
2479 1094 2535 1148 in
2599 1096 2758 1150 caelis
2809 1097 3136 1165 gloriﬁcent,
3192 1097 3406 1151 debitas
3459 1094 3560 1150 tibi

1992 1181 2231 1236 tribuant
2275 1183 2484 1249 laudes,
2518 1192 2572 1240 et
2629 1188 2833 1255 gratias
2884 1189 3186 1256 rependant
3245 1188 3392 1257 quod
3448 1196 3558 1241 tam

1989 1271 2190 1326 eximio
2231 1274 2516 1329 sacerdote
2549 1273 2651 1330 frui
2685 1275 2818 1346 ipsis
2853 1279 3102 1347 contigit.

2269 1569 2484 1628 CXXX.
2526 1571 2741 1643 Ignatio
2776 1572 2952 1644 Cyrici
2985 1575 3243 1641 episcopo.

2059 1685 2239 1741 Tarde
2267 1687 2483 1756 quidet’n
2523 1694 2577 1742 et
2609 1702 2714 1741 non
2752 1689 2870 1743 sine
2914 1687 3225 1742 difficultate
3256 1697 3375 1741 tuas
3407 1702 3562 1741 rece-

308 1785 637 1854 γράμματα,
675 1784 740 1836 δι’
781 1783 964 1838 αὐτῶν
1001 1785 1068 1838 τὰ
1114 1786 1244 1854 περὶ
1284 1785 1378 1839 σοῦ
1449 1788 1734 1857 μαθόντες,
1761 1787 1884 1841 ἆνε-

1991 1782 2172 1852 pimus
2210 1779 2416 1834 litteras
2449 1795 2570 1850 qua:
2599 1781 2664 1834 de
2695 1788 2744 1834 te
2772 1782 3046 1849 rebusque
3074 1783 3180 1833 tuis
3207 1796 3306 1834 nos
3330 1782 3564 1834 edocent

211 1905 222 1914 ε
306 1877 392 1930 σίν
423 1893 542 1929 τινα
571 1875 683 1928 τῶν
731 1877 1065 1946 συνεχόντων
1096 1879 1224 1946 περὶ
1253 1877 1349 1930 σοῦ
1387 1880 1690 1948 φροντίδων
1717 1881 1882 1951 ὲσχή-

307 1985 510 2037 κάμεν.
569 1966 780 2037 Χρόνου
834 1967 944 2038 γὰρ
996 1969 1257 2021 τοσούτου
1315 1972 1732 2041 παρῳχηκότος,
1787 1973 1885 2025 καὶ

305 2061 581 2130 μηδεμιᾶς
618 2061 691 2133 μὴ
722 2060 809 2113 διὰ
850 2061 1034 2128 λόγου,
1084 2061 1158 2132 μὴ
1187 2061 1276 2114 διὰ
1309 2063 1660 2132 γράμματος,
1698 2064 1774 2135 μὴ
1798 2063 1885 2117 διὰ

303 2150 468 2220 ψιλῆς
493 2150 689 2220 φήμης
723 2151 987 2218 ἀγγελίας
1042 2152 1190 2214 τινὸς
1241 2151 1780 2222 καταλαμόανούσης
1827 2156 1884 2212 ὲν

305 2240 475 2310 πολλῇ
512 2242 711 2310 συνοχῇ
775 2241 867 2292 ἐπὶ
928 2242 1093 2293 πᾶσιν
1118 2236 1203 2304 οἷς
1256 2241 1595 2312 συνεχόμεθα
1651 2243 1740 2296 διά
1783 2243 1884 2306 τὰς

304 2331 586 2401 ἁμαρτίας
638 2331 796 2400 ἡμῶν
847 2331 1218 2400 διετελοῦμεν·
1285 2332 1525 2402 μάλιστα
1581 2333 1881 2403 ὑπόσχεσιν

300 2424 439 2493 ἡμῖν
469 2422 896 2491 παρασχομένης
917 2424 1018 2492 τῆς
1049 2424 1149 2491 σῆς
1177 2426 1478 2495 ὁσιότητος,
1504 2425 1576 2489 ὡς
1614 2427 1755 2496 μετὰ
1781 2427 1880 2496 τὴν

302 2513 399 2566 τοῦ
432 2513 704 2578 παναγίου
741 2515 832 2564 καὶ⁴
860 2513 1129 2576 ζωοποιοῦ
1167 2514 1405 2583 σταυροῦ
1441 2513 1654 2584 ὓψωσιν
1680 2516 1881 2568 αὐτίκα

299 2603 372 2656 τά
398 2603 633 2656 ἐνταῦθα
662 2604 1032 2672 καταλείψειν.
1077 2605 1222 2677 Πλὴν
1269 2605 1346 2674 τῷ
1377 2607 1516 2676 ἁγίῳ
1549 2606 1670 2676 Θεῷ
1722 2606 1880 2676 χάρις

299 2693 382 2765 τῷ
437 2696 579 2758 τέως
623 2697 683 2748 ὲν
743 2697 822 2765 τῷ
875 2697 1105 2767 παρόντι
1153 2697 1412 2750 δεδωκότι
1461 2697 1533 2749 τὰ
1587 2698 1716 2768 περὶ⁵
1783 2697 1884 2764 τῆς

301 2786 463 2855 ὑμῶν
502 2786 921 2857 ἀρχιερωσύνης
974 2788 1300 2858 ἁναμαθεϊν.
1345 2788 1410 2841 Τί
1464 2805 1532 2857 με
1587 2790 1670 2843 δεῖ
1722 2789 1883 2842 πλέον

297 2877 590 2944 γράφειν;
641 2876 849 2929 Ἐκεῖνο
913 2878 1076 2946 μόνον
1135 2879 1636 2948 ὲπισημαινόμεθα,
1667 2881 1883 2948 ταχέως

296 2962 426 3038 ἧκε,
464 2967 561 3028 τὰς
602 2966 875 3030 ἀναϐολὰς
909 2969 1005 3020 καὶ
1051 2967 1378 3038 ὑπερθέσεις
1423 2968 1762 3022 καταλιπών.
1801 2970 1877 3021 Ού

1992 1882 2046 1925 et
2077 1873 2408 1926 anxietatem
2446 1872 2517 1926 ob
2549 1878 2601 1925 te
2641 1881 2958 1941 conceptam
2995 1872 3282 1925 dirimunt.
3310 1870 3560 1940 Longum

1989 1961 2134 2014 enim
2169 1961 2410 2030 elapsum
2461 1973 2545 2016 est.
2583 1970 2798 2030 tempus
2850 1977 2914 2014 ex
2949 1978 3058 2031 quo
3112 1962 3245 2015 nihil
3292 1977 3390 2016 nec
3432 1977 3563 2016 voce

1990 2046 2404 2120 nequescripto
2445 2053 2910 2107 communicatum
2943 2063 3036 2108 aut
3083 2052 3225 2108 fama
3267 2055 3548 2122 vulgatum

1987 2146 2053 2199 de
2105 2154 2158 2199 te
2221 2145 2553 2210 audivimus,
2593 2147 2685 2216 qui
2740 2145 2795 2199 itt
2847 2146 3014 2201 tantis
3073 2156 3292 2215 propter
3338 2157 3561 2215 peccata

1990 2247 2176 2292 nostra
2231 2239 2511 2293 constituti
2559 2253 2746 2294 sumus
2823 2254 3006 2294 rcrntn
3069 2238 3374 2306 angustiis!
3448 2238 3564 2290 'l'ua

1990 2338 2170 2383 autem
2204 2329 2360 2384 nobis
2403 2331 2644 2398 pollicita
2676 2330 2856 2385 fuerat
2897 2331 3162 2386 sanctitas
3195 2341 3320 2400 post
3359 2338 3562 2384 sanctae

1989 2420 2182 2475 Crucis
2232 2419 2633 2476 Exaltationem
2684 2431 2734 2476 te
2769 2422 2952 2476 statim
2996 2436 3381 2486 reversurum;
3421 2430 3567 2473 alta»

1989 2525 2112 2566 men
2145 2514 2347 2580 gratias
2376 2527 2524 2566 nunc
2571 2514 2807 2567 maxime
2857 2512 2965 2565 Deo
3019 2511 3196 2565 refero
3243 2510 3391 2580 quod
3424 2526 3563 2561 uuu-
3663 2560 3667 2564 .

1988 2604 2120 2656 tium
2155 2604 2222 2657 de
2255 2613 2439 2658 vestro
2461 2605 2765 2658 sacerdotio
2797 2604 2976 2671 accepi
3005 2602 3135 2672 quid
3169 2601 3402 2670 amplius
3424 2602 3564 2654 scii-
3598 2589 3600 2592 ’

1985 2695 2134 2751 bam.
2219 2692 2398 2749 Unum
2437 2692 2687 2764 adjiciam
2750 2712 2765 2750 :
2801 2697 3122 2765 quantocius
3156 2704 3210 2748 et
3256 2695 3374 2748 sine
3407 2709 3558 2747 mora

1984 2788 2199 2840 venias!
2251 2785 2451 2841 Rerum
2499 2787 2643 2840 enim
2688 2789 2732 2841 is
2759 2797 2842 2841 est
2882 2797 3056 2842 status
3086 2797 3142 2840 ut
3188 2787 3394 2842 diutius
3419 2803 3563 2841 con-

1981 2880 2289 2932 versatione
2317 2889 2407 2932 tua
2431 2894 2616 2933 carere
2645 2880 2834 2945 nolim,
2888 2877 2982 2933 sed
3015 2877 3190 2948 aequis
3218 2887 3393 2934 tecum
3423 2889 3558 2933 con-

1983 2971 2279 3026 ditionibus
2312 2971 2494 3026 vivere
2521 2972 2738 3042 cupiam

295 3032 415 3134 γάρ
443 3067 560 3117 ἐστι
586 3063 814 3117 τοιαῦτα
843 3063 915 3116 τὰ
957 3032 1268 3132 πράγματα
1314 3060 1406 3120 οἶα
1433 3065 1534 3136 τῆς
1584 3067 1690 3130 ἔξω
1722 3066 1878 3138 ὑμῶν
1919 3070 2205 3142 διατριϐῆς
2265 3071 2468 3124 ἐθέλειν
2539 3032 2852 3142 ἀνέχεσθαι,
2898 3069 3015 3124 ἀλλ’
3055 3032 3338 3140 ἀγαπητὸν
3370 3067 3418 3120 εί
3473 3063 3565 3117 καὶ

293 3162 594 3230 παρόντων
627 3157 781 3227 ὑμῶν
812 3157 1152 3229 όμαλότητός
1176 3176 1324 3222 τινος
1364 3159 1734 3226 ὲπιτεύξεται.

663 3274 818 3327 ΡΛΑ⁹
877 3271 1144 3343 Τρυφῶνι
1176 3275 1522 3345 porci-Corn.

377 3383 643 3458 Μεγάλην
675 3387 1023 3457 παράκλησιν
1061 3389 1156 3442 ἐπὶ
1182 3387 1257 3458 τῷ
1290 3387 1582 3458 γράμματι
1604 3386 1703 3458 τῆς
1730 3388 1885 3459 ὑμῶν

293 3479 583 3548 ΰσιότητος
649 3479 969 3548 εὑρηκότες,
1035 3480 1194 3551 χάριν
1245 3480 1626 3551 ἀνηνέγκαμεν
1667 3481 1746 3550 τῷ
1767 3482 1885 3552 Θεῷ

293 3571 384 3641 τῷ
419 3571 681 3642 κηδεμόνι
714 3572 813 3641 τῆς
868 3571 1210 3625 πολυωδύνου
1262 3571 1409 3642 ζωῆς
1441 3574 1619 3644 ήμῶν,
1657 3573 1714 3637 ὃς
1768 3575 1885 3628 ἐκί-

296 3680 473 3732 νησεν
514 3663 660 3732 ὑμᾶς
695 3662 788 3714 ἐπὶ
833 3663 895 3716 τὸ
948 3662 1157 3732 γράψαι
1196 3663 1291 3716 καὶ
1348 3666 1728 3735 παρακαλέσαι
1785 3666 1882 3736 τὴν

295 3757 585 3826 ἡμετέραν
611 3755 964 3810 ταπείνωσιν.
990 3754 1132 3808 Ἀλλ’
1157 3755 1348 3820 ὥσπερ
1371 3760 1483 3819 τοῖς
1511 3758 1714 3827 λόγοις,
1739 3757 1882 3812 οὕτω

296 3850 403 3901 καὶ
435 3849 503 3915 τῇ
543 3848 611 3916 σῇ
639 3845 916 3916 παρουσίᾳ
965 3846 1040 3916 μὴ
1101 3842 1368 3920 βραδύνῃς
1403 3848 1498 3902 καὶ
1529 3848 1885 3916 συγγενέσθαι

297 3939 443 4007 ἡμῖν
471 3939 566 3989 καὶ
593 3938 964 4005 κοινωνήσειν,
1019 3937 1180 3990 τοῦτο
1221 3938 1321 4008 μὲν
1369 3939 1478 3992 τῶν
1535 3941 1892 4010 συνεχόντων,

298 4029 474 4080 τοῦτο
494 4027 549 4079 δὲ
577 4027 670 4079 καὶ
699 4026 854 4092 λόγον
884 4027 1103 4097 ὁμιλίας
1157 4027 1250 4081 τοῦ
1277 4028 1412 4082 Θεοῦ
1442 4029 1677 4090 διδόντος
1717 4032 1894 4102 οἰκεία

298 4117 536 4189 γλώσσῃ
563 4116 660 4187 τὴν
697 4117 1043 4188 παράκλησιν
1073 4119 1401 4190 προσφέρων
1441 4117 1595 4190 ἡμῖν.
1652 4121 1791 4191 Περὶ
1836 4121 1892 4174 δὲ

301 4202 385 4262 ὧν
416 4210 594 4278 ἠξίου,
619 4209 742 4261 ὅσον
767 4210 799 4278 ἡ
835 4209 943 4261 τῶν
973 4212 1316 4280 πραγμάτων
1357 4211 1656 4282 συνεχώρει
1685 4213 1894 4285 διοίκη-

2191 3175 2198 3186 ι

2232 3289 2265 3346 ε·
2331 3274 2570 3331 (LXXXI.
2621 3277 2883 3346 Tryphoni
2945 3273 3222 3328 monacho.

2061 3391 2252 3459 Magno
2301 3406 2368 3445 ex
2423 3391 2618 3446 litteris
2649 3391 2912 3445 sanctatis
2954 3397 3150 3442 vestrae
3186 3383 3386 3440 solatio
3437 3397 3565 3450 per-

1991 3496 2148 3554 cepto
2174 3523 2190 3549 ,
2227 3482 2359 3548 Deo,
2390 3485 2482 3552 qui
2520 3484 2685 3537 vitam
2719 3491 2959 3536 nostram
2999 3477 3261 3534 aerumnis
3288 3473 3562 3536 ,aiilictam
3601 3503 3604 3506 ν

1982 3574 2246 3644 protegit,
2296 3575 2500 3642 gratias
2531 3572 2740 3641 egimus
2785 3572 2930 3640 quod
2961 3568 3240 3623 humilitas
3290 3575 3477 3619 nostra
3512 3573 3564 3617 ct

1988 3666 2205 3736 scriptis
2242 3666 2438 3721 vestris
2477 3675 2562 3720 est
2605 3665 2803 3720 refecta
2832 3680 2847 3730 ;
2881 3673 2934 3718 tu
2965 3677 3127 3732 porro
3159 3661 3416 3729 episto‘as
3443 3658 3568 3711 mit-

1989 3759 2156 3814 tendo
2175 3758 2332 3813 nobis
2364 3757 2699 3823 satisfacias;
2730 3755 2839 3810 Deo
2865 3756 3086 3825 auspice
3113 3755 3237 3808 viva
3268 3766 3400 3807 voce
3421 3750 3569 3806 sola-

1994 3852 2128 3906 tium
2166 3851 2323 3905 nobis
2358 3850 2575 3906 atl’eras.
2609 3849 2741 3915 Quae
2785 3857 2965 3902 autem
2995 3848 3087 3902 tibi
3134 3847 3411 3910 videntur,
3448 3853 3570 3896 tan-

1993 3952 2104 3996 tum
2139 3957 2535 4013 prosequemur
2565 3953 2830 4010 quantum
2875 3955 3058 3996 rerum
3088 3937 3332 3993 conditio
3365 3936 3568 4005 perini-

1990 4033 2125 4089 serit
2181 4050 2196 4086 :
2258 4048 2407 4096 nam,
2449 4033 2568 4088 sive
2619 4032 2852 4086 velimus
2898 4031 3016 4086 sive
3078 4030 3336 4094 nolimus,
3376 4040 3562 4080 rerum

1991 4123 2305 4179 necessitati
2353 4124 2700 4192 subjicimur.
2760 4123 2833 4178 De
2879 4123 3092 4178 caeteris
3117 4132 3170 4176 te
3214 4122 3354 4176 bene
3380 4121 3564 4175 valere

1990 4230 2277 4284 precamur
2307 4224 2359 4269 et
2393 4215 2712 4270 humilitatis
2740 4225 2944 4270 nostra:
2974 4228 3081 4269 non
3109 4211 3378 4267 oblivisci.

309 4321 419 4367 σις,
449 4304 691 4373 ἐσόμεθα
731 4303 860 4374 γὰρ,
917 4305 1023 4358 κᾶν
1055 4305 1372 4376 βουλώμεθα
1408 4307 1511 4361 κᾶν
1561 4308 1637 4378 μὴ
1691 4307 2034 4380 βουλώμεθα,
2067 4313 2130 4380 τῇ
2193 4311 2303 4364 τῶν
2338 4310 2693 4380 πραγμάτων
2725 4310 2962 4383 ἀνάγκῃ,
3031 4305 3288 4360 τοσοῦτιν
3315 4308 3409 4360 καὶ
3440 4306 3567 4376 διῳ-

308 4396 628 4465 κησάμεθαέ
659 4396 739 4450 Τὰ
790 4396 923 4450 ἄλλα
971 4397 1246 4469 ἐρρῶσθαι
1297 4415 1356 4451 σε
1400 4400 1768 4471 ὲπευχόμεθα,
1799 4402 1894 4457 καὶ
1930 4401 2027 4473 τῆς
2071 4404 2229 4474 ἡμῶν
2273 4403 2582 4474 μεμνῆσθαι
2618 4403 2992 4474 μετριότητος.

382 4509 531 4566 I‘AB’
565 4513 1137 4587 ΓρηγορίίρἜςρέᾳου
1164 4513 1264 4567 καί
1290 4514 1490 4587 Φωτίῳ
1539 4514 1892 4582 Ἡρακλείας

809 4580 987 4636 οὖσιν
1017 4585 1087 4636 ἐν
1123 4585 1427 4652 ὑπερορίᾳ.

386 4675 523 4729 Οὔτε
571 4675 736 4744 ὑμᾶς,
813 4675 974 4727 τέκνα
1009 4673 1137 4744 ἐμὰ,
1175 4677 1235 4728 τὸ
1275 4677 1471 4746 πικρὸν
1521 4677 1742 4747 ἄλγημα
1792 4678 1890 4748 τῆς

315 4769 452 4837 ὲμῆς
483 4769 747 4836 ταπεινῆς
776 4767 1122 4819 διαλανθάνει
1155 4768 1410 4836 καρδίας,
1461 4768 1586 4822 οὔτε
1617 4769 1726 4822 τῶν
1757 4769 1890 4838 ὑμε-

319 4859 492 4928 τέρων
545 4859 963 4927 σπαραγμάτων
1001 4861 1094 4912 καὶ
1132 4860 1330 4914 ὀδυνῶν
1375 4863 1432 4914 ὲν
1477 4861 1671 4931 ἀγνοίᾳ
1735 4862 1894 4932 ἡμεῖς

316 4951 759 5019 καθεστήκαμεν.
833 4948 899 5001 Ἢ
931 4953 1039 5021 γὰρ
1082 4951 1176 5004 τοῦ
1244 4953 1514 5020 παναγίου
1569 4954 1889 5023 Πνεύματος

319 5042 508 5107 ἑνότης
543 5041 573 5109 ἡ
603 5040 736 5110 πρὸς
771 5040 830 5092 ἓν
876 5042 1132 5110 φρόνημα
1158 5043 1250 5096 καὶ
1283 5044 1411 5112 μιᾶς
1441 5043 1647 5113 κίνημα
1667 5043 1892 5114 καρδίας

320 5135 460 5202 ἡμᾶς
490 5132 808 5202 διαθεμένη,
834 5132 974 5202 αὐτὴ
1008 5132 1196 5202 ὥσπερ
1221 5136 1301 5197 είς
1337 5135 1395 5186 τὺ
1424 5135 1767 5203 συμπάσχειν
1799 5150 1896 5187 συ-

323 5227 504 5295 νῆψεν,
562 5225 706 5278 οὕτω
742 5229 838 5279 καὶ
866 5225 928 5278 τὸ
979 5228 1230 5297 ἀκριϐῶς
1288 5228 1489 5280 εἰδέναι
1540 5229 1607 5281 τὰ
1652 5228 1896 5299 ἀλλήλων

325 5316 460 5384 πάθη
518 5317 948 5385 παρασκευάζει.
1003 5319 1068 5369 Τί
1101 5317 1230 5383 οὒνς
1274 5312 1352 5371 Ἦ
1413 5321 1562 5389 κοινῇ
1605 5319 1702 5391 τὴν
1732 5320 1896 5390 εὐχα-

330 5407 531 5473 ριστίαν
591 5400 902 5477 φέρειν’δεῖ
927 5407 1001 5478 τῷ
1025 5409 1164 5478 Θεῷ,
1197 5410 1293 5478 ἐφ’
1324 5406 1406 5474 οἷς
1435 5411 1739 5479 διωκόμεθα
1773 5414 1892 5484 μὲν,

325 5498 376 5546 οὐ
413 5498 875 5567 καταϐαλλόμεθα
911 5499 968 5550 δὲ
1006 5498 1140 5551 Θεοῦ
1176 5500 1382 5569 χάριτι,
1412 5505 1504 5555 καὶ
1534 5497 1617 5564 οἷς
1653 5504 1776 5558 ὅσον
1800 5504 1895 5558 ἐπὶ

323 5593 422 5652 τοῖς
477 5579 852 5659 ὲπηρεασταῖς
887 5590 1334 5662 ἀποθνήσκομεν,
1367 5593 1550 5664 ζῶμεν
1584 5595 1640 5648 δὲ
1664 5595 1768 5648 ὑπὸ
1795 5595 1892 5649 τοῦ

324 5677 714 5746 ζωοποιοῦντος
750 5681 884 5734 Θεοῦ
911 5684 1355 5755 συντηρούμενοι.
1393 5685 1631 5757 Ἀληθῶς
1663 5687 1892 5743 ἐστικαὶ

323 5776 414 5832 νῦν
451 5779 585 5834 ίδεῖν
618 5778 776 5836 θείων
803 5781 894 5834 καί
919 5781 1239 5850 παραδόχων
1272 5783 1485 5849 γένεσιν
1527 5785 1887 5851 πραγμάτων,

2007 4518 2268 4576 CXXXII.
2319 4519 2601 4590 Gregrorio
2638 4519 2831 4588 Ephesi
2862 4520 3100 4583 episcopo
3141 4525 3192 4570 et
3237 4514 3424 4569 Phntio
3455 4514 3566 4568 He-

1928 4576 1982 4635 Ῐ)
2430 4590 2670 4635 rnclmnti
2701 4589 3177 4635 nerearinantibus.

2430 4589 2670 4644 raclwoti
2698 4589 3177 4660 peregrinantibus.

2065 4681 2179 4738 Nec
2228 4698 2348 4746 vos,
2402 4682 2500 4736 ﬁlii
2557 4681 2888 4746 charissimi,
2942 4681 3071 4735 latet
3124 4681 3354 4735 acerbus
3387 4679 3570 4734 cordis

1995 4775 2100 4830 mei
2137 4775 2291 4829 dolor
2321 4791 2499 4844 neque
2536 4775 2638 4844 ipsi
2676 4775 2729 4827 ἱη
2749 4773 3065 4842 ignorantia
3111 4787 3397 4826 versamur
3417 4772 3565 4825 circa

1998 4881 2264 4922 mmrores
2291 4876 2346 4922 et
2379 4869 2656 4922 cruciatus
2692 4875 2925 4921 vestros.
2964 4865 3200 4933 Spiritus
3224 4864 3368 4916 enim
3393 4863 3571 4917 sancti

1998 4957 2128 5012 unio
2173 4972 2297 5026 quae
2346 4973 2447 5013 nos
2495 4957 2560 5010 ad
2616 4957 2835 5011 easdem
2893 4955 3254 5023 cegitationes
3304 4962 3356 5007 et
3401 4935 3597 5005 animi‘

1997 5048 2222 5104 allectus
2266 5049 2416 5104 ducit
2446 5048 2514 5102 ad
2546 5055 2792 5104 mutuam
2821 5047 3107 5116 conjunxit
3139 5044 3468 5105 amicitiam,
3515 5049 3568 5094 et

2000 5141 2068 5194 atl
2103 5154 2325 5196 mutuos
2356 5139 2774 5211 cognoscendas
2802 5140 3020 5194 dolores
3057 5139 3304 5208 opprime
3346 5148 3568 5199 COtltpa~

1995 5233 2156 5288 ravit.
2183 5233 2319 5300 Quid
2349 5233 2545 5303 igitur?
2571 5234 2727 5303 Agite
2747 5234 2928 5288 cuncti
2953 5232 3065 5286 Deo
3091 5231 3294 5298 gratias
3326 5240 3560 5295 againus

2002 5327 2142 5395 quod
2179 5327 2671 5396 persecutionibus,
2712 5325 2824 5380 Deo
2856 5320 3088 5388 favente,
3128 5317 3570 5376 nonsuccumbi-

1999 5433 2120 5473 mus
2141 5417 2360 5486 etquod
2391 5417 2552 5472 minis
2585 5418 3003 5487 opprobriisque
3043 5411 3380 5473 mortificati,
3431 5410 3568 5463 vivi-

2002 5509 2199 5566 ﬁcante
2231 5517 2407 5566 tamen
2435 5509 2564 5574 Deo,
2591 5512 2726 5566 salvi
2759 5522 2808 5566 et
2835 5509 3136 5564 incolumes
3164 5505 3420 5557 vivimus.
3437 5502 3563 5557 Pre-

2003 5597 2142 5654 fccto
2171 5609 2226 5654 et
2271 5601 2419 5655 hisce
2460 5600 2794 5670 temporibus
2824 5598 3006 5651 divina
3035 5594 3219 5648 videre
3238 5593 3569 5648 estctuiira-

2003 5692 2126 5746 bilia
2156 5708 2317 5762 opera
2357 5711 2370 5746 :
2417 5709 2446 5748 a
2477 5693 2712 5749 ferarum
2747 5691 2890 5745 enim
2921 5689 3167 5744 faucibus
3192 5687 3386 5742 liberat
3425 5684 3571 5740 Deus

2000 5799 2186 5842 servos
2210 5801 2334 5844 suos
2358 5794 2411 5842 ct
2432 5795 2673 5842 amanter
2694 5783 2992 5840 incolumes
3009 5795 3184 5841 servat
3212 5798 3305 5854 per
3327 5779 3567 5838 medium
