4088 6208
458 332 559 396 351

1571 346 1882 406 NICOLAI
1922 349 2033 409 CP.
2073 351 2592 411 PATRIARCHIE

3610 351 3717 415 352

457 457 637 515 ignem
722 445 1059 505 incedentes.
1121 451 1247 505 Haec
1300 452 1427 506 dum
1494 461 1733 509 mentem
1785 458 2044 522 subeunt,

2149 460 2243 514 καὶ
2266 460 2563 530 ,στομάτων
2618 459 2825 530 θηρίων
2856 459 2990 512 Θεοῦ
3043 459 3312 531 ῥυομένου
3357 459 3722 532 θεράποντας.

460 551 660 606 magno
694 539 823 592 mihi
853 549 980 595 sunt
1027 542 1227 596 solatio
1249 551 1303 597 et
1331 545 1575 599 animum
1605 547 1861 602 reddunt.
1914 546 2038 604 Ilaec

459 642 553 681 vos
581 643 822 696 quoque,
874 629 968 684 ﬁlii
1004 632 1130 692 mei.
1162 632 1439 687 vobiscum
1474 644 1728 702 reputate
1768 654 1781 691 :
1839 637 1884 691 si
1914 654 2040 709 gra-

459 736 550 776 ves
591 722 729 777 forte
757 723 1048 779 inciderint
1077 728 1430 793 tentationes,
1463 730 1529 783 ad
1563 746 1713 799 spem
1754 733 2036 787 meliorem

456 813 621 867 corda
663 814 886 883 erigite,
947 817 1108 871 sicuti
1139 820 1463 874 sacerdotali
1496 822 1797 876 conditioni
1844 833 2036 878 vestrae

458 905 753 971 convenit;
806 907 878 960 ita
937 909 1155 963 fortiter
1229 911 1353 965 illas
1403 913 1756 980 superabitis.
1832 912 2032 971 Multas

458 998 605 1051 enim
648 1012 713 1051 ex
760 997 867 1053 Deo
898 999 1164 1056 habemus
1193 1002 1665 1071 repromissiones,
1716 1004 1809 1072 qui
1852 1006 2042 1059 oculos

459 1103 610 1152 suos,
673 1089 749 1143 uti
803 1090 1039 1157 conﬁdo,
1097 1101 1307 1147 avertet
1357 1107 1385 1145 a
1438 1093 1679 1162 peccatis
1730 1093 1911 1158 meis,
1973 1095 2042 1149 ad

460 1180 622 1235 linem
665 1197 839 1251 usque
884 1198 946 1237 se
996 1183 1296 1252 benignum
1351 1194 1691 1238 servatorem
1744 1184 2040 1253 praestabit,

459 1288 561 1327 nec
622 1290 863 1343 unquam
939 1275 1188 1329 auxiliari
1272 1274 1531 1331 cessabit.
1630 1276 1725 1329 Sin
1806 1277 2043 1345 peccatis

460 1365 597 1419 meis
667 1368 1024 1422 contristatus
1110 1368 1382 1437 paulisper
1486 1369 1752 1438 castigat,
1845 1368 2045 1423 nihilo-

460 1458 639 1512 minus
693 1474 907 1513 summa
979 1460 1206 1529 recipiet
1254 1461 1631 1531 benignitate;
1701 1476 1798 1515 eos
1859 1470 2040 1514 autem

460 1550 555 1618 qui
600 1551 803 1605 malitia
859 1567 956 1607 sua
1008 1553 1133 1608 elati
1175 1565 1321 1618 sunt,
1372 1554 1545 1607 multo
1597 1553 1808 1621 majore
1851 1555 2047 1623 plectet

462 1640 648 1695 dolore
675 1651 729 1695 cl.
753 1643 995 1708 tristitia,
1031 1660 1193 1714 quam
1233 1644 1526 1699 hodicdum
1561 1644 1868 1711 gloriantur
1906 1645 2047 1699 laeti-

461 1741 555 1787 ta.
589 1732 778 1787 Saluto
810 1750 904 1790 vos
929 1736 979 1788 in
1014 1734 1243 1790 Domino
1274 1745 1327 1789 et
1358 1736 1513 1805 quasi
1533 1750 1777 1805 praesens
1812 1735 2049 1804 comple-

2137 554 2228 607 καὶ
2259 554 2491 623 καμίνου
2525 553 2696 623 πυρὸς
2754 552 3008 616 ἀϐλαϐεῖς
3053 554 3392 624 τηρουμένου
3456 552 3586 617 τοὺς
3626 554 3725 625 τὴν

2138 643 2347 696 ἑαυτῶν
2382 644 2655 713 σωτηρίαν
2694 645 2761 714 τῇ
2804 643 3016 712 ὑψίστῳ
3065 644 3438 714 ἀναθεμένους
3467 646 3719 716 προνοίᾳ.

2139 733 2324 789 Ταῦτά
2358 752 2447 806 μοι
2480 734 2700 787 ἐπιόντα
2731 737 2811 798 είς
2832 733 2981 800 νοῦν,
3007 735 3217 805 μεγάλη
3242 735 3609 806 παράκλησις,
3630 738 3724 789 καὶ

2138 829 2237 897 τῆς
2270 829 2511 899 ἀθυμίας
2550 829 2853 898 ἀνάκτησις
2892 828 3129 895 γίνεται.
3163 828 3349 881 Ταῦτα
3391 831 3487 881 καὶ
3542 828 3722 897 ὑμεῖς,

2138 919 2305 972 τέκνα
2336 918 2466 989 ἐμὰ,
2490 917 2611 971 καθ’
2643 918 2873 980 ἑαυτοὺς
2901 915 3266 986 λογιζόμενοι,
3310 918 3360 967 εί
3391 914 3485 968 καὶ
3535 912 3722 983 βαρεῖς

2140 1012 2190 1064 οί
2229 1011 2572 1079 ἐπικείμενοι
2602 1009 2901 1079 πειρασμοὶ
2935 1008 3074 1079 μετὰ
3121 1008 3221 1077 τῆς
3254 1006 3541 1075 ἀμείνονος
3572 1005 3720 1060 ἐλπίς

2140 1103 2229 1165 δος
2275 1100 2605 1171 ὑψηλότερον
2660 1100 2721 1153 τὸ
2760 1100 3019 1171 φρόνημα
3045 1099 3142 1153 καὶ
3190 1101 3400 1167 πρέπον
3466 1099 3532 1168 τῇ
3566 1098 3719 1168 ὑμῶν

2142 1194 2503 1263 ἀρχιερατικῇ
2562 1190 2885 1261 τελειότητι·
2910 1190 3091 1260 πάσης
3132 1189 3497 1260 στενοχωρίας
3522 1189 3720 1262 φέρον-

2144 1302 2233 1346 τες
2260 1284 2553 1337 διατελεῖτε
2585 1300 2600 1315 ο
2647 1283 2905 1339 πλείστας
2940 1282 3139 1352 ἔχομεν
3199 1281 3572 1353 πληροφορίας
3625 1281 3724 1349 τῆς

2146 1371 2337 1441 θεῖκῆς
2362 1371 2723 1442 ἀντιλήψεως,
2758 1372 2853 1425 καὶ
2892 1370 3132 1424 πέποιθα
3177 1370 3253 1434 ῶς
3280 1370 3587 1440 παρόψεται
3625 1369 3726 1440 μὲν

2145 1460 2246 1522 τὰς
2295 1459 2434 1528 ἐμὰς
2474 1460 2774 1529 ἁμαρτίας,
2835 1460 3114 1531 διαρκέσει
3161 1460 3219 1513 δὲ
3272 1460 3437 1530 μέχρι
3484 1459 3725 1521 τέλουςό

2147 1550 2349 1620 ἀγαθὸς
2382 1551 2936 1622 ἀντιλαμϐανόμενος,
2974 1554 3069 1606 καὶ
3102 1553 3164 1605 οὑ
3210 1552 3457 1621 διατεμεί
3476 1551 3573 1622 τὴν
3603 1551 3727 1621 βοή·

2150 1643 2323 1699 θειαν.
2366 1644 2428 1696 Εἰ
2458 1644 2515 1697 δ’
2542 1645 2650 1714 ἄρα
2688 1645 3025 1716 δυσχεράνας
3052 1647 3175 1709 ταῖς
3216 1646 3376 1715 ἐμαῖς
3423 1644 3724 1715 ἁμαρτίαις

2154 1732 2354 1804 μικρὸν
2386 1732 2706 1798 ὑπενδῶσει,
2740 1734 2902 1803 τυχὸν
2951 1734 3075 1804 ἐμοὶ
3128 1734 3188 1787 τὸ
3223 1732 3467 1787 ἐκποδῶν
3512 1735 3723 1786 οἰκονο-

460 1834 578 1879 ctor
624 1827 859 1895 spiritu,
916 1837 1277 1896 nostramque
1333 1828 1584 1896 precibus
1642 1828 1841 1883 vestris
1888 1841 2041 1881 com-

2152 1827 2316 1895 μήσει
2346 1825 2621 1893 γενέσθαι,
2655 1825 2810 1896 ὑμῶν
2847 1826 2903 1879 δέ
2942 1826 3158 1888 πάντως
3186 1823 3544 1893 ἀντιλήψεται
3596 1841 3725 1876 συν-

461 1917 660 1972 tnendo
686 1918 1068 1973 humilitatem.

2150 1920 2317 1987 ήθως,
2350 1919 2446 1974 καὶ
2495 1918 2658 1985 δείξει
2691 1919 2817 1983 τοὺς
2841 1921 2933 1972 ἐπὶ
2962 1918 3272 1988 κακουργίᾳ
3320 1916 3726 1988 ῶφρυωμένους

462 2012 643 2083 πολλῷ
674 2013 834 2066 πλέον
869 2015 901 2084 ἢ
941 2015 1065 2067 ὅσον
1104 2014 1195 2066 ἐπὶ
1225 2013 1399 2084 ταύτῃ
1463 2012 1650 2077 ἔδοξαν
1676 2011 1934 2083 ήσθῆναι,
1976 2012 2071 2066 καὶ
2107 2012 2481 2084 λυπουμένους
2544 2011 3171 2083 καὶσκυθρωπάζοντας.
3216 2008 3560 2078 Ἀσπάζομαι
3582 2009 3727 2079 ὑμᾶς

463 2102 521 2154 ἐν
554 2101 766 2173 Κυρίῳ,
805 2104 901 2157 καὶ
925 2104 999 2167 ῶς
1031 2103 1220 2175 παρὼν
1251 2104 1350 2175 ήδη
1375 2102 1450 2174 τῷ
1474 2104 1691 2175 πνεὺμα
1713 2121 1755 2157 τι
1794 2104 2158 2175 περιφύομαι,
2201 2108 2295 2159 καὶ
2321 2105 2424 2175 τῆς
2457 2107 2616 2176 ήμῶν
2654 2105 2890 2160 δυσωπῶ
2947 2103 3352 2176 ὑπερεύχεσθαι
3408 2104 3733 2171 ταπεινότη-

468 2212 582 2258 τος.

627 2334 916 2390 CXXXIII.
952 2336 1111 2391 Petro
1143 2336 1434 2391 Alanorum
1466 2339 1878 2409 archiepiscopo.

535 2471 783 2526 Miser-ias
830 2488 969 2541 quas
999 2489 1065 2527 ex
1100 2473 1297 2529 litteris
1331 2474 1437 2529 tuis
1476 2474 1768 2529 didicimus
1793 2484 1847 2529 et
1869 2491 2050 2530 rerum

465 2575 642 2621 status
680 2567 774 2636 qui
832 2584 977 2623 nunc
1019 2578 1105 2624 est
1156 2569 1346 2625 dolore
1380 2570 1625 2625 animum
1679 2580 1928 2626 nostrum
1967 2571 2051 2625 af—

466 2656 731 2723 fecerunt,
782 2673 888 2711 non
946 2669 1127 2715 autem
1152 2662 1348 2717 solatio
1382 2662 1607 2717 omnino
1658 2663 1892 2732 rejecto;
1939 2674 2053 2719 ete-

450 2750 579 2815 ¹ιιὶιιι
632 2749 1015 2806 amictionibus
1081 2761 1135 2807 et
1199 2744 1645 2808 tribulationibus
1709 2770 1835 2824 spes
1886 2756 2056 2810 inter-

467 2841 635 2905 cedit,
676 2843 743 2897 ad
798 2842 1045 2897 intimam
1074 2844 1311 2898 animam
1364 2854 1613 2913 penetrat
1640 2854 1693 2898 et
1721 2846 1902 2900 verbis
1930 2863 2060 2901 sua-

470 2932 665 2984 sililms
718 2932 1073 2985 acerbitatem
1128 2933 1342 2985 adimit.
1402 2931 1603 2986 Rerum
1670 2948 1772 2988 nos
1830 2935 2054 3003 quidem

2318 2338 2462 2391 PA!"
2520 2337 2717 2406 Πέτρῳ
2751 2338 3204 2405 ἀρχιεπισκόπφ
3252 2336 3550 2404 'AJartac.

2220 2474 2301 2527 Τὰ
2336 2476 2434 2543 μὲν
2483 2474 2617 2527 ἀλλα
2648 2474 2743 2526 τοῦ
2790 2474 3139 2543 γράμματος,
3193 2473 3275 2525 δι’
3318 2468 3394 2525 ῶν
3432 2474 3557 2535 τοὺς
3605 2472 3727 2536 σοὺς

2150 2567 2240 2621 ἀνε
2252 2567 2595 2637 μανθάνομεν
2620 2566 2814 2627 πόνους
2829 2566 2921 2619 καὶ
2933 2564 3034 2634 τὴν
3047 2564 3153 2617 τῶν
3177 2565 3521 2634 πραγμάτων
3544 2581 3609 2617 πε
3619 2564 3731 2634 ρίσ-

2148 2674 2328 2722 τασιν,
2377 2656 2553 2727 λύπην
2612 2657 2710 2727 μὲν
2752 2657 2865 2718 τοῖς
2910 2656 3044 2709 ὠσὶν
3087 2656 3246 2725 ήμῶν
3292 2657 3527 2709 ἐνεποίει
3558 2671 3731 2725 προσο

2150 2750 2437 2813 πίπτοντα,
2485 2749 2624 2819 πλὴν
2657 2749 2754 2818 οὑχ
2791 2746 2933 2801 οὑτω
2967 2747 3219 2817 δριμεῖαν
3248 2746 3369 2801 οὑδέ
3400 2746 3725 2819 παρακλήσ⁴

2148 2859 2252 2903 sm;
2308 2841 2643 2911 ἀποροῦσαν,
2692 2841 2826 2894 διότι
2869 2840 3052 2911 πάσης
3110 2840 3202 2893 καὶ
3256 2838 3579 2907 δυσχερείας
3632 2838 3729 2890 καὶ

2155 2935 2388 3004 θλίψεως
2410 2933 2566 2993 ἐλπὶς
2611 2930 2980 3003 προλαϐοῦσα,
3041 2932 3135 2984 καὶ
3174 2925 3285 2983 οἷον
3336 2929 3731 2997 ἐγγυμνάσασα

470 3024 843 3078 conditionem
907 3023 972 3077 ad
1029 3039 1190 3093 quam
1229 3040 1259 3079 a
1301 3024 1507 3093 Spiritu
1542 3036 1735 3080 sancto
1764 3036 2048 3097 provectus

2156 3028 2257 3096 τὴν
2286 3025 2463 3096 ψυχήν
2495 3027 2563 3095 τῇ
2592 3023 2795 3092 ἑαυτῆς
2824 3022 3014 3094 ὁμιλία
3050 3022 3477 3092 προαφαιρεῖται
3506 3020 3570 3073 τδ
3597 3020 3731 3074 πολὺ

2082 3078 2128 3139 C

469 3131 552 3179 es,
586 3131 648 3169 ex
680 3117 845 3186 longo
880 3126 1125 3186 tempore
1164 3125 1348 3171 notam
1393 3118 1677 3185 habentes,
1705 3136 1806 3175 nec
1841 3119 2048 3175 facilem

2157 3121 2255 3189 τῆς
2287 3117 2612 3189 βαρύτητος,
2632 3114 2851 3169 ἐπειδὰν
2905 3112 3188 3184 καταλάϐῃ
3227 3112 3298 3165 τὰ
3339 3111 3597 3183 δυσχερῆ.
3624 3111 3735 3165 Καὶ

465 3208 779 3279 iudicamus
814 3224 917 3264 nec
963 3210 1244 3266 laboribus
1279 3210 1527 3265 liberam.
1572 3211 1645 3266 Ex
1682 3211 1881 3268 litteris
1919 3213 2057 3267 vidi-

471 3319 593 3357 mus
624 3304 737 3358 tuis
764 3319 887 3375 quae
922 3303 1018 3359 tibi
1052 3304 1391 3369 acciderunt,
1432 3304 1617 3374 ibique
1660 3305 1795 3359 nihil
1829 3322 2054 3376 perspe-

470 3394 650 3450 ximus
706 3396 1092 3465 improvisum,
1140 3394 1241 3449 etsi
1296 3395 1481 3449 tristes
1531 3399 1641 3449 sint
1684 3411 1805 3457 res;
1850 3396 2054 3451 malum

470 3499 650 3544 tamen
705 3488 867 3542 nobis
916 3487 1133 3541 videtur
1181 3487 1550 3551 tolerandum,
1602 3488 1731 3558 quia
1770 3487 2057 3543 habiturus

468 3596 532 3636 es
561 3581 1004 3634 retributionem.
1040 3578 1154 3634 Hoc
1191 3588 1372 3634 autem
1403 3578 1637 3634 dicimus
1670 3594 1777 3634 non
1828 3580 1894 3633 ad
1924 3595 2057 3649 prte-

473 3682 658 3727 sentes
694 3671 978 3726 molestias
1007 3662 1377 3741 denegandas.
1410 3670 1544 3725 Illud
1575 3687 1704 3727 vero
1732 3672 1887 3727 nobis
1915 3673 2058 3725 video

474 3775 562 3819 tur
596 3764 1022 3833 haudquaquam
1059 3766 1401 3819 tolerandum
1436 3773 1491 3819 et
1548 3764 1804 3819 letlialem
1842 3764 2056 3834 plagam

475 3854 691 3919 inflixit,
724 3856 870 3925 quod
901 3855 1231 3926 suspicaris,
1272 3867 1329 3910 ut
1375 3872 1472 3927 per
1504 3856 1711 3910 litteras
1733 3865 1855 3911 tuas
1901 3871 2056 3910 com-

476 3955 687 4016 pertum
716 3948 1004 4015 habemus,
1044 3952 1095 4003 te
1122 3949 1277 4018 quasi
1312 3964 1374 4003 ex
1408 3949 1572 4003 corde
1604 3958 1791 4002 nostro
1819 3948 2051 4019 ejectum

474 4054 619 4094 esse.
666 4038 800 4094 Illud
846 4056 1124 4111 nunquam
1162 4055 1228 4095 ne
1287 4040 1356 4094 ab
1404 4040 1642 4096 inimicis
1688 4040 1907 4111 quidem
1954 4055 2054 4095 nos

479 4132 763 4186 audituros
807 4148 927 4187 esse
981 4132 1393 4188 cenlidebamus
1447 4132 1647 4186 nedum
1720 4147 1748 4185 a
1792 4131 1915 4187 ﬁliis
1961 4140 2055 4186 aut

478 4226 696 4281 amicis!
766 4225 1055 4293 Quomodo
1097 4227 1242 4281 enim
1307 4226 1411 4280 nisi
1467 4226 1617 4293 prius
1670 4225 1767 4279 Dei
1853 4233 1908 4279 et
1954 4240 2054 4294 po-

477 4317 586 4385 puli
613 4318 806 4372 salutis
832 4318 1059 4385 oblitus,
1095 4318 1252 4387 cujus
1297 4325 1354 4371 tu
1381 4318 1713 4372 constitutus
1738 4330 1799 4371 es
1845 4318 1956 4370 dux
1995 4323 2051 4369 et

2158 3210 2321 3279 ἡμεῖς
2370 3205 2464 3261 οὖν
2500 3205 2813 3277 προειδότες
2858 3203 2957 3275 τὴν
2998 3204 3106 3257 τῶν
3160 3202 3505 3274 πραγμάτων
3568 3200 3740 3255 κατά-

2159 3317 2370 3366 στασιν,
2400 3298 2483 3368 ἐφ’
2510 3298 2577 3368 ἣν
2608 3298 2712 3350 ὑπὸ
2738 3296 2830 3349 τοῦ
2852 3296 3121 3364 παναγίου
3145 3294 3464 3365 Πνεῦματος
3487 3309 3739 3365 προεχει-

2159 3391 2467 3465 ρίσθης,ὼς
2488 3391 2589 3444 οὑκ
2615 3389 2858 3457 εὔλογος,
2911 3387 3032 3442 οὑδέ
3081 3387 3260 3440 πόνων
3318 3385 3737 3457 ἀπηλλαγμένη,

2156 3485 2252 3539 νῦν
2310 3482 2408 3537 τοῦ
2476 3482 2574 3535 σοῦ
2633 3483 2965 3552 γράμματος
3017 3478 3446 3547 ἀναγγέλλοντος
3499 3476 3570 3530 τά
3610 3477 3737 3546 ὑμῖν

2158 3576 2527 3639 συναντῶντα,
2587 3573 2647 3639 ἐξ
2680 3568 2756 3628 ὧν
2807 3573 2929 3626 οὑδέ
2964 3572 3098 3642 πρὶν
3155 3569 3485 3640 ἠγνοοῦμεν,
3545 3570 3593 3622 εί
3644 3568 3740 3622 καὶ

2156 3667 2460 3739 ἀνιώμεθα,
2486 3667 2627 3740 πλὴν
2663 3666 2724 3719 τὸ
2748 3666 2920 3729 πάθος
2941 3661 3180 3735 φορητὸν
3208 3662 3445 3733 μάλιστα
3470 3660 3566 3715 καὶ
3596 3661 3732 3731 πρὸς

2155 3763 2253 3826 τὰς
2289 3759 2610 3825 ἀντιδόσεις,
2635 3759 2711 3829 τῷ
2742 3755 2992 3827 λογισμῷ
3022 3754 3479 3825 ὑπερκύπτοντες
3512 3755 3609 3809 καὶ
3640 3754 3741 3825 τήν

2154 3854 2362 3907 ἐκεῖθεν
2392 3853 2716 3916 ἀπῧλαυσιν,
2748 3851 2871 3903 οὐδ’
2895 3851 3021 3903 ὅσον
3072 3851 3252 3903 είπείν
3285 3852 3414 3912 τοὺς
3462 3849 3744 3919 παρόντας

2155 3946 2619 4017 ἀποκρυπτοὺσας
2672 3943 3118 4006 πόνους.Ἐκείνο
3144 3940 3200 3996 δέ
3231 3942 3504 4011 ἀφόρητον
3541 3940 3742 4015 ἐδόκει,

2155 4042 2249 4094 καὶ
2281 4040 2380 4108 τήν
2412 4040 2629 4110 πληγήν
2665 4037 2891 4108 καιρίαν
2922 4036 3091 4090 ἔδωκε
3120 4036 3182 4089 τὸ
3209 4034 3439 4090 τοιαῦτα
3490 4034 3745 4102 ὑπολαμ-

2155 4132 2466 4195 6άνειν,καὶ
2489 4132 2566 4203 μὴ
2601 4131 2761 4201 μόνον
2781 4129 3237 4195 ὑπολαϐεῖν,ἀλλά
3253 4127 3348 4182 καὶ⁵
3372 4127 3620 4198 φανερὰν
3646 4124 3746 4194 τήν

2153 4225 2420 4293 ὑπόληψιν
2450 4224 2811 4293 καταστῆσαι,
2838 4222 2902 4275 δι’
2921 4218 2995 4275 ῶν
3023 4220 3289 4291 ἔγραψας,
3317 4219 3392 4283 ὡς
3419 4217 3750 4286 ἐκδέδλησαι

2150 4317 2249 4387 τῆς
2279 4315 2441 4387 ήμῶν
2472 4315 2722 4385 καρδίας,
2749 4316 2844 4368 καὶ
2874 4316 2906 4385 ή
2941 4314 3009 4383 σῆ
3043 4313 3289 4368 ἀπόλωλε
3326 4310 3537 4380 μνήμη.
3577 4308 3750 4363 Τοῦτο

475 4407 749 4474 salvator,
782 4409 1052 4463 secundus
1082 4417 1259 4462 tamen
1288 4422 1317 4461 a
1337 4408 1515 4476 primo
1550 4415 1736 4463 nostro
1765 4405 2048 4460 Salvatore

2160 4408 2281 4463 οὐδὲ
2330 4408 2438 4461 τῶν
2476 4406 2689 4478 ἐχθρῶν
2729 4406 2993 4473 λεγόντων
3037 4403 3269 4457 ἀκοῦσαι
3300 4402 3631 4472 ήλπίσαμεν,
3678 4391 3753 4472 μὴ

476 4505 532 4549 et
566 4496 696 4561 Deo,
721 4498 773 4551 in
805 4498 963 4553 istius
983 4499 1128 4552 modi
1168 4498 1537 4566 suspicionem
1572 4499 1870 4554 inciderit?
1919 4497 2048 4564 Quid

2169 4501 2252 4553 ὃτι
2289 4516 2353 4567 γε
2400 4499 2508 4553 τῶν
2550 4499 2757 4551 τέκνων
2805 4496 2837 4565 ἦ
2881 4495 2990 4548 τῶν
3036 4494 3211 4558 ἄλλως
3249 4491 3571 4563 φιλούντων.
3626 4493 3752 4554 Πῶς

478 4586 623 4639 enim
678 4588 931 4642 miserius
971 4590 1197 4658 cogitari
1232 4599 1408 4659 potest
1428 4606 1594 4660 quam
1630 4590 1848 4645 oblivisi
1887 4590 1980 4645 Dei
2012 4606 2042 4643 ε

2170 4588 2283 4660 γὰρ
2308 4590 2356 4642 εί
2406 4589 2481 4657 μή
2510 4588 2778 4658 πρότερον
2816 4583 2952 4639 Θεοῦ
2989 4586 3214 4657 μνήμης
3258 4583 3480 4655 ἔρημοι,
3524 4583 3623 4637 καὶ
3655 4582 3752 4650 τῆς

482 4676 766 4731 hominum
811 4679 1185 4735 conversionis
1213 4681 1279 4735 ad
1328 4681 1479 4735 illum
1542 4682 1636 4753 qui
1678 4696 1780 4737 nos
1813 4696 1843 4736 a
1879 4690 2048 4753 tyrant

2172 4682 2262 4734 τοῦ
2293 4680 2426 4734 λαοῦ
2466 4681 2763 4751 σωτηρίας,
2813 4672 2873 4733 οὗ
2922 4679 2987 4731 σὺ
3044 4678 3239 4746 ὁδηγδς
3282 4675 3597 4745 ἀπεστάλης
3660 4674 3755 4728 καὶ

485 4767 605 4821 nica
640 4778 907 4836 potestate
924 4770 1122 4825 diaboli
1155 4772 1397 4826 liberat?

2176 4773 2381 4843 σωτὴρ,
2420 4772 2559 4842 μετὰ.
2578 4788 2641 4840 γε
2669 4772 2760 4823 τὸν
2789 4769 3009 4841 πρῶτον
3032 4770 3190 4840 ήμῶν
3214 4769 3442 4839 Σωτῆρα
3474 4768 3571 4821 καὶ
3593 4766 3748 4828 Θεὸν,

479 4857 639 4911 τοῦτο
702 4859 891 4913 παθεῖν
948 4862 1096 4928 είκδς
1154 4864 1247 4918 τὸν
1304 4862 1662 4929 ὑπονοοῦντα,
1740 4864 1800 4929 ὃς
1848 4882 1933 4927 τις
1970 4861 2197 4938 δ’ἂνῇ
2254 4867 2281 4919 δ
2314 4864 2756 4934 ὑπολαμϐάνωνς
2825 4863 2950 4927 Πῶς
2999 4864 3149 4935 ήμᾶς
3198 4864 3298 4917 οὐκ
3354 4864 3434 4924 είς
3510 4861 3751 4931 ἐσχάτην

482 4949 688 5017 ἀπάγει
715 4954 1077 5024 κατηγορίαν,
1157 4958 1253 5011 καὶ
1305 4951 1373 5031 ἦς
1425 4958 1526 5011 οὐκ
1552 4959 1618 5013 ἀν
1667 4976 1753 5025 τις
1809 4958 1962 5032 εὖροι
2030 4961 2377 5034 βαρυτέραν;
2420 4961 2485 5013 Τί
2531 4959 2640 5029 γὰρ
2699 4957 3001 5032 βαρύτερον
3066 4956 3161 5012 τοῦ
3210 4959 3569 5029 ἀμνημονεῖν.
3616 4954 3748 5008 Θεοῦ

487 5047 579 5101 καὶ
607 5047 705 5115 τῆς
768 5047 1074 5120 ἀνθρώπων
1143 5054 1480 5126 ἐπιστροφῆς
1500 5056 1637 5128 πρὸς
1685 5056 1871 5124 αὑτὸν,
1906 5060 2120 5127 καὶτῆς
2159 5060 2222 5113 ἐκ
2256 5059 2347 5112 τοῦ
2377 5058 2626 5111 διαϐόλου
2664 5055 3005 5126 τυραννικῆς
3038 5055 3222 5126 χειρὸς
3261 5054 3639 5124 ἀνακλήσεως.

561 5141 743 5207 Vides,
790 5142 863 5196 mi
912 5143 1008 5209 Illi,
1058 5154 1266 5215 quanto
1309 5162 1546 5203 masrore
1579 5156 1688 5203 tuze
1728 5152 1923 5207 litterae
1950 5151 2048 5205 alii.

2258 5153 2444 5222 Ὁρᾷς,
2478 5152 2694 5213 τέκνον.
2725 5145 2812 5202 οἷα
2843 5148 3264 5218 κεκακωμένους
3293 5148 3442 5217 ήμᾶς
3492 5144 3588 5199 ἐπὶ
3618 5141 3754 5200 ειτᾶσι

487 5236 635 5289 ciant
670 5250 782 5305 prae
827 5236 1087 5292 omnibus
1130 5239 1291 5295 malis
1326 5241 1548 5308 quibus,
1585 5254 1935 5311 peccatorum
1971 5258 2048 5296 no

2174 5245 2287 5305 τοῖς
2317 5241 2405 5295 διὰ
2425 5310 2433 5319 ι
2456 5240 2558 5304 τάς
2592 5240 2870 5309 ἁμαρτίας
2910 5240 3069 5311 ήμῶν
3098 5237 3385 5308 συνέχουσι
3413 5234 3474 5289 τὸ
3523 5234 3615 5288 σὸν
3648 5233 3755 5287 διέ-

488 5338 726 5384 strorum
778 5343 966 5395 causa,
1010 5330 1453 5387 circumdamur?
1486 5334 1741 5389 Attamen
1775 5335 1823 5389 si
1854 5343 2048 5404 tempu:

2179 5335 2313 5405 θηκε
2336 5332 2615 5404 γράμμα;
2660 5332 2769 5385 Καί
2806 5349 2889 5384 τοι
2947 5333 3085 5401 πρὸς
3122 5330 3222 5399 τήν
3260 5327 3487 5397 πορείαν
3539 5325 3757 5379 στελλό-

492 5421 795 5477 recordaris
845 5422 991 5491 quod
1033 5423 1320 5479 nobiscum
1371 5436 1496 5479 ante
1539 5426 1643 5481 iter
1675 5436 1826 5481 tuum
1858 5435 2048 5482 transe

2181 5442 2365 5496 μενος,
2395 5427 2455 5478 ἐν
2482 5418 2563 5487 οἷς
2591 5421 2888 5486 κατέλιπες
2924 5423 3071 5492 ἡμᾶς
3115 5422 3215 5472 οὑκ
3246 5421 3362 5472 ἔστι
3406 5418 3755 5488 διανοηθῆναι

492 5509 642 5577 gisti,
674 5523 724 5567 te
760 5516 1021 5572 oblivioni
1074 5518 1261 5571 datum
1311 5532 1433 5572 esse
1482 5533 1761 5587 nunquam
1804 5519 2048 5573 invenies

2180 5518 2255 5581 ῶς
2281 5516 2622 5587 ἐπιλέλησαι.
2675 5514 2809 5568 Εῐτα
2868 5513 3184 5568 καταλιπὼν
3212 5512 3309 5565 ὅσα
3341 5529 3405 5577 γε
3431 5511 3501 5563 τὰ
3544 5508 3759 5579 ἀνθρὼ-

496 5600 695 5657 relictis
770 5606 1010 5661 humano
1087 5625 1236 5664 more
1310 5608 1539 5664 infernis
1606 5621 1659 5664 et
1715 5610 1795 5664 eis
1847 5611 1939 5679 qui
2004 5610 2048 5665 ib

2185 5625 2313 5661 πινα
2363 5606 2767 5676 παροικοῦντας
2796 5608 2853 5658 ἐν
2902 5603 2977 5673 τῷ
3014 5604 3135 5675 ᾅδῃ,
3201 5604 3401 5673 μᾶλλον
3439 5603 3493 5655 δέ
3526 5605 3622 5656 καὶ
3646 5602 3756 5653 τῶν

501 5691 741 5762 pejorem
796 5700 1163 5758 conditionem
1234 5702 1456 5757 habent.
1512 5703 1595 5756 Ab
1669 5702 1754 5757 his
1830 5717 2045 5758 recesse

2184 5702 2303 5753 ἐκεῖ
2358 5697 2766 5768 παροικούντων
2825 5694 3203 5765 χαλεπώτερον
3260 5694 3637 5765 διακειμένους
3692 5694 3753 5745 οὐ

500 5794 625 5841 runt
660 5785 882 5854 invidia,
916 5790 1114 5847 bellum
1177 5804 1229 5850 et
1271 5795 1479 5851 insidia:
1515 5794 1715 5862 quibus
1766 5810 1864 5851 nos
1924 5794 2047 5851 inde

2192 5794 2298 5862 γὰρ
2342 5792 2454 5843 ἔστι
2483 5787 2601 5841 κατ’
2634 5786 2815 5841 αὐτῶν
2841 5788 2868 5840 ὁ
2898 5786 3109 5856 φθόνος,
3145 5788 3200 5841 οὐ
3225 5787 3480 5857 πόλεμος,
3506 5784 3602 5838 οὑκ
3633 5784 3754 5837 επις
