4088 6208
354 299 465 363 353
1818 294 1942 355 EPI

2051 296 2229 356 DLAi.
3511 297 3619 360 354

342 409 506 483 ϐουλή
543 427 631 475 τις
663 410 1004 473 συνίσταται,
1044 409 1191 480 ἡμᾶς
1240 408 1295 462 δὲ
1336 407 1499 480 μέχρι
1524 407 1616 462 τοῦ
1650 406 1744 461 νῦν
1776 408 1927 460 ἀδια-

2051 408 2276 461 .inenter
2338 405 2649 476 afﬂigimur.
2717 404 2877 459 Tales
2950 416 3004 459 tu
3064 398 3319 477 tanquam
3364 410 3472 463 vita
3528 410 3623 463 de-

340 504 579 563 λείπτως
640 499 813 554 ταῦτα
868 499 1271 571 περιστοιχίζει
1310 515 1326 531 ο
1352 497 1526 562 οὕτως
1557 497 1649 551 οὖν
1700 499 1922 568 ἔχοντας

2051 500 2251 554 ‘unctos
2327 514 2579 553 accusas.
2642 500 2746 554 Sed
2809 508 2863 554 tu
2921 500 3104 570 pntius
3162 501 3502 555 accusandus
3569 514 3623 558 et

343 594 495 663 αίτιᾷ
532 591 609 655 ὡς
647 590 749 660 τῆς
774 590 954 661 ψυχῆς
992 589 1417 659 ἀπολείψαντας.
1448 590 1556 642 Καὶ
1584 588 1702 651 πῶς
1730 589 1829 640 οὐκ
1857 586 1922 641 ἄν

342 702 428 747 τις
478 684 538 736 σὲ
586 683 789 753 μᾶλλον
819 683 1131 737 αίτιάσεται
1190 682 1526 751 δικαιότερον
1557 681 1651 733 καὶ
1699 678 1925 733 τοιαῦτα

347 775 658 843 ἐγκαλέσει,
716 773 750 843 ἢ
823 775 884 826 τδ
953 769 1048 837 οὐς
1115 773 1374 842 ὑποσχεῖν
1428 770 1714 838 ἀξιώσειεν
1760 772 1929 838 ἐγκαο

349 867 582 933 λοῦντι,;
639 864 805 919 Ἀλλά
835 865 1011 920 ταῦτα
1062 864 1162 934 μὲν
1184 864 1305 918 οὐδὲ
1348 863 1445 933 τὴν
1473 863 1650 935 ἀρχὴν
1682 862 1929 933 ὑπολαμρ

352 958 535 1011 δάνειν
566 957 754 1027 ἐχρῆν,
789 956 823 1026 ἢ
854 956 1200 1010 καταστάντα
1231 958 1311 1019 είς
1335 954 1606 1025 ὑπόληψιν
1635 955 1927 1024 ἐπιστῆσαι

350 1049 497 1119 ὀρθῷ
521 1050 760 1111 διανοίας
778 1048 1046 1119 κριτηρίῳ
1071 1047 1163 1101 καὶ
1187 1046 1261 1108 ὡς
1290 1046 1628 1117 ψευδομένην
1657 1046 1927 1100 ἀπελάσαι

353 1144 462 1198 τῶν
528 1140 844 1212 λογισμῶν,
912 1139 1053 1195 ἀλλὰ
1109 1139 1185 1209 μὴ
1230 1139 1420 1209 μέχρις
1479 1140 1637 1209 ἡμῶν
1697 1138 1787 1192 διὰ
1821 1136 1930 1191 τῶν

354 1235 699 1307 γραμμάτων
729 1232 913 1287 δοῦναι
943 1230 1294 1295 καταλαϐεῖν,
1321 1232 1417 1285 καὶ
1447 1230 1565 1284 ἀνθ’
1599 1224 1667 1301 ἦς
1704 1229 1930 1299 ἐμέλλο-

360 1345 461 1398 μεν
528 1323 828 1381 ἀπολαύειν
875 1324 1072 1395 ἡδονῆς
1135 1322 1577 1393 ἐντυγχάνοντας
1630 1322 1813 1384 αὐτοῖς
1869 1320 1930 1373 οὐ

361 1420 525 1489 μόνον
558 1416 1006 1486 ἀποστερεῖσθαι,
1034 1414 1171 1469 ἀλλά
1218 1414 1317 1468 καὶ
1346 1415 1474 1467 ἀντ’
1510 1413 1729 1482 ἐκείνης
1779 1414 1933 1466 ἀνια-

344 1509 538 1579 θῆναι.
592 1509 770 1577 Ὅπερ
801 1507 910 1575 γάρ
937 1502 1089 1559 εἷπον
1126 1507 1185 1560 ἐν
1212 1506 1290 1576 τῷ
1312 1505 1390 1575 σῷ
1417 1505 1694 1576 προσώπῳ
1718 1519 1934 1557 συνεισ-

356 1599 663 1670 ερχομένης
712 1598 808 1652 καὶ
850 1598 1016 1668 ἄλλης
1049 1598 1355 1668 βαρυτέρας
1406 1596 1761 1667 κατηγορίας,
1792 1595 1939 1664 ἀμή-

358 1708 524 1761 χανον
587 1691 664 1761 μὴ
694 1689 817 1760 οὐχὶ
845 1690 967 1742 λίαν
1023 1691 1175 1760 ἡμᾶς
1240 1687 1520 1743 ἀνιᾶσθαιο
1592 1688 1726 1740 ἀλλά
1780 1686 1939 1739 τοῦτο

2030 605 2140 642 non
2187 587 2492 644 audiendus
2540 605 2597 645 es
2635 592 2947 646 hominibus
2980 594 3072 661 qui
3125 600 3174 643 te
3233 591 3457 645 minime
3498 608 3616 660 pro

2028 679 2255 734 habunt.
2315 680 2661 750 Principatus
2706 683 2802 736 tibi
2871 698 2980 736 non
3040 691 3158 736 erat
3214 682 3622 750 suscipiendus.

2028 779 2124 824 aut
2210 772 2593 842 suscipiendus
2669 788 2793 827 cum
2866 784 3014 827 recto
3074 773 3322 842 judicio,
3392 774 3627 828 debebas

2029 862 2195 917 falsa
2241 864 2440 917 mentis
2504 865 2847 933 suspiciones
2903 874 2959 919 et
3030 865 3369 931 sophismata
3441 865 3630 934 repel-

2032 954 2174 1018 lere;
2236 952 2484 1023 profecto
2534 955 2817 1009 scribenda
2865 956 2988 1010 tali-a
3041 956 3197 1009 nobis
3256 972 3367 1011 non
3435 968 3623 1011 erant:

2030 1045 2299 1114 quasdam
2314 1062 2379 1101 ex
2398 1054 2447 1100 te
2469 1047 2845 1117 percipiendas
2868 1048 2986 1102 fore
3001 1049 3390 1103 delectationes
3408 1052 3627 1118 putavi-

2032 1151 2156 1191 mus
2176 1144 2231 1191 et
2252 1152 2360 1191 non
2378 1137 2553 1192 solum
2576 1139 2965 1194 delectationes
2985 1139 3301 1194 defecerunt
3317 1179 3332 1204 ,
3356 1141 3447 1194 sed
3463 1149 3515 1192 et
3529 1146 3628 1195 tr-

2032 1228 2183 1282 dium
2215 1232 2550 1298 supervenit.
2571 1229 2682 1285 Hac
2704 1240 2895 1285 contra
2929 1240 2980 1286 te
3015 1232 3369 1286 accusatione
3417 1234 3625 1297 audita,

2032 1334 2140 1389 qua
2177 1320 2389 1389 gravior
2442 1321 2589 1375 nulla
2613 1337 2734 1376 esse
2755 1331 2955 1391 potest,
2998 1323 3361 1390 nosmetipsos
3403 1338 3431 1375 a
3466 1325 3627 1377 taedio
3701 1337 3713 1346 '

2035 1412 2295 1466 cohibere
2344 1427 2453 1466 non
2500 1415 2798 1482 potuimus.
2833 1412 2938 1469 Sed
2972 1416 3086 1469 haec
3122 1414 3329 1469 dixisse
3364 1414 3625 1469 sufficiat.

2038 1502 2096 1556 Si
2120 1502 2275 1570 cujus
2305 1504 2448 1557 enim
2483 1507 2829 1570 memoriam,
2865 1507 3289 1575 haudquaquam
3359 1516 3522 1567 tuam.
3559 1522 3627 1560 ex

2039 1595 2221 1648 anima
2253 1596 2523 1663 expellere
2563 1596 2827 1663 valemus,
2864 1599 2991 1666 quia
3014 1598 3079 1651 ad
3113 1613 3307 1652 novam
3342 1599 3395 1651 in
3427 1597 3628 1665 pietate

2044 1688 2435 1743 instituendam
2477 1700 2689 1757 gentem
2722 1693 2923 1746 missus
2950 1707 3008 1746 es
3036 1701 3090 1746 et
3122 1693 3175 1745 iu
3209 1692 3366 1761 cujus
3393 1692 3624 1761 gratiam

365 1781 563 1851 μηκέτι
598 1780 730 1851 μήθ’
784 1780 1162 1850 ὑπολάμϐανε,
1228 1781 1364 1851 μήτε
1431 1779 1634 1850 γράφε.
1671 1778 1783 1848 Τὴν
1828 1779 1937 1845 γάρ

2051 1776 2329 1833 confectus
2362 1793 2421 1834 es
2455 1780 2959 1847 sollicitudinibus;
3016 1798 3116 1836 nos
3159 1792 3343 1835 autem
3387 1783 3441 1836 in
3480 1782 3625 1835 votis

364 1874 497 1943 περὶ
533 1873 627 1925 σοῦ
663 1874 888 1943 μνήμην
918 1872 1079 1943 εἴπερ
1128 1872 1273 1935 τινὸς
1310 1872 1412 1924 οὐκ
1454 1872 1602 1923 ἐστιν
1632 1871 1783 1929 ὅπως
1840 1865 1941 1936 τῆς

363 1961 542 2031 ψυχῆς
594 1960 966 2030 ἐξωθήσομεν,
1012 1960 1109 2013 καὶ
1153 1960 1202 2012 εἰ
1249 1959 1324 2030 μὴ
1384 1958 1452 2010 δι’
1491 1958 1699 2027 ἕτερον,
1748 1954 1836 2007 διά
1879 1968 1942 2021 γε

362 2053 462 2122 τὴν
503 2051 600 2105 τοῦ
644 2052 938 2122 νεοκλήτου
987 2053 1126 2122 πρὸς
1159 2051 1259 2122 τὴν
1292 2049 1577 2103 εὐσέϐειαν
1609 2048 1820 2111 ἔθνους,
1848 2046 1943 2098 καὶ

365 2142 466 2214 τὴν
497 2144 626 2213 περὶ
680 2142 873 2196 τούτου
910 2144 1240 2213 συνέχουσαν
1274 2143 1568 2214 μέριμναν,
1607 2141 1704 2194 καὶ
1736 2139 1834 2211 τὴν
1863 2140 1944 2201 είς

363 2234 649 2287 τελείωσιν
694 2233 898 2300 ἐξιέναι
932 2233 993 2286 τὸ
1028 2233 1120 2286 σὸν
1167 2233 1331 2305 ἔργον
1358 2232 1652 2301 ἐπιθυμίαν
1689 2230 1816 2284 ίδεῖν
1844 2229 1943 2299 τῆς

366 2324 555 2395 θεῖκῆς
602 2323 1215 2395 συνεπιλαμὸανομένης
1244 2324 1493 2386 εὐδοκίας
1540 2321 1636 2375 καὶ
1682 2322 1939 2391 συμπρά-

366 2417 526 2484 ξέως.
582 2418 645 2469 El
690 2417 748 2470 δ’
776 2418 859 2470 ὅτι
911 2417 986 2487 μὴ
1030 2417 1337 2487 γράμματα
1365 2415 1493 2485 ἥκει
1523 2413 1659 2485 πρὸς
1712 2414 1772 2467 σὲ
1802 2412 1947 2484 παρ’

365 2508 547 2577 ἡμῶν,
580 2508 827 2573 τοιοῦτος
849 2509 1107 2579 λογισμὸς
1135 2506 1538 2579 ἐπεισέρχεται,
1569 2505 1785 2568 πρῶτον
1804 2507 1948 2557 ἐκεῖ·

368 2598 428 2649 νό
483 2612 543 2648 σε
594 2597 921 2650 διανοεῖσθαι
967 2596 1110 2662 δέον,
1163 2597 1245 2648 ὅτι
1294 2596 1404 2648 τῶν
1461 2593 1796 2664 κομιζόντων
1851 2592 1951 2646 οὐκ

2045 1869 2314 1924 habemus
2345 1879 2403 1923 ut
2436 1885 2576 1939 opus
2609 1882 2762 1925 tuum
2792 1872 3126 1940 perficiatur,
3168 1873 3468 1942 divinoque
3504 1887 3628 1941 per-

2042 1960 2254 2014 fruatur
2308 1959 2497 2014 favore
2538 1970 2593 2015 et
2639 1964 2866 2018 auxilio.
2917 1963 2972 2017 Si
3018 1978 3183 2033 porro
3217 1962 3379 2016 nulla:
3411 1978 3439 2014 a
3471 1963 3628 2016 nobis

2043 2051 2109 2104 ad
2155 2062 2207 2106 te
2239 2053 2528 2108 mittentur
2559 2054 2773 2119 litteraa,
2821 2055 2960 2109 scito
3002 2058 3240 2124 primum
3274 2071 3376 2109 nos
3402 2054 3630 2109 tabella-

2044 2139 2141 2192 riis
2185 2154 2291 2193 non
2341 2140 2641 2195 abundare.
2694 2140 2753 2195 In
2808 2143 2893 2197 his
2948 2146 3097 2199 enim
3147 2145 3384 2198 vivimus
3441 2158 3630 2218 rerum

2047 2230 2341 2300 angustiis,
2396 2240 2457 2285 ut
2506 2232 2727 2301 plurimi
2783 2234 2927 2288 inter
2970 2234 3223 2289 [nomines
3272 2243 3515 2289 metuant
3560 2250 3632 2288 ne

2053 2335 2155 2375 nos
2207 2322 2402 2377 obvios
2458 2322 2714 2379 habeant.
2790 2324 2992 2380 Deinde
3047 2335 3103 2379 et
3128 2325 3264 2379 illud
3315 2324 3627 2388 considera,

2050 2412 2192 2482 quod
2208 2412 2252 2466 si
2283 2413 2577 2468 scribimus
2599 2414 2652 2468 id
2680 2415 2888 2484 nonjest
2908 2416 3025 2470 sine
3046 2417 3319 2487 periculo,
3354 2432 3419 2470 ne
3445 2415 3631 2470 forsan

2054 2504 2192 2560 alios
2224 2507 2290 2559 ad
2347 2521 2583 2575 pugnam
2664 2507 2959 2563 incitantes
3044 2518 3244 2563 nostra:
3280 2522 3373 2562 eos
3440 2506 3636 2576 culpa»

2057 2596 2349 2666 participes
2375 2596 2686 2651 reddamus.

367 2690 851 2762 οὐποροῦμεν.Ἐν
913 2689 1144 2765 τοιαύτῃ
1206 2690 1317 2760 γάρ
1344 2690 1512 2757 ἐσμεν
1576 2686 1930 2754 καταστάσει,
1980 2689 2121 2744 ὥστε
2185 2692 2313 2755 τοὺς
2362 2690 2650 2755 πλείστους
2710 2692 2803 2745 καὶ
2863 2693 3094 2747 δεδιέναι
3151 2693 3284 2764 ἡμῖν
3344 2694 3632 2761 συναντᾷν.

373 2785 607 2839 Ἔπειτα
643 2782 1047 2856 προσενθυμοῦ,
1112 2783 1207 2836 καὶ
1235 2782 1318 2835 ὅτι
1354 2781 1465 2834 οὐδ’
1495 2782 1629 2852 ἡμῖν
1684 2781 1839 2847 ἀδεὲς
1886 2782 1947 2835 τὸ
2004 2785 2256 2853 γράφειν,
2298 2784 2512 2857 μήποτε
2553 2785 2642 2838 διὰ
2673 2786 2774 2849 τὰς
2809 2786 3082 2858 ἁμαρτίας
3105 2786 3263 2856 ἡμῶν
3288 2789 3337 2840 οί
3368 2789 3639 2842 συσκευά-

371 2877 487 2941 ζειν
538 2878 931 2949 ἀγωνιζόμενοι
956 2873 1403 2945 προσλήψωνται,
1471 2872 1547 2936 ὡς
1584 2873 1685 2926 οὐκ
1720 2872 1787 2925 ἄν
1851 2874 2011 2944 ἡμεῖς
2033 2875 2309 2945 οίηθῶμεν
2349 2875 2643 2929 κάντεῦθεν
2671 2878 2748 2941 είς
2802 2878 2865 2930 τό
2883 2893 2936 2932 τι
2964 2877 3405 2945 κατεργάσασθαι
3438 2880 3636 2950 ῥοπήν.

456 2971 644 3042 Ἀρκεῖ
673 2969 870 3023 ταῦτα·
899 2970 1059 3022 τοῦτο
1108 2970 1165 3021 δὲ
1229 2973 1390 3037 μόνον
1448 2967 1809 3037 προστίθημι·
1860 2968 1950 3020 τὸν

2134 2968 2260 3024 lfaac
2306 2971 2602 3025 sufficiunt.
2661 2971 2720 3024 Id
2783 2972 2961 3025 solum
3007 2973 3203 3027 addam
3252 2990 3264 3025 :
3314 2973 3457 3041 quod
3519 2975 3639 3041 pul-

372 3063 540 3116 καλὸν
570 3062 759 3131 ἀγῶνα
791 3063 887 3115 καὶ
926 3062 1075 3114 θείαν
1099 3060 1405 3130 ὑπηρεσίαν
1457 3059 1535 3120 είς
1570 3059 1635 3129 ἣν
1667 3060 1761 3111 καὶ
1788 3059 1950 3128 ὲκλή-

2060 3059 2252 3114 chrum
2305 3060 2596 3128 suscepisti
2667 3069 2943 3116 certamen
3015 3073 3068 3116 et
3136 3063 3381 3117 divinum
3469 3064 3640 3119 serti-

374 3155 474 3226 θης
496 3155 601 3207 ὑπὸ
622 3155 722 3224 τῆς
752 3155 975 3224 χάριτος
1003 3153 1213 3222 ταύτην
1234 3152 1645 3221 δυναμούμενος
1665 3150 1769 3203 ὑπὸ
1790 3150 1948 3216 Θεοῦ,

2056 3153 2191 3205 tium
2240 3151 2512 3219 perficias,
2544 3150 2613 3203 uti
2650 3152 2748 3216 fili,
2802 3154 2975 3221 gratia
3034 3153 3128 3208 Dei
3156 3170 3262 3223 qua
3324 3165 3545 3209 vocatus
3585 3166 3640 3209 et

372 3250 567 3303 τέκνον
618 3264 721 3316 μου
796 3246 962 3316 ίερὸν,
1018 3244 1291 3314 ἀγωνίζου
1355 3243 1797 3315 πληροφορῆσαι,
1861 3244 1957 3296 καὶ⁵

374 3342 507 3411 περὶ,
554 3320 813 3411 ἡμῶνᾶν
874 3354 935 3389 τε
966 3338 1093 3407 ἣκει
1122 3338 1448 3407 γράμματα,
1482 3336 1549 3390 ἄν
1606 3352 1667 3389 τε
1724 3337 1818 3388 καὶ
1856 3335 1953 3406 μὴ,

378 3434 549 3504 μηδὲν
614 3430 983 3501 ὐποπτεύσῃς’
1044 3430 1172 3484 ἀλλ’
1225 3429 1317 3481 ἔσο
1392 3428 1487 3482 τοῦ
1528 3431 1746 3498 φρονεῖν
1785 3428 1957 3490 οὕτως

376 3527 799 3597 ἀμετάπτωτος,
843 3525 927 3577 ὅτι
963 3520 1125 3575 πλέον
1179 3522 1289 3575 των
1330 3521 1626 3592 ὁρωμένων
1668 3522 1725 3573 ἐν
1759 3518 1958 3587 ὀφθαλ-

380 3621 503 3690 μοῖς
539 3617 700 3688 ἡμῶν
734 3616 831 3670 καὶ
866 3614 1228 3686 μεριμνῶμεν
1265 3614 1397 3682 περὶ⁵
1429 3612 1522 3665 σοῦ
1567 3613 1662 3664 καὶ
1683 3608 1958 3680 εὐχόμεθα

380 3711 459 3781 μὴ
507 3709 813 3762 ἐπιλείπειν
851 3726 910 3761 σε
960 3709 1062 3779 τὴν
1098 3704 1414 3773 ἀγαθοδότιν
1443 3704 1753 3772 εὐμένειαν,
1824 3700 1959 3771 μηδὲ

377 3803 479 3873 τὴν
516 3803 615 3873 σὴν
647 3801 832 3870 βιοτὴν
864 3799 960 3852 καὶ
999 3800 1067 3851 τὰ
1100 3798 1426 3867 πράγματα.
1457 3794 1593 3865 Περὶ
1621 3794 1678 3846 δέ
1711 3792 1804 3846 τοῦ
1827 3793 1959 3845 ἀθέ-

382 3914 526 3965 σμου
560 3896 767 3965 γάμου,
806 3896 853 3946 εί
889 3894 991 3965 μὲν
1024 3888 1139 3945 οἶόν
1185 3908 1268 3956 τε,
1326 3889 1647 3959 παραινέσει
1683 3888 1778 3940 καὶ
1815 3885 1962 3939 διδα-

381 3991 583 4062 σκαλίᾳ
608 3990 769 4043 λῦσαι
796 3990 896 4060 τὴν
928 3988 1217 4056 συζυγίαν,
1263 3988 1409 4040 πᾶσα
1448 3984 1567 4053 Θεῷ
1592 3984 1775 4053 χάρις.
1809 3982 1872 4036 El
1905 3980 1964 4033 δ’

382 4085 689 4139 ἀντιδιιίνοι
720 4083 818 4137 τοῦ
858 4083 1186 4154 πράγματος
1226 4081 1259 4149 ἡ
1293 4079 1543 4148 δύναμις,
1587 4078 1725 4138 τέως
1762 4074 1962 4145 μηκέτι

384 4179 720 4249 προκόπτειν
748 4177 808 4229 τὸ
846 4176 1041 4241 κακὸν,
1072 4173 1213 4245 μηδ’
1249 4172 1357 4224 ἀπὸ
1391 4169 1489 4222 τοῦ
1522 4167 1619 4221 νῦν
1648 4166 1962 4235 ἐπιτρέψειν

384 4271 655 4330 τοιούτοις
700 4269 903 4339 γάμοις
944 4261 1422 4335 καταμολύνεσθαι
1455 4260 1518 4313 τὸ
1570 4258 1751 4326 γένος.
1797 4255 1967 4309 Τοῦτο

386 4364 443 4416 δὲ
475 4362 707 4434 πράξεις
744 4361 987 4430 συνήθως
1030 4357 1110 4429 τῷ
1144 4374 1204 4410 τε
1229 4355 1457 4427 ἡγεμόνι
1487 4351 1582 4405 τοῦ
1608 4351 1797 4414 ἔθνους
1832 4351 1967 4404 ὑπο·

384 4452 670 4522 τιθέμενος
715 4450 809 4505 καὶ
826 4448 904 4519 τῷ
929 4447 1108 4519 ἀνδρὶ,
1141 4439 1185 4513 ᾧ
1206 4443 1571 4514 συγχωρεῖται
1616 4438 1676 4492 τὸ
1698 4444 1968 4493 συνοικεῖν

2057 3243 2447 3297 confortandus
2461 3257 2521 3297 es
2544 3259 2559 3310 ;
2582 3243 2647 3297 de
2675 3244 2834 3298 nobis
2865 3252 3047 3299 autem
3073 3255 3165 3298 aut
3184 3246 3518 3301 mittentibus
3549 3248 3638 3300 lit-

2058 3345 2201 3389 teras
2247 3347 2342 3389 aut
2381 3350 2493 3388 non
2564 3336 2911 3389 mittentibus
2973 3336 3108 3389 nihil
3148 3351 3339 3402 cures;
3388 3338 3481 3391 sed
3520 3353 3641 3406 per-

2058 3442 2283 3483 suasum
2327 3427 2529 3482 habeas
2589 3437 2639 3481 te
2682 3427 3108 3494 cogitationibus
3146 3427 3282 3482 meis
3313 3439 3636 3497 praesentem

2057 3534 2199 3573 esse.
2233 3518 2481 3588 Magnam
2529 3534 2660 3573 sane
2706 3519 2773 3572 de
2824 3528 2874 3573 te
2908 3519 3331 3573 sollicitudinem
3370 3521 3639 3573 habemus

2058 3621 2115 3665 et
2143 3621 2438 3680 precamur
2466 3627 2533 3664 ne
2564 3625 2846 3680 unquama
2887 3610 3121 3664 Numine
3145 3610 3639 3665 beneficentissimo

2060 3700 2399 3765 destituaris,
2452 3701 2505 3753 in
2566 3700 2687 3754 vitae
2732 3700 2987 3770 negotiis.
3037 3698 3194 3765 Quod
3242 3702 3307 3755 ad
3355 3700 3639 3770 illegitima

2061 3792 2334 3847 connubia
2386 3793 2643 3861 pertinet,
2697 3792 2740 3846 si
2793 3792 3197 3847 hortatiouibus
3251 3801 3304 3847 et
3356 3794 3639 3862 praeceptis

2064 3884 2405 3938 cohabitatio
2445 3885 2584 3937 solvi
2622 3894 2823 3954 potest,
2870 3883 2979 3937 Deo
3014 3884 3310 3939 referendae
3341 3886 3558 3953 gratiae;
3591 3885 3640 3939 si

2062 3976 2353 4032 difficultas
2387 3975 2688 4040 obstiterit,
2730 3976 2834 4030 hoc
2876 3975 3068 4030 saltem
3099 3976 3303 4029 efﬁcias
3336 3990 3405 4029 ne
3434 3977 3638 4028 tnalum

2063 4069 2447 4138 pregrediatur
2495 4078 2550 4121 et
2594 4069 2648 4122 in
2703 4076 2984 4136 posterum
3045 4066 3315 4135 ejusmodi
3367 4068 3641 4135 conjugiis

2067 4159 2322 4215 homines
2372 4157 2667 4228 procedere
2727 4173 2795 4211 ne
2846 4156 3141 4211 concedas.
3189 4154 3264 4209 fta
3316 4158 3643 4211 assentieris

2066 4254 2193 4308 duci
2250 4253 2426 4323 gentis
2477 4261 2532 4307 et
2580 4252 2699 4304 viro
2749 4249 2839 4303 cui
2891 4250 3018 4303 licet
3075 4248 3269 4301 initum
3319 4248 3644 4302 continuare

2067 4347 2458 4401 commercium
2507 4358 2614 4398 non
2668 4342 2990 4398 contraibis.
3041 4340 3169 4395 Vale
3206 4340 3262 4394 iu
3289 4339 3538 4407 Domino,
3590 4347 3648 4393 et

2071 4448 2272 4494 nostra:
2299 4436 2623 4490 humilitatis
2655 4444 2948 4488 memento.

386 4548 473 4600 διὰ
507 4547 607 4617 τὴν
638 4546 740 4616 ήδη
810 4543 1092 4613 φθάσασαν
1164 4541 1409 4611 σύναψιν.
1442 4539 1693 4610 Ἐρρωσο
1718 4543 1774 4592 ἐν
1798 4540 2008 4610 Κυρίῳ,
2048 4536 2150 4606 τῆς
2174 4534 2334 4605 ἡμῶν
2367 4531 2715 4604 μεμνημένος
2756 4528 3144 4600 μετριότητος.

937 4746 1102 4804 ΡΛΔ’.
1144 4745 1229 4811 Τῷ
1265 4744 1445 4810 αὐτῷ.

478 4907 540 4962 'fl
576 4907 866 4979 σωματικὴ
889 4907 1172 4968 διάστασις
1216 4904 1327 4959 τῶν
1381 4903 1678 4975 ὴνωμένων
1726 4901 1868 4956 κατά
1908 4902 1971 4955 τὸ

393 5002 615 5073 πνεῦμα
648 5000 801 5055 οὐδὲν
841 4999 1322 5070 ὑποτέμνεταιτὴν
1358 4995 1652 5065 ἐγγύτητα.
1700 4996 1854 5047 Ἐπεὶ
1876 4992 1970 5046 οὐν

391 5096 567 5158 οὑτως
590 5096 731 5166 ἔχει,
763 5094 957 5149 τέκνον
988 5094 1167 5165 ἡμῶν,
1200 5092 1366 5161 μηδὲν
1391 5089 1551 5155 ἀνιῶ,
1573 5088 1708 5141 διότι
1745 5086 1820 5157 μὴ
1858 5088 1972 5151 τοῖς

397 5190 734 5259 σωματικοῖς
762 5184 1065 5255 ὀφθαλμοῖς
1096 5184 1187 5238 τὸν
1220 5184 1439 5253 Πατέρα
1465 5182 1618 5253 ὁρᾷς*
1649 5179 1778 5232 ἀλλ’
1810 5177 1972 5239 εἰδὼς

402 5283 594 5353 μηδενὶ
626 5282 780 5351 μέσῳ
808 5277 1278 5347 διατειχιζομένην
1305 5276 1405 5343 τὴν
1446 5273 1639 5328 Ξνωσιν
1687 5270 1798 5324 τῶν
1827 5271 1970 5341 ἡνω-

405 5378 581 5445 μένων
603 5374 683 5443 τῷ
709 5373 853 5426 κατά
879 5370 1118 5440 Χριστὸν
1147 5367 1477 5438 φρονήματι,
1499 5365 1560 5419 τὸ
1596 5368 1694 5434 μὲν
1715 5364 1971 5434 ἀθυμεῖν,

403 5471 497 5539 τῆς
535 5469 598 5523 δὲ
630 5470 729 5539 σῆς
766 5468 1133 5536 εὐθυμότερον
1185 5462 1324 5533 μετὰ
1353 5461 1453 5531 τῆς
1499 5459 1768 5526 παναγίου
1802 5455 1974 5510 [ινεύ-

1999 4659 2045 4715 D

2590 4731 2876 4791 CXXXIV.
2910 4731 3119 4787 Eidem.

2141 4901 2289 4967 Quos
2329 4896 2612 4967 conjungit
2642 4895 2892 4965 spiritus,
2943 4906 3051 4945 non
3104 4896 3321 4958 separat
3358 4901 3646 4957 corporum

2070 4991 2347 5049 distantia.
2390 4988 2515 5043 Haec
2556 5003 2681 5041 cum
2734 4988 2808 5040 ita
2858 4984 2989 5048 sint,
3036 4998 3104 5037 ne
3155 4996 3297 5051 aegre
3345 4981 3513 5043 feras,
3568 4980 3642 5032 fili

2070 5086 2169 5151 mi,
2222 5083 2367 5154 quod
2418 5080 2804 5151 corporalibus
2835 5077 3012 5133 oculis
3043 5091 3153 5131 non
3185 5074 3371 5129 videas
3402 5070 3648 5128 Patrem:

2071 5176 2166 5231 sed
2198 5174 2339 5230 scito
2373 5172 2539 5228 nullis
2573 5170 2916 5226 intermediis
2961 5166 3240 5223 mugitibus
3284 5163 3546 5217 unitatem
3585 5161 3645 5213 if—

2074 5268 2254 5323 lorum
2303 5264 2643 5333 disjunctum
2702 5262 2767 5316 iri
2818 5273 2959 5329 quos
3009 5255 3313 5313 secundum
3368 5251 3648 5305 Christum

2079 5360 2294 5416 affectio
2319 5360 2457 5414 unit.
2494 5356 2605 5412 Nec
2636 5365 2815 5410 tamen
2848 5354 3092 5407 animum
3132 5345 3495 5416 despondeas,
3538 5344 3650 5397 imo

2081 5452 2399 5515 ferventius,
2419 5448 2657 5518 Spiritus
2694 5449 2870 5502 sancti
2909 5444 3083 5514 gratia
3115 5444 3469 5507 cooperante,
3496 5446 3648 5489 tuum

408 5527 573 5631 ματος
622 5527 917 5632 συνεργίας
984 5527 1210 5626 ἀντέχου
1264 5527 1560 5617 διακονίας,
1623 5551 1689 5602 δι’
1755 5544 1825 5623 ἦς
1882 5566 1950 5602 κα

2075 5544 2377 5612 adimpleas
2438 5541 2831 5595 ministerium.
2885 5536 2960 5589 Ita
3010 5529 3331 5597 tibimetipsi
3385 5535 3440 5583 et
3495 5527 3652 5583 nobis

408 5654 617 5724 σεαυτῴ
657 5655 755 5706 καὶ
786 5654 921 5721 ἡμῖν
944 5652 1056 5712 τοῖς
1088 5648 1363 5707 ταπεινοῖς
1391 5642 1635 5714 μεγάλην
1654 5640 1977 5711 ἐμποιήσεις

2078 5636 2377 5690 humilibus
2405 5648 2666 5703 magnum
2699 5625 3046 5698 comparabis
3091 5623 3372 5694 gaudium,
3423 5634 3525 5675 nec
3564 5621 3651 5673 vi-

404 5748 500 5819 τὴν
524 5722 747 5818 ἡδονὴν,
778 5747 872 5797 καὶ
898 5744 956 5796 οὐ
993 5742 1151 5812 μόνον
1182 5739 1289 5791 τῶν
1338 5735 1737 5805 συμπαρόντων
1756 5731 1950 5783 ἕλαττο

2078 5728 2295 5783 deberis
2337 5727 2603 5779 minorem
2647 5732 2835 5776 tenere
2900 5725 3111 5788 partem
3162 5728 3327 5785 quam
3381 5722 3650 5774 astantes,

408 5810 559 5915 ἕλξων.
576 5810 919 5913 ἀναφανήσῃ,
956 5810 1092 5891 ἀλλά
1124 5834 1218 5888 καὶ
1243 5829 1422 5901 πολλῷ
1454 5827 1614 5882 πλέον
1634 5822 1946 5897 ψυχαγωγῶ

2082 5820 2192 5876 imo
2224 5819 2396 5876 multo
2429 5817 2715 5888 majorem,
2736 5812 2939 5883 quippe
2963 5810 3059 5883 qui
3096 5819 3338 5867 nostram
3368 5814 3652 5862 erectum:
