  <div class='ocr_page' id='page_1' title='image "/cluster/home/n/w/nwhite01/storage/ocr_20150623/111/hvd.32044073502288/199.png"; bbox 0 0 4088 6208; ppageno 0'>
   <div class='ocr_carea' id='block_1_1' title="bbox 525 308 630 371">
    <p class='ocr_par' dir='ltr' id='par_1_1' title="bbox 525 308 630 371">
     <span class='ocr_line' id='line_1_1' title="bbox 525 308 630 371; baseline -0.01 0"><span class='ocrx_word' id='word_1_1' title='bbox 525 308 630 371; x_wconf 87' lang='grc'><strong>355</strong></span> 
     </span>
    </p>
   </div>
   <div class='ocr_carea' id='block_1_2' title="bbox 1623 303 2675 401">
    <p class='ocr_par' dir='ltr' id='par_1_2' title="bbox 1623 303 2675 401">
     <span class='ocr_line' id='line_1_2' title="bbox 1623 303 2675 401; baseline -0.004 -34"><span class='ocrx_word' id='word_1_2' title='bbox 1623 305 1934 368; x_wconf 85' lang='lat' dir='ltr'><strong>NICOLAI</strong></span> <span class='ocrx_word' id='word_1_3' title='bbox 1973 305 2084 365; x_wconf 91' lang='lat' dir='ltr'><strong>CP.</strong></span> <span class='ocrx_word' id='word_1_4' title='bbox 2124 303 2631 365; x_wconf 73' lang='grc' dir='ltr'><strong>ΡΛΤΒΙΑΒΟΗᾸΞ</strong></span> <span class='ocrx_word' id='word_1_5' title='bbox 2663 388 2675 401; x_wconf 41' lang='lat'><em>.</em></span> 
     </span>
    </p>
   </div>
   <div class='ocr_carea' id='block_1_3' title="bbox 3657 308 3766 369">
    <p class='ocr_par' dir='ltr' id='par_1_3' title="bbox 3657 308 3766 369">
     <span class='ocr_line' id='line_1_3' title="bbox 3657 308 3766 369; baseline -0.009 0"><span class='ocrx_word' id='word_1_6' title='bbox 3657 308 3766 369; x_wconf 84' lang='lat'><strong>356</strong></span> 
     </span>
    </p>
   </div>
   <div class='ocr_carea' id='block_1_4' title="bbox 529 418 2084 495">
    <p class='ocr_par' dir='ltr' id='par_1_4' title="bbox 529 418 2084 487">
     <span class='ocr_line' id='line_1_4' title="bbox 529 418 2084 487; baseline -0.005 -7"><span class='ocrx_word' id='word_1_7' title='bbox 529 442 589 480; x_wconf 86' lang='lat' dir='ltr'><strong>es</strong></span> <span class='ocrx_word' id='word_1_8' title='bbox 649 422 911 487; x_wconf 84' lang='lat' dir='ltr'><strong>animam,</strong></span> <span class='ocrx_word' id='word_1_9' title='bbox 957 429 1013 476; x_wconf 91' lang='lat' dir='ltr'><strong>et</strong></span> <span class='ocrx_word' id='word_1_10' title='bbox 1060 420 1341 476; x_wconf 83' lang='lat' dir='ltr'><strong>beneﬂciis</strong></span> <span class='ocrx_word' id='word_1_11' title='bbox 1399 421 1801 476; x_wconf 89' lang='lat' dir='ltr'><strong>cumulaturus.</strong></span> <span class='ocrx_word' id='word_1_12' title='bbox 1858 418 2084 475; x_wconf 74' lang='lat' dir='ltr'><strong>Profecti</strong></span> 
     </span>
    </p>
   </div>
   <div class='ocr_carea' id='block_1_5' title="bbox 2188 418 3767 495">
    <p class='ocr_par' dir='ltr' id='par_1_5' title="bbox 2208 418 3767 495">
     <span class='ocr_line' id='line_1_5' title="bbox 2208 418 3767 495; baseline 0.006 -25"><span class='ocrx_word' id='word_1_13' title='bbox 2208 418 2352 489; x_wconf 79' lang='grc' dir='ltr'>ἡμᾶς</span> <span class='ocrx_word' id='word_1_14' title='bbox 2380 418 2473 471; x_wconf 74' lang='grc' dir='ltr'><strong>καὶ</strong></span> <span class='ocrx_word' id='word_1_15' title='bbox 2504 418 2880 490; x_wconf 75' lang='grc' dir='ltr'><strong>χαριζόμενος,</strong></span> <span class='ocrx_word' id='word_1_16' title='bbox 2913 422 3004 475; x_wconf 72' lang='grc' dir='ltr'><strong>καὶ</strong></span> <span class='ocrx_word' id='word_1_17' title='bbox 3054 422 3254 493; x_wconf 81' lang='grc' dir='ltr'>μᾶλλον</span> <span class='ocrx_word' id='word_1_18' title='bbox 3313 425 3443 495; x_wconf 75' lang='grc' dir='ltr'>ἡμῖν</span> <span class='ocrx_word' id='word_1_19' title='bbox 3484 423 3594 493; x_wconf 80' lang='grc' dir='ltr'>ἢοί</span> <span class='ocrx_word' id='word_1_20' title='bbox 3636 439 3767 479; x_wconf 68' lang='lat' dir='ltr'><strong>aw-</strong></span> 
     </span>
    </p>
   </div>
   <div class='ocr_carea' id='block_1_6' title="bbox 526 511 2095 585">
    <p class='ocr_par' dir='ltr' id='par_1_6' title="bbox 526 511 2095 585">
     <span class='ocr_line' id='line_1_6' title="bbox 526 511 2095 585; baseline -0.003 -15"><span class='ocrx_word' id='word_1_21' title='bbox 526 517 698 585; x_wconf 84' lang='lat' dir='ltr'><strong>magis</strong></span> <span class='ocrx_word' id='word_1_22' title='bbox 733 514 889 569; x_wconf 84' lang='lat' dir='ltr'><strong>nobis</strong></span> <span class='ocrx_word' id='word_1_23' title='bbox 920 513 1251 585; x_wconf 75' lang='lat' dir='ltr'><strong>coniunctus</strong></span> <span class='ocrx_word' id='word_1_24' title='bbox 1306 515 1418 570; x_wconf 87' lang='lat' dir='ltr'><strong>eris</strong></span> <span class='ocrx_word' id='word_1_25' title='bbox 1458 530 1623 584; x_wconf 86' lang='lat' dir='ltr'><strong>quam</strong></span> <span class='ocrx_word' id='word_1_26' title='bbox 1668 513 1762 583; x_wconf 91' lang='lat' dir='ltr'><strong>qui</strong></span> <span class='ocrx_word' id='word_1_27' title='bbox 1807 511 2095 567; x_wconf 89' lang='lat' dir='ltr'><strong>nobiscum</strong></span> 
     </span>
    </p>
   </div>
   <div class='ocr_carea' id='block_1_7' title="bbox 524 604 964 663">
    <p class='ocr_par' dir='ltr' id='par_1_7' title="bbox 524 604 964 663">
     <span class='ocr_line' id='line_1_7' title="bbox 524 604 964 663; baseline -0.009 0"><span class='ocrx_word' id='word_1_28' title='bbox 524 622 620 663; x_wconf 89' lang='lat' dir='ltr'><strong>con</strong></span> <span class='ocrx_word' id='word_1_29' title='bbox 631 612 934 660; x_wconf 72' lang='lat' dir='ltr'><strong>versantur.</strong></span> <span class='ocrx_word' id='word_1_30' title='bbox 952 604 964 614; x_wconf 84' lang='grc'><strong>’</strong></span> 
     </span>
    </p>
   </div>
   <div class='ocr_carea' id='block_1_8' title="bbox 1055 742 1569 799">
    <p class='ocr_par' dir='ltr' id='par_1_8' title="bbox 1055 742 1569 799">
     <span class='ocr_line' id='line_1_8' title="bbox 1055 742 1569 799; baseline 0.004 -2"><span class='ocrx_word' id='word_1_31' title='bbox 1055 742 1317 798; x_wconf 77' lang='lat' dir='ltr'><strong>CXXXV.</strong></span> <span class='ocrx_word' id='word_1_32' title='bbox 1359 742 1569 799; x_wconf 81' lang='lat' dir='ltr'><strong>Eidem.</strong></span> 
     </span>
    </p>
   </div>
   <div class='ocr_carea' id='block_1_9' title="bbox 591 874 2093 946">
    <p class='ocr_par' dir='ltr' id='par_1_9' title="bbox 591 874 2093 946">
     <span class='ocr_line' id='line_1_9' title="bbox 591 874 2093 946; baseline -0.003 -12"><span class='ocrx_word' id='word_1_33' title='bbox 591 881 748 937; x_wconf 78' lang='lat' dir='ltr'><strong>Circa</strong></span> <span class='ocrx_word' id='word_1_34' title='bbox 781 894 869 935; x_wconf 86' lang='lat' dir='ltr'><strong>res</strong></span> <span class='ocrx_word' id='word_1_35' title='bbox 942 894 1284 934; x_wconf 70' lang='lat' dir='ltr'><strong>aerumnosas</strong></span> <span class='ocrx_word' id='word_1_36' title='bbox 1338 887 1391 932; x_wconf 87' lang='lat' dir='ltr'><strong>et</strong></span> <span class='ocrx_word' id='word_1_37' title='bbox 1444 879 1703 933; x_wconf 85' lang='lat' dir='ltr'><strong>molestas</strong></span> <span class='ocrx_word' id='word_1_38' title='bbox 1750 890 1871 946; x_wconf 66' lang='lat' dir='ltr'><strong>quae</strong></span> <span class='ocrx_word' id='word_1_39' title='bbox 1919 874 2093 931; x_wconf 87' lang='lat' dir='ltr'><strong>unde-</strong></span> 
     </span>
    </p>
   </div>
   <div class='ocr_carea' id='block_1_10' title="bbox 522 968 2095 1041">
    <p class='ocr_par' dir='ltr' id='par_1_10' title="bbox 522 968 2095 1041">
     <span class='ocr_line' id='line_1_10' title="bbox 522 968 2095 1041; baseline -0.005 -13"><span class='ocrx_word' id='word_1_40' title='bbox 522 987 738 1040; x_wconf 79' lang='lat' dir='ltr'><strong>cunque</strong></span> <span class='ocrx_word' id='word_1_41' title='bbox 804 972 901 1026; x_wconf 89' lang='lat' dir='ltr'><strong>tibi</strong></span> <span class='ocrx_word' id='word_1_42' title='bbox 937 971 1185 1033; x_wconf 79' lang='lat' dir='ltr'><strong>amount,</strong></span> <span class='ocrx_word' id='word_1_43' title='bbox 1235 971 1307 1023; x_wconf 88' lang='lat' dir='ltr'><strong>mi</strong></span> <span class='ocrx_word' id='word_1_44' title='bbox 1352 969 1452 1041; x_wconf 83' lang='lat' dir='ltr'><strong>ﬁli,</strong></span> <span class='ocrx_word' id='word_1_45' title='bbox 1497 985 1606 1023; x_wconf 92' lang='lat' dir='ltr'><strong>non</strong></span> <span class='ocrx_word' id='word_1_46' title='bbox 1656 968 1851 1022; x_wconf 88' lang='lat' dir='ltr'><strong>litteris</strong></span> <span class='ocrx_word' id='word_1_47' title='bbox 1900 981 2095 1021; x_wconf 84' lang='lat' dir='ltr'><strong>conso-</strong></span> 
     </span>
    </p>
   </div>
   <div class='ocr_carea' id='block_1_11' title="bbox 522 1061 2096 1133">
    <p class='ocr_par' dir='ltr' id='par_1_11' title="bbox 522 1061 2096 1133">
     <span class='ocr_line' id='line_1_11' title="bbox 522 1061 2096 1133; baseline -0.003 -14"><span class='ocrx_word' id='word_1_48' title='bbox 522 1066 719 1119; x_wconf 83' lang='lat' dir='ltr'><strong>landus</strong></span> <span class='ocrx_word' id='word_1_49' title='bbox 749 1079 831 1129; x_wconf 88' lang='lat' dir='ltr'><strong>es,</strong></span> <span class='ocrx_word' id='word_1_50' title='bbox 861 1064 958 1118; x_wconf 83' lang='lat' dir='ltr'><strong>sed</strong></span> <span class='ocrx_word' id='word_1_51' title='bbox 1017 1065 1061 1119; x_wconf 89' lang='lat' dir='ltr'><strong>si</strong></span> <span class='ocrx_word' id='word_1_52' title='bbox 1094 1064 1211 1117; x_wconf 82' lang='lat' dir='ltr'><strong>ﬁeri</strong></span> <span class='ocrx_word' id='word_1_53' title='bbox 1256 1072 1459 1133; x_wconf 78' lang='lat' dir='ltr'><strong>posset,</strong></span> <span class='ocrx_word' id='word_1_54' title='bbox 1498 1061 1815 1117; x_wconf 85' lang='lat' dir='ltr'><strong>invisendus</strong></span> <span class='ocrx_word' id='word_1_55' title='bbox 1844 1076 1995 1116; x_wconf 87' lang='lat' dir='ltr'><strong>esses</strong></span> <span class='ocrx_word' id='word_1_56' title='bbox 2041 1069 2096 1114; x_wconf 86' lang='lat' dir='ltr'><strong>et</strong></span> 
     </span>
    </p>
   </div>
   <div class='ocr_carea' id='block_1_12' title="bbox 472 1154 2092 1225">
    <p class='ocr_par' dir='ltr' id='par_1_12' title="bbox 472 1154 2092 1225">
     <span class='ocr_line' id='line_1_12' title="bbox 472 1154 2092 1225; baseline -0.003 -14"><span class='ocrx_word' id='word_1_57' title='bbox 472 1200 477 1201; x_wconf 41' lang='grc' dir='ltr'><strong>κ</strong></span> <span class='ocrx_word' id='word_1_58' title='bbox 519 1158 641 1211; x_wconf 84' lang='lat' dir='ltr'><strong>viva</strong></span> <span class='ocrx_word' id='word_1_59' title='bbox 690 1172 820 1211; x_wconf 84' lang='lat' dir='ltr'><strong>voce</strong></span> <span class='ocrx_word' id='word_1_60' title='bbox 868 1157 966 1210; x_wconf 89' lang='lat' dir='ltr'><strong>tibi</strong></span> <span class='ocrx_word' id='word_1_61' title='bbox 1004 1156 1336 1225; x_wconf 47' lang='lat' dir='ltr'><strong>pra‘libanda</strong></span> <span class='ocrx_word' id='word_1_62' title='bbox 1371 1156 1510 1208; x_wconf 81' lang='lat' dir='ltr'><strong>foret</strong></span> <span class='ocrx_word' id='word_1_63' title='bbox 1558 1154 1883 1216; x_wconf 81' lang='lat' dir='ltr'><strong>consolatio,</strong></span> <span class='ocrx_word' id='word_1_64' title='bbox 1929 1168 2092 1223; x_wconf 87' lang='lat' dir='ltr'><strong>quam</strong></span> 
     </span>
    </p>
   </div>
   <div class='ocr_carea' id='block_1_13' title="bbox 520 1245 2091 1315">
    <p class='ocr_par' dir='ltr' id='par_1_13' title="bbox 520 1245 2091 1315">
     <span class='ocr_line' id='line_1_13' title="bbox 520 1245 2091 1315; baseline -0.003 -12"><span class='ocrx_word' id='word_1_65' title='bbox 520 1249 680 1304; x_wconf 88' lang='lat' dir='ltr'><strong>nobis</strong></span> <span class='ocrx_word' id='word_1_66' title='bbox 708 1248 961 1302; x_wconf 86' lang='lat' dir='ltr'><strong>Christus</strong></span> <span class='ocrx_word' id='word_1_67' title='bbox 999 1248 1139 1301; x_wconf 90' lang='lat' dir='ltr'><strong>Deus</strong></span> <span class='ocrx_word' id='word_1_68' title='bbox 1169 1257 1352 1300; x_wconf 86' lang='lat' dir='ltr'><strong>noster</strong></span> <span class='ocrx_word' id='word_1_69' title='bbox 1378 1248 1639 1315; x_wconf 74' lang='lat' dir='ltr'><strong>suggerit.</strong></span> <span class='ocrx_word' id='word_1_70' title='bbox 1683 1248 1739 1300; x_wconf 91' lang='lat' dir='ltr'><strong>ld</strong></span> <span class='ocrx_word' id='word_1_71' title='bbox 1800 1261 1924 1301; x_wconf 91' lang='lat' dir='ltr'><strong>cum</strong></span> <span class='ocrx_word' id='word_1_72' title='bbox 1974 1245 2091 1299; x_wconf 84' lang='lat' dir='ltr'><strong>ﬁeri</strong></span> 
     </span>
    </p>
   </div>
   <div class='ocr_carea' id='block_1_14' title="bbox 519 1336 2092 1409">
    <p class='ocr_par' dir='ltr' id='par_1_14' title="bbox 519 1336 2092 1409">
     <span class='ocr_line' id='line_1_14' title="bbox 519 1336 2092 1409; baseline -0.004 -15"><span class='ocrx_word' id='word_1_73' title='bbox 519 1348 777 1409; x_wconf 87' lang='lat' dir='ltr'><strong>nequeat,</strong></span> <span class='ocrx_word' id='word_1_74' title='bbox 824 1340 887 1392; x_wconf 88' lang='lat' dir='ltr'><strong>ad</strong></span> <span class='ocrx_word' id='word_1_75' title='bbox 927 1340 1159 1392; x_wconf 85' lang='lat' dir='ltr'><strong>alterum</strong></span> <span class='ocrx_word' id='word_1_76' title='bbox 1211 1338 1611 1400; x_wconf 76' lang='lat' dir='ltr'><strong>convertimur,</strong></span> <span class='ocrx_word' id='word_1_77' title='bbox 1652 1345 1705 1390; x_wconf 86' lang='lat' dir='ltr'><strong>et</strong></span> <span class='ocrx_word' id='word_1_78' title='bbox 1753 1350 1849 1403; x_wconf 90' lang='lat' dir='ltr'><strong>per</strong></span> <span class='ocrx_word' id='word_1_79' title='bbox 1884 1336 2092 1389; x_wconf 86' lang='lat' dir='ltr'><strong>litteras</strong></span> 
     </span>
    </p>
   </div>
   <div class='ocr_carea' id='block_1_15' title="bbox 517 1429 2088 1493">
    <p class='ocr_par' dir='ltr' id='par_1_15' title="bbox 517 1429 2088 1493">
     <span class='ocr_line' id='line_1_15' title="bbox 517 1429 2088 1493; baseline -0.003 -8"><span class='ocrx_word' id='word_1_80' title='bbox 517 1431 965 1486; x_wconf 70' lang='lat' dir='ltr'><strong>confabulemur.</strong></span> <span class='ocrx_word' id='word_1_81' title='bbox 998 1430 1180 1483; x_wconf 69' lang='lat' dir='ltr'><strong>Multae</strong></span> <span class='ocrx_word' id='word_1_82' title='bbox 1219 1440 1369 1493; x_wconf 86' lang='lat' dir='ltr'><strong>sunt,</strong></span> <span class='ocrx_word' id='word_1_83' title='bbox 1413 1432 1491 1485; x_wconf 73' lang='lat' dir='ltr'><strong>uni</strong></span> <span class='ocrx_word' id='word_1_84' title='bbox 1530 1429 1746 1493; x_wconf 83' lang='lat' dir='ltr'><strong>scribis,</strong></span> <span class='ocrx_word' id='word_1_85' title='bbox 1784 1429 2088 1482; x_wconf 87' lang='lat' dir='ltr'><strong>tribulatio-</strong></span> 
     </span>
    </p>
   </div>
   <div class='ocr_carea' id='block_1_16' title="bbox 523 1519 2091 1590">
    <p class='ocr_par' dir='ltr' id='par_1_16' title="bbox 523 1519 2091 1590">
     <span class='ocr_line' id='line_1_16' title="bbox 523 1519 2091 1590; baseline -0.003 -15"><span class='ocrx_word' id='word_1_86' title='bbox 523 1536 645 1585; x_wconf 88' lang='lat' dir='ltr'><strong>nes,</strong></span> <span class='ocrx_word' id='word_1_87' title='bbox 687 1536 944 1590; x_wconf 80' lang='lat' dir='ltr'><strong>magnum</strong></span> <span class='ocrx_word' id='word_1_88' title='bbox 978 1521 1244 1574; x_wconf 88' lang='lat' dir='ltr'><strong>malorum</strong></span> <span class='ocrx_word' id='word_1_89' title='bbox 1280 1520 1517 1589; x_wconf 85' lang='lat' dir='ltr'><strong>pondus,</strong></span> <span class='ocrx_word' id='word_1_90' title='bbox 1556 1529 1608 1573; x_wconf 87' lang='lat' dir='ltr'><strong>et</strong></span> <span class='ocrx_word' id='word_1_91' title='bbox 1632 1535 1751 1588; x_wconf 77' lang='lat' dir='ltr'><strong>qua:</strong></span> <span class='ocrx_word' id='word_1_92' title='bbox 1787 1520 1967 1574; x_wconf 87' lang='lat' dir='ltr'><strong>omnia</strong></span> <span class='ocrx_word' id='word_1_93' title='bbox 1998 1519 2091 1586; x_wconf 90' lang='lat' dir='ltr'><strong>qui</strong></span> 
     </span>
    </p>
   </div>
   <div class='ocr_carea' id='block_1_17' title="bbox 517 1611 2084 1682">
    <p class='ocr_par' dir='ltr' id='par_1_17' title="bbox 517 1611 2084 1682">
     <span class='ocr_line' id='line_1_17' title="bbox 517 1611 2084 1682; baseline -0.001 -15"><span class='ocrx_word' id='word_1_94' title='bbox 517 1629 626 1667; x_wconf 87' lang='lat' dir='ltr'><strong>non</strong></span> <span class='ocrx_word' id='word_1_95' title='bbox 659 1628 885 1682; x_wconf 76' lang='lat' dir='ltr'><strong>peregre</strong></span> <span class='ocrx_word' id='word_1_96' title='bbox 910 1613 1053 1667; x_wconf 87' lang='lat' dir='ltr'><strong>imus</strong></span> <span class='ocrx_word' id='word_1_97' title='bbox 1080 1612 1583 1681; x_wconf 64' lang='lat' dir='ltr'><strong>smpeignoramusl;</strong></span> <span class='ocrx_word' id='word_1_98' title='bbox 1620 1614 1732 1665; x_wconf 71' lang='lat' dir='ltr'><strong>haec</strong></span> <span class='ocrx_word' id='word_1_99' title='bbox 1758 1612 1901 1665; x_wconf 89' lang='lat' dir='ltr'><strong>enim</strong></span> <span class='ocrx_word' id='word_1_100' title='bbox 1925 1611 2084 1676; x_wconf 88' lang='lat' dir='ltr'><strong>dicis,</strong></span> 
     </span>
    </p>
   </div>
   <div class='ocr_carea' id='block_1_18' title="bbox 516 1702 2086 1772">
    <p class='ocr_par' dir='ltr' id='par_1_18' title="bbox 516 1702 2086 1772">
     <span class='ocr_line' id='line_1_18' title="bbox 516 1702 2086 1772; baseline -0.001 -16"><span class='ocrx_word' id='word_1_101' title='bbox 516 1705 617 1758; x_wconf 83' lang='lat' dir='ltr'><strong>etsi</strong></span> <span class='ocrx_word' id='word_1_102' title='bbox 665 1705 857 1757; x_wconf 70' lang='lat' dir='ltr'><strong>littera:</strong></span> <span class='ocrx_word' id='word_1_103' title='bbox 892 1704 959 1757; x_wconf 90' lang='lat' dir='ltr'><strong>de</strong></span> <span class='ocrx_word' id='word_1_104' title='bbox 1004 1703 1280 1758; x_wconf 88' lang='lat' dir='ltr'><strong>contrario</strong></span> <span class='ocrx_word' id='word_1_105' title='bbox 1330 1704 1677 1757; x_wconf 81' lang='lat' dir='ltr'><strong>convincam.</strong></span> <span class='ocrx_word' id='word_1_106' title='bbox 1706 1702 1813 1756; x_wconf 83' lang='lat' dir='ltr'><strong>Nos</strong></span> <span class='ocrx_word' id='word_1_107' title='bbox 1848 1702 2086 1772; x_wconf 87' lang='lat' dir='ltr'><strong>quidem.</strong></span> 
     </span>
    </p>
   </div>
   <div class='ocr_carea' id='block_1_19' title="bbox 2203 508 2856 580">
    <p class='ocr_par' dir='ltr' id='par_1_19' title="bbox 2203 508 2856 580">
     <span class='ocr_line' id='line_1_19' title="bbox 2203 508 2856 580; baseline 0.005 -18"><span class='ocrx_word' id='word_1_108' title='bbox 2203 508 2517 580; x_wconf 82' lang='grc' dir='ltr'>ομιλοῦντες</span> <span class='ocrx_word' id='word_1_109' title='bbox 2548 510 2667 563; x_wconf 84' lang='grc' dir='ltr'>ἐνού</span> <span class='ocrx_word' id='word_1_110' title='bbox 2676 527 2856 580; x_wconf 81' lang='grc' dir='ltr'>μενος.</span> 
     </span>
    </p>
   </div>
   <div class='ocr_carea' id='block_1_20' title="bbox 2730 737 3241 806">
    <p class='ocr_par' dir='ltr' id='par_1_20' title="bbox 2730 737 3241 806">
     <span class='ocr_line' id='line_1_20' title="bbox 2730 737 3241 806; baseline 0.008 -14"><span class='ocrx_word' id='word_1_111' title='bbox 2730 737 2905 795; x_wconf 83' lang='lat' dir='ltr'><strong>PAE&#39;.</strong></span> <span class='ocrx_word' id='word_1_112' title='bbox 2945 739 3028 806; x_wconf 80' lang='grc' dir='ltr'><strong>Τῷ</strong></span> <span class='ocrx_word' id='word_1_113' title='bbox 3060 739 3241 806; x_wconf 84' lang='grc' dir='ltr'>αὐτῷ.</span> 
     </span>
    </p>
   </div>
   <div class='ocr_carea' id='block_1_21' title="bbox 2270 872 3771 949">
    <p class='ocr_par' dir='ltr' id='par_1_21' title="bbox 2270 872 3771 949">
     <span class='ocr_line' id='line_1_21' title="bbox 2270 872 3771 949; baseline 0.003 -22"><span class='ocrx_word' id='word_1_114' title='bbox 2270 872 2393 928; x_wconf 68' lang='grc' dir='ltr'><strong>Ἐπὶ</strong></span> <span class='ocrx_word' id='word_1_115' title='bbox 2421 875 2535 938; x_wconf 87' lang='grc' dir='ltr'>τοῖς</span> <span class='ocrx_word' id='word_1_116' title='bbox 2572 874 3017 945; x_wconf 85' lang='grc' dir='ltr'>περιισταμένοις</span> <span class='ocrx_word' id='word_1_117' title='bbox 3048 892 3106 928; x_wconf 89' lang='grc' dir='ltr'><strong>σε</strong></span> <span class='ocrx_word' id='word_1_118' title='bbox 3133 876 3396 947; x_wconf 74' lang='grc' dir='ltr'><strong>λυπηροῖς</strong></span> <span class='ocrx_word' id='word_1_119' title='bbox 3425 877 3519 930; x_wconf 76' lang='grc' dir='ltr'>καὶ</span> <span class='ocrx_word' id='word_1_120' title='bbox 3561 880 3623 949; x_wconf 81' lang='grc' dir='ltr'>τῇ</span> <span class='ocrx_word' id='word_1_121' title='bbox 3675 895 3771 931; x_wconf 75' lang='grc' dir='ltr'>συ-</span> 
     </span>
    </p>
   </div>
   <div class='ocr_carea' id='block_1_22' title="bbox 2200 952 3825 1041">
    <p class='ocr_par' dir='ltr' id='par_1_22' title="bbox 2200 952 3825 1041">
     <span class='ocr_line' id='line_1_22' title="bbox 2200 952 3825 1041; baseline 0.004 -24"><span class='ocrx_word' id='word_1_122' title='bbox 2200 969 2327 1036; x_wconf 79' lang='grc' dir='ltr'>νοχῇ</span> <span class='ocrx_word' id='word_1_123' title='bbox 2347 966 2455 1018; x_wconf 89' lang='grc' dir='ltr'><strong>τῶν</strong></span> <span class='ocrx_word' id='word_1_124' title='bbox 2477 966 2738 1034; x_wconf 82' lang='grc' dir='ltr'><strong>ἀνιαρῶν,</strong></span> <span class='ocrx_word' id='word_1_125' title='bbox 2765 967 3130 1036; x_wconf 82' lang='grc' dir='ltr'>τέκνονήμῶν</span> <span class='ocrx_word' id='word_1_126' title='bbox 3152 968 3316 1039; x_wconf 71' lang='grc' dir='ltr'>ἱερὸν,</span> <span class='ocrx_word' id='word_1_127' title='bbox 3359 968 3476 1038; x_wconf 83' lang='grc' dir='ltr'>οὐχὶ</span> <span class='ocrx_word' id='word_1_128' title='bbox 3508 969 3764 1041; x_wconf 79' lang='grc' dir='ltr'>γράμμα·</span> <span class='ocrx_word' id='word_1_129' title='bbox 3820 952 3825 955; x_wconf 40' lang='grc'><em>’</em></span> 
     </span>
    </p>
   </div>
   <div class='ocr_carea' id='block_1_23' title="bbox 2201 1054 3765 1129">
    <p class='ocr_par' dir='ltr' id='par_1_23' title="bbox 2201 1054 3765 1129">
     <span class='ocr_line' id='line_1_23' title="bbox 2201 1054 3765 1129; baseline 0.003 -22"><span class='ocrx_word' id='word_1_130' title='bbox 2201 1071 2285 1108; x_wconf 88' lang='grc' dir='ltr'><strong>σιν</strong></span> <span class='ocrx_word' id='word_1_131' title='bbox 2317 1055 2424 1109; x_wconf 84' lang='grc' dir='ltr'>ἔδει</span> <span class='ocrx_word' id='word_1_132' title='bbox 2448 1054 2809 1124; x_wconf 83' lang='grc' dir='ltr'>παρακαλεῖν,</span> <span class='ocrx_word' id='word_1_133' title='bbox 2860 1056 3052 1125; x_wconf 82' lang='grc' dir='ltr'>ἀλλ’ἢ</span> <span class='ocrx_word' id='word_1_134' title='bbox 3096 1057 3213 1119; x_wconf 85' lang='grc' dir='ltr'><strong>πῶς</strong></span> <span class='ocrx_word' id='word_1_135' title='bbox 3244 1054 3358 1110; x_wconf 74' lang='grc' dir='ltr'>οἷόν</span> <span class='ocrx_word' id='word_1_136' title='bbox 3396 1075 3454 1110; x_wconf 90' lang='grc' dir='ltr'><strong>τε</strong></span> <span class='ocrx_word' id='word_1_137' title='bbox 3496 1054 3563 1128; x_wconf 76' lang='grc' dir='ltr'><strong>ἧν</strong></span> <span class='ocrx_word' id='word_1_138' title='bbox 3616 1060 3765 1129; x_wconf 71' lang='grc' dir='ltr'>ἡμᾶς</span> 
     </span>
    </p>
   </div>
   <div class='ocr_carea' id='block_1_24' title="bbox 2199 1146 3763 1219">
    <p class='ocr_par' dir='ltr' id='par_1_24' title="bbox 2199 1146 3763 1219">
     <span class='ocr_line' id='line_1_24' title="bbox 2199 1146 3763 1219; baseline 0.004 -22"><span class='ocrx_word' id='word_1_139' title='bbox 2199 1147 2395 1207; x_wconf 82' lang='grc' dir='ltr'>αὐτοὺς</span> <span class='ocrx_word' id='word_1_140' title='bbox 2432 1149 2705 1217; x_wconf 83' lang='grc' dir='ltr'>παρεῖναι,</span> <span class='ocrx_word' id='word_1_141' title='bbox 2737 1148 2832 1201; x_wconf 73' lang='grc' dir='ltr'>καὶ</span> <span class='ocrx_word' id='word_1_142' title='bbox 2894 1146 2993 1216; x_wconf 82' lang='grc' dir='ltr'>τὴν</span> <span class='ocrx_word' id='word_1_143' title='bbox 3032 1148 3090 1213; x_wconf 79' lang='grc' dir='ltr'><strong>ἐξ</strong></span> <span class='ocrx_word' id='word_1_144' title='bbox 3132 1148 3335 1211; x_wconf 73' lang='grc' dir='ltr'>οἰκείας</span> <span class='ocrx_word' id='word_1_145' title='bbox 3366 1149 3614 1219; x_wconf 77' lang='grc' dir='ltr'>γλώσσης</span> <span class='ocrx_word' id='word_1_146' title='bbox 3642 1152 3763 1203; x_wconf 81' lang='grc' dir='ltr'>ὅσον</span> 
     </span>
    </p>
   </div>
   <div class='ocr_carea' id='block_1_25' title="bbox 2200 1240 3765 1311">
    <p class='ocr_par' dir='ltr' id='par_1_25' title="bbox 2200 1240 3765 1311">
     <span class='ocr_line' id='line_1_25' title="bbox 2200 1240 3765 1311; baseline 0.005 -23"><span class='ocrx_word' id='word_1_147' title='bbox 2200 1254 2271 1289; x_wconf 63' lang='grc' dir='ltr'>ππ</span> <span class='ocrx_word' id='word_1_148' title='bbox 2284 1241 2427 1306; x_wconf 82' lang='grc' dir='ltr'>ρεῖχε</span> <span class='ocrx_word' id='word_1_149' title='bbox 2447 1240 2682 1309; x_wconf 84' lang='grc' dir='ltr'>Χριστὸς</span> <span class='ocrx_word' id='word_1_150' title='bbox 2711 1242 2738 1291; x_wconf 85' lang='grc' dir='ltr'><strong>ὁ</strong></span> <span class='ocrx_word' id='word_1_151' title='bbox 2755 1240 2887 1300; x_wconf 75' lang='grc' dir='ltr'>Θεὸς</span> <span class='ocrx_word' id='word_1_152' title='bbox 2908 1240 3066 1309; x_wconf 78' lang='grc' dir='ltr'>ἡμῶν</span> <span class='ocrx_word' id='word_1_153' title='bbox 3080 1240 3380 1310; x_wconf 77' lang='grc' dir='ltr'>προσάγειν</span> <span class='ocrx_word' id='word_1_154' title='bbox 3400 1242 3765 1311; x_wconf 84' lang='grc' dir='ltr'>παράκλησιν.</span> 
     </span>
    </p>
   </div>
   <div class='ocr_carea' id='block_1_26' title="bbox 2211 1328 3762 1402">
    <p class='ocr_par' dir='ltr' id='par_1_26' title="bbox 2211 1328 3762 1402">
     <span class='ocr_line' id='line_1_26' title="bbox 2211 1328 3762 1402; baseline 0.004 -22"><span class='ocrx_word' id='word_1_155' title='bbox 2211 1328 2360 1381; x_wconf 83' lang='grc' dir='ltr'>Ἀλλ’</span> <span class='ocrx_word' id='word_1_156' title='bbox 2392 1329 2513 1381; x_wconf 78' lang='grc' dir='ltr'>ἐπεὶ</span> <span class='ocrx_word' id='word_1_157' title='bbox 2546 1329 2702 1381; x_wconf 84' lang='grc' dir='ltr'>τοῦτο</span> <span class='ocrx_word' id='word_1_158' title='bbox 2724 1331 3022 1400; x_wconf 80' lang='grc' dir='ltr'>ἀμήχανον,</span> <span class='ocrx_word' id='word_1_159' title='bbox 3049 1334 3141 1383; x_wconf 77' lang='grc' dir='ltr'><strong>ἐπὶ</strong></span> <span class='ocrx_word' id='word_1_160' title='bbox 3163 1331 3220 1382; x_wconf 80' lang='grc' dir='ltr'><strong>τὸ</strong></span> <span class='ocrx_word' id='word_1_161' title='bbox 3238 1332 3498 1400; x_wconf 79' lang='grc' dir='ltr'>δεύτερον</span> <span class='ocrx_word' id='word_1_162' title='bbox 3531 1333 3762 1402; x_wconf 76' lang='grc' dir='ltr'>ἥκομεν,</span> 
     </span>
    </p>
   </div>
   <div class='ocr_carea' id='block_1_27' title="bbox 2199 1420 3770 1494">
    <p class='ocr_par' dir='ltr' id='par_1_27' title="bbox 2199 1420 3770 1494">
     <span class='ocr_line' id='line_1_27' title="bbox 2199 1420 3770 1494; baseline 0.003 -22"><span class='ocrx_word' id='word_1_163' title='bbox 2199 1421 2294 1474; x_wconf 75' lang='grc' dir='ltr'><strong>καὶ</strong></span> <span class='ocrx_word' id='word_1_164' title='bbox 2318 1420 2398 1491; x_wconf 86' lang='grc' dir='ltr'>τῷ</span> <span class='ocrx_word' id='word_1_165' title='bbox 2418 1423 2708 1491; x_wconf 76' lang='grc' dir='ltr'>γράμματι</span> <span class='ocrx_word' id='word_1_166' title='bbox 2744 1440 2825 1475; x_wconf 87' lang='grc' dir='ltr'><strong>σοι</strong></span> <span class='ocrx_word' id='word_1_167' title='bbox 2876 1423 3336 1493; x_wconf 85' lang='grc' dir='ltr'>προσομιλοῦμεν.</span> <span class='ocrx_word' id='word_1_168' title='bbox 3387 1425 3607 1487; x_wconf 76' lang='grc' dir='ltr'>Πολλοὶ,</span> <span class='ocrx_word' id='word_1_169' title='bbox 3634 1425 3770 1494; x_wconf 76' lang='grc' dir='ltr'>γρά-</span> 
     </span>
    </p>
   </div>
   <div class='ocr_carea' id='block_1_28' title="bbox 2200 1514 3768 1584">
    <p class='ocr_par' dir='ltr' id='par_1_28' title="bbox 2200 1514 3768 1584">
     <span class='ocr_line' id='line_1_28' title="bbox 2200 1514 3768 1584; baseline 0.003 -20"><span class='ocrx_word' id='word_1_170' title='bbox 2200 1529 2339 1581; x_wconf 84' lang='grc' dir='ltr'>φεις,</span> <span class='ocrx_word' id='word_1_171' title='bbox 2371 1515 2425 1566; x_wconf 85' lang='grc' dir='ltr'><strong>αί</strong></span> <span class='ocrx_word' id='word_1_172' title='bbox 2467 1514 2693 1583; x_wconf 76' lang='grc' dir='ltr'>θλίψεις,</span> <span class='ocrx_word' id='word_1_173' title='bbox 2727 1515 2821 1567; x_wconf 77' lang='grc' dir='ltr'><strong>καὶ</strong></span> <span class='ocrx_word' id='word_1_174' title='bbox 2854 1514 2965 1566; x_wconf 87' lang='grc' dir='ltr'><strong>τῶν</strong></span> <span class='ocrx_word' id='word_1_175' title='bbox 2999 1514 3241 1583; x_wconf 88' lang='grc' dir='ltr'>κακῶνὴ</span> <span class='ocrx_word' id='word_1_176' title='bbox 3284 1515 3502 1584; x_wconf 85' lang='grc' dir='ltr'>συνοχὴ,</span> <span class='ocrx_word' id='word_1_177' title='bbox 3534 1514 3768 1568; x_wconf 76' lang='grc' dir='ltr'>καὶέπεὶ</span> 
     </span>
    </p>
   </div>
   <div class='ocr_carea' id='block_1_29' title="bbox 2196 1603 3766 1675">
    <p class='ocr_par' dir='ltr' id='par_1_29' title="bbox 2196 1603 3766 1675">
     <span class='ocr_line' id='line_1_29' title="bbox 2196 1603 3766 1675; baseline 0.001 -19"><span class='ocrx_word' id='word_1_178' title='bbox 2196 1604 2413 1672; x_wconf 84' lang='grc' dir='ltr'>άπειροι</span> <span class='ocrx_word' id='word_1_179' title='bbox 2483 1604 2748 1668; x_wconf 79' lang='grc' dir='ltr'>ξενιτείας</span> <span class='ocrx_word' id='word_1_180' title='bbox 2809 1605 2991 1674; x_wconf 78' lang='grc' dir='ltr'>ἡμεῖς,</span> <span class='ocrx_word' id='word_1_181' title='bbox 3046 1603 3296 1657; x_wconf 81' lang='grc' dir='ltr'>λανθάνει</span> <span class='ocrx_word' id='word_1_182' title='bbox 3334 1604 3432 1675; x_wconf 81' lang='grc' dir='ltr'><strong>τὴν</strong></span> <span class='ocrx_word' id='word_1_183' title='bbox 3489 1604 3766 1675; x_wconf 77' lang='grc' dir='ltr'>ἡμετέραν</span> 
     </span>
    </p>
   </div>
   <div class='ocr_carea' id='block_1_30' title="bbox 2198 1694 3763 1766">
    <p class='ocr_par' dir='ltr' id='par_1_30' title="bbox 2198 1694 3763 1766">
     <span class='ocr_line' id='line_1_30' title="bbox 2198 1694 3763 1766; baseline 0 -20"><span class='ocrx_word' id='word_1_184' title='bbox 2198 1694 2421 1765; x_wconf 80' lang='grc' dir='ltr'>εἴδησιν.</span> <span class='ocrx_word' id='word_1_185' title='bbox 2462 1694 2633 1748; x_wconf 88' lang='grc' dir='ltr'>Τοῦτο</span> <span class='ocrx_word' id='word_1_186' title='bbox 2660 1696 2767 1766; x_wconf 89' lang='grc' dir='ltr'><strong>γάρ</strong></span> <span class='ocrx_word' id='word_1_187' title='bbox 2798 1696 2954 1765; x_wconf 80' lang='grc' dir='ltr'>ἔφης,</span> <span class='ocrx_word' id='word_1_188' title='bbox 2981 1697 3030 1749; x_wconf 81' lang='grc' dir='ltr'>εἱ</span> <span class='ocrx_word' id='word_1_189' title='bbox 3064 1697 3156 1749; x_wconf 72' lang='grc' dir='ltr'><strong>καὶ</strong></span> <span class='ocrx_word' id='word_1_190' title='bbox 3204 1697 3264 1747; x_wconf 82' lang='grc' dir='ltr'><strong>τὸ</strong></span> <span class='ocrx_word' id='word_1_191' title='bbox 3289 1697 3525 1765; x_wconf 85' lang='grc' dir='ltr'>γράμμα</span> <span class='ocrx_word' id='word_1_192' title='bbox 3551 1697 3763 1765; x_wconf 85' lang='grc' dir='ltr'>τρανῶς</span> 
     </span>
    </p>
   </div>
   <div class='ocr_carea' id='block_1_31' title="bbox 517 1759 2084 1863">
    <p class='ocr_par' dir='ltr' id='par_1_31' title="bbox 517 1759 2084 1863">
     <span class='ocr_line' id='line_1_31' title="bbox 517 1759 2084 1863; baseline -0.001 -15"><span class='ocrx_word' id='word_1_193' title='bbox 517 1796 588 1848; x_wconf 89' lang='lat' dir='ltr'><strong>mi</strong></span> <span class='ocrx_word' id='word_1_194' title='bbox 638 1796 735 1860; x_wconf 85' lang='lat' dir='ltr'><strong>tili,</strong></span> <span class='ocrx_word' id='word_1_195' title='bbox 792 1796 836 1849; x_wconf 92' lang='lat' dir='ltr'><strong>si</strong></span> <span class='ocrx_word' id='word_1_196' title='bbox 875 1794 1124 1861; x_wconf 89' lang='lat' dir='ltr'><strong>judiciis.</strong></span> <span class='ocrx_word' id='word_1_197' title='bbox 1188 1794 1391 1862; x_wconf 83' lang='lat' dir='ltr'><strong>quibus</strong></span> <span class='ocrx_word' id='word_1_198' title='bbox 1447 1792 1591 1848; x_wconf 91' lang='lat' dir='ltr'><strong>Deus</strong></span> <span class='ocrx_word' id='word_1_199' title='bbox 1648 1759 2084 1863; x_wconf 64' lang='lat' dir='ltr'><strong>sapientissimus</strong></span> 
     </span>
    </p>
   </div>
   <div class='ocr_carea' id='block_1_32' title="bbox 2188 1759 3761 1863">
    <p class='ocr_par' dir='ltr' id='par_1_32' title="bbox 2195 1759 3761 1859">
     <span class='ocr_line' id='line_1_32' title="bbox 2195 1759 3761 1859; baseline 0.001 -19"><span class='ocrx_word' id='word_1_200' title='bbox 2195 1759 2569 1842; x_wconf 73' lang='grc' dir='ltr'>ὑπεστείλατο.</span> <span class='ocrx_word' id='word_1_201' title='bbox 2614 1759 2804 1857; x_wconf 69' lang='grc' dir='ltr'>Ἡμεῖς</span> <span class='ocrx_word' id='word_1_202' title='bbox 2840 1759 3146 1852; x_wconf 34' lang='grc' dir='ltr'>δέᾑτέκνον</span> <span class='ocrx_word' id='word_1_203' title='bbox 3182 1759 3358 1859; x_wconf 71' lang='grc' dir='ltr'>ἡμῶν,</span> <span class='ocrx_word' id='word_1_204' title='bbox 3491 1759 3597 1841; x_wconf 41' lang='grc' dir='ltr'>καὶ.</span> <span class='ocrx_word' id='word_1_205' title='bbox 3638 1787 3761 1858; x_wconf 82' lang='grc' dir='ltr'>κρί-</span> 
     </span>
    </p>
   </div>
   <div class='ocr_carea' id='block_1_33' title="bbox 515 1886 2089 1955">
    <p class='ocr_par' dir='ltr' id='par_1_33' title="bbox 515 1886 2089 1955">
     <span class='ocr_line' id='line_1_33' title="bbox 515 1886 2089 1955; baseline 0 -16"><span class='ocrx_word' id='word_1_206' title='bbox 515 1887 680 1939; x_wconf 82' lang='lat' dir='ltr'><strong>vitam</strong></span> <span class='ocrx_word' id='word_1_207' title='bbox 717 1897 959 1941; x_wconf 85' lang='lat' dir='ltr'><strong>nostram</strong></span> <span class='ocrx_word' id='word_1_208' title='bbox 996 1886 1203 1955; x_wconf 79' lang='lat' dir='ltr'><strong>dirigit,</strong></span> <span class='ocrx_word' id='word_1_209' title='bbox 1236 1900 1345 1939; x_wconf 87' lang='lat' dir='ltr'><strong>non</strong></span> <span class='ocrx_word' id='word_1_210' title='bbox 1377 1886 1549 1939; x_wconf 85' lang='lat' dir='ltr'><strong>voluit</strong></span> <span class='ocrx_word' id='word_1_211' title='bbox 1580 1895 1660 1949; x_wconf 93' lang='lat' dir='ltr'><strong>ut,</strong></span> <span class='ocrx_word' id='word_1_212' title='bbox 1684 1887 2089 1953; x_wconf 78' lang='lat' dir='ltr'><strong>peregrinantes</strong></span> 
     </span>
    </p>
   </div>
   <div class='ocr_carea' id='block_1_34' title="bbox 512 1974 2090 2044">
    <p class='ocr_par' dir='ltr' id='par_1_34' title="bbox 512 1974 2090 2044">
     <span class='ocr_line' id='line_1_34' title="bbox 512 1974 2090 2044; baseline -0.001 -16"><span class='ocrx_word' id='word_1_213' title='bbox 512 1976 581 2028; x_wconf 90' lang='lat' dir='ltr'><strong>ad</strong></span> <span class='ocrx_word' id='word_1_214' title='bbox 618 1985 856 2037; x_wconf 77' lang='lat' dir='ltr'><strong>exteros,</strong></span> <span class='ocrx_word' id='word_1_215' title='bbox 898 1975 1144 2043; x_wconf 88' lang='lat' dir='ltr'><strong>ipsorum</strong></span> <span class='ocrx_word' id='word_1_216' title='bbox 1195 1974 1499 2029; x_wconf 79' lang='lat' dir='ltr'><strong>infortunia</strong></span> <span class='ocrx_word' id='word_1_217' title='bbox 1533 1975 1770 2044; x_wconf 81' lang='lat' dir='ltr'><strong>propriis</strong></span> <span class='ocrx_word' id='word_1_218' title='bbox 1800 1975 1977 2029; x_wconf 86' lang='lat' dir='ltr'><strong>oculis</strong></span> <span class='ocrx_word' id='word_1_219' title='bbox 2011 1976 2090 2027; x_wconf 79' lang='lat' dir='ltr'><strong>vi-</strong></span> 
     </span>
    </p>
   </div>
   <div class='ocr_carea' id='block_1_35' title="bbox 513 2067 2088 2136">
    <p class='ocr_par' dir='ltr' id='par_1_35' title="bbox 513 2067 2088 2136">
     <span class='ocr_line' id='line_1_35' title="bbox 513 2067 2088 2136; baseline -0.003 -11"><span class='ocrx_word' id='word_1_220' title='bbox 513 2071 805 2133; x_wconf 87' lang='lat' dir='ltr'><strong>deremus,</strong></span> <span class='ocrx_word' id='word_1_221' title='bbox 858 2078 1099 2122; x_wconf 84' lang='lat' dir='ltr'><strong>attamen</strong></span> <span class='ocrx_word' id='word_1_222' title='bbox 1151 2082 1256 2122; x_wconf 89' lang='lat' dir='ltr'><strong>non</strong></span> <span class='ocrx_word' id='word_1_223' title='bbox 1308 2067 1362 2121; x_wconf 89' lang='lat' dir='ltr'><strong>in</strong></span> <span class='ocrx_word' id='word_1_224' title='bbox 1416 2068 1618 2136; x_wconf 83' lang='lat' dir='ltr'><strong>angulo</strong></span> <span class='ocrx_word' id='word_1_225' title='bbox 1652 2067 1954 2128; x_wconf 83' lang='lat' dir='ltr'><strong>stertimus,</strong></span> <span class='ocrx_word' id='word_1_226' title='bbox 1996 2068 2088 2120; x_wconf 86' lang='lat' dir='ltr'><strong>sed</strong></span> 
     </span>
    </p>
   </div>
   <div class='ocr_carea' id='block_1_36' title="bbox 514 2157 2087 2227">
    <p class='ocr_par' dir='ltr' id='par_1_36' title="bbox 514 2157 2087 2227">
     <span class='ocr_line' id='line_1_36' title="bbox 514 2157 2087 2227; baseline -0.003 -13"><span class='ocrx_word' id='word_1_227' title='bbox 514 2160 569 2214; x_wconf 88' lang='lat' dir='ltr'><strong>in</strong></span> <span class='ocrx_word' id='word_1_228' title='bbox 606 2167 755 2216; x_wconf 88' lang='lat' dir='ltr'><strong>certo</strong></span> <span class='ocrx_word' id='word_1_229' title='bbox 786 2157 1080 2213; x_wconf 88' lang='lat' dir='ltr'><strong>constituti</strong></span> <span class='ocrx_word' id='word_1_230' title='bbox 1118 2173 1313 2213; x_wconf 85' lang='lat' dir='ltr'><strong>sumus</strong></span> <span class='ocrx_word' id='word_1_231' title='bbox 1361 2158 1508 2221; x_wconf 87' lang='lat' dir='ltr'><strong>loco,</strong></span> <span class='ocrx_word' id='word_1_232' title='bbox 1545 2158 1647 2212; x_wconf 85' lang='lat' dir='ltr'><strong>etsi</strong></span> <span class='ocrx_word' id='word_1_233' title='bbox 1688 2168 1879 2212; x_wconf 86' lang='lat' dir='ltr'><strong>natura</strong></span> <span class='ocrx_word' id='word_1_234' title='bbox 1927 2174 2087 2227; x_wconf 89' lang='lat' dir='ltr'><strong>quam</strong></span> 
     </span>
    </p>
   </div>
   <div class='ocr_carea' id='block_1_37' title="bbox 518 2249 2088 2320">
    <p class='ocr_par' dir='ltr' id='par_1_37' title="bbox 518 2249 2088 2320">
     <span class='ocr_line' id='line_1_37' title="bbox 518 2249 2088 2320; baseline -0.002 -16"><span class='ocrx_word' id='word_1_235' title='bbox 518 2251 745 2307; x_wconf 85' lang='lat' dir='ltr'><strong>minime</strong></span> <span class='ocrx_word' id='word_1_236' title='bbox 808 2250 876 2303; x_wconf 84' lang='lat' dir='ltr'><strong>ad</strong></span> <span class='ocrx_word' id='word_1_237' title='bbox 933 2254 1336 2320; x_wconf 87' lang='lat' dir='ltr'><strong>pernoscendas</strong></span> <span class='ocrx_word' id='word_1_238' title='bbox 1385 2267 1474 2306; x_wconf 88' lang='lat' dir='ltr'><strong>res</strong></span> <span class='ocrx_word' id='word_1_239' title='bbox 1532 2260 1847 2305; x_wconf 79' lang='lat' dir='ltr'><strong>exterorum</strong></span> <span class='ocrx_word' id='word_1_240' title='bbox 1907 2249 2088 2303; x_wconf 86' lang='lat' dir='ltr'><strong>idonei</strong></span> 
     </span>
    </p>
   </div>
   <div class='ocr_carea' id='block_1_38' title="bbox 520 2340 2089 2409">
    <p class='ocr_par' dir='ltr' id='par_1_38' title="bbox 520 2340 2089 2409">
     <span class='ocr_line' id='line_1_38' title="bbox 520 2340 2089 2409; baseline -0.002 -14"><span class='ocrx_word' id='word_1_241' title='bbox 520 2341 742 2395; x_wconf 88' lang='lat' dir='ltr'><strong>simus:</strong></span> <span class='ocrx_word' id='word_1_242' title='bbox 781 2342 873 2395; x_wconf 89' lang='lat' dir='ltr'><strong>sed</strong></span> <span class='ocrx_word' id='word_1_243' title='bbox 923 2341 1025 2396; x_wconf 88' lang='lat' dir='ltr'><strong>iste</strong></span> <span class='ocrx_word' id='word_1_244' title='bbox 1076 2342 1230 2396; x_wconf 89' lang='lat' dir='ltr'><strong>locus</strong></span> <span class='ocrx_word' id='word_1_245' title='bbox 1260 2342 1475 2409; x_wconf 68' lang='lat' dir='ltr'><strong>comam</strong></span> <span class='ocrx_word' id='word_1_246' title='bbox 1507 2340 1709 2409; x_wconf 80' lang='lat' dir='ltr'><strong>praebet</strong></span> <span class='ocrx_word' id='word_1_247' title='bbox 1743 2349 1958 2394; x_wconf 84' lang='lat' dir='ltr'><strong>exteros</strong></span> <span class='ocrx_word' id='word_1_248' title='bbox 1997 2344 2089 2392; x_wconf 84' lang='lat' dir='ltr'><strong>co-</strong></span> 
     </span>
    </p>
   </div>
   <div class='ocr_carea' id='block_1_39' title="bbox 512 2431 2090 2503">
    <p class='ocr_par' dir='ltr' id='par_1_39' title="bbox 512 2431 2090 2503">
     <span class='ocr_line' id='line_1_39' title="bbox 512 2431 2090 2503; baseline -0.003 -16"><span class='ocrx_word' id='word_1_249' title='bbox 512 2433 809 2503; x_wconf 75' lang='lat' dir='ltr'><strong>gnoscendi</strong></span> <span class='ocrx_word' id='word_1_250' title='bbox 865 2448 961 2502; x_wconf 86' lang='lat' dir='ltr'><strong>per</strong></span> <span class='ocrx_word' id='word_1_251' title='bbox 1013 2433 1162 2488; x_wconf 89' lang='lat' dir='ltr'><strong>mille</strong></span> <span class='ocrx_word' id='word_1_252' title='bbox 1211 2435 1651 2502; x_wconf 81' lang='lat' dir='ltr'><strong>peregrinantes,</strong></span> <span class='ocrx_word' id='word_1_253' title='bbox 1710 2432 1802 2499; x_wconf 91' lang='lat' dir='ltr'><strong>qui</strong></span> <span class='ocrx_word' id='word_1_254' title='bbox 1860 2431 2090 2500; x_wconf 83' lang='lat' dir='ltr'><strong>singulis</strong></span> 
     </span>
    </p>
   </div>
   <div class='ocr_carea' id='block_1_40' title="bbox 512 2520 2089 2590">
    <p class='ocr_par' dir='ltr' id='par_1_40' title="bbox 512 2520 2089 2590">
     <span class='ocr_line' id='line_1_40' title="bbox 512 2520 2089 2590; baseline -0.004 -11"><span class='ocrx_word' id='word_1_255' title='bbox 512 2525 708 2579; x_wconf 78' lang='lat' dir='ltr'><strong>diebus</strong></span> <span class='ocrx_word' id='word_1_256' title='bbox 738 2524 1024 2579; x_wconf 90' lang='lat' dir='ltr'><strong>nobiscum</strong></span> <span class='ocrx_word' id='word_1_257' title='bbox 1070 2532 1487 2579; x_wconf 82' lang='lat' dir='ltr'><strong>conversantur.</strong></span> <span class='ocrx_word' id='word_1_258' title='bbox 1526 2520 1699 2590; x_wconf 87' lang='lat' dir='ltr'><strong>Hujus</strong></span> <span class='ocrx_word' id='word_1_259' title='bbox 1736 2521 1813 2574; x_wconf 88' lang='lat' dir='ltr'><strong>rei</strong></span> <span class='ocrx_word' id='word_1_260' title='bbox 1855 2522 2089 2575; x_wconf 82' lang='lat' dir='ltr'><strong>mentio-</strong></span> 
     </span>
    </p>
   </div>
   <div class='ocr_carea' id='block_1_41' title="bbox 514 2612 2089 2684">
    <p class='ocr_par' dir='ltr' id='par_1_41' title="bbox 514 2612 2089 2684">
     <span class='ocr_line' id='line_1_41' title="bbox 514 2612 2089 2684; baseline -0.001 -15"><span class='ocrx_word' id='word_1_261' title='bbox 514 2631 639 2669; x_wconf 85' lang='lat' dir='ltr'><strong>nem</strong></span> <span class='ocrx_word' id='word_1_262' title='bbox 676 2614 932 2681; x_wconf 80' lang='lat' dir='ltr'><strong>feciinus,</strong></span> <span class='ocrx_word' id='word_1_263' title='bbox 993 2628 1062 2669; x_wconf 92' lang='lat' dir='ltr'><strong>ne</strong></span> <span class='ocrx_word' id='word_1_264' title='bbox 1112 2623 1270 2684; x_wconf 88' lang='lat' dir='ltr'><strong>putes</strong></span> <span class='ocrx_word' id='word_1_265' title='bbox 1319 2612 1698 2667; x_wconf 82' lang='lat' dir='ltr'><strong>tribulationes</strong></span> <span class='ocrx_word' id='word_1_266' title='bbox 1751 2621 1875 2668; x_wconf 86' lang='lat' dir='ltr'><strong>tuas</strong></span> <span class='ocrx_word' id='word_1_267' title='bbox 1931 2612 2089 2668; x_wconf 88' lang='lat' dir='ltr'><strong>nobis</strong></span> 
     </span>
    </p>
   </div>
   <div class='ocr_carea' id='block_1_42' title="bbox 511 2710 903 2779">
    <p class='ocr_par' dir='ltr' id='par_1_42' title="bbox 511 2710 903 2779">
     <span class='ocr_line' id='line_1_42' title="bbox 511 2710 903 2779; baseline 0.003 -17"><span class='ocrx_word' id='word_1_268' title='bbox 511 2710 729 2779; x_wconf 83' lang='lat' dir='ltr'><strong>ignotas</strong></span> <span class='ocrx_word' id='word_1_269' title='bbox 757 2722 903 2763; x_wconf 89' lang='lat' dir='ltr'><strong>esse.</strong></span> 
     </span>
    </p>
   </div>
   <div class='ocr_carea' id='block_1_43' title="bbox 585 2795 2088 2865">
    <p class='ocr_par' dir='ltr' id='par_1_43' title="bbox 585 2795 2088 2865">
     <span class='ocr_line' id='line_1_43' title="bbox 585 2795 2088 2865; baseline -0.003 -13"><span class='ocrx_word' id='word_1_270' title='bbox 585 2798 765 2856; x_wconf 77' lang='lat' dir='ltr'><strong>Hocce</strong></span> <span class='ocrx_word' id='word_1_271' title='bbox 808 2799 906 2854; x_wconf 89' lang='lat' dir='ltr'><strong>tibi</strong></span> <span class='ocrx_word' id='word_1_272' title='bbox 951 2799 1195 2855; x_wconf 86' lang='lat' dir='ltr'><strong>secundo</strong></span> <span class='ocrx_word' id='word_1_273' title='bbox 1242 2797 1591 2859; x_wconf 86' lang='lat' dir='ltr'><strong>mandamus,</strong></span> <span class='ocrx_word' id='word_1_274' title='bbox 1628 2796 1774 2864; x_wconf 90' lang='lat' dir='ltr'><strong>quod</strong></span> <span class='ocrx_word' id='word_1_275' title='bbox 1808 2795 2088 2865; x_wconf 85' lang='lat' dir='ltr'><strong>principa-</strong></span> 
     </span>
    </p>
   </div>
   <div class='ocr_carea' id='block_1_44' title="bbox 523 2884 2090 2955">
    <p class='ocr_par' dir='ltr' id='par_1_44' title="bbox 523 2884 2090 2955">
     <span class='ocr_line' id='line_1_44' title="bbox 523 2884 2090 2955; baseline -0.001 -15"><span class='ocrx_word' id='word_1_276' title='bbox 523 2899 638 2942; x_wconf 92' lang='lat' dir='ltr'><strong>tum</strong></span> <span class='ocrx_word' id='word_1_277' title='bbox 673 2898 826 2942; x_wconf 90' lang='lat' dir='ltr'><strong>tuum</strong></span> <span class='ocrx_word' id='word_1_278' title='bbox 874 2888 1017 2943; x_wconf 89' lang='lat' dir='ltr'><strong>haud</strong></span> <span class='ocrx_word' id='word_1_279' title='bbox 1064 2887 1441 2955; x_wconf 86' lang='lat' dir='ltr'><strong>ignoravimus</strong></span> <span class='ocrx_word' id='word_1_280' title='bbox 1474 2887 1701 2955; x_wconf 87' lang='lat' dir='ltr'><strong>etquod</strong></span> <span class='ocrx_word' id='word_1_281' title='bbox 1732 2884 2090 2953; x_wconf 82' lang='lat' dir='ltr'><strong>intelligentia</strong></span> 
     </span>
    </p>
   </div>
   <div class='ocr_carea' id='block_1_45' title="bbox 509 2976 2089 3041">
    <p class='ocr_par' dir='ltr' id='par_1_45' title="bbox 509 2976 2089 3041">
     <span class='ocr_line' id='line_1_45' title="bbox 509 2976 2089 3041; baseline -0.005 -6"><span class='ocrx_word' id='word_1_282' title='bbox 509 2992 602 3035; x_wconf 85' lang='lat' dir='ltr'><strong>tua</strong></span> <span class='ocrx_word' id='word_1_283' title='bbox 636 2979 835 3033; x_wconf 81' lang='lat' dir='ltr'><strong>nonad</strong></span> <span class='ocrx_word' id='word_1_284' title='bbox 873 2979 1081 3040; x_wconf 81' lang='lat' dir='ltr'><strong>luxum,</strong></span> <span class='ocrx_word' id='word_1_285' title='bbox 1115 2978 1305 3033; x_wconf 87' lang='lat' dir='ltr'><strong>nonad</strong></span> <span class='ocrx_word' id='word_1_286' title='bbox 1330 2977 1577 3041; x_wconf 85' lang='lat' dir='ltr'><strong>delicias,</strong></span> <span class='ocrx_word' id='word_1_287' title='bbox 1608 2992 1717 3032; x_wconf 88' lang='lat' dir='ltr'><strong>non</strong></span> <span class='ocrx_word' id='word_1_288' title='bbox 1751 2976 1818 3030; x_wconf 90' lang='lat' dir='ltr'><strong>ad</strong></span> <span class='ocrx_word' id='word_1_289' title='bbox 1856 2976 2089 3029; x_wconf 86' lang='lat' dir='ltr'><strong>munda-</strong></span> 
     </span>
    </p>
   </div>
   <div class='ocr_carea' id='block_1_46' title="bbox 2196 1875 3763 1951">
    <p class='ocr_par' dir='ltr' id='par_1_46' title="bbox 2196 1875 3763 1951">
     <span class='ocr_line' id='line_1_46' title="bbox 2196 1875 3763 1951; baseline 0 -19"><span class='ocrx_word' id='word_1_290' title='bbox 2196 1897 2377 1946; x_wconf 88' lang='grc' dir='ltr'>μασιν,</span> <span class='ocrx_word' id='word_1_291' title='bbox 2407 1876 2486 1942; x_wconf 75' lang='grc' dir='ltr'>οἷς</span> <span class='ocrx_word' id='word_1_292' title='bbox 2534 1875 2722 1933; x_wconf 73' lang='grc' dir='ltr'>οἶδενὸ</span> <span class='ocrx_word' id='word_1_293' title='bbox 2749 1880 3021 1950; x_wconf 81' lang='grc' dir='ltr'>πάνσοφος</span> <span class='ocrx_word' id='word_1_294' title='bbox 3074 1880 3174 1949; x_wconf 85' lang='grc' dir='ltr'><strong>τῆς</strong></span> <span class='ocrx_word' id='word_1_295' title='bbox 3223 1879 3364 1950; x_wconf 77' lang='grc' dir='ltr'>ζωῆς</span> <span class='ocrx_word' id='word_1_296' title='bbox 3412 1881 3567 1951; x_wconf 80' lang='grc' dir='ltr'>ἡμῶν</span> <span class='ocrx_word' id='word_1_297' title='bbox 3606 1882 3763 1932; x_wconf 82' lang='grc' dir='ltr'>Οἰκο-</span> 
     </span>
    </p>
   </div>
   <div class='ocr_carea' id='block_1_47' title="bbox 2192 1971 3761 2043">
    <p class='ocr_par' dir='ltr' id='par_1_47' title="bbox 2192 1971 3761 2043">
     <span class='ocr_line' id='line_1_47' title="bbox 2192 1971 3761 2043; baseline 0.001 -19"><span class='ocrx_word' id='word_1_298' title='bbox 2192 1972 2373 2041; x_wconf 74' lang='grc' dir='ltr'>νόμος,</span> <span class='ocrx_word' id='word_1_299' title='bbox 2426 1972 2493 2025; x_wconf 86' lang='grc' dir='ltr'>τὰ</span> <span class='ocrx_word' id='word_1_300' title='bbox 2546 1972 2656 2023; x_wconf 88' lang='grc' dir='ltr'><strong>τῶν</strong></span> <span class='ocrx_word' id='word_1_301' title='bbox 2685 1971 3065 2036; x_wconf 83' lang='grc' dir='ltr'>ξενιτευόντων</span> <span class='ocrx_word' id='word_1_302' title='bbox 3106 1972 3211 2042; x_wconf 76' lang='grc' dir='ltr'>ἰδίᾳ</span> <span class='ocrx_word' id='word_1_303' title='bbox 3264 1974 3363 2026; x_wconf 78' lang='grc' dir='ltr'>οὐκ</span> <span class='ocrx_word' id='word_1_304' title='bbox 3407 1973 3761 2043; x_wconf 78' lang='grc' dir='ltr'>ἐδιδάχθημεν</span> 
     </span>
    </p>
   </div>
   <div class='ocr_carea' id='block_1_48' title="bbox 2193 2064 3758 2135">
    <p class='ocr_par' dir='ltr' id='par_1_48' title="bbox 2193 2064 3758 2135">
     <span class='ocr_line' id='line_1_48' title="bbox 2193 2064 3758 2135; baseline 0.003 -20"><span class='ocrx_word' id='word_1_305' title='bbox 2193 2064 2445 2134; x_wconf 79' lang='grc' dir='ltr'>ξενιτείᾳ,</span> <span class='ocrx_word' id='word_1_306' title='bbox 2504 2065 2655 2133; x_wconf 85' lang='grc' dir='ltr'>ὅμως</span> <span class='ocrx_word' id='word_1_307' title='bbox 2693 2066 2791 2117; x_wconf 81' lang='grc' dir='ltr'><strong>οὐκ</strong></span> <span class='ocrx_word' id='word_1_308' title='bbox 2840 2066 3009 2134; x_wconf 85' lang='grc' dir='ltr'>ἐσμὲν</span> <span class='ocrx_word' id='word_1_309' title='bbox 3056 2066 3114 2117; x_wconf 78' lang='grc' dir='ltr'>ὲν</span> <span class='ocrx_word' id='word_1_310' title='bbox 3166 2066 3337 2135; x_wconf 74' lang='grc' dir='ltr'>γωνίᾳ</span> <span class='ocrx_word' id='word_1_311' title='bbox 3384 2066 3758 2133; x_wconf 76' lang='grc' dir='ltr'>καθεύδοντες,</span> 
     </span>
    </p>
   </div>
   <div class='ocr_carea' id='block_1_49' title="bbox 2191 2148 3761 2229">
    <p class='ocr_par' dir='ltr' id='par_1_49' title="bbox 2191 2148 3761 2229">
     <span class='ocr_line' id='line_1_49' title="bbox 2191 2148 3761 2229; baseline 0.003 -22"><span class='ocrx_word' id='word_1_312' title='bbox 2191 2153 2327 2207; x_wconf 83' lang='grc' dir='ltr'>ἀλλά</span> <span class='ocrx_word' id='word_1_313' title='bbox 2364 2152 2656 2222; x_wconf 81' lang='grc' dir='ltr'>ταχθέντες</span> <span class='ocrx_word' id='word_1_314' title='bbox 2685 2148 2767 2214; x_wconf 77' lang='grc' dir='ltr'><strong>οἷς</strong></span> <span class='ocrx_word' id='word_1_315' title='bbox 2790 2156 3120 2223; x_wconf 80' lang='grc' dir='ltr'>ἐτάχθημεν,</span> <span class='ocrx_word' id='word_1_316' title='bbox 3148 2158 3195 2208; x_wconf 82' lang='grc' dir='ltr'><strong>εί</strong></span> <span class='ocrx_word' id='word_1_317' title='bbox 3228 2156 3322 2208; x_wconf 80' lang='grc' dir='ltr'><strong>καὶ</strong></span> <span class='ocrx_word' id='word_1_318' title='bbox 3377 2157 3598 2210; x_wconf 89' lang='grc' dir='ltr'>πάντων</span> <span class='ocrx_word' id='word_1_319' title='bbox 3618 2154 3761 2229; x_wconf 82' lang='grc' dir='ltr'>ἦμεν</span> 
     </span>
    </p>
   </div>
   <div class='ocr_carea' id='block_1_50' title="bbox 2190 2245 3759 2316">
    <p class='ocr_par' dir='ltr' id='par_1_50' title="bbox 2190 2245 3759 2316">
     <span class='ocr_line' id='line_1_50' title="bbox 2190 2245 3759 2316; baseline 0.005 -20"><span class='ocrx_word' id='word_1_320' title='bbox 2190 2245 2354 2313; x_wconf 84' lang='grc' dir='ltr'>τυχὸν</span> <span class='ocrx_word' id='word_1_321' title='bbox 2386 2245 2716 2312; x_wconf 81' lang='grc' dir='ltr'>άφυὲστατοι</span> <span class='ocrx_word' id='word_1_322' title='bbox 2768 2246 2902 2315; x_wconf 80' lang='grc' dir='ltr'>πρὸς</span> <span class='ocrx_word' id='word_1_323' title='bbox 2935 2246 2996 2298; x_wconf 85' lang='grc' dir='ltr'><strong>τὸ</strong></span> <span class='ocrx_word' id='word_1_324' title='bbox 3032 2247 3222 2316; x_wconf 79' lang='grc' dir='ltr'>μαθεῖν</span> <span class='ocrx_word' id='word_1_325' title='bbox 3250 2248 3317 2301; x_wconf 82' lang='grc' dir='ltr'><strong>τά</strong></span> <span class='ocrx_word' id='word_1_326' title='bbox 3370 2249 3479 2302; x_wconf 89' lang='grc' dir='ltr'><strong>τῶν</strong></span> <span class='ocrx_word' id='word_1_327' title='bbox 3523 2250 3759 2313; x_wconf 80' lang='grc' dir='ltr'>ξενιτευ-</span> 
     </span>
    </p>
   </div>
   <div class='ocr_carea' id='block_1_51' title="bbox 2190 2336 3759 2412">
    <p class='ocr_par' dir='ltr' id='par_1_51' title="bbox 2190 2336 3759 2412">
     <span class='ocr_line' id='line_1_51' title="bbox 2190 2336 3759 2412; baseline 0.004 -24"><span class='ocrx_word' id='word_1_328' title='bbox 2190 2336 2376 2389; x_wconf 85' lang='grc' dir='ltr'>όντων·</span> <span class='ocrx_word' id='word_1_329' title='bbox 2405 2336 2530 2390; x_wconf 80' lang='grc' dir='ltr'>ἀλλ’</span> <span class='ocrx_word' id='word_1_330' title='bbox 2564 2336 2767 2405; x_wconf 80' lang='grc' dir='ltr'>ήτάξις</span> <span class='ocrx_word' id='word_1_331' title='bbox 2788 2338 2855 2406; x_wconf 77' lang='grc' dir='ltr'>ἢν</span> <span class='ocrx_word' id='word_1_332' title='bbox 2886 2337 3153 2406; x_wconf 70' lang='grc' dir='ltr'>ἐλάχομεν</span> <span class='ocrx_word' id='word_1_333' title='bbox 3177 2340 3417 2410; x_wconf 84' lang='grc' dir='ltr'>παρέσχε</span> <span class='ocrx_word' id='word_1_334' title='bbox 3441 2340 3539 2412; x_wconf 78' lang='grc' dir='ltr'><strong>τὴν</strong></span> <span class='ocrx_word' id='word_1_335' title='bbox 3560 2341 3759 2408; x_wconf 84' lang='grc' dir='ltr'>γνῶσιν</span> 
     </span>
    </p>
   </div>
   <div class='ocr_carea' id='block_1_52' title="bbox 2191 2426 3759 2502">
    <p class='ocr_par' dir='ltr' id='par_1_52' title="bbox 2191 2426 3759 2502">
     <span class='ocr_line' id='line_1_52' title="bbox 2191 2426 3759 2502; baseline 0.003 -21"><span class='ocrx_word' id='word_1_336' title='bbox 2191 2428 2288 2497; x_wconf 83' lang='grc' dir='ltr'>τῆς</span> <span class='ocrx_word' id='word_1_337' title='bbox 2329 2426 2593 2491; x_wconf 84' lang='grc' dir='ltr'>ξενιτείας</span> <span class='ocrx_word' id='word_1_338' title='bbox 2629 2432 2841 2498; x_wconf 86' lang='grc' dir='ltr'>μυρίων</span> <span class='ocrx_word' id='word_1_339' title='bbox 2897 2429 3033 2480; x_wconf 86' lang='grc' dir='ltr'>καθ’</span> <span class='ocrx_word' id='word_1_340' title='bbox 3088 2430 3328 2501; x_wconf 82' lang='grc' dir='ltr'>ἑκάστην</span> <span class='ocrx_word' id='word_1_341' title='bbox 3369 2432 3759 2502; x_wconf 71' lang='grc' dir='ltr'>προσομιλοῦν-</span> 
     </span>
    </p>
   </div>
   <div class='ocr_carea' id='block_1_53' title="bbox 2190 2520 3757 2593">
    <p class='ocr_par' dir='ltr' id='par_1_53' title="bbox 2190 2520 3757 2593">
     <span class='ocr_line' id='line_1_53' title="bbox 2190 2520 3757 2593; baseline 0.003 -21"><span class='ocrx_word' id='word_1_342' title='bbox 2190 2537 2319 2582; x_wconf 84' lang='grc' dir='ltr'>των,</span> <span class='ocrx_word' id='word_1_343' title='bbox 2339 2521 2495 2581; x_wconf 84' lang='grc' dir='ltr'>ὅσους</span> <span class='ocrx_word' id='word_1_344' title='bbox 2528 2523 2558 2587; x_wconf 80' lang='grc' dir='ltr'>ἡ</span> <span class='ocrx_word' id='word_1_345' title='bbox 2590 2520 2655 2571; x_wconf 75' lang='grc' dir='ltr'><strong>ἐκ</strong></span> <span class='ocrx_word' id='word_1_346' title='bbox 2683 2520 2884 2589; x_wconf 81' lang='grc' dir='ltr'>ταύτης</span> <span class='ocrx_word' id='word_1_347' title='bbox 2910 2521 3119 2590; x_wconf 84' lang='grc' dir='ltr'>συνέχει</span> <span class='ocrx_word' id='word_1_348' title='bbox 3159 2524 3524 2593; x_wconf 81' lang='grc' dir='ltr'>ταλαιπωρία.</span> <span class='ocrx_word' id='word_1_349' title='bbox 3556 2523 3757 2576; x_wconf 86' lang='grc' dir='ltr'>Τούτου</span> 
     </span>
    </p>
   </div>
   <div class='ocr_carea' id='block_1_54' title="bbox 2194 2609 3755 2687">
    <p class='ocr_par' dir='ltr' id='par_1_54' title="bbox 2194 2609 3755 2687">
     <span class='ocr_line' id='line_1_54' title="bbox 2194 2609 3755 2687; baseline 0.022 -34"><span class='ocrx_word' id='word_1_350' title='bbox 2194 2611 2457 2682; x_wconf 79' lang='grc' dir='ltr'>πρότερον</span> <span class='ocrx_word' id='word_1_351' title='bbox 2493 2609 2846 2681; x_wconf 71' lang='grc' dir='ltr'>ἐμνήσθημεν</span> <span class='ocrx_word' id='word_1_352' title='bbox 2877 2611 2964 2665; x_wconf 87' lang='grc' dir='ltr'><strong>ἵνα</strong></span> <span class='ocrx_word' id='word_1_353' title='bbox 3004 2614 3132 2675; x_wconf 79' lang='grc' dir='ltr'>τοὺς</span> <span class='ocrx_word' id='word_1_354' title='bbox 3177 2614 3367 2682; x_wconf 81' lang='grc' dir='ltr'>λόγους</span> <span class='ocrx_word' id='word_1_355' title='bbox 3428 2616 3755 2687; x_wconf 62' lang='grc' dir='ltr'><strong>ἀπορῤίψῃῖο</strong></span> 
     </span>
    </p>
   </div>
   <div class='ocr_carea' id='block_1_55' title="bbox 2191 2702 3616 2774">
    <p class='ocr_par' dir='ltr' id='par_1_55' title="bbox 2191 2702 3616 2774">
     <span class='ocr_line' id='line_1_55' title="bbox 2191 2702 3616 2774; baseline 0.001 -19"><span class='ocrx_word' id='word_1_356' title='bbox 2191 2704 2266 2766; x_wconf 83' lang='grc' dir='ltr'><strong>ὡς</strong></span> <span class='ocrx_word' id='word_1_357' title='bbox 2296 2702 2598 2771; x_wconf 82' lang='grc' dir='ltr'>ἀγνοοῦμεν</span> <span class='ocrx_word' id='word_1_358' title='bbox 2621 2703 2720 2763; x_wconf 76' lang='grc' dir='ltr'><strong>τὰς</strong></span> <span class='ocrx_word' id='word_1_359' title='bbox 2760 2702 3268 2772; x_wconf 78' lang='grc' dir='ltr'>περιστοιχιζούσας</span> <span class='ocrx_word' id='word_1_360' title='bbox 3298 2722 3358 2757; x_wconf 91' lang='grc' dir='ltr'><strong>σε</strong></span> <span class='ocrx_word' id='word_1_361' title='bbox 3391 2705 3616 2774; x_wconf 69' lang='grc' dir='ltr'>θλίψεις.</span> 
     </span>
    </p>
   </div>
   <div class='ocr_carea' id='block_1_56' title="bbox 2263 2793 3761 2869">
    <p class='ocr_par' dir='ltr' id='par_1_56' title="bbox 2263 2793 3761 2869">
     <span class='ocr_line' id='line_1_56' title="bbox 2263 2793 3761 2869; baseline 0.003 -22"><span class='ocrx_word' id='word_1_362' title='bbox 2263 2795 2524 2861; x_wconf 86' lang='grc' dir='ltr'>Δεύτερον</span> <span class='ocrx_word' id='word_1_363' title='bbox 2548 2794 2605 2846; x_wconf 75' lang='grc' dir='ltr'>δὲ</span> <span class='ocrx_word' id='word_1_364' title='bbox 2645 2793 2806 2846; x_wconf 84' lang='grc' dir='ltr'>τοῦτό</span> <span class='ocrx_word' id='word_1_365' title='bbox 2835 2811 2917 2847; x_wconf 90' lang='grc' dir='ltr'><strong>σοι</strong></span> <span class='ocrx_word' id='word_1_366' title='bbox 2943 2795 3244 2866; x_wconf 76' lang='grc' dir='ltr'>γράφομεν,</span> <span class='ocrx_word' id='word_1_367' title='bbox 3276 2798 3356 2850; x_wconf 80' lang='grc' dir='ltr'><strong>ὅτι</strong></span> <span class='ocrx_word' id='word_1_368' title='bbox 3382 2815 3486 2867; x_wconf 85' lang='grc' dir='ltr'><strong>περ</strong></span> <span class='ocrx_word' id='word_1_369' title='bbox 3516 2796 3634 2851; x_wconf 77' lang='grc' dir='ltr'>οὐδὲ</span> <span class='ocrx_word' id='word_1_370' title='bbox 3662 2798 3761 2869; x_wconf 73' lang='grc' dir='ltr'>τὴν</span> 
     </span>
    </p>
   </div>
   <div class='ocr_carea' id='block_1_57' title="bbox 2197 2885 3759 2961">
    <p class='ocr_par' dir='ltr' id='par_1_57' title="bbox 2197 2885 3759 2961">
     <span class='ocr_line' id='line_1_57' title="bbox 2197 2885 3759 2961; baseline 0.001 -21"><span class='ocrx_word' id='word_1_371' title='bbox 2197 2886 2378 2955; x_wconf 83' lang='grc' dir='ltr'>ἀρχὴν</span> <span class='ocrx_word' id='word_1_372' title='bbox 2414 2885 2667 2955; x_wconf 69' lang='grc' dir='ltr'>ἠγνόουν,</span> <span class='ocrx_word' id='word_1_373' title='bbox 2704 2886 2778 2948; x_wconf 83' lang='grc' dir='ltr'>ὡς</span> <span class='ocrx_word' id='word_1_374' title='bbox 2795 2886 2894 2939; x_wconf 81' lang='grc' dir='ltr'><strong>οὐκ</strong></span> <span class='ocrx_word' id='word_1_375' title='bbox 2925 2890 3007 2949; x_wconf 87' lang='grc' dir='ltr'><strong>είς</strong></span> <span class='ocrx_word' id='word_1_376' title='bbox 3048 2888 3247 2951; x_wconf 82' lang='grc' dir='ltr'>ἄνεσιν,</span> <span class='ocrx_word' id='word_1_377' title='bbox 3282 2888 3391 2941; x_wconf 81' lang='grc' dir='ltr'>οὐδ’</span> <span class='ocrx_word' id='word_1_378' title='bbox 3436 2890 3517 2950; x_wconf 76' lang='grc' dir='ltr'>εἰς</span> <span class='ocrx_word' id='word_1_379' title='bbox 3547 2890 3759 2961; x_wconf 77' lang='grc' dir='ltr'>τρυφὴν</span> 
     </span>
    </p>
   </div>
   <div class='ocr_carea' id='block_1_58' title="bbox 2194 2977 3759 3051">
    <p class='ocr_par' dir='ltr' id='par_1_58' title="bbox 2194 2977 3759 3051">
     <span class='ocr_line' id='line_1_58' title="bbox 2194 2977 3759 3051; baseline 0.001 -20"><span class='ocrx_word' id='word_1_380' title='bbox 2194 2982 2288 3031; x_wconf 70' lang='grc' dir='ltr'>καὶ</span> <span class='ocrx_word' id='word_1_381' title='bbox 2310 2978 2582 3047; x_wconf 78' lang='grc' dir='ltr'>κοσμικὴν</span> <span class='ocrx_word' id='word_1_382' title='bbox 2608 2993 2729 3031; x_wconf 86' lang='grc' dir='ltr'>τινα</span> <span class='ocrx_word' id='word_1_383' title='bbox 2759 2977 2917 3043; x_wconf 77' lang='grc' dir='ltr'>δόξαν</span> <span class='ocrx_word' id='word_1_384' title='bbox 2938 2995 2997 3030; x_wconf 85' lang='grc' dir='ltr'><strong>τε</strong></span> <span class='ocrx_word' id='word_1_385' title='bbox 3027 2980 3119 3031; x_wconf 76' lang='grc' dir='ltr'><strong>καὶ</strong></span> <span class='ocrx_word' id='word_1_386' title='bbox 3142 2980 3307 3049; x_wconf 86' lang='grc' dir='ltr'>τιμὴν</span> <span class='ocrx_word' id='word_1_387' title='bbox 3327 2981 3361 3049; x_wconf 80' lang='grc' dir='ltr'><strong>η</strong></span> <span class='ocrx_word' id='word_1_388' title='bbox 3391 2979 3455 3051; x_wconf 82' lang='grc' dir='ltr'>σὴ</span> <span class='ocrx_word' id='word_1_389' title='bbox 3479 2980 3759 3034; x_wconf 74' lang='grc' dir='ltr'>στέλλεται</span> 
     </span>
    </p>
   </div>
   <div class='ocr_carea' id='block_1_59' title="bbox 512 3067 2084 3150">
    <p class='ocr_par' dir='ltr' id='par_1_59' title="bbox 512 3067 2080 3142">
     <span class='ocr_line' id='line_1_59' title="bbox 512 3067 2080 3142; baseline -0.006 -13"><span class='ocrx_word' id='word_1_390' title='bbox 512 3088 636 3129; x_wconf 84' lang='lat' dir='ltr'><strong>nam</strong></span> <span class='ocrx_word' id='word_1_391' title='bbox 686 3072 935 3142; x_wconf 88' lang='lat' dir='ltr'><strong>gloriam,</strong></span> <span class='ocrx_word' id='word_1_392' title='bbox 992 3083 1171 3139; x_wconf 83' lang='lat' dir='ltr'><strong>neque</strong></span> <span class='ocrx_word' id='word_1_393' title='bbox 1226 3070 1292 3124; x_wconf 85' lang='lat' dir='ltr'><strong>ad</strong></span> <span class='ocrx_word' id='word_1_394' title='bbox 1340 3085 1509 3124; x_wconf 84' lang='lat' dir='ltr'><strong>vanos</strong></span> <span class='ocrx_word' id='word_1_395' title='bbox 1541 3070 1779 3123; x_wconf 83' lang='lat' dir='ltr'><strong>honores</strong></span> <span class='ocrx_word' id='word_1_396' title='bbox 1830 3067 2080 3130; x_wconf 87' lang='lat' dir='ltr'><strong>intendit,</strong></span> 
     </span>
    </p>
   </div>
   <div class='ocr_carea' id='block_1_60' title="bbox 2188 3067 3762 3150">
    <p class='ocr_par' dir='ltr' id='par_1_60' title="bbox 2196 3068 3762 3140">
     <span class='ocr_line' id='line_1_60' title="bbox 2196 3068 3762 3140; baseline 0 -16"><span class='ocrx_word' id='word_1_397' title='bbox 2196 3070 2431 3133; x_wconf 86' lang='grc' dir='ltr'>σύνεσις,</span> <span class='ocrx_word' id='word_1_398' title='bbox 2466 3068 2582 3120; x_wconf 83' lang='grc' dir='ltr'>ἀλλ’</span> <span class='ocrx_word' id='word_1_399' title='bbox 2613 3068 2692 3129; x_wconf 82' lang='grc' dir='ltr'><strong>είς</strong></span> <span class='ocrx_word' id='word_1_400' title='bbox 2727 3068 2921 3131; x_wconf 88' lang='grc' dir='ltr'>πόνους</span> <span class='ocrx_word' id='word_1_401' title='bbox 2983 3069 3078 3123; x_wconf 74' lang='grc' dir='ltr'><strong>καὶ</strong></span> <span class='ocrx_word' id='word_1_402' title='bbox 3122 3071 3402 3140; x_wconf 85' lang='grc' dir='ltr'>καμάτους</span> <span class='ocrx_word' id='word_1_403' title='bbox 3439 3073 3533 3125; x_wconf 79' lang='grc' dir='ltr'>καὶ</span> <span class='ocrx_word' id='word_1_404' title='bbox 3578 3089 3762 3125; x_wconf 84' lang='grc' dir='ltr'>στενο-</span> 
     </span>
    </p>
   </div>
   <div class='ocr_carea' id='block_1_61' title="bbox 514 3159 2084 3230">
    <p class='ocr_par' dir='ltr' id='par_1_61' title="bbox 514 3159 2084 3230">
     <span class='ocr_line' id='line_1_61' title="bbox 514 3159 2084 3230; baseline -0.004 -13"><span class='ocrx_word' id='word_1_405' title='bbox 514 3180 701 3218; x_wconf 73' lang='lat' dir='ltr'><strong>verum</strong></span> <span class='ocrx_word' id='word_1_406' title='bbox 746 3165 812 3219; x_wconf 89' lang='lat' dir='ltr'><strong>ad</strong></span> <span class='ocrx_word' id='word_1_407' title='bbox 848 3163 1086 3227; x_wconf 86' lang='lat' dir='ltr'><strong>labores,</strong></span> <span class='ocrx_word' id='word_1_408' title='bbox 1123 3162 1190 3217; x_wconf 88' lang='lat' dir='ltr'><strong>ad</strong></span> <span class='ocrx_word' id='word_1_409' title='bbox 1221 3162 1473 3227; x_wconf 88' lang='lat' dir='ltr'><strong>sudores,</strong></span> <span class='ocrx_word' id='word_1_410' title='bbox 1517 3161 1585 3215; x_wconf 92' lang='lat' dir='ltr'><strong>ad</strong></span> <span class='ocrx_word' id='word_1_411' title='bbox 1620 3159 2084 3230; x_wconf 81' lang='lat' dir='ltr'><strong>ipsasangustias.</strong></span> 
     </span>
    </p>
   </div>
   <div class='ocr_carea' id='block_1_62' title="bbox 518 3251 2085 3323">
    <p class='ocr_par' dir='ltr' id='par_1_62' title="bbox 518 3251 2085 3323">
     <span class='ocr_line' id='line_1_62' title="bbox 518 3251 2085 3323; baseline -0.005 -14"><span class='ocrx_word' id='word_1_412' title='bbox 518 3256 642 3312; x_wconf 65' lang='lat' dir='ltr'><strong>Haec</strong></span> <span class='ocrx_word' id='word_1_413' title='bbox 694 3264 901 3319; x_wconf 88' lang='lat' dir='ltr'><strong>autem,</strong></span> <span class='ocrx_word' id='word_1_414' title='bbox 960 3269 1068 3309; x_wconf 90' lang='lat' dir='ltr'><strong>non</strong></span> <span class='ocrx_word' id='word_1_415' title='bbox 1121 3256 1280 3323; x_wconf 85' lang='lat' dir='ltr'><strong>quasi</strong></span> <span class='ocrx_word' id='word_1_416' title='bbox 1327 3254 1531 3309; x_wconf 93' lang='lat' dir='ltr'><strong>oblitus</strong></span> <span class='ocrx_word' id='word_1_417' title='bbox 1589 3266 1764 3312; x_wconf 83' lang='lat' dir='ltr'><strong>esses,</strong></span> <span class='ocrx_word' id='word_1_418' title='bbox 1812 3251 1907 3303; x_wconf 85' lang='lat' dir='ltr'><strong>tibi</strong></span> <span class='ocrx_word' id='word_1_419' title='bbox 1960 3257 2085 3302; x_wconf 87' lang='lat' dir='ltr'><strong>ante</strong></span> 
     </span>
    </p>
   </div>
   <div class='ocr_carea' id='block_1_63' title="bbox 513 3340 2083 3415">
    <p class='ocr_par' dir='ltr' id='par_1_63' title="bbox 513 3340 2083 3415">
     <span class='ocr_line' id='line_1_63' title="bbox 513 3340 2083 3415; baseline -0.004 -16"><span class='ocrx_word' id='word_1_420' title='bbox 513 3347 927 3415; x_wconf 86' lang='lat' dir='ltr'><strong>itnpositionem</strong></span> <span class='ocrx_word' id='word_1_421' title='bbox 961 3360 1156 3401; x_wconf 85' lang='lat' dir='ltr'><strong>manus</strong></span> <span class='ocrx_word' id='word_1_422' title='bbox 1191 3353 1391 3399; x_wconf 68' lang='lat' dir='ltr'><strong>nostra:</strong></span> <span class='ocrx_word' id='word_1_423' title='bbox 1441 3343 1664 3398; x_wconf 86' lang='lat' dir='ltr'><strong>humilis</strong></span> <span class='ocrx_word' id='word_1_424' title='bbox 1697 3340 2083 3409; x_wconf 75' lang='lat' dir='ltr'><strong>praediximus:</strong></span> 
     </span>
    </p>
   </div>
   <div class='ocr_carea' id='block_1_64' title="bbox 509 3432 2086 3508">
    <p class='ocr_par' dir='ltr' id='par_1_64' title="bbox 509 3432 2086 3508">
     <span class='ocr_line' id='line_1_64' title="bbox 509 3432 2086 3508; baseline -0.006 -14"><span class='ocrx_word' id='word_1_425' title='bbox 509 3449 563 3494; x_wconf 91' lang='lat' dir='ltr'><strong>tn</strong></span> <span class='ocrx_word' id='word_1_426' title='bbox 596 3450 774 3494; x_wconf 89' lang='lat' dir='ltr'><strong>autem</strong></span> <span class='ocrx_word' id='word_1_427' title='bbox 807 3437 1086 3508; x_wconf 79' lang='lat' dir='ltr'><strong>professus</strong></span> <span class='ocrx_word' id='word_1_428' title='bbox 1136 3452 1215 3500; x_wconf 90' lang='lat' dir='ltr'><strong>es,</strong></span> <span class='ocrx_word' id='word_1_429' title='bbox 1252 3437 1437 3491; x_wconf 88' lang='lat' dir='ltr'><strong>divino</strong></span> <span class='ocrx_word' id='word_1_430' title='bbox 1489 3449 1614 3489; x_wconf 89' lang='lat' dir='ltr'><strong>cum</strong></span> <span class='ocrx_word' id='word_1_431' title='bbox 1648 3432 1876 3497; x_wconf 76' lang='lat' dir='ltr'><strong>auxilio,</strong></span> <span class='ocrx_word' id='word_1_432' title='bbox 1924 3445 2086 3485; x_wconf 88' lang='lat' dir='ltr'><strong>omne</strong></span> 
     </span>
    </p>
   </div>
   <div class='ocr_carea' id='block_1_65' title="bbox 510 3523 2087 3598">
    <p class='ocr_par' dir='ltr' id='par_1_65' title="bbox 510 3523 2087 3598">
     <span class='ocr_line' id='line_1_65' title="bbox 510 3523 2087 3598; baseline -0.006 -12"><span class='ocrx_word' id='word_1_433' title='bbox 510 3533 883 3595; x_wconf 88' lang='lat' dir='ltr'><strong>obstaculum,</strong></span> <span class='ocrx_word' id='word_1_434' title='bbox 918 3544 1083 3584; x_wconf 85' lang='lat' dir='ltr'><strong>omne</strong></span> <span class='ocrx_word' id='word_1_435' title='bbox 1128 3528 1428 3598; x_wconf 87' lang='lat' dir='ltr'><strong>periculum</strong></span> <span class='ocrx_word' id='word_1_436' title='bbox 1476 3536 1596 3581; x_wconf 85' lang='lat' dir='ltr'><strong>ate</strong></span> <span class='ocrx_word' id='word_1_437' title='bbox 1645 3540 1742 3579; x_wconf 91' lang='lat' dir='ltr'><strong>ceu</strong></span> <span class='ocrx_word' id='word_1_438' title='bbox 1771 3538 1869 3594; x_wconf 89' lang='lat' dir='ltr'><strong>pro</strong></span> <span class='ocrx_word' id='word_1_439' title='bbox 1915 3523 2087 3581; x_wconf 87' lang='lat' dir='ltr'><strong>nihilo</strong></span> 
     </span>
    </p>
   </div>
   <div class='ocr_carea' id='block_1_66' title="bbox 509 3618 2083 3691">
    <p class='ocr_par' dir='ltr' id='par_1_66' title="bbox 509 3618 2083 3691">
     <span class='ocr_line' id='line_1_66' title="bbox 509 3618 2083 3691; baseline -0.006 -13"><span class='ocrx_word' id='word_1_440' title='bbox 509 3631 824 3691; x_wconf 87' lang='lat' dir='ltr'><strong>rcputatum</strong></span> <span class='ocrx_word' id='word_1_441' title='bbox 880 3622 979 3686; x_wconf 88' lang='lat' dir='ltr'><strong>iri;</strong></span> <span class='ocrx_word' id='word_1_442' title='bbox 1030 3630 1087 3676; x_wconf 83' lang='lat' dir='ltr'><strong>et</strong></span> <span class='ocrx_word' id='word_1_443' title='bbox 1156 3620 1237 3676; x_wconf 88' lang='lat' dir='ltr'><strong>sic</strong></span> <span class='ocrx_word' id='word_1_444' title='bbox 1290 3620 1388 3674; x_wconf 92' lang='lat' dir='ltr'><strong>tibi</strong></span> <span class='ocrx_word' id='word_1_445' title='bbox 1444 3618 1800 3688; x_wconf 83' lang='lat' dir='ltr'><strong>peccatricem</strong></span> <span class='ocrx_word' id='word_1_446' title='bbox 1863 3632 2083 3670; x_wconf 88' lang='lat' dir='ltr'><strong>manum</strong></span> 
     </span>
    </p>
   </div>
   <div class='ocr_carea' id='block_1_67' title="bbox 510 3708 2081 3782">
    <p class='ocr_par' dir='ltr' id='par_1_67' title="bbox 510 3708 2081 3782">
     <span class='ocr_line' id='line_1_67' title="bbox 510 3708 2081 3782; baseline -0.006 -13"><span class='ocrx_word' id='word_1_447' title='bbox 510 3724 755 3770; x_wconf 83' lang='lat' dir='ltr'><strong>nostram</strong></span> <span class='ocrx_word' id='word_1_448' title='bbox 804 3712 1191 3782; x_wconf 89' lang='lat' dir='ltr'><strong>imposuimus,</strong></span> <span class='ocrx_word' id='word_1_449' title='bbox 1244 3719 1319 3775; x_wconf 89' lang='lat' dir='ltr'><strong>et,</strong></span> <span class='ocrx_word' id='word_1_450' title='bbox 1349 3709 1586 3779; x_wconf 75' lang='lat' dir='ltr'><strong>Spiritus</strong></span> <span class='ocrx_word' id='word_1_451' title='bbox 1639 3709 1817 3763; x_wconf 84' lang='lat' dir='ltr'><strong>sancti</strong></span> <span class='ocrx_word' id='word_1_452' title='bbox 1849 3708 2081 3771; x_wconf 82' lang='lat' dir='ltr'><strong>virtute,</strong></span> 
     </span>
    </p>
   </div>
   <div class='ocr_carea' id='block_1_68' title="bbox 509 3799 2085 3874">
    <p class='ocr_par' dir='ltr' id='par_1_68' title="bbox 509 3799 2085 3874">
     <span class='ocr_line' id='line_1_68' title="bbox 509 3799 2085 3874; baseline -0.005 -15"><span class='ocrx_word' id='word_1_453' title='bbox 509 3814 567 3859; x_wconf 86' lang='lat' dir='ltr'><strong>te</strong></span> <span class='ocrx_word' id='word_1_454' title='bbox 621 3805 905 3874; x_wconf 81' lang='lat' dir='ltr'><strong>posuimus</strong></span> <span class='ocrx_word' id='word_1_455' title='bbox 963 3802 1389 3858; x_wconf 89' lang='lat' dir='ltr'><strong>illuminatorem</strong></span> <span class='ocrx_word' id='word_1_456' title='bbox 1452 3802 1506 3855; x_wconf 88' lang='lat' dir='ltr'><strong>in</strong></span> <span class='ocrx_word' id='word_1_457' title='bbox 1586 3800 1821 3871; x_wconf 85' lang='lat' dir='ltr'><strong>mystico</strong></span> <span class='ocrx_word' id='word_1_458' title='bbox 1871 3799 2085 3867; x_wconf 88' lang='lat' dir='ltr'><strong>porticu</strong></span> 
     </span>
    </p>
   </div>
   <div class='ocr_carea' id='block_1_69' title="bbox 508 3893 2088 3966">
    <p class='ocr_par' dir='ltr' id='par_1_69' title="bbox 508 3893 2088 3966">
     <span class='ocr_line' id='line_1_69' title="bbox 508 3893 2088 3966; baseline -0.003 -15"><span class='ocrx_word' id='word_1_459' title='bbox 508 3897 770 3966; x_wconf 72' lang='lat' dir='ltr'><strong>verbique</strong></span> <span class='ocrx_word' id='word_1_460' title='bbox 800 3897 925 3951; x_wconf 68' lang='lat' dir='ltr'><strong>vitae</strong></span> <span class='ocrx_word' id='word_1_461' title='bbox 978 3894 1391 3963; x_wconf 83' lang='lat' dir='ltr'><strong>sospitatorem.</strong></span> <span class='ocrx_word' id='word_1_462' title='bbox 1446 3893 1572 3949; x_wconf 65' lang='lat' dir='ltr'><strong>Haec</strong></span> <span class='ocrx_word' id='word_1_463' title='bbox 1620 3904 1800 3947; x_wconf 84' lang='lat' dir='ltr'><strong>autem</strong></span> <span class='ocrx_word' id='word_1_464' title='bbox 1844 3908 2088 3947; x_wconf 85' lang='lat' dir='ltr'><strong>commo-</strong></span> 
     </span>
    </p>
   </div>
   <div class='ocr_carea' id='block_1_70' title="bbox 510 3984 2088 4058">
    <p class='ocr_par' dir='ltr' id='par_1_70' title="bbox 510 3984 2088 4058">
     <span class='ocr_line' id='line_1_70' title="bbox 510 3984 2088 4058; baseline -0.004 -13"><span class='ocrx_word' id='word_1_465' title='bbox 510 4004 790 4045; x_wconf 82' lang='lat' dir='ltr'><strong>tnoramus</strong></span> <span class='ocrx_word' id='word_1_466' title='bbox 855 4002 968 4043; x_wconf 90' lang='lat' dir='ltr'><strong>non</strong></span> <span class='ocrx_word' id='word_1_467' title='bbox 1030 3989 1188 4058; x_wconf 82' lang='lat' dir='ltr'><strong>quasi</strong></span> <span class='ocrx_word' id='word_1_468' title='bbox 1259 3987 1694 4042; x_wconf 80' lang='lat' dir='ltr'><strong>condemnantes</strong></span> <span class='ocrx_word' id='word_1_469' title='bbox 1754 4000 1932 4054; x_wconf 86' lang='lat' dir='ltr'><strong>neque</strong></span> <span class='ocrx_word' id='word_1_470' title='bbox 1987 3984 2088 4039; x_wconf 87' lang='lat' dir='ltr'><strong>tibi</strong></span> 
     </span>
    </p>
   </div>
   <div class='ocr_carea' id='block_1_71' title="bbox 508 4077 2084 4146">
    <p class='ocr_par' dir='ltr' id='par_1_71' title="bbox 508 4077 2084 4146">
     <span class='ocr_line' id='line_1_71' title="bbox 508 4077 2084 4146; baseline -0.001 -11"><span class='ocrx_word' id='word_1_471' title='bbox 508 4080 713 4139; x_wconf 80' lang='lat' dir='ltr'><strong>dolenti</strong></span> <span class='ocrx_word' id='word_1_472' title='bbox 744 4096 852 4136; x_wconf 91' lang='lat' dir='ltr'><strong>non</strong></span> <span class='ocrx_word' id='word_1_473' title='bbox 897 4081 1276 4143; x_wconf 86' lang='lat' dir='ltr'><strong>condolentes,</strong></span> <span class='ocrx_word' id='word_1_474' title='bbox 1310 4078 1405 4132; x_wconf 87' lang='lat' dir='ltr'><strong>sed</strong></span> <span class='ocrx_word' id='word_1_475' title='bbox 1453 4079 1691 4132; x_wconf 87' lang='lat' dir='ltr'><strong>scientes</strong></span> <span class='ocrx_word' id='word_1_476' title='bbox 1722 4077 2084 4146; x_wconf 81' lang='lat' dir='ltr'><strong>principatum</strong></span> 
     </span>
    </p>
   </div>
   <div class='ocr_carea' id='block_1_72' title="bbox 507 4170 2088 4243">
    <p class='ocr_par' dir='ltr' id='par_1_72' title="bbox 507 4170 2088 4243">
     <span class='ocr_line' id='line_1_72' title="bbox 507 4170 2088 4243; baseline -0.004 -14"><span class='ocrx_word' id='word_1_477' title='bbox 507 4174 737 4232; x_wconf 86' lang='lat' dir='ltr'><strong>libenter</strong></span> <span class='ocrx_word' id='word_1_478' title='bbox 779 4190 811 4230; x_wconf 85' lang='lat' dir='ltr'><strong>a</strong></span> <span class='ocrx_word' id='word_1_479' title='bbox 857 4181 907 4228; x_wconf 91' lang='lat' dir='ltr'><strong>te</strong></span> <span class='ocrx_word' id='word_1_480' title='bbox 943 4182 1260 4243; x_wconf 85' lang='lat' dir='ltr'><strong>susceptum</strong></span> <span class='ocrx_word' id='word_1_481' title='bbox 1290 4172 1457 4226; x_wconf 79' lang='lat' dir='ltr'><strong>fuisse</strong></span> <span class='ocrx_word' id='word_1_482' title='bbox 1507 4181 1728 4241; x_wconf 80' lang='lat' dir='ltr'><strong>propter</strong></span> <span class='ocrx_word' id='word_1_483' title='bbox 1776 4170 1994 4240; x_wconf 88' lang='lat' dir='ltr'><strong>pietatis</strong></span> <span class='ocrx_word' id='word_1_484' title='bbox 2035 4178 2088 4224; x_wconf 88' lang='lat' dir='ltr'><strong>et</strong></span> 
     </span>
    </p>
   </div>
   <div class='ocr_carea' id='block_1_73' title="bbox 506 4264 2075 4337">
    <p class='ocr_par' dir='ltr' id='par_1_73' title="bbox 506 4264 2075 4337">
     <span class='ocr_line' id='line_1_73' title="bbox 506 4264 2075 4337; baseline -0.003 -17"><span class='ocrx_word' id='word_1_485' title='bbox 506 4265 785 4337; x_wconf 76' lang='lat' dir='ltr'><strong>Evangelii</strong></span> <span class='ocrx_word' id='word_1_486' title='bbox 822 4266 1105 4335; x_wconf 87' lang='lat' dir='ltr'><strong>pericula;</strong></span> <span class='ocrx_word' id='word_1_487' title='bbox 1138 4264 1236 4320; x_wconf 81' lang='lat' dir='ltr'><strong>sed</strong></span> <span class='ocrx_word' id='word_1_488' title='bbox 1269 4264 1323 4319; x_wconf 88' lang='lat' dir='ltr'><strong>in</strong></span> <span class='ocrx_word' id='word_1_489' title='bbox 1377 4264 1630 4332; x_wconf 65' lang='lat' dir='ltr'><strong>praesenti</strong></span> <span class='ocrx_word' id='word_1_490' title='bbox 1681 4278 1903 4332; x_wconf 87' lang='lat' dir='ltr'><strong>quoque</strong></span> <span class='ocrx_word' id='word_1_491' title='bbox 1961 4272 2075 4316; x_wconf 88' lang='lat' dir='ltr'><strong>tum</strong></span> 
     </span>
    </p>
   </div>
   <div class='ocr_carea' id='block_1_74' title="bbox 496 4354 2082 4428">
    <p class='ocr_par' dir='ltr' id='par_1_74' title="bbox 496 4354 2082 4428">
     <span class='ocr_line' id='line_1_74' title="bbox 496 4354 2082 4428; baseline -0.004 -13"><span class='ocrx_word' id='word_1_492' title='bbox 496 4359 858 4428; x_wconf 83' lang='lat' dir='ltr'><strong>prosequeris</strong></span> <span class='ocrx_word' id='word_1_493' title='bbox 923 4358 1310 4428; x_wconf 80' lang='lat' dir='ltr'><strong>prapositum,</strong></span> <span class='ocrx_word' id='word_1_494' title='bbox 1390 4357 1519 4412; x_wconf 84' lang='lat' dir='ltr'><strong>licet</strong></span> <span class='ocrx_word' id='word_1_495' title='bbox 1578 4356 1762 4410; x_wconf 81' lang='lat' dir='ltr'><strong>carnis</strong></span> <span class='ocrx_word' id='word_1_496' title='bbox 1813 4354 2082 4424; x_wconf 76' lang='lat' dir='ltr'><strong>fragilitas</strong></span> 
     </span>
    </p>
   </div>
   <div class='ocr_carea' id='block_1_75' title="bbox 2189 3157 3762 3233">
    <p class='ocr_par' dir='ltr' id='par_1_75' title="bbox 2189 3157 3762 3233">
     <span class='ocr_line' id='line_1_75' title="bbox 2189 3157 3762 3233; baseline 0.004 -22"><span class='ocrx_word' id='word_1_497' title='bbox 2189 3159 2417 3231; x_wconf 83' lang='grc' dir='ltr'>χωρίοις.</span> <span class='ocrx_word' id='word_1_498' title='bbox 2482 3158 2589 3209; x_wconf 78' lang='grc' dir='ltr'>Καὶ</span> <span class='ocrx_word' id='word_1_499' title='bbox 2625 3157 2798 3212; x_wconf 87' lang='grc' dir='ltr'>ταῦτά</span> <span class='ocrx_word' id='word_1_500' title='bbox 2830 3175 2911 3211; x_wconf 89' lang='grc' dir='ltr'><strong>σοι</strong></span> <span class='ocrx_word' id='word_1_501' title='bbox 2943 3160 3047 3229; x_wconf 83' lang='grc' dir='ltr'><strong>πρὸ</strong></span> <span class='ocrx_word' id='word_1_502' title='bbox 3074 3163 3173 3230; x_wconf 86' lang='grc' dir='ltr'><strong>τῆς</strong></span> <span class='ocrx_word' id='word_1_503' title='bbox 3203 3162 3500 3225; x_wconf 80' lang='grc' dir='ltr'>ἐπιθέσεως</span> <span class='ocrx_word' id='word_1_504' title='bbox 3530 3166 3628 3233; x_wconf 79' lang='grc' dir='ltr'>τῆς</span> <span class='ocrx_word' id='word_1_505' title='bbox 3666 3181 3762 3217; x_wconf 90' lang='grc' dir='ltr'>τα-</span> 
     </span>
    </p>
   </div>
   <div class='ocr_carea' id='block_1_76' title="bbox 2188 3251 3760 3328">
    <p class='ocr_par' dir='ltr' id='par_1_76' title="bbox 2188 3251 3760 3328">
     <span class='ocr_line' id='line_1_76' title="bbox 2188 3251 3760 3328; baseline 0.004 -21"><span class='ocrx_word' id='word_1_506' title='bbox 2188 3255 2381 3324; x_wconf 77' lang='grc' dir='ltr'>πεινῆς</span> <span class='ocrx_word' id='word_1_507' title='bbox 2414 3253 2569 3323; x_wconf 79' lang='grc' dir='ltr'>ἡμῶν</span> <span class='ocrx_word' id='word_1_508' title='bbox 2621 3252 2802 3322; x_wconf 78' lang='grc' dir='ltr'>χειρὸς</span> <span class='ocrx_word' id='word_1_509' title='bbox 2860 3251 3120 3323; x_wconf 78' lang='grc' dir='ltr'>οὗμενουν</span> <span class='ocrx_word' id='word_1_510' title='bbox 3146 3257 3245 3309; x_wconf 80' lang='grc' dir='ltr'><strong>οὐκ</strong></span> <span class='ocrx_word' id='word_1_511' title='bbox 3290 3258 3623 3328; x_wconf 80' lang='grc' dir='ltr'>ἐπιλέλησαι,</span> <span class='ocrx_word' id='word_1_512' title='bbox 3686 3260 3760 3323; x_wconf 88' lang='grc' dir='ltr'><strong>ώς</strong></span> 
     </span>
    </p>
   </div>
   <div class='ocr_carea' id='block_1_77' title="bbox 2188 3344 3756 3419">
    <p class='ocr_par' dir='ltr' id='par_1_77' title="bbox 2188 3344 3756 3419">
     <span class='ocr_line' id='line_1_77' title="bbox 2188 3344 3756 3419; baseline 0.003 -19"><span class='ocrx_word' id='word_1_513' title='bbox 2188 3348 2529 3415; x_wconf 75' lang='grc' dir='ltr'>προέφημεν,</span> <span class='ocrx_word' id='word_1_514' title='bbox 2559 3344 2680 3397; x_wconf 80' lang='grc' dir='ltr'>οὐδ’</span> <span class='ocrx_word' id='word_1_515' title='bbox 2718 3346 2797 3399; x_wconf 86' lang='grc' dir='ltr'><strong>ὃτι</strong></span> <span class='ocrx_word' id='word_1_516' title='bbox 2831 3345 2925 3399; x_wconf 90' lang='grc' dir='ltr'><strong>σοῦ</strong></span> <span class='ocrx_word' id='word_1_517' title='bbox 2972 3348 3153 3400; x_wconf 78' lang='grc' dir='ltr'>πᾶσαν</span> <span class='ocrx_word' id='word_1_518' title='bbox 3207 3349 3304 3401; x_wconf 74' lang='grc' dir='ltr'><strong>σὺν</strong></span> <span class='ocrx_word' id='word_1_519' title='bbox 3339 3352 3406 3419; x_wconf 82' lang='grc' dir='ltr'>τῇ</span> <span class='ocrx_word' id='word_1_520' title='bbox 3440 3350 3643 3404; x_wconf 81' lang='grc' dir='ltr'>ἄνωθεν</span> <span class='ocrx_word' id='word_1_521' title='bbox 3665 3352 3756 3404; x_wconf 74' lang='grc' dir='ltr'><strong>εὖ·</strong></span> 
     </span>
    </p>
   </div>
   <div class='ocr_carea' id='block_1_78' title="bbox 2192 3437 3757 3507">
    <p class='ocr_par' dir='ltr' id='par_1_78' title="bbox 2192 3437 3757 3507">
     <span class='ocr_line' id='line_1_78' title="bbox 2192 3437 3757 3507; baseline 0.004 -18"><span class='ocrx_word' id='word_1_522' title='bbox 2192 3438 2380 3507; x_wconf 66' lang='grc' dir='ltr'>μενείᾳ</span> <span class='ocrx_word' id='word_1_523' title='bbox 2433 3437 2700 3506; x_wconf 80' lang='grc' dir='ltr'>σαρκικὴν</span> <span class='ocrx_word' id='word_1_524' title='bbox 2759 3437 3074 3503; x_wconf 88' lang='grc' dir='ltr'>ἐναντίωσιν</span> <span class='ocrx_word' id='word_1_525' title='bbox 3130 3438 3223 3491; x_wconf 78' lang='grc' dir='ltr'>καὶ</span> <span class='ocrx_word' id='word_1_526' title='bbox 3276 3442 3455 3493; x_wconf 84' lang='grc' dir='ltr'>πάντα</span> <span class='ocrx_word' id='word_1_527' title='bbox 3517 3442 3757 3495; x_wconf 87' lang='grc' dir='ltr'>κίνδυνον</span> 
     </span>
    </p>
   </div>
   <div class='ocr_carea' id='block_1_79' title="bbox 2187 3532 3759 3609">
    <p class='ocr_par' dir='ltr' id='par_1_79' title="bbox 2187 3532 3759 3609">
     <span class='ocr_line' id='line_1_79' title="bbox 2187 3532 3759 3609; baseline 0.003 -25"><span class='ocrx_word' id='word_1_528' title='bbox 2187 3549 2300 3603; x_wconf 91' lang='grc' dir='ltr'><strong>παρ</strong></span> <span class='ocrx_word' id='word_1_529' title='bbox 2318 3532 2331 3553; x_wconf 88' lang='grc'><em>’</em></span> <span class='ocrx_word' id='word_1_530' title='bbox 2351 3532 2503 3585; x_wconf 77' lang='grc' dir='ltr'>οὐδὲν</span> <span class='ocrx_word' id='word_1_531' title='bbox 2520 3532 2759 3585; x_wconf 87' lang='grc' dir='ltr'>τίθεσθαι</span> <span class='ocrx_word' id='word_1_532' title='bbox 2779 3533 3251 3602; x_wconf 81' lang='grc' dir='ltr'>άνομολογοῦντος,</span> <span class='ocrx_word' id='word_1_533' title='bbox 3285 3535 3427 3588; x_wconf 76' lang='grc' dir='ltr'>οὕτω</span> <span class='ocrx_word' id='word_1_534' title='bbox 3465 3536 3560 3608; x_wconf 82' lang='grc' dir='ltr'>τὴν</span> <span class='ocrx_word' id='word_1_535' title='bbox 3586 3539 3759 3609; x_wconf 74' lang='grc' dir='ltr'>ἁμαρ·</span> 
     </span>
    </p>
   </div>
   <div class='ocr_carea' id='block_1_80' title="bbox 2185 3623 3760 3698">
    <p class='ocr_par' dir='ltr' id='par_1_80' title="bbox 2185 3623 3760 3698">
     <span class='ocr_line' id='line_1_80' title="bbox 2185 3623 3760 3698; baseline 0.003 -21"><span class='ocrx_word' id='word_1_536' title='bbox 2185 3626 2354 3678; x_wconf 84' lang='grc' dir='ltr'>τωλὸν</span> <span class='ocrx_word' id='word_1_537' title='bbox 2389 3623 2804 3694; x_wconf 85' lang='grc' dir='ltr'>ἐπιτεθείκαμεν</span> <span class='ocrx_word' id='word_1_538' title='bbox 2828 3628 3004 3695; x_wconf 80' lang='grc' dir='ltr'>χεῖρα,</span> <span class='ocrx_word' id='word_1_539' title='bbox 3028 3628 3123 3678; x_wconf 81' lang='grc' dir='ltr'><strong>καὶ</strong></span> <span class='ocrx_word' id='word_1_540' title='bbox 3166 3628 3434 3698; x_wconf 83' lang='grc' dir='ltr'>φωστῆρα</span> <span class='ocrx_word' id='word_1_541' title='bbox 3452 3625 3602 3697; x_wconf 80' lang='grc' dir='ltr'>λόγον</span> <span class='ocrx_word' id='word_1_542' title='bbox 3633 3632 3760 3682; x_wconf 85' lang='grc' dir='ltr'><strong>ἐπέ-</strong></span> 
     </span>
    </p>
   </div>
   <div class='ocr_carea' id='block_1_81' title="bbox 2186 3716 3751 3789">
    <p class='ocr_par' dir='ltr' id='par_1_81' title="bbox 2186 3716 3751 3789">
     <span class='ocr_line' id='line_1_81' title="bbox 2186 3716 3751 3789; baseline 0.003 -20"><span class='ocrx_word' id='word_1_543' title='bbox 2186 3734 2344 3787; x_wconf 85' lang='grc' dir='ltr'>χοντα</span> <span class='ocrx_word' id='word_1_544' title='bbox 2375 3716 2516 3785; x_wconf 76' lang='grc' dir='ltr'>ζωῆς</span> <span class='ocrx_word' id='word_1_545' title='bbox 2544 3717 2600 3768; x_wconf 82' lang='grc' dir='ltr'><strong>ἐν</strong></span> <span class='ocrx_word' id='word_1_546' title='bbox 2629 3719 2695 3786; x_wconf 76' lang='grc' dir='ltr'>τῇ</span> <span class='ocrx_word' id='word_1_547' title='bbox 2733 3719 2966 3787; x_wconf 84' lang='grc' dir='ltr'>μυστικῇ</span> <span class='ocrx_word' id='word_1_548' title='bbox 2999 3717 3227 3770; x_wconf 83' lang='grc' dir='ltr'>παστάδι</span> <span class='ocrx_word' id='word_1_549' title='bbox 3250 3721 3315 3789; x_wconf 82' lang='grc' dir='ltr'>τῇ</span> <span class='ocrx_word' id='word_1_550' title='bbox 3364 3720 3459 3772; x_wconf 84' lang='grc' dir='ltr'><strong>τοῦ</strong></span> <span class='ocrx_word' id='word_1_551' title='bbox 3483 3723 3751 3789; x_wconf 81' lang='grc' dir='ltr'>παναγίευ</span> 
     </span>
    </p>
   </div>
   <div class='ocr_carea' id='block_1_82' title="bbox 2190 3806 3756 3881">
    <p class='ocr_par' dir='ltr' id='par_1_82' title="bbox 2190 3806 3756 3881">
     <span class='ocr_line' id='line_1_82' title="bbox 2190 3806 3756 3881; baseline -0.002 -22"><span class='ocrx_word' id='word_1_552' title='bbox 2190 3806 2509 3875; x_wconf 86' lang='grc' dir='ltr'>Πνεύματος</span> <span class='ocrx_word' id='word_1_553' title='bbox 2540 3806 2966 3877; x_wconf 76' lang='grc' dir='ltr'>προδεδλήμεθα</span> <span class='ocrx_word' id='word_1_554' title='bbox 2998 3809 3277 3880; x_wconf 83' lang='grc' dir='ltr'>συνεργίᾳ.</span> <span class='ocrx_word' id='word_1_555' title='bbox 3314 3811 3421 3863; x_wconf 64' lang='grc' dir='ltr'><strong>Καὶ⁵</strong></span> <span class='ocrx_word' id='word_1_556' title='bbox 3456 3811 3628 3866; x_wconf 77' lang='grc' dir='ltr'>ταῦτα</span> <span class='ocrx_word' id='word_1_557' title='bbox 3652 3830 3756 3881; x_wconf 81' lang='grc' dir='ltr'><strong>φα-</strong></span> 
     </span>
    </p>
   </div>
   <div class='ocr_carea' id='block_1_83' title="bbox 2191 3898 3754 3973">
    <p class='ocr_par' dir='ltr' id='par_1_83' title="bbox 2191 3898 3754 3973">
     <span class='ocr_line' id='line_1_83' title="bbox 2191 3898 3754 3973; baseline 0.003 -21"><span class='ocrx_word' id='word_1_558' title='bbox 2191 3900 2288 3969; x_wconf 85' lang='grc' dir='ltr'>μὲν</span> <span class='ocrx_word' id='word_1_559' title='bbox 2336 3900 2399 3951; x_wconf 82' lang='grc' dir='ltr'><strong>οὐ</strong></span> <span class='ocrx_word' id='word_1_560' title='bbox 2432 3898 2960 3966; x_wconf 80' lang='grc' dir='ltr'>καταγινώσκοντες,</span> <span class='ocrx_word' id='word_1_561' title='bbox 2991 3900 3102 3953; x_wconf 77' lang='grc' dir='ltr'>οὐδ’</span> <span class='ocrx_word' id='word_1_562' title='bbox 3138 3900 3215 3964; x_wconf 82' lang='grc' dir='ltr'>ὡς</span> <span class='ocrx_word' id='word_1_563' title='bbox 3239 3903 3314 3973; x_wconf 80' lang='grc' dir='ltr'>μὴ</span> <span class='ocrx_word' id='word_1_564' title='bbox 3366 3905 3754 3973; x_wconf 82' lang='grc' dir='ltr'>συναλγοῦντες</span> 
     </span>
    </p>
   </div>
   <div class='ocr_carea' id='block_1_84' title="bbox 2187 3988 3753 4066">
    <p class='ocr_par' dir='ltr' id='par_1_84' title="bbox 2187 3988 3753 4066">
     <span class='ocr_line' id='line_1_84' title="bbox 2187 3988 3753 4066; baseline 0.004 -23"><span class='ocrx_word' id='word_1_565' title='bbox 2187 3990 2272 4059; x_wconf 75' lang='grc' dir='ltr'><strong>ἐφ’</strong></span> <span class='ocrx_word' id='word_1_566' title='bbox 2297 3988 2379 4053; x_wconf 80' lang='grc' dir='ltr'>οἷς</span> <span class='ocrx_word' id='word_1_567' title='bbox 2408 3991 2613 4057; x_wconf 77' lang='grc' dir='ltr'>ἀλγεῖς,</span> <span class='ocrx_word' id='word_1_568' title='bbox 2646 3989 2762 4043; x_wconf 83' lang='grc' dir='ltr'>ἀλλ’</span> <span class='ocrx_word' id='word_1_569' title='bbox 2792 3990 2993 4055; x_wconf 82' lang='grc' dir='ltr'>ειδότες</span> <span class='ocrx_word' id='word_1_570' title='bbox 3024 3994 3107 4046; x_wconf 81' lang='grc' dir='ltr'>ὅτι</span> <span class='ocrx_word' id='word_1_571' title='bbox 3148 3994 3237 4045; x_wconf 76' lang='grc' dir='ltr'><strong>καὶ</strong></span> <span class='ocrx_word' id='word_1_572' title='bbox 3279 3995 3378 4063; x_wconf 80' lang='grc' dir='ltr'><strong>τὴν</strong></span> <span class='ocrx_word' id='word_1_573' title='bbox 3415 3996 3587 4066; x_wconf 82' lang='grc' dir='ltr'>ἀρχὴν</span> <span class='ocrx_word' id='word_1_574' title='bbox 3617 3998 3753 4065; x_wconf 63' lang='grc' dir='ltr'><strong>ετρά-</strong></span> 
     </span>
    </p>
   </div>
   <div class='ocr_carea' id='block_1_85' title="bbox 2188 4082 3748 4153">
    <p class='ocr_par' dir='ltr' id='par_1_85' title="bbox 2188 4082 3748 4153">
     <span class='ocr_line' id='line_1_85' title="bbox 2188 4082 3748 4153; baseline 0.004 -20"><span class='ocrx_word' id='word_1_575' title='bbox 2188 4082 2357 4151; x_wconf 84' lang='grc' dir='ltr'>θυμος</span> <span class='ocrx_word' id='word_1_576' title='bbox 2387 4082 2573 4148; x_wconf 78' lang='grc' dir='ltr'>ἐγένου</span> <span class='ocrx_word' id='word_1_577' title='bbox 2605 4082 2683 4143; x_wconf 76' lang='grc' dir='ltr'><strong>εις</strong></span> <span class='ocrx_word' id='word_1_578' title='bbox 2722 4082 2846 4145; x_wconf 85' lang='grc' dir='ltr'>τοὺς</span> <span class='ocrx_word' id='word_1_579' title='bbox 2883 4082 3023 4152; x_wconf 83' lang='grc' dir='ltr'>ὑπὲρ</span> <span class='ocrx_word' id='word_1_580' title='bbox 3055 4084 3152 4153; x_wconf 84' lang='grc' dir='ltr'><strong>τῆς</strong></span> <span class='ocrx_word' id='word_1_581' title='bbox 3176 4084 3459 4149; x_wconf 75' lang='grc' dir='ltr'>εὐσεϐείας</span> <span class='ocrx_word' id='word_1_582' title='bbox 3509 4088 3601 4138; x_wconf 76' lang='grc' dir='ltr'><strong>καὶ</strong></span> <span class='ocrx_word' id='word_1_583' title='bbox 3654 4086 3748 4139; x_wconf 88' lang='grc' dir='ltr'><strong>τοῦ</strong></span> 
     </span>
    </p>
   </div>
   <div class='ocr_carea' id='block_1_86' title="bbox 2184 4172 3754 4241">
    <p class='ocr_par' dir='ltr' id='par_1_86' title="bbox 2184 4172 3754 4241">
     <span class='ocr_line' id='line_1_86' title="bbox 2184 4172 3754 4241; baseline 0.004 -17"><span class='ocrx_word' id='word_1_584' title='bbox 2184 4172 2502 4240; x_wconf 80' lang='grc' dir='ltr'>εὐαγγελίου</span> <span class='ocrx_word' id='word_1_585' title='bbox 2531 4172 2853 4238; x_wconf 83' lang='grc' dir='ltr'>κινδύνους,</span> <span class='ocrx_word' id='word_1_586' title='bbox 2887 4175 2981 4227; x_wconf 75' lang='grc' dir='ltr'>καὶ</span> <span class='ocrx_word' id='word_1_587' title='bbox 3009 4175 3105 4231; x_wconf 85' lang='grc' dir='ltr'><strong>νῦν</strong></span> <span class='ocrx_word' id='word_1_588' title='bbox 3128 4176 3278 4228; x_wconf 71' lang='grc' dir='ltr'>οὐδὲν</span> <span class='ocrx_word' id='word_1_589' title='bbox 3309 4176 3527 4229; x_wconf 79' lang='grc' dir='ltr'>ἔλαττον</span> <span class='ocrx_word' id='word_1_590' title='bbox 3562 4176 3754 4241; x_wconf 73' lang='grc' dir='ltr'>σώζεις</span> 
     </span>
    </p>
   </div>
   <div class='ocr_carea' id='block_1_87' title="bbox 2184 4264 3754 4337">
    <p class='ocr_par' dir='ltr' id='par_1_87' title="bbox 2184 4264 3754 4337">
     <span class='ocr_line' id='line_1_87' title="bbox 2184 4264 3754 4337; baseline 0.001 -19"><span class='ocrx_word' id='word_1_591' title='bbox 2184 4264 2247 4318; x_wconf 82' lang='grc' dir='ltr'><strong>τὸ</strong></span> <span class='ocrx_word' id='word_1_592' title='bbox 2283 4265 2581 4336; x_wconf 84' lang='grc' dir='ltr'>πρόθυμον,</span> <span class='ocrx_word' id='word_1_593' title='bbox 2606 4267 2654 4318; x_wconf 84' lang='grc' dir='ltr'><strong>εί</strong></span> <span class='ocrx_word' id='word_1_594' title='bbox 2677 4267 2770 4319; x_wconf 76' lang='grc' dir='ltr'>καὶ</span> <span class='ocrx_word' id='word_1_595' title='bbox 2807 4271 2906 4337; x_wconf 83' lang='grc' dir='ltr'><strong>τῆς</strong></span> <span class='ocrx_word' id='word_1_596' title='bbox 2954 4267 3155 4337; x_wconf 77' lang='grc' dir='ltr'>σαρκὸς</span> <span class='ocrx_word' id='word_1_597' title='bbox 3186 4269 3467 4337; x_wconf 80' lang='grc' dir='ltr'>ἐλέγχεται</span> <span class='ocrx_word' id='word_1_598' title='bbox 3511 4270 3544 4337; x_wconf 78' lang='grc' dir='ltr'>ἡ</span> <span class='ocrx_word' id='word_1_599' title='bbox 3594 4269 3754 4320; x_wconf 81' lang='grc' dir='ltr'>ἀσθέ-</span> 
     </span>
    </p>
   </div>
   <div class='ocr_carea' id='block_1_88' title="bbox 2187 4355 3755 4427">
    <p class='ocr_par' dir='ltr' id='par_1_88' title="bbox 2187 4355 3755 4427">
     <span class='ocr_line' id='line_1_88' title="bbox 2187 4355 3755 4427; baseline 0.001 -18"><span class='ocrx_word' id='word_1_600' title='bbox 2187 4373 2327 4411; x_wconf 88' lang='grc' dir='ltr'>νεια.</span> <span class='ocrx_word' id='word_1_601' title='bbox 2363 4357 2473 4408; x_wconf 75' lang='grc' dir='ltr'><strong>Καὶ</strong></span> <span class='ocrx_word' id='word_1_602' title='bbox 2502 4355 2815 4425; x_wconf 84' lang='grc' dir='ltr'>θαυμαστὸν</span> <span class='ocrx_word' id='word_1_603' title='bbox 2845 4356 2997 4409; x_wconf 80' lang='grc' dir='ltr'>οὐδέν</span> <span class='ocrx_word' id='word_1_604' title='bbox 3025 4372 3041 4391; x_wconf 74' lang='grc' dir='ltr'><strong>ο</strong></span> <span class='ocrx_word' id='word_1_605' title='bbox 3101 4358 3263 4419; x_wconf 85' lang='grc' dir='ltr'>αὐτὸς</span> <span class='ocrx_word' id='word_1_606' title='bbox 3317 4358 3425 4427; x_wconf 83' lang='grc' dir='ltr'><strong>γάρ</strong></span> <span class='ocrx_word' id='word_1_607' title='bbox 3484 4360 3513 4409; x_wconf 84' lang='grc' dir='ltr'>ὁ</span> <span class='ocrx_word' id='word_1_608' title='bbox 3553 4357 3755 4427; x_wconf 79' lang='grc' dir='ltr'>Κύριος</span> 
     </span>
    </p>
   </div>
   <div class='ocr_carea' id='block_1_89' title="bbox 508 4430 2084 4520">
    <p class='ocr_par' dir='ltr' id='par_1_89' title="bbox 508 4450 2071 4519">
     <span class='ocr_line' id='line_1_89' title="bbox 508 4450 2071 4519; baseline -0.003 -13"><span class='ocrx_word' id='word_1_609' title='bbox 508 4452 966 4519; x_wconf 86' lang='lat' dir='ltr'><strong>deprehendatur.</strong></span> <span class='ocrx_word' id='word_1_610' title='bbox 994 4450 1106 4506; x_wconf 86' lang='lat' dir='ltr'><strong>Nec</strong></span> <span class='ocrx_word' id='word_1_611' title='bbox 1137 4451 1333 4505; x_wconf 90' lang='lat' dir='ltr'><strong>mirum</strong></span> <span class='ocrx_word' id='word_1_612' title='bbox 1360 4470 1373 4505; x_wconf 89' lang='lat'><strong>:</strong></span> <span class='ocrx_word' id='word_1_613' title='bbox 1401 4451 1661 4504; x_wconf 89' lang='lat' dir='ltr'><strong>Dominus</strong></span> <span class='ocrx_word' id='word_1_614' title='bbox 1690 4450 1834 4502; x_wconf 79' lang='lat' dir='ltr'><strong>enim</strong></span> <span class='ocrx_word' id='word_1_615' title='bbox 1867 4458 2071 4513; x_wconf 90' lang='lat' dir='ltr'><strong>noster,</strong></span> 
     </span>
    </p>
   </div>
   <div class='ocr_carea' id='block_1_90' title="bbox 2188 4430 3753 4520">
    <p class='ocr_par' dir='ltr' id='par_1_90' title="bbox 2188 4448 3753 4520">
     <span class='ocr_line' id='line_1_90' title="bbox 2188 4448 3753 4520; baseline -0.001 -18"><span class='ocrx_word' id='word_1_616' title='bbox 2188 4449 2335 4519; x_wconf 80' lang='grc' dir='ltr'>ἡμῶν</span> <span class='ocrx_word' id='word_1_617' title='bbox 2390 4451 2422 4519; x_wconf 80' lang='grc' dir='ltr'>ἡ</span> <span class='ocrx_word' id='word_1_618' title='bbox 2473 4448 2570 4501; x_wconf 86' lang='grc' dir='ltr'><strong>τοῦ</strong></span> <span class='ocrx_word' id='word_1_619' title='bbox 2625 4449 2762 4501; x_wconf 83' lang='grc' dir='ltr'>Θεοῦ</span> <span class='ocrx_word' id='word_1_620' title='bbox 2820 4448 2915 4501; x_wconf 76' lang='grc' dir='ltr'>καὶ</span> <span class='ocrx_word' id='word_1_621' title='bbox 2972 4448 3183 4518; x_wconf 76' lang='grc' dir='ltr'>Πατρδς</span> <span class='ocrx_word' id='word_1_622' title='bbox 3220 4449 3468 4517; x_wconf 83' lang='grc' dir='ltr'>δύναμις,</span> <span class='ocrx_word' id='word_1_623' title='bbox 3494 4448 3647 4507; x_wconf 85' lang='grc' dir='ltr'>ειδὼς</span> <span class='ocrx_word' id='word_1_624' title='bbox 3687 4450 3753 4520; x_wconf 77' lang='grc' dir='ltr'>ἡν</span> 
     </span>
    </p>
   </div>
   <div class='ocr_carea' id='block_1_91' title="bbox 510 4541 2077 4611">
    <p class='ocr_par' dir='ltr' id='par_1_91' title="bbox 510 4541 2077 4611">
     <span class='ocr_line' id='line_1_91' title="bbox 510 4541 2077 4611; baseline 0 -18"><span class='ocrx_word' id='word_1_625' title='bbox 510 4543 682 4596; x_wconf 79' lang='lat' dir='ltr'><strong>virtus</strong></span> <span class='ocrx_word' id='word_1_626' title='bbox 714 4542 807 4596; x_wconf 89' lang='lat' dir='ltr'><strong>Dei</strong></span> <span class='ocrx_word' id='word_1_627' title='bbox 842 4552 896 4596; x_wconf 89' lang='lat' dir='ltr'><strong>et</strong></span> <span class='ocrx_word' id='word_1_628' title='bbox 926 4541 1126 4606; x_wconf 78' lang='lat' dir='ltr'><strong>Patris,</strong></span> <span class='ocrx_word' id='word_1_629' title='bbox 1166 4558 1331 4611; x_wconf 88' lang='lat' dir='ltr'><strong>quam</strong></span> <span class='ocrx_word' id='word_1_630' title='bbox 1360 4541 1520 4595; x_wconf 80' lang='lat' dir='ltr'><strong>ﬁnxit</strong></span> <span class='ocrx_word' id='word_1_631' title='bbox 1550 4551 1800 4596; x_wconf 89' lang='lat' dir='ltr'><strong>naturam</strong></span> <span class='ocrx_word' id='word_1_632' title='bbox 1845 4542 1996 4594; x_wconf 78' lang='lat' dir='ltr'><strong>novit</strong></span> <span class='ocrx_word' id='word_1_633' title='bbox 2020 4548 2077 4594; x_wconf 84' lang='lat' dir='ltr'><strong>et</strong></span> 
     </span>
    </p>
   </div>
   <div class='ocr_carea' id='block_1_92' title="bbox 505 4630 2074 4703">
    <p class='ocr_par' dir='ltr' id='par_1_92' title="bbox 505 4630 2074 4703">
     <span class='ocr_line' id='line_1_92' title="bbox 505 4630 2074 4703; baseline 0.003 -19"><span class='ocrx_word' id='word_1_634' title='bbox 505 4632 622 4685; x_wconf 87' lang='lat' dir='ltr'><strong>suis</strong></span> <span class='ocrx_word' id='word_1_635' title='bbox 651 4630 938 4701; x_wconf 88' lang='lat' dir='ltr'><strong>discipulis</strong></span> <span class='ocrx_word' id='word_1_636' title='bbox 971 4633 1108 4686; x_wconf 80' lang='lat' dir='ltr'><strong>dixit</strong></span> <span class='ocrx_word' id='word_1_637' title='bbox 1141 4650 1155 4685; x_wconf 89' lang='lat'><strong>:</strong></span> <span class='ocrx_word' id='word_1_638' title='bbox 1190 4652 1208 4685; x_wconf 81' lang='grc' dir='ltr'><strong>ι</strong></span> <span class='ocrx_word' id='word_1_639' title='bbox 1246 4634 1483 4703; x_wconf 90' lang='lat' dir='ltr'><strong>Spiritus</strong></span> <span class='ocrx_word' id='word_1_640' title='bbox 1517 4632 1735 4701; x_wconf 89' lang='lat' dir='ltr'><strong>quidem</strong></span> <span class='ocrx_word' id='word_1_641' title='bbox 1769 4640 2074 4703; x_wconf 79' lang='lat' dir='ltr'><strong>promptus,</strong></span> 
     </span>
    </p>
   </div>
   <div class='ocr_carea' id='block_1_93' title="bbox 505 4723 2075 4797">
    <p class='ocr_par' dir='ltr' id='par_1_93' title="bbox 505 4723 2075 4797">
     <span class='ocr_line' id='line_1_93' title="bbox 505 4723 2075 4797; baseline 0.003 -23"><span class='ocrx_word' id='word_1_642' title='bbox 505 4736 634 4775; x_wconf 88' lang='lat' dir='ltr'><strong>caro</strong></span> <span class='ocrx_word' id='word_1_643' title='bbox 689 4732 868 4776; x_wconf 89' lang='lat' dir='ltr'><strong>autem</strong></span> <span class='ocrx_word' id='word_1_644' title='bbox 938 4723 1154 4778; x_wconf 80' lang='lat' dir='ltr'><strong>infirma</strong></span> <span class='ocrx_word' id='word_1_645' title='bbox 1178 4726 1268 4778; x_wconf 75' lang='grc'><strong>⁸.»</strong></span> <span class='ocrx_word' id='word_1_646' title='bbox 1339 4724 1469 4791; x_wconf 68' lang='lat' dir='ltr'><strong>Quae</strong></span> <span class='ocrx_word' id='word_1_647' title='bbox 1526 4723 1774 4797; x_wconf 82' lang='lat' dir='ltr'><strong>profecto</strong></span> <span class='ocrx_word' id='word_1_648' title='bbox 1835 4742 1941 4779; x_wconf 89' lang='lat' dir='ltr'><strong>non</strong></span> <span class='ocrx_word' id='word_1_649' title='bbox 2008 4725 2075 4779; x_wconf 88' lang='lat' dir='ltr'><strong>ad</strong></span> 
     </span>
    </p>
   </div>
   <div class='ocr_carea' id='block_1_94' title="bbox 506 4810 2076 4883">
    <p class='ocr_par' dir='ltr' id='par_1_94' title="bbox 506 4810 2076 4883">
     <span class='ocr_line' id='line_1_94' title="bbox 506 4810 2076 4883; baseline 0.005 -20"><span class='ocrx_word' id='word_1_650' title='bbox 506 4810 913 4865; x_wconf 82' lang='lat' dir='ltr'><strong>damnationem</strong></span> <span class='ocrx_word' id='word_1_651' title='bbox 947 4814 1090 4867; x_wconf 87' lang='lat' dir='ltr'><strong>dicta</strong></span> <span class='ocrx_word' id='word_1_652' title='bbox 1133 4824 1263 4867; x_wconf 91' lang='lat' dir='ltr'><strong>sunt</strong></span> <span class='ocrx_word' id='word_1_653' title='bbox 1292 4814 1385 4868; x_wconf 89' lang='lat' dir='ltr'><strong>sed</strong></span> <span class='ocrx_word' id='word_1_654' title='bbox 1417 4824 1475 4867; x_wconf 92' lang='lat' dir='ltr'><strong>ut</strong></span> <span class='ocrx_word' id='word_1_655' title='bbox 1496 4814 1612 4883; x_wconf 87' lang='lat' dir='ltr'><strong>ipse</strong></span> <span class='ocrx_word' id='word_1_656' title='bbox 1664 4815 1949 4870; x_wconf 86' lang='lat' dir='ltr'><strong>resciveris</strong></span> <span class='ocrx_word' id='word_1_657' title='bbox 1979 4831 2076 4871; x_wconf 83' lang='lat' dir='ltr'><strong>nos</strong></span> 
     </span>
    </p>
   </div>
   <div class='ocr_carea' id='block_1_95' title="bbox 504 4905 2074 4975">
    <p class='ocr_par' dir='ltr' id='par_1_95' title="bbox 504 4905 2074 4975">
     <span class='ocr_line' id='line_1_95' title="bbox 504 4905 2074 4975; baseline 0.003 -18"><span class='ocrx_word' id='word_1_658' title='bbox 504 4918 607 4957; x_wconf 84' lang='lat' dir='ltr'><strong>nec</strong></span> <span class='ocrx_word' id='word_1_659' title='bbox 642 4905 907 4972; x_wconf 86' lang='lat' dir='ltr'><strong>propositi</strong></span> <span class='ocrx_word' id='word_1_660' title='bbox 949 4906 1123 4959; x_wconf 88' lang='lat' dir='ltr'><strong>nostri</strong></span> <span class='ocrx_word' id='word_1_661' title='bbox 1166 4921 1347 4975; x_wconf 86' lang='lat' dir='ltr'><strong>neque</strong></span> <span class='ocrx_word' id='word_1_662' title='bbox 1400 4906 1478 4960; x_wconf 90' lang='lat' dir='ltr'><strong>tui</strong></span> <span class='ocrx_word' id='word_1_663' title='bbox 1513 4906 1711 4962; x_wconf 85' lang='lat' dir='ltr'><strong>oblitos</strong></span> <span class='ocrx_word' id='word_1_664' title='bbox 1742 4906 1936 4962; x_wconf 78' lang='lat' dir='ltr'><strong>fuisse.</strong></span> <span class='ocrx_word' id='word_1_665' title='bbox 1970 4907 2074 4974; x_wconf 83' lang='lat' dir='ltr'><strong>Qui</strong></span> 
     </span>
    </p>
   </div>
   <div class='ocr_carea' id='block_1_96' title="bbox 504 4995 2076 5067">
    <p class='ocr_par' dir='ltr' id='par_1_96' title="bbox 504 4995 2076 5067">
     <span class='ocr_line' id='line_1_96' title="bbox 504 4995 2076 5067; baseline 0.001 -17"><span class='ocrx_word' id='word_1_666' title='bbox 504 4997 712 5050; x_wconf 78' lang='lat' dir='ltr'><strong>semina</strong></span> <span class='ocrx_word' id='word_1_667' title='bbox 747 5010 870 5057; x_wconf 87' lang='lat' dir='ltr'><strong>sua,</strong></span> <span class='ocrx_word' id='word_1_668' title='bbox 906 4995 980 5050; x_wconf 89' lang='lat' dir='ltr'><strong>mi</strong></span> <span class='ocrx_word' id='word_1_669' title='bbox 1020 4996 1116 5061; x_wconf 81' lang='lat' dir='ltr'><strong>(ili,</strong></span> <span class='ocrx_word' id='word_1_670' title='bbox 1148 5012 1282 5067; x_wconf 85' lang='lat' dir='ltr'><strong>agro</strong></span> <span class='ocrx_word' id='word_1_671' title='bbox 1325 4997 1700 5062; x_wconf 88' lang='lat' dir='ltr'><strong>committunt,</strong></span> <span class='ocrx_word' id='word_1_672' title='bbox 1735 4998 1989 5054; x_wconf 87' lang='lat' dir='ltr'><strong>laborant</strong></span> <span class='ocrx_word' id='word_1_673' title='bbox 2022 5008 2076 5053; x_wconf 86' lang='lat' dir='ltr'><strong>et</strong></span> 
     </span>
    </p>
   </div>
   <div class='ocr_carea' id='block_1_97' title="bbox 504 5088 2075 5159">
    <p class='ocr_par' dir='ltr' id='par_1_97' title="bbox 504 5088 2075 5159">
     <span class='ocr_line' id='line_1_97' title="bbox 504 5088 2075 5159; baseline 0.004 -20"><span class='ocrx_word' id='word_1_674' title='bbox 504 5102 728 5142; x_wconf 78' lang='lat' dir='ltr'><strong>vomere</strong></span> <span class='ocrx_word' id='word_1_675' title='bbox 780 5103 924 5157; x_wconf 54' lang='lat' dir='ltr'><strong>saepe</strong></span> <span class='ocrx_word' id='word_1_676' title='bbox 981 5088 1179 5159; x_wconf 69' lang='lat' dir='ltr'><strong>saepius</strong></span> <span class='ocrx_word' id='word_1_677' title='bbox 1232 5092 1411 5145; x_wconf 87' lang='lat' dir='ltr'><strong>solum</strong></span> <span class='ocrx_word' id='word_1_678' title='bbox 1453 5091 1803 5157; x_wconf 85' lang='lat' dir='ltr'><strong>discindunt;</strong></span> <span class='ocrx_word' id='word_1_679' title='bbox 1857 5093 2075 5147; x_wconf 88' lang='lat' dir='ltr'><strong>labores</strong></span> 
     </span>
    </p>
   </div>
   <div class='ocr_carea' id='block_1_98' title="bbox 505 5180 2075 5238">
    <p class='ocr_par' dir='ltr' id='par_1_98' title="bbox 505 5180 2075 5238">
     <span class='ocr_line' id='line_1_98' title="bbox 505 5180 2075 5238; baseline 0.003 -7"><span class='ocrx_word' id='word_1_680' title='bbox 505 5186 688 5233; x_wconf 87' lang='lat' dir='ltr'><strong>autem</strong></span> <span class='ocrx_word' id='word_1_681' title='bbox 725 5187 781 5233; x_wconf 88' lang='lat' dir='ltr'><strong>et</strong></span> <span class='ocrx_word' id='word_1_682' title='bbox 823 5180 1063 5236; x_wconf 80' lang='lat' dir='ltr'><strong>vomeris</strong></span> <span class='ocrx_word' id='word_1_683' title='bbox 1116 5181 1255 5238; x_wconf 83' lang='lat' dir='ltr'><strong>ictus</strong></span> <span class='ocrx_word' id='word_1_684' title='bbox 1298 5190 1573 5238; x_wconf 85' lang='lat' dir='ltr'><strong>sustentat</strong></span> <span class='ocrx_word' id='word_1_685' title='bbox 1624 5184 1819 5237; x_wconf 89' lang='lat' dir='ltr'><strong>messis</strong></span> <span class='ocrx_word' id='word_1_686' title='bbox 1858 5193 1913 5236; x_wconf 89' lang='lat' dir='ltr'><strong>et</strong></span> <span class='ocrx_word' id='word_1_687' title='bbox 1960 5182 2075 5236; x_wconf 83' lang='lat' dir='ltr'><strong>fru-</strong></span> 
     </span>
    </p>
   </div>
   <div class='ocr_carea' id='block_1_99' title="bbox 506 5272 2079 5346">
    <p class='ocr_par' dir='ltr' id='par_1_99' title="bbox 506 5272 2079 5346">
     <span class='ocr_line' id='line_1_99' title="bbox 506 5272 2079 5346; baseline 0.004 -23"><span class='ocrx_word' id='word_1_688' title='bbox 506 5279 695 5327; x_wconf 86' lang='lat' dir='ltr'><strong>ctuum</strong></span> <span class='ocrx_word' id='word_1_689' title='bbox 758 5272 1135 5341; x_wconf 82' lang='lat' dir='ltr'><strong>exspectatio;</strong></span> <span class='ocrx_word' id='word_1_690' title='bbox 1203 5276 1367 5329; x_wconf 87' lang='lat' dir='ltr'><strong>morti</strong></span> <span class='ocrx_word' id='word_1_691' title='bbox 1396 5278 1728 5346; x_wconf 85' lang='lat' dir='ltr'><strong>quandoque</strong></span> <span class='ocrx_word' id='word_1_692' title='bbox 1792 5275 2079 5330; x_wconf 67' lang='lat' dir='ltr'><strong>ditissima:</strong></span> 
     </span>
    </p>
   </div>
   <div class='ocr_carea' id='block_1_100' title="bbox 503 5358 2077 5435">
    <p class='ocr_par' dir='ltr' id='par_1_100' title="bbox 503 5358 2077 5435">
     <span class='ocr_line' id='line_1_100' title="bbox 503 5358 2077 5435; baseline 0.004 -23"><span class='ocrx_word' id='word_1_693' title='bbox 503 5358 864 5428; x_wconf 82' lang='lat' dir='ltr'><strong>objiciuntur,</strong></span> <span class='ocrx_word' id='word_1_694' title='bbox 904 5364 999 5432; x_wconf 91' lang='lat' dir='ltr'><strong>qui</strong></span> <span class='ocrx_word' id='word_1_695' title='bbox 1025 5362 1160 5419; x_wconf 81' lang='lat' dir='ltr'><strong>freta</strong></span> <span class='ocrx_word' id='word_1_696' title='bbox 1212 5372 1592 5432; x_wconf 83' lang='lat' dir='ltr'><strong>transnatant;</strong></span> <span class='ocrx_word' id='word_1_697' title='bbox 1667 5374 1753 5421; x_wconf 85' lang='lat' dir='ltr'><strong>ast</strong></span> <span class='ocrx_word' id='word_1_698' title='bbox 1795 5380 1892 5435; x_wconf 84' lang='lat' dir='ltr'><strong>spe</strong></span> <span class='ocrx_word' id='word_1_699' title='bbox 1940 5365 2077 5419; x_wconf 89' lang='lat' dir='ltr'><strong>lucri</strong></span> 
     </span>
    </p>
   </div>
   <div class='ocr_carea' id='block_1_101' title="bbox 502 5447 2076 5522">
    <p class='ocr_par' dir='ltr' id='par_1_101' title="bbox 502 5447 2076 5522">
     <span class='ocr_line' id='line_1_101' title="bbox 502 5447 2076 5522; baseline 0.008 -27"><span class='ocrx_word' id='word_1_700' title='bbox 502 5447 685 5500; x_wconf 83' lang='lat' dir='ltr'><strong>omnia</strong></span> <span class='ocrx_word' id='word_1_701' title='bbox 736 5450 900 5505; x_wconf 89' lang='lat' dir='ltr'><strong>maris</strong></span> <span class='ocrx_word' id='word_1_702' title='bbox 935 5450 1174 5518; x_wconf 88' lang='lat' dir='ltr'><strong>pericula</strong></span> <span class='ocrx_word' id='word_1_703' title='bbox 1230 5470 1261 5508; x_wconf 86' lang='lat' dir='ltr'><strong>e</strong></span> <span class='ocrx_word' id='word_1_704' title='bbox 1308 5454 1573 5511; x_wconf 86' lang='lat' dir='ltr'><strong>memoria</strong></span> <span class='ocrx_word' id='word_1_705' title='bbox 1602 5462 1657 5511; x_wconf 85' lang='lat' dir='ltr'><strong>et</strong></span> <span class='ocrx_word' id='word_1_706' title='bbox 1699 5461 1825 5522; x_wconf 88' lang='lat' dir='ltr'><strong>post</strong></span> <span class='ocrx_word' id='word_1_707' title='bbox 1865 5461 2076 5521; x_wconf 88' lang='lat' dir='ltr'><strong>tergum</strong></span> 
     </span>
    </p>
   </div>
   <div class='ocr_carea' id='block_1_102' title="bbox 504 5536 787 5605">
    <p class='ocr_par' dir='ltr' id='par_1_102' title="bbox 504 5536 787 5605">
     <span class='ocr_line' id='line_1_102' title="bbox 504 5536 787 5605; baseline 0.014 -16"><span class='ocrx_word' id='word_1_708' title='bbox 504 5536 787 5605; x_wconf 81' lang='lat' dir='ltr'><strong>abjiciunt.</strong></span> 
     </span>
    </p>
   </div>
   <div class='ocr_carea' id='block_1_103' title="bbox 588 5713 1095 5788">
    <p class='ocr_par' dir='ltr' id='par_1_103' title="bbox 588 5713 1095 5788">
     <span class='ocr_line' id='line_1_103' title="bbox 588 5713 1095 5788; baseline 0.012 -20"><span class='ocrx_word' id='word_1_709' title='bbox 588 5714 603 5744; x_wconf 86' lang='grc'>¹</span> <span class='ocrx_word' id='word_1_710' title='bbox 634 5713 821 5773; x_wconf 75' lang='lat' dir='ltr'><strong>Matth.</strong></span> <span class='ocrx_word' id='word_1_711' title='bbox 858 5736 1001 5788; x_wconf 73' lang='lat' dir='ltr'><strong>xxiv,</strong></span> <span class='ocrx_word' id='word_1_712' title='bbox 1034 5723 1095 5779; x_wconf 71' lang='lat' dir='ltr'><strong>ﬂ</strong></span> 
     </span>
    </p>
   </div>
   <div class='ocr_carea' id='block_1_104' title="bbox 2172 4539 3751 4611">
    <p class='ocr_par' dir='ltr' id='par_1_104' title="bbox 2172 4539 3751 4611">
     <span class='ocr_line' id='line_1_104' title="bbox 2172 4539 3751 4611; baseline 0.003 -20"><span class='ocrx_word' id='word_1_713' title='bbox 2172 4539 2374 4592; x_wconf 87' lang='grc' dir='ltr'>ἔπλασε</span> <span class='ocrx_word' id='word_1_714' title='bbox 2405 4539 2593 4608; x_wconf 80' lang='grc' dir='ltr'>φύσιν,</span> <span class='ocrx_word' id='word_1_715' title='bbox 2624 4540 2777 4608; x_wconf 84' lang='grc' dir='ltr'>ἔλεγε</span> <span class='ocrx_word' id='word_1_716' title='bbox 2806 4542 2919 4602; x_wconf 85' lang='grc' dir='ltr'>τοῖς</span> <span class='ocrx_word' id='word_1_717' title='bbox 2952 4541 3244 4608; x_wconf 78' lang='grc' dir='ltr'>μαθηταῖςο</span> <span class='ocrx_word' id='word_1_718' title='bbox 3278 4540 3351 4594; x_wconf 87' lang='grc' dir='ltr'><strong>Τὸ</strong></span> <span class='ocrx_word' id='word_1_719' title='bbox 3385 4542 3485 4609; x_wconf 80' lang='grc' dir='ltr'>μὲν</span> <span class='ocrx_word' id='word_1_720' title='bbox 3534 4541 3751 4611; x_wconf 84' lang='grc' dir='ltr'>πνεῦμα</span> 
     </span>
    </p>
   </div>
   <div class='ocr_carea' id='block_1_105' title="bbox 2173 4629 3751 4703">
    <p class='ocr_par' dir='ltr' id='par_1_105' title="bbox 2173 4629 3751 4703">
     <span class='ocr_line' id='line_1_105' title="bbox 2173 4629 3751 4703; baseline 0.001 -18"><span class='ocrx_word' id='word_1_721' title='bbox 2173 4632 2472 4703; x_wconf 85' lang='grc' dir='ltr'>πρόθυμον,</span> <span class='ocrx_word' id='word_1_722' title='bbox 2512 4634 2545 4701; x_wconf 79' lang='grc' dir='ltr'>ἡ</span> <span class='ocrx_word' id='word_1_723' title='bbox 2573 4633 2629 4684; x_wconf 84' lang='grc' dir='ltr'>δὲ</span> <span class='ocrx_word' id='word_1_724' title='bbox 2671 4632 2814 4702; x_wconf 79' lang='grc' dir='ltr'>σάρξ</span> <span class='ocrx_word' id='word_1_725' title='bbox 2849 4631 3104 4701; x_wconf 80' lang='grc' dir='ltr'>ἀσθενής.</span> <span class='ocrx_word' id='word_1_726' title='bbox 3144 4633 3255 4684; x_wconf 77' lang='grc' dir='ltr'>Οὐκ</span> <span class='ocrx_word' id='word_1_727' title='bbox 3291 4631 3507 4703; x_wconf 68' lang='grc' dir='ltr'>εἴρηται</span> <span class='ocrx_word' id='word_1_728' title='bbox 3532 4629 3623 4685; x_wconf 79' lang='grc' dir='ltr'><strong>οὖν</strong></span> <span class='ocrx_word' id='word_1_729' title='bbox 3684 4636 3751 4688; x_wconf 85' lang='grc' dir='ltr'><strong>τά</strong></span> 
     </span>
    </p>
   </div>
   <div class='ocr_carea' id='block_1_106' title="bbox 2174 4723 3749 4795">
    <p class='ocr_par' dir='ltr' id='par_1_106' title="bbox 2174 4723 3749 4795">
     <span class='ocr_line' id='line_1_106' title="bbox 2174 4723 3749 4795; baseline 0.001 -18"><span class='ocrx_word' id='word_1_730' title='bbox 2174 4724 2575 4795; x_wconf 80' lang='grc' dir='ltr'>προειρημένα,</span> <span class='ocrx_word' id='word_1_731' title='bbox 2610 4723 2685 4792; x_wconf 81' lang='grc' dir='ltr'>μὴ</span> <span class='ocrx_word' id='word_1_732' title='bbox 2733 4726 2964 4791; x_wconf 77' lang='grc' dir='ltr'>γένοιτο,</span> <span class='ocrx_word' id='word_1_733' title='bbox 2998 4724 3080 4786; x_wconf 84' lang='grc' dir='ltr'><strong>είς</strong></span> <span class='ocrx_word' id='word_1_734' title='bbox 3132 4725 3496 4791; x_wconf 87' lang='grc' dir='ltr'>κατάγνωσιν,</span> <span class='ocrx_word' id='word_1_735' title='bbox 3541 4725 3654 4778; x_wconf 86' lang='grc' dir='ltr'>ἀλλ’</span> <span class='ocrx_word' id='word_1_736' title='bbox 3682 4727 3749 4779; x_wconf 76' lang='grc' dir='ltr'><strong>ἵν’</strong></span> 
     </span>
    </p>
   </div>
   <div class='ocr_carea' id='block_1_107' title="bbox 2178 4813 3747 4886">
    <p class='ocr_par' dir='ltr' id='par_1_107' title="bbox 2178 4813 3747 4886">
     <span class='ocr_line' id='line_1_107' title="bbox 2178 4813 3747 4886; baseline 0.001 -19"><span class='ocrx_word' id='word_1_737' title='bbox 2178 4817 2305 4886; x_wconf 80' lang='grc' dir='ltr'>ἔχῃς</span> <span class='ocrx_word' id='word_1_738' title='bbox 2353 4816 2552 4866; x_wconf 78' lang='grc' dir='ltr'>εἰδέναι</span> <span class='ocrx_word' id='word_1_739' title='bbox 2604 4815 2680 4877; x_wconf 85' lang='grc' dir='ltr'><strong>ὡς</strong></span> <span class='ocrx_word' id='word_1_740' title='bbox 2727 4813 2849 4866; x_wconf 73' lang='grc' dir='ltr'>οὔτε</span> <span class='ocrx_word' id='word_1_741' title='bbox 2884 4814 2978 4865; x_wconf 80' lang='grc' dir='ltr'><strong>τοῦ</strong></span> <span class='ocrx_word' id='word_1_742' title='bbox 3037 4816 3305 4885; x_wconf 82' lang='grc' dir='ltr'>ἡμετέρου</span> <span class='ocrx_word' id='word_1_743' title='bbox 3340 4816 3565 4879; x_wconf 79' lang='grc' dir='ltr'>σκοποῦ,</span> <span class='ocrx_word' id='word_1_744' title='bbox 3626 4815 3747 4868; x_wconf 75' lang='grc' dir='ltr'>οὔτε</span> 
     </span>
    </p>
   </div>
   <div class='ocr_carea' id='block_1_108' title="bbox 2175 4905 3748 4976">
    <p class='ocr_par' dir='ltr' id='par_1_108' title="bbox 2175 4905 3748 4976">
     <span class='ocr_line' id='line_1_108' title="bbox 2175 4905 3748 4976; baseline 0.001 -17"><span class='ocrx_word' id='word_1_745' title='bbox 2175 4908 2275 4976; x_wconf 82' lang='grc' dir='ltr'>τῆς</span> <span class='ocrx_word' id='word_1_746' title='bbox 2308 4907 2404 4975; x_wconf 84' lang='grc' dir='ltr'>σῆς</span> <span class='ocrx_word' id='word_1_747' title='bbox 2434 4905 2838 4974; x_wconf 81' lang='grc' dir='ltr'>ἐπιλελήσμεθα</span> <span class='ocrx_word' id='word_1_748' title='bbox 2866 4908 3261 4976; x_wconf 82' lang='grc' dir='ltr'>προαιρέσεως.</span> <span class='ocrx_word' id='word_1_749' title='bbox 3287 4908 3536 4972; x_wconf 86' lang='grc' dir='ltr'>Πονοῦσι,</span> <span class='ocrx_word' id='word_1_750' title='bbox 3562 4912 3748 4961; x_wconf 82' lang='grc' dir='ltr'>τέκνον</span> 
     </span>
    </p>
   </div>
   <div class='ocr_carea' id='block_1_109' title="bbox 2176 4998 3747 5069">
    <p class='ocr_par' dir='ltr' id='par_1_109' title="bbox 2176 4998 3747 5069">
     <span class='ocr_line' id='line_1_109' title="bbox 2176 4998 3747 5069; baseline 0 -18"><span class='ocrx_word' id='word_1_751' title='bbox 2176 5000 2356 5068; x_wconf 78' lang='grc' dir='ltr'>ἡμῶν,</span> <span class='ocrx_word' id='word_1_752' title='bbox 2417 4999 2510 5052; x_wconf 82' lang='grc' dir='ltr'>καὶ</span> <span class='ocrx_word' id='word_1_753' title='bbox 2557 4998 2856 5068; x_wconf 85' lang='grc' dir='ltr'>πήγνυνται</span> <span class='ocrx_word' id='word_1_754' title='bbox 2896 4998 3161 5060; x_wconf 83' lang='grc' dir='ltr'>πολλάκις</span> <span class='ocrx_word' id='word_1_755' title='bbox 3227 4999 3305 5067; x_wconf 83' lang='grc' dir='ltr'>τῷ</span> <span class='ocrx_word' id='word_1_756' title='bbox 3353 5001 3551 5069; x_wconf 78' lang='grc' dir='ltr'>κρυμῷ</span> <span class='ocrx_word' id='word_1_757' title='bbox 3600 5000 3647 5051; x_wconf 78' lang='lat' dir='ltr'><strong>ni</strong></span> <span class='ocrx_word' id='word_1_758' title='bbox 3681 4999 3747 5051; x_wconf 80' lang='grc' dir='ltr'>τὰ</span> 
     </span>
    </p>
   </div>
   <div class='ocr_carea' id='block_1_110' title="bbox 2179 5089 3747 5161">
    <p class='ocr_par' dir='ltr' id='par_1_110' title="bbox 2179 5089 3747 5161">
     <span class='ocr_line' id='line_1_110' title="bbox 2179 5089 3747 5161; baseline 0.001 -19"><span class='ocrx_word' id='word_1_759' title='bbox 2179 5090 2470 5160; x_wconf 82' lang='grc' dir='ltr'>σπέρματα</span> <span class='ocrx_word' id='word_1_760' title='bbox 2507 5092 2569 5161; x_wconf 80' lang='grc' dir='ltr'>τῇ</span> <span class='ocrx_word' id='word_1_761' title='bbox 2606 5092 2675 5160; x_wconf 77' lang='grc' dir='ltr'>γῇ</span> <span class='ocrx_word' id='word_1_762' title='bbox 2706 5089 3163 5157; x_wconf 78' lang='grc' dir='ltr'>καταϐάλλοντες,</span> <span class='ocrx_word' id='word_1_763' title='bbox 3186 5092 3321 5146; x_wconf 81' lang='grc' dir='ltr'>ἀλλὰ</span> <span class='ocrx_word' id='word_1_764' title='bbox 3349 5096 3443 5145; x_wconf 81' lang='grc' dir='ltr'>καὶ</span> <span class='ocrx_word' id='word_1_765' title='bbox 3470 5093 3560 5145; x_wconf 83' lang='grc' dir='ltr'><strong>τὸν</strong></span> <span class='ocrx_word' id='word_1_766' title='bbox 3587 5093 3747 5145; x_wconf 86' lang='grc' dir='ltr'>πόνον</span> 
     </span>
    </p>
   </div>
   <div class='ocr_carea' id='block_1_111' title="bbox 2178 5182 3748 5256">
    <p class='ocr_par' dir='ltr' id='par_1_111' title="bbox 2178 5182 3748 5256">
     <span class='ocr_line' id='line_1_111' title="bbox 2178 5182 3748 5256; baseline 0.001 -22"><span class='ocrx_word' id='word_1_767' title='bbox 2178 5185 2273 5239; x_wconf 85' lang='grc' dir='ltr'><strong>καὶ</strong></span> <span class='ocrx_word' id='word_1_768' title='bbox 2326 5184 2425 5253; x_wconf 78' lang='grc' dir='ltr'><strong>τὴν</strong></span> <span class='ocrx_word' id='word_1_769' title='bbox 2487 5186 2552 5235; x_wconf 80' lang='grc' dir='ltr'><strong>ἐκ</strong></span> <span class='ocrx_word' id='word_1_770' title='bbox 2580 5182 2676 5239; x_wconf 86' lang='grc' dir='ltr'><strong>τοῦ</strong></span> <span class='ocrx_word' id='word_1_771' title='bbox 2732 5183 2948 5254; x_wconf 85' lang='grc' dir='ltr'>κρυμοῦ</span> <span class='ocrx_word' id='word_1_772' title='bbox 3004 5186 3170 5252; x_wconf 79' lang='grc' dir='ltr'>πῆξιν</span> <span class='ocrx_word' id='word_1_773' title='bbox 3220 5187 3252 5256; x_wconf 78' lang='grc' dir='ltr'>ὴ</span> <span class='ocrx_word' id='word_1_774' title='bbox 3301 5185 3597 5255; x_wconf 84' lang='grc' dir='ltr'>προσδοκία</span> <span class='ocrx_word' id='word_1_775' title='bbox 3647 5185 3748 5253; x_wconf 77' lang='grc' dir='ltr'>τῆς</span> 
     </span>
    </p>
   </div>
   <div class='ocr_carea' id='block_1_112' title="bbox 2179 5274 3747 5347">
    <p class='ocr_par' dir='ltr' id='par_1_112' title="bbox 2179 5274 3747 5347">
     <span class='ocr_line' id='line_1_112' title="bbox 2179 5274 3747 5347; baseline 0.003 -21"><span class='ocrx_word' id='word_1_776' title='bbox 2179 5274 2516 5343; x_wconf 80' lang='grc' dir='ltr'>συγκομιδῆς</span> <span class='ocrx_word' id='word_1_777' title='bbox 2565 5276 2830 5347; x_wconf 81' lang='grc' dir='ltr'>ὑπανίησι</span> <span class='ocrx_word' id='word_1_778' title='bbox 2860 5277 2987 5344; x_wconf 53' lang='grc' dir='ltr'>τῶν,</span> <span class='ocrx_word' id='word_1_779' title='bbox 3011 5277 3257 5347; x_wconf 84' lang='grc' dir='ltr'>καρπῶν.</span> <span class='ocrx_word' id='word_1_780' title='bbox 3300 5276 3747 5344; x_wconf 77' lang='grc' dir='ltr'>Παραὸάλλονται</span> 
     </span>
    </p>
   </div>
   <div class='ocr_carea' id='block_1_113' title="bbox 2177 5366 3749 5440">
    <p class='ocr_par' dir='ltr' id='par_1_113' title="bbox 2177 5366 3749 5440">
     <span class='ocr_line' id='line_1_113' title="bbox 2177 5366 3749 5440; baseline -0.003 -18"><span class='ocrx_word' id='word_1_781' title='bbox 2177 5367 2313 5437; x_wconf 80' lang='grc' dir='ltr'>πρὸς</span> <span class='ocrx_word' id='word_1_782' title='bbox 2345 5366 2610 5430; x_wconf 82' lang='grc' dir='ltr'>θανάτους</span> <span class='ocrx_word' id='word_1_783' title='bbox 2649 5370 2744 5422; x_wconf 74' lang='grc' dir='ltr'>καὶ</span> <span class='ocrx_word' id='word_1_784' title='bbox 2786 5372 2905 5423; x_wconf 86' lang='grc' dir='ltr'>τότε</span> <span class='ocrx_word' id='word_1_785' title='bbox 2937 5370 3357 5440; x_wconf 85' lang='grc' dir='ltr'>χαλεπωτάτους</span> <span class='ocrx_word' id='word_1_786' title='bbox 3398 5370 3446 5421; x_wconf 80' lang='lat' dir='ltr'><strong>oi</strong></span> <span class='ocrx_word' id='word_1_787' title='bbox 3469 5368 3749 5421; x_wconf 87' lang='grc' dir='ltr'>διαπλέον.</span> 
     </span>
    </p>
   </div>
   <div class='ocr_carea' id='block_1_114' title="bbox 2175 5456 3744 5529">
    <p class='ocr_par' dir='ltr' id='par_1_114' title="bbox 2175 5456 3744 5529">
     <span class='ocr_line' id='line_1_114' title="bbox 2175 5456 3744 5529; baseline 0.001 -19"><span class='ocrx_word' id='word_1_788' title='bbox 2175 5473 2265 5520; x_wconf 80' lang='grc' dir='ltr'><strong>τες</strong></span> <span class='ocrx_word' id='word_1_789' title='bbox 2290 5456 2359 5508; x_wconf 77' lang='grc' dir='ltr'>τὰ</span> <span class='ocrx_word' id='word_1_790' title='bbox 2416 5456 2650 5528; x_wconf 81' lang='grc' dir='ltr'>πελάγη,</span> <span class='ocrx_word' id='word_1_791' title='bbox 2690 5459 2828 5512; x_wconf 82' lang='grc' dir='ltr'>ἀλλὰ</span> <span class='ocrx_word' id='word_1_792' title='bbox 2857 5462 2921 5529; x_wconf 79' lang='grc' dir='ltr'>τῇ</span> <span class='ocrx_word' id='word_1_793' title='bbox 2951 5460 3127 5512; x_wconf 77' lang='grc' dir='ltr'>ἐλπίδι</span> <span class='ocrx_word' id='word_1_794' title='bbox 3165 5456 3259 5510; x_wconf 85' lang='grc' dir='ltr'><strong>τοῦ</strong></span> <span class='ocrx_word' id='word_1_795' title='bbox 3294 5457 3518 5527; x_wconf 81' lang='grc' dir='ltr'>κέρδους</span> <span class='ocrx_word' id='word_1_796' title='bbox 3566 5456 3744 5512; x_wconf 75' lang='grc' dir='ltr'>ὀπίσω</span> 
     </span>
    </p>
   </div>
   <div class='ocr_carea' id='block_1_115' title="bbox 2178 5548 3742 5621">
    <p class='ocr_par' dir='ltr' id='par_1_115' title="bbox 2178 5548 3742 5621">
     <span class='ocr_line' id='line_1_115' title="bbox 2178 5548 3742 5621; baseline 0.005 -22"><span class='ocrx_word' id='word_1_797' title='bbox 2178 5548 2427 5617; x_wconf 76' lang='grc' dir='ltr'>ῥίπτουσι</span> <span class='ocrx_word' id='word_1_798' title='bbox 2478 5550 2698 5621; x_wconf 80' lang='grc' dir='ltr'>μνήμης</span> <span class='ocrx_word' id='word_1_799' title='bbox 2732 5552 2853 5614; x_wconf 76' lang='grc' dir='ltr'>τοὺς</span> <span class='ocrx_word' id='word_1_800' title='bbox 2876 5554 2939 5604; x_wconf 83' lang='grc' dir='ltr'><strong>ἐκ</strong></span> <span class='ocrx_word' id='word_1_801' title='bbox 2977 5551 3076 5619; x_wconf 80' lang='grc' dir='ltr'>τῆς</span> <span class='ocrx_word' id='word_1_802' title='bbox 3113 5549 3392 5620; x_wconf 84' lang='grc' dir='ltr'>θαλάσσης</span> <span class='ocrx_word' id='word_1_803' title='bbox 3435 5550 3742 5616; x_wconf 79' lang='grc' dir='ltr'>κινδύνους.</span> 
     </span>
    </p>
   </div>
  </div>
