4088 6208
438 256 541 319 357

1891 253 2299 317 EPISTOLE.

3578 274 3687 340 358

505 369 619 422 Οὐκ
647 363 716 439 ἦν
745 368 889 431 εἰκὸς
908 367 1081 422 ταῦτα
1109 369 1345 441 γράφειν
1363 370 1668 444 ἡμᾶςἯεῑᾳ
1698 372 1809 443 γὰρ
1826 373 1963 443 χάριι

2065 377 2085 437 λ
2182 371 2302 426 Νοη
2346 373 2573 431 decebat
2608 393 2707 435 nos
2746 380 2861 434 hac
2887 378 3152 447 scribere,
3191 384 3336 453 quod
3367 387 3541 454 gratia
3588 390 3685 447 De‘.

432 461 709 517 διδάσκειν
756 462 1122 527 κατασταθεὶς
1175 463 1419 533 ἑτέρους,
1450 463 1546 517 καὶ
1587 463 1822 534 μάλιστα
1882 480 2009 518 παι-

432 555 583 610 δόθεν
612 555 879 616 τοιούτοις
927 554 1251 624 διδάγμασιν
1304 555 1759 623 ἐντεθραμμένος,
1790 555 1890 608 οὐκ
1945 556 2006 607 ἐν

428 645 586 717 χρείᾳ
615 643 822 697 τούτων
848 644 1193 712 καθέστηκας
1221 644 1486 713 ἑτέρωθεν
1510 644 1822 699 ἐπακούειν.
1852 644 2006 698 Ἀλλ’

430 736 515 789 ῐνα
544 736 621 805 μὴ
660 735 906 803 δόξωμεν
938 733 1130 804 ὥσπερ
1157 733 1404 803 ἀκίνητοι
1436 733 1573 804 πρὸς
1606 734 1673 787 τά
1700 735 2000 804 γραφέντα,

427 828 730 880 καὶταῦτα
774 826 1106 897 γέγραπται,
1155 826 1251 879 καὶ
1288 826 1444 895 ὀλίγα
1500 828 1581 880 ἔτι
1632 828 2001 898 προστεθήσε-

422 940 533 977 ται.
548 920 886 990 ·Ἀπόϐλεψον
908 919 1042 991 πρὸς
1068 918 1193 981 τοὺς
1227 918 1534 988 μακαρίους
1554 918 1646 971 τοῦ
1665 919 1999 988 Εύαγγελίου

426 1017 697 1087 κήρυκας,
737 1010 812 1070 ὧν
846 1014 909 1066 σὺ
948 1012 1292 1082 κατηξιώθης
1317 1012 1396 1082 τῷ
1428 1012 1716 1083 καταλόγῳ
1745 1012 2001 1084 συναριθ-

426 1110 686 1180 μηθῆναι,
759 1110 858 1160 καὶ
906 1106 974 1160 τὰ
1040 1105 1262 1158 ἐκείνων
1318 1105 1466 1177 πάθη
1528 1105 1624 1158 καὶ
1685 1106 1813 1170 τοὺς
1860 1105 1998 1161 καθ’

419 1204 636 1272 ἡμέραν
682 1200 946 1261 θανάτους
997 1198 1090 1251 καὶ
1156 1197 1253 1268 τὴν
1315 1199 1491 1267 χαρὰν
1533 1198 1602 1269 ἣν
1652 1198 1743 1251 ἐπὶ
1784 1198 1997 1262 τούτοις

421 1299 663 1368 ἔχαιρον,
697 1296 793 1349 καὶ
818 1295 1084 1349 κατάλιπε
1125 1292 1187 1346 τὸ
1219 1293 1442 1362 θρηνεῖν
1496 1292 1591 1345 καὶ
1641 1290 1703 1344 τδ
1741 1292 1991 1360 ἀθυμεῖν,

417 1392 551 1445 διότι
576 1390 651 1462 μὴ
667 1390 734 1442 τὰ
770 1388 1087 1459 ἀνθρώπινα
1112 1386 1412 1456 πράγματα
1432 1384 1573 1438 κατὰ
1596 1383 1721 1453 ροὖν
1742 1384 1874 1454 ἡμῖν
1898 1381 1995 1451 φέ-

418 1501 593 1553 ρεται.
645 1481 1034 1552 Ἐνθυμήθητι,
1063 1478 1262 1549 μᾶλλον
1311 1478 1367 1531 δι
1400 1479 1484 1531 ἀεὶ
1514 1477 1675 1530 τοῦτο
1712 1475 1875 1546 φέρον
1906 1476 1993 1526 ὲν-

414 1574 630 1645 θύμιον,
665 1573 740 1635 ὡς
766 1572 926 1644 χάρις
952 1572 1070 1626 ἐστὶ
1107 1571 1202 1625 καὶ
1225 1570 1348 1639 φιλο
1370 1568 1527 1638 τιμία
1554 1566 1760 1622 ἄνωθεν
1797 1567 1857 1619 τὸ
1882 1566 1990 1620 πάι

2110 466 2321 533 positus
2376 467 2452 521 sis
2498 469 2564 523 ad
2612 470 2748 525 alios
2781 471 3113 535 edocendos,
3143 482 3200 527 et
3230 478 3374 543 quod
3423 479 3492 532 ab
3526 480 3684 539 incn-

2110 551 2310 607 nabilis
2356 556 2598 611 nutritus
2657 560 2735 613 sis
2766 560 3034 627 ejusmodi
3055 561 3347 627 doctrinis,
3391 579 3528 634 opus
3580 569 3678 623 tibi

2107 656 2216 695 non
2256 642 2361 698 fuit
2391 646 2588 702 alienis
2622 647 2987 705 documentis.
3018 650 3407 709 Verumtamen
3440 671 3507 709 ne
3536 660 3677 715 tardi

2106 734 2389 790 videamur
2450 739 2516 793 ad
2593 742 2945 796 scribendum
3010 745 3295 811 praesentia
3354 749 3677 816 scripsimus

2105 827 2381 882 modicum
2428 832 2558 897 quid
2596 833 2857 888 addituri.
2883 835 2962 889 Ad
3005 835 3355 891 beatissimos
3394 837 3675 908 Evangelii

2103 934 2385 988 praecones
2411 923 2698 991 respicias,
2722 940 2953 994 quorum
2976 928 3224 997 catalogo
3245 929 3591 985 adnumerari
3617 942 3674 986 ιιι

2102 1011 2359 1080 dignatus
2379 1028 2439 1068 es
2467 1032 2481 1067 :
2516 1015 2733 1069 illorum
2773 1020 3034 1089 martyria
3068 1029 3122 1073 et
3156 1031 3361 1089 mortes
3399 1024 3671 1085 quotidia-

2099 1118 2200 1157 nas
2229 1106 2553 1160 consideres
2576 1114 2629 1160 et
2667 1088 2929 1177 gaudium
2972 1126 3079 1179 quo
3116 1111 3255 1165 inter
3290 1088 3509 1168 dolores
3541 1115 3670 1173 elati

2098 1199 2261 1256 sunt;
2290 1193 2486 1248 deinde
2536 1210 2567 1248 a
2602 1195 3089 1255 lamentationibus
3140 1214 3193 1254 et
3228 1202 3295 1256 ab
3335 1204 3521 1258 animo
3569 1207 3666 1259 de-

2097 1293 2350 1353 sperante
2401 1301 2693 1358 assurgas,
2748 1292 2791 1344 si
2840 1290 2977 1345 forte
3010 1294 3241 1348 humana
3298 1296 3510 1366 negotia
3557 1312 3665 1351 non

2095 1379 2338 1432 secundo
2376 1377 2600 1435 ﬂumine
2664 1386 2979 1452 procedant.
3031 1385 3231 1440 Tecum
3268 1398 3508 1456 reputes,
3565 1404 3663 1444 seu

2092 1470 2278 1537 potius
2305 1470 2359 1523 in
2395 1472 2563 1525 corde
2598 1483 2691 1527 tuo
2742 1490 2958 1545 semper
2992 1479 3240 1535 revolvas
3274 1480 3509 1549 gratiam
3538 1495 3662 1535 esse

2090 1568 2144 1613 et
2174 1576 2473 1630 supernum
2509 1563 2750 1618 favorem
2786 1567 2832 1622 si
2861 1571 2984 1637 quis
3016 1586 3115 1639 pro
3142 1570 3365 1625 Christo
3400 1572 3658 1638 patiatur.

415 1683 562 1737 σχειν
577 1666 718 1736 ὑπὲρ
734 1662 995 1734 Χριστοῦ.
1020 1663 1086 1715 Σε
1096 1662 1294 1732 μνύνου
1320 1661 1457 1726 μετά
1476 1660 1567 1713 τοῦ
1582 1660 1826 1720 εἰπόντος
1841 1659 1963 1711 θείοι

2090 1645 2226 1701 Illud
2253 1650 2363 1702 divi
2394 1651 2638 1720 Apostuli
2672 1669 2782 1723 pra:
2824 1648 2998 1712 oculis
3033 1658 3237 1713 habeas
3264 1676 3279 1712 ς
3307 1660 3409 1713 hoc
3437 1674 3657 1729 quoque

411 1725 734 1824 ἀποστόλου,
773 1725 1039 1811 καὶτοῦτο
1057 1725 1457 1826 ἡμῖνὲχαρίσθη
1476 1752 1583 1805 ἀπὸ
1604 1751 1739 1805 Θεοῦ
1769 1749 1830 1805 τὸ
1847 1751 1963 1821 ύπὲι

2091 1739 2248 1794 nobis
2297 1757 2327 1795 a
2359 1741 2471 1796 Deo
2511 1759 2833 1800 concessum
2864 1758 2947 1802 est
2997 1758 3055 1802 ut
3091 1766 3189 1818 pro
3223 1751 3442 1805 Christo
3486 1751 3659 1820 patia-

410 1850 646 1919 Χριστοῦ
682 1850 932 1918 πάσχειν.
960 1848 1154 1901 Πολλοὶ
1173 1848 1282 1900 τῶν
1301 1846 1409 1899 σῶν
1429 1845 1618 1898 παθῶν
1634 1842 1798 1897 πόθον
1826 1842 1983 1913 ἐχου-

410 1956 477 2015 σι.
498 1941 743 1993 κοινωνοὶ
794 1938 1050 2008 γενέσθαι
1089 1938 1185 1990 καὶ
1207 1937 1305 2006 τῆς
1329 1937 1626 1997 κακώσεως
1643 1936 1739 1987 καὶ
1752 1934 1850 2004 τῆς
1872 1949 1985 1986 στε-

407 2031 695 2101 νοχωρίας,
722 2030 859 2085 ἀλλὰ
875 2031 958 2084 σοὶ
977 2029 1135 2083 τοῦτο
1159 2028 1419 2100 ἐχαρίσθη
1444 2026 1663 2097 εὐδοκία
1685 2024 1779 2078 τοῦ
1803 2025 1981 2078 πάντα

406 2123 499 2174 καὶ
568 2123 675 2191 πρὸ
718 2126 976 2189 γνώσεως
1030 2121 1406 2191 ἀφορίσαντος.
1462 2118 1609 2188 Πρός
1666 2117 1767 2187 τὴν
1820 2118 1979 2187 χάριν

402 2215 601 2285 ἁφόρα,
651 2216 747 2268 καὶ
772 2216 846 2285 μὴ
878 2214 1012 2284 πρὸς
1032 2213 1131 2280 τὴν
1158 2210 1421 2284 ἐπήρειαν
1440 2213 1548 2265 τῶν
1574 2212 1640 2282 τῇ
1652 2211 1832 2281 χάριτι
1858 2209 1975 2263 δια-

402 2306 806 2377 φθονουμένων.
855 2306 965 2361 εἴτε
1017 2307 1267 2369 δαίμονες
1318 2306 1449 2370 εἶεν,
1510 2305 1620 2358 εἴτε
1700 2303 1975 2373 ἄνθρωποι

398 2401 673 2471 δαιμόνων
728 2401 1022 2470 πρόσωπον
1082 2398 1394 2467 ἐνδυόμενοι
1456 2401 1551 2450 καὶ
1594 2399 1693 2467 τῆς
1744 2394 1971 2448 ἐκείνων

398 2492 602 2551 κακίας
649 2490 1009 2557 τυγχάνοντες
1038 2487 1295 2557 μιμηταί.
1342 2484 1408 2539 Τί
1455 2486 1566 2554 γὰρ
1596 2485 1647 2536 εί
1695 2500 1779 2546 τις
1819 2483 1971 2552 παρὰ

399 2579 667 2650 βασιλέως
694 2579 997 2649 στρατηγὸς
1024 2576 1487 2648 προϐεϐλημένος,
1506 2571 1623 2629 εἶτα
1650 2573 1971 2643 διαφθονού-

399 2670 550 2740 μενοί
601 2687 748 2733 τινες
798 2670 946 2741 αύτῷ
988 2670 1390 2737 ,ἐπανίστανται
1442 2669 1537 2721 καὶ
1575 2667 1749 2731 λύπας
1818 2667 1969 2737 αὑτῷ

396 2763 701 2834 προσάγειν
722 2764 1117 2833 διανενόηνται,
1151 2764 1241 2817 διὰ
1272 2764 1429 2817 τοῦτο
1455 2764 1556 2833 τῆς
1582 2763 1749 2832 τιμῆς
1776 2761 1967 2831 ὥσπερ

394 2857 743 2926 ἐπιλήσεται,
776 2853 845 2930 ἧς
877 2857 1106 2928 ἠξιώθη,
1142 2858 1240 2910 καὶ
1269 2858 1405 2928 πρὸς
1443 2857 1637 2927 μόνους
1675 2859 1803 2921 τοὺς
1828 2859 1967 2927 επη-

394 2950 629 3019 ρεαστὰς
654 2950 1006 3014 ἀποϐλέπων,
1029 2949 1256 3020 ἀθυμῶν
1283 2951 1436 3003 ἔσται
1464 2951 1557 3003 καὶ
1601 2950 1960 3020 ὀδυνώμενος,

394 3042 465 3095 Ἢ
492 3042 692 3111 μᾶλλον
720 3044 974 3111 φρόνημα
1030 3042 1211 3112 φέρων
1258 3042 1496 3109 εὐγενὲς,
1526 3041 1635 3095 τῶν
1687 3041 1788 3111 μὲν
1842 3042 1959 3097 ἀντ’
1988 3061 2033 3124 c

390 3134 608 3197 οὐδενὸς
649 3136 919 3205 ἡγήσεται
958 3136 1058 3204 τὴν
1088 3135 1373 3204 ἐπήρειαν,
1402 3133 1501 3204 τὴν
1541 3134 1599 3188 δὲ
1639 3135 1792 3201 τάξιν
1815 3136 1959 3189 ἑννο-

386 3224 642 3293 ούμενος,
675 3225 754 3286 εἰς
781 3226 849 3295 ἣν
878 3224 1149 3294 ἀνηνέχθη
1177 3226 1329 3296 παρά
1356 3224 1454 3278 τοῦ
1482 3224 1766 3293 τάξαντος,
1795 3232 1958 3282 παντὶ

384 3319 576 3390 τρόπῳ
608 3317 843 3388 σπουδὴν
879 3317 1208 3381 ἐπιδείξεται
1254 3319 1355 3388 τῆς
1400 3318 1510 3371 τῶν
1560 3320 1954 3391 ἀντικειμένων

384 3411 614 3483 δρᾶσθαι
667 3411 1002 3481 ὑψηλότερος
1056 3411 1363 3481 ὲπηρείαςς
1424 3411 1586 3466 Ἀλλὰ
1654 3413 1768 3466 τῶν
1855 3414 1954 3482 μὲν

382 3503 640 3557 τοιούτων
694 3503 1155 3571 παραδειγμάτων
1201 3502 1341 3566 ἆλις.
1392 3503 1555 3575 Ὁρᾷς
1589 3500 1677 3558 οἷα
1701 3506 1795 3558 καὶ
1848 3507 1954 3577 πρὸ

380 3595 493 3648 τῶν
524 3595 735 3648 ἐκεῖθεν
764 3596 1045 3664 στεφάνων
1076 3596 1290 3663 καὶτῆς
1322 3594 1508 3665 θεῖκῆς
1535 3597 1855 3661 ἀντιδόσεως
1884 3597 1954 3651 τά

381 3688 619 3741 ἐνταῦθά
648 3706 730 3741 σοι
760 3688 995 3758 ἀπαντᾷ,
1028 3689 1055 3741 ό
1082 3687 1233 3758 παρά
1258 3688 1366 3741 τῶν
1395 3689 1689 3759 γνωρίμων
1709 3689 1951 3752 ἔπαινος,

377 3779 413 3850 ἢ
433 3780 585 3850 παρὰ
606 3780 715 3831 τῶν
730 3781 830 3832 οὐκ
850 3780 1089 3845 εἰδότων,
1108 3779 1243 3833 ἀλλά
1276 3780 1413 3851 μόνῃ
1442 3781 1578 3850 ἀκοῇ
1602 3780 1701 3851 τὴν
1717 3783 1817 3852 σὴν
1833 3797 1954 3849 αρε-

374 3872 478 3943 τὴν
504 3871 895 3942 θαυμαζόντων
920 3871 1191 3942 εὐφημία,
1249 3874 1343 3926 καὶ
1400 3871 1722 3936 συνελόντως
1748 3874 1949 3937 είπεῖν,

2074 1848 2227 1887 ηιηιιτ.
2264 1832 2417 1889 Multi
2447 1838 2674 1905 cupiunt
2695 1839 2808 1907 pati
2834 1841 2976 1908 quod
3010 1850 3064 1894 tu
3103 1842 3321 1909 pateris,
3386 1852 3438 1896 et
3462 1852 3657 1897 contn-

2081 1927 2371 1982 meliarum
2419 1943 2476 1983 et
2508 1935 2773 1999 angustia
2798 1933 2912 1986 ticri
2954 1934 3247 2003 participes
3278 1952 3292 1988 :
3328 1935 3432 1988 boc
3470 1948 3650 1991 autem

2082 2019 2176 2075 tibi
2208 2022 2395 2076 datum
2433 2023 2539 2078 fuit
2572 2024 2913 2095 beneplacito
2966 2028 3136 2092 illius,
3173 2029 3264 2098 qui
3300 2028 3484 2085 omnia
3528 2036 3653 2083 ante

2078 2116 2357 2171 notionem
2389 2117 2654 2174 decrevit.
2684 2122 2765 2175 Ad
2794 2122 3021 2190 gratiam
3052 2124 3313 2192 respicias
3351 2132 3403 2178 et
3437 2138 3544 2177 non
3579 2121 3648 2175 ad

2077 2206 2464 2263 detrimentum
2496 2212 2640 2280 quod
2677 2222 2864 2281 gratiae
2897 2215 3192 2269 adversarii
3229 2214 3490 2279 inierunt,
3532 2215 3648 2267 sive

2077 2298 2351 2354 damones
2374 2302 2490 2356 sive
2511 2303 2763 2357 homines
2800 2306 2912 2359 sint
2935 2305 3029 2373 qui
3075 2307 3315 2374 speciem
3348 2305 3648 2359 daemonio-

2073 2403 2194 2443 rum
2215 2380 2502 2447 induentes
2550 2394 2812 2448 malitiam
2833 2410 3052 2465 quoque
3073 2397 3376 2450 imitantur.
3393 2396 3533 2461 Quid
3550 2395 3573 2447 ?
3590 2393 3637 2448 si

2072 2480 2246 2549 quisa
2286 2499 2411 2553 rege
2460 2486 2827 2552 praeﬁceretur
2866 2489 3066 2556 copiis.
3120 2499 3174 2545 et
3220 2488 3442 2556 quidam
3500 2487 3642 2542 forte

2074 2572 2327 2629 invidiosi
2388 2575 2671 2632 obstarent
2716 2586 2772 2635 et
2830 2580 3109 2635 molestias
3155 2592 3408 2635 crearent
3462 2595 3633 2634 num-

2071 2664 2197 2732 quid
2216 2674 2435 2734 propter
2463 2682 2632 2723 unum
2658 2668 2795 2725 illud
2826 2669 3099 2727 obliturus
3143 2672 3248 2724 erit
3291 2670 3515 2725 honoris
3543 2670 3643 2724 tri-

2069 2753 2208 2820 buti,
2226 2766 2279 2810 et
2305 2757 2371 2810 ad
2398 2758 2545 2813 solos
2569 2760 2867 2829 respiciens
2890 2764 3256 2831 importunos,
3278 2764 3518 2819 animum
3540 2764 3639 2817 de-

2061 2844 2215 2913 jiciet
2248 2855 2300 2901 et
2323 2863 2559 2907 mmrore
2580 2853 2936 2909 conticietur?
2970 2854 3159 2909 Nonne
3200 2857 3379 2922 potius
3400 2870 3637 2925 genero-

2062 2952 2157 2994 sos
2190 2942 2442 2995 evocabit
2466 2958 2682 3009 sensus,
2721 2947 3003 3003 molestias
3034 2948 3337 3016 despiciet,
3372 2949 3437 3001 ad
3471 2961 3635 3016 quam

2065 3041 2284 3087 evectus
2319 3042 2403 3087 est
2424 3032 2745 3103 dignitatem
2788 3037 3161 3093 considerabit
3198 3048 3254 3094 et
3282 3054 3500 3095 omnem
3534 3040 3638 3093 im-

2065 3124 2261 3190 pendet
2284 3124 2706 3183 sollicitudinem
2744 3140 2800 3185 ut
2840 3131 3007 3187 altius
3056 3132 3293 3187 emineat
3321 3148 3509 3202 .quam
3536 3134 3633 3201 qui

2065 3215 2285 3271 obstant
2301 3217 2794 3289 inimici?Sedjam
2817 3230 2902 3279 sat
2922 3222 3090 3279 multa
3114 3223 3424 3290 huiusmodi
3442 3239 3631 3279 exem-

2063 3309 2171 3377 pla.
2208 3308 2370 3365 Vides
2422 3326 2542 3380 quae
2570 3314 2810 3369 futuram
2839 3329 3098 3371 coronam
3121 3328 3175 3371 et
3202 3316 3443 3373 divinam
3471 3316 3631 3369 retri-

2061 3398 2340 3459 butionem
2371 3406 2702 3475 pracedunt,
2742 3406 2861 3462 vide
2888 3418 3091 3475 quanta
3125 3415 3175 3462 te
3207 3407 3294 3463 hic
3335 3413 3585 3461 maneant
3613 3421 3628 3459 :

2060 3494 2208 3551 Laus
2241 3498 2308 3551 ab
2334 3512 2430 3554 ore
2488 3498 2732 3555 omnium
2778 3499 2869 3568 qni
2907 3511 2958 3554 te
3008 3501 3282 3565 noverint,
3314 3498 3625 3553 bonafama

2056 3589 2203 3658 apud
2255 3604 2446 3646 names
2482 3592 2574 3659 qui
2606 3602 2657 3647 te
2680 3606 2787 3648 non
2820 3590 3049 3649 viderint
3082 3600 3136 3646 et
3172 3601 3320 3647 tuam
3355 3591 3499 3647 bona
3524 3590 3628 3647 (ide

2056 3682 2269 3735 aurium
2298 3682 2483 3737 mirati
2506 3684 2616 3743 sint
2647 3684 2900 3739 virtutem
2926 3700 2941 3749 ;
2971 3692 3038 3753 ‘ut
3096 3699 3205 3737 uno
3234 3683 3397 3738 verbo
3420 3681 3623 3746 dicam,

2056 3772 2124 3826 ab
2171 3773 2429 3827 omnibus
2463 3774 2646 3842 magni
2696 3774 2988 3829 astimaris
3028 3788 3249 3845 propter
3288 3772 3624 3843 apostolicos

2059 3880 2275 3929 cursus,
2316 3866 2609 3933 praeconia,
2658 3876 2714 3921 et
2746 3866 2962 3924 tandem
3008 3869 3364 3936 apostolicam
3393 3878 3621 3924 sortem.

375 3970 404 4021 ὁ
443 3967 598 4038 παρὰ
639 3968 853 4021 πάντων
893 3966 1243 4037 μακαρισμὸς
1306 3965 1491 4020 ἕνεκεν
1532 3967 1625 4022 τοῦ
1647 3966 2011 4023 ἀποστολικοῦ
2050 3966 2251 4037 δρόμου
2278 3963 2374 4015 καὶ
2407 3960 2501 4015 τοῦ
2539 3960 2893 4031 κηρύγματος
2928 3964 3023 4017 καὶ
3054 3967 3153 4037 τῆς
3187 3967 3432 4036 ἰσοτίμου
3471 3967 3623 4021 ὲκεί-

382 4076 499 4121 υοις
545 4057 774 4126 λήξεως.

458 4149 621 4203 Ἀλλὰ
670 4150 740 4202 τά
775 4150 873 4215 μὲν
902 4150 1137 4203 ἀνταῦθα
1187 4151 1435 4205 τοιαῦτα.
1487 4151 1721 4219 Λογίζου
1766 4152 1823 4205 δέ
1856 4169 1947 4221 μοι

374 4243 469 4294 καὶ
496 4240 569 4294 τὰ
598 4238 833 4302 ἐκεῖθεν,
860 4238 1024 4292 ὁπότε
1042 4240 1360 4306 ἀγαλλίασις
1387 4240 1671 4305 ἀδιάλυτος
1692 4242 1814 4296 ἀντὶ
1833 4242 1945 4294 τῶν

372 4332 468 4387 νῦν
495 4348 555 4387 σε
582 4332 982 4403 περιστήσεται
1007 4332 1263 4403 θλίψεων,
1291 4334 1415 4387 ἀντὶ
1450 4335 1553 4404 τῆς
1575 4334 1940 4404 γυμνότητος,

373 4426 495 4479 ἀντὶ
515 4426 618 4494 τῆς
673 4424 839 4495 ἄλλης
895 4426 1130 4495 ἀπορίας
1184 4425 1415 4488 πλοῦτος
1461 4428 1525 4479 ού
1577 4428 1940 4497 προσιέμενος

372 4515 529 4583 λόγον
559 4516 640 4578 είς
683 4515 976 4586 ἔκφρασιν.
1026 4516 1135 4569 Καὶ
1190 4516 1244 4569 τί
1273 4515 1448 4569 ταῦτα
1496 4517 1671 4586 λέγως
1717 4519 1776 4571 '0
1804 4521 1942 4589 μετά

367 4605 480 4658 τῶν
500 4606 804 4675 φωστήρων
829 4602 925 4658 τοῦ
954 4606 1159 4673 κόσμου
1190 4603 1283 4656 τοῦ
1313 4605 1458 4657 θείου
1489 4606 1667 4675 φωτὸς
1696 4605 1939 4659 ἐπιπλώο

376 4714 531 4767 μενος
562 4697 776 4767 σταίης,
810 4699 905 4751 καὶ
933 4696 1028 4753 ἅτε
1058 4697 1122 4769 δὴ
1155 4699 1268 4760 τοῖς
1296 4697 1519 4752 ἐκείνων
1534 4715 1942 4770 συμμεμορφω-

376 4788 536 4857 μένος
574 4788 862 4858 παθήμασι
879 4792 944 4861 τῇ
966 4788 1089 4859 θείᾳ
1111 4788 1236 4858 δόξῃ
1256 4789 1667 4859 ἀπαστράπτων
1689 4790 1929 4862 ὀφθείης.

370 4878 433 4932 Τί
458 4880 676 4947 Mrem;
707 4881 1073 4950 Πενθήσωμεν
1101 4880 1185 4934 ἔτι
1214 4880 1311 4934 καὶ
1331 4880 1400 4935 τὰ
1429 4880 1539 4936 τῶν
1574 4882 1935 4952 ἀθυμούντων

364 4967 707 5037 πεισόμεθας
765 4968 834 5019 Ἢ
894 4967 1141 5036 ῥίψωμεν
1177 4969 1360 5021 πᾶσαν
1407 4968 1673 5040 ἀθυμίαν,
1708 4970 1804 5023 καὶ
1836 4975 1934 5025 σὺν

359 5061 428 5128 τῇ
458 5058 672 5113 ἀνωθεν
698 5058 960 5128 εὖμενεία
991 5064 1211 5113 πάντων
1229 5061 1491 5130 ὑπεράνω
1537 5061 1647 5115 τῶν
1700 5062 1930 5117 λυπούνο

356 5165 470 5203 των
498 5149 1014 5219 καταστησώμεθας
1045 5152 1153 5205 Καὶ
1178 5152 1295 5215 πῶς
1320 5153 1498 5217 άλλως
1538 5152 1641 5223 ἐμὲ
1687 5154 1806 5208 δέον
1839 5155 1929 5208 ex.

358 5240 578 5307 πίξειν;
655 5241 717 5294 Ei
778 5244 851 5311 μὴ
909 5241 1073 5313 λῆρον
1124 5244 1326 5314 ἡγήσῃ,
1384 5245 1520 5315 ὅπερ
1580 5247 1800 5310 ἀνάξιον
1829 5248 1928 5318 τῆς

364 5334 459 5405 σῆς
513 5333 790 5396 συνέσεως
827 5333 899 5386 τὰ
951 5334 1135 5405 μικρῷ
1183 5336 1419 5405 πρόσθεν
1470 5339 1603 5407 ημῖν
1631 5341 1919 5411 εἰρημένα.

364 5456 367 5461 -
422 5423 524 5480 Διὰ
553 5422 716 5477 τοῦτο
748 5424 931 5478 λοιπὸν
962 5424 1063 5495 ήδη
1088 5426 1334 5496 παύομαι
1361 5426 1455 5482 τοῦ
1484 5428 1645 5482 πλέον
1663 5447 1715 5483 τι
1743 5432 1923 5500 λέγειν

360 5514 447 5569 τοῦ
483 5515 546 5571 at
607 5516 713 5587 τῆς
780 5517 1122 5587 κατεχούσης
1157 5519 1386 5590 ἀκηδίας
1447 5521 1758 5580 ἀναλαϐεῖν.
1805 5524 1921 5580 Ἐπ’

360 5605 523 5677 ἀλλην
552 5607 607 5660 δὲ
637 5608 920 5677 τρέπομεν
950 5608 1043 5660 τὸν
1076 5608 1233 5676 λόγον
1281 5610 1558 5678 ὑπόθεσιν,
1598 5617 1690 5666 καὶ
1714 5631 1919 5686 παραι-

355 5696 571 5761 νοῦντες
600 5700 1039 5771 προτρεπόμενοι
1072 5699 1167 5770 τῆς
1221 5699 1529 5772 προσούσης
1562 5720 1644 5758 σοι
1673 5706 1915 5776 πραότης

2118 4146 2245 4203 Haec
2271 4148 2335 4203 ad
2361 4147 2694 4217 praateritam
2719 4146 2883 4200 vitam
2909 4156 3187 4216 spectant;
3222 4149 3458 4203 futuram
3490 4164 3616 4204 vero

2051 4255 2198 4295 nunc
2256 4248 2451 4309 reputa
2510 4238 2600 4292 tibi
2650 4238 2982 4292 .indesinens
3005 4241 3109 4292 erit
3137 4239 3432 4293 exsultatio
3468 4258 3481 4294 :
3513 4256 3613 4310 pro

2050 4332 2541 4393 tribulationibus,
2595 4344 2695 4400 pro
2748 4331 2993 4385 nuditate
3058 4340 3114 4385 et
3166 4332 3444 4395 miseriis,
3508 4333 3616 4385 im-

1966 4406 2022 4467 Ῑ)
2050 4438 2269 4478 mensas
2316 4422 2620 4492 possidebis
2666 4423 2905 4478 divitias.
2943 4422 3085 4489 Quid
3124 4423 3241 4479 haec
3281 4422 3611 4479 dicoiCum

2043 4514 2231 4569 mundi
2259 4515 2313 4568 lu
2337 4514 2576 4570 minibus
2620 4515 2790 4573 stabis
2815 4515 3001 4570 divina
3046 4517 3169 4575 luce
3208 4517 3448 4584 repletus
3478 4533 3493 4570 :
3526 4516 3611 4574 his

2038 4604 2186 4658 enim
2232 4604 2660 4660 transformatus
2709 4605 3082 4674 passionibus,
3131 4606 3317 4660 divina
3370 4607 3607 4678 refulge-

2037 4694 2125 4751 bia
2172 4696 2364 4763 gloria.
2417 4695 2559 4762 Quid
2614 4696 2945 4767 respondes?
2977 4697 3117 4753 Num
3148 4699 3455 4770 lugebimus
3507 4702 3606 4755 ad-

2035 4786 2145 4842 huc
2175 4796 2230 4842 et
2290 4798 2490 4842 sortem
2532 4788 2751 4844 illorum
2791 4790 3117 4847 habebimus
3170 4793 3263 4862 qui
3301 4793 3608 4862 desponde-

2036 4888 2166 4933 runt
2194 4879 2479 4934 animum?
2527 4878 2719 4934 Nonne
2754 4881 2939 4951 potius
2971 4898 3190 4938 omnem
3224 4884 3375 4939 enini
3406 4885 3604 4953 despe-

2034 4969 2303 5023 rationem
2334 4970 2685 5039 abjiciemus,
2711 4981 2766 5027 et
2795 4972 2978 5028 divina
3002 4972 3228 5043 iuvante
3265 4974 3603 5039 constantia,

2031 5073 2225 5115 omnes
2287 5061 2667 5130 superabimns
2732 5064 2988 5120 dolores?
3039 5064 3181 5132 Quid
3250 5065 3399 5123 aliud
3462 5064 3601 5119 mihi

2032 5151 2361 5220 sperandum
2396 5151 2570 5208 foret?
2603 5155 2687 5209 An
2720 5168 2784 5209 ea
2824 5171 2947 5226 quin
2977 5156 3218 5212 diximus
3248 5155 3402 5213 ﬂocci
3431 5156 3601 5213 facies

2028 5253 2083 5299 et
2136 5243 2359 5300 minime
2398 5246 2582 5301 studio
2608 5255 2662 5302 et
2706 5246 2924 5318 ingenio
2961 5260 3055 5303 tuo
3099 5251 3263 5319 digna
3306 5247 3599 5306 censebis?

2099 5431 2203 5487 Sed
2230 5432 2343 5501 jam
2384 5432 2603 5490 dicendi
2646 5434 2805 5491 tinem
2851 5436 3114 5493 faciemus
3140 5436 3208 5490 de
3238 5437 3343 5502 his,
3376 5446 3430 5491 et
3466 5439 3590 5493 ani-

2024 5542 2171 5581 mum
2218 5536 2369 5581 tuum
2405 5531 2702 5584 recreaturi
2742 5532 2811 5585 ad
2857 5533 3018 5584 aliam
3062 5532 3346 5586 materiam
3388 5536 3593 5587 transi-

2021 5633 2164 5673 mus.
2228 5619 2470 5675 lnnatam
2526 5622 2619 5675 tibi
2686 5624 2971 5677 hortamur
3019 5632 3077 5678 ut
3132 5624 3475 5682 dulcedinem
3533 5635 3589 5681 et

2019 5711 2407 5782 benignitatem
2454 5722 2509 5771 et
2557 5729 2651 5784 per
2701 5713 2981 5771 Christum
3025 5718 3392 5789 humilitatem
3439 5735 3589 5776 nunc
