  <div class='ocr_page' id='page_1' title='image "/cluster/home/n/w/nwhite01/storage/ocr_20150623/111/hvd.32044073502288/201.png"; bbox 0 0 4088 6208; ppageno 0'>
   <div class='ocr_carea' id='block_1_1' title="bbox 460 311 573 373">
    <p class='ocr_par' dir='ltr' id='par_1_1' title="bbox 460 311 573 373">
     <span class='ocr_line' id='line_1_1' title="bbox 460 311 573 373; baseline -0.018 0"><span class='ocrx_word' id='word_1_1' title='bbox 460 311 573 373; x_wconf 79' lang='grc'><strong>359</strong></span> 
     </span>
    </p>
   </div>
   <div class='ocr_carea' id='block_1_2' title="bbox 1569 238 2586 354">
    <p class='ocr_par' dir='ltr' id='par_1_2' title="bbox 1569 238 2586 354">
     <span class='ocr_line' id='line_1_2' title="bbox 1569 238 2586 354; baseline -0.008 0"><span class='ocrx_word' id='word_1_2' title='bbox 1569 287 1880 354; x_wconf 83' lang='lat' dir='ltr'><strong>NICOLAI</strong></span> <span class='ocrx_word' id='word_1_3' title='bbox 1920 287 2032 349; x_wconf 88' lang='lat' dir='ltr'><strong>CP.</strong></span> <span class='ocrx_word' id='word_1_4' title='bbox 2068 238 2586 350; x_wconf 25' lang='lat' dir='ltr'><strong>PATRIA‘RCHIE</strong></span> 
     </span>
    </p>
   </div>
   <div class='ocr_carea' id='block_1_3' title="bbox 3617 282 3722 338">
    <p class='ocr_par' dir='ltr' id='par_1_3' title="bbox 3617 282 3722 338">
     <span class='ocr_line' id='line_1_3' title="bbox 3617 282 3722 338; baseline -0.029 -1"><span class='ocrx_word' id='word_1_5' title='bbox 3617 282 3722 338; x_wconf 76' lang='lat'><strong>360</strong></span> 
     </span>
    </p>
   </div>
   <div class='ocr_carea' id='block_1_4' title="bbox 459 388 2052 476">
    <p class='ocr_par' dir='ltr' id='par_1_4' title="bbox 459 402 2033 476">
     <span class='ocr_line' id='line_1_4' title="bbox 459 402 2033 476; baseline -0.015 0"><span class='ocrx_word' id='word_1_6' title='bbox 459 418 698 476; x_wconf 81' lang='lat' dir='ltr'><strong>maxime</strong></span> <span class='ocrx_word' id='word_1_7' title='bbox 741 426 963 469; x_wconf 76' lang='lat' dir='ltr'><strong>exseras</strong></span> <span class='ocrx_word' id='word_1_8' title='bbox 1004 410 1077 465; x_wconf 90' lang='lat' dir='ltr'><strong>ita</strong></span> <span class='ocrx_word' id='word_1_9' title='bbox 1118 416 1179 463; x_wconf 90' lang='lat' dir='ltr'><strong>ut</strong></span> <span class='ocrx_word' id='word_1_10' title='bbox 1229 407 1374 461; x_wconf 87' lang='lat' dir='ltr'><strong>inter</strong></span> <span class='ocrx_word' id='word_1_11' title='bbox 1405 402 1664 457; x_wconf 73' lang='lat' dir='ltr'><strong>virtutem</strong></span> <span class='ocrx_word' id='word_1_12' title='bbox 1705 410 1945 455; x_wconf 88' lang='lat' dir='ltr'><strong>vestram</strong></span> <span class='ocrx_word' id='word_1_13' title='bbox 1977 408 2033 454; x_wconf 89' lang='lat' dir='ltr'><strong>et</strong></span> 
     </span>
    </p>
   </div>
   <div class='ocr_carea' id='block_1_5' title="bbox 2154 388 3725 476">
    <p class='ocr_par' dir='ltr' id='par_1_5' title="bbox 2154 388 3725 465">
     <span class='ocr_line' id='line_1_5' title="bbox 2154 388 3725 465; baseline -0.008 -12"><span class='ocrx_word' id='word_1_14' title='bbox 2154 416 2227 463; x_wconf 84' lang='lat'><strong>:0;</strong></span> <span class='ocrx_word' id='word_1_15' title='bbox 2256 401 2351 454; x_wconf 69' lang='grc' dir='ltr'><strong>καὶ</strong></span> <span class='ocrx_word' id='word_1_16' title='bbox 2374 397 2681 459; x_wconf 78' lang='grc' dir='ltr'>ἐπιεικείας</span> <span class='ocrx_word' id='word_1_17' title='bbox 2711 395 2805 450; x_wconf 73' lang='grc' dir='ltr'><strong>καὶ</strong></span> <span class='ocrx_word' id='word_1_18' title='bbox 2826 394 2923 465; x_wconf 82' lang='grc' dir='ltr'><strong>τῆς</strong></span> <span class='ocrx_word' id='word_1_19' title='bbox 2938 394 3026 448; x_wconf 83' lang='grc' dir='ltr'><strong>διά</strong></span> <span class='ocrx_word' id='word_1_20' title='bbox 3048 394 3220 465; x_wconf 86' lang='grc' dir='ltr'>Χριστ</span> <span class='ocrx_word' id='word_1_21' title='bbox 3241 391 3300 445; x_wconf 76' lang='grc' dir='ltr'><strong>ὀν</strong></span> <span class='ocrx_word' id='word_1_22' title='bbox 3333 388 3725 453; x_wconf 76' lang='grc' dir='ltr'><strong>ταπεινώσεως</strong></span> 
     </span>
    </p>
   </div>
   <div class='ocr_carea' id='block_1_6' title="bbox 456 492 2037 584">
    <p class='ocr_par' dir='ltr' id='par_1_6' title="bbox 456 492 2037 584">
     <span class='ocr_line' id='line_1_6' title="bbox 456 492 2037 584; baseline -0.016 -16"><span class='ocrx_word' id='word_1_23' title='bbox 456 516 715 584; x_wconf 74' lang='lat' dir='ltr'><strong>pietatem</strong></span> <span class='ocrx_word' id='word_1_24' title='bbox 753 507 848 560; x_wconf 87' lang='lat' dir='ltr'><strong>filii</strong></span> <span class='ocrx_word' id='word_1_25' title='bbox 893 502 1091 570; x_wconf 84' lang='lat' dir='ltr'><strong>nostri,</strong></span> <span class='ocrx_word' id='word_1_26' title='bbox 1128 499 1421 567; x_wconf 85' lang='lat' dir='ltr'><strong>Patrisque</strong></span> <span class='ocrx_word' id='word_1_27' title='bbox 1466 495 1542 549; x_wconf 88' lang='lat' dir='ltr'><strong>tui</strong></span> <span class='ocrx_word' id='word_1_28' title='bbox 1574 492 1783 547; x_wconf 85' lang='lat' dir='ltr'><strong>domini</strong></span> <span class='ocrx_word' id='word_1_29' title='bbox 1832 492 2037 561; x_wconf 85' lang='lat' dir='ltr'><strong>Euthy—</strong></span> 
     </span>
    </p>
   </div>
   <div class='ocr_carea' id='block_1_7' title="bbox 461 582 2039 659">
    <p class='ocr_par' dir='ltr' id='par_1_7' title="bbox 461 582 2039 659">
     <span class='ocr_line' id='line_1_7' title="bbox 461 582 2039 659; baseline -0.016 0"><span class='ocrx_word' id='word_1_30' title='bbox 461 582 553 659; x_wconf 67' lang='lat' dir='ltr'><strong>inii</strong></span> <span class='ocrx_word' id='word_1_31' title='bbox 596 599 802 655; x_wconf 74' lang='lat' dir='ltr'><strong>zizania</strong></span> <span class='ocrx_word' id='word_1_32' title='bbox 851 597 1164 649; x_wconf 78' lang='lat' dir='ltr'><strong>inserantur</strong></span> <span class='ocrx_word' id='word_1_33' title='bbox 1204 589 1391 659; x_wconf 82' lang='lat' dir='ltr'><strong>qualia</strong></span> <span class='ocrx_word' id='word_1_34' title='bbox 1427 584 1757 640; x_wconf 81' lang='lat' dir='ltr'><strong>vaferrimus</strong></span> <span class='ocrx_word' id='word_1_35' title='bbox 1791 582 1881 637; x_wconf 88' lang='lat' dir='ltr'><strong>ille</strong></span> <span class='ocrx_word' id='word_1_36' title='bbox 1908 596 2039 636; x_wconf 89' lang='lat' dir='ltr'><strong>con-</strong></span> 
     </span>
    </p>
   </div>
   <div class='ocr_carea' id='block_1_8' title="bbox 461 676 2039 753">
    <p class='ocr_par' dir='ltr' id='par_1_8' title="bbox 461 676 2039 753">
     <span class='ocr_line' id='line_1_8' title="bbox 461 676 2039 753; baseline -0.014 -4"><span class='ocrx_word' id='word_1_37' title='bbox 461 695 661 753; x_wconf 80' lang='lat' dir='ltr'><strong>suevit.</strong></span> <span class='ocrx_word' id='word_1_38' title='bbox 708 691 792 745; x_wconf 81' lang='lat' dir='ltr'><strong>Ab</strong></span> <span class='ocrx_word' id='word_1_39' title='bbox 847 688 1006 741; x_wconf 90' lang='lat' dir='ltr'><strong>initio</strong></span> <span class='ocrx_word' id='word_1_40' title='bbox 1041 686 1187 738; x_wconf 87' lang='lat' dir='ltr'><strong>enim</strong></span> <span class='ocrx_word' id='word_1_41' title='bbox 1235 681 1406 734; x_wconf 88' lang='lat' dir='ltr'><strong>Deum</strong></span> <span class='ocrx_word' id='word_1_42' title='bbox 1461 676 1602 730; x_wconf 76' lang='lat' dir='ltr'><strong>inter</strong></span> <span class='ocrx_word' id='word_1_43' title='bbox 1652 684 1708 729; x_wconf 92' lang='lat' dir='ltr'><strong>et</strong></span> <span class='ocrx_word' id='word_1_44' title='bbox 1752 681 2039 729; x_wconf 89' lang='lat' dir='ltr'><strong>creaturas</strong></span> 
     </span>
    </p>
   </div>
   <div class='ocr_carea' id='block_1_9' title="bbox 462 764 2038 842">
    <p class='ocr_par' dir='ltr' id='par_1_9' title="bbox 462 764 2038 842">
     <span class='ocr_line' id='line_1_9' title="bbox 462 764 2038 842; baseline -0.015 -1"><span class='ocrx_word' id='word_1_45' title='bbox 462 785 724 842; x_wconf 83' lang='lat' dir='ltr'><strong>malitiam</strong></span> <span class='ocrx_word' id='word_1_46' title='bbox 768 774 1208 834; x_wconf 84' lang='lat' dir='ltr'><strong>interseminavit</strong></span> <span class='ocrx_word' id='word_1_47' title='bbox 1256 780 1421 839; x_wconf 89' lang='lat' dir='ltr'><strong>atque</strong></span> <span class='ocrx_word' id='word_1_48' title='bbox 1449 768 1633 823; x_wconf 85' lang='lat' dir='ltr'><strong>intulit</strong></span> <span class='ocrx_word' id='word_1_49' title='bbox 1687 764 2038 827; x_wconf 85' lang='lat' dir='ltr'><strong>inimicitias,</strong></span> 
     </span>
    </p>
   </div>
   <div class='ocr_carea' id='block_1_10' title="bbox 461 856 2043 935">
    <p class='ocr_par' dir='ltr' id='par_1_10' title="bbox 461 856 2043 935">
     <span class='ocr_line' id='line_1_10' title="bbox 461 856 2043 935; baseline -0.016 -1"><span class='ocrx_word' id='word_1_50' title='bbox 461 890 518 935; x_wconf 90' lang='lat' dir='ltr'><strong>et</strong></span> <span class='ocrx_word' id='word_1_51' title='bbox 564 883 774 931; x_wconf 74' lang='lat' dir='ltr'><strong>secreto</strong></span> <span class='ocrx_word' id='word_1_52' title='bbox 820 871 1109 932; x_wconf 87' lang='lat' dir='ltr'><strong>fermenta,</strong></span> <span class='ocrx_word' id='word_1_53' title='bbox 1166 865 1367 934; x_wconf 87' lang='lat' dir='ltr'><strong>quibus</strong></span> <span class='ocrx_word' id='word_1_54' title='bbox 1416 869 1469 915; x_wconf 93' lang='lat' dir='ltr'><strong>et</strong></span> <span class='ocrx_word' id='word_1_55' title='bbox 1502 858 1685 915; x_wconf 89' lang='lat' dir='ltr'><strong>unitas</strong></span> <span class='ocrx_word' id='word_1_56' title='bbox 1734 860 1789 911; x_wconf 92' lang='lat' dir='ltr'><strong>in</strong></span> <span class='ocrx_word' id='word_1_57' title='bbox 1828 856 1937 911; x_wconf 86' lang='lat' dir='ltr'><strong>Deo</strong></span> <span class='ocrx_word' id='word_1_58' title='bbox 1988 865 2043 910; x_wconf 93' lang='lat' dir='ltr'><strong>et</strong></span> 
     </span>
    </p>
   </div>
   <div class='ocr_carea' id='block_1_11' title="bbox 459 946 2042 1036">
    <p class='ocr_par' dir='ltr' id='par_1_11' title="bbox 459 946 2042 1036">
     <span class='ocr_line' id='line_1_11' title="bbox 459 946 2042 1036; baseline -0.016 -12"><span class='ocrx_word' id='word_1_59' title='bbox 459 979 647 1025; x_wconf 87' lang='lat' dir='ltr'><strong>nostra</strong></span> <span class='ocrx_word' id='word_1_60' title='bbox 700 964 1053 1036; x_wconf 82' lang='lat' dir='ltr'><strong>perturbatur</strong></span> <span class='ocrx_word' id='word_1_61' title='bbox 1104 956 1364 1011; x_wconf 86' lang='lat' dir='ltr'><strong>charitas.</strong></span> <span class='ocrx_word' id='word_1_62' title='bbox 1419 951 1499 1005; x_wconf 92' lang='lat' dir='ltr'><strong>Tu</strong></span> <span class='ocrx_word' id='word_1_63' title='bbox 1555 961 1735 1004; x_wconf 87' lang='lat' dir='ltr'><strong>autem</strong></span> <span class='ocrx_word' id='word_1_64' title='bbox 1783 962 1908 1002; x_wconf 90' lang='lat' dir='ltr'><strong>cum</strong></span> <span class='ocrx_word' id='word_1_65' title='bbox 1963 946 2042 1000; x_wconf 85' lang='lat' dir='ltr'><strong>sis</strong></span> 
     </span>
    </p>
   </div>
   <div class='ocr_carea' id='block_1_12' title="bbox 463 1036 2039 1125">
    <p class='ocr_par' dir='ltr' id='par_1_12' title="bbox 463 1036 2039 1125">
     <span class='ocr_line' id='line_1_12' title="bbox 463 1036 2039 1125; baseline -0.017 -9"><span class='ocrx_word' id='word_1_66' title='bbox 463 1064 630 1116; x_wconf 92' lang='lat' dir='ltr'><strong>homo</strong></span> <span class='ocrx_word' id='word_1_67' title='bbox 661 1056 760 1125; x_wconf 85' lang='lat' dir='ltr'><strong>Dei</strong></span> <span class='ocrx_word' id='word_1_68' title='bbox 801 1064 856 1109; x_wconf 91' lang='lat' dir='ltr'><strong>et</strong></span> <span class='ocrx_word' id='word_1_69' title='bbox 889 1051 1136 1107; x_wconf 87' lang='lat' dir='ltr'><strong>omnium</strong></span> <span class='ocrx_word' id='word_1_70' title='bbox 1188 1046 1402 1101; x_wconf 89' lang='lat' dir='ltr'><strong>animos</strong></span> <span class='ocrx_word' id='word_1_71' title='bbox 1432 1042 1742 1097; x_wconf 87' lang='lat' dir='ltr'><strong>demulcere</strong></span> <span class='ocrx_word' id='word_1_72' title='bbox 1781 1036 2039 1103; x_wconf 83' lang='lat' dir='ltr'><strong>didicisti,</strong></span> 
     </span>
    </p>
   </div>
   <div class='ocr_carea' id='block_1_13' title="bbox 462 1129 2027 1217">
    <p class='ocr_par' dir='ltr' id='par_1_13' title="bbox 462 1129 2027 1217">
     <span class='ocr_line' id='line_1_13' title="bbox 462 1129 2027 1217; baseline -0.015 -10"><span class='ocrx_word' id='word_1_73' title='bbox 462 1153 517 1208; x_wconf 89' lang='lat' dir='ltr'><strong>in</strong></span> <span class='ocrx_word' id='word_1_74' title='bbox 553 1166 619 1205; x_wconf 83' lang='lat' dir='ltr'><strong>eo</strong></span> <span class='ocrx_word' id='word_1_75' title='bbox 653 1147 924 1217; x_wconf 88' lang='lat' dir='ltr'><strong>imprimis</strong></span> <span class='ocrx_word' id='word_1_76' title='bbox 966 1145 1181 1197; x_wconf 88' lang='lat' dir='ltr'><strong>labores</strong></span> <span class='ocrx_word' id='word_1_77' title='bbox 1215 1148 1275 1193; x_wconf 90' lang='lat' dir='ltr'><strong>ut</strong></span> <span class='ocrx_word' id='word_1_78' title='bbox 1299 1134 1649 1204; x_wconf 82' lang='lat' dir='ltr'><strong>Euthymium</strong></span> <span class='ocrx_word' id='word_1_79' title='bbox 1682 1131 1825 1185; x_wconf 92' lang='lat' dir='ltr'><strong>lucri</strong></span> <span class='ocrx_word' id='word_1_80' title='bbox 1854 1129 2027 1185; x_wconf 77' lang='lat' dir='ltr'><strong>facias</strong></span> 
     </span>
    </p>
   </div>
   <div class='ocr_carea' id='block_1_14' title="bbox 462 1222 2044 1309">
    <p class='ocr_par' dir='ltr' id='par_1_14' title="bbox 462 1222 2044 1309">
     <span class='ocr_line' id='line_1_14' title="bbox 462 1222 2044 1309; baseline -0.016 -9"><span class='ocrx_word' id='word_1_81' title='bbox 462 1255 515 1300; x_wconf 90' lang='lat' dir='ltr'><strong>et</strong></span> <span class='ocrx_word' id='word_1_82' title='bbox 544 1258 738 1300; x_wconf 87' lang='lat' dir='ltr'><strong>omnes</strong></span> <span class='ocrx_word' id='word_1_83' title='bbox 776 1238 873 1309; x_wconf 92' lang='lat' dir='ltr'><strong>qui</strong></span> <span class='ocrx_word' id='word_1_84' title='bbox 918 1246 1046 1292; x_wconf 83' lang='lat' dir='ltr'><strong>sunt</strong></span> <span class='ocrx_word' id='word_1_85' title='bbox 1096 1248 1219 1287; x_wconf 93' lang='lat' dir='ltr'><strong>cum</strong></span> <span class='ocrx_word' id='word_1_86' title='bbox 1254 1231 1369 1291; x_wconf 88' lang='lat' dir='ltr'><strong>illo,</strong></span> <span class='ocrx_word' id='word_1_87' title='bbox 1411 1240 1590 1296; x_wconf 91' lang='lat' dir='ltr'><strong>neque</strong></span> <span class='ocrx_word' id='word_1_88' title='bbox 1637 1222 1909 1278; x_wconf 84' lang='lat' dir='ltr'><strong>concedas</strong></span> <span class='ocrx_word' id='word_1_89' title='bbox 1940 1236 2044 1275; x_wconf 89' lang='lat' dir='ltr'><strong>un-</strong></span> 
     </span>
    </p>
   </div>
   <div class='ocr_carea' id='block_1_15' title="bbox 463 1313 2045 1408">
    <p class='ocr_par' dir='ltr' id='par_1_15' title="bbox 463 1313 2045 1408">
     <span class='ocr_line' id='line_1_15' title="bbox 463 1313 2045 1408; baseline -0.013 -20"><span class='ocrx_word' id='word_1_90' title='bbox 463 1352 630 1408; x_wconf 79' lang='lat' dir='ltr'><strong>quam</strong></span> <span class='ocrx_word' id='word_1_91' title='bbox 679 1342 742 1388; x_wconf 94' lang='lat' dir='ltr'><strong>ut</strong></span> <span class='ocrx_word' id='word_1_92' title='bbox 776 1330 1039 1384; x_wconf 67' lang='lat' dir='ltr'><strong>miniatus</strong></span> <span class='ocrx_word' id='word_1_93' title='bbox 1074 1322 1350 1379; x_wconf 89' lang='lat' dir='ltr'><strong>distantia</strong></span> <span class='ocrx_word' id='word_1_94' title='bbox 1398 1328 1453 1374; x_wconf 90' lang='lat' dir='ltr'><strong>et</strong></span> <span class='ocrx_word' id='word_1_95' title='bbox 1507 1313 1872 1386; x_wconf 86' lang='lat' dir='ltr'><strong>separationis</strong></span> <span class='ocrx_word' id='word_1_96' title='bbox 1909 1328 2045 1384; x_wconf 86' lang='lat' dir='ltr'><strong>pra-</strong></span> 
     </span>
    </p>
   </div>
   <div class='ocr_carea' id='block_1_16' title="bbox 464 1409 2045 1485">
    <p class='ocr_par' dir='ltr' id='par_1_16' title="bbox 464 1409 2045 1485">
     <span class='ocr_line' id='line_1_16' title="bbox 464 1409 2045 1485; baseline -0.017 0"><span class='ocrx_word' id='word_1_97' title='bbox 464 1441 645 1485; x_wconf 74' lang='lat' dir='ltr'><strong>textus</strong></span> <span class='ocrx_word' id='word_1_98' title='bbox 673 1425 873 1480; x_wconf 80' lang='lat' dir='ltr'><strong>valeat.</strong></span> <span class='ocrx_word' id='word_1_99' title='bbox 905 1420 980 1474; x_wconf 91' lang='lat' dir='ltr'><strong>De</strong></span> <span class='ocrx_word' id='word_1_100' title='bbox 1014 1428 1212 1473; x_wconf 84' lang='lat' dir='ltr'><strong>catero</strong></span> <span class='ocrx_word' id='word_1_101' title='bbox 1254 1414 1337 1467; x_wconf 89' lang='lat' dir='ltr'><strong>vir</strong></span> <span class='ocrx_word' id='word_1_102' title='bbox 1384 1412 1487 1466; x_wconf 92' lang='lat' dir='ltr'><strong>iste</strong></span> <span class='ocrx_word' id='word_1_103' title='bbox 1518 1409 1689 1463; x_wconf 88' lang='lat' dir='ltr'><strong>Deum</strong></span> <span class='ocrx_word' id='word_1_104' title='bbox 1739 1420 1932 1461; x_wconf 87' lang='lat' dir='ltr'><strong>amans</strong></span> <span class='ocrx_word' id='word_1_105' title='bbox 1960 1413 2045 1459; x_wconf 89' lang='lat' dir='ltr'><strong>est</strong></span> 
     </span>
    </p>
   </div>
   <div class='ocr_carea' id='block_1_17' title="bbox 2140 482 3721 556">
    <p class='ocr_par' dir='ltr' id='par_1_17' title="bbox 2140 482 3721 556">
     <span class='ocr_line' id='line_1_17' title="bbox 2140 482 3721 556; baseline -0.008 -9"><span class='ocrx_word' id='word_1_106' title='bbox 2140 493 2238 547; x_wconf 88' lang='grc' dir='ltr'><strong>νῦν</strong></span> <span class='ocrx_word' id='word_1_107' title='bbox 2262 494 2353 546; x_wconf 79' lang='grc' dir='ltr'><strong>ἐπὶ</strong></span> <span class='ocrx_word' id='word_1_108' title='bbox 2377 491 2541 545; x_wconf 78' lang='grc' dir='ltr'>πλέον</span> <span class='ocrx_word' id='word_1_109' title='bbox 2565 487 2991 551; x_wconf 79' lang='grc' dir='ltr'>ἀντιποιεῖσθαι,</span> <span class='ocrx_word' id='word_1_110' title='bbox 3021 486 3163 541; x_wconf 84' lang='grc' dir='ltr'>ὥστε</span> <span class='ocrx_word' id='word_1_111' title='bbox 3192 484 3361 556; x_wconf 78' lang='grc' dir='ltr'>μηδὲν</span> <span class='ocrx_word' id='word_1_112' title='bbox 3390 482 3595 554; x_wconf 76' lang='grc' dir='ltr'>μεταξὺ</span> <span class='ocrx_word' id='word_1_113' title='bbox 3621 483 3721 552; x_wconf 80' lang='grc' dir='ltr'>τῆς</span> 
     </span>
    </p>
   </div>
   <div class='ocr_carea' id='block_1_18' title="bbox 2142 575 3727 654">
    <p class='ocr_par' dir='ltr' id='par_1_18' title="bbox 2142 575 3727 654">
     <span class='ocr_line' id='line_1_18' title="bbox 2142 575 3727 654; baseline -0.008 -15"><span class='ocrx_word' id='word_1_114' title='bbox 2142 585 2299 654; x_wconf 81' lang='grc' dir='ltr'>ὑμῶν</span> <span class='ocrx_word' id='word_1_115' title='bbox 2330 583 2535 654; x_wconf 82' lang='grc' dir='ltr'>ἀρετῆς</span> <span class='ocrx_word' id='word_1_116' title='bbox 2562 581 2658 634; x_wconf 73' lang='grc' dir='ltr'>καὶ</span> <span class='ocrx_word' id='word_1_117' title='bbox 2688 580 2782 634; x_wconf 80' lang='grc' dir='ltr'><strong>τοῦ</strong></span> <span class='ocrx_word' id='word_1_118' title='bbox 2832 579 3234 633; x_wconf 78' lang='grc' dir='ltr'>εύλαὸεστάτου</span> <span class='ocrx_word' id='word_1_119' title='bbox 3255 576 3395 629; x_wconf 56' lang='grc' dir='ltr'>ὐἱοῦ</span> <span class='ocrx_word' id='word_1_120' title='bbox 3428 576 3608 646; x_wconf 76' lang='grc' dir='ltr'>ἡμῶν,</span> <span class='ocrx_word' id='word_1_121' title='bbox 3634 575 3727 627; x_wconf 75' lang='grc' dir='ltr'>καὶ</span> 
     </span>
    </p>
   </div>
   <div class='ocr_carea' id='block_1_19' title="bbox 2145 665 3728 744">
    <p class='ocr_par' dir='ltr' id='par_1_19' title="bbox 2145 665 3728 744">
     <span class='ocr_line' id='line_1_19' title="bbox 2145 665 3728 744; baseline -0.009 -15"><span class='ocrx_word' id='word_1_122' title='bbox 2145 675 2377 744; x_wconf 80' lang='grc' dir='ltr'>ἀδελφοῦ</span> <span class='ocrx_word' id='word_1_123' title='bbox 2431 691 2528 727; x_wconf 91' lang='grc' dir='ltr'><strong>σου</strong></span> <span class='ocrx_word' id='word_1_124' title='bbox 2588 672 2679 724; x_wconf 85' lang='grc' dir='ltr'><strong>τοῦ</strong></span> <span class='ocrx_word' id='word_1_125' title='bbox 2743 670 2913 740; x_wconf 85' lang='grc' dir='ltr'>κυροῦ</span> <span class='ocrx_word' id='word_1_126' title='bbox 2965 668 3243 739; x_wconf 81' lang='grc' dir='ltr'>Εὑθυμίου</span> <span class='ocrx_word' id='word_1_127' title='bbox 3296 666 3595 736; x_wconf 77' lang='grc' dir='ltr'>δυνηθῆναι</span> <span class='ocrx_word' id='word_1_128' title='bbox 3638 665 3728 716; x_wconf 85' lang='grc' dir='ltr'><strong>τὸν</strong></span> 
     </span>
    </p>
   </div>
   <div class='ocr_carea' id='block_1_20' title="bbox 2143 754 3727 838">
    <p class='ocr_par' dir='ltr' id='par_1_20' title="bbox 2143 754 3727 838">
     <span class='ocr_line' id='line_1_20' title="bbox 2143 754 3727 838; baseline -0.007 -19"><span class='ocrx_word' id='word_1_129' title='bbox 2143 766 2382 838; x_wconf 81' lang='grc' dir='ltr'>πονηρὸν</span> <span class='ocrx_word' id='word_1_130' title='bbox 2411 766 2736 836; x_wconf 78' lang='grc' dir='ltr'>ἐπισπεῖραι</span> <span class='ocrx_word' id='word_1_131' title='bbox 2785 763 3025 829; x_wconf 77' lang='grc' dir='ltr'>ζιζάνια,</span> <span class='ocrx_word' id='word_1_132' title='bbox 3078 762 3215 831; x_wconf 82' lang='grc' dir='ltr'><strong>μηδέ</strong></span> <span class='ocrx_word' id='word_1_133' title='bbox 3244 754 3332 813; x_wconf 77' lang='grc' dir='ltr'>οἷα</span> <span class='ocrx_word' id='word_1_134' title='bbox 3377 758 3524 827; x_wconf 83' lang='grc' dir='ltr'>φιλεῖ</span> <span class='ocrx_word' id='word_1_135' title='bbox 3562 757 3727 810; x_wconf 81' lang='grc' dir='ltr'>πολυ-</span> 
     </span>
    </p>
   </div>
   <div class='ocr_carea' id='block_1_21' title="bbox 2148 846 3726 928">
    <p class='ocr_par' dir='ltr' id='par_1_21' title="bbox 2148 846 3726 928">
     <span class='ocr_line' id='line_1_21' title="bbox 2148 846 3726 928; baseline -0.008 -16"><span class='ocrx_word' id='word_1_136' title='bbox 2148 860 2392 928; x_wconf 82' lang='grc' dir='ltr'>μήχανος</span> <span class='ocrx_word' id='word_1_137' title='bbox 2423 857 2499 911; x_wconf 80' lang='grc' dir='ltr'>ὢν</span> <span class='ocrx_word' id='word_1_138' title='bbox 2530 858 2611 921; x_wconf 85' lang='grc' dir='ltr'><strong>είς</strong></span> <span class='ocrx_word' id='word_1_139' title='bbox 2643 856 2846 910; x_wconf 78' lang='grc' dir='ltr'>κακίαν</span> <span class='ocrx_word' id='word_1_140' title='bbox 2879 855 2977 909; x_wconf 79' lang='grc' dir='ltr'>καὶ</span> <span class='ocrx_word' id='word_1_141' title='bbox 3010 854 3106 908; x_wconf 77' lang='grc' dir='ltr'><strong>ἀπ’</strong></span> <span class='ocrx_word' id='word_1_142' title='bbox 3142 852 3321 923; x_wconf 79' lang='grc' dir='ltr'>ἀρχῆς</span> <span class='ocrx_word' id='word_1_143' title='bbox 3357 848 3561 919; x_wconf 74' lang='grc' dir='ltr'>μεταξὺ</span> <span class='ocrx_word' id='word_1_144' title='bbox 3590 846 3726 900; x_wconf 83' lang='grc' dir='ltr'>Θεοῦ</span> 
     </span>
    </p>
   </div>
   <div class='ocr_carea' id='block_1_22' title="bbox 2146 940 3727 1020">
    <p class='ocr_par' dir='ltr' id='par_1_22' title="bbox 2146 940 3727 1020">
     <span class='ocr_line' id='line_1_22' title="bbox 2146 940 3727 1020; baseline -0.008 -16"><span class='ocrx_word' id='word_1_145' title='bbox 2146 952 2241 1004; x_wconf 72' lang='grc' dir='ltr'><strong>καὶ</strong></span> <span class='ocrx_word' id='word_1_146' title='bbox 2272 950 2368 1004; x_wconf 85' lang='grc' dir='ltr'><strong>τοῦ</strong></span> <span class='ocrx_word' id='word_1_147' title='bbox 2400 949 2722 1020; x_wconf 82' lang='grc' dir='ltr'><strong>πλάσματος</strong></span> <span class='ocrx_word' id='word_1_148' title='bbox 2751 949 2851 1017; x_wconf 86' lang='grc' dir='ltr'><strong>τὴν</strong></span> <span class='ocrx_word' id='word_1_149' title='bbox 2892 946 3098 1017; x_wconf 78' lang='grc' dir='ltr'>ἔχθραν</span> <span class='ocrx_word' id='word_1_150' title='bbox 3125 940 3477 1012; x_wconf 80' lang='grc' dir='ltr'>ἐκϐεὸληκὼς</span> <span class='ocrx_word' id='word_1_151' title='bbox 3516 940 3649 1012; x_wconf 79' lang='grc' dir='ltr'>λάθῃ</span> <span class='ocrx_word' id='word_1_152' title='bbox 3674 957 3727 993; x_wconf 89' lang='grc' dir='ltr'><strong>τι</strong></span> 
     </span>
    </p>
   </div>
   <div class='ocr_carea' id='block_1_23' title="bbox 2147 1032 3724 1112">
    <p class='ocr_par' dir='ltr' id='par_1_23' title="bbox 2147 1032 3724 1112">
     <span class='ocr_line' id='line_1_23' title="bbox 2147 1032 3724 1112; baseline -0.008 -16"><span class='ocrx_word' id='word_1_153' title='bbox 2147 1039 2598 1112; x_wconf 85' lang='grc' dir='ltr'>παρεισενεγκὼν</span> <span class='ocrx_word' id='word_1_154' title='bbox 2651 1041 2751 1107; x_wconf 83' lang='grc' dir='ltr'>τῆς</span> <span class='ocrx_word' id='word_1_155' title='bbox 2780 1040 2837 1091; x_wconf 85' lang='grc' dir='ltr'><strong>ἐν</strong></span> <span class='ocrx_word' id='word_1_156' title='bbox 2875 1038 3067 1108; x_wconf 82' lang='grc' dir='ltr'>Κυρίῳ</span> <span class='ocrx_word' id='word_1_157' title='bbox 3100 1036 3355 1105; x_wconf 88' lang='grc' dir='ltr'>ἐνότητος</span> <span class='ocrx_word' id='word_1_158' title='bbox 3381 1032 3476 1087; x_wconf 77' lang='grc' dir='ltr'>καὶ</span> <span class='ocrx_word' id='word_1_159' title='bbox 3505 1034 3724 1101; x_wconf 73' lang='grc' dir='ltr'>ἀγάπης</span> 
     </span>
    </p>
   </div>
   <div class='ocr_carea' id='block_1_24' title="bbox 2152 1123 3726 1205">
    <p class='ocr_par' dir='ltr' id='par_1_24' title="bbox 2152 1123 3726 1205">
     <span class='ocr_line' id='line_1_24' title="bbox 2152 1123 3726 1205; baseline -0.007 -19"><span class='ocrx_word' id='word_1_160' title='bbox 2152 1135 2310 1205; x_wconf 84' lang='grc' dir='ltr'>ὑμῶν</span> <span class='ocrx_word' id='word_1_161' title='bbox 2347 1134 2686 1203; x_wconf 81' lang='grc' dir='ltr'><strong>ἐναντίωμα⁹</strong></span> <span class='ocrx_word' id='word_1_162' title='bbox 2716 1131 2833 1185; x_wconf 78' lang='grc' dir='ltr'>ἀλλ’</span> <span class='ocrx_word' id='word_1_163' title='bbox 2860 1126 2949 1184; x_wconf 78' lang='grc' dir='ltr'>οἵα</span> <span class='ocrx_word' id='word_1_164' title='bbox 2992 1128 3127 1182; x_wconf 87' lang='grc' dir='ltr'>Θεοῦ</span> <span class='ocrx_word' id='word_1_165' title='bbox 3170 1127 3460 1198; x_wconf 77' lang='grc' dir='ltr'>ἅνθρωπος</span> <span class='ocrx_word' id='word_1_166' title='bbox 3512 1123 3726 1193; x_wconf 81' lang='grc' dir='ltr'>άληθῶς</span> 
     </span>
    </p>
   </div>
   <div class='ocr_carea' id='block_1_25' title="bbox 2145 1214 3730 1292">
    <p class='ocr_par' dir='ltr' id='par_1_25' title="bbox 2145 1214 3730 1292">
     <span class='ocr_line' id='line_1_25' title="bbox 2145 1214 3730 1292; baseline -0.009 -13"><span class='ocrx_word' id='word_1_167' title='bbox 2145 1226 2242 1279; x_wconf 79' lang='grc' dir='ltr'>καὶ</span> <span class='ocrx_word' id='word_1_168' title='bbox 2274 1223 2432 1287; x_wconf 81' lang='grc' dir='ltr'>εἰδὼς</span> <span class='ocrx_word' id='word_1_169' title='bbox 2464 1222 2675 1282; x_wconf 79' lang='grc' dir='ltr'><strong>πάντας</strong></span> <span class='ocrx_word' id='word_1_170' title='bbox 2725 1221 3057 1292; x_wconf 78' lang='grc' dir='ltr'><strong>κερδαίνειν,</strong></span> <span class='ocrx_word' id='word_1_171' title='bbox 3109 1217 3255 1273; x_wconf 79' lang='grc' dir='ltr'>οὕτω</span> <span class='ocrx_word' id='word_1_172' title='bbox 3287 1218 3417 1284; x_wconf 72' lang='grc' dir='ltr'>περὶ</span> <span class='ocrx_word' id='word_1_173' title='bbox 3466 1214 3730 1279; x_wconf 79' lang='grc' dir='ltr'><strong>πλείστην</strong></span> 
     </span>
    </p>
   </div>
   <div class='ocr_carea' id='block_1_26' title="bbox 2144 1305 3733 1387">
    <p class='ocr_par' dir='ltr' id='par_1_26' title="bbox 2144 1305 3733 1387">
     <span class='ocr_line' id='line_1_26' title="bbox 2144 1305 3733 1387; baseline -0.007 -18"><span class='ocrx_word' id='word_1_174' title='bbox 2144 1316 2373 1387; x_wconf 82' lang='grc' dir='ltr'><strong>γνώμην</strong></span> <span class='ocrx_word' id='word_1_175' title='bbox 2408 1314 2705 1379; x_wconf 77' lang='grc' dir='ltr'>άναλαόοῦ,</span> <span class='ocrx_word' id='word_1_176' title='bbox 2728 1312 2871 1367; x_wconf 82' lang='grc' dir='ltr'>ὥστε</span> <span class='ocrx_word' id='word_1_177' title='bbox 2903 1312 3156 1366; x_wconf 78' lang='grc' dir='ltr'>κάκεῖνον</span> <span class='ocrx_word' id='word_1_178' title='bbox 3185 1309 3281 1363; x_wconf 80' lang='grc' dir='ltr'>καὶ</span> <span class='ocrx_word' id='word_1_179' title='bbox 3313 1309 3439 1372; x_wconf 75' lang='grc' dir='ltr'>τοὺς</span> <span class='ocrx_word' id='word_1_180' title='bbox 3468 1309 3567 1363; x_wconf 84' lang='grc' dir='ltr'><strong>σὺν</strong></span> <span class='ocrx_word' id='word_1_181' title='bbox 3584 1305 3733 1376; x_wconf 84' lang='grc' dir='ltr'>αύτῷ</span> 
     </span>
    </p>
   </div>
   <div class='ocr_carea' id='block_1_27' title="bbox 2146 1404 3735 1480">
    <p class='ocr_par' dir='ltr' id='par_1_27' title="bbox 2146 1404 3735 1480">
     <span class='ocr_line' id='line_1_27' title="bbox 2146 1404 3735 1480; baseline -0.006 -17"><span class='ocrx_word' id='word_1_182' title='bbox 2146 1409 2432 1480; x_wconf 72' lang='grc' dir='ltr'>κερδᾶναι,</span> <span class='ocrx_word' id='word_1_183' title='bbox 2466 1408 2564 1463; x_wconf 62' lang='grc' dir='ltr'><strong>καὶ⁵</strong></span> <span class='ocrx_word' id='word_1_184' title='bbox 2598 1406 2870 1479; x_wconf 88' lang='grc' dir='ltr'>μηδεμίαν</span> <span class='ocrx_word' id='word_1_185' title='bbox 2905 1408 2963 1460; x_wconf 89' lang='grc' dir='ltr'><strong>ἐν</strong></span> <span class='ocrx_word' id='word_1_186' title='bbox 2995 1406 3187 1477; x_wconf 79' lang='grc' dir='ltr'>μηδενὶ</span> <span class='ocrx_word' id='word_1_187' title='bbox 3210 1404 3488 1477; x_wconf 80' lang='grc' dir='ltr'>πρόφασιν</span> <span class='ocrx_word' id='word_1_188' title='bbox 3519 1418 3735 1472; x_wconf 73' lang='grc' dir='ltr'><strong>σιταρεμ⁶</strong></span> 
     </span>
    </p>
   </div>
   <div class='ocr_carea' id='block_1_28' title="bbox 462 1495 2052 1593">
    <p class='ocr_par' dir='ltr' id='par_1_28' title="bbox 462 1498 2040 1593">
     <span class='ocr_line' id='line_1_28' title="bbox 462 1498 2040 1593; baseline -0.018 -13"><span class='ocrx_word' id='word_1_189' title='bbox 462 1536 626 1593; x_wconf 89' lang='lat' dir='ltr'><strong>atque</strong></span> <span class='ocrx_word' id='word_1_190' title='bbox 659 1521 925 1574; x_wconf 89' lang='lat' dir='ltr'><strong>virtutum</strong></span> <span class='ocrx_word' id='word_1_191' title='bbox 961 1510 1145 1581; x_wconf 78' lang='lat' dir='ltr'><strong>opifex</strong></span> <span class='ocrx_word' id='word_1_192' title='bbox 1181 1528 1195 1565; x_wconf 87' lang='lat'><strong>:</strong></span> <span class='ocrx_word' id='word_1_193' title='bbox 1230 1515 1516 1579; x_wconf 83' lang='lat' dir='ltr'><strong>propterea</strong></span> <span class='ocrx_word' id='word_1_194' title='bbox 1546 1501 1697 1558; x_wconf 92' lang='lat' dir='ltr'><strong>omni</strong></span> <span class='ocrx_word' id='word_1_195' title='bbox 1732 1498 2040 1555; x_wconf 89' lang='lat' dir='ltr'><strong>reverentia</strong></span> 
     </span>
    </p>
   </div>
   <div class='ocr_carea' id='block_1_29' title="bbox 2154 1495 3732 1593">
    <p class='ocr_par' dir='ltr' id='par_1_29' title="bbox 2154 1495 3732 1570">
     <span class='ocr_line' id='line_1_29' title="bbox 2154 1495 3732 1570; baseline -0.004 -17"><span class='ocrx_word' id='word_1_196' title='bbox 2154 1502 2340 1553; x_wconf 80' lang='grc' dir='ltr'>πεσεῖν</span> <span class='ocrx_word' id='word_1_197' title='bbox 2395 1500 2662 1570; x_wconf 76' lang='grc' dir='ltr'>διαφορᾶς</span> <span class='ocrx_word' id='word_1_198' title='bbox 2710 1498 2808 1553; x_wconf 76' lang='grc' dir='ltr'>καὶ</span> <span class='ocrx_word' id='word_1_199' title='bbox 2858 1498 3235 1560; x_wconf 77' lang='grc' dir='ltr'><strong>διαστάσεως⁸</strong></span> <span class='ocrx_word' id='word_1_200' title='bbox 3291 1496 3387 1550; x_wconf 77' lang='grc' dir='ltr'>καὶ</span> <span class='ocrx_word' id='word_1_201' title='bbox 3418 1496 3595 1555; x_wconf 80' lang='grc' dir='ltr'>ἄλλως</span> <span class='ocrx_word' id='word_1_202' title='bbox 3632 1495 3732 1564; x_wconf 75' lang='grc' dir='ltr'>μὲν</span> 
     </span>
    </p>
   </div>
   <div class='ocr_carea' id='block_1_30' title="bbox 462 1586 2052 1672">
    <p class='ocr_par' dir='ltr' id='par_1_30' title="bbox 462 1586 2040 1672">
     <span class='ocr_line' id='line_1_30' title="bbox 462 1586 2040 1672; baseline -0.017 -1"><span class='ocrx_word' id='word_1_203' title='bbox 462 1586 781 1672; x_wconf 52' lang='grc' dir='ltr'>σι-ὶιυηοτσ</span> <span class='ocrx_word' id='word_1_204' title='bbox 844 1606 1161 1667; x_wconf 89' lang='lat' dir='ltr'><strong>habendus,</strong></span> <span class='ocrx_word' id='word_1_205' title='bbox 1226 1597 1495 1669; x_wconf 84' lang='lat' dir='ltr'><strong>imprimis</strong></span> <span class='ocrx_word' id='word_1_206' title='bbox 1551 1594 1695 1665; x_wconf 88' lang='lat' dir='ltr'><strong>quod</strong></span> <span class='ocrx_word' id='word_1_207' title='bbox 1752 1601 1876 1645; x_wconf 90' lang='lat' dir='ltr'><strong>ante</strong></span> <span class='ocrx_word' id='word_1_208' title='bbox 1939 1604 2040 1644; x_wconf 85' lang='lat' dir='ltr'><strong>vos</strong></span> 
     </span>
    </p>
   </div>
   <div class='ocr_carea' id='block_1_31' title="bbox 2154 1586 3734 1672">
    <p class='ocr_par' dir='ltr' id='par_1_31' title="bbox 2154 1586 3734 1663">
     <span class='ocr_line' id='line_1_31' title="bbox 2154 1586 3734 1663; baseline -0.004 -18"><span class='ocrx_word' id='word_1_209' title='bbox 2154 1595 2264 1663; x_wconf 81' lang='grc' dir='ltr'>γὰρ</span> <span class='ocrx_word' id='word_1_210' title='bbox 2298 1595 2326 1646; x_wconf 88' lang='grc' dir='ltr'><strong>ὀ</strong></span> <span class='ocrx_word' id='word_1_211' title='bbox 2354 1591 2494 1663; x_wconf 83' lang='grc' dir='ltr'>ἁνήρ</span> <span class='ocrx_word' id='word_1_212' title='bbox 2527 1590 2782 1661; x_wconf 82' lang='grc' dir='ltr'>θεοφιλὴς</span> <span class='ocrx_word' id='word_1_213' title='bbox 2828 1590 2923 1643; x_wconf 74' lang='grc' dir='ltr'><strong>καὶ</strong></span> <span class='ocrx_word' id='word_1_214' title='bbox 2976 1590 3177 1660; x_wconf 81' lang='grc' dir='ltr'>ἀρετῆς</span> <span class='ocrx_word' id='word_1_215' title='bbox 3201 1588 3461 1660; x_wconf 84' lang='grc' dir='ltr'>ἐργάτης.</span> <span class='ocrx_word' id='word_1_216' title='bbox 3514 1586 3626 1641; x_wconf 75' lang='grc' dir='ltr'><strong>Καὶ</strong></span> <span class='ocrx_word' id='word_1_217' title='bbox 3650 1586 3734 1640; x_wconf 83' lang='grc' dir='ltr'><strong>δεῐ</strong></span> 
     </span>
    </p>
   </div>
   <div class='ocr_carea' id='block_1_32' title="bbox 462 1679 2052 1779">
    <p class='ocr_par' dir='ltr' id='par_1_32' title="bbox 462 1682 2046 1779">
     <span class='ocr_line' id='line_1_32' title="bbox 462 1682 2046 1779; baseline -0.018 -16"><span class='ocrx_word' id='word_1_218' title='bbox 462 1706 683 1779; x_wconf 87' lang='lat' dir='ltr'><strong>pietatis</strong></span> <span class='ocrx_word' id='word_1_219' title='bbox 726 1715 906 1773; x_wconf 83' lang='lat' dir='ltr'><strong>praco</strong></span> <span class='ocrx_word' id='word_1_220' title='bbox 946 1699 1001 1752; x_wconf 92' lang='lat' dir='ltr'><strong>in</strong></span> <span class='ocrx_word' id='word_1_221' title='bbox 1054 1702 1212 1765; x_wconf 83' lang='lat' dir='ltr'><strong>gente</strong></span> <span class='ocrx_word' id='word_1_222' title='bbox 1254 1692 1358 1745; x_wconf 87' lang='lat' dir='ltr'><strong>ista</strong></span> <span class='ocrx_word' id='word_1_223' title='bbox 1410 1686 1646 1742; x_wconf 74' lang='lat' dir='ltr'><strong>surrexit</strong></span> <span class='ocrx_word' id='word_1_224' title='bbox 1684 1694 1738 1739; x_wconf 91' lang='lat' dir='ltr'><strong>et</strong></span> <span class='ocrx_word' id='word_1_225' title='bbox 1783 1682 2046 1737; x_wconf 88' lang='lat' dir='ltr'><strong>doctrina</strong></span> 
     </span>
    </p>
   </div>
   <div class='ocr_carea' id='block_1_33' title="bbox 2154 1679 3731 1779">
    <p class='ocr_par' dir='ltr' id='par_1_33' title="bbox 2154 1679 3731 1754">
     <span class='ocr_line' id='line_1_33' title="bbox 2154 1679 3731 1754; baseline -0.004 -16"><span class='ocrx_word' id='word_1_226' title='bbox 2154 1685 2251 1738; x_wconf 76' lang='grc' dir='ltr'>καὶ</span> <span class='ocrx_word' id='word_1_227' title='bbox 2278 1684 2367 1737; x_wconf 82' lang='grc' dir='ltr'>διὰ</span> <span class='ocrx_word' id='word_1_228' title='bbox 2385 1683 2546 1737; x_wconf 86' lang='grc' dir='ltr'>τοῦτο</span> <span class='ocrx_word' id='word_1_229' title='bbox 2580 1685 2638 1735; x_wconf 89' lang='grc' dir='ltr'><strong>ἐν</strong></span> <span class='ocrx_word' id='word_1_230' title='bbox 2674 1682 2827 1754; x_wconf 78' lang='grc' dir='ltr'>πάσῃ</span> <span class='ocrx_word' id='word_1_231' title='bbox 2859 1682 2999 1735; x_wconf 79' lang='grc' dir='ltr'>αἰδοῖ</span> <span class='ocrx_word' id='word_1_232' title='bbox 3031 1682 3125 1736; x_wconf 79' lang='grc' dir='ltr'>καὶ</span> <span class='ocrx_word' id='word_1_233' title='bbox 3151 1684 3285 1751; x_wconf 76' lang='grc' dir='ltr'>τιμῇ</span> <span class='ocrx_word' id='word_1_234' title='bbox 3336 1681 3492 1748; x_wconf 79' lang='grc' dir='ltr'>ἄγειν</span> <span class='ocrx_word' id='word_1_235' title='bbox 3526 1679 3693 1732; x_wconf 77' lang='grc' dir='ltr'>αὐτόν</span> <span class='ocrx_word' id='word_1_236' title='bbox 3713 1695 3731 1709; x_wconf 75' lang='grc' dir='ltr'><strong>ο</strong></span> 
     </span>
    </p>
   </div>
   <div class='ocr_carea' id='block_1_34' title="bbox 463 1751 2052 1863">
    <p class='ocr_par' dir='ltr' id='par_1_34' title="bbox 463 1751 2039 1863">
     <span class='ocr_line' id='line_1_34' title="bbox 502 1751 1082 1773; baseline -0.022 5"><span class='ocrx_word' id='word_1_237' title='bbox 502 1751 682 1761; x_wconf 75' lang='grc'><strong>”“’“““’““’</strong></span> <span class='ocrx_word' id='word_1_238' title='bbox 730 1751 898 1773; x_wconf 73' lang='lat' dir='ltr'><strong>l”&quot;“</strong></span> <span class='ocrx_word' id='word_1_239' title='bbox 951 1751 956 1752; x_wconf 66' lang='lat'>’</span> <span class='ocrx_word' id='word_1_240' title='bbox 1054 1751 1082 1765; x_wconf 82' lang='grc' dir='ltr'><em>υ</em></span> 
     </span>
     <span class='ocr_line' id='line_1_35' title="bbox 463 1751 2039 1863; baseline -0.017 -9"><span class='ocrx_word' id='word_1_241' title='bbox 463 1751 671 1855; x_wconf 53' lang='lat' dir='ltr'><strong>gemina</strong></span> <span class='ocrx_word' id='word_1_242' title='bbox 704 1795 961 1863; x_wconf 81' lang='lat' dir='ltr'><strong>dispersit</strong></span> <span class='ocrx_word' id='word_1_243' title='bbox 996 1798 1158 1857; x_wconf 86' lang='lat' dir='ltr'><strong>atque</strong></span> <span class='ocrx_word' id='word_1_244' title='bbox 1193 1786 1245 1839; x_wconf 92' lang='lat' dir='ltr'><strong>in</strong></span> <span class='ocrx_word' id='word_1_245' title='bbox 1277 1780 1533 1852; x_wconf 82' lang='lat' dir='ltr'><strong>prasenti</strong></span> <span class='ocrx_word' id='word_1_246' title='bbox 1574 1792 1671 1833; x_wconf 90' lang='lat' dir='ltr'><strong>ceu</strong></span> <span class='ocrx_word' id='word_1_247' title='bbox 1710 1782 2039 1843; x_wconf 86' lang='lat' dir='ltr'><strong>cooperator</strong></span> 
     </span>
    </p>
   </div>
   <div class='ocr_carea' id='block_1_35' title="bbox 2154 1751 3725 1863">
    <p class='ocr_par' dir='ltr' id='par_1_35' title="bbox 2156 1751 3725 1850">
     <span class='ocr_line' id='line_1_36' title="bbox 2156 1751 3725 1850; baseline -0.008 -15"><span class='ocrx_word' id='word_1_248' title='bbox 2156 1780 2395 1850; x_wconf 85' lang='grc' dir='ltr'>μάλιστα</span> <span class='ocrx_word' id='word_1_249' title='bbox 2426 1780 2485 1833; x_wconf 84' lang='grc' dir='ltr'><strong>δέ</strong></span> <span class='ocrx_word' id='word_1_250' title='bbox 2518 1780 2601 1833; x_wconf 82' lang='grc' dir='ltr'>ὅτι</span> <span class='ocrx_word' id='word_1_251' title='bbox 2635 1778 2729 1831; x_wconf 75' lang='grc' dir='ltr'>και</span> <span class='ocrx_word' id='word_1_252' title='bbox 2763 1751 2870 1848; x_wconf 66' lang='grc' dir='ltr'><strong>π’ῥδ</strong></span> <span class='ocrx_word' id='word_1_253' title='bbox 2904 1776 3053 1847; x_wconf 63' lang='grc' dir='ltr'>ὑμῶν</span> <span class='ocrx_word' id='word_1_254' title='bbox 3085 1774 3269 1846; x_wconf 77' lang='grc' dir='ltr'>κήρυξ</span> <span class='ocrx_word' id='word_1_255' title='bbox 3296 1773 3399 1843; x_wconf 82' lang='grc' dir='ltr'>τῆς</span> <span class='ocrx_word' id='word_1_256' title='bbox 3432 1770 3725 1834; x_wconf 82' lang='grc' dir='ltr'>εὐσεϐείας</span> 
     </span>
    </p>
   </div>
   <div class='ocr_carea' id='block_1_36' title="bbox 463 1871 2044 1957">
    <p class='ocr_par' dir='ltr' id='par_1_36' title="bbox 463 1871 2044 1957">
     <span class='ocr_line' id='line_1_37' title="bbox 463 1871 2044 1957; baseline -0.018 -7"><span class='ocrx_word' id='word_1_257' title='bbox 463 1896 664 1950; x_wconf 84' lang='lat' dir='ltr'><strong>missus</strong></span> <span class='ocrx_word' id='word_1_258' title='bbox 691 1902 774 1945; x_wconf 87' lang='lat' dir='ltr'><strong>est</strong></span> <span class='ocrx_word' id='word_1_259' title='bbox 802 1888 897 1957; x_wconf 93' lang='lat' dir='ltr'><strong>qui</strong></span> <span class='ocrx_word' id='word_1_260' title='bbox 926 1885 1153 1953; x_wconf 86' lang='lat' dir='ltr'><strong>auspice</strong></span> <span class='ocrx_word' id='word_1_261' title='bbox 1186 1879 1294 1933; x_wconf 92' lang='lat' dir='ltr'><strong>Deo</strong></span> <span class='ocrx_word' id='word_1_262' title='bbox 1324 1886 1379 1932; x_wconf 89' lang='lat' dir='ltr'><strong>et</strong></span> <span class='ocrx_word' id='word_1_263' title='bbox 1408 1873 1623 1946; x_wconf 91' lang='lat' dir='ltr'><strong>pondus</strong></span> <span class='ocrx_word' id='word_1_264' title='bbox 1656 1871 1893 1942; x_wconf 89' lang='lat' dir='ltr'><strong>Spiritus</strong></span> <span class='ocrx_word' id='word_1_265' title='bbox 1919 1884 2044 1939; x_wconf 81' lang='lat' dir='ltr'><strong>gra-</strong></span> 
     </span>
    </p>
   </div>
   <div class='ocr_carea' id='block_1_37' title="bbox 465 1963 2033 2041">
    <p class='ocr_par' dir='ltr' id='par_1_37' title="bbox 465 1963 2033 2041">
     <span class='ocr_line' id='line_1_38' title="bbox 465 1963 2033 2041; baseline -0.014 -1"><span class='ocrx_word' id='word_1_266' title='bbox 465 1988 537 2041; x_wconf 90' lang='lat' dir='ltr'><strong>tia</strong></span> <span class='ocrx_word' id='word_1_267' title='bbox 586 1986 833 2037; x_wconf 89' lang='lat' dir='ltr'><strong>laborum</strong></span> <span class='ocrx_word' id='word_1_268' title='bbox 884 1988 1188 2032; x_wconf 84' lang='lat' dir='ltr'><strong>vestrorum</strong></span> <span class='ocrx_word' id='word_1_269' title='bbox 1229 1970 1486 2041; x_wconf 87' lang='lat' dir='ltr'><strong>operibus</strong></span> <span class='ocrx_word' id='word_1_270' title='bbox 1538 1966 1655 2022; x_wconf 85' lang='lat' dir='ltr'><strong>suis</strong></span> <span class='ocrx_word' id='word_1_271' title='bbox 1700 1963 2033 2019; x_wconf 78' lang='lat' dir='ltr'><strong>sublevavit.</strong></span> 
     </span>
    </p>
   </div>
   <div class='ocr_carea' id='block_1_38' title="bbox 462 2054 2041 2139">
    <p class='ocr_par' dir='ltr' id='par_1_38' title="bbox 462 2054 2041 2139">
     <span class='ocr_line' id='line_1_39' title="bbox 462 2054 2041 2139; baseline -0.018 -4"><span class='ocrx_word' id='word_1_272' title='bbox 462 2073 825 2135; x_wconf 80' lang='lat' dir='ltr'><strong>Gaudendum</strong></span> <span class='ocrx_word' id='word_1_273' title='bbox 874 2070 1040 2139; x_wconf 77' lang='lat' dir='ltr'><strong>igitur</strong></span> <span class='ocrx_word' id='word_1_274' title='bbox 1086 2073 1142 2119; x_wconf 90' lang='lat' dir='ltr'><strong>et</strong></span> <span class='ocrx_word' id='word_1_275' title='bbox 1190 2062 1257 2117; x_wconf 87' lang='lat' dir='ltr'><strong>de</strong></span> <span class='ocrx_word' id='word_1_276' title='bbox 1309 2061 1393 2114; x_wconf 89' lang='lat' dir='ltr'><strong>his</strong></span> <span class='ocrx_word' id='word_1_277' title='bbox 1435 2066 1615 2128; x_wconf 75' lang='lat' dir='ltr'><strong>grates</strong></span> <span class='ocrx_word' id='word_1_278' title='bbox 1647 2057 1759 2110; x_wconf 90' lang='lat' dir='ltr'><strong>Deo</strong></span> <span class='ocrx_word' id='word_1_279' title='bbox 1797 2054 2041 2125; x_wconf 81' lang='lat' dir='ltr'><strong>agenda,</strong></span> 
     </span>
    </p>
   </div>
   <div class='ocr_carea' id='block_1_39' title="bbox 467 2147 2039 2226">
    <p class='ocr_par' dir='ltr' id='par_1_39' title="bbox 467 2147 2039 2226">
     <span class='ocr_line' id='line_1_40' title="bbox 467 2147 2039 2226; baseline -0.018 -1"><span class='ocrx_word' id='word_1_280' title='bbox 467 2169 667 2224; x_wconf 87' lang='lat' dir='ltr'><strong>nedum</strong></span> <span class='ocrx_word' id='word_1_281' title='bbox 716 2162 981 2219; x_wconf 89' lang='lat' dir='ltr'><strong>crucieris</strong></span> <span class='ocrx_word' id='word_1_282' title='bbox 1041 2170 1217 2226; x_wconf 87' lang='lat' dir='ltr'><strong>neque</strong></span> <span class='ocrx_word' id='word_1_283' title='bbox 1272 2151 1498 2221; x_wconf 89' lang='lat' dir='ltr'><strong>patiaris</strong></span> <span class='ocrx_word' id='word_1_284' title='bbox 1561 2147 1693 2219; x_wconf 86' lang='lat' dir='ltr'><strong>quid</strong></span> <span class='ocrx_word' id='word_1_285' title='bbox 1750 2147 2039 2209; x_wconf 89' lang='lat' dir='ltr'><strong>charitate,</strong></span> 
     </span>
    </p>
   </div>
   <div class='ocr_carea' id='block_1_40' title="bbox 464 2249 1410 2333">
    <p class='ocr_par' dir='ltr' id='par_1_40' title="bbox 464 2249 1410 2333">
     <span class='ocr_line' id='line_1_41' title="bbox 464 2249 1410 2333; baseline -0.022 -15"><span class='ocrx_word' id='word_1_286' title='bbox 464 2259 772 2333; x_wconf 78' lang='lat' dir='ltr'><strong>prasertim</strong></span> <span class='ocrx_word' id='word_1_287' title='bbox 800 2253 1067 2326; x_wconf 85' lang='lat' dir='ltr'><strong>Spiritus,</strong></span> <span class='ocrx_word' id='word_1_288' title='bbox 1101 2249 1410 2317; x_wconf 74' lang='lat' dir='ltr'><strong>indignum.</strong></span> 
     </span>
    </p>
   </div>
   <div class='ocr_carea' id='block_1_41' title="bbox 2147 1861 3735 1941">
    <p class='ocr_par' dir='ltr' id='par_1_41' title="bbox 2147 1861 3735 1941">
     <span class='ocr_line' id='line_1_42' title="bbox 2147 1861 3735 1941; baseline -0.008 -16"><span class='ocrx_word' id='word_1_289' title='bbox 2147 1872 2227 1941; x_wconf 77' lang='grc' dir='ltr'>τῷ</span> <span class='ocrx_word' id='word_1_290' title='bbox 2248 1870 2393 1925; x_wconf 78' lang='grc' dir='ltr'>ἔθνει</span> <span class='ocrx_word' id='word_1_291' title='bbox 2441 1870 2654 1938; x_wconf 82' lang='grc' dir='ltr'>γέγονε,</span> <span class='ocrx_word' id='word_1_292' title='bbox 2684 1868 2779 1923; x_wconf 73' lang='grc' dir='ltr'>καὶ</span> <span class='ocrx_word' id='word_1_293' title='bbox 2818 1866 2980 1930; x_wconf 80' lang='grc' dir='ltr'>αὐτὸς</span> <span class='ocrx_word' id='word_1_294' title='bbox 3008 1866 3101 1920; x_wconf 76' lang='grc' dir='ltr'><strong>τὸν</strong></span> <span class='ocrx_word' id='word_1_295' title='bbox 3155 1865 3357 1935; x_wconf 84' lang='grc' dir='ltr'>σπόρον</span> <span class='ocrx_word' id='word_1_296' title='bbox 3404 1861 3735 1917; x_wconf 81' lang='grc' dir='ltr'>κατεϐάλετο</span> 
     </span>
    </p>
   </div>
   <div class='ocr_carea' id='block_1_42' title="bbox 2149 1951 3737 2033">
    <p class='ocr_par' dir='ltr' id='par_1_42' title="bbox 2149 1951 3737 2033">
     <span class='ocr_line' id='line_1_43' title="bbox 2149 1951 3737 2033; baseline -0.011 -16"><span class='ocrx_word' id='word_1_297' title='bbox 2149 1963 2246 2033; x_wconf 80' lang='grc' dir='ltr'>τῆς</span> <span class='ocrx_word' id='word_1_298' title='bbox 2277 1960 2654 2023; x_wconf 79' lang='grc' dir='ltr'>διδασκαλίας,</span> <span class='ocrx_word' id='word_1_299' title='bbox 2695 1961 2788 2013; x_wconf 72' lang='grc' dir='ltr'>καὶ</span> <span class='ocrx_word' id='word_1_300' title='bbox 2826 1958 2922 2012; x_wconf 89' lang='grc' dir='ltr'><strong>νῦν</strong></span> <span class='ocrx_word' id='word_1_301' title='bbox 2947 1956 3227 2012; x_wconf 74' lang='grc' dir='ltr'>ἐπὶτοῦτο</span> <span class='ocrx_word' id='word_1_302' title='bbox 3269 1954 3554 2009; x_wconf 79' lang='grc' dir='ltr'>ἐστείλατο</span> <span class='ocrx_word' id='word_1_303' title='bbox 3599 1951 3737 2023; x_wconf 72' lang='grc' dir='ltr'>πρὸς</span> 
     </span>
    </p>
   </div>
   <div class='ocr_carea' id='block_1_43' title="bbox 2152 2043 3739 2126">
    <p class='ocr_par' dir='ltr' id='par_1_43' title="bbox 2152 2043 3739 2126">
     <span class='ocr_line' id='line_1_44' title="bbox 2152 2043 3739 2126; baseline -0.009 -17"><span class='ocrx_word' id='word_1_304' title='bbox 2152 2056 2297 2126; x_wconf 74' lang='grc' dir='ltr'>ὑμᾶς</span> <span class='ocrx_word' id='word_1_305' title='bbox 2332 2053 2426 2109; x_wconf 89' lang='grc' dir='ltr'><strong>τοῦ</strong></span> <span class='ocrx_word' id='word_1_306' title='bbox 2453 2055 2795 2124; x_wconf 84' lang='grc' dir='ltr'>συνεργάτης</span> <span class='ocrx_word' id='word_1_307' title='bbox 2828 2050 3086 2120; x_wconf 84' lang='grc' dir='ltr'>γενέσθαι</span> <span class='ocrx_word' id='word_1_308' title='bbox 3132 2050 3231 2103; x_wconf 74' lang='grc' dir='ltr'>καὶ</span> <span class='ocrx_word' id='word_1_309' title='bbox 3255 2050 3351 2102; x_wconf 79' lang='grc' dir='ltr'><strong>σὺν</strong></span> <span class='ocrx_word' id='word_1_310' title='bbox 3402 2045 3522 2116; x_wconf 85' lang='grc' dir='ltr'>Θεῷ</span> <span class='ocrx_word' id='word_1_311' title='bbox 3569 2043 3739 2114; x_wconf 83' lang='grc' dir='ltr'>φάναι</span> 
     </span>
    </p>
   </div>
   <div class='ocr_carea' id='block_1_44' title="bbox 2147 2133 3740 2217">
    <p class='ocr_par' dir='ltr' id='par_1_44' title="bbox 2147 2133 3740 2217">
     <span class='ocr_line' id='line_1_45' title="bbox 2147 2133 3740 2217; baseline -0.008 -17"><span class='ocrx_word' id='word_1_312' title='bbox 2147 2149 2214 2217; x_wconf 80' lang='grc' dir='ltr'>τῇ</span> <span class='ocrx_word' id='word_1_313' title='bbox 2256 2145 2516 2216; x_wconf 82' lang='grc' dir='ltr'>κοινωνίᾳ</span> <span class='ocrx_word' id='word_1_314' title='bbox 2544 2144 2645 2213; x_wconf 83' lang='grc' dir='ltr'>τῆς</span> <span class='ocrx_word' id='word_1_315' title='bbox 2699 2141 3089 2212; x_wconf 79' lang='grc' dir='ltr'>πνευματικῆς</span> <span class='ocrx_word' id='word_1_316' title='bbox 3134 2138 3401 2210; x_wconf 76' lang='grc' dir='ltr'><strong>ἐργασίας</strong></span> <span class='ocrx_word' id='word_1_317' title='bbox 3428 2133 3740 2206; x_wconf 83' lang='grc' dir='ltr'>ἐπελαφρῦ-</span> 
     </span>
    </p>
   </div>
   <div class='ocr_carea' id='block_1_45' title="bbox 2148 2228 3737 2308">
    <p class='ocr_par' dir='ltr' id='par_1_45' title="bbox 2148 2228 3737 2308">
     <span class='ocr_line' id='line_1_46' title="bbox 2148 2228 3737 2308; baseline -0.009 -15"><span class='ocrx_word' id='word_1_318' title='bbox 2148 2239 2234 2293; x_wconf 90' lang='grc' dir='ltr'><strong>ναί</strong></span> <span class='ocrx_word' id='word_1_319' title='bbox 2260 2256 2344 2293; x_wconf 92' lang='grc' dir='ltr'><strong>σοι</strong></span> <span class='ocrx_word' id='word_1_320' title='bbox 2374 2238 2437 2293; x_wconf 80' lang='grc' dir='ltr'>τὸ</span> <span class='ocrx_word' id='word_1_321' title='bbox 2462 2238 2629 2308; x_wconf 80' lang='grc' dir='ltr'>βάρος</span> <span class='ocrx_word' id='word_1_322' title='bbox 2658 2236 2769 2290; x_wconf 81' lang='grc' dir='ltr'><strong>τῶν</strong></span> <span class='ocrx_word' id='word_1_323' title='bbox 2796 2235 2998 2289; x_wconf 87' lang='grc' dir='ltr'>πόνων.</span> <span class='ocrx_word' id='word_1_324' title='bbox 3058 2234 3286 2304; x_wconf 86' lang='grc' dir='ltr'>Χαίρειν</span> <span class='ocrx_word' id='word_1_325' title='bbox 3313 2231 3405 2286; x_wconf 82' lang='grc' dir='ltr'><strong>οῦν</strong></span> <span class='ocrx_word' id='word_1_326' title='bbox 3436 2232 3531 2283; x_wconf 65' lang='grc' dir='ltr'><strong>ἐπ)⁸</strong></span> <span class='ocrx_word' id='word_1_327' title='bbox 3556 2228 3737 2293; x_wconf 89' lang='grc' dir='ltr'>τοῦτο,</span> 
     </span>
    </p>
   </div>
   <div class='ocr_carea' id='block_1_46' title="bbox 463 2321 3738 2426">
    <p class='ocr_par' dir='ltr' id='par_1_46' title="bbox 463 2321 3738 2426">
     <span class='ocr_line' id='line_1_47' title="bbox 463 2321 3738 2426; baseline -0.009 -20"><span class='ocrx_word' id='word_1_328' title='bbox 463 2321 623 2426; x_wconf 41' lang='lat' dir='ltr'><strong>iciva</strong></span> <span class='ocrx_word' id='word_1_329' title='bbox 660 2321 945 2420; x_wconf 70' lang='grc' dir='ltr'>ὁμολογεῖν</span> <span class='ocrx_word' id='word_1_330' title='bbox 975 2346 1095 2399; x_wconf 82' lang='grc' dir='ltr'>δέον</span> <span class='ocrx_word' id='word_1_331' title='bbox 1148 2340 1289 2411; x_wconf 82' lang='grc' dir='ltr'>Θεῷ,</span> <span class='ocrx_word' id='word_1_332' title='bbox 1330 2337 1451 2408; x_wconf 73' lang='grc' dir='ltr'>οὐχὶ</span> <span class='ocrx_word' id='word_1_333' title='bbox 1480 2336 1538 2389; x_wconf 86' lang='grc' dir='ltr'><strong>δὲ</strong></span> <span class='ocrx_word' id='word_1_334' title='bbox 1567 2332 1886 2404; x_wconf 80' lang='grc' dir='ltr'>ἀνιαθῆναι,</span> <span class='ocrx_word' id='word_1_335' title='bbox 1912 2331 2035 2385; x_wconf 78' lang='grc' dir='ltr'>οὐδὲ</span> <span class='ocrx_word' id='word_1_336' title='bbox 2070 2334 2265 2387; x_wconf 87' lang='grc' dir='ltr'>παθεῖν</span> <span class='ocrx_word' id='word_1_337' title='bbox 2317 2349 2374 2388; x_wconf 93' lang='grc' dir='ltr'><strong>τι</strong></span> <span class='ocrx_word' id='word_1_338' title='bbox 2442 2331 2665 2397; x_wconf 82' lang='grc' dir='ltr'>ἀνάξιον</span> <span class='ocrx_word' id='word_1_339' title='bbox 2717 2330 2940 2399; x_wconf 80' lang='grc' dir='ltr'><strong>ἀγάπης</strong></span> <span class='ocrx_word' id='word_1_340' title='bbox 2987 2327 3227 2398; x_wconf 85' lang='grc' dir='ltr'>μάλιστα</span> <span class='ocrx_word' id='word_1_341' title='bbox 3282 2328 3382 2396; x_wconf 83' lang='grc' dir='ltr'><strong>τῆς</strong></span> <span class='ocrx_word' id='word_1_342' title='bbox 3410 2324 3507 2378; x_wconf 88' lang='grc' dir='ltr'><strong>τοῦ</strong></span> <span class='ocrx_word' id='word_1_343' title='bbox 3567 2321 3738 2376; x_wconf 86' lang='grc' dir='ltr'>Πνεύ·</span> 
     </span>
    </p>
   </div>
   <div class='ocr_carea' id='block_1_47' title="bbox 510 2464 661 2503">
    <p class='ocr_par' dir='ltr' id='par_1_47' title="bbox 510 2464 661 2503">
     <span class='ocr_line' id='line_1_48' title="bbox 510 2464 661 2503; baseline -0.02 0"><span class='ocrx_word' id='word_1_344' title='bbox 510 2464 638 2503; x_wconf 77' lang='grc' dir='ltr'>ατος</span> <span class='ocrx_word' id='word_1_345' title='bbox 647 2485 661 2500; x_wconf 79' lang='lat'><strong>.</strong></span> 
     </span>
    </p>
   </div>
   <div class='ocr_carea' id='block_1_48' title="bbox 467 2463 2043 2601">
    <p class='ocr_par' dir='ltr' id='par_1_48' title="bbox 467 2463 2043 2601">
     <span class='ocr_line' id='line_1_49' title="bbox 510 2464 661 2503; baseline -0.02 0"><span class='ocrx_word' id='word_1_346' title='bbox 510 2464 606 2503; x_wconf 88' lang='grc' dir='ltr'><strong>ατο</strong></span> <span class='ocrx_word' id='word_1_347' title='bbox 647 2485 661 2500; x_wconf 82' lang='grc'><strong>.</strong></span> 
     </span>
     <span class='ocr_line' id='line_1_50' title="bbox 467 2463 2043 2601; baseline -0.009 -12"><span class='ocrx_word' id='word_1_348' title='bbox 467 2466 504 2519; x_wconf 70' lang='grc' dir='ltr'><strong>μ</strong></span> <span class='ocrx_word' id='word_1_349' title='bbox 539 2463 664 2591; x_wconf 50' lang='lat' dir='ltr'><strong>“sic</strong></span> <span class='ocrx_word' id='word_1_350' title='bbox 718 2534 903 2590; x_wconf 89' lang='lat' dir='ltr'><strong>scribo</strong></span> <span class='ocrx_word' id='word_1_351' title='bbox 952 2547 1067 2587; x_wconf 90' lang='lat' dir='ltr'><strong>non</strong></span> <span class='ocrx_word' id='word_1_352' title='bbox 1101 2542 1331 2601; x_wconf 81' lang='lat' dir='ltr'><strong>sperans</strong></span> <span class='ocrx_word' id='word_1_353' title='bbox 1383 2535 1566 2582; x_wconf 90' lang='lat' dir='ltr'><strong>tamen</strong></span> <span class='ocrx_word' id='word_1_354' title='bbox 1627 2540 1716 2581; x_wconf 90' lang='lat' dir='ltr'><strong>res</strong></span> <span class='ocrx_word' id='word_1_355' title='bbox 1768 2521 1867 2578; x_wconf 88' lang='lat' dir='ltr'><strong>tibi</strong></span> <span class='ocrx_word' id='word_1_356' title='bbox 1907 2521 2043 2577; x_wconf 88' lang='lat' dir='ltr'><strong>tales</strong></span> 
     </span>
    </p>
   </div>
   <div class='ocr_carea' id='block_1_49' title="bbox 466 2616 2044 2693">
    <p class='ocr_par' dir='ltr' id='par_1_49' title="bbox 466 2616 2044 2693">
     <span class='ocr_line' id='line_1_51' title="bbox 466 2616 2044 2693; baseline -0.011 -9"><span class='ocrx_word' id='word_1_357' title='bbox 466 2638 760 2684; x_wconf 89' lang='lat' dir='ltr'><strong>eventuras</strong></span> <span class='ocrx_word' id='word_1_358' title='bbox 797 2640 945 2693; x_wconf 84' lang='lat' dir='ltr'><strong>esse,</strong></span> <span class='ocrx_word' id='word_1_359' title='bbox 989 2624 1081 2679; x_wconf 81' lang='lat' dir='ltr'><strong>sed</strong></span> <span class='ocrx_word' id='word_1_360' title='bbox 1121 2630 1418 2686; x_wconf 88' lang='lat' dir='ltr'><strong>versutam,</strong></span> <span class='ocrx_word' id='word_1_361' title='bbox 1454 2618 1673 2689; x_wconf 69' lang='lat' dir='ltr'><strong>maligni</strong></span> <span class='ocrx_word' id='word_1_362' title='bbox 1713 2616 2044 2673; x_wconf 87' lang='lat' dir='ltr'><strong>simultatem</strong></span> 
     </span>
    </p>
   </div>
   <div class='ocr_carea' id='block_1_50' title="bbox 466 2713 2048 2791">
    <p class='ocr_par' dir='ltr' id='par_1_50' title="bbox 466 2713 2048 2791">
     <span class='ocr_line' id='line_1_52' title="bbox 466 2713 2048 2791; baseline -0.01 -15"><span class='ocrx_word' id='word_1_363' title='bbox 466 2722 923 2791; x_wconf 85' lang='lat' dir='ltr'><strong>perhorrescens;</strong></span> <span class='ocrx_word' id='word_1_364' title='bbox 977 2715 1179 2772; x_wconf 89' lang='lat' dir='ltr'><strong>etenim</strong></span> <span class='ocrx_word' id='word_1_365' title='bbox 1224 2713 1386 2769; x_wconf 90' lang='lat' dir='ltr'><strong>bouis</strong></span> <span class='ocrx_word' id='word_1_366' title='bbox 1435 2713 1624 2766; x_wconf 80' lang='lat' dir='ltr'><strong>favere</strong></span> <span class='ocrx_word' id='word_1_367' title='bbox 1673 2724 1783 2764; x_wconf 92' lang='lat' dir='ltr'><strong>non</strong></span> <span class='ocrx_word' id='word_1_368' title='bbox 1846 2714 2048 2779; x_wconf 86' lang='lat' dir='ltr'><strong>potest,</strong></span> 
     </span>
    </p>
   </div>
   <div class='ocr_carea' id='block_1_51' title="bbox 470 2801 2055 2882">
    <p class='ocr_par' dir='ltr' id='par_1_51' title="bbox 470 2801 2055 2882">
     <span class='ocr_line' id='line_1_53' title="bbox 470 2801 2055 2882; baseline -0.011 -13"><span class='ocrx_word' id='word_1_369' title='bbox 470 2814 567 2869; x_wconf 89' lang='lat' dir='ltr'><strong>sed</strong></span> <span class='ocrx_word' id='word_1_370' title='bbox 602 2820 924 2882; x_wconf 89' lang='lat' dir='ltr'><strong>perpetuum</strong></span> <span class='ocrx_word' id='word_1_371' title='bbox 968 2824 1093 2863; x_wconf 91' lang='lat' dir='ltr'><strong>cum</strong></span> <span class='ocrx_word' id='word_1_372' title='bbox 1138 2807 1206 2861; x_wconf 89' lang='lat' dir='ltr'><strong>iis</strong></span> <span class='ocrx_word' id='word_1_373' title='bbox 1257 2805 1459 2860; x_wconf 90' lang='lat' dir='ltr'><strong>bellum</strong></span> <span class='ocrx_word' id='word_1_374' title='bbox 1511 2802 1652 2873; x_wconf 84' lang='lat' dir='ltr'><strong>gerit</strong></span> <span class='ocrx_word' id='word_1_375' title='bbox 1699 2801 1862 2870; x_wconf 87' lang='lat' dir='ltr'><strong>idque</strong></span> <span class='ocrx_word' id='word_1_376' title='bbox 1909 2813 2055 2853; x_wconf 92' lang='lat' dir='ltr'><strong>nunc</strong></span> 
     </span>
    </p>
   </div>
   <div class='ocr_carea' id='block_1_52' title="bbox 470 2888 2054 2959">
    <p class='ocr_par' dir='ltr' id='par_1_52' title="bbox 470 2888 2054 2959">
     <span class='ocr_line' id='line_1_54' title="bbox 470 2888 2054 2959; baseline -0.01 0"><span class='ocrx_word' id='word_1_377' title='bbox 470 2906 710 2959; x_wconf 89' lang='lat' dir='ltr'><strong>maxime</strong></span> <span class='ocrx_word' id='word_1_378' title='bbox 748 2917 874 2958; x_wconf 94' lang='lat' dir='ltr'><strong>cum</strong></span> <span class='ocrx_word' id='word_1_379' title='bbox 923 2909 1135 2953; x_wconf 89' lang='lat' dir='ltr'><strong>tantum</strong></span> <span class='ocrx_word' id='word_1_380' title='bbox 1185 2897 1250 2950; x_wconf 91' lang='lat' dir='ltr'><strong>ad</strong></span> <span class='ocrx_word' id='word_1_381' title='bbox 1304 2895 1589 2948; x_wconf 88' lang='lat' dir='ltr'><strong>hominum</strong></span> <span class='ocrx_word' id='word_1_382' title='bbox 1648 2892 1879 2946; x_wconf 87' lang='lat' dir='ltr'><strong>salutem</strong></span> <span class='ocrx_word' id='word_1_383' title='bbox 1936 2888 2054 2943; x_wconf 81' lang='lat' dir='ltr'><strong>fieri</strong></span> 
     </span>
    </p>
   </div>
   <div class='ocr_carea' id='block_1_53' title="bbox 470 2980 2053 3052">
    <p class='ocr_par' dir='ltr' id='par_1_53' title="bbox 470 2980 2053 3052">
     <span class='ocr_line' id='line_1_55' title="bbox 470 2980 2053 3052; baseline -0.012 -1"><span class='ocrx_word' id='word_1_384' title='bbox 470 2997 620 3052; x_wconf 84' lang='lat' dir='ltr'><strong>videt</strong></span> <span class='ocrx_word' id='word_1_385' title='bbox 655 3013 668 3049; x_wconf 89' lang='lat'><strong>:</strong></span> <span class='ocrx_word' id='word_1_386' title='bbox 700 2995 768 3049; x_wconf 87' lang='lat' dir='ltr'><strong>ab</strong></span> <span class='ocrx_word' id='word_1_387' title='bbox 826 2992 983 3047; x_wconf 90' lang='lat' dir='ltr'><strong>initio</strong></span> <span class='ocrx_word' id='word_1_388' title='bbox 1048 2988 1193 3044; x_wconf 91' lang='lat' dir='ltr'><strong>enim</strong></span> <span class='ocrx_word' id='word_1_389' title='bbox 1243 2986 1449 3040; x_wconf 89' lang='lat' dir='ltr'><strong>nullam</strong></span> <span class='ocrx_word' id='word_1_390' title='bbox 1504 2983 1696 3039; x_wconf 83' lang='lat' dir='ltr'><strong>habuit</strong></span> <span class='ocrx_word' id='word_1_391' title='bbox 1744 2980 2053 3037; x_wconf 82' lang='lat' dir='ltr'><strong>satietatem</strong></span> 
     </span>
    </p>
   </div>
   <div class='ocr_carea' id='block_1_54' title="bbox 471 3071 2054 3157">
    <p class='ocr_par' dir='ltr' id='par_1_54' title="bbox 471 3071 2054 3157">
     <span class='ocr_line' id='line_1_56' title="bbox 471 3071 2054 3157; baseline -0.012 -13"><span class='ocrx_word' id='word_1_392' title='bbox 471 3090 754 3145; x_wconf 89' lang='lat' dir='ltr'><strong>hominum</strong></span> <span class='ocrx_word' id='word_1_393' title='bbox 783 3100 954 3157; x_wconf 80' lang='lat' dir='ltr'><strong>genus</strong></span> <span class='ocrx_word' id='word_1_394' title='bbox 985 3082 1038 3136; x_wconf 94' lang='lat' dir='ltr'><strong>iu</strong></span> <span class='ocrx_word' id='word_1_395' title='bbox 1069 3080 1429 3152; x_wconf 89' lang='lat' dir='ltr'><strong>perditionem</strong></span> <span class='ocrx_word' id='word_1_396' title='bbox 1465 3073 1790 3147; x_wconf 89' lang='lat' dir='ltr'><strong>projiciendi</strong></span> <span class='ocrx_word' id='word_1_397' title='bbox 1821 3089 1836 3139; x_wconf 92' lang='lat'><strong>;</strong></span> <span class='ocrx_word' id='word_1_398' title='bbox 1870 3071 2054 3128; x_wconf 90' lang='lat' dir='ltr'><strong>studio</strong></span> 
     </span>
    </p>
   </div>
   <div class='ocr_carea' id='block_1_55' title="bbox 473 3169 2048 3249">
    <p class='ocr_par' dir='ltr' id='par_1_55' title="bbox 473 3169 2048 3249">
     <span class='ocr_line' id='line_1_57' title="bbox 473 3169 2048 3249; baseline -0.013 -14"><span class='ocrx_word' id='word_1_399' title='bbox 473 3194 755 3249; x_wconf 88' lang='lat' dir='ltr'><strong>nunquam</strong></span> <span class='ocrx_word' id='word_1_400' title='bbox 805 3174 1151 3247; x_wconf 82' lang='lat' dir='ltr'><strong>satisfactum</strong></span> <span class='ocrx_word' id='word_1_401' title='bbox 1203 3186 1326 3227; x_wconf 90' lang='lat' dir='ltr'><strong>esse</strong></span> <span class='ocrx_word' id='word_1_402' title='bbox 1377 3169 1610 3239; x_wconf 84' lang='lat' dir='ltr'><strong>putavit,</strong></span> <span class='ocrx_word' id='word_1_403' title='bbox 1658 3180 1761 3221; x_wconf 88' lang='lat' dir='ltr'><strong>nec</strong></span> <span class='ocrx_word' id='word_1_404' title='bbox 1808 3176 2048 3232; x_wconf 88' lang='lat' dir='ltr'><strong>unquam</strong></span> 
     </span>
    </p>
   </div>
   <div class='ocr_carea' id='block_1_56' title="bbox 476 3255 2050 3333">
    <p class='ocr_par' dir='ltr' id='par_1_56' title="bbox 476 3255 2050 3333">
     <span class='ocr_line' id='line_1_58' title="bbox 476 3255 2050 3333; baseline -0.012 -5"><span class='ocrx_word' id='word_1_405' title='bbox 476 3274 608 3328; x_wconf 91' lang='lat' dir='ltr'><strong>huic</strong></span> <span class='ocrx_word' id='word_1_406' title='bbox 658 3269 960 3324; x_wconf 89' lang='lat' dir='ltr'><strong>inimicitia</strong></span> <span class='ocrx_word' id='word_1_407' title='bbox 1020 3267 1184 3320; x_wconf 85' lang='lat' dir='ltr'><strong>finem</strong></span> <span class='ocrx_word' id='word_1_408' title='bbox 1243 3264 1508 3333; x_wconf 87' lang='lat' dir='ltr'><strong>imponet.</strong></span> <span class='ocrx_word' id='word_1_409' title='bbox 1577 3258 1755 3327; x_wconf 81' lang='lat' dir='ltr'><strong>Hujus</strong></span> <span class='ocrx_word' id='word_1_410' title='bbox 1803 3255 2050 3310; x_wconf 77' lang='lat' dir='ltr'><strong>artiﬁciis</strong></span> 
     </span>
    </p>
   </div>
   <div class='ocr_carea' id='block_1_57' title="bbox 474 3352 2053 3433">
    <p class='ocr_par' dir='ltr' id='par_1_57' title="bbox 474 3352 2053 3433">
     <span class='ocr_line' id='line_1_59' title="bbox 474 3352 2053 3433; baseline -0.012 -14"><span class='ocrx_word' id='word_1_411' title='bbox 474 3364 728 3433; x_wconf 76' lang='lat' dir='ltr'><strong>cognitis,</strong></span> <span class='ocrx_word' id='word_1_412' title='bbox 760 3362 833 3416; x_wconf 92' lang='lat' dir='ltr'><strong>mi</strong></span> <span class='ocrx_word' id='word_1_413' title='bbox 878 3360 977 3425; x_wconf 85' lang='lat' dir='ltr'><strong>fili,</strong></span> <span class='ocrx_word' id='word_1_414' title='bbox 1007 3368 1063 3413; x_wconf 92' lang='lat' dir='ltr'><strong>et</strong></span> <span class='ocrx_word' id='word_1_415' title='bbox 1089 3373 1182 3427; x_wconf 91' lang='lat' dir='ltr'><strong>per</strong></span> <span class='ocrx_word' id='word_1_416' title='bbox 1222 3371 1344 3425; x_wconf 83' lang='lat' dir='ltr'><strong>qua</strong></span> <span class='ocrx_word' id='word_1_417' title='bbox 1390 3352 1713 3421; x_wconf 90' lang='lat' dir='ltr'><strong>scripsimus</strong></span> <span class='ocrx_word' id='word_1_418' title='bbox 1760 3357 1925 3417; x_wconf 89' lang='lat' dir='ltr'><strong>atque</strong></span> <span class='ocrx_word' id='word_1_419' title='bbox 1959 3359 2053 3401; x_wconf 89' lang='lat' dir='ltr'><strong>tua</strong></span> 
     </span>
    </p>
   </div>
   <div class='ocr_carea' id='block_1_58' title="bbox 476 3439 2053 3527">
    <p class='ocr_par' dir='ltr' id='par_1_58' title="bbox 476 3439 2053 3527">
     <span class='ocr_line' id='line_1_60' title="bbox 476 3439 2053 3527; baseline -0.011 -16"><span class='ocrx_word' id='word_1_420' title='bbox 476 3457 648 3527; x_wconf 86' lang='lat' dir='ltr'><strong>ipsius</strong></span> <span class='ocrx_word' id='word_1_421' title='bbox 710 3450 1046 3523; x_wconf 71' lang='lat' dir='ltr'><strong>experientia</strong></span> <span class='ocrx_word' id='word_1_422' title='bbox 1106 3449 1359 3508; x_wconf 88' lang='lat' dir='ltr'><strong>edoctus,</strong></span> <span class='ocrx_word' id='word_1_423' title='bbox 1419 3443 1564 3497; x_wconf 89' lang='lat' dir='ltr'><strong>illius</strong></span> <span class='ocrx_word' id='word_1_424' title='bbox 1620 3439 2053 3495; x_wconf 79' lang='lat' dir='ltr'><strong>machinationes</strong></span> 
     </span>
    </p>
   </div>
   <div class='ocr_carea' id='block_1_59' title="bbox 478 3532 2052 3615">
    <p class='ocr_par' dir='ltr' id='par_1_59' title="bbox 478 3532 2052 3615">
     <span class='ocr_line' id='line_1_61' title="bbox 478 3532 2052 3615; baseline -0.012 -11"><span class='ocrx_word' id='word_1_425' title='bbox 478 3550 710 3614; x_wconf 78' lang='lat' dir='ltr'><strong>videbis,</strong></span> <span class='ocrx_word' id='word_1_426' title='bbox 759 3548 991 3615; x_wconf 89' lang='lat' dir='ltr'><strong>teipsum</strong></span> <span class='ocrx_word' id='word_1_427' title='bbox 1044 3553 1227 3596; x_wconf 88' lang='lat' dir='ltr'><strong>autem</strong></span> <span class='ocrx_word' id='word_1_428' title='bbox 1257 3540 1520 3593; x_wconf 90' lang='lat' dir='ltr'><strong>honorem</strong></span> <span class='ocrx_word' id='word_1_429' title='bbox 1553 3536 1698 3606; x_wconf 88' lang='lat' dir='ltr'><strong>apud</strong></span> <span class='ocrx_word' id='word_1_430' title='bbox 1734 3532 1902 3588; x_wconf 89' lang='lat' dir='ltr'><strong>Deum</strong></span> <span class='ocrx_word' id='word_1_431' title='bbox 1950 3532 2052 3586; x_wconf 90' lang='lat' dir='ltr'><strong>tibi</strong></span> 
     </span>
    </p>
   </div>
   <div class='ocr_carea' id='block_1_60' title="bbox 478 3628 2053 3705">
    <p class='ocr_par' dir='ltr' id='par_1_60' title="bbox 478 3628 2053 3705">
     <span class='ocr_line' id='line_1_62' title="bbox 478 3628 2053 3705; baseline -0.011 -10"><span class='ocrx_word' id='word_1_432' title='bbox 478 3648 816 3695; x_wconf 82' lang='lat' dir='ltr'><strong>reservatum</strong></span> <span class='ocrx_word' id='word_1_433' title='bbox 848 3632 1118 3705; x_wconf 74' lang='lat' dir='ltr'><strong>gustabis,</strong></span> <span class='ocrx_word' id='word_1_434' title='bbox 1168 3630 1311 3701; x_wconf 87' lang='lat' dir='ltr'><strong>apud</strong></span> <span class='ocrx_word' id='word_1_435' title='bbox 1346 3628 1596 3682; x_wconf 89' lang='lat' dir='ltr'><strong>homines</strong></span> <span class='ocrx_word' id='word_1_436' title='bbox 1646 3633 1828 3680; x_wconf 90' lang='lat' dir='ltr'><strong>autem</strong></span> <span class='ocrx_word' id='word_1_437' title='bbox 1863 3637 2053 3692; x_wconf 86' lang='lat' dir='ltr'><strong>aquos</strong></span> 
     </span>
    </p>
   </div>
   <div class='ocr_carea' id='block_1_61' title="bbox 475 3718 2054 3801">
    <p class='ocr_par' dir='ltr' id='par_1_61' title="bbox 475 3718 2054 3801">
     <span class='ocr_line' id='line_1_63' title="bbox 475 3718 2054 3801; baseline -0.011 -16"><span class='ocrx_word' id='word_1_438' title='bbox 475 3732 689 3801; x_wconf 85' lang='lat' dir='ltr'><strong>judices</strong></span> <span class='ocrx_word' id='word_1_439' title='bbox 719 3726 938 3781; x_wconf 87' lang='lat' dir='ltr'><strong>virtutis</strong></span> <span class='ocrx_word' id='word_1_440' title='bbox 970 3734 1024 3779; x_wconf 91' lang='lat' dir='ltr'><strong>et</strong></span> <span class='ocrx_word' id='word_1_441' title='bbox 1056 3722 1220 3778; x_wconf 85' lang='lat' dir='ltr'><strong>studii</strong></span> <span class='ocrx_word' id='word_1_442' title='bbox 1256 3719 1540 3785; x_wconf 78' lang='lat' dir='ltr'><strong>indefessi,</strong></span> <span class='ocrx_word' id='word_1_443' title='bbox 1572 3718 1754 3788; x_wconf 79' lang='lat' dir='ltr'><strong>iustos</strong></span> <span class='ocrx_word' id='word_1_444' title='bbox 1797 3728 2054 3769; x_wconf 88' lang='lat' dir='ltr'><strong>remune-</strong></span> 
     </span>
    </p>
   </div>
   <div class='ocr_carea' id='block_1_62' title="bbox 480 3812 1439 3887">
    <p class='ocr_par' dir='ltr' id='par_1_62' title="bbox 480 3812 1439 3887">
     <span class='ocr_line' id='line_1_64' title="bbox 480 3812 1439 3887; baseline -0.011 -11"><span class='ocrx_word' id='word_1_445' title='bbox 480 3830 692 3876; x_wconf 89' lang='lat' dir='ltr'><strong>ratores</strong></span> <span class='ocrx_word' id='word_1_446' title='bbox 724 3819 846 3887; x_wconf 89' lang='lat' dir='ltr'><strong>jure</strong></span> <span class='ocrx_word' id='word_1_447' title='bbox 871 3825 923 3871; x_wconf 92' lang='lat' dir='ltr'><strong>et</strong></span> <span class='ocrx_word' id='word_1_448' title='bbox 950 3814 1147 3869; x_wconf 90' lang='lat' dir='ltr'><strong>merito</strong></span> <span class='ocrx_word' id='word_1_449' title='bbox 1171 3812 1439 3867; x_wconf 80' lang='lat' dir='ltr'><strong>invenies.</strong></span> 
     </span>
    </p>
   </div>
   <div class='ocr_carea' id='block_1_63' title="bbox 2218 2509 3738 2590">
    <p class='ocr_par' dir='ltr' id='par_1_63' title="bbox 2218 2509 3738 2590">
     <span class='ocr_line' id='line_1_65' title="bbox 2218 2509 3738 2590; baseline -0.007 -18"><span class='ocrx_word' id='word_1_450' title='bbox 2218 2518 2426 2590; x_wconf 84' lang='grc' dir='ltr'><strong>Γράφω</strong></span> <span class='ocrx_word' id='word_1_451' title='bbox 2481 2514 2663 2570; x_wconf 88' lang='grc' dir='ltr'>ταῦτα</span> <span class='ocrx_word' id='word_1_452' title='bbox 2691 2516 2790 2584; x_wconf 80' lang='grc' dir='ltr'>οὐχ</span> <span class='ocrx_word' id='word_1_453' title='bbox 2848 2513 3022 2576; x_wconf 74' lang='grc' dir='ltr'>οὕτως</span> <span class='ocrx_word' id='word_1_454' title='bbox 3074 2510 3313 2575; x_wconf 74' lang='grc' dir='ltr'>ἐλπίζων</span> <span class='ocrx_word' id='word_1_455' title='bbox 3355 2509 3738 2581; x_wconf 77' lang='grc' dir='ltr'>συμϐήσεσθαι</span> 
     </span>
    </p>
   </div>
   <div class='ocr_carea' id='block_1_64' title="bbox 2147 2599 3735 2679">
    <p class='ocr_par' dir='ltr' id='par_1_64' title="bbox 2147 2599 3735 2679">
     <span class='ocr_line' id='line_1_66' title="bbox 2147 2599 3735 2679; baseline -0.006 -16"><span class='ocrx_word' id='word_1_456' title='bbox 2147 2611 2220 2663; x_wconf 84' lang='grc' dir='ltr'>τὰ</span> <span class='ocrx_word' id='word_1_457' title='bbox 2252 2611 2382 2679; x_wconf 71' lang='grc' dir='ltr'>περὶ</span> <span class='ocrx_word' id='word_1_458' title='bbox 2421 2608 2505 2673; x_wconf 87' lang='grc' dir='ltr'><strong>σὲ,</strong></span> <span class='ocrx_word' id='word_1_459' title='bbox 2544 2608 2682 2661; x_wconf 77' lang='grc' dir='ltr'>ἀλλὰ</span> <span class='ocrx_word' id='word_1_460' title='bbox 2704 2607 2804 2677; x_wconf 83' lang='grc' dir='ltr'>τὴν</span> <span class='ocrx_word' id='word_1_461' title='bbox 2853 2604 3192 2674; x_wconf 82' lang='grc' dir='ltr'>πολύτροπον</span> <span class='ocrx_word' id='word_1_462' title='bbox 3240 2600 3591 2672; x_wconf 83' lang='grc' dir='ltr'>ὑφορώμενος</span> <span class='ocrx_word' id='word_1_463' title='bbox 3640 2599 3735 2654; x_wconf 89' lang='grc' dir='ltr'><strong>τοῦ</strong></span> 
     </span>
    </p>
   </div>
   <div class='ocr_carea' id='block_1_65' title="bbox 2155 2691 3739 2774">
    <p class='ocr_par' dir='ltr' id='par_1_65' title="bbox 2155 2691 3739 2774">
     <span class='ocr_line' id='line_1_67' title="bbox 2155 2691 3739 2774; baseline -0.008 -18"><span class='ocrx_word' id='word_1_464' title='bbox 2155 2699 2397 2774; x_wconf 87' lang='grc' dir='ltr'>πονηροῦ</span> <span class='ocrx_word' id='word_1_465' title='bbox 2427 2700 2776 2770; x_wconf 85' lang='grc' dir='ltr'>δυσμένειαν,</span> <span class='ocrx_word' id='word_1_466' title='bbox 2802 2701 2899 2750; x_wconf 62' lang='grc' dir='ltr'><strong>καὶ⁸</strong></span> <span class='ocrx_word' id='word_1_467' title='bbox 2948 2691 3059 2758; x_wconf 74' lang='grc' dir='ltr'>οἷος</span> <span class='ocrx_word' id='word_1_468' title='bbox 3087 2696 3297 2757; x_wconf 81' lang='grc' dir='ltr'>ἐκεῖνος</span> <span class='ocrx_word' id='word_1_469' title='bbox 3340 2694 3444 2747; x_wconf 80' lang='grc' dir='ltr'><strong>οὐκ</strong></span> <span class='ocrx_word' id='word_1_470' title='bbox 3477 2693 3617 2763; x_wconf 74' lang='grc' dir='ltr'>ἔχων</span> <span class='ocrx_word' id='word_1_471' title='bbox 3645 2692 3739 2745; x_wconf 79' lang='grc' dir='ltr'>ἐπὶ</span> 
     </span>
    </p>
   </div>
   <div class='ocr_carea' id='block_1_66' title="bbox 2150 2782 3735 2860">
    <p class='ocr_par' dir='ltr' id='par_1_66' title="bbox 2150 2782 3735 2860">
     <span class='ocr_line' id='line_1_68' title="bbox 2150 2782 3735 2860; baseline -0.007 -14"><span class='ocrx_word' id='word_1_472' title='bbox 2150 2794 2263 2856; x_wconf 85' lang='grc' dir='ltr'>τοῖς</span> <span class='ocrx_word' id='word_1_473' title='bbox 2296 2791 2481 2854; x_wconf 86' lang='grc' dir='ltr'>καλοῖς</span> <span class='ocrx_word' id='word_1_474' title='bbox 2515 2791 2767 2860; x_wconf 69' lang='grc' dir='ltr'>ἠρεμεῖν,</span> <span class='ocrx_word' id='word_1_475' title='bbox 2800 2786 2942 2841; x_wconf 81' lang='grc' dir='ltr'>ἀλλὰ</span> <span class='ocrx_word' id='word_1_476' title='bbox 2977 2786 3064 2841; x_wconf 82' lang='grc' dir='ltr'>διὰ</span> <span class='ocrx_word' id='word_1_477' title='bbox 3101 2786 3302 2847; x_wconf 87' lang='grc' dir='ltr'>παντὸς</span> <span class='ocrx_word' id='word_1_478' title='bbox 3326 2784 3515 2852; x_wconf 80' lang='grc' dir='ltr'>ἀγῶνα</span> <span class='ocrx_word' id='word_1_479' title='bbox 3544 2782 3735 2836; x_wconf 78' lang='grc' dir='ltr'>ποιούο</span> 
     </span>
    </p>
   </div>
   <div class='ocr_carea' id='block_1_67' title="bbox 2155 2872 3732 2952">
    <p class='ocr_par' dir='ltr' id='par_1_67' title="bbox 2155 2872 3732 2952">
     <span class='ocr_line' id='line_1_69' title="bbox 2155 2872 3732 2952; baseline -0.006 -17"><span class='ocrx_word' id='word_1_480' title='bbox 2155 2900 2315 2952; x_wconf 86' lang='grc' dir='ltr'>μενος</span> <span class='ocrx_word' id='word_1_481' title='bbox 2345 2881 2440 2935; x_wconf 81' lang='grc' dir='ltr'><strong>τοῦ</strong></span> <span class='ocrx_word' id='word_1_482' title='bbox 2471 2880 2819 2951; x_wconf 83' lang='grc' dir='ltr'>λυμήνασθαι</span> <span class='ocrx_word' id='word_1_483' title='bbox 2853 2879 3077 2941; x_wconf 73' lang='grc' dir='ltr'>αὐτοῖς’</span> <span class='ocrx_word' id='word_1_484' title='bbox 3139 2876 3374 2947; x_wconf 84' lang='grc' dir='ltr'>μαλίστα</span> <span class='ocrx_word' id='word_1_485' title='bbox 3416 2876 3471 2928; x_wconf 88' lang='grc' dir='ltr'><strong>δέ</strong></span> <span class='ocrx_word' id='word_1_486' title='bbox 3502 2875 3596 2941; x_wconf 79' lang='grc' dir='ltr'>ἐπὶ</span> <span class='ocrx_word' id='word_1_487' title='bbox 3636 2872 3732 2927; x_wconf 89' lang='grc' dir='ltr'><strong>τοῦ</strong></span> 
     </span>
    </p>
   </div>
   <div class='ocr_carea' id='block_1_68' title="bbox 2152 2965 3734 3043">
    <p class='ocr_par' dir='ltr' id='par_1_68' title="bbox 2152 2965 3734 3043">
     <span class='ocr_line' id='line_1_70' title="bbox 2152 2965 3734 3043; baseline -0.003 -21"><span class='ocrx_word' id='word_1_488' title='bbox 2152 2972 2445 3043; x_wconf 82' lang='grc' dir='ltr'>παρόντος,</span> <span class='ocrx_word' id='word_1_489' title='bbox 2506 2969 2674 3023; x_wconf 83' lang='grc' dir='ltr'>ὁπότε</span> <span class='ocrx_word' id='word_1_490' title='bbox 2730 2969 2993 3024; x_wconf 84' lang='grc' dir='ltr'>τοσοῦτον</span> <span class='ocrx_word' id='word_1_491' title='bbox 3062 2968 3397 3040; x_wconf 86' lang='grc' dir='ltr'>κατόρθωμα</span> <span class='ocrx_word' id='word_1_492' title='bbox 3448 2965 3734 3034; x_wconf 78' lang='grc' dir='ltr'>γινόμενον</span> 
     </span>
    </p>
   </div>
   <div class='ocr_carea' id='block_1_69' title="bbox 2152 3058 3723 3133">
    <p class='ocr_par' dir='ltr' id='par_1_69' title="bbox 2152 3058 3723 3133">
     <span class='ocr_line' id='line_1_71' title="bbox 2152 3058 3723 3133; baseline -0.006 -15"><span class='ocrx_word' id='word_1_493' title='bbox 2152 3064 2361 3133; x_wconf 85' lang='grc' dir='ltr'>καθορᾷ</span> <span class='ocrx_word' id='word_1_494' title='bbox 2384 3062 2479 3117; x_wconf 76' lang='grc' dir='ltr'>καὶ</span> <span class='ocrx_word' id='word_1_495' title='bbox 2507 3061 2784 3133; x_wconf 85' lang='grc' dir='ltr'>σωτηρίαν</span> <span class='ocrx_word' id='word_1_496' title='bbox 2823 3063 2919 3115; x_wconf 83' lang='grc' dir='ltr'><strong>τοῦ</strong></span> <span class='ocrx_word' id='word_1_497' title='bbox 2952 3061 3293 3131; x_wconf 85' lang='grc' dir='ltr'>πλάσματος,</span> <span class='ocrx_word' id='word_1_498' title='bbox 3330 3060 3470 3128; x_wconf 86' lang='grc' dir='ltr'>ὅπερ</span> <span class='ocrx_word' id='word_1_499' title='bbox 3510 3058 3723 3118; x_wconf 84' lang='grc' dir='ltr'>ἐκεῖνος</span> 
     </span>
    </p>
   </div>
   <div class='ocr_carea' id='block_1_70' title="bbox 2077 3135 3733 3225">
    <p class='ocr_par' dir='ltr' id='par_1_70' title="bbox 2077 3135 3733 3225">
     <span class='ocr_line' id='line_1_72' title="bbox 2077 3135 3733 3225; baseline -0.007 -15"><span class='ocrx_word' id='word_1_500' title='bbox 2077 3135 2122 3198; x_wconf 80' lang='lat' dir='ltr'><strong><em>C</em></strong></span> <span class='ocrx_word' id='word_1_501' title='bbox 2157 3157 2238 3220; x_wconf 86' lang='grc' dir='ltr'><strong>είς</strong></span> <span class='ocrx_word' id='word_1_502' title='bbox 2263 3155 2544 3210; x_wconf 79' lang='grc' dir='ltr'>ἀπώλειαν</span> <span class='ocrx_word' id='word_1_503' title='bbox 2590 3154 2650 3220; x_wconf 80' lang='grc' dir='ltr'><strong>ἐξ</strong></span> <span class='ocrx_word' id='word_1_504' title='bbox 2681 3153 2858 3225; x_wconf 85' lang='grc' dir='ltr'>ἀρχῆς</span> <span class='ocrx_word' id='word_1_505' title='bbox 2884 3154 2983 3206; x_wconf 76' lang='grc' dir='ltr'>καὶ</span> <span class='ocrx_word' id='word_1_506' title='bbox 3016 3154 3178 3223; x_wconf 86' lang='grc' dir='ltr'>μέχρι</span> <span class='ocrx_word' id='word_1_507' title='bbox 3202 3154 3299 3204; x_wconf 86' lang='grc' dir='ltr'><strong>τοῦ</strong></span> <span class='ocrx_word' id='word_1_508' title='bbox 3321 3149 3417 3202; x_wconf 87' lang='grc' dir='ltr'><strong>νῦν</strong></span> <span class='ocrx_word' id='word_1_509' title='bbox 3463 3149 3564 3201; x_wconf 83' lang='grc' dir='ltr'><strong>οὐκ</strong></span> <span class='ocrx_word' id='word_1_510' title='bbox 3607 3146 3733 3216; x_wconf 70' lang='grc' dir='ltr'>ἔσχε</span> 
     </span>
    </p>
   </div>
   <div class='ocr_carea' id='block_1_71' title="bbox 2159 3244 3734 3319">
    <p class='ocr_par' dir='ltr' id='par_1_71' title="bbox 2159 3244 3734 3319">
     <span class='ocr_line' id='line_1_73' title="bbox 2159 3244 3734 3319; baseline -0.004 -18"><span class='ocrx_word' id='word_1_511' title='bbox 2159 3248 2321 3319; x_wconf 88' lang='grc' dir='ltr'>κόρον</span> <span class='ocrx_word' id='word_1_512' title='bbox 2364 3245 2611 3312; x_wconf 82' lang='grc' dir='ltr'>ἁνωθῶν,</span> <span class='ocrx_word' id='word_1_513' title='bbox 2645 3244 2767 3299; x_wconf 83' lang='grc' dir='ltr'>οὐδὲ</span> <span class='ocrx_word' id='word_1_514' title='bbox 2799 3246 3004 3307; x_wconf 80' lang='grc' dir='ltr'>πάσαις</span> <span class='ocrx_word' id='word_1_515' title='bbox 3052 3247 3268 3316; x_wconf 83' lang='grc' dir='ltr'>τέχναις</span> <span class='ocrx_word' id='word_1_516' title='bbox 3303 3245 3396 3297; x_wconf 79' lang='grc' dir='ltr'><strong>καὶ</strong></span> <span class='ocrx_word' id='word_1_517' title='bbox 3430 3244 3734 3311; x_wconf 82' lang='grc' dir='ltr'>περινοίαις</span> 
     </span>
    </p>
   </div>
   <div class='ocr_carea' id='block_1_72' title="bbox 2158 3332 3733 3407">
    <p class='ocr_par' dir='ltr' id='par_1_72' title="bbox 2158 3332 3733 3407">
     <span class='ocr_line' id='line_1_74' title="bbox 2158 3332 3733 3407; baseline -0.003 -18"><span class='ocrx_word' id='word_1_518' title='bbox 2158 3336 2251 3390; x_wconf 82' lang='grc' dir='ltr'><strong>τὸν</strong></span> <span class='ocrx_word' id='word_1_519' title='bbox 2280 3335 2671 3407; x_wconf 83' lang='grc' dir='ltr'>μισάνθρωπον</span> <span class='ocrx_word' id='word_1_520' title='bbox 2703 3333 2897 3388; x_wconf 89' lang='grc' dir='ltr'>τοῦτον</span> <span class='ocrx_word' id='word_1_521' title='bbox 2931 3334 3133 3405; x_wconf 87' lang='grc' dir='ltr'>δρόμον</span> <span class='ocrx_word' id='word_1_522' title='bbox 3168 3332 3477 3402; x_wconf 84' lang='grc' dir='ltr'>τιθέμενος.</span> <span class='ocrx_word' id='word_1_523' title='bbox 3507 3333 3733 3396; x_wconf 83' lang='grc' dir='ltr'>Τούτου,</span> 
     </span>
    </p>
   </div>
   <div class='ocr_carea' id='block_1_73' title="bbox 2160 3422 3733 3498">
    <p class='ocr_par' dir='ltr' id='par_1_73' title="bbox 2160 3422 3733 3498">
     <span class='ocr_line' id='line_1_75' title="bbox 2160 3422 3733 3498; baseline -0.003 -18"><span class='ocrx_word' id='word_1_524' title='bbox 2160 3427 2349 3481; x_wconf 85' lang='grc' dir='ltr'>τέκνον</span> <span class='ocrx_word' id='word_1_525' title='bbox 2379 3427 2557 3497; x_wconf 82' lang='grc' dir='ltr'>ἡμῶν,</span> <span class='ocrx_word' id='word_1_526' title='bbox 2584 3427 2654 3481; x_wconf 81' lang='grc' dir='ltr'><strong>τά</strong></span> <span class='ocrx_word' id='word_1_527' title='bbox 2699 3427 3054 3498; x_wconf 81' lang='grc' dir='ltr'>τεχνάσματα</span> <span class='ocrx_word' id='word_1_528' title='bbox 3102 3426 3493 3495; x_wconf 78' lang='grc' dir='ltr'>ἐπιστάμενος,</span> <span class='ocrx_word' id='word_1_529' title='bbox 3539 3424 3635 3477; x_wconf 79' lang='grc' dir='ltr'>καὶ</span> <span class='ocrx_word' id='word_1_530' title='bbox 3666 3422 3733 3475; x_wconf 81' lang='grc' dir='ltr'>δι’</span> 
     </span>
    </p>
   </div>
   <div class='ocr_carea' id='block_1_74' title="bbox 2162 3514 3735 3593">
    <p class='ocr_par' dir='ltr' id='par_1_74' title="bbox 2162 3514 3735 3593">
     <span class='ocr_line' id='line_1_76' title="bbox 2162 3514 3735 3593; baseline -0.003 -18"><span class='ocrx_word' id='word_1_531' title='bbox 2162 3515 2237 3575; x_wconf 81' lang='grc' dir='ltr'>ὧν</span> <span class='ocrx_word' id='word_1_532' title='bbox 2269 3520 2593 3592; x_wconf 77' lang='grc' dir='ltr'>ἐγράψαμεν</span> <span class='ocrx_word' id='word_1_533' title='bbox 2621 3519 2807 3592; x_wconf 82' lang='grc' dir='ltr'>ὥσπερ</span> <span class='ocrx_word' id='word_1_534' title='bbox 2845 3521 3388 3593; x_wconf 78' lang='grc' dir='ltr'>ὑπομιμνήσκοντες,</span> <span class='ocrx_word' id='word_1_535' title='bbox 3437 3521 3530 3574; x_wconf 77' lang='grc' dir='ltr'><strong>καὶ</strong></span> <span class='ocrx_word' id='word_1_536' title='bbox 3556 3519 3623 3572; x_wconf 84' lang='grc' dir='ltr'>δι’</span> <span class='ocrx_word' id='word_1_537' title='bbox 3660 3514 3735 3571; x_wconf 80' lang='grc' dir='ltr'>ὧν</span> 
     </span>
    </p>
   </div>
   <div class='ocr_carea' id='block_1_75' title="bbox 2157 3612 3740 3688">
    <p class='ocr_par' dir='ltr' id='par_1_75' title="bbox 2157 3612 3740 3688">
     <span class='ocr_line' id='line_1_77' title="bbox 2157 3612 3740 3688; baseline -0.004 -17"><span class='ocrx_word' id='word_1_538' title='bbox 2157 3618 2322 3681; x_wconf 81' lang='grc' dir='ltr'>αὐτὸς</span> <span class='ocrx_word' id='word_1_539' title='bbox 2346 3615 2736 3686; x_wconf 76' lang='grc' dir='ltr'>ἐπιγινώσκεις</span> <span class='ocrx_word' id='word_1_540' title='bbox 2762 3619 2829 3687; x_wconf 84' lang='grc' dir='ltr'>τῇ</span> <span class='ocrx_word' id='word_1_541' title='bbox 2861 3617 3018 3688; x_wconf 77' lang='grc' dir='ltr'>θεῖκῇ</span> <span class='ocrx_word' id='word_1_542' title='bbox 3046 3614 3433 3686; x_wconf 70' lang='grc' dir='ltr'>συναντιλήψει</span> <span class='ocrx_word' id='word_1_543' title='bbox 3465 3612 3740 3682; x_wconf 85' lang='grc' dir='ltr'>δυναμού-</span> 
     </span>
    </p>
   </div>
   <div class='ocr_carea' id='block_1_76' title="bbox 2168 3705 3737 3781">
    <p class='ocr_par' dir='ltr' id='par_1_76' title="bbox 2168 3705 3737 3781">
     <span class='ocr_line' id='line_1_78' title="bbox 2168 3705 3737 3781; baseline -0.004 -18"><span class='ocrx_word' id='word_1_544' title='bbox 2168 3727 2355 3781; x_wconf 86' lang='grc' dir='ltr'>μενος,</span> <span class='ocrx_word' id='word_1_545' title='bbox 2408 3710 2500 3763; x_wconf 83' lang='grc' dir='ltr'><strong>τὸν</strong></span> <span class='ocrx_word' id='word_1_546' title='bbox 2563 3709 2663 3781; x_wconf 84' lang='grc' dir='ltr'><strong>μὲν</strong></span> <span class='ocrx_word' id='word_1_547' title='bbox 2713 3708 2952 3780; x_wconf 79' lang='grc' dir='ltr'>ὀφλῆσαι</span> <span class='ocrx_word' id='word_1_548' title='bbox 3006 3708 3226 3777; x_wconf 79' lang='grc' dir='ltr'>γέλωτα</span> <span class='ocrx_word' id='word_1_549' title='bbox 3294 3705 3737 3777; x_wconf 88' lang='grc' dir='ltr'>παρασκεύασον,</span> 
     </span>
    </p>
   </div>
   <div class='ocr_carea' id='block_1_77' title="bbox 2163 3800 3739 3878">
    <p class='ocr_par' dir='ltr' id='par_1_77' title="bbox 2163 3800 3739 3878">
     <span class='ocr_line' id='line_1_79' title="bbox 2163 3800 3739 3878; baseline -0.004 -18"><span class='ocrx_word' id='word_1_550' title='bbox 2163 3806 2395 3861; x_wconf 77' lang='grc' dir='ltr'>σεαυτὸν</span> <span class='ocrx_word' id='word_1_551' title='bbox 2445 3805 2505 3861; x_wconf 84' lang='grc' dir='ltr'><strong>δέ</strong></span> <span class='ocrx_word' id='word_1_552' title='bbox 2545 3808 2715 3878; x_wconf 83' lang='grc' dir='ltr'>τιμῆς</span> <span class='ocrx_word' id='word_1_553' title='bbox 2762 3806 2915 3871; x_wconf 76' lang='grc' dir='ltr'>ἄξιον</span> <span class='ocrx_word' id='word_1_554' title='bbox 2946 3809 3041 3859; x_wconf 83' lang='grc' dir='ltr'>καὶ</span> <span class='ocrx_word' id='word_1_555' title='bbox 3088 3806 3247 3876; x_wconf 77' lang='grc' dir='ltr'>δόξης</span> <span class='ocrx_word' id='word_1_556' title='bbox 3288 3807 3440 3874; x_wconf 81' lang='grc' dir='ltr'>παρὰ</span> <span class='ocrx_word' id='word_1_557' title='bbox 3471 3801 3607 3857; x_wconf 81' lang='grc' dir='ltr'>Θεοῦ</span> <span class='ocrx_word' id='word_1_558' title='bbox 3642 3800 3739 3855; x_wconf 78' lang='grc' dir='ltr'><strong>καὶ</strong></span> 
     </span>
    </p>
   </div>
   <div class='ocr_carea' id='block_1_78' title="bbox 480 3897 3739 3975">
    <p class='ocr_par' dir='ltr' id='par_1_78' title="bbox 480 3897 3739 3975">
     <span class='ocr_line' id='line_1_80' title="bbox 480 3897 3739 3975; baseline -0.006 -9"><span class='ocrx_word' id='word_1_559' title='bbox 480 3913 588 3966; x_wconf 82' lang='grc' dir='ltr'>τῶν</span> <span class='ocrx_word' id='word_1_560' title='bbox 613 3911 706 3965; x_wconf 79' lang='grc' dir='ltr'>ἐπὶ</span> <span class='ocrx_word' id='word_1_561' title='bbox 732 3911 847 3972; x_wconf 82' lang='grc' dir='ltr'>τοῖς</span> <span class='ocrx_word' id='word_1_562' title='bbox 892 3906 1158 3969; x_wconf 85' lang='grc' dir='ltr'>τοιούτοις</span> <span class='ocrx_word' id='word_1_563' title='bbox 1201 3903 1631 3975; x_wconf 87' lang='grc' dir='ltr'>κατορθώμασιν</span> <span class='ocrx_word' id='word_1_564' title='bbox 1688 3902 2057 3973; x_wconf 75' lang='grc' dir='ltr'>ὀφειλομένων</span> <span class='ocrx_word' id='word_1_565' title='bbox 2124 3903 2363 3957; x_wconf 89' lang='grc' dir='ltr'>ἐπαίνων</span> <span class='ocrx_word' id='word_1_566' title='bbox 2395 3902 2492 3956; x_wconf 77' lang='grc' dir='ltr'><strong>καὶ</strong></span> <span class='ocrx_word' id='word_1_567' title='bbox 2543 3902 2644 3973; x_wconf 86' lang='grc' dir='ltr'>τῆς</span> <span class='ocrx_word' id='word_1_568' title='bbox 2711 3899 3101 3971; x_wconf 79' lang='grc' dir='ltr'>ἀνακηρύξεως</span> <span class='ocrx_word' id='word_1_569' title='bbox 3164 3900 3314 3969; x_wconf 79' lang='grc' dir='ltr'>παρὰ</span> <span class='ocrx_word' id='word_1_570' title='bbox 3345 3899 3452 3953; x_wconf 86' lang='grc' dir='ltr'><strong>τῶν</strong></span> <span class='ocrx_word' id='word_1_571' title='bbox 3497 3897 3739 3951; x_wconf 81' lang='grc' dir='ltr'>ἐπαινεῖν</span> 
     </span>
    </p>
   </div>
   <div class='ocr_carea' id='block_1_79' title="bbox 480 3994 2480 4071">
    <p class='ocr_par' dir='ltr' id='par_1_79' title="bbox 480 3994 2480 4071">
     <span class='ocr_line' id='line_1_81' title="bbox 480 3994 2480 4071; baseline -0.004 -11"><span class='ocrx_word' id='word_1_572' title='bbox 480 4004 700 4061; x_wconf 81' lang='grc' dir='ltr'>εἰδότων</span> <span class='ocrx_word' id='word_1_573' title='bbox 722 4002 821 4071; x_wconf 78' lang='grc' dir='ltr'><strong>τὴν</strong></span> <span class='ocrx_word' id='word_1_574' title='bbox 854 3998 1052 4071; x_wconf 82' lang='grc' dir='ltr'>ἀρετὴν</span> <span class='ocrx_word' id='word_1_575' title='bbox 1105 3999 1203 4051; x_wconf 71' lang='grc' dir='ltr'>καὶ</span> <span class='ocrx_word' id='word_1_576' title='bbox 1252 3995 1657 4068; x_wconf 81' lang='grc' dir='ltr'>ἀνακηρύττειν</span> <span class='ocrx_word' id='word_1_577' title='bbox 1709 3995 1809 4063; x_wconf 79' lang='grc' dir='ltr'>τὴν</span> <span class='ocrx_word' id='word_1_578' title='bbox 1854 3998 2061 4067; x_wconf 89' lang='grc' dir='ltr'>ταύτης</span> <span class='ocrx_word' id='word_1_579' title='bbox 2096 3994 2480 4066; x_wconf 84' lang='grc' dir='ltr'>λαμπρότητα.</span> 
     </span>
    </p>
   </div>
   <div class='ocr_carea' id='block_1_80' title="bbox 587 4104 1964 4246">
    <p class='ocr_par' dir='ltr' id='par_1_80' title="bbox 587 4104 1964 4246">
     <span class='ocr_line' id='line_1_82' title="bbox 587 4104 1964 4246; baseline -0.008 -78"><span class='ocrx_word' id='word_1_580' title='bbox 587 4110 874 4169; x_wconf 76' lang='lat' dir='ltr'><strong>CXXXVI.</strong></span> <span class='ocrx_word' id='word_1_581' title='bbox 916 4107 1483 4246; x_wconf 42' lang='lat' dir='ltr'><strong>Stephar;9,ff&#39;zchaeli</strong></span> <span class='ocrx_word' id='word_1_582' title='bbox 1511 4114 1561 4161; x_wconf 84' lang='lat' dir='ltr'><strong>et</strong></span> <span class='ocrx_word' id='word_1_583' title='bbox 1591 4104 1964 4171; x_wconf 80' lang='lat' dir='ltr'><strong>Constantino,</strong></span> 
     </span>
     <span class='ocr_line' id='line_1_83' title="bbox 1157 4194 1412 4232; baseline 0 -1"><span class='ocrx_word' id='word_1_584' title='bbox 1157 4196 1215 4232; x_wconf 88' lang='lat' dir='ltr'><strong>ra</strong></span> <span class='ocrx_word' id='word_1_585' title='bbox 1244 4194 1290 4231; x_wconf 82' lang='lat' dir='ltr'><strong>rt</strong></span> <span class='ocrx_word' id='word_1_586' title='bbox 1332 4194 1412 4232; x_wconf 81' lang='lat' dir='ltr'><strong>us.</strong></span> 
     </span>
    </p>
   </div>
   <div class='ocr_carea' id='block_1_81' title="bbox 1157 4194 1412 4232">
    <p class='ocr_par' dir='ltr' id='par_1_81' title="bbox 1157 4194 1412 4232">
     <span class='ocr_line' id='line_1_84' title="bbox 1157 4194 1412 4232; baseline -0.004 0"><span class='ocrx_word' id='word_1_587' title='bbox 1157 4194 1412 4232; x_wconf 81' lang='lat' dir='ltr'><strong>ratrtnus.</strong></span> 
     </span>
    </p>
   </div>
   <div class='ocr_carea' id='block_1_82' title="bbox 554 4268 2064 4335">
    <p class='ocr_par' dir='ltr' id='par_1_82' title="bbox 554 4268 2064 4335">
     <span class='ocr_line' id='line_1_85' title="bbox 554 4268 2064 4335; baseline -0.004 -5"><span class='ocrx_word' id='word_1_588' title='bbox 554 4274 774 4331; x_wconf 82' lang='lat' dir='ltr'><strong>Homini</strong></span> <span class='ocrx_word' id='word_1_589' title='bbox 824 4271 1217 4329; x_wconf 88' lang='lat' dir='ltr'><strong>conscientiam</strong></span> <span class='ocrx_word' id='word_1_590' title='bbox 1246 4308 1262 4335; x_wconf 90' lang='lat'><strong>,</strong></span> <span class='ocrx_word' id='word_1_591' title='bbox 1307 4270 1548 4324; x_wconf 77' lang='lat' dir='ltr'><strong>maxime</strong></span> <span class='ocrx_word' id='word_1_592' title='bbox 1598 4268 1855 4324; x_wconf 81' lang='lat' dir='ltr'><strong>divinam</strong></span> <span class='ocrx_word' id='word_1_593' title='bbox 1908 4282 2064 4324; x_wconf 86' lang='lat' dir='ltr'><strong>reve-</strong></span> 
     </span>
    </p>
   </div>
   <div class='ocr_carea' id='block_1_83' title="bbox 482 4357 2054 4430">
    <p class='ocr_par' dir='ltr' id='par_1_83' title="bbox 482 4357 2054 4430">
     <span class='ocr_line' id='line_1_86' title="bbox 482 4357 2054 4430; baseline -0.008 -6"><span class='ocrx_word' id='word_1_594' title='bbox 482 4368 646 4430; x_wconf 86' lang='lat' dir='ltr'><strong>renti,</strong></span> <span class='ocrx_word' id='word_1_595' title='bbox 668 4364 926 4420; x_wconf 78' lang='lat' dir='ltr'><strong>facillime</strong></span> <span class='ocrx_word' id='word_1_596' title='bbox 948 4361 1237 4417; x_wconf 87' lang='lat' dir='ltr'><strong>adhibetur</strong></span> <span class='ocrx_word' id='word_1_597' title='bbox 1261 4358 1395 4414; x_wconf 85' lang='lat' dir='ltr'><strong>lides</strong></span> <span class='ocrx_word' id='word_1_598' title='bbox 1417 4359 1501 4413; x_wconf 77' lang='lat' dir='ltr'><strong>vel</strong></span> <span class='ocrx_word' id='word_1_599' title='bbox 1524 4358 1642 4414; x_wconf 90' lang='lat' dir='ltr'><strong>sine</strong></span> <span class='ocrx_word' id='word_1_600' title='bbox 1663 4357 2054 4428; x_wconf 87' lang='lat' dir='ltr'><strong>jurejurando;</strong></span> 
     </span>
    </p>
   </div>
   <div class='ocr_carea' id='block_1_84' title="bbox 2157 4103 3740 4231">
    <p class='ocr_par' dir='ltr' id='par_1_84' title="bbox 2157 4103 3740 4231">
     <span class='ocr_line' id='line_1_87' title="bbox 2157 4103 3740 4231; baseline -0.004 -70"><span class='ocrx_word' id='word_1_601' title='bbox 2157 4108 2343 4175; x_wconf 81' lang='lat' dir='ltr'><strong>PAC.&quot;.</strong></span> <span class='ocrx_word' id='word_1_602' title='bbox 2413 4103 2731 4173; x_wconf 73' lang='grc' dir='ltr'>Στεφάνῳ,</span> <span class='ocrx_word' id='word_1_603' title='bbox 2790 4103 3047 4231; x_wconf 42' lang='grc' dir='ltr'><strong>ἓξχςὴλ,</strong></span> <span class='ocrx_word' id='word_1_604' title='bbox 3110 4104 3211 4159; x_wconf 78' lang='grc' dir='ltr'><strong>καί</strong></span> <span class='ocrx_word' id='word_1_605' title='bbox 3280 4104 3740 4173; x_wconf 78' lang='grc' dir='ltr'>Κωνσταντίνῳ,</span> 
     </span>
     <span class='ocr_line' id='line_1_88' title="bbox 2869 4192 3099 4231; baseline 0.013 -3"><span class='ocrx_word' id='word_1_606' title='bbox 2869 4192 2898 4228; x_wconf 82' lang='grc' dir='ltr'><strong>ε</strong></span> <span class='ocrx_word' id='word_1_607' title='bbox 2946 4193 3099 4231; x_wconf 60' lang='grc' dir='ltr'>σοις.</span> 
     </span>
    </p>
   </div>
   <div class='ocr_carea' id='block_1_85' title="bbox 2869 4192 3099 4243">
    <p class='ocr_par' dir='ltr' id='par_1_85' title="bbox 2869 4192 3099 4243">
     <span class='ocr_line' id='line_1_89' title="bbox 2869 4192 3099 4243; baseline 0.013 -15"><span class='ocrx_word' id='word_1_608' title='bbox 2869 4192 3099 4243; x_wconf 57' lang='grc' dir='ltr'>ελροις.</span> 
     </span>
    </p>
   </div>
   <div class='ocr_carea' id='block_1_86' title="bbox 2245 4264 3738 4340">
    <p class='ocr_par' dir='ltr' id='par_1_86' title="bbox 2245 4264 3738 4340">
     <span class='ocr_line' id='line_1_90' title="bbox 2245 4264 3738 4340; baseline -0.004 -17"><span class='ocrx_word' id='word_1_609' title='bbox 2245 4268 2541 4340; x_wconf 81' lang='grc' dir='ltr'>Ἀνθρώπῳ</span> <span class='ocrx_word' id='word_1_610' title='bbox 2598 4266 2817 4321; x_wconf 83' lang='grc' dir='ltr'>σύνεσιν</span> <span class='ocrx_word' id='word_1_611' title='bbox 2866 4266 3102 4336; x_wconf 84' lang='grc' dir='ltr'>τιμῶντι</span> <span class='ocrx_word' id='word_1_612' title='bbox 3150 4268 3245 4320; x_wconf 82' lang='grc' dir='ltr'>καὶ</span> <span class='ocrx_word' id='word_1_613' title='bbox 3296 4265 3532 4334; x_wconf 85' lang='grc' dir='ltr'>μάλιστα</span> <span class='ocrx_word' id='word_1_614' title='bbox 3562 4264 3738 4329; x_wconf 89' lang='grc' dir='ltr'>θείαν,</span> 
     </span>
    </p>
   </div>
   <div class='ocr_carea' id='block_1_87' title="bbox 2161 4358 3741 4434">
    <p class='ocr_par' dir='ltr' id='par_1_87' title="bbox 2161 4358 3741 4434">
     <span class='ocr_line' id='line_1_91' title="bbox 2161 4358 3741 4434; baseline -0.005 -15"><span class='ocrx_word' id='word_1_615' title='bbox 2161 4363 2433 4433; x_wconf 73' lang='grc' dir='ltr'>εὐσταθὴς</span> <span class='ocrx_word' id='word_1_616' title='bbox 2471 4362 2676 4434; x_wconf 84' lang='grc' dir='ltr'>τρόπος</span> <span class='ocrx_word' id='word_1_617' title='bbox 2699 4362 2885 4415; x_wconf 89' lang='grc' dir='ltr'>δίδωσι</span> <span class='ocrx_word' id='word_1_618' title='bbox 2928 4362 2990 4414; x_wconf 84' lang='grc' dir='ltr'><strong>τὸ</strong></span> <span class='ocrx_word' id='word_1_619' title='bbox 3021 4360 3402 4422; x_wconf 83' lang='grc' dir='ltr'>πιστεύεσθαι,</span> <span class='ocrx_word' id='word_1_620' title='bbox 3434 4359 3534 4429; x_wconf 81' lang='grc' dir='ltr'>οὐχ</span> <span class='ocrx_word' id='word_1_621' title='bbox 3566 4359 3600 4429; x_wconf 91' lang='grc' dir='ltr'><strong>ή</strong></span> <span class='ocrx_word' id='word_1_622' title='bbox 3628 4358 3741 4411; x_wconf 83' lang='grc' dir='ltr'><strong>τῶν</strong></span> 
     </span>
    </p>
   </div>
   <div class='ocr_carea' id='block_1_88' title="bbox 486 4448 2052 4548">
    <p class='ocr_par' dir='ltr' id='par_1_88' title="bbox 486 4449 2052 4522">
     <span class='ocr_line' id='line_1_92' title="bbox 486 4449 2052 4522; baseline -0.008 -6"><span class='ocrx_word' id='word_1_623' title='bbox 486 4460 686 4516; x_wconf 87' lang='lat' dir='ltr'><strong>multos</strong></span> <span class='ocrx_word' id='word_1_624' title='bbox 739 4458 888 4513; x_wconf 87' lang='lat' dir='ltr'><strong>enim</strong></span> <span class='ocrx_word' id='word_1_625' title='bbox 923 4454 1085 4510; x_wconf 89' lang='lat' dir='ltr'><strong>docet</strong></span> <span class='ocrx_word' id='word_1_626' title='bbox 1135 4452 1472 4522; x_wconf 77' lang='lat' dir='ltr'><strong>experientia</strong></span> <span class='ocrx_word' id='word_1_627' title='bbox 1513 4450 1657 4507; x_wconf 89' lang='lat' dir='ltr'><strong>datis</strong></span> <span class='ocrx_word' id='word_1_628' title='bbox 1702 4449 2052 4520; x_wconf 90' lang='lat' dir='ltr'><strong>jurameutis,</strong></span> 
     </span>
    </p>
   </div>
   <div class='ocr_carea' id='block_1_89' title="bbox 2154 4448 3743 4548">
    <p class='ocr_par' dir='ltr' id='par_1_89' title="bbox 2163 4448 3743 4526">
     <span class='ocr_line' id='line_1_93' title="bbox 2163 4448 3743 4526; baseline -0.004 -17"><span class='ocrx_word' id='word_1_629' title='bbox 2163 4455 2344 4526; x_wconf 85' lang='grc' dir='ltr'>ὅρκων</span> <span class='ocrx_word' id='word_1_630' title='bbox 2401 4452 2738 4525; x_wconf 76' lang='grc' dir='ltr'>παράληψις.</span> <span class='ocrx_word' id='word_1_631' title='bbox 2782 4452 3024 4514; x_wconf 84' lang='grc' dir='ltr'>Πολλοὺς</span> <span class='ocrx_word' id='word_1_632' title='bbox 3066 4450 3176 4520; x_wconf 85' lang='grc' dir='ltr'>γὰρ</span> <span class='ocrx_word' id='word_1_633' title='bbox 3231 4448 3457 4521; x_wconf 72' lang='grc' dir='ltr'>ἤλεγξεν</span> <span class='ocrx_word' id='word_1_634' title='bbox 3508 4452 3541 4520; x_wconf 87' lang='grc' dir='ltr'><strong>ή</strong></span> <span class='ocrx_word' id='word_1_635' title='bbox 3578 4453 3743 4521; x_wconf 86' lang='grc' dir='ltr'>πεῖρα</span> 
     </span>
    </p>
   </div>
   <div class='ocr_carea' id='block_1_90' title="bbox 486 4541 2060 4622">
    <p class='ocr_par' dir='ltr' id='par_1_90' title="bbox 486 4541 2060 4622">
     <span class='ocr_line' id='line_1_94' title="bbox 486 4541 2060 4622; baseline -0.006 -17"><span class='ocrx_word' id='word_1_636' title='bbox 486 4565 679 4622; x_wconf 90' lang='lat' dir='ltr'><strong>parum</strong></span> <span class='ocrx_word' id='word_1_637' title='bbox 709 4550 960 4611; x_wconf 80' lang='lat' dir='ltr'><strong>stetisse,</strong></span> <span class='ocrx_word' id='word_1_638' title='bbox 993 4555 1158 4615; x_wconf 84' lang='lat' dir='ltr'><strong>atque</strong></span> <span class='ocrx_word' id='word_1_639' title='bbox 1177 4542 1610 4613; x_wconf 26' lang='lat' dir='ltr'><strong>decepta-fiducia</strong></span> <span class='ocrx_word' id='word_1_640' title='bbox 1636 4542 1868 4597; x_wconf 90' lang='lat' dir='ltr'><strong>aliorum</strong></span> <span class='ocrx_word' id='word_1_641' title='bbox 1899 4541 2060 4596; x_wconf 86' lang='lat' dir='ltr'><strong>fidem</strong></span> 
     </span>
    </p>
   </div>
   <div class='ocr_carea' id='block_1_91' title="bbox 490 4634 2060 4712">
    <p class='ocr_par' dir='ltr' id='par_1_91' title="bbox 490 4634 2060 4712">
     <span class='ocr_line' id='line_1_95' title="bbox 490 4634 2060 4712; baseline -0.004 -17"><span class='ocrx_word' id='word_1_642' title='bbox 490 4644 711 4712; x_wconf 88' lang='lat' dir='ltr'><strong>penitus</strong></span> <span class='ocrx_word' id='word_1_643' title='bbox 742 4641 1016 4695; x_wconf 87' lang='lat' dir='ltr'><strong>delerunt.</strong></span> <span class='ocrx_word' id='word_1_644' title='bbox 1070 4636 1181 4692; x_wconf 80' lang='lat' dir='ltr'><strong>Nos</strong></span> <span class='ocrx_word' id='word_1_645' title='bbox 1211 4636 1457 4707; x_wconf 87' lang='lat' dir='ltr'><strong>quidem,</strong></span> <span class='ocrx_word' id='word_1_646' title='bbox 1481 4636 1556 4689; x_wconf 92' lang='lat' dir='ltr'><strong>mi</strong></span> <span class='ocrx_word' id='word_1_647' title='bbox 1586 4634 1686 4699; x_wconf 81' lang='lat' dir='ltr'><strong>hii,</strong></span> <span class='ocrx_word' id='word_1_648' title='bbox 1726 4643 1779 4689; x_wconf 91' lang='lat' dir='ltr'><strong>te</strong></span> <span class='ocrx_word' id='word_1_649' title='bbox 1812 4650 2060 4690; x_wconf 88' lang='lat' dir='ltr'><strong>veracem</strong></span> 
     </span>
    </p>
   </div>
   <div class='ocr_carea' id='block_1_92' title="bbox 481 4727 2065 4804">
    <p class='ocr_par' dir='ltr' id='par_1_92' title="bbox 481 4727 2065 4804">
     <span class='ocr_line' id='line_1_96' title="bbox 481 4727 2065 4804; baseline -0.003 -16"><span class='ocrx_word' id='word_1_650' title='bbox 481 4734 794 4804; x_wconf 88' lang='lat' dir='ltr'><strong>judicamus</strong></span> <span class='ocrx_word' id='word_1_651' title='bbox 872 4747 903 4786; x_wconf 93' lang='lat' dir='ltr'><strong>a</strong></span> <span class='ocrx_word' id='word_1_652' title='bbox 951 4746 1062 4801; x_wconf 89' lang='lat' dir='ltr'><strong>quo</strong></span> <span class='ocrx_word' id='word_1_653' title='bbox 1143 4744 1422 4799; x_wconf 85' lang='lat' dir='ltr'><strong>nunquam</strong></span> <span class='ocrx_word' id='word_1_654' title='bbox 1492 4727 1723 4797; x_wconf 88' lang='lat' dir='ltr'><strong>decepti.</strong></span> <span class='ocrx_word' id='word_1_655' title='bbox 1801 4728 2065 4783; x_wconf 85' lang='lat' dir='ltr'><strong>Novimus</strong></span> 
     </span>
    </p>
   </div>
   <div class='ocr_carea' id='block_1_93' title="bbox 488 4819 2069 4889">
    <p class='ocr_par' dir='ltr' id='par_1_93' title="bbox 488 4819 2069 4889">
     <span class='ocr_line' id='line_1_97' title="bbox 488 4819 2069 4889; baseline -0.006 -6"><span class='ocrx_word' id='word_1_656' title='bbox 488 4828 636 4883; x_wconf 88' lang='lat' dir='ltr'><strong>enim</strong></span> <span class='ocrx_word' id='word_1_657' title='bbox 687 4839 873 4880; x_wconf 91' lang='lat' dir='ltr'><strong>mores</strong></span> <span class='ocrx_word' id='word_1_658' title='bbox 941 4832 1070 4878; x_wconf 90' lang='lat' dir='ltr'><strong>tuos</strong></span> <span class='ocrx_word' id='word_1_659' title='bbox 1116 4831 1171 4877; x_wconf 88' lang='lat' dir='ltr'><strong>et</strong></span> <span class='ocrx_word' id='word_1_660' title='bbox 1236 4820 1345 4875; x_wconf 88' lang='lat' dir='ltr'><strong>tuis</strong></span> <span class='ocrx_word' id='word_1_661' title='bbox 1414 4819 1593 4875; x_wconf 86' lang='lat' dir='ltr'><strong>verbis</strong></span> <span class='ocrx_word' id='word_1_662' title='bbox 1659 4819 1836 4889; x_wconf 71' lang='lat' dir='ltr'><strong>magis</strong></span> <span class='ocrx_word' id='word_1_663' title='bbox 1896 4819 2069 4873; x_wconf 85' lang='lat' dir='ltr'><strong>conﬁ-</strong></span> 
     </span>
    </p>
   </div>
   <div class='ocr_carea' id='block_1_94' title="bbox 486 4912 2066 4991">
    <p class='ocr_par' dir='ltr' id='par_1_94' title="bbox 486 4912 2066 4991">
     <span class='ocr_line' id='line_1_98' title="bbox 486 4912 2066 4991; baseline -0.007 -12"><span class='ocrx_word' id='word_1_664' title='bbox 486 4924 670 4979; x_wconf 91' lang='lat' dir='ltr'><strong>dimus</strong></span> <span class='ocrx_word' id='word_1_665' title='bbox 715 4934 879 4991; x_wconf 91' lang='lat' dir='ltr'><strong>quam</strong></span> <span class='ocrx_word' id='word_1_666' title='bbox 905 4919 1287 4989; x_wconf 86' lang='lat' dir='ltr'><strong>plerorumque</strong></span> <span class='ocrx_word' id='word_1_667' title='bbox 1340 4912 1767 4979; x_wconf 84' lang='lat' dir='ltr'><strong>assertionibus,</strong></span> <span class='ocrx_word' id='word_1_668' title='bbox 1811 4915 2066 4983; x_wconf 87' lang='lat' dir='ltr'><strong>quamvis</strong></span> 
     </span>
    </p>
   </div>
   <div class='ocr_carea' id='block_1_95' title="bbox 490 5004 2068 5081">
    <p class='ocr_par' dir='ltr' id='par_1_95' title="bbox 490 5004 2068 5081">
     <span class='ocr_line' id='line_1_99' title="bbox 490 5004 2068 5081; baseline -0.008 -11"><span class='ocrx_word' id='word_1_669' title='bbox 490 5030 619 5071; x_wconf 88' lang='lat' dir='ltr'><strong>eum</strong></span> <span class='ocrx_word' id='word_1_670' title='bbox 666 5010 1031 5081; x_wconf 87' lang='lat' dir='ltr'><strong>jurejurando</strong></span> <span class='ocrx_word' id='word_1_671' title='bbox 1088 5009 1145 5062; x_wconf 89' lang='lat' dir='ltr'><strong>in</strong></span> <span class='ocrx_word' id='word_1_672' title='bbox 1192 5006 1432 5062; x_wconf 90' lang='lat' dir='ltr'><strong>medium</strong></span> <span class='ocrx_word' id='word_1_673' title='bbox 1491 5006 1737 5075; x_wconf 89' lang='lat' dir='ltr'><strong>prolatis.</strong></span> <span class='ocrx_word' id='word_1_674' title='bbox 1780 5005 1968 5075; x_wconf 84' lang='lat' dir='ltr'><strong>Itaque</strong></span> <span class='ocrx_word' id='word_1_675' title='bbox 2019 5004 2068 5059; x_wconf 82' lang='lat' dir='ltr'><strong>si</strong></span> 
     </span>
    </p>
   </div>
   <div class='ocr_carea' id='block_1_96' title="bbox 489 5096 2070 5173">
    <p class='ocr_par' dir='ltr' id='par_1_96' title="bbox 489 5096 2070 5173">
     <span class='ocr_line' id='line_1_100' title="bbox 489 5096 2070 5173; baseline -0.008 -10"><span class='ocrx_word' id='word_1_676' title='bbox 489 5123 600 5163; x_wconf 90' lang='lat' dir='ltr'><strong>non</strong></span> <span class='ocrx_word' id='word_1_677' title='bbox 634 5105 899 5165; x_wconf 85' lang='lat' dir='ltr'><strong>fallimur,</strong></span> <span class='ocrx_word' id='word_1_678' title='bbox 927 5100 1133 5173; x_wconf 69' lang='lat' dir='ltr'><strong>gratias</strong></span> <span class='ocrx_word' id='word_1_679' title='bbox 1165 5098 1458 5154; x_wconf 86' lang='lat' dir='ltr'><strong>referimus</strong></span> <span class='ocrx_word' id='word_1_680' title='bbox 1488 5096 1600 5153; x_wconf 87' lang='lat' dir='ltr'><strong>Deo</strong></span> <span class='ocrx_word' id='word_1_681' title='bbox 1631 5116 1647 5152; x_wconf 89' lang='lat'><strong>:</strong></span> <span class='ocrx_word' id='word_1_682' title='bbox 1677 5098 1763 5153; x_wconf 86' lang='lat' dir='ltr'><strong>sin</strong></span> <span class='ocrx_word' id='word_1_683' title='bbox 1794 5113 1882 5152; x_wconf 90' lang='lat' dir='ltr'><strong>res</strong></span> <span class='ocrx_word' id='word_1_684' title='bbox 1908 5097 2070 5151; x_wconf 88' lang='lat' dir='ltr'><strong>aliter</strong></span> 
     </span>
    </p>
   </div>
   <div class='ocr_carea' id='block_1_97' title="bbox 492 5187 2067 5260">
    <p class='ocr_par' dir='ltr' id='par_1_97' title="bbox 492 5187 2067 5260">
     <span class='ocr_line' id='line_1_101' title="bbox 492 5187 2067 5260; baseline -0.007 -7"><span class='ocrx_word' id='word_1_685' title='bbox 492 5213 553 5253; x_wconf 83' lang='lat' dir='ltr'><strong>se</strong></span> <span class='ocrx_word' id='word_1_686' title='bbox 592 5196 813 5259; x_wconf 89' lang='lat' dir='ltr'><strong>habeat,</strong></span> <span class='ocrx_word' id='word_1_687' title='bbox 843 5192 1027 5247; x_wconf 89' lang='lat' dir='ltr'><strong>omnia</strong></span> <span class='ocrx_word' id='word_1_688' title='bbox 1059 5192 1217 5259; x_wconf 76' lang='lat' dir='ltr'><strong>longe</strong></span> <span class='ocrx_word' id='word_1_689' title='bbox 1241 5189 1597 5260; x_wconf 86' lang='lat' dir='ltr'><strong>projiciantur</strong></span> <span class='ocrx_word' id='word_1_690' title='bbox 1617 5204 1718 5244; x_wconf 91' lang='lat' dir='ltr'><strong>nec</strong></span> <span class='ocrx_word' id='word_1_691' title='bbox 1735 5187 1838 5244; x_wconf 89' lang='lat' dir='ltr'><strong>nisi</strong></span> <span class='ocrx_word' id='word_1_692' title='bbox 1857 5188 1914 5242; x_wconf 90' lang='lat' dir='ltr'><strong>in</strong></span> <span class='ocrx_word' id='word_1_693' title='bbox 1936 5202 2067 5257; x_wconf 83' lang='lat' dir='ltr'><strong>pec-</strong></span> 
     </span>
    </p>
   </div>
   <div class='ocr_carea' id='block_1_98' title="bbox 494 5280 2071 5352">
    <p class='ocr_par' dir='ltr' id='par_1_98' title="bbox 494 5280 2071 5352">
     <span class='ocr_line' id='line_1_102' title="bbox 494 5280 2071 5352; baseline -0.005 -8"><span class='ocrx_word' id='word_1_694' title='bbox 494 5298 616 5344; x_wconf 82' lang='lat' dir='ltr'><strong>cata</strong></span> <span class='ocrx_word' id='word_1_695' title='bbox 664 5304 787 5345; x_wconf 90' lang='lat' dir='ltr'><strong>mea</strong></span> <span class='ocrx_word' id='word_1_696' title='bbox 837 5284 1196 5341; x_wconf 87' lang='lat' dir='ltr'><strong>transferatur</strong></span> <span class='ocrx_word' id='word_1_697' title='bbox 1235 5284 1414 5352; x_wconf 90' lang='lat' dir='ltr'><strong>culpa.</strong></span> <span class='ocrx_word' id='word_1_698' title='bbox 1465 5281 1624 5349; x_wconf 86' lang='lat' dir='ltr'><strong>Quod</strong></span> <span class='ocrx_word' id='word_1_699' title='bbox 1680 5281 1877 5337; x_wconf 90' lang='lat' dir='ltr'><strong>deinde</strong></span> <span class='ocrx_word' id='word_1_700' title='bbox 1920 5280 2071 5351; x_wconf 85' lang='lat' dir='ltr'><strong>pacis</strong></span> 
     </span>
    </p>
   </div>
   <div class='ocr_carea' id='block_1_99' title="bbox 498 5371 2071 5439">
    <p class='ocr_par' dir='ltr' id='par_1_99' title="bbox 498 5371 2071 5439">
     <span class='ocr_line' id='line_1_103' title="bbox 498 5371 2071 5439; baseline -0.006 -6"><span class='ocrx_word' id='word_1_701' title='bbox 498 5379 833 5435; x_wconf 86' lang='lat' dir='ltr'><strong>mentionem</strong></span> <span class='ocrx_word' id='word_1_702' title='bbox 862 5373 1022 5438; x_wconf 88' lang='lat' dir='ltr'><strong>facis,</strong></span> <span class='ocrx_word' id='word_1_703' title='bbox 1049 5373 1155 5427; x_wconf 90' lang='lat' dir='ltr'><strong>hoc</strong></span> <span class='ocrx_word' id='word_1_704' title='bbox 1183 5372 1327 5439; x_wconf 88' lang='lat' dir='ltr'><strong>dico,</strong></span> <span class='ocrx_word' id='word_1_705' title='bbox 1363 5386 1469 5427; x_wconf 93' lang='lat' dir='ltr'><strong>non</strong></span> <span class='ocrx_word' id='word_1_706' title='bbox 1499 5372 1567 5426; x_wconf 88' lang='lat' dir='ltr'><strong>ad</strong></span> <span class='ocrx_word' id='word_1_707' title='bbox 1595 5371 1691 5426; x_wconf 88' lang='lat' dir='ltr'><strong>tibi</strong></span> <span class='ocrx_word' id='word_1_708' title='bbox 1730 5371 2071 5425; x_wconf 86' lang='lat' dir='ltr'><strong>suadendum</strong></span> 
     </span>
    </p>
   </div>
   <div class='ocr_carea' id='block_1_100' title="bbox 498 5461 2069 5534">
    <p class='ocr_par' dir='ltr' id='par_1_100' title="bbox 498 5461 2069 5534">
     <span class='ocr_line' id='line_1_104' title="bbox 498 5461 2069 5534; baseline -0.005 -14"><span class='ocrx_word' id='word_1_709' title='bbox 498 5482 600 5520; x_wconf 86' lang='lat' dir='ltr'><strong>nec</strong></span> <span class='ocrx_word' id='word_1_710' title='bbox 637 5468 862 5522; x_wconf 87' lang='lat' dir='ltr'><strong>cuilibet</strong></span> <span class='ocrx_word' id='word_1_711' title='bbox 895 5465 985 5520; x_wconf 87' lang='lat' dir='ltr'><strong>alii</strong></span> <span class='ocrx_word' id='word_1_712' title='bbox 1016 5467 1108 5534; x_wconf 93' lang='lat' dir='ltr'><strong>qui</strong></span> <span class='ocrx_word' id='word_1_713' title='bbox 1151 5478 1344 5533; x_wconf 85' lang='lat' dir='ltr'><strong>pacem</strong></span> <span class='ocrx_word' id='word_1_714' title='bbox 1395 5462 1649 5532; x_wconf 88' lang='lat' dir='ltr'><strong>amplecti</strong></span> <span class='ocrx_word' id='word_1_715' title='bbox 1684 5464 1833 5516; x_wconf 84' lang='lat' dir='ltr'><strong>visus</strong></span> <span class='ocrx_word' id='word_1_716' title='bbox 1882 5461 2069 5524; x_wconf 88' lang='lat' dir='ltr'><strong>fuerit,</strong></span> 
     </span>
    </p>
   </div>
   <div class='ocr_carea' id='block_1_101' title="bbox 502 5553 2070 5626">
    <p class='ocr_par' dir='ltr' id='par_1_101' title="bbox 502 5553 2070 5626">
     <span class='ocr_line' id='line_1_105' title="bbox 502 5553 2070 5626; baseline -0.003 -15"><span class='ocrx_word' id='word_1_717' title='bbox 502 5556 598 5611; x_wconf 86' lang='lat' dir='ltr'><strong>sed</strong></span> <span class='ocrx_word' id='word_1_718' title='bbox 647 5558 893 5625; x_wconf 86' lang='lat' dir='ltr'><strong>apertius</strong></span> <span class='ocrx_word' id='word_1_719' title='bbox 942 5556 1012 5611; x_wconf 91' lang='lat' dir='ltr'><strong>ad</strong></span> <span class='ocrx_word' id='word_1_720' title='bbox 1058 5556 1209 5610; x_wconf 89' lang='lat' dir='ltr'><strong>illum</strong></span> <span class='ocrx_word' id='word_1_721' title='bbox 1244 5556 1459 5626; x_wconf 89' lang='lat' dir='ltr'><strong>loquar,</strong></span> <span class='ocrx_word' id='word_1_722' title='bbox 1515 5555 1606 5609; x_wconf 91' lang='lat' dir='ltr'><strong>cui</strong></span> <span class='ocrx_word' id='word_1_723' title='bbox 1656 5554 1839 5608; x_wconf 86' lang='lat' dir='ltr'><strong>omnia</strong></span> <span class='ocrx_word' id='word_1_724' title='bbox 1884 5553 2070 5607; x_wconf 88' lang='lat' dir='ltr'><strong>cordis</strong></span> 
     </span>
    </p>
   </div>
   <div class='ocr_carea' id='block_1_102' title="bbox 502 5646 2070 5715">
    <p class='ocr_par' dir='ltr' id='par_1_102' title="bbox 502 5646 2070 5715">
     <span class='ocr_line' id='line_1_106' title="bbox 502 5646 2070 5715; baseline -0.003 -12"><span class='ocrx_word' id='word_1_725' title='bbox 502 5656 711 5703; x_wconf 86' lang='lat' dir='ltr'><strong>secreta</strong></span> <span class='ocrx_word' id='word_1_726' title='bbox 741 5658 962 5715; x_wconf 86' lang='lat' dir='ltr'><strong>patent;</strong></span> <span class='ocrx_word' id='word_1_727' title='bbox 995 5656 1204 5703; x_wconf 89' lang='lat' dir='ltr'><strong>tantum</strong></span> <span class='ocrx_word' id='word_1_728' title='bbox 1230 5648 1377 5704; x_wconf 91' lang='lat' dir='ltr'><strong>enim</strong></span> <span class='ocrx_word' id='word_1_729' title='bbox 1406 5648 1536 5702; x_wconf 88' lang='lat' dir='ltr'><strong>mihi</strong></span> <span class='ocrx_word' id='word_1_730' title='bbox 1566 5646 1706 5701; x_wconf 89' lang='lat' dir='ltr'><strong>inest</strong></span> <span class='ocrx_word' id='word_1_731' title='bbox 1739 5646 2070 5701; x_wconf 87' lang='lat' dir='ltr'><strong>desiderium</strong></span> 
     </span>
    </p>
   </div>
   <div class='ocr_carea' id='block_1_103' title="bbox 505 5737 2073 5809">
    <p class='ocr_par' dir='ltr' id='par_1_103' title="bbox 505 5737 2073 5809">
     <span class='ocr_line' id='line_1_107' title="bbox 505 5737 2073 5809; baseline -0.002 -13"><span class='ocrx_word' id='word_1_732' title='bbox 505 5740 804 5797; x_wconf 79' lang='lat' dir='ltr'><strong>Ecclesiam</strong></span> <span class='ocrx_word' id='word_1_733' title='bbox 828 5737 923 5795; x_wconf 89' lang='lat' dir='ltr'><strong>Dei</strong></span> <span class='ocrx_word' id='word_1_734' title='bbox 953 5754 1084 5809; x_wconf 81' lang='lat' dir='ltr'><strong>pace</strong></span> <span class='ocrx_word' id='word_1_735' title='bbox 1103 5739 1375 5797; x_wconf 87' lang='lat' dir='ltr'><strong>fruentem</strong></span> <span class='ocrx_word' id='word_1_736' title='bbox 1395 5739 1636 5808; x_wconf 81' lang='lat' dir='ltr'><strong>videndi,</strong></span> <span class='ocrx_word' id='word_1_737' title='bbox 1658 5739 1779 5795; x_wconf 88' lang='lat' dir='ltr'><strong>utsi</strong></span> <span class='ocrx_word' id='word_1_738' title='bbox 1799 5737 2073 5795; x_wconf 84' lang='lat' dir='ltr'><strong>desiderio</strong></span> 
     </span>
    </p>
   </div>
   <div class='ocr_carea' id='block_1_104' title="bbox 2169 4536 3743 4618">
    <p class='ocr_par' dir='ltr' id='par_1_104' title="bbox 2169 4536 3743 4618">
     <span class='ocr_line' id='line_1_108' title="bbox 2169 4536 3743 4618; baseline -0.004 -17"><span class='ocrx_word' id='word_1_739' title='bbox 2169 4546 2311 4618; x_wconf 76' lang='grc' dir='ltr'>μετά</span> <span class='ocrx_word' id='word_1_740' title='bbox 2364 4545 2477 4600; x_wconf 86' lang='grc' dir='ltr'>τῶν</span> <span class='ocrx_word' id='word_1_741' title='bbox 2519 4546 2700 4617; x_wconf 79' lang='grc' dir='ltr'>ὅρκων</span> <span class='ocrx_word' id='word_1_742' title='bbox 2748 4544 2967 4613; x_wconf 86' lang='grc' dir='ltr'>χείρους</span> <span class='ocrx_word' id='word_1_743' title='bbox 3020 4543 3312 4610; x_wconf 82' lang='grc' dir='ltr'>ὀφθέντας,</span> <span class='ocrx_word' id='word_1_744' title='bbox 3357 4540 3426 4594; x_wconf 85' lang='grc' dir='ltr'>δι’</span> <span class='ocrx_word' id='word_1_745' title='bbox 3460 4536 3537 4597; x_wconf 82' lang='grc' dir='ltr'>ὧν</span> <span class='ocrx_word' id='word_1_746' title='bbox 3584 4543 3743 4612; x_wconf 71' lang='grc' dir='ltr'>ἔσχον</span> 
     </span>
    </p>
   </div>
   <div class='ocr_carea' id='block_1_105' title="bbox 2167 4634 3740 4698">
    <p class='ocr_par' dir='ltr' id='par_1_105' title="bbox 2167 4634 3740 4698">
     <span class='ocr_line' id='line_1_109' title="bbox 2167 4634 3740 4698; baseline -0.003 -6"><span class='ocrx_word' id='word_1_747' title='bbox 2167 4638 2312 4692; x_wconf 84' lang='grc' dir='ltr'>κατὰ</span> <span class='ocrx_word' id='word_1_748' title='bbox 2329 4638 2439 4692; x_wconf 81' lang='grc' dir='ltr'><strong>τών</strong></span> <span class='ocrx_word' id='word_1_749' title='bbox 2470 4638 2883 4691; x_wconf 87' lang='grc' dir='ltr'>πιστευσάντων</span> <span class='ocrx_word' id='word_1_750' title='bbox 2917 4634 3083 4689; x_wconf 83' lang='grc' dir='ltr'>πλέον</span> <span class='ocrx_word' id='word_1_751' title='bbox 3123 4636 3206 4698; x_wconf 78' lang='grc' dir='ltr'><strong>είς</strong></span> <span class='ocrx_word' id='word_1_752' title='bbox 3224 4635 3425 4688; x_wconf 88' lang='grc' dir='ltr'>κακίαν</span> <span class='ocrx_word' id='word_1_753' title='bbox 3466 4634 3740 4698; x_wconf 77' lang='grc' dir='ltr'>ἐπιδείξα-</span> 
     </span>
    </p>
   </div>
   <div class='ocr_carea' id='block_1_106' title="bbox 2168 4724 3740 4801">
    <p class='ocr_par' dir='ltr' id='par_1_106' title="bbox 2168 4724 3740 4801">
     <span class='ocr_line' id='line_1_110' title="bbox 2168 4724 3740 4801; baseline -0.002 -19"><span class='ocrx_word' id='word_1_754' title='bbox 2168 4730 2317 4797; x_wconf 87' lang='grc' dir='ltr'>σθαι,</span> <span class='ocrx_word' id='word_1_755' title='bbox 2345 4729 2379 4801; x_wconf 76' lang='grc' dir='ltr'><strong>ή</strong></span> <span class='ocrx_word' id='word_1_756' title='bbox 2409 4730 2458 4783; x_wconf 86' lang='grc' dir='ltr'><strong>εί</strong></span> <span class='ocrx_word' id='word_1_757' title='bbox 2484 4730 2560 4800; x_wconf 80' lang='grc' dir='ltr'>μὴ</span> <span class='ocrx_word' id='word_1_758' title='bbox 2589 4728 3022 4790; x_wconf 84' lang='grc' dir='ltr'>πεπιστευκότες</span> <span class='ocrx_word' id='word_1_759' title='bbox 3072 4725 3357 4797; x_wconf 80' lang='grc' dir='ltr'>ὤφθησαν.</span> <span class='ocrx_word' id='word_1_760' title='bbox 3398 4727 3589 4796; x_wconf 83' lang='grc' dir='ltr'>Ἡμεῖς</span> <span class='ocrx_word' id='word_1_761' title='bbox 3621 4724 3740 4789; x_wconf 86' lang='grc' dir='ltr'>οῦν,</span> 
     </span>
    </p>
   </div>
   <div class='ocr_carea' id='block_1_107' title="bbox 2166 4818 3743 4891">
    <p class='ocr_par' dir='ltr' id='par_1_107' title="bbox 2166 4818 3743 4891">
     <span class='ocr_line' id='line_1_111' title="bbox 2166 4818 3743 4891; baseline -0.005 -16"><span class='ocrx_word' id='word_1_762' title='bbox 2166 4822 2361 4875; x_wconf 81' lang='grc' dir='ltr'>τέκνον</span> <span class='ocrx_word' id='word_1_763' title='bbox 2393 4820 2572 4890; x_wconf 85' lang='grc' dir='ltr'>ήμῶν,</span> <span class='ocrx_word' id='word_1_764' title='bbox 2605 4822 2655 4873; x_wconf 83' lang='grc' dir='ltr'><strong>εί</strong></span> <span class='ocrx_word' id='word_1_765' title='bbox 2691 4821 2765 4890; x_wconf 83' lang='grc' dir='ltr'><strong>μὴ</strong></span> <span class='ocrx_word' id='word_1_766' title='bbox 2798 4818 3205 4891; x_wconf 77' lang='grc' dir='ltr'>ἐξηπατήμεθα</span> <span class='ocrx_word' id='word_1_767' title='bbox 3243 4819 3345 4872; x_wconf 81' lang='grc' dir='ltr'><strong>οὐκ</strong></span> <span class='ocrx_word' id='word_1_768' title='bbox 3373 4819 3442 4872; x_wconf 73' lang='grc' dir='ltr'>ἂν</span> <span class='ocrx_word' id='word_1_769' title='bbox 3472 4819 3539 4889; x_wconf 85' lang='grc' dir='ltr'>δὴ</span> <span class='ocrx_word' id='word_1_770' title='bbox 3575 4819 3743 4886; x_wconf 83' lang='grc' dir='ltr'>φαίην</span> 
     </span>
    </p>
   </div>
   <div class='ocr_carea' id='block_1_108' title="bbox 2166 4910 3742 4983">
    <p class='ocr_par' dir='ltr' id='par_1_108' title="bbox 2166 4910 3742 4983">
     <span class='ocr_line' id='line_1_112' title="bbox 2166 4910 3742 4983; baseline -0.002 -15"><span class='ocrx_word' id='word_1_771' title='bbox 2166 4914 2277 4970; x_wconf 86' lang='grc' dir='ltr'>τῶν</span> <span class='ocrx_word' id='word_1_772' title='bbox 2304 4912 2601 4983; x_wconf 80' lang='grc' dir='ltr'>εὐσταθείᾳ</span> <span class='ocrx_word' id='word_1_773' title='bbox 2639 4913 2844 4981; x_wconf 83' lang='grc' dir='ltr'>τρόπον</span> <span class='ocrx_word' id='word_1_774' title='bbox 2874 4911 3297 4981; x_wconf 72' lang='grc' dir='ltr'>σεμνυνομένων</span> <span class='ocrx_word' id='word_1_775' title='bbox 3335 4910 3540 4973; x_wconf 82' lang='grc' dir='ltr'>εἰδότες</span> <span class='ocrx_word' id='word_1_776' title='bbox 3575 4910 3742 4979; x_wconf 74' lang='grc' dir='ltr'>ὑμᾶς,</span> 
     </span>
    </p>
   </div>
   <div class='ocr_carea' id='block_1_109' title="bbox 2177 5001 3745 5076">
    <p class='ocr_par' dir='ltr' id='par_1_109' title="bbox 2177 5001 3745 5076">
     <span class='ocr_line' id='line_1_113' title="bbox 2177 5001 3745 5076; baseline -0.004 -16"><span class='ocrx_word' id='word_1_777' title='bbox 2177 5007 2269 5061; x_wconf 81' lang='grc' dir='ltr'>ὅτε</span> <span class='ocrx_word' id='word_1_778' title='bbox 2291 5008 2362 5059; x_wconf 80' lang='grc' dir='ltr'><strong>τά</strong></span> <span class='ocrx_word' id='word_1_779' title='bbox 2392 5007 2634 5076; x_wconf 82' lang='grc' dir='ltr'>ὑμέτερα</span> <span class='ocrx_word' id='word_1_780' title='bbox 2666 5003 3063 5073; x_wconf 84' lang='grc' dir='ltr'>ἐγινώσκομεν,</span> <span class='ocrx_word' id='word_1_781' title='bbox 3110 5003 3296 5074; x_wconf 79' lang='grc' dir='ltr'>ἐκείνῃ</span> <span class='ocrx_word' id='word_1_782' title='bbox 3357 5003 3559 5072; x_wconf 85' lang='grc' dir='ltr'>μᾶλλον</span> <span class='ocrx_word' id='word_1_783' title='bbox 3596 5001 3745 5054; x_wconf 72' lang='grc' dir='ltr'>τιθέ-</span> 
     </span>
    </p>
   </div>
   <div class='ocr_carea' id='block_1_110' title="bbox 2175 5094 3744 5170">
    <p class='ocr_par' dir='ltr' id='par_1_110' title="bbox 2175 5094 3744 5170">
     <span class='ocr_line' id='line_1_114' title="bbox 2175 5094 3744 5170; baseline -0.005 -18"><span class='ocrx_word' id='word_1_784' title='bbox 2175 5102 2316 5170; x_wconf 91' lang='grc' dir='ltr'>μεθα</span> <span class='ocrx_word' id='word_1_785' title='bbox 2341 5100 2409 5168; x_wconf 77' lang='grc' dir='ltr'>τῇ</span> <span class='ocrx_word' id='word_1_786' title='bbox 2449 5097 2582 5168; x_wconf 83' lang='grc' dir='ltr'>περὶ</span> <span class='ocrx_word' id='word_1_787' title='bbox 2619 5095 2776 5166; x_wconf 79' lang='grc' dir='ltr'>ὑμῶν</span> <span class='ocrx_word' id='word_1_788' title='bbox 2828 5096 3121 5166; x_wconf 80' lang='grc' dir='ltr'>ὑπολήψει,</span> <span class='ocrx_word' id='word_1_789' title='bbox 3151 5096 3185 5166; x_wconf 79' lang='grc' dir='ltr'>ἢ</span> <span class='ocrx_word' id='word_1_790' title='bbox 3208 5099 3275 5166; x_wconf 80' lang='grc' dir='ltr'>τῇ</span> <span class='ocrx_word' id='word_1_791' title='bbox 3310 5097 3376 5149; x_wconf 85' lang='grc' dir='ltr'><strong>ἐκ</strong></span> <span class='ocrx_word' id='word_1_792' title='bbox 3422 5094 3532 5148; x_wconf 86' lang='grc' dir='ltr'><strong>τῶν</strong></span> <span class='ocrx_word' id='word_1_793' title='bbox 3564 5095 3744 5165; x_wconf 82' lang='grc' dir='ltr'>ὅρκων</span> 
     </span>
    </p>
   </div>
   <div class='ocr_carea' id='block_1_111' title="bbox 2171 5184 3750 5261">
    <p class='ocr_par' dir='ltr' id='par_1_111' title="bbox 2171 5184 3750 5261">
     <span class='ocr_line' id='line_1_115' title="bbox 2171 5184 3750 5261; baseline -0.004 -18"><span class='ocrx_word' id='word_1_794' title='bbox 2171 5188 2592 5261; x_wconf 77' lang='grc' dir='ltr'>προϐαλλομένη</span> <span class='ocrx_word' id='word_1_795' title='bbox 2626 5186 3009 5258; x_wconf 70' lang='grc' dir='ltr'>πληροφορίαο</span> <span class='ocrx_word' id='word_1_796' title='bbox 3055 5189 3151 5241; x_wconf 74' lang='grc' dir='ltr'><strong>καὶ</strong></span> <span class='ocrx_word' id='word_1_797' title='bbox 3180 5188 3229 5239; x_wconf 82' lang='grc' dir='ltr'><strong>εί</strong></span> <span class='ocrx_word' id='word_1_798' title='bbox 3252 5187 3352 5255; x_wconf 77' lang='grc' dir='ltr'>μὲν</span> <span class='ocrx_word' id='word_1_799' title='bbox 3382 5186 3483 5239; x_wconf 80' lang='grc' dir='ltr'>οὐκ</span> <span class='ocrx_word' id='word_1_800' title='bbox 3524 5184 3750 5237; x_wconf 80' lang='grc' dir='ltr'>άπατῶ-</span> 
     </span>
    </p>
   </div>
   <div class='ocr_carea' id='block_1_112' title="bbox 2175 5272 3748 5350">
    <p class='ocr_par' dir='ltr' id='par_1_112' title="bbox 2175 5272 3748 5350">
     <span class='ocr_line' id='line_1_116' title="bbox 2175 5272 3748 5350; baseline -0.004 -19"><span class='ocrx_word' id='word_1_801' title='bbox 2175 5297 2276 5350; x_wconf 91' lang='grc' dir='ltr'><strong>μεν</strong></span> <span class='ocrx_word' id='word_1_802' title='bbox 2295 5278 2371 5350; x_wconf 82' lang='grc' dir='ltr'>τῷ</span> <span class='ocrx_word' id='word_1_803' title='bbox 2394 5277 2513 5348; x_wconf 86' lang='grc' dir='ltr'>Θεῷ</span> <span class='ocrx_word' id='word_1_804' title='bbox 2536 5278 2719 5347; x_wconf 83' lang='grc' dir='ltr'>χάρις.</span> <span class='ocrx_word' id='word_1_805' title='bbox 2780 5277 2842 5330; x_wconf 78' lang='lat' dir='ltr'><strong>El</strong></span> <span class='ocrx_word' id='word_1_806' title='bbox 2879 5276 2923 5330; x_wconf 75' lang='grc' dir='ltr'>δ’</span> <span class='ocrx_word' id='word_1_807' title='bbox 2948 5276 3124 5338; x_wconf 79' lang='grc' dir='ltr'>ἄλλως</span> <span class='ocrx_word' id='word_1_808' title='bbox 3164 5274 3301 5344; x_wconf 67' lang='grc' dir='ltr'>ἔχει,</span> <span class='ocrx_word' id='word_1_809' title='bbox 3328 5272 3447 5327; x_wconf 72' lang='grc' dir='ltr'>ἀλλ’</span> <span class='ocrx_word' id='word_1_810' title='bbox 3499 5272 3748 5342; x_wconf 80' lang='grc' dir='ltr'>ἐρῤίφθω</span> 
     </span>
    </p>
   </div>
   <div class='ocr_carea' id='block_1_113' title="bbox 2173 5350 3751 5441">
    <p class='ocr_par' dir='ltr' id='par_1_113' title="bbox 2173 5350 3751 5441">
     <span class='ocr_line' id='line_1_117' title="bbox 2173 5350 3751 5441; baseline -0.006 -17"><span class='ocrx_word' id='word_1_811' title='bbox 2173 5370 2336 5424; x_wconf 86' lang='grc' dir='ltr'>τοῦτο</span> <span class='ocrx_word' id='word_1_812' title='bbox 2364 5370 2445 5433; x_wconf 85' lang='grc' dir='ltr'><strong>είς</strong></span> <span class='ocrx_word' id='word_1_813' title='bbox 2472 5369 2695 5441; x_wconf 77' lang='grc' dir='ltr'>τρίϐους</span> <span class='ocrx_word' id='word_1_814' title='bbox 2718 5368 2982 5433; x_wconf 76' lang='grc' dir='ltr'>ἀϐάτους,</span> <span class='ocrx_word' id='word_1_815' title='bbox 3026 5369 3121 5421; x_wconf 60' lang='grc' dir='ltr'><strong>καὶ⁵</strong></span> <span class='ocrx_word' id='word_1_816' title='bbox 3146 5366 3322 5427; x_wconf 75' lang='grc' dir='ltr'>οὕτως</span> <span class='ocrx_word' id='word_1_817' title='bbox 3369 5363 3544 5425; x_wconf 75' lang='grc' dir='ltr'>οὐδεὶς</span> <span class='ocrx_word' id='word_1_818' title='bbox 3584 5350 3751 5426; x_wconf 58' lang='grc' dir='ltr'>ἄλλος’</span> 
     </span>
    </p>
   </div>
   <div class='ocr_carea' id='block_1_114' title="bbox 2172 5449 3748 5530">
    <p class='ocr_par' dir='ltr' id='par_1_114' title="bbox 2172 5449 3748 5530">
     <span class='ocr_line' id='line_1_118' title="bbox 2172 5449 3748 5530; baseline -0.006 -18"><span class='ocrx_word' id='word_1_819' title='bbox 2172 5460 2270 5530; x_wconf 82' lang='grc' dir='ltr'>τὴν</span> <span class='ocrx_word' id='word_1_820' title='bbox 2319 5459 2500 5513; x_wconf 81' lang='grc' dir='ltr'>αἰτίαν</span> <span class='ocrx_word' id='word_1_821' title='bbox 2553 5457 2692 5523; x_wconf 73' lang='grc' dir='ltr'>ἔξει,</span> <span class='ocrx_word' id='word_1_822' title='bbox 2730 5457 2850 5511; x_wconf 80' lang='grc' dir='ltr'>ἀλλ’</span> <span class='ocrx_word' id='word_1_823' title='bbox 2900 5458 2984 5517; x_wconf 85' lang='grc' dir='ltr'><strong>είς</strong></span> <span class='ocrx_word' id='word_1_824' title='bbox 3040 5455 3139 5516; x_wconf 74' lang='grc' dir='ltr'>τὰς</span> <span class='ocrx_word' id='word_1_825' title='bbox 3190 5450 3332 5520; x_wconf 82' lang='grc' dir='ltr'>ἐμὰς</span> <span class='ocrx_word' id='word_1_826' title='bbox 3374 5449 3748 5519; x_wconf 86' lang='grc' dir='ltr'>ἀνυσθήσεται</span> 
     </span>
    </p>
   </div>
   <div class='ocr_carea' id='block_1_115' title="bbox 2102 5541 3745 5622">
    <p class='ocr_par' dir='ltr' id='par_1_115' title="bbox 2102 5541 3745 5622">
     <span class='ocr_line' id='line_1_119' title="bbox 2102 5541 3745 5622; baseline -0.008 -16"><span class='ocrx_word' id='word_1_827' title='bbox 2102 5544 2139 5577; x_wconf 64' lang='grc'><strong>’“</strong></span> <span class='ocrx_word' id='word_1_828' title='bbox 2176 5551 2471 5622; x_wconf 82' lang='grc' dir='ltr'>ἁμαρτίας.</span> <span class='ocrx_word' id='word_1_829' title='bbox 2516 5550 2669 5603; x_wconf 74' lang='grc' dir='ltr'>Ἐπεὶ</span> <span class='ocrx_word' id='word_1_830' title='bbox 2693 5550 2750 5602; x_wconf 77' lang='grc' dir='ltr'><strong>δέ</strong></span> <span class='ocrx_word' id='word_1_831' title='bbox 2783 5549 3007 5620; x_wconf 77' lang='grc' dir='ltr'>εἰρήνης</span> <span class='ocrx_word' id='word_1_832' title='bbox 3038 5543 3339 5615; x_wconf 82' lang='grc' dir='ltr'>ἐμνήσθης,</span> <span class='ocrx_word' id='word_1_833' title='bbox 3365 5541 3546 5596; x_wconf 87' lang='grc' dir='ltr'>ἐκεῖνό</span> <span class='ocrx_word' id='word_1_834' title='bbox 3576 5559 3745 5610; x_wconf 82' lang='grc' dir='ltr'>φημι,</span> 
     </span>
    </p>
   </div>
   <div class='ocr_carea' id='block_1_116' title="bbox 2174 5632 3746 5709">
    <p class='ocr_par' dir='ltr' id='par_1_116' title="bbox 2174 5632 3746 5709">
     <span class='ocr_line' id='line_1_120' title="bbox 2174 5632 3746 5709; baseline -0.009 -13"><span class='ocrx_word' id='word_1_835' title='bbox 2174 5643 2235 5696; x_wconf 82' lang='grc' dir='ltr'><strong>ού</strong></span> <span class='ocrx_word' id='word_1_836' title='bbox 2263 5644 2322 5695; x_wconf 85' lang='grc' dir='ltr'><strong>σέ</strong></span> <span class='ocrx_word' id='word_1_837' title='bbox 2355 5640 2583 5709; x_wconf 88' lang='grc' dir='ltr'>πείθων,</span> <span class='ocrx_word' id='word_1_838' title='bbox 2613 5641 2723 5695; x_wconf 79' lang='grc' dir='ltr'>οὐδ’</span> <span class='ocrx_word' id='word_1_839' title='bbox 2759 5639 2918 5694; x_wconf 82' lang='grc' dir='ltr'>ἄλλον</span> <span class='ocrx_word' id='word_1_840' title='bbox 2948 5637 3041 5689; x_wconf 83' lang='grc' dir='ltr'><strong>τὸν</strong></span> <span class='ocrx_word' id='word_1_841' title='bbox 3068 5635 3121 5687; x_wconf 79' lang='grc' dir='ltr'>εἴ</span> <span class='ocrx_word' id='word_1_842' title='bbox 3151 5652 3237 5697; x_wconf 82' lang='grc' dir='ltr'><strong>τις</strong></span> <span class='ocrx_word' id='word_1_843' title='bbox 3279 5633 3429 5687; x_wconf 88' lang='grc' dir='ltr'>δοκεῖ</span> <span class='ocrx_word' id='word_1_844' title='bbox 3455 5632 3746 5703; x_wconf 75' lang='grc' dir='ltr'>ὀνομάζειν</span> 
     </span>
    </p>
   </div>
   <div class='ocr_carea' id='block_1_117' title="bbox 2176 5719 3750 5808">
    <p class='ocr_par' dir='ltr' id='par_1_117' title="bbox 2176 5719 3750 5808">
     <span class='ocr_line' id='line_1_121' title="bbox 2176 5719 3750 5808; baseline -0.006 -17"><span class='ocrx_word' id='word_1_845' title='bbox 2176 5738 2420 5808; x_wconf 80' lang='grc' dir='ltr'>εἰρήνην,</span> <span class='ocrx_word' id='word_1_846' title='bbox 2457 5735 2598 5792; x_wconf 79' lang='grc' dir='ltr'>ἀλλὰ</span> <span class='ocrx_word' id='word_1_847' title='bbox 2625 5734 2761 5805; x_wconf 81' lang='grc' dir='ltr'>πρὸς</span> <span class='ocrx_word' id='word_1_848' title='bbox 2785 5733 2992 5786; x_wconf 76' lang='grc' dir='ltr'>ἐκεῖνον</span> <span class='ocrx_word' id='word_1_849' title='bbox 3036 5730 3249 5799; x_wconf 77' lang='grc' dir='ltr'>φανερὰ</span> <span class='ocrx_word' id='word_1_850' title='bbox 3290 5729 3456 5796; x_wconf 62' lang='grc' dir='ltr'>λέγω,</span> <span class='ocrx_word' id='word_1_851' title='bbox 3493 5719 3538 5794; x_wconf 79' lang='grc' dir='ltr'>ᾧ</span> <span class='ocrx_word' id='word_1_852' title='bbox 3570 5724 3750 5781; x_wconf 69' lang='grc' dir='ltr'>πάντα.</span> 
     </span>
    </p>
   </div>
  </div>
