4088 6208
423 315 524 379 361

1873 316 2284 377 Εἰ’15”Ι“ΟΙ.ιΕ.

3560 320 3661 381 3ϋὲ

423 410 491 461 τά
514 407 614 475 τῆς
640 409 864 477 καρδίας
897 409 1052 479 ἡμῶν
1085 409 1482 479 πεφανέρωται,
1534 408 1608 470 ὡς
1637 407 1873 476 τοσαύτη
1907 426 1975 474 μο

2106 421 2229 458 meo
2304 404 2634 468 satislierct,
2709 405 2911 458 ultimis
2957 422 3042 460 me
3115 424 3434 473 exponerem
3483 414 3659 466 ululis.

424 499 608 568 ἔφεσις
624 497 717 550 τοῦ
743 501 838 570 τήν
854 499 1180 569 Ἐκκλησίαν
1209 497 1525 570 εἰρηνεῦσαι
1555 497 1682 550 ίδείν
1708 497 1801 550 τοῦ
1829 497 1986 560 Θεοῦ,

424 591 498 652 ὡς
522 592 570 642 εί
591 590 749 643 τοῦτο
764 590 1072 660 ἠκολούθει,
1109 591 1246 660 μηδὲ
1268 590 1367 658 τὴν
1406 592 1484 652 εἰς
1512 589 1739 656 γέενναν
1764 587 1855 640 τοῦ
1884 605 1987 639 πυ-

429 683 518 749 ρὸς
561 681 1012 752 παραιτήσασθαι
1061 681 1244 752 ῥίψω.
1275 682 1390 734 Νῦν
1433 681 1490 732 δὲ
1520 682 1586 752 ἢν
1613 680 1988 751 οἱρπερισκέ-

425 787 574 834 πτως
609 769 961 841 ἐπιζητοῦσιν
1019 773 1264 840 εἰρήνην,
1327 772 1481 824 οὐδὲν
1512 771 1699 842 ἕτερόν
1755 772 1922 831 ἐστιν,
1951 769 1986 838 ἢ

425 860 730 932 πρόσληψις
763 863 870 915 τῶν
903 865 978 932 μὴ
1010 864 1301 925 συνόντων,
1339 864 1430 916 καὶ
1460 862 1701 932 ἀποϐολὴ
1730 863 1839 914 τῶν
1870 877 1996 914 συν.

423 953 610 1003 όντων.
645 950 816 1003 Τοῦτο
845 950 888 1003 δ’
920 951 984 1004 ἄν
1024 970 1106 1013 τις
1136 951 1278 1004 εἴποι
1302 951 1496 1004 ἕνωσιν
1531 952 1627 1003 καὶ
1651 947 1992 1020 εὐφροσύνην

420 1042 524 1108 τῆς
545 1041 636 1094 τοῦ
669 1040 806 1094 Θεοῦ
871 1042 1221 1112 Ἐκκλησίας,
1254 1042 1369 1096 ἀλλ’
1404 1044 1466 1095 ού
1502 1041 1658 1113 ῥῆξιν
1689 1039 1872 1109 πολλῷ
1905 1039 1993 1093 ἀλ-

419 1133 734 1205 γεινατέραν
766 1134 862 1188 καὶ
885 1134 1336 1204 σκυθρωπότητα,
1361 1135 1464 1188 ούκ
1493 1129 1610 1187 οἶδα
1641 1134 1796 1196 ποίας
1827 1134 1991 1202 ἐσχα-

2100 496 2274 562 Quam
2314 506 2493 549 autem
2535 496 2612 549 illi
2651 512 2842 565 pacem
2880 497 3284 552 inconsiderate
3318 503 3658 570 perquirunt,

2099 588 2235 641 nihil
2255 588 2400 640 aliud
2431 597 2514 641 est
2533 603 2696 656 quam
2720 591 3019 657 assumptio
3037 589 3339 643 absentium
3365 602 3417 645 et
3440 594 3659 659 rejectin

2099 678 2475 745 praesentium.
2533 675 2667 742 Quis
2702 691 2832 730 vero
2878 677 3189 732 istiusmodi
3219 694 3329 733 rem
3374 690 3661 737 vocaturus

2097 767 2169 821 sit
2200 767 2456 820 unionem
2493 776 2546 820 et
2576 767 2998 836 prosperitatem
3044 768 3299 822 Ecclesiae
3329 770 3461 825 Dei?
3498 771 3660 841 Equi-

2093 858 2214 910 dem
2261 858 2464 910 nullam
2516 859 2673 912 video
2721 870 3001 927 rupturam
3052 860 3140 913 illa
3191 862 3657 930 perniciosiorem,

2090 948 2294 1003 nullam
2335 949 2492 1019 cujus
2533 949 2658 1006 ﬁnis
2689 950 2760 1005 sit
2802 952 3194 1006 miserabilior.
3225 953 3393 1009 Vobis
3427 956 3662 1025 pruden-

2092 1039 2239 1095 tibus
2273 1056 2381 1095 non
2432 1042 2609 1096 solum
2661 1043 3002 1110 apparentia,
3045 1044 3126 1097 uti
3153 1043 3233 1110 ﬁt,
3266 1048 3660 1103 consideranda

2091 1142 2242 1198 sunt,
2276 1135 2370 1189 sed
2402 1144 2452 1188 et
2482 1135 2571 1188 illa
2612 1151 2733 1205 qua:
2760 1151 2824 1188 ex
2857 1138 3244 1203 apparentibus
3276 1150 3551 1195 emanant.

417 1230 536 1291 na;
588 1229 688 1281 οὐκ
729 1223 893 1281 οὖσαν
938 1227 1350 1298 ὲσχατωτέρανς
1395 1227 1515 1298 Χρὴ
1570 1226 1626 1280 δὲ
1687 1227 1980 1297 φρονίμους
2045 1225 2202 1291 ὂντας
2253 1227 2399 1296 ὑμᾶς
2435 1230 2508 1298 μὴ
2569 1229 2728 1297 μόνον
2780 1229 2841 1282 τὸ
2885 1229 2944 1293 ἐξ
2988 1232 3252 1300 ἐπιπολῆς
3290 1235 3417 1304 ὁρᾷν
3480 1237 3662 1305 φαινό-

425 1339 601 1397 μενον,
650 1321 786 1375 ἀλλά
828 1321 920 1373 καὶ
952 1322 1052 1374 ὅσα
1080 1323 1191 1384 τοῖς
1226 1323 1572 1392 φαινομένοις
1612 1320 1972 1387 ἐξακολουθεῖ.

592 1438 758 1493 ΡΛΖ’.
811 1439 1076 1508 Ἰτ-νατίῳ
1111 1440 1520 1509 μητροπολίτῃ
1554 1435 1826 1496 Κυζῖκου.

497 1555 872 1625 Ἐπιστάμεθα
903 1555 1004 1625 τὴν
1039 1555 1316 1625 ὑμετέραν
1361 1555 1715 1624 τελειοτάτην
1743 1552 1982 1618 σύνεσιν,

414 1647 510 1700 καὶ
540 1649 710 1717 χωρὶς
731 1647 830 1716 τῆς
875 1647 1153 1716 ἡμετέρας
1183 1645 1522 1716 προτροπῆς,
1555 1644 1768 1697 οἴκοθεν
1799 1660 1980 1696 κινου-

2195 1431 2504 1487 CXXXVII.
2537 1437 2752 1504 Ignatio
2784 1435 3163 1505 Cyzicenorum
3201 1441 3570 1519 metropolita‘.

2162 1545 2442 1600 Summam
2461 1556 2694 1601 vestram
2721 1549 3124 1616 intelligentiam
3152 1553 3400 1604 novimus
3439 1570 3558 1620 quae
3587 1571 3653 1607 ex

2086 1638 2343 1707 ipsamet,
2383 1639 2540 1693 nobis
2592 1655 2696 1694 non
2751 1641 3116 1706 hortantibus,
3148 1644 3280 1697 bene
3328 1647 3502 1700 vultei
3565 1650 3657 1713 qui

419 1737 587 1806 μένην
617 1735 918 1805 συμπαθῶς
945 1735 1089 1805 ἔχειν
1115 1736 1252 1805 πρὸς
1297 1737 1389 1787 τὸν
1415 1736 1761 1804 κατασχόντα
1793 1735 1891 1804 τὴν
1926 1736 1980 1786 ὲν

2086 1737 2226 1798 ante}
2258 1743 2356 1784 vos
2428 1729 3152 1800 Cyzicenorumlﬂcclesiam
3214 1734 3386 1800 rexit;
3458 1736 3658 1790 nihilu-

415 1825 638 1895 Κυζίκῳ
678 1825 1004 1894 Ἐκκλησίαν
1035 1825 1138 1895 πρὸ
1171 1827 1269 1893 τῆς
1303 1825 1404 1894 σῆς
1445 1826 1745 1894 ὁσιότητος.
1790 1824 1981 1894 Ὅμως

411 1915 470 1967 δὲ
493 1916 572 1967 ὅτι
597 1915 694 1967 καὶ
717 1915 865 1984 ἡμᾶς
894 1911 1127 1978 ἀξιῶσαι
1157 1915 1185 1964 ὁ
1214 1912 1503 1980 ἄνθρωπος
1521 1909 1772 1980 διενοήθη
1794 1909 1981 1961 ἕνεκεν

412 2009 506 2064 τοῦ
531 2009 735 2080 γράψαι
759 2008 896 2079 πρὸς
919 2007 978 2061 σὲ
1024 2006 1164 2060 ὥστε
1229 2004 1642 2076 ἀνεπηρέαστον
1687 2001 1837 2071 αύτῷ
1880 2000 1980 2071 τὴν

415 2097 562 2166 ζωὴν
589 2096 731 2152 εἶναι
754 2100 817 2150 ἐκ
847 2098 955 2151 τῶν
1001 2096 1302 2167 φιλούντων
1334 2095 1688 2163 ἐπεμϐαίνειν
1721 2095 1843 2156 ταῖς
1890 2094 1981 2146 ἁλι

411 2192 654 2263 λοτρίαις
677 2191 910 2262 θλίψεσι,
947 2191 1048 2261 φεῦ
1080 2191 1182 2260 τῆς
1205 2187 1796 2257 καταδυναστευσάσης
1818 2189 1876 2238 ὲν
1902 2185 1978 2254 τῷ

412 2281 740 2353 ἀνθρωπίνῳ
783 2281 929 2350 γένει
963 2281 1161 2343 κακίας
1189 2281 1201 2332 l
1231 2279 1290 2332 τὸ
1330 2279 1507 2347 παρόν
1547 2294 1629 2330 σοι
1667 2274 1976 2344 διεπέμψα-

415 2393 516 2446 μεν
559 2376 828 2446 γράμμα,
887 2376 1071 2427 ἐκεῖνα
1125 2373 1193 2425 δι’
1251 2371 1418 2426 αὐτοῦ
1481 2365 1978 2440 προτρεπόμενοιᾶ

412 2466 780 2538 προλαϐόντες
811 2466 1040 2534 εἴπομεν
1073 2465 1170 2517 καὶ
1196 2463 1414 2532 φρονεῖς
1455 2461 1552 2514 καὶ
1586 2462 1783 2520 ποιεῖς,
1812 2460 1876 2526 τῇ
1910 2460 1975 2525 σῇ

411 2555 777 2628 φιλανθρώπῳ
808 2556 1126 2626 κινούμενος
1154 2553 1412 2607 διαθέσει.
1448 2552 1725 2622 Ἐστιδὶή
1753 2549 1976 2613 ἀξίωσις

413 2649 483 2718 ἣν
515 2647 797 2717 ἠξιώμεθα
818 2647 911 2700 τοῦ
959 2647 1181 2700 καθίσαι
1216 2647 1380 2698 αὑτὸν
1431 2646 1489 2697 ἐν
1522 2643 1599 2713 τῷ
1633 2641 1978 2713 μοναστηρίῳ

410 2737 471 2792 οὗ
495 2735 563 2809 ἦν
588 2741 676 2792 ὅτε
706 2740 805 2807 τῆς
838 2731 1226 2810 μητροπόλεως
1255 2735 1626 2804 ἀπεκεκίνητο
1656 2733 1968 2802 καθεζόμε-

409 2847 534 2892 νοςο
589 2829 684 2883 καὶ
730 2826 870 2883 εἶναι
912 2829 1061 2898 αὐτῷ
1091 2827 1334 2891 καὶτοὺς
1365 2829 1484 2880 ἐκεῖ
1509 2823 1975 2897 προσεδρεύοντας

408 2925 476 2992 τῇ
500 2922 711 2975 ἐκείνου
744 2923 1138 2990 ἀνακειμένους
1165 2919 1462 2992 θεραπεία,
1501 2919 1594 2971 καὶ
1625 2917 1770 2970 κατά
1807 2915 1978 2986 μηδε-

414 3016 543 3083 μίαν
574 3015 755 3066 αίτίαν
781 3013 929 3084 αὐτῷ
963 3013 1220 3082 θλίψεως,
1249 3011 1283 3082 ἦ
1319 3011 1686 3080 στενοχωρίας
1719 3007 1976 3076 ἀφορμὴν

411 3107 838 3177 παρεχομένους,
866 3105 1102 3176 μάλιστα
1129 3101 1600 3172 ἐπαγγελλομένου
1621 3099 1810 3164 αὐτοῦ,
1843 3099 1982 3168 ὅπερ

409 3199 506 3251 καὶ
547 3197 912 3269 πεπείσμεθα,
954 3198 1014 3251 τὺ
1041 3195 1286 3258 ἐπιεικὲς
1331 3192 1427 3247 τοῦ
1470 3190 1762 3264 ἀνθρώπου
1797 3191 1981 3258 ἐπιγι-

408 3291 731 3357 νώσκοντες,
756 3291 832 3353 ὡς
869 3291 1021 3342 οὐδὲν
1053 3288 1176 3342 οὔτε
1210 3289 1340 3358 ὑμῖν
1383 3286 1621 3356 ἐπαχθὲς
1657 3286 1789 3354 παρ’
1815 3281 1980 3338 αὐτοῦ

2010 3069 2058 3128 C

2087 1821 2269 1874 minus
2321 1821 2372 1874 id
2414 1821 2576 1875 homo
2606 1831 2865 1890 precatus
2905 1833 2988 1876 est
3033 1832 3090 1876 ut
3126 1824 3335 1880 litteras
3387 1827 3454 1880 ad
3483 1835 3534 1880 te
3563 1831 3658 1882 da-

2086 1927 2268 1967 remus
2296 1921 2354 1965 ut
2401 1911 2566 1966 vitam
2608 1914 2712 1967 sibi
2756 1914 2937 1968 vivere
2967 1916 3136 1984 possit
3186 1931 3432 1970 securam
3479 1919 3546 1972 ab
3593 1919 3657 1973 iis

2082 2006 2200 2072 qui,
2257 2012 2478 2073 propter
2529 2005 2870 2073 congenitam
2931 2005 3210 2060 hominum
3262 2007 3547 2072 malitiam,
3601 2013 3654 2064 in

2085 2096 2278 2149 alienis
2337 2094 2676 2150 oII‘endendis
2727 2096 3084 2150 delectantur.
3142 2099 3440 2155 Pra'sentes
3495 2103 3658 2170 igitur

2081 2186 2275 2241 damus
2329 2187 2535 2242 litteras
2575 2188 2720 2254 licet,
2783 2197 2841 2242 ut
2901 2204 3067 2258 supra
3125 2191 3382 2256 diximus,
3433 2197 3656 2264 proprio

2079 2278 2375 2331 voluntatis
2441 2288 2586 2332 motu
2649 2291 2770 2332 eum
2804 2280 2915 2349 jam
2975 2282 3312 2337 humanitate
3386 2295 3478 2338 tua
3542 2302 3657 2339 8m—

2081 2369 2353 2437 plcctaris.
2393 2368 2653 2424 Precatur
2680 2387 2896 2440 quoque
2947 2381 3004 2425 ut
3066 2388 3162 2442 per
3219 2391 3304 2428 me
3355 2377 3456 2444 ipsi
3496 2381 3654 2446 cepiu

2081 2461 2172 2515 tiat
2215 2461 2267 2513 in
2301 2461 2691 2515 monasterium
2729 2462 2989 2516 redeundi
3037 2477 3142 2533 quo
3197 2466 3432 2528 vivebat,
3460 2481 3584 2520 cum
3624 2484 3654 2520 a

2081 2548 2364 2618 metropoli
2433 2561 2833 2617 amoveretur;
2901 2553 3032 2621 petit
3115 2563 3173 2608 ut
3239 2555 3332 2622 qui
3392 2569 3658 2610 inouaste-

2077 2641 2161 2694 rio
2199 2651 2252 2695 et.
2283 2639 2507 2694 servitio
2540 2649 2804 2709 praesunt,
2849 2642 2902 2695 in
2963 2643 3109 2696 nulla
3149 2658 3208 2698 re
3248 2646 3422 2714 ipsum
3482 2647 3654 2702 laces-

2077 2743 2200 2789 sant
2253 2741 2349 2787 aut
2413 2731 2869 2788 oﬂ‘endieulorum
2935 2736 3278 2792 occasionem
3339 2740 3653 2804 suscitent;

2078 2825 2347 2895 promittit
2401 2825 2500 2892 (et
2548 2825 2878 2880 conﬁdimus
2928 2829 3018 2895 qui
3076 2828 3362 2899 benignam
3420 2831 3655 2885 hominis

2079 2926 2330 2971 naturam
2364 2916 2663 2986 novimus),
2713 2932 2815 2973 nec
2853 2919 3033 2982 vobis,
3071 2936 3168 2974 nec
3215 2923 3268 2974 in
3325 2925 3654 2977 monasterio

2084 3008 2407 3078 degentibus
2464 3009 2796 3065 incommodi
2821 3013 2952 3080 quid
2981 3029 3080 3068 sua
3113 3015 3270 3084 culpa
3296 3025 3614 3072 eventurum
3639 3037 3653 3084 ;

2089 3101 2202 3154 imo
2259 3099 2496 3169 majores
2546 3101 2742 3156 anima:
2805 3113 2860 3157 et
2905 3105 3152 3173 corporis
3211 3109 3652 3170 commoditates.

2080 3205 2242 3260 quam
2301 3190 2498 3259 quibus
2560 3191 2617 3246 in
2682 3195 2934 3262 praesenti
2987 3194 3260 3259 fruantur,
3336 3214 3654 3253 accessurus

2080 3298 2228 3340 €858.

407 3384 735 3450 ἀπαντήσει,
769 3382 892 3435 οὔτε
920 3385 1034 3444 τοῖς
1066 3383 1124 3434 ὲν
1163 3379 1240 3451 τῷ
1287 3379 1634 3450 μοναστηρίῳ
1663 3377 1725 3430 τὸ
1750 3378 1966 3444 διάγειν
2003 3375 2262 3445 λαχοῦσιν
2287 3393 2300 3406 ο
2337 3376 2476 3429 ἀλλά
2535 3378 2736 3446 μᾶλλον
2762 3381 2949 3444 αὐτοῖς
3014 3385 3436 3452 περιγενήσεται
3472 3387 3653 3456 πλέον,

409 3480 443 3545 ἧ
499 3478 621 3529 ὅσον
669 3476 766 3528 νῦν
815 3475 1149 3528 ἀπολαύουσι
1198 3473 1443 3542 ψυχικῆς
1495 3471 1589 3524 καὶ
1641 3471 1965 3539 σωματικῆς
2002 3469 2272 3538 ὠφελείας
2304 3470 2335 3538 ἡ
2365 3471 2736 3541 περιποίησις.

932 3587 1110 3640 PAII'.
1152 3583 1238 3650 Τῷ
1279 3582 1458 3648 αὐτῷ.

497 3703 793 3774 ’Δνηνέχθη
824 3702 903 3773 τῷ
947 3699 1087 3771 ἁγίῳ
1117 3699 1236 3770 Θεῷ
1265 3697 1586 3769 εὐχαριστία
1612 3698 1765 3768 ἡμῖν,
1795 3696 1980 3765 ὥσπερ

415 3795 561 3860 ἔθος,
588 3794 682 3849 ἐπὶ
697 3797 761 3866 τῇ
789 3794 944 3865 ὑμῶν
985 3790 1231 3862 σωτηρίᾳ
1275 3792 1368 3844 καὶ
1407 3788 1760 3858 συντηρήσει,
1792 3788 1982 3840 τέκνον

411 3888 570 3957 ἡμῶν
598 3886 763 3956 ἱερὸν,
799 3886 894 3939 καὶ
925 3883 1200 3956 εὐχόμεθα
1231 3881 1325 3936 καὶ
1359 3880 1440 3936 ἔτι
1488 3895 1547 3933 σε
1597 3877 1981 3949 διατηρεῖοθαι

411 3979 517 4031 ὑπὸ
541 3980 661 4042 ταῖς
694 3977 868 4040 θείαις
897 3973 1124 4046 πτέρυξι
1156 3972 1557 4042 φυλαττόμενον
1584 3971 1756 4024 κακοῦ
1776 3970 1978 4031 παντὸς

414 4067 621 4138 ἀπαθῆ.
655 4067 735 4120 Τὰ
759 4066 814 4120 δὲ
852 4068 1097 4136 ἡμέτερα
1125 4066 1176 4117 τί
1210 4065 1274 4118 ἂν
1304 4065 1478 4129 είπω;
1528 4063 1675 4132 Πλὴν
1707 4059 1864 4114 τοῦτό
1900 4077 1983 4112 σοι

411 4159 665 4229 γνωρίζω
689 4158 826 4229 πρὸς
863 4157 1030 4228 μόνην
1057 4157 1154 4225 τὴν
1185 4157 1296 4211 ἀνω
1325 4154 1732 4221 ἀποσαλεύομεν
1773 4151 1979 4220 ἀγαθό-

411 4269 573 4322 τητα,
606 4250 874 4321 κρύπτειν
909 4249 1216 4319 δυναμένην
1241 4249 1310 4301 τὰ
1343 4247 1523 4319 πλήθη
1554 4246 1661 4300 τῶν
1685 4244 1976 4318 ἁμαρτιῶν

412 4341 588 4412 ήμῶν,
620 4340 680 4404 ἐξ
709 4334 784 4393 ὧν
817 4341 910 4392 καὶ
940 4339 1072 4409 ἡμῖν
1102 4339 1196 4390 καὶ
1223 4337 1384 4391 παντὶ
1421 4336 1501 4407 τῷ
1529 4337 1693 4406 κοινῴ
1729 4333 1969 4405 ἐπεχύθη

2584 3580 2722 3637 CXX
2736 3582 2775 3636 Χ
2788 3581 2920 3637 VIII.
2988 3583 3192 3640 Eidem.

2157 3692 2261 3747 Pro
2306 3696 2479 3749 salute
2526 3704 2581 3749 et
2625 3697 3036 3750 conservatione
3084 3709 3283 3762 vestra,
3317 3701 3385 3752 mi
3438 3703 3536 3767 lili,
3574 3707 3652 3757 uti

2081 3785 2343 3852 solemus,
2395 3787 2507 3842 Deo
2551 3799 2740 3842 sancto
2770 3790 2973 3858 gratias
3004 3793 3217 3859 egimus
3253 3806 3304 3845 et
3339 3795 3516 3863 ipsum
3555 3797 3652 3850 ad-

2083 3893 2367 3946 precamur
2408 3890 2465 3931 ut
2501 3879 2604 3933 sub
2652 3880 2854 3934 divinis
2889 3882 2989 3934 alis
3039 3892 3338 3950 protectum
3395 3898 3444 3940 te
3472 3898 3655 3941 custo-

2085 3969 2197 4023 diat
2230 3971 2298 4023 ab
2337 3969 2486 4022 omni
2522 3971 2664 4024 malo
2727 3970 3082 4026 incolumem.
3145 3976 3281 4040 Quid
3334 3978 3399 4030 de
3453 3981 3653 4033 nostris

2083 4059 2303 4114 dicam?
2339 4059 2452 4114 Hoc
2484 4077 2649 4114 unum
2683 4061 2777 4115 tibi
2819 4071 3003 4116 notum
3031 4066 3174 4130 volo,
3197 4082 3296 4120 nos
3329 4070 3378 4120 in
3421 4086 3652 4139 superna

2080 4149 2317 4204 bonitate
2368 4150 2659 4216 conﬁdere,
2693 4168 2814 4222 qua:
2848 4154 2960 4207 sola
3018 4157 3417 4212 multitudinem
3453 4177 3646 4228 pecca—

2079 4249 2256 4294 torum
2292 4251 2598 4294 nostrorum
2629 4242 2801 4311 possit
2825 4243 3100 4312 obtegere,
3133 4248 3272 4300 unde
3294 4251 3448 4302 nobis
3480 4262 3532 4303 et
3567 4263 3650 4303 to-

2074 4332 2110 4385 ti
2143 4333 2386 4386 societati
2448 4342 2596 4386 tanta
2655 4333 3067 4388 tribulationum
3125 4339 3362 4406 procella
3412 4341 3653 4394 immissa

410 4433 438 4482 ό
468 4431 722 4493 τοσοῦτος
771 4431 934 4500 ζόφος
965 4431 1072 4483 τῶν
1100 4429 1334 4499 θλίψεων
1357 4447 1369 4460 ο
1415 4430 1550 4499 πρὸς
1574 4430 1635 4482 ὃν
1663 4425 1980 4497 ἀπαγορεύ-

2087 4434 2186 4486 cst,
2222 4424 2273 4476 in
2325 4440 2430 4494 qua
2473 4425 2704 4480 vivimus
2767 4427 2930 4480 vitam
2980 4444 3089 4482 non
3144 4431 3398 4498 vitalem;
3446 4437 3652 4502 gravati

412 4541 603 4587 σαντες
651 4521 832 4593 ζῶμεν
863 4523 922 4575 ού
972 4523 1193 4587 ζῶντες,
1226 4522 1321 4575 καὶ
1366 4520 1716 4592 βαρυνόμεθα
1750 4521 1846 4582 τάς
1881 4516 1976 4570 τοῦ

413 4617 565 4686 ἡλίου
629 4615 865 4684 ὁρῶντες
913 4616 1158 4679 ἀκτῖνας,
1216 4614 1310 4665 καὶ
1372 4612 1512 4682 μετά
1559 4614 1668 4663 τῶν
1705 4615 1763 4664 ὲν
1787 4612 1978 4680 τάφοις

414 4705 719 4776 ἀγαπῶμεν
781 4703 991 4774 μᾶλλον
1055 4701 1467 4767 συντάττεσθαι,
1515 4703 1546 4772 ἦ
1589 4701 1696 4754 τῶν
1747 4702 1848 4753 ὑπὸ
1903 4699 1982 4769 τῷ

418 4799 549 4868 ἡλίῳ
578 4797 896 4864 διαγόντων.
951 4796 1033 4847 Τἀ
1075 4793 1174 4864 μὲν
1208 4795 1452 4864 ἡμέτερα
1474 4791 1719 4845 τοιαῦτα.
1757 4791 1821 4843 Σὲ
1841 4779 1981 4853 δελ)

414 4894 506 4943 καὶ
553 4890 767 4957 φθάσας
819 4883 994 4949 εἷπον,
1049 4887 1135 4954 εἴη
1177 4886 1357 4954 πάσης
1419 4882 1715 4945 κακώσεως
1759 4884 1824 4952 τῇ
1862 4881 1982 4948 θείᾳ.

413 4981 816 5053 φρουρούμενον
844 4977 1098 5048 εὐμενείᾳ
1123 4978 1379 5046 ὑπεράνω
1411 4975 1693 5029 διατελεῖν.

653 5120 822 5173 ΡΛΘ’.
857 5117 946 5183 Τῷ
983 5119 1224 5189 ἄρχοντι
1271 5119 1390 5171 τῶν
1419 5117 1745 5184 ἀρχόντων.

485 5258 652 5312 Οὐδὲν
703 5255 984 5320 εὐσεϐείας
1045 5254 1660 5326 περισπουδαστότερον,
1719 5252 1841 5305 οὐδὲ
1893 5252 1972 5319 τῷ

412 5351 577 5404 παντὶ
609 5349 709 5420 βίῳ
737 5349 846 5401 τῶν
866 5346 1171 5417 ἀνθρώπων
1198 5346 1703 5416 σωτηριωδέστερον
1723 5362 1738 5377 ο
1779 5346 1982 5415 ταύτης

414 5443 518 5513 γὰρ
563 5440 1087 5510 ὲμπολιτευομένης,
1125 5436 1226 5489 οὐκ
1277 5435 1470 5505 ἄδηλον
1499 5435 1575 5498 ὡς
1612 5434 1978 5520 θεραπεύεται

415 5534 568 5596 Θεός.
600 5529 736 5583 Θεοῦ
770 5529 825 5582 δὲ
856 5528 1125 5598 θεραπεία
1155 5528 1331 5581 πάντα
1367 5528 1463 5596 μὲν
1493 5528 1719 5597 χορηγεῖ
1742 5526 1810 5578 τά
1840 5525 1982 5577 καλά

416 5629 505 5678 καὶ
542 5621 920 5692 συμφέροντα,
958 5620 1176 5672 πάντων
1213 5617 1269 5670 δὲ
1303 5618 1410 5669 τῶν
1472 5616 1804 5684 ἀσυμφόρων
1847 5617 1980 5668 ἀπε-

415 5717 598 5771 λαύνει
637 5713 735 5785 τὴν
777 5713 1104 5781 παρουσίαν.
1129 5710 1316 5772 Οὕτως
1346 5711 1438 5762 καὶ
1474 5709 1581 5779 ἰδίᾳ
1612 5709 1846 5769 ἕκαστος
1878 5726 1980 5776 μα-

731 5810 994 5868 Ριτιιοι..
1038 5808 1152 5866 Gn.
1191 5807 1338 5867 CXI.

2084 4515 2328 4568 videmus
2353 4515 2535 4569 radios
2559 4515 2690 4570 solis
2711 4527 2764 4570 et
2793 4518 2964 4572 satius
2990 4520 3239 4575 ducimus
3271 4523 3324 4576 in
3389 4528 3654 4594 sepulcris

2088 4605 2408 4675 degentibus
2457 4611 2809 4663 annumerari
2847 4627 3005 4679 quam
3044 4617 3146 4667 sub
3182 4615 3298 4669 sole
3328 4617 3653 4671 viventibus.

2088 4698 2162 4751 En
2195 4711 2376 4754 nostra
2424 4700 2583 4754 sicuti
2633 4713 2800 4764 sunt;
2846 4714 2896 4756 te
2934 4715 3116 4760 autem
3159 4709 3226 4764 ab
3257 4712 3403 4765 omni
3449 4715 3653 4768 malitia

2089 4789 2399 4853 liberatum,
2433 4794 2894 4860 quernadmodum
2931 4797 3038 4864 iam
3069 4799 3210 4864 dixi,
3247 4803 3427 4857 divina
3468 4805 3654 4858 Provi-

2086 4882 2263 4934 dentia
2297 4882 2574 4936 custodiat
2600 4892 2653 4937 ct
2685 4892 2968 4955 protegat!

2399 5115 2685 5172 CXXXIX.
2722 5115 2960 5184 Pt't'ncipt'
2987 5122 3308 5189 principum.

2156 5245 2240 5301 Nil
2293 5248 2488 5317 pietate.
2541 5254 2785 5308 sedulius
2821 5256 3244 5323 exquirendum,
3283 5257 3354 5309 nil
3408 5261 3660 5313 humanre

2082 5340 2206 5394 vitae
2233 5340 2546 5394 salutarius.
2600 5341 2670 5395 Ea
2707 5345 2760 5396 in
2816 5346 3090 5413 republica
3121 5355 3392 5409 versante,
3424 5350 3652 5404 manife-

2083 5443 2224 5487 Slum
2263 5434 2322 5486 lit
2350 5434 2490 5503 quod
2525 5432 2664 5488 Deus
2686 5437 2922 5490 colitur:
2956 5437 3102 5503 atqui
3135 5435 3226 5489 Dei
3266 5439 3444 5494 cultus
3475 5446 3658 5498 omnia

2085 5525 2302 5579 adducit
2341 5526 2479 5579 bona
2507 5527 2920 5596 commodaque,
2980 5542 3167 5580 omnes
3220 5541 3395 5584 autem
3447 5547 3660 5590 amovet

2089 5620 2424 5675 calamitates
2447 5637 2459 5672 :
2480 5621 2604 5674 hinc
2635 5621 2858 5674 feliciter
2880 5622 3021 5673 vivet
3043 5633 3094 5674 et
3119 5623 3351 5691 quisque
3379 5628 3654 5696 privatim,

2085 5720 2133 5762 et
2182 5710 2396 5780 domus,
2457 5723 2508 5765 et
2549 5712 2760 5777 civitas,
2801 5712 2986 5780 utique
3016 5721 3068 5766 et
3098 5729 3226 5783 gens
3258 5732 3474 5788 quoque
3520 5721 3661 5776 felici

3197 5809 3266 5870 12
3660 5836 3684 5853 ο
