4088 6208
445 325 554 389 363

1554 324 1859 385 NICOLAI
1902 324 2009 385 (ΞΡ.
2052 324 2564 387 PATlllAltClL’E

3597 332 3697 395 ⁸364

444 444 551 493 vita
577 446 626 492 et
655 439 1039 491 constitutione
1066 438 1294 491 fruetur.
1329 435 1457 500 Quze
1482 450 1603 487 cum
1639 436 1707 487 ita
1736 434 1867 498 sint,
1897 448 2010 501 prn-

2126 436 2333 501 καρίως
2372 435 2653 505 βιώσεται,
2704 439 2797 490 καὶ
2824 436 2971 502 οἶκος
3019 442 3110 493 καὶ
3168 442 3340 506 πόλις,
3374 443 3462 496 ναὶ
3512 444 3578 515 δὴ
3606 451 3701 501 καὶ

445 532 614 602 priam
666 530 927 598 plerique,
965 539 1223 599 tanquam
1280 542 1403 579 vere
1464 530 1628 595 piam,
1684 533 2027 594 propugnant

444 623 777 693 opinionem,
814 621 1106 688 praesertim
1152 635 1271 671 cum
1306 619 1369 671 iis
1400 617 1749 686 prmsumptio
1774 617 2022 666 domina-

444 733 533 789 ιιιι·
568 733 580 769 :
622 714 880 767 terribilis
911 716 1055 765 enim
1116 713 1463 780 praesumptio
1504 718 1605 772 est,
1656 708 1789 760 velle
1835 708 2024 775 dogma

445 811 494 861 in
520 808 699 861 anima
727 806 1029 873 depositum
1055 804 1332 865 cohibere,
1360 801 1615 871 quamvis
1636 801 2024 852 interabsurda

440 912 491 954 et
514 899 577 952 ad
601 898 956 968 perditionem
971 894 1220 949 ducentia
1255 895 1545 947 videretur.
1572 894 1804 956 Etenim,
1837 908 2023 961 quem-

440 993 734 1045 admodum
774 989 953 1041 videre
981 996 1061 1040 est
1098 987 1149 1039 in
1182 986 1375 1054 pannis
1399 985 1815 1053 quibuscumque
1846 984 1909 1036 ad
1943 1001 2025 1037 rc-

439 1084 749 1153 cipiendum
802 1081 1038 1135 colorem
1086 1078 1316 1142 idoneis,
1356 1086 1413 1129 ut
1451 1091 1480 1129 e
1514 1076 1789 1129 coloribus
1823 1075 2021 1144 quibus

439 1191 661 1244 prorsus
696 1172 886 1226 imbuti
930 1182 1057 1224 sunt
1091 1169 1197 1221 elui
1228 1178 1523 1236 nequeant,
1561 1178 1613 1220 et
1644 1169 1795 1235 prius
1820 1168 2023 1219 dilaceo

442 1276 689 1318 rarentur
720 1261 1191 1330 quamtincturam
1212 1258 1543 1326 deponerent
1576 1258 1687 1311 :sic
1712 1259 1763 1309 in
1784 1258 2017 1311 humana

439 1368 631 1408 natura
662 1355 843 1406 videre
872 1361 975 1417 est,
1001 1361 1058 1404 ut
1085 1350 1262 1413 multi,
1284 1366 1405 1403 cum
1430 1365 1738 1418 perversam
1761 1352 2017 1419 primitus

438 1450 490 1501 in
507 1456 687 1502 mente
702 1452 1014 1512 receperunt
1047 1443 1378 1512 opinionem,
1402 1442 1569 1495 nolint
1587 1456 1703 1494 eam
1727 1442 2016 1507 dimittere,

437 1548 494 1592 at
514 1554 636 1593 cum
667 1552 726 1589 ea
754 1536 929 1604 potius
964 1535 1126 1587 vitam
1152 1534 1451 1585 dissolvere
1475 1531 1685 1584 mal'nt.
1706 1530 1815 1585 Hoc
1834 1542 2015 1584 autem

434 1634 520 1680 est
547 1622 1125 1690 hominumsapientim
1153 1620 1349 1675 divinae
1372 1621 1791 1687 exsortium,qui
1827 1621 2018 1673 nolunt

434 1718 561 1771 boni
611 1717 875 1770 delectum
930 1714 1187 1784 experiri,
1234 1712 1328 1767 sed
1370 1713 1423 1765 in
1459 1727 1556 1766 sua
1596 1714 2016 1782 prmsumptione

2129 523 2279 588 ἔθνος
2308 527 2586 597 μακαρίαν
2607 525 2717 591 ἕξει
2748 527 2844 598 τὴν
2872 528 3149 601 δ.αγωγὴν
3174 536 3268 584 καὶ
3296 533 3393 601 τὴν
3422 534 3701 590 κατάστσο

2130 634 2234 671 σιν.
2281 618 2485 670 Τούτου
2514 619 2567 672 δὲ
2622 618 2796 681 οὕτως
2841 624 3081 689 ἔχοντος,
3138 625 3546 680 ἀντιποιοῦνται
3606 628 3703 698 μὲν

2128 709 2367 761 πλεῖστοι
2387 710 2487 778 τῆς
2514 712 2723 774 οἰκείας
2758 714 2916 783 δόξης
2947 714 3022 776 ὡς
3062 715 3342 779 εὐσεϐοῦς,
3392 720 3489 770 καὶ
3540 720 3703 789 μάλι-

2128 820 2227 855 στα
2250 804 2377 854 ὅταν
2409 796 2510 855 ὦσι
2548 804 2814 874 προλήψει
2850 808 3255 875 κεκρατημένοι
3277 823 3293 839 ο
3324 808 3499 861 δεινὸν
3524 812 3633 880 γὰρ
3663 815 3693 881 ἠ

2127 892 2395 962 ’πρόληψις
2428 896 2678 965 κατέχειν
2719 896 2778 948 τὸ
2822 899 3128 967 παρατεθὲν
3152 901 3210 950 ὲν
3235 904 3299 970 τῇ
3328 902 3473 971 ψυχῇ
3501 903 3695 973 δόγμα,

2127 982 2229 1034 κᾶν
2321 982 2429 1035 τῶν
2470 984 2840 1037 ἀτοπωτάτων
2869 987 2961 1039 καὶ
3000 988 3109 1038 τῶν
3142 990 3220 1050 είς
3245 990 3526 1042 ἀπώλειαν
3549 991 3694 1045 ἀπα-

2126 1075 2361 1141 γὸντων.
2393 1075 2605 1145 ’Ὠσπερ
2626 1076 2735 1146 γὰρ
2765 1078 2856 1129 ἐπὶ
2886 1079 2993 1129 τῶν
3017 1079 3195 1132 ἄλλων
3240 1080 3388 1133 ἔστιν
3428 1083 3572 1147 ἰδεῖν,
3599 1085 3693 1136 ὅσα

2127 1167 2306 1235 βαφῆς
2344 1168 2459 1219 ἐστι
2493 1167 2741 1230 δεκτικὰ,
2776 1170 2860 1222 ὅτι
2900 1171 3072 1223 πολλὰ
3120 1173 3229 1225 τῶν
3276 1176 3357 1237 είς
3394 1174 3555 1243 βάθος
3584 1177 3693 1229 δια·

2122 1258 2327 1310 δύντων
2375 1260 2683 1328 χρωμάτων
2750 1261 3063 1315 ἁνέκπλυτα
3126 1264 3543 1334 διαδείκνυνται,
3602 1270 3695 1322 καὶ

2122 1350 2387 1418 πρότερον
2420 1350 2852 1420 διαρῤήγνυνται
2888 1350 3091 1419 μᾶλλον
3124 1353 3154 1422 ἢ
3196 1354 3295 1424 τὴν
3347 1355 3524 1426 βαφὴν
3556 1358 3695 1409 ἀπο-

2121 1438 2385 1499 τίθενται,
2424 1437 2598 1500 οὕτως
2632 1441 2726 1491 καὶ
2751 1442 2841 1492 ἐπὶ
2871 1443 2967 1511 τῆς
2990 1441 3337 1511 ἀνθρωπίνης
3370 1445 3516 1496 ἐστιν
3560 1447 3691 1499 ἰδεῖν

2120 1530 2358 1598 φύσεως,
2390 1530 2465 1592 ὡς
2494 1531 2677 1583 πολλοὶ
2703 1532 2860 1595 δόξαν
2884 1533 3125 1602 πονηρὰν
3158 1536 3216 1587 ὲν
3246 1538 3309 1604 τῇ
3335 1537 3478 1606 ψυχῇ
3508 1554 3692 1607 παρα-

2118 1620 2402 1688 δεξάμενοι
2432 1620 2762 1689 φθάσαντες,
2808 1622 2907 1675 οὐκ
2942 1624 3184 1676 ἐθέλουσι
3241 1626 3447 1695 ταύτην
3479 1628 3693 1681 ἀποϐα-

2119 1711 2254 1773 λεῖν,
2282 1712 2401 1764 οὐδὲ
2435 1712 2529 1763 τοῦ
2551 1713 2851 1780 ’ἀμείνονος
2879 1716 3132 1781 γενέσθαι
3157 1717 3527 1786 φρονήματος,
3556 1718 3693 1771 ἀλλά

436 1822 756 1877 permanere
818 1807 1171 1867 contendunt,
1201 1814 1293 1858 aut
1341 1804 1435 1873 qui
1490 1806 1715 1858 omnino
1763 1805 2010 1873 ignorant

2123 1803 2325 1871 μᾶλλον
2384 1804 2778 1875 προαιροῦνται
2817 1806 2915 1858 σὺν
2977 1808 3163 1877 ἐκείνῃ
3200 1808 3295 1873 τὴν
3352 1808 3498 1878 ζωὴν
3525 1826 3695 1862 κατα-

432 1914 553 1970 (μιαξ
577 1898 848 1966 opinanda
886 1898 1296 1951 existimarunt.
1345 1896 1666 1965 Quicunque
1706 1907 1883 1950 autem
1911 1914 2025 1950 ma-

432 1992 520 2063 gni
558 1990 763 2045 faciunt
795 1999 997 2043 rectam
1054 1988 1123 2043 de
1186 1990 1291 2042 Deo
1335 1989 1644 2057 opinionem
1687 1987 1905 2051 habere,
1946 1988 2021 2053 lii,

434 2084 684 2153 quamvis
717 2081 952 2151 primum
981 2079 1189 2149 decepti
1250 2078 1470 2141 fuerint,
1505 2093 1612 2131 non
1644 2078 2024 2131 atlbaerentve-

435 2176 539 2229 teri
597 2190 707 2228 sua:
733 2171 881 2226 falsa:
916 2172 1184 2240 opinioni,
1214 2184 1315 2223 nec
1336 2169 1390 2223 in
1416 2184 1604 2223 errore
1639 2153 2028 2238 propngnanho

429 2271 785 2329 delectantur,
810 2258 1136 2327 recte’lvero,
1166 2261 1562 2331 quasiluminis
1592 2260 1821 2329 fulgore,
1852 2260 2017 2313 verbo

428 2363 648 2433 pietatis
701 2359 990 2415 illuminati
1061 2355 1295 2423 animos;
1349 2357 1489 2409 viam
1545 2354 1834 2424 amplexati
1888 2363 2014 2408 sunt

430 2458 557 2511 inde
585 2464 963 2518 monstratam,
999 2462 1051 2509 et
1074 2454 1270 2508 nebula
1304 2468 1396 2508 eos
1440 2468 1584 2507 nunc
1618 2467 1789 2521 usque
1813 2451 2009 2505 obscu-

429 2549 571 2602 ranti
608 2550 948 2603 exsilierunt.

428 2642 543 2696 ἀλλ’
572 2641 772 2704 εὐθέως
809 2640 1060 2711 καθάπερ
1091 2642 1269 2710 φωτδς
1302 2640 1443 2709 αὐγῇ
1496 2638 1573 2708 τῷ
1616 2639 1758 2707 λόγῳ
1806 2637 1908 2707 τῆς
1948 2634 2231 2695 εὐσεϐείας
2292 2633 2761 2699 καταυγασθέντες
2806 2633 2907 2695 τὰς

2122 1900 2290 1954 λύειν.
2366 1899 2527 1952 Ἀλλά
2588 1900 2745 1953 τοῦτο
2814 1899 2913 1968 μὲν
2968 1899 3076 1951 τῶν
3124 1900 3275 1963 θείας
3323 1902 3696 1971 ἀμοιρούντων

2125 1991 2419 2054 συνέσεως,
2458 1991 2553 2042 καὶ
2610 1990 2684 2065 μὴ
2734 1989 3079 2059 βουλομένων
3135 1992 3453 2061 δοκιμάζειν
3476 1994 3574 2063 τὴν
3600 1994 3695 2046 τοῦ

2125 2083 2291 2136 καλοῦ
2370 2082 2635 2153 ἐκλογὴν,
2721 2082 2859 2135 ἀλλὰ
2943 2083 3393 2149 φιλονεικούντων
3464 2089 3530 2155 τῇ
3590 2087 3695 2157 ἰδίᾳ

2124 2176 2391 2245 προλήψει
2416 2175 2699 2245 ἐμμένειν,
2744 2174 3092 2244 ἥπαντελῶς
3133 2176 3208 2245 μὴ
3262 2178 3695 2244 γινωσκόντωνᾶ

2122 2267 2365 2331 δοξάζειν
2390 2265 2713 2334 ἐγνώκασιν.
2746 2266 2902 2317 Ὅσοι
2937 2266 2992 2318 δὲ
3028 2270 3158 2337 περὶ
3185 2267 3380 2321 πολλοῦ
3409 2268 3693 2321 ποιοῦνται

2119 2356 2219 2427 τὴν
2253 2356 2417 2427 ὀρθὴν
2460 2358 2585 2426 περὶ
2640 2355 2776 2409 θεοῦ
2835 2356 2991 2419 δόξαν
3049 2351 3388 2426 ἔχειν,οῦτοι
3436 2358 3539 2411 κᾶν
3592 2354 3693 2412 tim
3782 2360 3791 2369 ’

2121 2449 2658 2519 προκατειλημμένοι
2680 2449 2741 2500 οὐ
2778 2450 3133 2518 πρόσκεινται
3166 2452 3235 2519 τῇ
3269 2450 3477 2520 ἀρχαίᾳ
3521 2468 3689 2503 κακο-

2115 2542 2289 2612 δοξίᾳ,
2352 2540 2458 2593 οὐδ’
2492 2541 2779 2608 ἀγαπῶσιν
2824 2539 3246 2610 ὑπερμάχεσθαι
3288 2543 3391 2609 τῆς
3450 2545 3685 2612 ἀπάτης.

2986 2633 3189 2702 ψυχὰς,
3266 2635 3559 2703 ἠγάπησαν
3592 2638 3689 2708 τὴν

432 2734 647 2787 ἰκεῖθεν
670 2734 920 2802 ὁδηγίαν,
952 2736 1044 2786 καὶ
1076 2734 1173 2803 τῆς
1226 2734 1362 2795 τέως
1415 2728 1868 2797 ὲπισκοτιζούσης
1914 2726 2114 2787 αὐτοὺς
2139 2723 2506 2793 ἀπεπήδησαν
2532 2723 2755 2792 ἀχλύος.

503 2826 627 2879 llaec
655 2827 771 2892 tibi,
804 2826 874 2878 ﬁli
911 2834 1115 2888 noster,
1148 2840 1244 2893 pro
1274 2822 1499 2877 exordio
1527 2822 1660 2874 dicit
1716 2821 1819 2873 hoc
1868 2818 2004 2871 scri-

430 2928 581 2987 ptum
615 2928 829 2985 propter
865 2926 1077 2968 tuorum
1106 2914 1584 2982 apol-risiariorum
1612 2910 2001 2964 narrationem.

434 3010 470 3061 li
511 3009 656 3061 enim
691 3009 877 3061 dicunt
909 3007 1075 3075 quod,
1101 3007 1243 3076 apud
1268 3020 1362 3059 vos
1408 3004 1674 3058 catholico
1704 3018 1733 3057 e
1764 3002 1870 3055 vita
1908 3002 2003 3055 de-

429 3114 606 3161 ccsso,
640 3099 911 3167 cegitatis,
946 3106 1131 3167 utpote
1164 3097 1340 3167 magni
1368 3097 1537 3151 nostri
1566 3107 1619 3150 et
1653 3111 1682 3148 a
1723 3095 1829 3149 Ι)εο
1850 3108 2006 3149 coro-

2188 2815 2374 2869 Ταῦτά
2406 2831 2508 2877 σοι,
2553 2815 2745 2868 τέκνον
2770 2816 2951 2885 ἡμῶν,
3000 2818 3492 2887 προοιμιαζόμενον
3536 2821 3683 2887 λέγει

2110 2909 2171 2960 τὸ
2193 2909 2431 2977 γράμμα
2460 2906 2549 2958 διὰ
2577 2908 2678 2976 τὴν
2698 2906 2806 2958 τῶν
2841 2907 2947 2959 σῶν
2971 2908 3405 2980 ἀποκρισιαρίων
3437 2912 3685 2980 ἀπαγγε-

2113 3000 2264 3052 λίαν·
2303 3000 2434 3067 φασι
2488 3000 2596 3069 γὰρ
2629 3000 2704 3061 ὡς
2750 2999 2844 3052 τοῦ
2907 3000 3031 3053 καθ’
3075 3001 3220 3070 ὑμᾶς
3274 3003 3684 3075 ἐκδημήσαντος

2112 3090 2403 3145 καθολικοῦ
2438 3094 2535 3159 τῆς
2567 3090 2715 3159 ζωῆς
2743 3091 3064 3155 διανοεῖσθε,
3103 3090 3191 3146 οἷα
3221 3094 3284 3165 δὴ
3316 3095 3410 3148 τοῦ
3445 3099 3682 3165 μεγάλου

433 3196 545 3249 nati
613 3194 957 3262 imperatoris
1002 3191 1184 3245 ﬁdeles
1243 3189 1639 3256 unanimesque
1703 3187 1885 3252 amici,
1950 3193 2004 3238 et

2114 3184 2203 3237 καὶ
2230 3182 2555 3249 θεοστεφοῦς
2590 3182 2752 3251 ἡμῶν
2788 3182 3056 3251 βασιλέως
3105 3162 3318 3255 γνήσιοι
3348 3162 3455 3239 καὶὴ
3485 3162 3687 3259 ὁμόψυ.

430 3287 571 3340 idem
607 3301 727 3339 cum
757 3299 822 3337 eo
857 3283 908 3335 in
935 3286 1189 3336 omnibus
1227 3283 1431 3333 sentire
1479 3279 1728 3343 studiosi,
1787 3276 2004 3344 pontiﬁ-

428 3392 545 3433 cem
595 3377 925 3431 constituere
981 3384 1218 3427 vestrum
1271 3373 1505 3440 aliquem
1555 3386 1619 3422 ex
1666 3372 1785 3433 Irae.
1821 3376 2007 3421 nostra

429 3470 681 3531 ecclesia,
712 3469 799 3535 qui
836 3466 1237 3519 festinationem
1278 3478 1473 3531 capere
1507 3462 1689 3521 debet,
1727 3470 1780 3513 et
1812 3475 1876 3511 ex
1904 3474 2007 3513 nu-

432 3576 582 3616 mero
612 3560 769 3627 deligi
800 3572 1014 3611 sacrum
1043 3572 1165 3609 cum
1224 3556 1381 3609 nobis
1406 3556 1588 3608 altare
1640 3553 2006 3605 circumstan-

430 3653 591 3707 tium.
626 3650 892 3715 Quoniam
931 3649 1094 3717 igitur
1131 3648 1244 3701 haec
1283 3647 1398 3705 tibi.
1433 3661 1557 3699 cum
1600 3657 1794 3698 extero
1830 3660 1860 3697 a
1899 3643 2006 3695 Deo

431 3747 557 3799 dato
588 3743 793 3802 studio,
832 3742 1001 3811 gratia
1048 3739 1246 3793 tributa
1302 3748 1380 3792 est
1409 3738 1633 3808 (novisti
1664 3737 1809 3790 enim
1842 3745 2005 3804 atque

430 3834 686 3904 intelligis
709 3834 928 3901 quantis
962 3832 1160 3885 divinis
1190 3832 1409 3900 gavisus
1434 3846 1492 3883 es
1529 3829 1829 3890 beneﬁciis,
1864 3842 2003 3896 quo-

432 3940 552 3987 rum
582 3937 746 3975 unum
788 3934 1006 3990 quoque
1038 3928 1121 3973 est
1164 3920 1327 3983 istud,
1384 3930 1433 3971 te
1460 3918 1619 3971 talem
1674 3918 2002 3970 sententiam

434 4014 739 4077 admittere,
773 4012 979 4066 scilicet
1018 4027 1143 4067 cum
1185 4020 1372 4066 nostro
1400 4026 1430 4064 a
1469 4010 1575 4063 Deo
1608 4009 1878 4063 custodito
1906 4009 2004 4062 im-

428 4115 674 4176 peratore
712 4121 803 4175 per
831 4106 1012 4158 omnia
1040 4104 1237 4172 uniri);
1273 4105 1375 4158 hoc
1408 4104 1673 4173 reliquum
1702 4111 1806 4167 est,
1830 4106 2006 4154 utliuc

431 4198 659 4252 mittatis
708 4198 882 4250 virum
933 4196 1023 4265 qui
1075 4196 1183 4250 Deo
1214 4205 1510 4256 annuente,
1554 4193 1792 4264 pontifex
1831 4202 2007 4245 vester

430 4286 637 4340 institui
667 4286 847 4348 debet,
883 4296 939 4338 ut
965 4286 1158 4351 dogma
1188 4283 1406 4353 pietatis
1422 4282 1667 4337 exactius
1688 4280 2006 4349 accipiat..ac

430 4394 524 4447 per
553 4386 811 4445 quantam
843 4377 1114 4445 oportebit
1156 4377 1441 4428 nobiscum
1498 4374 2004 4431 commorationem,

425 4478 476 4520 et
513 4484 633 4536 quae
657 4467 721 4519 ad
758 4468 1009 4533 pietatem
1042 4467 1332 4535 pertinent,
1373 4473 1426 4517 et
1460 4478 1579 4527 qua:
1640 4464 1706 4516 ad
1747 4462 2004 4516 ecclesia-

2113 3293 2197 3345 χοι
2233 3276 2393 3342 φίλοι,
2419 3276 2511 3326 καὶ
2543 3275 2866 3343 ὁμοφρονείν
2896 3276 3046 3345 αὐτῴ
3090 3278 3147 3329 ὲν
3174 3280 3308 3329 πᾶσι
3361 3280 3687 3344 σπουδάζον-

2110 3369 2307 3429 τες,ὲκ
2356 3368 2456 3435 τῆς
2516 3367 2749 3419 ἐνταῦθα
2791 3367 3091 3437 ἐκκλησίας
3148 3370 3239 3422 τὸν
3289 3374 3368 3433 είς
3421 3374 3686 3443 ἀρχιερέα

2111 3460 2263 3529 ὑμῶν
2298 3459 2743 3528 καταστήσεσθαι
2793 3460 3056 3529 μέλλοντα
3113 3461 3299 3515 λαϐεῖν
3329 3466 3429 3531 τὴν
3457 3468 3681 3534 προχεί-

2110 3569 2289 3621 ρησιν,
2318 3551 2409 3603 καὶ⁸
2442 3550 2579 3602 Θεοῦ
2616 3552 2834 3622 εὐδοκία
2865 3552 2961 3604 ἕνα
2990 3552 3178 3607 τοῦτον
3201 3556 3683 3622 γινώσκεσθαιτῶν

2111 3646 2207 3695 σὺν
2242 3644 2375 3711 ἡμῖν
2399 3642 2459 3693 τὸ
2493 3641 2647 3707 ἅγιον
2674 3642 3014 3695 κυκλούντων
3049 3644 3457 3717 θυσιαστήριον.
3529 3649 3681 3701 Ἐπεὶ

2107 3733 2202 3787 οῦν
2230 3733 2393 3786 τοῦτό
2424 3750 2507 3786 σοι
2546 3735 2683 3802 μετὰ
2716 3736 2815 3804 τῆς
2842 3737 3009 3805 ἄλλης
3043 3736 3338 3808 δεδομένης
3369 3742 3519 3810 παρᾶ
3545 3741 3681 3794 Θεοῦ

2108 3826 2441 3896 φιλοτιμίας,
2473 3825 2565 3879 καί
2592 3828 2815 3898 χάριτος
2838 3830 3152 3900 παρεσχέθη
3193 3827 3363 3900 (οἶδας
3390 3833 3495 3903 γάρ
3529 3850 3682 3885 συνε-

2106 3918 2192 3981 τδς
2225 3917 2301 3970 ὢν
2331 3919 2462 3988 ὅσης
2499 3920 2824 3989 ἀπήλαυσας
2859 3922 2951 3990 τῆς
2984 3924 3137 3991 παρά
3164 3922 3296 3975 Θεοῦ
3337 3923 3680 3993 εὐεργεσίας,

2107 4006 2175 4082 ἦς
2196 4012 2290 4064 καὶ
2323 4010 2486 4062 τοῦτο
2516 4011 2773 4080 τυγχάνει
2824 4011 2883 4063 τὸ
2914 4011 3176 4083 λογισμὸν
3206 4014 3446 4066 τοιοῦτον
3476 4014 3673 4067 ἀναλα-

2108 4098 2242 4164 ϐεῖν,
2271 4097 2409 4151 ὥστε
2437 4101 2579 4152 κατὰ
2611 4101 2788 4153 πάντα
2826 4102 3107 4171 ἡνωμένον
3150 4106 3407 4171 γενέσθαι
3452 4104 3529 4174 τῷ
3560 4104 3683 4158 θεο-

2109 4191 2401 4260 ᾳρουρήτῳ
2430 4191 2590 4260 ἡμῶν
2624 4191 2853 4263 βασιλεῖ)
2887 4192 3064 4246 ἐκεῖνό
3115 4196 3263 4247 ἐστιν
3296 4196 3594 4249 ὑπόλοιπον
3622 4198 3683 4249 τὸ

2111 4283 2317 4334 στεῖλαι
2354 4282 2487 4351 πρὸς
2518 4282 2583 4334 τὰ
2621 4283 2858 4338 ἐνταῦθα
2888 4286 2979 4338 τὸν
3006 4286 3140 4338 Θεοῦ
3183 4288 3506 4341 κατανεύσει
3548 4290 3680 4358 μέλ-

2108 4371 2269 4424 λοντα
2312 4375 2393 4435 είς
2422 4376 2705 4443 ,ἀρχιερέα
2736 4376 2889 4445 ὑμῶν
2924 4379 3283 4447 καταστῆναι,
3314 4377 3455 4431 ὥστε
3491 4383 3587 4432 καὶ
3620 4382 3682 4433 τδ

2109 4464 2286 4533 δόγμα
2315 4465 2416 4533 τῆς
2451 4467 2733 4530 εὐσεϐείας
2772 4468 3111 4539 παραλαϐεῖν
3142 4468 3566 4540 ἀκριϐέστερον,
3586 4456 3680 4524 καὶ

428 4561 619 4612 sticam
655 4559 1100 4612 constitutionem
1146 4558 1457 4621 edoceatur,
1484 4558 1691 4625 sicque,
1742 4570 2001 4609 manuum

2114 4556 2196 4608 διά
2227 4556 2331 4624 τῆς
2349 4558 2444 4609 σὺν
2469 4558 2598 4627 ἡμῖν
2623 4558 2754 4627 ὅσης
2781 4535 2961 4627 δεήσει
3009 4558 3295 4628 διατριϐῆς
3336 4560 3403 4613 τά
3433 4535 3493 4612 τε
3544 4564 3679 4631 πρὸς

429 4649 783 4718 impositione
854 4662 1073 4714 unctus,
1120 4650 1184 4701 ad
1234 4658 1467 4702 vestram
1510 4647 2000 4716 spletnlidissitnam

425 4742 761 4797 nobilitatem
804 4742 1533 4811 plenitudinemqueivestra:
1582 4741 1863 4809 potestatis
1921 4758 2004 4793 re-

427 4842 689 4886 vertatur.
724 4830 1191 4896 Quemadmodum
1222 4832 1368 4885 enim
1420 4830 1763 4900 professione
1811 4830 2002 4883 amici-

428 4926 516 4981 tiae
542 4924 805 4978 ﬁnitimus
836 4940 894 4977 es
917 4933 1100 4977 nostro
1137 4923 1415 4977 Christum
1446 4924 1999 4991 amantiimpcratori,

424 5029 479 5073 et.
520 5016 880 5071 sanctissimae
924 5018 1062 5085 apud
1099 5032 1199 5071 nos
1237 5017 1325 5072 Dei
1361 5016 1634 5079 Ecclesiae,
1669 5016 1748 5069 sic
1778 5029 1999 5068 necesse

423 5121 506 5165 est
537 5123 585 5163 te
615 5111 905 5163 ﬁnitimum
956 5125 1077 5163 esse
1112 5118 1165 5163 et
1202 5109 1325 5163 ﬁdei
1350 5108 1713 5178 Iconfessione
1753 5113 1806 5158 et
1833 5122 1996 5159 sensu

423 5204 852 5258 ortbodoxorutn
890 5203 1201 5272 dogmatum
1238 5210 1336 5255 :at
1388 5216 1495 5254 non
1530 5200 1684 5269 juxta
1728 5200 1873 5269 quod
1908 5215 1998 5251 us-

423 5311 529 5365 que
557 5312 700 5350 nuuc
731 5294 960 5359 exstitit,
994 5305 1141 5348 tanto
1177 5293 1319 5347 malo
1374 5294 1554 5347 nescio
1584 5291 1855 5362 quomodo
1906 5307 1998 5345 su-

426 5387 793 5453 perveniente,
826 5385 1066 5441 amicitia
1095 5384 1312 5455 quidem
1338 5398 1439 5436 nos
1468 5383 1634 5437 videri
1654 5382 1995 5451 conjunctos,

426 5476 547 5529 ﬁdei
580 5487 761 5531 autem
793 5478 1179 5534 communione
1208 5484 1507 5543 separatos.
1538 5474 1609 5529 De
1640 5476 1840 5543 quibus
1900 5489 1998 5527 no-

428 5572 562 5629 stro,
610 5565 801 5621 Pbolio
848 5570 1091 5639 inquam,
1140 5566 1486 5621 sanctissimo
1518 5569 1840 5635 paBriarclun
1892 5584 1994 5618 non

2102 4645 2382 4699 εὐσέϐειαν
2407 4648 2768 4713 συντείνοντα,
2790 4650 2885 4701 καὶ
2915 4648 3050 4719 πρὸς
3082 4649 3182 4719 τὴν
3218 4650 3681 4721 ἐκκλησιαστικην

2101 4737 2524 4807 ὲκπαιδευθῆναι
2554 4742 2913 4805 κατάστασιν,
2969 4741 3063 4792 καὶ
3107 4738 3252 4793 οὕτω
3281 4742 3381 4809 τῆς
3423 4743 3670 4812 χειροθε-

2102 4826 2463 4896 σίαςτυχόντα
2483 4828 2617 4897 πρὸς
2644 4830 2744 4897 τὴν
2770 4828 3050 4897 ὑμετέραν
3088 4830 3405 4883 ἐπανελθεῖν
3435 4832 3680 4903 λαμπροο

2098 4919 2268 4990 τάτην
2328 4920 2607 4987 εὐγένειαν
2666 4921 2865 4973 καὶτὸ
2919 4922 3193 4993 πλήρωμα
3250 4923 3350 4990 τῆς
3407 4924 3680 4993 ὑμετέρας

2106 5012 2353 5076 ἐξουσίας
2410 5015 2512 5085 (l).
2569 5014 2776 5083 Ὠσπερ
2814 5014 2923 5084 γὰρ
2973 5018 3038 5086 τῇ
3085 5016 3346 5087 ὁμολογίᾳ
3375 5017 3475 5085 τῆς
3504 5016 3680 5086 φιλίας

2107 5108 2596 5176 προσῳκειωμένος
2651 5105 2920 5177 ὑπάρχεις
2953 5108 3034 5178 τῷ
3066 5126 3125 5160 τε
3150 5109 3481 5179 φιλοχρίστῳ
3523 5110 3681 5179 ἡμῶν

2109 5196 2336 5266 βασιλεῖ,
2369 5200 2461 5252 καὶ
2486 5202 2548 5270 τῇ
2569 5198 2690 5251 καθ’
2716 5201 2865 5270 ἡμᾶς
2879 5202 3159 5273 ἁγιωτάτῃ
3176 5204 3266 5254 τοῦ
3285 5200 3417 5253 Θεοῦ
3453 5201 3684 5270 Ἐκκλη-

2108 5290 2219 5361 σίᾳ,
2252 5290 2393 5343 οὕτω
2439 5292 2555 5344 δέον
2600 5293 2721 5345 ἐστὶ
2785 5295 3255 5365 συνοικειούμενον
3306 5290 3566 5346 εἶναικαὶ
3608 5296 3676 5362 τῇ

2106 5381 2203 5450 τῆς
2230 5382 2462 5447 πίστεως
2486 5384 2770 5456 ὁμολογίᾳ,
2809 5388 2903 5439 καὶ
2921 5387 2996 5457 τῷ
3018 5388 3321 5455 φρονήματι
3349 5382 3458 5436 τῶν
3493 5385 3675 5455 ὀρθῶν

2107 5473 2412 5543 δογμάτων.
2470 5477 2628 5530 Ἀλλά
2667 5480 2741 5549 μὴ
2791 5478 3042 5548 καθάπερ
3087 5482 3247 5548 μέχρι
3301 5475 3393 5529 τοῦ
3451 5477 3545 5530 νῦν
3578 5477 3681 5531 οὐκ

2109 5564 2223 5619 θ’δα
2269 5569 2413 5630 ὅπως
2443 5570 2533 5621 τοῦ
2585 5572 2828 5623 τοιούτου
2886 5573 3052 5624 κακοῦ
3110 5572 3561 5642 παρεμπεσόντος
3612 5574 3679 5644 τῇ

498 5746 572 5817 (1)
607 5748 879 5815 Scriptum
918 5752 1231 5822 ἐκκλησίας,
1261 5750 1352 5805 sed
1399 5751 1451 5803 in
1489 5752 1729 5820 margine
1759 5751 2007 5803 cnnrtrlat

2145 5750 2411 5814 ἐξςυςῖας.
2462 5783 2490 5799 ρ
