4088 6208
424 339 533 402 3G5

1880 339 2288 400 EPISTOLE.

3571 345 3678 410 306

429 468 532 518 μέν
555 450 709 521 φιλίᾳ
726 450 906 504 δοκεῖν
933 450 1322 518 συνάπτεσθαι,
1354 456 1420 526 τῇ
1441 453 1496 505 δὲ
1544 454 1681 506 κατὰ
1708 453 1801 521 τὴν
1821 451 1998 505 πίστιν

2103 469 2324 518 parvum
2387 453 2633 507 incubuit
2683 462 2982 514 certamen,
3041 466 3185 505 nunc
3234 467 3330 520 per
3369 466 3678 517 sermones,

430 538 686 608 κοινωνίᾳ
740 539 1064 596 διίστασθαι.
1109 542 1245 612 Περὶ
1276 537 1338 595 οῦ
1367 546 1461 597 καὶ
1483 543 1562 611 τῷ
1591 543 1865 612 ἡμετέρῳ,
1893 560 1996 611 φα-

433 631 616 700 μὲνδὴ
646 631 858 700 Φωτίῳ,
899 632 978 703 τῷ
1024 633 1316 703 ἁγιωτάτῳ
1375 634 1690 705 πατριάρχῃ
1717 634 1776 686 ού
1813 634 2008 703 μικρὸς

373 718 376 721 ’
429 722 580 789 ἀγὼν
607 723 1036 792 καταϐέϐληται,
1065 725 1224 779 τοῦτο
1277 724 1377 794 μὲν
1401 725 1601 792 λόγοις,
1644 724 1801 778 τοῦτο
1829 724 1886 778 δὲ
1913 725 2010 778 καὶ

388 802 392 804 ’
429 813 702 882 ἀποστολῇ
736 814 966 886 ἀνδρῶν,
992 817 1040 868 εἰ
1069 818 1163 868 καὶ
1190 816 1300 869 τῶν
1323 817 1665 886 πραγμάτων
1695 815 1753 870 αἱ
1783 817 2010 889 περιπέ-

427 920 570 957 τειαι
605 905 700 957 ἐπὶ
731 906 792 958 τὸ
829 908 984 969 τέλος
1003 907 1180 960 ἐλθεῖν
1204 908 1302 979 τὴν
1333 909 1570 980 σπουδὴν
1600 909 1963 964 ἀπεκώλυσαν
1991 925 2005 940 ⁸

428 995 462 1063 ἢ
491 995 650 1065 τάχα,
681 996 819 1064 ὅπερ
846 999 941 1051 καὶ
988 999 1278 1068 προλαϐὼν
1327 1000 1536 1053 ἄνωθεν
1589 998 1765 1066 εἷπον,
1815 1001 2005 1056 τούτου

2108 559 2250 597 nunc
2272 558 2366 612 per
2400 544 2680 598 hominum
2705 543 3040 604 missionem.
3067 543 3320 612 quamvis
3346 544 3680 614 negotiorum

2108 635 2380 704 peripetia:
2420 634 2713 702 quominus
2762 633 2828 686 ad
2856 633 3014 686 ﬁnem
3059 633 3367 702 perveniret
3414 633 3530 700 ejus
3558 635 3684 689 dili-

2107 727 2286 794 gentia
2312 727 2714 795 impediverint.
2752 724 2845 780 Vel
2879 725 3036 790 forte,
3056 725 3202 795 quod
3228 740 3391 794 supra
3413 726 3519 780 dixi
3549 743 3684 796 prae-

2108 820 2353 881 veniens,
2421 820 2522 874 hoc
2578 820 2799 888 judiciis
2842 834 2960 888 qua:
3007 819 3154 873 novit
3207 819 3258 872 in
3327 821 3436 874 tuis
3489 819 3681 874 diebus

2108 909 2251 964 Deus
2281 922 2618 965 reservatum
2643 921 2748 972 est,
2771 923 2826 964 ut
2855 911 2959 966 hoc
2987 926 3207 981 quoque
3250 911 3392 967 dono
3421 911 3682 967 divinitus

2108 1003 2408 1058 honoratus
2432 1004 2772 1057 monstreris.

428 1085 695 1156 κρίμασιν
753 1084 837 1153 οἷς
897 1087 1038 1144 οἶδεν
1073 1092 1260 1155 όΘεὸς
1311 1095 1369 1146 ἐν
1418 1096 1539 1155 ταῖς
1599 1097 1721 1158 σαῖς
1761 1095 1998 1166 ἡμέραις
2026 1098 2422 1168 τετηρημένου,
2486 1097 2574 1149 ἵνα
2629 1096 2847 1166 δειχθῇς
2891 1096 3184 1166 καὶταύτῃ
3208 1099 3272 1167 τῇ
3327 1097 3504 1167 δωρεᾷ
3563 1095 3684 1150 θεό-

429 1178 520 1232 θεν
553 1180 1024 1252 φιλοτιμούμενος.

505 1274 604 1326 Διά
643 1273 819 1328 ταῦτα
871 1276 1054 1338 καθὼς
1111 1279 1220 1348 πρὸ
1274 1279 1505 1351 βραχέος
1540 1282 1777 1351 εἴρηται,
1819 1283 2014 1336 τέκνον

431 1363 587 1432 ἡμῶν
619 1364 1019 1432 ποθεινότατον,
1056 1371 1137 1431 είς
1163 1372 1421 1440 τοιαύτην
1474 1372 1686 1426 ἔννοιαν
1735 1374 1840 1426 ὑπὸ
1867 1374 2008 1426 Θεοῦ

430 1457 726 1521 καταστάς,
749 1458 823 1527 μὴ
837 1459 1080 1532 άναϐάλῃ
1092 1461 1184 1514 τὸν
1198 1463 1306 1515 ὑπὸ
1325 1464 1424 1534 τῆς
1447 1465 1546 1532 σῆς
1566 1465 1899 1534 τιμιότητος,
1914 1466 2007 1518 καὶ

426 1546 536 1598 τῶν
567 1548 668 1617 τῆς
712 1550 836 1602 καθ’
865 1551 1009 1620 ὑμᾶς
1057 1551 1386 1622 Ἐκκλησίας
1426 1557 1738 1625 προκρίτων
1776 1559 1856 1618 είς
1903 1559 2004 1626 τὴν

425 1637 700 1706 τοιαύτην.
736 1641 1148 1712 ἀρχιερωσύνην
1211 1646 1660 1717 μαρτυρούμενον
1693 1648 1997 1718 προϐεϐλῆ-

430 1727 556 1783 σθαι
589 1731 681 1784 τοῦ
721 1734 1062 1797 ἀποστεῖλαι,
1089 1736 1174 1788 ἵνα
1203 1739 1298 1790 καὶ
1316 1735 1466 1806 αὐτῷ
1500 1738 1719 1810 ὑπάρξῃ
1767 1739 2003 1809 προσλα-
2037 1719 2076 1774 Β

431 1824 545 1875 ϐεἰν
577 1818 652 1878 ὧν
674 1826 736 1877 οὑ
781 1825 944 1895 θέμις
967 1827 1124 1898 ἐνδεῆ
1154 1826 1523 1895 γινώσκεσθαι
1545 1844 1558 1859 °
1619 1829 1714 1881 καὶ¹
1745 1829 1873 1896 ύμῖν
1906 1831 2002 1884 σὺν

431 1913 550 1983 Θεῷ
579 1916 747 1985 φάναι
777 1917 864 1971 διὰ
892 1918 994 1989 τῆς
1018 1920 1230 1973 ἐκείνου
1263 1921 1660 1993 ἀρχιερατικῆς
1681 1922 2004 1986 ἐπιστασίας

428 2007 750 2079 καὶήπρὸς
809 2010 940 2062 Θεὸν
992 2011 1265 2082 οἰκειότης
1320 2014 1635 2086 ἐγγένηται,
1688 2015 1844 2068 οὐδὲν
1894 2014 2003 2086 γάρ

428 2097 574 2149 εύσεῖ
593 2098 710 2157 είας
749 2100 885 2168 πρὸς
909 2100 970 2152 τὸ
1003 2101 1156 2154 Θεῖον
1183 2103 1498 2175 ἐγγύτερον,
1547 2107 1642 2158 καὶ
1677 2108 1709 2174 η
1738 2105 1873 2175 πρὸς
1910 2105 2002 2158 τὸν

430 2188 653 2258 ὑψηλὸν,
683 2192 778 2244 καὶ
811 2193 985 2262 μέγαν
1016 2195 1174 2264 ἡμῶν
1213 2193 1438 2266 βασιλέα
1486 2195 1626 2249 κατά
1657 2196 1836 2250 πάντα
1869 2197 2000 2250 ’ένόο

427 2297 527 2350 της
553 2286 644 2336 καὶ
667 2285 921 2356 συνᾴδεια
952 2287 1394 2359 ἀσφαλιζομένη,
1422 2290 1612 2362 ὥσπερ
1642 2294 1711 2363 τῇ
1751 2292 1999 2363 ὑποταγῇ

429 2374 524 2424 καὶ
552 2378 616 2444 τῇ
652 2377 858 2446 σχέσει,
880 2378 1025 2433 οὕτω
1061 2380 1155 2434 καὶ
1183 2384 1251 2452 τῇ
1285 2381 1396 2435 τῶν
1434 2382 1677 2436 εὐσεϐῶν
1715 2383 2003 2453 δογμάτων

431 2468 741 2538 συμφωνίᾳ.
777 2471 1004 2535 Πάντως
1032 2473 1089 2525 δὲ
1126 2474 1225 2525 ούκ
1271 2473 1660 2542 ἀμφιϐάλλεις,
1681 2474 1757 2538 ὡς
1784 2477 1817 2545 ή
1841 2475 2002 2544 μέχρι

427 2557 524 2609 τοῦ
552 2557 647 2612 νῦν
679 2563 736 2613 έν
765 2565 830 2633 τῇ
863 2564 973 2617 τῶν
1013 2565 1316 2634 ’Λρμενίων
1345 2566 1476 2634 περὶ
1499 2566 1597 2634 τῆς
1620 2566 1855 2627 πίστεως
1883 2565 2001 2618 δια-

428 2653 608 2719 φωνία
634 2655 771 2724 πρὸς
804 2657 904 2728 τὴν
927 2658 1045 2711 καθ’
1087 2661 1234 2728 ἡμᾶς
1264 2658 1426 2728 ἁγίαν
1455 2658 1549 2711 τοῦ
1589 2659 1728 2711 Θεοῦ
1771 2659 2002 2728 Ἐκκλη-

429 2745 552 2798 σίαν
579 2747 833 2820 ἀλλοτρία
855 2751 1162 2823 καθέστηκε
1181 2751 1275 2804 τοῦ
1297 2751 1581 2821 ὀρθοδόξου
1618 2751 1998 2821 κηρύγματος,

427 2837 646 2908 καὶτῆς
679 2842 1046 2915 ἀποστολικῆς
1095 2844 1188 2896 καὶ
1237 2844 1388 2906 θείας
1435 2843 1810 2905 διδασκαλίας.
1869 2843 2001 2895 Ιίῐτι

427 2927 520 2980 οὖν
553 2931 708 2999 μέλει
738 2937 803 3003 τῇ
824 2916 900 3004 ’σῇ
931 2934 1150 2988 συνέσει
1175 2936 1272 2988 καὶ⁵
1301 2937 1430 3006 περὶ
1459 2933 1688 2988 σεαυτοῦ
1731 2934 1828 2986 καὶ
1869 2935 2002 3004 περὶ

2185 1282 2498 1351 Propterea,
2534 1283 2672 1336 sicut
2697 1280 2856 1350 paulo
2885 1289 3008 1334 ante
3040 1279 3243 1333 dictum
3275 1290 3375 1341 est,
3408 1280 3686 1336 desidera-

2110 1375 2319 1432 tissime
2351 1375 2420 1428 lili
2465 1386 2668 1440 noster,
2706 1375 2758 1428 in
2795 1375 2884 1427 tali
2906 1375 3175 1428 sententia
3209 1391 3236 1426 a
3263 1375 3370 1428 Deo
3393 1377 3685 1430 conﬁrma-

2109 1479 2214 1532 tus,
2236 1484 2302 1522 ne
2335 1469 2571 1536 rcjicias,
2610 1482 2770 1536 quem
2800 1477 2890 1520 tua
2919 1466 3238 1520 excellentia
3273 1474 3327 1519 et
3359 1477 3550 1520 vestrae
3572 1465 3681 1520 Ec-

2101 1561 2284 1617 clesia:
2318 1559 2596 1630 prmpositi
2627 1560 2853 1629 dignum
2889 1559 3158 1613 teSIii‘icati
3193 1559 3426 1628 suntqui
3449 1559 3502 1612 ἱιι
3521 1558 3680 1612 talem

2101 1662 2517 1724 promoveretur
2565 1651 2955 1722 pontiﬁcatum,
2989 1664 3111 1702 eum
3143 1649 3376 1710 mittere,
3415 1656 3546 1702 utet
3579 1639 3680 1717 ipsi

2107 1751 2384 1818 contingat
2398 1761 2458 1800 ea
2481 1746 2719 1813 recipere
2739 1757 2972 1813 quorum
2991 1751 3259 1809 expertem
3281 1755 3403 1793 eum
3423 1740 3549 1794 sciri
3575 1756 3680 1793 non

2107 1855 2325 1911 aequum
2351 1849 2453 1904 est,
2481 1847 2533 1892 et
2562 1837 2739 1899 vobis,
2797 1833 2908 1887 Deo
2964 1833 3212 1904 juvante,
3265 1847 3359 1900 per
3391 1832 3507 1898 ejus
3549 1845 3682 1899 pon-

2108 1932 2378 1988 titicialem
2408 1929 2778 1999 praestantiam
2814 1927 2879 1979 ad
2912 1923 3190 1992 Deumque
3222 1921 3678 1992 propinquitatem

2107 2027 2376 2094 attingere
2435 2022 2591 2094 (nihil
2640 2021 2785 2076 enim
2831 2018 3004 2086 magis
3051 2014 3324 2069 Divinitati
3372 2015 3678 2084 proximum

2107 2133 2270 2188 qnam
2303 2113 2522 2186 pietas),
2560 2129 2768 2168 necnon
2795 2120 2850 2166 et
2876 2110 3142 2163 ﬁrmatam
3178 2123 3298 2162 cum
3318 2108 3534 2160 excelso
3570 2121 3683 2158 ma-

2107 2224 2323 2279 gnoque
2353 2207 2677 2276 imperatore
2718 2212 2920 2258 nostro,
2954 2202 3214 2256 unitatem
3250 2208 3304 2253 et
3342 2198 3680 2254 concordan-

2107 2303 2260 2366 tiam,
2308 2300 2489 2368 utjam
2522 2296 2890 2351 submissione
2933 2302 3209 2360 statuque,
3254 2292 3333 2344 sic
3361 2301 3414 2344 et
3465 2290 3680 2360 piorum

2104 2391 2416 2461 dogmatum
2458 2395 2747 2443 concentu.
2777 2387 2846 2437 At
2897 2399 3122 2453 prorsus
3177 2397 3283 2434 non
3307 2383 3518 2434 dubitas
3546 2381 3679 2450 quin

2107 2483 2249 2538 circa
2274 2481 2431 2535 ﬁdem
2447 2480 2784 2534 dissonantia
2803 2477 3062 2532 Ecclesia:
3079 2477 3484 2534 Armeniorum,
3510 2485 3681 2540 usque

2105 2575 2170 2628 ad
2197 2575 2338 2629 diem
2374 2573 2716 2636 hodiernam,
2737 2585 2862 2624 cum
2887 2580 3072 2624 sancta
3098 2576 3281 2622 nostra
3306 2565 3396 2618 Dei
3416 2562 3677 2627 Ecclesia,

2105 2669 2280 2722 aliena
2311 2672 2418 2720 stet
2450 2664 2518 2718 ab
2539 2663 2838 2717 orthodoxa
2875 2659 3261 2730 praedicatione
3279 2654 3680 2726 apostolicaquo

2104 2769 2153 2812 et
2185 2757 2368 2812 divina
2396 2754 2666 2809 doctrina.
2712 2751 2768 2807 Si
2798 2767 2927 2822 ergo
2958 2758 3066 2806 tua:
3109 2750 3388 2820 sapientiae
3417 2759 3550 2802 cura
3594 2754 3680 2800 est

2102 2847 2170 2902 de
2198 2854 2288 2900 tua
2322 2845 2496 2914 ipsius
2526 2853 2581 2898 et
2612 2843 2793 2913 pupnli
2825 2843 2902 2895 lui
2925 2857 3047 2896 cum
3091 2842 3248 2896 nobis
3281 2841 3488 2895 unitate
3537 2847 3593 2894 et
3622 2838 3675 2892 in

2103 2926 2356 2990 omnibus
2386 2935 2698 2999 concordia,
2733 2948 2800 2986 ne
2837 2933 2996 2986 aliter
3046 2946 3196 3000 agas,
3249 2946 3424 3001 neque
3465 2944 3676 2985 moram

427 3019 522 3072 τοῦ
550 3022 750 3075 οἰκείου
781 3025 910 3078 λαοῦ
941 3027 1040 3097 τῆς
1077 3029 1209 3098 πρὸς
1239 3026 1688 3098 ἡμᾶςιὲνώσεως,
1725 3025 1992 3079 καὶκατὰ

2105 3023 2306 3079 aﬂeras
2338 3023 2404 3077 ad
2433 3038 2558 3077 eum
2588 3022 2904 3076 mittendum
2922 3021 3014 3087 qui
3048 3021 3210 3074 vestri
3251 3018 3520 3089 pontificis
3546 3019 3676 3071 titu-

429 3113 609 3168 πάντα
634 3121 978 3187 συμφωνίας,
1011 3122 1085 3192 μὴ
1121 3122 1295 3184 ἄλλως
1346 3122 1603 3192 ποιήσῃς,
1637 3119 1772 3190 μηδὲ
1804 3119 2004 3189 βραδύ-

428 3220 525 3276 νῃς
553 3208 690 3275 πρὸς
714 3209 813 3278 τὴν
851 3210 1157 3283 ἀποστολὴν
1187 3213 1280 3266 τοῦ
1315 3213 1600 3283 μέλλοντος
1633 3211 2000 3281 χρηματίσειν

428 3295 583 3367 ὑμῶν
609 3300 933 3370 ἀρχιερέως,
980 3303 1148 3373 ψήφῳ
1192 3303 1286 3356 τοῦ
1321 3303 1593 3371 παναγίου
1655 3301 1997 3373 Πνεύματος,

425 3390 522 3442 καὶ
545 3390 642 3460 τὴν
663 3392 782 3445 καθ’
811 3394 956 3464 ὑμᾶς
989 3397 1154 3464 ἁγίαν
1195 3395 1520 3466 Ἐκκλησίαν
1537 3398 1998 3465 κατακοσμήσειν.

440 3479 748 3551 Ἐρῤὦσθαί
771 3501 828 3536 σε
857 3485 916 3538 ἐν
941 3486 1130 3556 Κυρίῳ
1162 3487 1534 3558 ἐπευχόμεθα,
1588 3485 1999 3557 φρουρούμενον

2110 3117 2221 3171 lum
2251 3129 2466 3170 sumere
2501 3113 2759 3184 suffragio
2777 3113 3108 3169 sanctissimi
3133 3110 3370 3180 Spiritus
3395 3122 3446 3166 et
3475 3120 3678 3166 sanctze

2105 3217 2298 3263 vestra:
2325 3207 2582 3262 Ecclesiae
2609 3207 2777 3261 decus
2803 3219 2927 3260 esse
2964 3205 3143 3259 debet.
3193 3203 3270 3258 Te.
3320 3207 3457 3258 bene
3501 3201 3677 3256 valere

2106 3300 2162 3355 in
2209 3299 2438 3355 Domino
2483 3313 2788 3369 precamur,
2829 3308 2882 3353 et
2907 3297 3087 3352 omnis
3129 3296 3342 3365 injuria;
3365 3305 3419 3350 ct
3458 3309 3677 3364 aggres-

2108 3393 2296 3460 sionis,
2332 3401 2438 3446 tam
2471 3407 2501 3446 e
2540 3391 2838 3446 risibilibus
2875 3405 3039 3459 quam
3099 3387 3460 3442 invisibilibus
3504 3384 3678 3439 hostio

2108 3483 2230 3544 bus.
2250 3491 2523 3536 servatum
2557 3492 2610 3536 et
2637 3482 2971 3551 superiorem
3003 3479 3255 3536 evadere.

427 3571 523 3623 καὶ
553 3572 951 3646 ὑπερκείμενον
973 3577 1154 3649 πάσης
1187 3579 1449 3650 ἐπηρείας
1479 3581 1572 3633 καὶ
1603 3580 2000 3642 ἐναντιότητος,
2039 3577 2141 3643 ὅση
2165 3593 2225 3630 τε
2283 3575 2598 3646 ὁρωμένων,
2637 3574 2734 3628 καὶ
2787 3573 2886 3643 ὅση
2918 3574 2979 3638 ἐξ
3035 3575 3283 3646 ἀοράτων
3313 3569 3523 3642 ἐχθρῶν
3554 3569 3648 3621 km
3674 3598 3678 3601 ι

425 3666 652 3722 τίθεται.

426 3783 561 3838 PM’.
595 3785 838 3853 Μιχαὴλ
885 3788 1213 3911 πατρικίφκ
1248 3787 1346 3841 καὶ
1402 3785 1712 3856 στρατηγῷ
1769 3788 1999 3840 Θεσσα-

639 3897 642 3900 .
1075 3897 1090 3911 .
1119 3875 1350 3911 ονικηο.

1075 3875 1350 3925 ,ιονικηςκ

498 3943 636 4015 Περὶ
663 3945 763 4016 τῆς
793 3945 1130 4014 ύποθέσεω;,
1169 3949 1290 4018 ἥτις
1319 3949 1554 4020 γράφειν
1574 3949 1721 4018 ἡμᾶς
1747 3949 1883 4019 πρὸς
1913 3947 1992 4011 σέ,

427 4038 616 4090 τέκνον
649 4039 804 4109 ἡμῶν
827 4040 1205 4111 ἠγαπημένον,
1234 4040 1631 4111 προετρέψατο,
1651 4038 1994 4107 πεπείσμεθα

429 4131 613 4183 έκεῖνα
664 4131 813 4202 παρά
842 4133 941 4204 τῆς
969 4137 1070 4204 σῆς
1120 4133 1314 4204 μαθεῖν
1350 4133 1599 4201 φιλοθέου
1641 4130 1843 4202 ψυχῆς,
1900 4131 2000 4183 ὅσα

433 4224 569 4292 μήτε
596 4222 733 4276 Θεοῦ
772 4225 1150 4295 ἀγανάκτησιν
1175 4228 1335 4289 κινεῖ,
1363 4226 1498 4296 μήτε
1528 4223 1625 4294 τὴν
1657 4223 1814 4292 ἡμῶν
1841 4221 2002 4274 λυπεῖ

435 4314 788 4384 μετριότητα,
846 4317 982 4386 μήτε
1025 4317 1118 4368 τὸν
1178 4315 1365 4385 ἄνδρα,
1401 4316 1541 4383 ὑπὲρ
1589 4309 1650 4370 οὗ
1691 4315 1995 4386 γράφομεν,

429 4405 629 4466 ἀδίκως
668 4406 772 4458 ὑπὸ
795 4407 1114 4477 κατάκριμα
1140 4406 1343 4477 τίθησι.
1381 4407 1728 4477 Γινώσκομεν
1757 4407 1867 4476 γάρ
1900 4422 1994 4458 σου

2213 3771 2374 3829 CXL.
2412 3770 2664 3857 Michaeli
2696 3772 2923 3840 patricio
2945 3779 2994 3824 et
3041 3769 3429 3826 Thessalonica:
3457 3771 3602 3829 duci.

2173 3938 2536 4003 Contidimus,
2572 3937 2645 3990 [ili
2687 3936 3062 3997 dilectissime.
3090 3953 3153 3992 ea
3181 3937 3234 3990 in
3267 3940 3513 4006 materia,
3550 3955 3674 4010 qua

2104 4033 2174 4086 ad
2220 4031 2569 4086 scribendum
2619 4029 2909 4092 incitavit,
2965 4043 3069 4082 nos
3123 4029 3192 4082 ab
3244 4033 3426 4086 anima
3483 4041 3572 4086 tua
3617 4031 3674 4086 id

2102 4130 2382 4175 mutuatos
2411 4134 2556 4186 esse,
2582 4120 2726 4189 quod
2745 4134 2847 4173 nec
2873 4119 3300 4190 indignationem
3324 4121 3419 4176 Dei
3439 4131 3670 4186 moveat,

2107 4226 2286 4282 neque
2340 4220 2583 4264 nostram
2661 4212 2948 4264 contristet
3014 4210 3418 4275 lmmilitatem,
3490 4229 3672 4283 neque

2103 4305 2402 4370 hominem,
2436 4304 2504 4359 tle
2533 4319 2642 4374 quo
2674 4304 2990 4367 scribimus,
3048 4303 3116 4357 ad
3175 4303 3433 4370 injustam
3469 4305 3672 4359 cornie-

2100 4396 2430 4450 mnationem
2490 4393 2770 4466 perducat.
2813 4393 3085 4460 Quantam
3125 4393 3271 4446 enim
3330 4395 3383 4448 in
3409 4395 3668 4450 omnibus

428 4496 612 4563 χάριτι
646 4495 781 4549 Θεοῦ
805 4498 1153 4569 τελειοτάτην
1175 4499 1232 4551 ὲν
1253 4501 1420 4552 πᾶσιν
1447 4495 1612 4553 οὖσαν
1635 4499 1734 4568 τὴν
1760 4497 1993 4560 σύνεσιν,

2107 4489 2308 4543 habeas
2363 4488 2724 4558 integritatem
2777 4485 3026 4540 novimus
3049 4525 3065 4550 ,
3099 4501 3208 4556 qua
3243 4486 3344 4540 hoc
3383 4487 3436 4540 in
3469 4489 3670 4543 sarculo

428 4587 495 4638 δι’
535 4590 602 4658 ῆν
644 4589 702 4640 ἐν
730 4589 804 4660 τῷ
830 4591 1056 4661 παρόντι
1093 4590 1371 4660 περίδοξος
1415 4589 1601 4660 ὥφυης
1629 4589 1752 4660 βίῳ,
1786 4590 1878 4642 καὶ
1899 4587 1997 4639 σὺν

429 4679 603 4750 ταύτῃ
624 4684 688 4750 τῇ
723 4685 856 4752 τιμῇ
911 4682 1192 4755 ἐπιτεύξῃ,
1234 4684 1372 4754 ὅπερ
1425 4681 1724 4754 εὐχόμεθα,
1773 4681 1998 4752 καὶτῆς

430 4772 489 4822 ού
529 4774 691 4841 μόνον
740 4777 1092 4847 προσκαίρως
1156 4774 1568 4846 ἐπιμειδιώσης,
1605 4772 1742 4827 ἀλλά
1775 4773 1868 4826 καὶ
1899 4773 1998 4839 τῆς

432 4866 664 4927 αἱωνίως
724 4867 1101 4938 εὑφρανούσης
1151 4884 1211 4920 σε
1261 4867 1441 4935 δόξης.
1493 4867 1749 4920 Μάνθανε
1770 4859 1864 4917 οὖν
1901 4864 1999 4933 τὴν

428 4955 686 5008 ὑπόθεσιν
719 4957 811 5008 καὶ
853 4957 1012 5027 δήλου
1046 4958 1198 5027 ἡμῖν,
1249 4956 1447 5025 δεσμὸν
1498 4955 1636 5024 ἔχων
1685 4956 1750 5006 ὲκ
1786 4952 1998 5020 Πατρὸς

425 5047 520 5097 καὶ
541 5044 676 5099 Υίοῦ
703 5047 795 5099 καὶ
818 5046 975 5112 ἁγίου
1000 5045 1138 5100 Πνεύ
1148 5062 1337 5116 ματος,
1365 5046 1466 5098 ὅσα
1495 5039 2000 5112 συνεπιμαρτυροῦ-

428 5153 532 5189 aea-2
566 5139 665 5206 τὴν
701 5137 800 5208 σὴν
825 5137 1003 5208 ἀληθῆ
1043 5138 1249 5205 γνῶσιν
1289 5137 1421 5204 περὶ
1477 5134 1574 5188 τοῦ
1597 5133 1789 5205 ἀνδρὸς
1816 5131 1903 5199 ἐξε
1918 5131 2000 5185 πί-

425 5243 647 5292 στασαι,
702 5231 796 5282 καὶ
853 5229 1020 5299 μηδὲν
1075 5231 1217 5300 μήτε
1269 5229 1409 5298 πρὸς
1464 5227 1625 5298 χάριν
1690 5227 1828 5295 μήτε
1859 5224 1998 5293 πρὸς

422 5318 742 5372 ἐναντίωσιν
772 5319 981 5389 ἔχοντα.
1023 5317 1414 5390 Διαθρυλλοῦσί
1437 5334 1578 5380 τινες
1625 5317 1754 5386 περὶ
1783 5314 1996 5368 Παύλου

424 5411 516 5464 τοῦ
564 5398 987 5480 θεοφιλεστάτου
1043 5408 1288 5482 μοναχοῦ
1333 5411 1428 5462 καὶ
1477 5406 1878 5478 πρεσϐυτέρου,
1920 5404 1996 5468 ὡς

428 5504 580 5574 παρὰ
617 5505 714 5574 τῆς
744 5506 840 5576 σῆς
872 5504 1144 5575 ἀκηκόασι
1174 5501 1449 5571 γλώσσης,
1495 5500 1578 5552 ὅτι
1617 5515 1724 5568 περ
1759 5498 1897 5568 μετὰ
1937 5496 1996 5548 τὸ

426 5595 788 5650 ἐπανελέσθαι
810 5595 910 5666 τὴν
935 5593 1228 5665 μοναδικὴν
1257 5591 1529 5646 πολιτείαν
1553 5594 1618 5660 τῇ
1667 5604 1808 5661 ¹ποτε
1840 5604 1996 5654 γενο-

428 5690 567 5761 μένῃ
636 5689 851 5758 συμϐίῳ
911 5688 1233 5757 πεφώραται
1311 5683 1718 5752 συνενούμενος,
1777 5683 1868 5732 καὶ
1920 5679 1996 5751 μὴ

429 5782 668 5849 φυλάξας
703 5781 802 5850 τὴν
848 5780 906 5845 ἐξ
938 5780 1110 5848 αὐτῆς
1146 5778 1440 5848 γινομένην
1493 5775 1775 5826 διάστασιν
1829 5771 1995 5824 καοαο

2100 4583 2429 4636 honoratam
2465 4579 2619 4648 degis
2651 4579 2812 4632 vitam
2844 4585 2899 4631 ct
2929 4593 3056 4632 cum
3105 4593 3301 4648 magno
3329 4579 3560 4647 honore,
3589 4581 3667 4635 uti

2100 4685 2410 4740 precamur,
2436 4684 2541 4722 non
2573 4668 2744 4721 solam
2780 4680 3101 4736 praesentem
3146 4678 3199 4723 et
3247 4670 3667 4744 subsequentem

2098 4761 2347 4830 obtinges
2377 4760 2627 4829 gloriam,
2682 4759 2775 4813 sed
2815 4769 2869 4812 et
2913 4776 3327 4828 permansuram
3369 4763 3422 4818 in
3461 4763 3664 4820 futuro.

2099 4852 2380 4907 Materiam
2415 4852 2580 4917 igitur
2629 4852 2833 4914 discas,
2867 4860 2922 4906 et
2962 4853 3055 4922 qui
3093 4854 3253 4906 nobis
3283 4855 3498 4910 vinculo
3535 4871 3669 4911 con—

2093 4945 2320 5014 junctus
2346 4959 2404 4998 es
2439 4943 2491 4997 in
2527 4942 2689 4997 Patre
2720 4951 2776 4997 et
2821 4942 2957 4997 Filio
2984 4954 3038 4999 et
3077 4956 3270 5001 sancto
3306 4945 3532 5017 Spiritu,
3571 4965 3668 5002 no-

2103 5046 2214 5090 tum
2260 5034 2428 5088 facias
2476 5035 2528 5088 in
2561 5043 2824 5104 quantum
2865 5034 2997 5090 dare
3049 5037 3229 5105 possis
3287 5045 3341 5092 et
3384 5038 3668 5092 resciveris

2100 5142 2289 5184 verum
2317 5128 2385 5180 de
2430 5129 2646 5180 homine
2683 5127 3075 5194 testimonium,
3106 5127 3347 5198 nihilque
3387 5144 3559 5198 neque
3587 5131 3666 5184 ira

2099 5236 2276 5290 neque
2327 5222 2510 5275 studio
2563 5219 2835 5288 proferas.
2879 5218 3112 5285 Quidam
3143 5221 3209 5276 de
3239 5221 3404 5277 Paulo
3432 5225 3667 5277 Inarime

2096 5312 2187 5382 pio
2219 5311 2492 5365 monacho
2527 5321 2581 5364 et
2605 5312 2918 5380 presbytero
2953 5320 3004 5362 te
3028 5311 3301 5365 dicentem
3337 5326 3398 5366 se
3445 5313 3668 5367 audisse

2097 5409 2372 5464 asserunt,
2423 5401 2566 5466 quod
2626 5399 2736 5465 ille,
2791 5409 2914 5468 post
2958 5409 3267 5468 susceptam
3309 5403 3666 5457 monasticam

2099 5493 2290 5558 vitam,
2326 5492 2699 5563 deprehensus
2729 5490 2894 5546 luerit
2933 5494 2984 5545 in
3041 5495 3192 5560 prius
3235 5501 3376 5546 nota:
3423 5497 3670 5552 mulieris

2099 5586 2448 5650 commercio,
2481 5584 2626 5655 quod
2662 5583 2857 5639 factam
2883 5598 3004 5636 cum
3033 5599 3095 5638 ea
3120 5586 3517 5653 separationem
3559 5605 3667 5642 non

2103 5678 2318 5732 sincere
2375 5678 2738 5741 servaverit,
2781 5691 2955 5745 neque
3007 5679 3292 5744 promlssis
3356 5679 3466 5736 Deo
3525 5681 3665 5734 datis

2103 5767 2335 5822 ﬁde'iter
2376 5768 2606 5821 steterit.
2649 5764 2772 5820 llgrc
2827 5767 2968 5821 dicta
3023 5767 3114 5820 ubi
3154 5767 3218 5821 atl
3256 5784 3420 5826 aures
3455 5781 3662 5825 nostras
