  <div class='ocr_page' id='page_1' title='image "/cluster/home/n/w/nwhite01/storage/ocr_20150623/111/hvd.32044073502288/205.png"; bbox 0 0 4088 6208; ppageno 0'>
   <div class='ocr_carea' id='block_1_1' title="bbox 423 340 524 404">
    <p class='ocr_par' dir='ltr' id='par_1_1' title="bbox 423 340 524 404">
     <span class='ocr_line' id='line_1_1' title="bbox 423 340 524 404; baseline -0.01 0"><span class='ocrx_word' id='word_1_1' title='bbox 423 340 524 404; x_wconf 81' lang='lat'><strong>367</strong></span> 
     </span>
    </p>
   </div>
   <div class='ocr_carea' id='block_1_2' title="bbox 1523 335 2543 398">
    <p class='ocr_par' dir='ltr' id='par_1_2' title="bbox 1523 335 2543 398">
     <span class='ocr_line' id='line_1_2' title="bbox 1523 335 2543 398; baseline 0 0"><span class='ocrx_word' id='word_1_2' title='bbox 1523 335 1830 398; x_wconf 78' lang='lat' dir='ltr'><strong>NICOLAI</strong></span> <span class='ocrx_word' id='word_1_3' title='bbox 1879 338 1990 395; x_wconf 76' lang='lat' dir='ltr'><strong>Cl’.</strong></span> <span class='ocrx_word' id='word_1_4' title='bbox 2029 339 2543 398; x_wconf 49' lang='lat' dir='ltr'><strong>PATRIM‘CILE</strong></span> 
     </span>
    </p>
   </div>
   <div class='ocr_carea' id='block_1_3' title="bbox 3575 341 3684 403">
    <p class='ocr_par' dir='ltr' id='par_1_3' title="bbox 3575 341 3684 403">
     <span class='ocr_line' id='line_1_3' title="bbox 3575 341 3684 403; baseline -0.028 -1"><span class='ocrx_word' id='word_1_5' title='bbox 3575 341 3684 403; x_wconf 79' lang='lat'><strong>368</strong></span> 
     </span>
    </p>
   </div>
   <div class='ocr_carea' id='block_1_4' title="bbox 419 447 2004 526">
    <p class='ocr_par' dir='ltr' id='par_1_4' title="bbox 419 447 2003 521">
     <span class='ocr_line' id='line_1_4' title="bbox 419 447 2003 521; baseline -0.002 -16"><span class='ocrx_word' id='word_1_6' title='bbox 419 457 804 521; x_wconf 79' lang='lat' dir='ltr'><strong>pervenerunt,</strong></span> <span class='ocrx_word' id='word_1_7' title='bbox 844 463 912 504; x_wconf 88' lang='lat' dir='ltr'><strong>eo</strong></span> <span class='ocrx_word' id='word_1_8' title='bbox 976 451 1151 520; x_wconf 84' lang='lat' dir='ltr'><strong>magis</strong></span> <span class='ocrx_word' id='word_1_9' title='bbox 1221 448 1528 502; x_wconf 67' lang='lat' dir='ltr'><strong>contristati</strong></span> <span class='ocrx_word' id='word_1_10' title='bbox 1586 457 1640 501; x_wconf 86' lang='lat' dir='ltr'><strong>et</strong></span> <span class='ocrx_word' id='word_1_11' title='bbox 1701 447 2003 517; x_wconf 80' lang='lat' dir='ltr'><strong>perturbati</strong></span> 
     </span>
    </p>
   </div>
   <div class='ocr_carea' id='block_1_5' title="bbox 2106 447 3683 526">
    <p class='ocr_par' dir='ltr' id='par_1_5' title="bbox 2112 453 3683 526">
     <span class='ocr_line' id='line_1_5' title="bbox 2112 453 3683 526; baseline 0 -22"><span class='ocrx_word' id='word_1_12' title='bbox 2112 453 2234 519; x_wconf 82' lang='grc' dir='ltr'><strong>ράν,</strong></span> <span class='ocrx_word' id='word_1_13' title='bbox 2263 453 2400 523; x_wconf 78' lang='grc' dir='ltr'>μηδὲ</span> <span class='ocrx_word' id='word_1_14' title='bbox 2429 454 2528 525; x_wconf 77' lang='grc' dir='ltr'>τὴν</span> <span class='ocrx_word' id='word_1_15' title='bbox 2561 454 2896 520; x_wconf 75' lang='grc' dir='ltr'>ἐπαγγελίαν</span> <span class='ocrx_word' id='word_1_16' title='bbox 2925 456 3335 524; x_wconf 82' lang='grc' dir='ltr'>διασωσάμενος</span> <span class='ocrx_word' id='word_1_17' title='bbox 3369 456 3504 526; x_wconf 60' lang='grc' dir='ltr'>πρδς</span> <span class='ocrx_word' id='word_1_18' title='bbox 3548 454 3683 505; x_wconf 74' lang='grc' dir='ltr'>Θεὶιν</span> 
     </span>
    </p>
   </div>
   <div class='ocr_carea' id='block_1_6' title="bbox 422 538 2004 608">
    <p class='ocr_par' dir='ltr' id='par_1_6' title="bbox 422 538 2004 608">
     <span class='ocr_line' id='line_1_6' title="bbox 422 538 2004 608; baseline -0.005 -10"><span class='ocrx_word' id='word_1_19' title='bbox 422 555 635 604; x_wconf 67' lang='lat' dir='ltr'><strong>Sumus,</strong></span> <span class='ocrx_word' id='word_1_20' title='bbox 661 540 805 608; x_wconf 85' lang='lat' dir='ltr'><strong>quod</strong></span> <span class='ocrx_word' id='word_1_21' title='bbox 839 541 1022 606; x_wconf 88' lang='lat' dir='ltr'><strong>homo,</strong></span> <span class='ocrx_word' id='word_1_22' title='bbox 1073 539 1298 594; x_wconf 76' lang='lat' dir='ltr'><strong>testium</strong></span> <span class='ocrx_word' id='word_1_23' title='bbox 1357 540 1481 603; x_wconf 81' lang='lat' dir='ltr'><strong>title,</strong></span> <span class='ocrx_word' id='word_1_24' title='bbox 1515 539 1582 592; x_wconf 82' lang='lat' dir='ltr'><strong>ad</strong></span> <span class='ocrx_word' id='word_1_25' title='bbox 1640 538 2004 592; x_wconf 78' lang='lat' dir='ltr'><strong>sacerdotium</strong></span> 
     </span>
    </p>
   </div>
   <div class='ocr_carea' id='block_1_7' title="bbox 423 631 2008 689">
    <p class='ocr_par' dir='ltr' id='par_1_7' title="bbox 423 631 2008 689">
     <span class='ocr_line' id='line_1_7' title="bbox 423 631 2008 689; baseline -0.003 -1"><span class='ocrx_word' id='word_1_26' title='bbox 423 642 644 689; x_wconf 80' lang='lat' dir='ltr'><strong>evectus</strong></span> <span class='ocrx_word' id='word_1_27' title='bbox 674 642 726 687; x_wconf 92' lang='lat' dir='ltr'><strong>et</strong></span> <span class='ocrx_word' id='word_1_28' title='bbox 762 633 900 686; x_wconf 87' lang='lat' dir='ltr'><strong>inter</strong></span> <span class='ocrx_word' id='word_1_29' title='bbox 926 633 1223 687; x_wconf 78' lang='lat' dir='ltr'><strong>sanctuarii</strong></span> <span class='ocrx_word' id='word_1_30' title='bbox 1255 633 1538 686; x_wconf 88' lang='lat' dir='ltr'><strong>ministros</strong></span> <span class='ocrx_word' id='word_1_31' title='bbox 1578 631 1854 686; x_wconf 88' lang='lat' dir='ltr'><strong>admissus</strong></span> <span class='ocrx_word' id='word_1_32' title='bbox 1894 646 2008 684; x_wconf 89' lang='lat' dir='ltr'><strong>ma-</strong></span> 
     </span>
    </p>
   </div>
   <div class='ocr_carea' id='block_1_8' title="bbox 418 722 2010 795">
    <p class='ocr_par' dir='ltr' id='par_1_8' title="bbox 418 722 2010 795">
     <span class='ocr_line' id='line_1_8' title="bbox 418 722 2010 795; baseline -0.004 -14"><span class='ocrx_word' id='word_1_33' title='bbox 418 727 524 794; x_wconf 81' lang='lat' dir='ltr'><strong>jori</strong></span> <span class='ocrx_word' id='word_1_34' title='bbox 549 727 710 780; x_wconf 88' lang='lat' dir='ltr'><strong>etiam</strong></span> <span class='ocrx_word' id='word_1_35' title='bbox 744 725 921 779; x_wconf 79' lang='lat' dir='ltr'><strong>inhiat</strong></span> <span class='ocrx_word' id='word_1_36' title='bbox 970 724 1243 795; x_wconf 78' lang='lat' dir='ltr'><strong>dignitati.</strong></span> <span class='ocrx_word' id='word_1_37' title='bbox 1285 724 1360 778; x_wconf 89' lang='lat' dir='ltr'><strong>En</strong></span> <span class='ocrx_word' id='word_1_38' title='bbox 1399 723 1577 793; x_wconf 82' lang='lat' dir='ltr'><strong>quoad</strong></span> <span class='ocrx_word' id='word_1_39' title='bbox 1602 722 1878 777; x_wconf 81' lang='lat' dir='ltr'><strong>hominem</strong></span> <span class='ocrx_word' id='word_1_40' title='bbox 1914 737 2010 776; x_wconf 86' lang='lat' dir='ltr'><strong>no-</strong></span> 
     </span>
    </p>
   </div>
   <div class='ocr_carea' id='block_1_9' title="bbox 425 816 2010 887">
    <p class='ocr_par' dir='ltr' id='par_1_9' title="bbox 425 816 2010 887">
     <span class='ocr_line' id='line_1_9' title="bbox 425 816 2010 887; baseline -0.002 -16"><span class='ocrx_word' id='word_1_41' title='bbox 425 828 620 872; x_wconf 89' lang='lat' dir='ltr'><strong>strum.</strong></span> <span class='ocrx_word' id='word_1_42' title='bbox 655 816 736 870; x_wconf 86' lang='lat' dir='ltr'><strong>Tu</strong></span> <span class='ocrx_word' id='word_1_43' title='bbox 773 817 936 887; x_wconf 80' lang='lat' dir='ltr'><strong>igitur</strong></span> <span class='ocrx_word' id='word_1_44' title='bbox 962 816 1050 870; x_wconf 89' lang='lat' dir='ltr'><strong>illa</strong></span> <span class='ocrx_word' id='word_1_45' title='bbox 1075 817 1235 870; x_wconf 91' lang='lat' dir='ltr'><strong>nobis</strong></span> <span class='ocrx_word' id='word_1_46' title='bbox 1266 816 1560 880; x_wconf 79' lang='lat' dir='ltr'><strong>rescribas,</strong></span> <span class='ocrx_word' id='word_1_47' title='bbox 1599 831 1720 885; x_wconf 75' lang='lat' dir='ltr'><strong>qute</strong></span> <span class='ocrx_word' id='word_1_48' title='bbox 1749 826 1876 871; x_wconf 86' lang='lat' dir='ltr'><strong>ante</strong></span> <span class='ocrx_word' id='word_1_49' title='bbox 1905 825 2010 869; x_wconf 84' lang='lat' dir='ltr'><strong>ter-</strong></span> 
     </span>
    </p>
   </div>
   <div class='ocr_carea' id='block_1_10' title="bbox 426 908 2008 976">
    <p class='ocr_par' dir='ltr' id='par_1_10' title="bbox 426 908 2008 976">
     <span class='ocr_line' id='line_1_10' title="bbox 426 908 2008 976; baseline -0.001 -14"><span class='ocrx_word' id='word_1_50' title='bbox 426 910 582 965; x_wconf 86' lang='lat' dir='ltr'><strong>ribile</strong></span> <span class='ocrx_word' id='word_1_51' title='bbox 605 909 807 963; x_wconf 80' lang='lat' dir='ltr'><strong>Christi</strong></span> <span class='ocrx_word' id='word_1_52' title='bbox 839 909 1103 972; x_wconf 89' lang='lat' dir='ltr'><strong>tribunal,</strong></span> <span class='ocrx_word' id='word_1_53' title='bbox 1139 923 1252 976; x_wconf 87' lang='lat' dir='ltr'><strong>quo</strong></span> <span class='ocrx_word' id='word_1_54' title='bbox 1279 908 1536 961; x_wconf 88' lang='lat' dir='ltr'><strong>denudati</strong></span> <span class='ocrx_word' id='word_1_55' title='bbox 1583 922 1780 961; x_wconf 90' lang='lat' dir='ltr'><strong>omnes</strong></span> <span class='ocrx_word' id='word_1_56' title='bbox 1821 909 2008 961; x_wconf 82' lang='lat' dir='ltr'><strong>adsta-</strong></span> 
     </span>
    </p>
   </div>
   <div class='ocr_carea' id='block_1_11' title="bbox 425 999 2011 1069">
    <p class='ocr_par' dir='ltr' id='par_1_11' title="bbox 425 999 2011 1069">
     <span class='ocr_line' id='line_1_11' title="bbox 425 999 2011 1069; baseline -0.002 -15"><span class='ocrx_word' id='word_1_57' title='bbox 425 1000 627 1064; x_wconf 64' lang='lat' dir='ltr'><strong>liimus,</strong></span> <span class='ocrx_word' id='word_1_58' title='bbox 685 1014 1060 1069; x_wconf 85' lang='lat' dir='ltr'><strong>responsurus</strong></span> <span class='ocrx_word' id='word_1_59' title='bbox 1107 999 1184 1052; x_wconf 86' lang='lat' dir='ltr'><strong>sis</strong></span> <span class='ocrx_word' id='word_1_60' title='bbox 1231 1013 1413 1052; x_wconf 80' lang='lat' dir='ltr'><strong>coram</strong></span> <span class='ocrx_word' id='word_1_61' title='bbox 1454 999 1774 1068; x_wconf 82' lang='lat' dir='ltr'><strong>angelorum</strong></span> <span class='ocrx_word' id='word_1_62' title='bbox 1805 999 2011 1052; x_wconf 90' lang='lat' dir='ltr'><strong>ordini-</strong></span> 
     </span>
    </p>
   </div>
   <div class='ocr_carea' id='block_1_12' title="bbox 421 1092 2012 1148">
    <p class='ocr_par' dir='ltr' id='par_1_12' title="bbox 421 1092 2012 1148">
     <span class='ocr_line' id='line_1_12' title="bbox 421 1092 2012 1148; baseline -0.002 -1"><span class='ocrx_word' id='word_1_63' title='bbox 421 1093 527 1148; x_wconf 76' lang='lat' dir='ltr'><strong>bus</strong></span> <span class='ocrx_word' id='word_1_64' title='bbox 555 1100 609 1148; x_wconf 89' lang='lat' dir='ltr'><strong>et</strong></span> <span class='ocrx_word' id='word_1_65' title='bbox 631 1092 910 1148; x_wconf 85' lang='lat' dir='ltr'><strong>hominum</strong></span> <span class='ocrx_word' id='word_1_66' title='bbox 951 1106 1250 1148; x_wconf 88' lang='lat' dir='ltr'><strong>concursu.</strong></span> <span class='ocrx_word' id='word_1_67' title='bbox 1273 1092 1346 1146; x_wconf 88' lang='lat' dir='ltr'><strong>De</strong></span> <span class='ocrx_word' id='word_1_68' title='bbox 1377 1101 1576 1147; x_wconf 62' lang='lat' dir='ltr'><strong>caetero</strong></span> <span class='ocrx_word' id='word_1_69' title='bbox 1610 1092 1790 1146; x_wconf 85' lang='lat' dir='ltr'><strong>valeas</strong></span> <span class='ocrx_word' id='word_1_70' title='bbox 1807 1100 1860 1144; x_wconf 91' lang='lat' dir='ltr'><strong>et</strong></span> <span class='ocrx_word' id='word_1_71' title='bbox 1887 1105 2012 1145; x_wconf 89' lang='lat' dir='ltr'><strong>cus-</strong></span> 
     </span>
    </p>
   </div>
   <div class='ocr_carea' id='block_1_13' title="bbox 423 1185 2007 1243">
    <p class='ocr_par' dir='ltr' id='par_1_13' title="bbox 423 1185 2007 1243">
     <span class='ocr_line' id='line_1_13' title="bbox 423 1185 2007 1243; baseline -0.001 -3"><span class='ocrx_word' id='word_1_72' title='bbox 423 1187 596 1242; x_wconf 87' lang='lat' dir='ltr'><strong>todiat</strong></span> <span class='ocrx_word' id='word_1_73' title='bbox 633 1199 682 1242; x_wconf 88' lang='lat' dir='ltr'><strong>te</strong></span> <span class='ocrx_word' id='word_1_74' title='bbox 736 1186 1000 1243; x_wconf 88' lang='lat' dir='ltr'><strong>Dominus</strong></span> <span class='ocrx_word' id='word_1_75' title='bbox 1045 1188 1113 1241; x_wconf 90' lang='lat' dir='ltr'><strong>ab</strong></span> <span class='ocrx_word' id='word_1_76' title='bbox 1152 1187 1300 1242; x_wconf 91' lang='lat' dir='ltr'><strong>omni</strong></span> <span class='ocrx_word' id='word_1_77' title='bbox 1333 1187 1476 1241; x_wconf 86' lang='lat' dir='ltr'><strong>malo</strong></span> <span class='ocrx_word' id='word_1_78' title='bbox 1508 1187 1706 1242; x_wconf 74' lang='lat' dir='ltr'><strong>visibili</strong></span> <span class='ocrx_word' id='word_1_79' title='bbox 1737 1197 1790 1241; x_wconf 93' lang='lat' dir='ltr'><strong>et</strong></span> <span class='ocrx_word' id='word_1_80' title='bbox 1816 1185 2007 1239; x_wconf 88' lang='lat' dir='ltr'><strong>invisi-</strong></span> 
     </span>
    </p>
   </div>
   <div class='ocr_carea' id='block_1_14' title="bbox 421 1282 891 1350">
    <p class='ocr_par' dir='ltr' id='par_1_14' title="bbox 421 1282 891 1350">
     <span class='ocr_line' id='line_1_14' title="bbox 421 1282 891 1350; baseline 0 -18"><span class='ocrx_word' id='word_1_81' title='bbox 421 1282 519 1336; x_wconf 82' lang='lat' dir='ltr'><strong>bili</strong></span> <span class='ocrx_word' id='word_1_82' title='bbox 551 1292 891 1350; x_wconf 84' lang='lat' dir='ltr'><strong>exemptum.</strong></span> 
     </span>
    </p>
   </div>
   <div class='ocr_carea' id='block_1_15' title="bbox 2106 543 3686 618">
    <p class='ocr_par' dir='ltr' id='par_1_15' title="bbox 2106 543 3686 618">
     <span class='ocr_line' id='line_1_15' title="bbox 2106 543 3686 618; baseline -0.001 -22"><span class='ocrx_word' id='word_1_83' title='bbox 2106 544 2310 615; x_wconf 79' lang='grc' dir='ltr'><strong>ἀψευδῆ</strong></span> <span class='ocrx_word' id='word_1_84' title='bbox 2341 546 2438 597; x_wconf 62' lang='grc' dir='ltr'><strong>καὶ⁵</strong></span> <span class='ocrx_word' id='word_1_85' title='bbox 2497 543 2810 599; x_wconf 76' lang='grc' dir='ltr'><strong>ἀνόθευτον.</strong></span> <span class='ocrx_word' id='word_1_86' title='bbox 2875 544 3082 612; x_wconf 78' lang='grc' dir='ltr'>Ταῦτα,</span> <span class='ocrx_word' id='word_1_87' title='bbox 3129 548 3206 610; x_wconf 89' lang='grc' dir='ltr'><strong>ώς</strong></span> <span class='ocrx_word' id='word_1_88' title='bbox 3265 548 3504 618; x_wconf 80' lang='grc' dir='ltr'>εἴρηται,</span> <span class='ocrx_word' id='word_1_89' title='bbox 3547 554 3686 615; x_wconf 63' lang='grc' dir='ltr'>προς</span> 
     </span>
    </p>
   </div>
   <div class='ocr_carea' id='block_1_16' title="bbox 2106 632 3686 707">
    <p class='ocr_par' dir='ltr' id='par_1_16' title="bbox 2106 632 3686 707">
     <span class='ocr_line' id='line_1_16' title="bbox 2106 632 3686 707; baseline 0.002 -22"><span class='ocrx_word' id='word_1_90' title='bbox 2106 633 2202 696; x_wconf 77' lang='grc' dir='ltr'><strong>τὰς</strong></span> <span class='ocrx_word' id='word_1_91' title='bbox 2237 634 2518 705; x_wconf 80' lang='grc' dir='ltr'>ἡμετέρας</span> <span class='ocrx_word' id='word_1_92' title='bbox 2563 635 2735 698; x_wconf 72' lang='grc' dir='ltr'>ἀκοάς</span> <span class='ocrx_word' id='word_1_93' title='bbox 2784 635 3008 690; x_wconf 73' lang='grc' dir='ltr'>ἐλθόντα</span> <span class='ocrx_word' id='word_1_94' title='bbox 3032 632 3120 691; x_wconf 79' lang='grc' dir='ltr'>οἷα</span> <span class='ocrx_word' id='word_1_95' title='bbox 3165 639 3310 702; x_wconf 75' lang='grc' dir='ltr'>εἰκὸς</span> <span class='ocrx_word' id='word_1_96' title='bbox 3352 637 3593 707; x_wconf 78' lang='grc' dir='ltr'>ἐλύπησέ</span> <span class='ocrx_word' id='word_1_97' title='bbox 3627 653 3686 688; x_wconf 87' lang='grc' dir='ltr'><strong>τε</strong></span> 
     </span>
    </p>
   </div>
   <div class='ocr_carea' id='block_1_17' title="bbox 2107 724 3689 800">
    <p class='ocr_par' dir='ltr' id='par_1_17' title="bbox 2107 724 3689 800">
     <span class='ocr_line' id='line_1_17' title="bbox 2107 724 3689 800; baseline 0.002 -24"><span class='ocrx_word' id='word_1_98' title='bbox 2107 724 2201 776; x_wconf 77' lang='grc' dir='ltr'>καὶ</span> <span class='ocrx_word' id='word_1_99' title='bbox 2234 726 2622 797; x_wconf 80' lang='grc' dir='ltr'><strong>συνετάραξεν,</strong></span> <span class='ocrx_word' id='word_1_100' title='bbox 2677 728 2760 780; x_wconf 87' lang='grc' dir='ltr'>ὅτι</span> <span class='ocrx_word' id='word_1_101' title='bbox 2813 745 2871 780; x_wconf 86' lang='grc' dir='ltr'><strong>τε</strong></span> <span class='ocrx_word' id='word_1_102' title='bbox 2906 729 2933 781; x_wconf 77' lang='grc' dir='ltr'>ὁ</span> <span class='ocrx_word' id='word_1_103' title='bbox 2988 729 3273 800; x_wconf 76' lang='grc' dir='ltr'>ἄνθρωπος</span> <span class='ocrx_word' id='word_1_104' title='bbox 3320 731 3448 799; x_wconf 79' lang='grc' dir='ltr'>παρ’</span> <span class='ocrx_word' id='word_1_105' title='bbox 3485 729 3689 798; x_wconf 83' lang='grc' dir='ltr'>ἑτέρων</span> 
     </span>
    </p>
   </div>
   <div class='ocr_carea' id='block_1_18' title="bbox 2108 819 3688 893">
    <p class='ocr_par' dir='ltr' id='par_1_18' title="bbox 2108 819 3688 893">
     <span class='ocr_line' id='line_1_18' title="bbox 2108 819 3688 893; baseline 0 -22"><span class='ocrx_word' id='word_1_106' title='bbox 2108 819 2424 888; x_wconf 82' lang='grc' dir='ltr'><strong>προσώπων</strong></span> <span class='ocrx_word' id='word_1_107' title='bbox 2457 822 2556 892; x_wconf 76' lang='grc' dir='ltr'>τὴν</span> <span class='ocrx_word' id='word_1_108' title='bbox 2594 823 2907 892; x_wconf 80' lang='grc' dir='ltr'><strong>μαρτυρίαν</strong></span> <span class='ocrx_word' id='word_1_109' title='bbox 2977 823 3403 893; x_wconf 81' lang='grc' dir='ltr'><strong>παρασχόμενος</strong></span> <span class='ocrx_word' id='word_1_110' title='bbox 3443 821 3688 892; x_wconf 76' lang='grc' dir='ltr'>πρεσϐυ-</span> 
     </span>
    </p>
   </div>
   <div class='ocr_carea' id='block_1_19' title="bbox 2107 912 3685 985">
    <p class='ocr_par' dir='ltr' id='par_1_19' title="bbox 2107 912 3685 985">
     <span class='ocr_line' id='line_1_19' title="bbox 2107 912 3685 985; baseline 0 -21"><span class='ocrx_word' id='word_1_111' title='bbox 2107 913 2292 982; x_wconf 86' lang='grc' dir='ltr'>τερίου</span> <span class='ocrx_word' id='word_1_112' title='bbox 2347 912 2579 983; x_wconf 79' lang='grc' dir='ltr'>ἠξιώθη,</span> <span class='ocrx_word' id='word_1_113' title='bbox 2641 917 2736 966; x_wconf 74' lang='grc' dir='ltr'><strong>καὶ</strong></span> <span class='ocrx_word' id='word_1_114' title='bbox 2784 915 2894 968; x_wconf 86' lang='grc' dir='ltr'><strong>τῶν</strong></span> <span class='ocrx_word' id='word_1_115' title='bbox 2943 915 3406 985; x_wconf 82' lang='grc' dir='ltr'><strong>λειτουργούντων</strong></span> <span class='ocrx_word' id='word_1_116' title='bbox 3439 915 3516 984; x_wconf 80' lang='grc' dir='ltr'>τῷ</span> <span class='ocrx_word' id='word_1_117' title='bbox 3549 917 3685 982; x_wconf 86' lang='grc' dir='ltr'>ἀγίῳ</span> 
     </span>
    </p>
   </div>
   <div class='ocr_carea' id='block_1_20' title="bbox 2110 999 3681 1077">
    <p class='ocr_par' dir='ltr' id='par_1_20' title="bbox 2110 999 3681 1077">
     <span class='ocr_line' id='line_1_20' title="bbox 2110 999 3681 1077; baseline 0.002 -22"><span class='ocrx_word' id='word_1_118' title='bbox 2110 1003 2486 1074; x_wconf 79' lang='grc' dir='ltr'><strong>θυσιαστηρίῳ</strong></span> <span class='ocrx_word' id='word_1_119' title='bbox 2518 999 2600 1068; x_wconf 75' lang='grc' dir='ltr'><strong>εἷς</strong></span> <span class='ocrx_word' id='word_1_120' title='bbox 2651 1006 3008 1075; x_wconf 76' lang='grc' dir='ltr'><strong>χρηματίζει,</strong></span> <span class='ocrx_word' id='word_1_121' title='bbox 3041 1009 3138 1060; x_wconf 82' lang='grc' dir='ltr'>καὶ</span> <span class='ocrx_word' id='word_1_122' title='bbox 3184 1009 3323 1077; x_wconf 76' lang='grc' dir='ltr'>πρὸς</span> <span class='ocrx_word' id='word_1_123' title='bbox 3360 1007 3578 1076; x_wconf 79' lang='grc' dir='ltr'>μείζονα</span> <span class='ocrx_word' id='word_1_124' title='bbox 3604 1007 3681 1058; x_wconf 83' lang='grc' dir='ltr'>ἔτι</span> 
     </span>
    </p>
   </div>
   <div class='ocr_carea' id='block_1_21' title="bbox 2109 1093 3681 1168">
    <p class='ocr_par' dir='ltr' id='par_1_21' title="bbox 2109 1093 3681 1168">
     <span class='ocr_line' id='line_1_21' title="bbox 2109 1093 3681 1168; baseline 0 -22"><span class='ocrx_word' id='word_1_125' title='bbox 2109 1094 2295 1165; x_wconf 68' lang='grc' dir='ltr'>ἀφορᾷ</span> <span class='ocrx_word' id='word_1_126' title='bbox 2316 1093 2687 1164; x_wconf 84' lang='grc' dir='ltr'>λειτουργίαν.</span> <span class='ocrx_word' id='word_1_127' title='bbox 2728 1096 2914 1166; x_wconf 81' lang='grc' dir='ltr'>Ἔχεις</span> <span class='ocrx_word' id='word_1_128' title='bbox 2949 1099 3047 1167; x_wconf 81' lang='grc' dir='ltr'>μὲν</span> <span class='ocrx_word' id='word_1_129' title='bbox 3083 1099 3230 1168; x_wconf 82' lang='grc' dir='ltr'>παρ’</span> <span class='ocrx_word' id='word_1_130' title='bbox 3263 1099 3416 1168; x_wconf 75' lang='grc' dir='ltr'>ἡμῶν</span> <span class='ocrx_word' id='word_1_131' title='bbox 3458 1096 3681 1167; x_wconf 82' lang='grc' dir='ltr'>δεδηλω-</span> 
     </span>
    </p>
   </div>
   <div class='ocr_carea' id='block_1_22' title="bbox 2111 1185 3685 1258">
    <p class='ocr_par' dir='ltr' id='par_1_22' title="bbox 2111 1185 3685 1258">
     <span class='ocr_line' id='line_1_22' title="bbox 2111 1185 3685 1258; baseline 0 -22"><span class='ocrx_word' id='word_1_132' title='bbox 2111 1186 2282 1254; x_wconf 83' lang='grc' dir='ltr'>μένην</span> <span class='ocrx_word' id='word_1_133' title='bbox 2319 1185 2416 1256; x_wconf 82' lang='grc' dir='ltr'>τὴν</span> <span class='ocrx_word' id='word_1_134' title='bbox 2453 1186 2582 1256; x_wconf 77' lang='grc' dir='ltr'>περὶ</span> <span class='ocrx_word' id='word_1_135' title='bbox 2616 1186 2706 1239; x_wconf 74' lang='grc' dir='ltr'><strong>τοῦ</strong></span> <span class='ocrx_word' id='word_1_136' title='bbox 2753 1186 3042 1256; x_wconf 85' lang='grc' dir='ltr'>ἀνθρώπου</span> <span class='ocrx_word' id='word_1_137' title='bbox 3093 1192 3304 1258; x_wconf 81' lang='grc' dir='ltr'>φήμην.</span> <span class='ocrx_word' id='word_1_138' title='bbox 3344 1191 3414 1241; x_wconf 74' lang='grc' dir='ltr'><strong>Σὺ</strong></span> <span class='ocrx_word' id='word_1_139' title='bbox 3443 1189 3685 1240; x_wconf 67' lang='grc' dir='ltr'>δ’ὲκεῖκα</span> 
     </span>
    </p>
   </div>
   <div class='ocr_carea' id='block_1_23' title="bbox 2108 1278 3685 1353">
    <p class='ocr_par' dir='ltr' id='par_1_23' title="bbox 2108 1278 3685 1353">
     <span class='ocr_line' id='line_1_23' title="bbox 2108 1278 3685 1353; baseline -0.001 -23"><span class='ocrx_word' id='word_1_140' title='bbox 2108 1279 2320 1347; x_wconf 72' lang='grc' dir='ltr'>γράψον</span> <span class='ocrx_word' id='word_1_141' title='bbox 2356 1280 2489 1347; x_wconf 75' lang='grc' dir='ltr'>ἡμῖν</span> <span class='ocrx_word' id='word_1_142' title='bbox 2531 1278 2565 1330; x_wconf 81' lang='grc' dir='ltr'>ἃ</span> <span class='ocrx_word' id='word_1_143' title='bbox 2601 1282 2694 1330; x_wconf 76' lang='grc' dir='ltr'>καὶ</span> <span class='ocrx_word' id='word_1_144' title='bbox 2727 1279 2801 1349; x_wconf 81' lang='grc' dir='ltr'>τῷ</span> <span class='ocrx_word' id='word_1_145' title='bbox 2837 1280 3050 1350; x_wconf 78' lang='grc' dir='ltr'>φρικτῷ</span> <span class='ocrx_word' id='word_1_146' title='bbox 3079 1280 3285 1353; x_wconf 80' lang='grc' dir='ltr'>βήματι</span> <span class='ocrx_word' id='word_1_147' title='bbox 3312 1281 3405 1332; x_wconf 72' lang='grc' dir='ltr'>τοῦ</span> <span class='ocrx_word' id='word_1_148' title='bbox 3425 1281 3685 1350; x_wconf 59' lang='grc' dir='ltr'>Χριστοα,</span> 
     </span>
    </p>
   </div>
   <div class='ocr_carea' id='block_1_24' title="bbox 423 1370 3691 1445">
    <p class='ocr_par' dir='ltr' id='par_1_24' title="bbox 423 1370 3691 1445">
     <span class='ocr_line' id='line_1_24' title="bbox 423 1370 3691 1445; baseline -0.003 -19"><span class='ocrx_word' id='word_1_149' title='bbox 423 1379 509 1426; x_wconf 81' lang='grc' dir='ltr'>ὅτε</span> <span class='ocrx_word' id='word_1_150' title='bbox 543 1375 745 1437; x_wconf 83' lang='grc' dir='ltr'>πάντες</span> <span class='ocrx_word' id='word_1_151' title='bbox 780 1373 930 1445; x_wconf 84' lang='grc' dir='ltr'><strong>αὺτῷ</strong></span> <span class='ocrx_word' id='word_1_152' title='bbox 971 1376 1179 1443; x_wconf 76' lang='grc' dir='ltr'>γυμνοὶ</span> <span class='ocrx_word' id='word_1_153' title='bbox 1247 1373 1739 1445; x_wconf 77' lang='grc' dir='ltr'>παραστησόμεθα,</span> <span class='ocrx_word' id='word_1_154' title='bbox 1793 1373 2008 1444; x_wconf 83' lang='grc' dir='ltr'>μέλλεις</span> <span class='ocrx_word' id='word_1_155' title='bbox 2064 1372 2406 1424; x_wconf 81' lang='grc' dir='ltr'>κατενώπιον</span> <span class='ocrx_word' id='word_1_156' title='bbox 2460 1372 2641 1438; x_wconf 88' lang='grc' dir='ltr'>πάσης</span> <span class='ocrx_word' id='word_1_157' title='bbox 2697 1374 2798 1441; x_wconf 83' lang='grc' dir='ltr'><strong>τῆς</strong></span> <span class='ocrx_word' id='word_1_158' title='bbox 2859 1371 3161 1440; x_wconf 79' lang='grc' dir='ltr'>ἀγγελικῆς</span> <span class='ocrx_word' id='word_1_159' title='bbox 3214 1372 3420 1436; x_wconf 77' lang='grc' dir='ltr'>τάξεως</span> <span class='ocrx_word' id='word_1_160' title='bbox 3453 1371 3545 1422; x_wconf 72' lang='grc' dir='ltr'>καὶ</span> <span class='ocrx_word' id='word_1_161' title='bbox 3596 1370 3691 1432; x_wconf 56' lang='grc' dir='ltr'>τῆς</span> 
     </span>
    </p>
   </div>
   <div class='ocr_carea' id='block_1_25' title="bbox 424 1463 3688 1542">
    <p class='ocr_par' dir='ltr' id='par_1_25' title="bbox 424 1463 3688 1542">
     <span class='ocr_line' id='line_1_25' title="bbox 424 1463 3688 1542; baseline -0.003 -20"><span class='ocrx_word' id='word_1_162' title='bbox 424 1469 772 1542; x_wconf 75' lang='grc' dir='ltr'>ἀνθρωπίνης</span> <span class='ocrx_word' id='word_1_163' title='bbox 802 1468 1205 1537; x_wconf 72' lang='grc' dir='ltr'>παραστάσεως</span> <span class='ocrx_word' id='word_1_164' title='bbox 1245 1468 1672 1538; x_wconf 81' lang='grc' dir='ltr'>ἀποκρίνασθαι.</span> <span class='ocrx_word' id='word_1_165' title='bbox 1698 1466 1778 1519; x_wconf 70' lang='grc' dir='ltr'><strong>Τὰ</strong></span> <span class='ocrx_word' id='word_1_166' title='bbox 1815 1467 1862 1518; x_wconf 84' lang='grc' dir='ltr'>δ’</span> <span class='ocrx_word' id='word_1_167' title='bbox 1889 1465 2026 1520; x_wconf 85' lang='grc' dir='ltr'>ἄλλα</span> <span class='ocrx_word' id='word_1_168' title='bbox 2057 1465 2372 1536; x_wconf 71' lang='grc' dir='ltr'>ἐρρωμένον</span> <span class='ocrx_word' id='word_1_169' title='bbox 2433 1482 2490 1516; x_wconf 87' lang='grc' dir='ltr'><strong>σε</strong></span> <span class='ocrx_word' id='word_1_170' title='bbox 2542 1463 2772 1534; x_wconf 70' lang='grc' dir='ltr'>φυλάξοι</span> <span class='ocrx_word' id='word_1_171' title='bbox 2825 1467 2852 1518; x_wconf 84' lang='grc' dir='ltr'><strong>δ</strong></span> <span class='ocrx_word' id='word_1_172' title='bbox 2907 1468 3110 1539; x_wconf 85' lang='grc' dir='ltr'>Κύριος</span> <span class='ocrx_word' id='word_1_173' title='bbox 3173 1465 3355 1534; x_wconf 72' lang='grc' dir='ltr'>πάςης</span> <span class='ocrx_word' id='word_1_174' title='bbox 3423 1463 3688 1532; x_wconf 72' lang='grc' dir='ltr'>ἐπηρείας</span> 
     </span>
    </p>
   </div>
   <div class='ocr_carea' id='block_1_26' title="bbox 423 1561 1478 1636">
    <p class='ocr_par' dir='ltr' id='par_1_26' title="bbox 423 1561 1478 1636">
     <span class='ocr_line' id='line_1_26' title="bbox 423 1561 1478 1636; baseline -0.003 -17"><span class='ocrx_word' id='word_1_175' title='bbox 423 1562 654 1636; x_wconf 85' lang='grc' dir='ltr'>ἀοράτου</span> <span class='ocrx_word' id='word_1_176' title='bbox 677 1579 734 1616; x_wconf 86' lang='grc' dir='ltr'><strong>τε</strong></span> <span class='ocrx_word' id='word_1_177' title='bbox 757 1567 852 1616; x_wconf 76' lang='grc' dir='ltr'>καὶ</span> <span class='ocrx_word' id='word_1_178' title='bbox 874 1561 1158 1634; x_wconf 85' lang='grc' dir='ltr'>ὁρωμένης</span> <span class='ocrx_word' id='word_1_179' title='bbox 1186 1562 1478 1635; x_wconf 87' lang='grc' dir='ltr'>ἀνώτερον.</span> 
     </span>
    </p>
   </div>
   <div class='ocr_carea' id='block_1_27' title="bbox 778 1703 1625 1774">
    <p class='ocr_par' dir='ltr' id='par_1_27' title="bbox 778 1703 1625 1774">
     <span class='ocr_line' id='line_1_27' title="bbox 778 1703 1625 1774; baseline -0.005 -14"><span class='ocrx_word' id='word_1_180' title='bbox 778 1704 958 1760; x_wconf 80' lang='lat' dir='ltr'><strong>CXLI.</strong></span> <span class='ocrx_word' id='word_1_181' title='bbox 1008 1704 1150 1759; x_wconf 77' lang='lat' dir='ltr'><strong>Solis</strong></span> <span class='ocrx_word' id='word_1_182' title='bbox 1183 1720 1292 1759; x_wconf 75' lang='lat' dir='ltr'><strong>arae</strong></span> <span class='ocrx_word' id='word_1_183' title='bbox 1323 1703 1625 1774; x_wconf 75' lang='lat' dir='ltr'><strong>prwposito.</strong></span> 
     </span>
    </p>
   </div>
   <div class='ocr_carea' id='block_1_28' title="bbox 493 1814 2077 1906">
    <p class='ocr_par' dir='ltr' id='par_1_28' title="bbox 493 1814 2077 1906">
     <span class='ocr_line' id='line_1_28' title="bbox 493 1814 2077 1906; baseline -0.002 -15"><span class='ocrx_word' id='word_1_184' title='bbox 493 1837 728 1892; x_wconf 78' lang='lat' dir='ltr'><strong>Etiamsi</strong></span> <span class='ocrx_word' id='word_1_185' title='bbox 753 1837 919 1903; x_wconf 77' lang='lat' dir='ltr'><strong>fama,</strong></span> <span class='ocrx_word' id='word_1_186' title='bbox 951 1837 1117 1892; x_wconf 87' lang='lat' dir='ltr'><strong>chare</strong></span> <span class='ocrx_word' id='word_1_187' title='bbox 1145 1837 1244 1897; x_wconf 83' lang='lat' dir='ltr'><strong>ﬁli.</strong></span> <span class='ocrx_word' id='word_1_188' title='bbox 1280 1836 1490 1906; x_wconf 77' lang='lat' dir='ltr'><strong>jamdiu</strong></span> <span class='ocrx_word' id='word_1_189' title='bbox 1528 1837 1596 1892; x_wconf 89' lang='lat' dir='ltr'><strong>de</strong></span> <span class='ocrx_word' id='word_1_190' title='bbox 1629 1835 1842 1891; x_wconf 87' lang='lat' dir='ltr'><strong>malitia</strong></span> <span class='ocrx_word' id='word_1_191' title='bbox 1873 1835 2000 1890; x_wconf 79' lang='lat' dir='ltr'><strong>mali</strong></span> <span class='ocrx_word' id='word_1_192' title='bbox 2037 1814 2077 1866; x_wconf 74' lang='grc' dir='ltr'><strong>Β</strong></span> 
     </span>
    </p>
   </div>
   <div class='ocr_carea' id='block_1_29' title="bbox 428 1927 2004 1999">
    <p class='ocr_par' dir='ltr' id='par_1_29' title="bbox 428 1927 2004 1999">
     <span class='ocr_line' id='line_1_29' title="bbox 428 1927 2004 1999; baseline -0.002 -15"><span class='ocrx_word' id='word_1_193' title='bbox 428 1931 690 1985; x_wconf 85' lang='lat' dir='ltr'><strong>adversus</strong></span> <span class='ocrx_word' id='word_1_194' title='bbox 725 1938 776 1984; x_wconf 88' lang='lat' dir='ltr'><strong>te</strong></span> <span class='ocrx_word' id='word_1_195' title='bbox 805 1929 1095 1993; x_wconf 60' lang='lat' dir='ltr'><strong>damonis,</strong></span> <span class='ocrx_word' id='word_1_196' title='bbox 1151 1945 1249 1999; x_wconf 90' lang='lat' dir='ltr'><strong>per</strong></span> <span class='ocrx_word' id='word_1_197' title='bbox 1279 1929 1494 1983; x_wconf 85' lang='lat' dir='ltr'><strong>litteras</strong></span> <span class='ocrx_word' id='word_1_198' title='bbox 1543 1929 1847 1997; x_wconf 87' lang='lat' dir='ltr'><strong>divulgata,</strong></span> <span class='ocrx_word' id='word_1_199' title='bbox 1883 1927 2004 1981; x_wconf 88' lang='lat' dir='ltr'><strong>ani-</strong></span> 
     </span>
    </p>
   </div>
   <div class='ocr_carea' id='block_1_30' title="bbox 429 2020 2000 2090">
    <p class='ocr_par' dir='ltr' id='par_1_30' title="bbox 429 2020 2000 2090">
     <span class='ocr_line' id='line_1_30' title="bbox 429 2020 2000 2090; baseline 0 -16"><span class='ocrx_word' id='word_1_200' title='bbox 429 2036 573 2075; x_wconf 89' lang='lat' dir='ltr'><strong>mam</strong></span> <span class='ocrx_word' id='word_1_201' title='bbox 625 2029 872 2074; x_wconf 86' lang='lat' dir='ltr'><strong>nostram</strong></span> <span class='ocrx_word' id='word_1_202' title='bbox 929 2020 1075 2074; x_wconf 89' lang='lat' dir='ltr'><strong>haud</strong></span> <span class='ocrx_word' id='word_1_203' title='bbox 1130 2020 1322 2075; x_wconf 87' lang='lat' dir='ltr'><strong>leviter</strong></span> <span class='ocrx_word' id='word_1_204' title='bbox 1373 2021 1701 2090; x_wconf 81' lang='lat' dir='ltr'><strong>perculerit,</strong></span> <span class='ocrx_word' id='word_1_205' title='bbox 1761 2029 2000 2074; x_wconf 87' lang='lat' dir='ltr'><strong>attamen</strong></span> 
     </span>
    </p>
   </div>
   <div class='ocr_carea' id='block_1_31' title="bbox 427 2112 2000 2182">
    <p class='ocr_par' dir='ltr' id='par_1_31' title="bbox 427 2112 2000 2182">
     <span class='ocr_line' id='line_1_31' title="bbox 427 2112 2000 2182; baseline -0.001 -15"><span class='ocrx_word' id='word_1_206' title='bbox 427 2127 524 2182; x_wconf 85' lang='lat' dir='ltr'><strong>spe</strong></span> <span class='ocrx_word' id='word_1_207' title='bbox 580 2113 805 2167; x_wconf 73' lang='lat' dir='ltr'><strong>meliore</strong></span> <span class='ocrx_word' id='word_1_208' title='bbox 849 2113 1054 2168; x_wconf 85' lang='lat' dir='ltr'><strong>inducti</strong></span> <span class='ocrx_word' id='word_1_209' title='bbox 1091 2112 1292 2166; x_wconf 82' lang='lat' dir='ltr'><strong>famam</strong></span> <span class='ocrx_word' id='word_1_210' title='bbox 1345 2113 1398 2166; x_wconf 91' lang='lat' dir='ltr'><strong>in</strong></span> <span class='ocrx_word' id='word_1_211' title='bbox 1435 2113 1686 2182; x_wconf 79' lang='lat' dir='ltr'><strong>regiones</strong></span> <span class='ocrx_word' id='word_1_212' title='bbox 1735 2112 2000 2166; x_wconf 86' lang='lat' dir='ltr'><strong>mendacii</strong></span> 
     </span>
    </p>
   </div>
   <div class='ocr_carea' id='block_1_32' title="bbox 426 2204 2002 2277">
    <p class='ocr_par' dir='ltr' id='par_1_32' title="bbox 426 2204 2002 2277">
     <span class='ocr_line' id='line_1_32' title="bbox 426 2204 2002 2277; baseline -0.001 -19"><span class='ocrx_word' id='word_1_213' title='bbox 426 2204 720 2276; x_wconf 82' lang='lat' dir='ltr'><strong>rejecimns</strong></span> <span class='ocrx_word' id='word_1_214' title='bbox 749 2214 810 2259; x_wconf 82' lang='lat' dir='ltr'><strong>et</strong></span> <span class='ocrx_word' id='word_1_215' title='bbox 834 2205 1042 2260; x_wconf 81' lang='lat' dir='ltr'><strong>doloris</strong></span> <span class='ocrx_word' id='word_1_216' title='bbox 1095 2205 1351 2259; x_wconf 86' lang='lat' dir='ltr'><strong>solatium</strong></span> <span class='ocrx_word' id='word_1_217' title='bbox 1389 2205 1703 2269; x_wconf 87' lang='lat' dir='ltr'><strong>habuimus,</strong></span> <span class='ocrx_word' id='word_1_218' title='bbox 1729 2205 1804 2277; x_wconf 85' lang='lat' dir='ltr'><strong>de</strong></span> <span class='ocrx_word' id='word_1_219' title='bbox 1825 2205 1912 2268; x_wconf 78' lang='lat' dir='ltr'><strong>die</strong></span> <span class='ocrx_word' id='word_1_220' title='bbox 1951 2205 2002 2258; x_wconf 85' lang='lat' dir='ltr'><strong>iit</strong></span> 
     </span>
    </p>
   </div>
   <div class='ocr_carea' id='block_1_33' title="bbox 428 2295 2004 2365">
    <p class='ocr_par' dir='ltr' id='par_1_33' title="bbox 428 2295 2004 2365">
     <span class='ocr_line' id='line_1_33' title="bbox 428 2295 2004 2365; baseline 0.002 -20"><span class='ocrx_word' id='word_1_221' title='bbox 428 2295 570 2350; x_wconf 88' lang='lat' dir='ltr'><strong>diem</strong></span> <span class='ocrx_word' id='word_1_222' title='bbox 606 2304 1011 2365; x_wconf 81' lang='lat' dir='ltr'><strong>exspectantes,</strong></span> <span class='ocrx_word' id='word_1_223' title='bbox 1051 2295 1225 2350; x_wconf 88' lang='lat' dir='ltr'><strong>donec</strong></span> <span class='ocrx_word' id='word_1_224' title='bbox 1258 2296 1508 2350; x_wconf 80' lang='lat' dir='ltr'><strong>valetudo</strong></span> <span class='ocrx_word' id='word_1_225' title='bbox 1543 2305 1630 2349; x_wconf 89' lang='lat' dir='ltr'><strong>tua</strong></span> <span class='ocrx_word' id='word_1_226' title='bbox 1666 2295 1824 2350; x_wconf 89' lang='lat' dir='ltr'><strong>nobis</strong></span> <span class='ocrx_word' id='word_1_227' title='bbox 1872 2311 2004 2348; x_wconf 90' lang='lat' dir='ltr'><strong>con-</strong></span> 
     </span>
    </p>
   </div>
   <div class='ocr_carea' id='block_1_34' title="bbox 428 2387 2002 2458">
    <p class='ocr_par' dir='ltr' id='par_1_34' title="bbox 428 2387 2002 2458">
     <span class='ocr_line' id='line_1_34' title="bbox 428 2387 2002 2458; baseline 0.002 -18"><span class='ocrx_word' id='word_1_228' title='bbox 428 2387 640 2440; x_wconf 79' lang='lat' dir='ltr'><strong>ﬁrmata</strong></span> <span class='ocrx_word' id='word_1_229' title='bbox 667 2388 761 2442; x_wconf 90' lang='lat' dir='ltr'><strong>sit.</strong></span> <span class='ocrx_word' id='word_1_230' title='bbox 791 2387 934 2454; x_wconf 82' lang='lat' dir='ltr'><strong>Quid</strong></span> <span class='ocrx_word' id='word_1_231' title='bbox 977 2398 1160 2442; x_wconf 88' lang='lat' dir='ltr'><strong>autem</strong></span> <span class='ocrx_word' id='word_1_232' title='bbox 1189 2390 1239 2442; x_wconf 88' lang='lat' dir='ltr'><strong>in</strong></span> <span class='ocrx_word' id='word_1_233' title='bbox 1271 2388 1568 2458; x_wconf 76' lang='lat' dir='ltr'><strong>priesenti?</strong></span> <span class='ocrx_word' id='word_1_234' title='bbox 1597 2388 1815 2443; x_wconf 75' lang='lat' dir='ltr'><strong>Littera:</strong></span> <span class='ocrx_word' id='word_1_235' title='bbox 1843 2387 2002 2443; x_wconf 91' lang='lat' dir='ltr'><strong>dolo-</strong></span> 
     </span>
    </p>
   </div>
   <div class='ocr_carea' id='block_1_35' title="bbox 426 2477 2003 2548">
    <p class='ocr_par' dir='ltr' id='par_1_35' title="bbox 426 2477 2003 2548">
     <span class='ocr_line' id='line_1_35' title="bbox 426 2477 2003 2548; baseline -0.001 -19"><span class='ocrx_word' id='word_1_236' title='bbox 426 2491 540 2531; x_wconf 86' lang='lat' dir='ltr'><strong>rem</strong></span> <span class='ocrx_word' id='word_1_237' title='bbox 567 2488 824 2548; x_wconf 82' lang='lat' dir='ltr'><strong>augentcs</strong></span> <span class='ocrx_word' id='word_1_238' title='bbox 880 2488 1312 2547; x_wconf 81' lang='lat' dir='ltr'><strong>supervenerunt</strong></span> <span class='ocrx_word' id='word_1_239' title='bbox 1361 2486 1413 2530; x_wconf 91' lang='lat' dir='ltr'><strong>et</strong></span> <span class='ocrx_word' id='word_1_240' title='bbox 1468 2477 1774 2532; x_wconf 88' lang='lat' dir='ltr'><strong>luculenter</strong></span> <span class='ocrx_word' id='word_1_241' title='bbox 1819 2486 2003 2530; x_wconf 88' lang='lat' dir='ltr'><strong>osten-</strong></span> 
     </span>
    </p>
   </div>
   <div class='ocr_carea' id='block_1_36' title="bbox 425 2569 2003 2640">
    <p class='ocr_par' dir='ltr' id='par_1_36' title="bbox 425 2569 2003 2640">
     <span class='ocr_line' id='line_1_36' title="bbox 425 2569 2003 2640; baseline 0 -19"><span class='ocrx_word' id='word_1_242' title='bbox 425 2569 583 2634; x_wconf 89' lang='lat' dir='ltr'><strong>dunt,</strong></span> <span class='ocrx_word' id='word_1_243' title='bbox 615 2584 714 2624; x_wconf 90' lang='lat' dir='ltr'><strong>nos</strong></span> <span class='ocrx_word' id='word_1_244' title='bbox 747 2583 810 2623; x_wconf 84' lang='lat' dir='ltr'><strong>ea</strong></span> <span class='ocrx_word' id='word_1_245' title='bbox 836 2584 1086 2640; x_wconf 84' lang='lat' dir='ltr'><strong>sperasse</strong></span> <span class='ocrx_word' id='word_1_246' title='bbox 1110 2585 1172 2624; x_wconf 88' lang='lat' dir='ltr'><strong>ac</strong></span> <span class='ocrx_word' id='word_1_247' title='bbox 1197 2570 1411 2639; x_wconf 85' lang='lat' dir='ltr'><strong>cupisse</strong></span> <span class='ocrx_word' id='word_1_248' title='bbox 1455 2584 1578 2639; x_wconf 68' lang='lat' dir='ltr'><strong>quas</strong></span> <span class='ocrx_word' id='word_1_249' title='bbox 1615 2569 1767 2639; x_wconf 87' lang='lat' dir='ltr'><strong>longe</strong></span> <span class='ocrx_word' id='word_1_250' title='bbox 1811 2584 1840 2622; x_wconf 92' lang='lat' dir='ltr'><strong>a</strong></span> <span class='ocrx_word' id='word_1_251' title='bbox 1875 2582 2003 2622; x_wconf 73' lang='lat' dir='ltr'><strong>vero</strong></span> 
     </span>
    </p>
   </div>
   <div class='ocr_carea' id='block_1_37' title="bbox 427 2661 2006 2731">
    <p class='ocr_par' dir='ltr' id='par_1_37' title="bbox 427 2661 2006 2731">
     <span class='ocr_line' id='line_1_37' title="bbox 427 2661 2006 2731; baseline 0 -19"><span class='ocrx_word' id='word_1_252' title='bbox 427 2661 745 2728; x_wconf 84' lang='lat' dir='ltr'><strong>distabant;</strong></span> <span class='ocrx_word' id='word_1_253' title='bbox 795 2668 904 2731; x_wconf 85' lang='lat' dir='ltr'><strong>quo</strong></span> <span class='ocrx_word' id='word_1_254' title='bbox 979 2663 1164 2717; x_wconf 83' lang='lat' dir='ltr'><strong>animo</strong></span> <span class='ocrx_word' id='word_1_255' title='bbox 1227 2662 1438 2716; x_wconf 87' lang='lat' dir='ltr'><strong>litteras</strong></span> <span class='ocrx_word' id='word_1_256' title='bbox 1483 2661 1800 2731; x_wconf 81' lang='lat' dir='ltr'><strong>legerimus,</strong></span> <span class='ocrx_word' id='word_1_257' title='bbox 1859 2663 2006 2730; x_wconf 84' lang='lat' dir='ltr'><strong>quod</strong></span> 
     </span>
    </p>
   </div>
   <div class='ocr_carea' id='block_1_38' title="bbox 429 2752 2000 2824">
    <p class='ocr_par' dir='ltr' id='par_1_38' title="bbox 429 2752 2000 2824">
     <span class='ocr_line' id='line_1_38' title="bbox 429 2752 2000 2824; baseline -0.002 -17"><span class='ocrx_word' id='word_1_258' title='bbox 429 2752 731 2807; x_wconf 80' lang='lat' dir='ltr'><strong>\isceribus</strong></span> <span class='ocrx_word' id='word_1_259' title='bbox 760 2754 954 2808; x_wconf 86' lang='lat' dir='ltr'><strong>mediis</strong></span> <span class='ocrx_word' id='word_1_260' title='bbox 1008 2753 1380 2824; x_wconf 80' lang='lat' dir='ltr'><strong>acceperimus</strong></span> <span class='ocrx_word' id='word_1_261' title='bbox 1415 2752 1614 2807; x_wconf 86' lang='lat' dir='ltr'><strong>vulnus</strong></span> <span class='ocrx_word' id='word_1_262' title='bbox 1640 2753 1821 2807; x_wconf 82' lang='lat' dir='ltr'><strong>verbis</strong></span> <span class='ocrx_word' id='word_1_263' title='bbox 1857 2752 2000 2805; x_wconf 82' lang='lat' dir='ltr'><strong>haud</strong></span> 
     </span>
    </p>
   </div>
   <div class='ocr_carea' id='block_1_39' title="bbox 428 2843 2006 2913">
    <p class='ocr_par' dir='ltr' id='par_1_39' title="bbox 428 2843 2006 2913">
     <span class='ocr_line' id='line_1_39' title="bbox 428 2843 2006 2913; baseline 0.001 -19"><span class='ocrx_word' id='word_1_264' title='bbox 428 2859 720 2912; x_wconf 77' lang='lat' dir='ltr'><strong>possumus</strong></span> <span class='ocrx_word' id='word_1_265' title='bbox 749 2845 1074 2913; x_wconf 82' lang='lat' dir='ltr'><strong>exprimere.</strong></span> <span class='ocrx_word' id='word_1_266' title='bbox 1105 2844 1207 2909; x_wconf 83' lang='lat' dir='ltr'><strong>Qui</strong></span> <span class='ocrx_word' id='word_1_267' title='bbox 1241 2854 1424 2897; x_wconf 84' lang='lat' dir='ltr'><strong>autem</strong></span> <span class='ocrx_word' id='word_1_268' title='bbox 1479 2843 1642 2898; x_wconf 90' lang='lat' dir='ltr'><strong>corda</strong></span> <span class='ocrx_word' id='word_1_269' title='bbox 1693 2843 1900 2897; x_wconf 86' lang='lat' dir='ltr'><strong>creavit</strong></span> <span class='ocrx_word' id='word_1_270' title='bbox 1951 2853 2006 2897; x_wconf 89' lang='lat' dir='ltr'><strong>et</strong></span> 
     </span>
    </p>
   </div>
   <div class='ocr_carea' id='block_1_40' title="bbox 429 2935 2002 3003">
    <p class='ocr_par' dir='ltr' id='par_1_40' title="bbox 429 2935 2002 3003">
     <span class='ocr_line' id='line_1_40' title="bbox 429 2935 2002 3003; baseline -0.001 -14"><span class='ocrx_word' id='word_1_271' title='bbox 429 2936 599 3000; x_wconf 88' lang='lat' dir='ltr'><strong>novit,</strong></span> <span class='ocrx_word' id='word_1_272' title='bbox 631 2936 720 2989; x_wconf 90' lang='lat' dir='ltr'><strong>ille</strong></span> <span class='ocrx_word' id='word_1_273' title='bbox 751 2936 930 2990; x_wconf 88' lang='lat' dir='ltr'><strong>cordis</strong></span> <span class='ocrx_word' id='word_1_274' title='bbox 955 2936 1126 2989; x_wconf 85' lang='lat' dir='ltr'><strong>nostri</strong></span> <span class='ocrx_word' id='word_1_275' title='bbox 1153 2935 1351 2989; x_wconf 81' lang='lat' dir='ltr'><strong>vulnus</strong></span> <span class='ocrx_word' id='word_1_276' title='bbox 1393 2943 1448 2988; x_wconf 92' lang='lat' dir='ltr'><strong>et</strong></span> <span class='ocrx_word' id='word_1_277' title='bbox 1475 2935 1722 2988; x_wconf 89' lang='lat' dir='ltr'><strong>dolorem</strong></span> <span class='ocrx_word' id='word_1_278' title='bbox 1756 2935 2002 3003; x_wconf 82' lang='lat' dir='ltr'><strong>inspicit,</strong></span> 
     </span>
    </p>
   </div>
   <div class='ocr_carea' id='block_1_41' title="bbox 430 3025 2001 3096">
    <p class='ocr_par' dir='ltr' id='par_1_41' title="bbox 430 3025 2001 3096">
     <span class='ocr_line' id='line_1_41' title="bbox 430 3025 2001 3096; baseline 0.001 -19"><span class='ocrx_word' id='word_1_279' title='bbox 430 3027 631 3096; x_wconf 79' lang='lat' dir='ltr'><strong>quibus</strong></span> <span class='ocrx_word' id='word_1_280' title='bbox 676 3026 834 3081; x_wconf 87' lang='lat' dir='ltr'><strong>malis</strong></span> <span class='ocrx_word' id='word_1_281' title='bbox 885 3026 1031 3079; x_wconf 90' lang='lat' dir='ltr'><strong>aliud</strong></span> <span class='ocrx_word' id='word_1_282' title='bbox 1093 3025 1344 3080; x_wconf 84' lang='lat' dir='ltr'><strong>invenire</strong></span> <span class='ocrx_word' id='word_1_283' title='bbox 1397 3025 1690 3095; x_wconf 83' lang='lat' dir='ltr'><strong>nequimus</strong></span> <span class='ocrx_word' id='word_1_284' title='bbox 1748 3026 2001 3080; x_wconf 84' lang='lat' dir='ltr'><strong>solatium</strong></span> 
     </span>
    </p>
   </div>
   <div class='ocr_carea' id='block_1_42' title="bbox 433 3098 2004 3187">
    <p class='ocr_par' dir='ltr' id='par_1_42' title="bbox 433 3098 2004 3187">
     <span class='ocr_line' id='line_1_42' title="bbox 433 3098 2004 3187; baseline -0.002 -15"><span class='ocrx_word' id='word_1_285' title='bbox 433 3119 536 3172; x_wconf 86' lang='lat' dir='ltr'><strong>nisi</strong></span> <span class='ocrx_word' id='word_1_286' title='bbox 571 3127 630 3172; x_wconf 93' lang='lat' dir='ltr'><strong>ut</strong></span> <span class='ocrx_word' id='word_1_287' title='bbox 670 3117 795 3171; x_wconf 89' lang='lat' dir='ltr'><strong>mali</strong></span> <span class='ocrx_word' id='word_1_288' title='bbox 825 3118 1086 3172; x_wconf 74' lang='lat' dir='ltr'><strong>daemonis</strong></span> <span class='ocrx_word' id='word_1_289' title='bbox 1121 3098 1347 3171; x_wconf 80' lang='lat' dir='ltr'><strong>insidias</strong></span> <span class='ocrx_word' id='word_1_290' title='bbox 1381 3117 1478 3171; x_wconf 90' lang='lat' dir='ltr'><strong>tibi</strong></span> <span class='ocrx_word' id='word_1_291' title='bbox 1520 3127 1759 3172; x_wconf 90' lang='lat' dir='ltr'><strong>structas</strong></span> <span class='ocrx_word' id='word_1_292' title='bbox 1792 3119 2004 3187; x_wconf 84' lang='lat' dir='ltr'><strong>patien-</strong></span> 
     </span>
    </p>
   </div>
   <div class='ocr_carea' id='block_1_43' title="bbox 2246 1692 3542 1766">
    <p class='ocr_par' dir='ltr' id='par_1_43' title="bbox 2246 1692 3542 1766">
     <span class='ocr_line' id='line_1_43' title="bbox 2246 1692 3542 1766; baseline 0.001 -18"><span class='ocrx_word' id='word_1_293' title='bbox 2246 1695 2429 1748; x_wconf 79' lang='lat' dir='ltr'><strong>PMA&#39;.</strong></span> <span class='ocrx_word' id='word_1_294' title='bbox 2476 1692 2559 1760; x_wconf 84' lang='grc' dir='ltr'><strong>Τῷ</strong></span> <span class='ocrx_word' id='word_1_295' title='bbox 2592 1693 2904 1766; x_wconf 73' lang='grc' dir='ltr'><strong>ἡγουμένῳ</strong></span> <span class='ocrx_word' id='word_1_296' title='bbox 2939 1693 3057 1748; x_wconf 71' lang='grc' dir='ltr'>τῶν</span> <span class='ocrx_word' id='word_1_297' title='bbox 3084 1697 3264 1764; x_wconf 70' lang='grc' dir='ltr'>ἡλίου</span> <span class='ocrx_word' id='word_1_298' title='bbox 3301 1695 3542 1764; x_wconf 75' lang='grc' dir='ltr'>βωμῶν.</span> 
     </span>
    </p>
   </div>
   <div class='ocr_carea' id='block_1_44' title="bbox 2178 1831 3684 1906">
    <p class='ocr_par' dir='ltr' id='par_1_44' title="bbox 2178 1831 3684 1906">
     <span class='ocr_line' id='line_1_44' title="bbox 2178 1831 3684 1906; baseline 0.003 -24"><span class='ocrx_word' id='word_1_299' title='bbox 2178 1831 2238 1882; x_wconf 71' lang='lat' dir='ltr'><strong>Et</strong></span> <span class='ocrx_word' id='word_1_300' title='bbox 2273 1835 2367 1883; x_wconf 72' lang='grc' dir='ltr'>καὶ</span> <span class='ocrx_word' id='word_1_301' title='bbox 2403 1831 2809 1902; x_wconf 74' lang='grc' dir='ltr'>προλαϐοῦσαή</span> <span class='ocrx_word' id='word_1_302' title='bbox 2858 1833 3073 1904; x_wconf 80' lang='grc' dir='ltr'>πονηρὰ</span> <span class='ocrx_word' id='word_1_303' title='bbox 3111 1835 3268 1905; x_wconf 71' lang='grc' dir='ltr'>φήμη</span> <span class='ocrx_word' id='word_1_304' title='bbox 3313 1838 3412 1906; x_wconf 79' lang='grc' dir='ltr'>τῆς</span> <span class='ocrx_word' id='word_1_305' title='bbox 3451 1836 3576 1906; x_wconf 74' lang='grc' dir='ltr'>περὶ</span> <span class='ocrx_word' id='word_1_306' title='bbox 3605 1836 3684 1899; x_wconf 71' lang='grc' dir='ltr'><strong>σε,</strong></span> 
     </span>
    </p>
   </div>
   <div class='ocr_carea' id='block_1_45' title="bbox 2106 1921 3688 1997">
    <p class='ocr_par' dir='ltr' id='par_1_45' title="bbox 2106 1921 3688 1997">
     <span class='ocr_line' id='line_1_45' title="bbox 2106 1921 3688 1997; baseline 0.003 -23"><span class='ocrx_word' id='word_1_307' title='bbox 2106 1921 2297 1974; x_wconf 80' lang='grc' dir='ltr'>τέκνον</span> <span class='ocrx_word' id='word_1_308' title='bbox 2337 1923 2497 1992; x_wconf 78' lang='grc' dir='ltr'>ἡμῶν</span> <span class='ocrx_word' id='word_1_309' title='bbox 2531 1924 2701 1988; x_wconf 79' lang='grc' dir='ltr'>ὅσιον,</span> <span class='ocrx_word' id='word_1_310' title='bbox 2731 1925 2825 1978; x_wconf 79' lang='grc' dir='ltr'>τοῦ</span> <span class='ocrx_word' id='word_1_311' title='bbox 2856 1926 3097 1996; x_wconf 87' lang='grc' dir='ltr'>πονηροῦ</span> <span class='ocrx_word' id='word_1_312' title='bbox 3139 1927 3395 1994; x_wconf 86' lang='grc' dir='ltr'>δαίμονος</span> <span class='ocrx_word' id='word_1_313' title='bbox 3421 1926 3688 1997; x_wconf 78' lang='grc' dir='ltr'>ἐπηρείας</span> 
     </span>
    </p>
   </div>
   <div class='ocr_carea' id='block_1_46' title="bbox 2104 2013 3690 2092">
    <p class='ocr_par' dir='ltr' id='par_1_46' title="bbox 2104 2013 3690 2092">
     <span class='ocr_line' id='line_1_46' title="bbox 2104 2013 3690 2092; baseline 0.003 -26"><span class='ocrx_word' id='word_1_314' title='bbox 2104 2014 2206 2083; x_wconf 81' lang='grc' dir='ltr'>τὴν</span> <span class='ocrx_word' id='word_1_315' title='bbox 2230 2013 2340 2067; x_wconf 82' lang='grc' dir='ltr'><strong>τῶν</strong></span> <span class='ocrx_word' id='word_1_316' title='bbox 2369 2017 2718 2086; x_wconf 84' lang='grc' dir='ltr'>γραμμάτων</span> <span class='ocrx_word' id='word_1_317' title='bbox 2746 2018 3113 2086; x_wconf 81' lang='grc' dir='ltr'>ἀπαγγελίαν,</span> <span class='ocrx_word' id='word_1_318' title='bbox 3160 2020 3363 2090; x_wconf 80' lang='grc' dir='ltr'>ἔπληξε</span> <span class='ocrx_word' id='word_1_319' title='bbox 3395 2019 3492 2089; x_wconf 75' lang='grc' dir='ltr'>τὴν</span> <span class='ocrx_word' id='word_1_320' title='bbox 3511 2020 3690 2092; x_wconf 68' lang='grc' dir='ltr'>ψυχὴν</span> 
     </span>
    </p>
   </div>
   <div class='ocr_carea' id='block_1_47' title="bbox 2104 2107 3689 2184">
    <p class='ocr_par' dir='ltr' id='par_1_47' title="bbox 2104 2107 3689 2184">
     <span class='ocr_line' id='line_1_47' title="bbox 2104 2107 3689 2184; baseline 0.004 -26"><span class='ocrx_word' id='word_1_321' title='bbox 2104 2107 2262 2175; x_wconf 79' lang='grc' dir='ltr'>ἡμῶν</span> <span class='ocrx_word' id='word_1_322' title='bbox 2287 2108 2347 2160; x_wconf 81' lang='grc' dir='ltr'>οὐ</span> <span class='ocrx_word' id='word_1_323' title='bbox 2391 2110 2654 2179; x_wconf 80' lang='grc' dir='ltr'>μετρίως,</span> <span class='ocrx_word' id='word_1_324' title='bbox 2707 2110 2824 2163; x_wconf 80' lang='grc' dir='ltr'>ἀλλ’</span> <span class='ocrx_word' id='word_1_325' title='bbox 2862 2112 3012 2182; x_wconf 82' lang='grc' dir='ltr'>ὅμως</span> <span class='ocrx_word' id='word_1_326' title='bbox 3060 2112 3242 2164; x_wconf 79' lang='grc' dir='ltr'>ἐλπίσι</span> <span class='ocrx_word' id='word_1_327' title='bbox 3293 2115 3689 2184; x_wconf 83' lang='grc' dir='ltr'>χρηστοτέραις</span> 
     </span>
    </p>
   </div>
   <div class='ocr_carea' id='block_1_48' title="bbox 2107 2197 3692 2275">
    <p class='ocr_par' dir='ltr' id='par_1_48' title="bbox 2107 2197 3692 2275">
     <span class='ocr_line' id='line_1_48' title="bbox 2107 2197 3692 2275; baseline 0.003 -25"><span class='ocrx_word' id='word_1_328' title='bbox 2107 2197 2300 2269; x_wconf 83' lang='grc' dir='ltr'>ὥσπερ</span> <span class='ocrx_word' id='word_1_329' title='bbox 2341 2202 2802 2271; x_wconf 81' lang='grc' dir='ltr'>ἀποπεμπόμενοι</span> <span class='ocrx_word' id='word_1_330' title='bbox 2841 2203 2941 2274; x_wconf 81' lang='grc' dir='ltr'>τὴν</span> <span class='ocrx_word' id='word_1_331' title='bbox 2974 2207 3165 2275; x_wconf 77' lang='grc' dir='ltr'>φήμην</span> <span class='ocrx_word' id='word_1_332' title='bbox 3203 2206 3343 2274; x_wconf 75' lang='grc' dir='ltr'>πρὸς</span> <span class='ocrx_word' id='word_1_333' title='bbox 3381 2205 3479 2273; x_wconf 77' lang='grc' dir='ltr'>τὴν</span> <span class='ocrx_word' id='word_1_334' title='bbox 3507 2207 3692 2274; x_wconf 83' lang='grc' dir='ltr'>χώραν</span> 
     </span>
    </p>
   </div>
   <div class='ocr_carea' id='block_1_49' title="bbox 2104 2291 3692 2366">
    <p class='ocr_par' dir='ltr' id='par_1_49' title="bbox 2104 2291 3692 2366">
     <span class='ocr_line' id='line_1_49' title="bbox 2104 2291 3692 2366; baseline 0.003 -24"><span class='ocrx_word' id='word_1_335' title='bbox 2104 2291 2196 2343; x_wconf 73' lang='grc' dir='ltr'>τοῦ</span> <span class='ocrx_word' id='word_1_336' title='bbox 2236 2292 2468 2359; x_wconf 76' lang='grc' dir='ltr'>ψεύδους</span> <span class='ocrx_word' id='word_1_337' title='bbox 2490 2335 2504 2358; x_wconf 94' lang='grc'><strong>,</strong></span> <span class='ocrx_word' id='word_1_338' title='bbox 2537 2295 2761 2364; x_wconf 83' lang='grc' dir='ltr'>είχομεν</span> <span class='ocrx_word' id='word_1_339' title='bbox 2819 2296 3168 2366; x_wconf 86' lang='grc' dir='ltr'>παραμύθιον</span> <span class='ocrx_word' id='word_1_340' title='bbox 3219 2298 3322 2366; x_wconf 79' lang='grc' dir='ltr'>τῆς</span> <span class='ocrx_word' id='word_1_341' title='bbox 3357 2296 3573 2366; x_wconf 74' lang='grc' dir='ltr'>ὀδύνης,</span> <span class='ocrx_word' id='word_1_342' title='bbox 3607 2296 3692 2347; x_wconf 79' lang='grc' dir='ltr'>ἀεὶ</span> 
     </span>
    </p>
   </div>
   <div class='ocr_carea' id='block_1_50' title="bbox 2108 2383 3691 2458">
    <p class='ocr_par' dir='ltr' id='par_1_50' title="bbox 2108 2383 3691 2458">
     <span class='ocr_line' id='line_1_50' title="bbox 2108 2383 3691 2458; baseline 0.002 -24"><span class='ocrx_word' id='word_1_343' title='bbox 2108 2383 2516 2453; x_wconf 80' lang='grc' dir='ltr'>προσδοκῶντες</span> <span class='ocrx_word' id='word_1_344' title='bbox 2569 2386 2668 2457; x_wconf 79' lang='grc' dir='ltr'>τὴν</span> <span class='ocrx_word' id='word_1_345' title='bbox 2729 2387 2884 2457; x_wconf 82' lang='grc' dir='ltr'>ὑμῶν</span> <span class='ocrx_word' id='word_1_346' title='bbox 2930 2389 3120 2458; x_wconf 82' lang='grc' dir='ltr'>ὑγείαν</span> <span class='ocrx_word' id='word_1_347' title='bbox 3155 2390 3532 2458; x_wconf 81' lang='grc' dir='ltr'>ὲνωτισθῆναι.</span> <span class='ocrx_word' id='word_1_348' title='bbox 3580 2389 3691 2441; x_wconf 67' lang='grc' dir='ltr'><strong>Νῦν</strong></span> 
     </span>
    </p>
   </div>
   <div class='ocr_carea' id='block_1_51' title="bbox 2103 2471 3688 2549">
    <p class='ocr_par' dir='ltr' id='par_1_51' title="bbox 2103 2471 3688 2549">
     <span class='ocr_line' id='line_1_51' title="bbox 2103 2471 3688 2549; baseline 0.001 -21"><span class='ocrx_word' id='word_1_349' title='bbox 2103 2475 2161 2528; x_wconf 78' lang='grc' dir='ltr'>δὲ</span> <span class='ocrx_word' id='word_1_350' title='bbox 2199 2475 2287 2540; x_wconf 88' lang='grc' dir='ltr'>τί;</span> <span class='ocrx_word' id='word_1_351' title='bbox 2330 2471 2473 2529; x_wconf 63' lang='grc' dir='ltr'><strong>τΗκε</strong></span> <span class='ocrx_word' id='word_1_352' title='bbox 2529 2476 2598 2530; x_wconf 77' lang='grc' dir='ltr'><strong>τὰ</strong></span> <span class='ocrx_word' id='word_1_353' title='bbox 2649 2479 2958 2549; x_wconf 85' lang='grc' dir='ltr'>γράμματα</span> <span class='ocrx_word' id='word_1_354' title='bbox 3012 2480 3073 2532; x_wconf 79' lang='grc' dir='ltr'>τὸ</span> <span class='ocrx_word' id='word_1_355' title='bbox 3133 2480 3300 2549; x_wconf 78' lang='grc' dir='ltr'>ἄλγος</span> <span class='ocrx_word' id='word_1_356' title='bbox 3363 2479 3688 2545; x_wconf 79' lang='grc' dir='ltr'>ἑπαύξοντσ.,</span> 
     </span>
    </p>
   </div>
   <div class='ocr_carea' id='block_1_52' title="bbox 2106 2568 3688 2641">
    <p class='ocr_par' dir='ltr' id='par_1_52' title="bbox 2106 2568 3688 2641">
     <span class='ocr_line' id='line_1_52' title="bbox 2106 2568 3688 2641; baseline 0.003 -21"><span class='ocrx_word' id='word_1_357' title='bbox 2106 2568 2288 2621; x_wconf 80' lang='grc' dir='ltr'>ὲκετνα</span> <span class='ocrx_word' id='word_1_358' title='bbox 2316 2570 2569 2641; x_wconf 84' lang='grc' dir='ltr'>φανερῶς</span> <span class='ocrx_word' id='word_1_359' title='bbox 2597 2571 3027 2626; x_wconf 77' lang='grc' dir='ltr'>ἀναδιδάσκοντα</span> <span class='ocrx_word' id='word_1_360' title='bbox 3055 2576 3156 2626; x_wconf 86' lang='grc' dir='ltr'>ὅσα</span> <span class='ocrx_word' id='word_1_361' title='bbox 3211 2576 3352 2638; x_wconf 87' lang='grc' dir='ltr'>τέως</span> <span class='ocrx_word' id='word_1_362' title='bbox 3381 2577 3473 2628; x_wconf 78' lang='grc' dir='ltr'>καὶ</span> <span class='ocrx_word' id='word_1_363' title='bbox 3504 2575 3572 2626; x_wconf 87' lang='grc' dir='ltr'><strong>δι’</strong></span> <span class='ocrx_word' id='word_1_364' title='bbox 3605 2578 3688 2626; x_wconf 87' lang='grc' dir='ltr'><strong>ἐλ-</strong></span> 
     </span>
    </p>
   </div>
   <div class='ocr_carea' id='block_1_53' title="bbox 2107 2661 3691 2736">
    <p class='ocr_par' dir='ltr' id='par_1_53' title="bbox 2107 2661 3691 2736">
     <span class='ocr_line' id='line_1_53' title="bbox 2107 2661 3691 2736; baseline 0.003 -22"><span class='ocrx_word' id='word_1_365' title='bbox 2107 2661 2278 2725; x_wconf 79' lang='grc' dir='ltr'>πίδος,</span> <span class='ocrx_word' id='word_1_366' title='bbox 2323 2663 2417 2714; x_wconf 85' lang='grc' dir='ltr'>καὶ</span> <span class='ocrx_word' id='word_1_367' title='bbox 2439 2661 2508 2714; x_wconf 83' lang='grc' dir='ltr'>δι’</span> <span class='ocrx_word' id='word_1_368' title='bbox 2545 2662 2708 2733; x_wconf 85' lang='grc' dir='ltr'>εὐχῆς</span> <span class='ocrx_word' id='word_1_369' title='bbox 2742 2665 2969 2734; x_wconf 71' lang='grc' dir='ltr'>εἴχομεν</span> <span class='ocrx_word' id='word_1_370' title='bbox 3030 2665 3133 2735; x_wconf 83' lang='grc' dir='ltr'>τῆς</span> <span class='ocrx_word' id='word_1_371' title='bbox 3161 2666 3420 2736; x_wconf 79' lang='grc' dir='ltr'>ἀληθείας</span> <span class='ocrx_word' id='word_1_372' title='bbox 3472 2669 3691 2736; x_wconf 75' lang='grc' dir='ltr'>μακρύ-</span> 
     </span>
    </p>
   </div>
   <div class='ocr_carea' id='block_1_54' title="bbox 2105 2751 3688 2827">
    <p class='ocr_par' dir='ltr' id='par_1_54' title="bbox 2105 2751 3688 2827">
     <span class='ocr_line' id='line_1_54' title="bbox 2105 2751 3688 2827; baseline 0.004 -22"><span class='ocrx_word' id='word_1_373' title='bbox 2105 2753 2312 2806; x_wconf 88' lang='grc' dir='ltr'>νεσθαι.</span> <span class='ocrx_word' id='word_1_374' title='bbox 2349 2754 2538 2817; x_wconf 81' lang='grc' dir='ltr'>Ὅπως</span> <span class='ocrx_word' id='word_1_375' title='bbox 2568 2757 2665 2824; x_wconf 75' lang='grc' dir='ltr'>μὲν</span> <span class='ocrx_word' id='word_1_376' title='bbox 2697 2751 2789 2809; x_wconf 82' lang='grc' dir='ltr'>οὖν</span> <span class='ocrx_word' id='word_1_377' title='bbox 2816 2757 3139 2827; x_wconf 76' lang='grc' dir='ltr'>διετέθημεν</span> <span class='ocrx_word' id='word_1_378' title='bbox 3181 2759 3586 2827; x_wconf 78' lang='grc' dir='ltr'>ἀναλεξάμενοι</span> <span class='ocrx_word' id='word_1_379' title='bbox 3629 2761 3688 2812; x_wconf 76' lang='grc' dir='ltr'>τὸ</span> 
     </span>
    </p>
   </div>
   <div class='ocr_carea' id='block_1_55' title="bbox 2108 2844 3685 2922">
    <p class='ocr_par' dir='ltr' id='par_1_55' title="bbox 2108 2844 3685 2922">
     <span class='ocr_line' id='line_1_55' title="bbox 2108 2844 3685 2922; baseline 0.003 -22"><span class='ocrx_word' id='word_1_380' title='bbox 2108 2847 2369 2917; x_wconf 87' lang='grc' dir='ltr'>γράμμα,</span> <span class='ocrx_word' id='word_1_381' title='bbox 2396 2850 2490 2900; x_wconf 72' lang='grc' dir='ltr'>καὶ</span> <span class='ocrx_word' id='word_1_382' title='bbox 2528 2844 2640 2900; x_wconf 73' lang='grc' dir='ltr'>οἷον</span> <span class='ocrx_word' id='word_1_383' title='bbox 2671 2849 2823 2919; x_wconf 79' lang='grc' dir='ltr'>βέλος</span> <span class='ocrx_word' id='word_1_384' title='bbox 2857 2851 2946 2903; x_wconf 80' lang='grc' dir='ltr'>διὰ</span> <span class='ocrx_word' id='word_1_385' title='bbox 3013 2852 3195 2922; x_wconf 85' lang='grc' dir='ltr'>μέσων</span> <span class='ocrx_word' id='word_1_386' title='bbox 3245 2852 3544 2921; x_wconf 76' lang='grc' dir='ltr'>ἐδεξάμεθα</span> <span class='ocrx_word' id='word_1_387' title='bbox 3578 2855 3685 2904; x_wconf 69' lang='grc' dir='ltr'>τᾶν</span> 
     </span>
    </p>
   </div>
   <div class='ocr_carea' id='block_1_56' title="bbox 2108 2937 3685 3007">
    <p class='ocr_par' dir='ltr' id='par_1_56' title="bbox 2108 2937 3685 3007">
     <span class='ocr_line' id='line_1_56' title="bbox 2108 2937 3685 3007; baseline 0.006 -21"><span class='ocrx_word' id='word_1_388' title='bbox 2108 2937 2462 3003; x_wconf 74' lang='grc' dir='ltr'>σπλάγχνων,</span> <span class='ocrx_word' id='word_1_389' title='bbox 2529 2939 2890 3007; x_wconf 78' lang='grc' dir='ltr'>παραστῆσαι</span> <span class='ocrx_word' id='word_1_390' title='bbox 2943 2940 3042 3007; x_wconf 85' lang='grc' dir='ltr'>μὲν</span> <span class='ocrx_word' id='word_1_391' title='bbox 3096 2941 3195 2992; x_wconf 73' lang='grc' dir='ltr'>οὐκ</span> <span class='ocrx_word' id='word_1_392' title='bbox 3233 2940 3379 2992; x_wconf 80' lang='grc' dir='ltr'>ἔστιν</span> <span class='ocrx_word' id='word_1_393' title='bbox 3445 2941 3685 3004; x_wconf 82' lang='grc' dir='ltr'>ἱκανὸςό</span> 
     </span>
    </p>
   </div>
   <div class='ocr_carea' id='block_1_57' title="bbox 2108 3025 3687 3098">
    <p class='ocr_par' dir='ltr' id='par_1_57' title="bbox 2108 3025 3687 3098">
     <span class='ocr_line' id='line_1_57' title="bbox 2108 3025 3687 3098; baseline 0.004 -21"><span class='ocrx_word' id='word_1_394' title='bbox 2108 3025 2266 3092; x_wconf 86' lang='grc' dir='ltr'>λόγος</span> <span class='ocrx_word' id='word_1_395' title='bbox 2289 3040 2302 3054; x_wconf 86' lang='lat'><strong><em>°</em></strong></span> <span class='ocrx_word' id='word_1_396' title='bbox 2350 3027 2378 3078; x_wconf 84' lang='grc' dir='ltr'>ὁ</span> <span class='ocrx_word' id='word_1_397' title='bbox 2401 3027 2455 3078; x_wconf 80' lang='grc' dir='ltr'>δὲ</span> <span class='ocrx_word' id='word_1_398' title='bbox 2493 3027 2592 3090; x_wconf 87' lang='grc' dir='ltr'><strong>τάς</strong></span> <span class='ocrx_word' id='word_1_399' title='bbox 2623 3028 2858 3098; x_wconf 85' lang='grc' dir='ltr'>καρδίας</span> <span class='ocrx_word' id='word_1_400' title='bbox 2885 3033 2979 3081; x_wconf 83' lang='grc' dir='ltr'>καὶ</span> <span class='ocrx_word' id='word_1_401' title='bbox 3015 3030 3228 3092; x_wconf 84' lang='grc' dir='ltr'>πλάσας</span> <span class='ocrx_word' id='word_1_402' title='bbox 3259 3031 3354 3084; x_wconf 80' lang='grc' dir='ltr'>καὶ</span> <span class='ocrx_word' id='word_1_403' title='bbox 3380 3032 3687 3097; x_wconf 74' lang='grc' dir='ltr'>γινώσκων,</span> 
     </span>
    </p>
   </div>
   <div class='ocr_carea' id='block_1_58' title="bbox 2110 3119 3688 3193">
    <p class='ocr_par' dir='ltr' id='par_1_58' title="bbox 2110 3119 3688 3193">
     <span class='ocr_line' id='line_1_58' title="bbox 2110 3119 3688 3193; baseline 0.003 -22"><span class='ocrx_word' id='word_1_404' title='bbox 2110 3119 2318 3182; x_wconf 78' lang='grc' dir='ltr'>ἐκεῖνος</span> <span class='ocrx_word' id='word_1_405' title='bbox 2344 3120 2445 3190; x_wconf 77' lang='grc' dir='ltr'><strong>ὁρᾷ</strong></span> <span class='ocrx_word' id='word_1_406' title='bbox 2475 3121 2566 3173; x_wconf 86' lang='grc' dir='ltr'>καὶ</span> <span class='ocrx_word' id='word_1_407' title='bbox 2597 3124 2657 3172; x_wconf 80' lang='grc' dir='ltr'>τὸ</span> <span class='ocrx_word' id='word_1_408' title='bbox 2685 3122 2905 3192; x_wconf 81' lang='grc' dir='ltr'>τραῦμα</span> <span class='ocrx_word' id='word_1_409' title='bbox 2949 3123 3043 3175; x_wconf 70' lang='grc' dir='ltr'><strong>καὶ</strong></span> <span class='ocrx_word' id='word_1_410' title='bbox 3078 3124 3136 3175; x_wconf 63' lang='grc' dir='ltr'>τὸ</span> <span class='ocrx_word' id='word_1_411' title='bbox 3170 3125 3398 3193; x_wconf 76' lang='grc' dir='ltr'>ἄλγημα</span> <span class='ocrx_word' id='word_1_412' title='bbox 3431 3124 3532 3193; x_wconf 72' lang='grc' dir='ltr'>τῆς</span> <span class='ocrx_word' id='word_1_413' title='bbox 3553 3141 3688 3192; x_wconf 81' lang='grc' dir='ltr'>καρ-</span> 
     </span>
    </p>
   </div>
   <div class='ocr_carea' id='block_1_59' title="bbox 432 3199 2004 3284">
    <p class='ocr_par' dir='ltr' id='par_1_59' title="bbox 432 3208 2004 3279">
     <span class='ocr_line' id='line_1_59' title="bbox 432 3208 2004 3279; baseline -0.001 -16"><span class='ocrx_word' id='word_1_414' title='bbox 432 3219 513 3263; x_wconf 86' lang='lat' dir='ltr'><strong>tcr</strong></span> <span class='ocrx_word' id='word_1_415' title='bbox 540 3208 805 3274; x_wconf 80' lang='lat' dir='ltr'><strong>teramus;</strong></span> <span class='ocrx_word' id='word_1_416' title='bbox 848 3209 927 3264; x_wconf 89' lang='lat' dir='ltr'><strong>sic</strong></span> <span class='ocrx_word' id='word_1_417' title='bbox 950 3209 1094 3263; x_wconf 91' lang='lat' dir='ltr'><strong>enim</strong></span> <span class='ocrx_word' id='word_1_418' title='bbox 1140 3223 1237 3279; x_wconf 87' lang='lat' dir='ltr'><strong>pro</strong></span> <span class='ocrx_word' id='word_1_419' title='bbox 1269 3209 1550 3263; x_wconf 88' lang='lat' dir='ltr'><strong>laboribus</strong></span> <span class='ocrx_word' id='word_1_420' title='bbox 1575 3210 1934 3278; x_wconf 69' lang='lat' dir='ltr'><strong>prmsentibus</strong></span> <span class='ocrx_word' id='word_1_421' title='bbox 1959 3220 2004 3262; x_wconf 87' lang='lat' dir='ltr'><strong>et</strong></span> 
     </span>
    </p>
   </div>
   <div class='ocr_carea' id='block_1_60' title="bbox 2106 3199 3688 3284">
    <p class='ocr_par' dir='ltr' id='par_1_60' title="bbox 2113 3204 3688 3284">
     <span class='ocr_line' id='line_1_60' title="bbox 2113 3204 3688 3284; baseline 0 -23"><span class='ocrx_word' id='word_1_422' title='bbox 2113 3209 2253 3272; x_wconf 84' lang='grc' dir='ltr'>δίας,</span> <span class='ocrx_word' id='word_1_423' title='bbox 2283 3211 2370 3278; x_wconf 77' lang='grc' dir='ltr'><strong>ἐφ’</strong></span> <span class='ocrx_word' id='word_1_424' title='bbox 2484 3211 2834 3280; x_wconf 86' lang='grc' dir='ltr'>παραμύθιον</span> <span class='ocrx_word' id='word_1_425' title='bbox 2867 3211 3022 3265; x_wconf 82' lang='grc' dir='ltr'>οὐδὲν</span> <span class='ocrx_word' id='word_1_426' title='bbox 3047 3212 3236 3284; x_wconf 73' lang='grc' dir='ltr'>ἕτερον</span> <span class='ocrx_word' id='word_1_427' title='bbox 3275 3213 3688 3281; x_wconf 77' lang='grc' dir='ltr'>ὲξευρίσκομεν,</span> 
     </span>
    </p>
   </div>
   <div class='ocr_carea' id='block_1_61' title="bbox 429 3301 1994 3373">
    <p class='ocr_par' dir='ltr' id='par_1_61' title="bbox 429 3301 1994 3373">
     <span class='ocr_line' id='line_1_61' title="bbox 429 3301 1994 3373; baseline 0 -19"><span class='ocrx_word' id='word_1_428' title='bbox 429 3303 760 3358; x_wconf 81' lang='lat' dir='ltr'><strong>cruciatibus</strong></span> <span class='ocrx_word' id='word_1_429' title='bbox 789 3319 982 3373; x_wconf 85' lang='lat' dir='ltr'><strong>magna</strong></span> <span class='ocrx_word' id='word_1_430' title='bbox 1004 3303 1171 3357; x_wconf 85' lang='lat' dir='ltr'><strong>nosin</strong></span> <span class='ocrx_word' id='word_1_431' title='bbox 1197 3301 1380 3355; x_wconf 79' lang='lat' dir='ltr'><strong>futuro</strong></span> <span class='ocrx_word' id='word_1_432' title='bbox 1402 3310 1584 3354; x_wconf 88' lang='lat' dir='ltr'><strong>manet</strong></span> <span class='ocrx_word' id='word_1_433' title='bbox 1607 3303 1994 3370; x_wconf 80' lang='lat' dir='ltr'><strong>tranquillitas.</strong></span> 
     </span>
    </p>
   </div>
   <div class='ocr_carea' id='block_1_62' title="bbox 2108 3302 3692 3376">
    <p class='ocr_par' dir='ltr' id='par_1_62' title="bbox 2108 3302 3692 3376">
     <span class='ocr_line' id='line_1_62' title="bbox 2108 3302 3692 3376; baseline 0.001 -22"><span class='ocrx_word' id='word_1_434' title='bbox 2108 3303 2247 3372; x_wconf 82' lang='grc' dir='ltr'>πλὴν</span> <span class='ocrx_word' id='word_1_435' title='bbox 2271 3302 2480 3356; x_wconf 75' lang='grc' dir='ltr'>ἐκείνου</span> <span class='ocrx_word' id='word_1_436' title='bbox 2521 3303 2686 3372; x_wconf 88' lang='grc' dir='ltr'>μόνου</span> <span class='ocrx_word' id='word_1_437' title='bbox 2718 3304 2794 3366; x_wconf 90' lang='grc' dir='ltr'><strong>ώς</strong></span> <span class='ocrx_word' id='word_1_438' title='bbox 2824 3306 2946 3359; x_wconf 77' lang='grc' dir='ltr'>ἀντὶ</span> <span class='ocrx_word' id='word_1_439' title='bbox 2983 3305 3079 3375; x_wconf 82' lang='grc' dir='ltr'>τῆς</span> <span class='ocrx_word' id='word_1_440' title='bbox 3115 3308 3388 3376; x_wconf 81' lang='grc' dir='ltr'>τοσαύτης</span> <span class='ocrx_word' id='word_1_441' title='bbox 3428 3304 3522 3358; x_wconf 73' lang='grc' dir='ltr'>τοῦ</span> <span class='ocrx_word' id='word_1_442' title='bbox 3574 3304 3692 3357; x_wconf 82' lang='grc' dir='ltr'>δαί-</span> 
     </span>
    </p>
   </div>
   <div class='ocr_carea' id='block_1_63' title="bbox 435 3395 3688 3471">
    <p class='ocr_par' dir='ltr' id='par_1_63' title="bbox 435 3395 3688 3471">
     <span class='ocr_line' id='line_1_63' title="bbox 435 3395 3688 3471; baseline 0 -20"><span class='ocrx_word' id='word_1_443' title='bbox 435 3416 596 3468; x_wconf 83' lang='grc' dir='ltr'>μονος</span> <span class='ocrx_word' id='word_1_444' title='bbox 648 3399 941 3465; x_wconf 72' lang='grc' dir='ltr'>ἐπιϐουλῆς</span> <span class='ocrx_word' id='word_1_445' title='bbox 981 3399 1080 3468; x_wconf 73' lang='grc' dir='ltr'>τῆς</span> <span class='ocrx_word' id='word_1_446' title='bbox 1113 3397 1266 3466; x_wconf 83' lang='grc' dir='ltr'>ὑμῶν</span> <span class='ocrx_word' id='word_1_447' title='bbox 1327 3395 1666 3467; x_wconf 77' lang='grc' dir='ltr'>εὐχαρίστως</span> <span class='ocrx_word' id='word_1_448' title='bbox 1731 3396 1794 3448; x_wconf 81' lang='grc' dir='ltr'>τὸ</span> <span class='ocrx_word' id='word_1_449' title='bbox 1870 3397 2189 3467; x_wconf 80' lang='grc' dir='ltr'>συνενεχθὲν</span> <span class='ocrx_word' id='word_1_450' title='bbox 2237 3397 2536 3468; x_wconf 84' lang='grc' dir='ltr'>φερούσης,</span> <span class='ocrx_word' id='word_1_451' title='bbox 2600 3398 2772 3469; x_wconf 79' lang='grc' dir='ltr'>πολλὴ</span> <span class='ocrx_word' id='word_1_452' title='bbox 2805 3400 2929 3452; x_wconf 74' lang='grc' dir='ltr'>ἀντὶ</span> <span class='ocrx_word' id='word_1_453' title='bbox 3013 3401 3122 3453; x_wconf 81' lang='grc' dir='ltr'><strong>τῶν</strong></span> <span class='ocrx_word' id='word_1_454' title='bbox 3184 3403 3468 3471; x_wconf 74' lang='grc' dir='ltr'>παρόντων</span> <span class='ocrx_word' id='word_1_455' title='bbox 3512 3404 3688 3455; x_wconf 85' lang='grc' dir='ltr'>πόνων</span> 
     </span>
    </p>
   </div>
   <div class='ocr_carea' id='block_1_64' title="bbox 431 3495 686 3558">
    <p class='ocr_par' dir='ltr' id='par_1_64' title="bbox 431 3495 686 3558">
     <span class='ocr_line' id='line_1_64' title="bbox 431 3495 686 3558; baseline 0.004 -13"><span class='ocrx_word' id='word_1_456' title='bbox 431 3497 524 3548; x_wconf 69' lang='grc' dir='ltr'>καὶ</span> <span class='ocrx_word' id='word_1_457' title='bbox 587 3495 686 3558; x_wconf 85' lang='grc' dir='ltr'>τῆς</span> 
     </span>
    </p>
   </div>
   <div class='ocr_carea' id='block_1_65' title="bbox 499 3582 1995 3652">
    <p class='ocr_par' dir='ltr' id='par_1_65' title="bbox 499 3582 1995 3652">
     <span class='ocr_line' id='line_1_65' title="bbox 499 3582 1995 3652; baseline -0.002 -12"><span class='ocrx_word' id='word_1_458' title='bbox 499 3585 671 3640; x_wconf 81' lang='lat' dir='ltr'><strong>Malus</strong></span> <span class='ocrx_word' id='word_1_459' title='bbox 735 3585 946 3639; x_wconf 70' lang='lat' dir='ltr'><strong>daemon</strong></span> <span class='ocrx_word' id='word_1_460' title='bbox 1003 3585 1070 3637; x_wconf 88' lang='lat' dir='ltr'><strong>ab</strong></span> <span class='ocrx_word' id='word_1_461' title='bbox 1119 3585 1276 3637; x_wconf 90' lang='lat' dir='ltr'><strong>initio</strong></span> <span class='ocrx_word' id='word_1_462' title='bbox 1316 3584 1474 3636; x_wconf 84' lang='lat' dir='ltr'><strong>novis</strong></span> <span class='ocrx_word' id='word_1_463' title='bbox 1526 3597 1740 3652; x_wconf 82' lang='lat' dir='ltr'><strong>semper</strong></span> <span class='ocrx_word' id='word_1_464' title='bbox 1782 3582 1995 3637; x_wconf 86' lang='lat' dir='ltr'><strong>insidiis</strong></span> 
     </span>
    </p>
   </div>
   <div class='ocr_carea' id='block_1_66' title="bbox 431 3674 2001 3746">
    <p class='ocr_par' dir='ltr' id='par_1_66' title="bbox 431 3674 2001 3746">
     <span class='ocr_line' id='line_1_66' title="bbox 431 3674 2001 3746; baseline -0.001 -16"><span class='ocrx_word' id='word_1_465' title='bbox 431 3678 780 3746; x_wconf 77' lang='lat' dir='ltr'><strong>prosequitur</strong></span> <span class='ocrx_word' id='word_1_466' title='bbox 834 3691 1023 3729; x_wconf 89' lang='lat' dir='ltr'><strong>servos</strong></span> <span class='ocrx_word' id='word_1_467' title='bbox 1065 3674 1156 3728; x_wconf 90' lang='lat' dir='ltr'><strong>Dei</strong></span> <span class='ocrx_word' id='word_1_468' title='bbox 1191 3690 1204 3729; x_wconf 90' lang='lat'>:</span> <span class='ocrx_word' id='word_1_469' title='bbox 1241 3675 1404 3729; x_wconf 90' lang='lat' dir='ltr'><strong>modo</strong></span> <span class='ocrx_word' id='word_1_470' title='bbox 1441 3691 1535 3744; x_wconf 85' lang='lat' dir='ltr'><strong>per</strong></span> <span class='ocrx_word' id='word_1_471' title='bbox 1589 3684 2001 3743; x_wconf 87' lang='lat' dir='ltr'><strong>cooperatOres,</strong></span> 
     </span>
    </p>
   </div>
   <div class='ocr_carea' id='block_1_67' title="bbox 430 3767 2004 3836">
    <p class='ocr_par' dir='ltr' id='par_1_67' title="bbox 430 3767 2004 3836">
     <span class='ocr_line' id='line_1_67' title="bbox 430 3767 2004 3836; baseline -0.001 -15"><span class='ocrx_word' id='word_1_472' title='bbox 430 3769 650 3822; x_wconf 70' lang='lat' dir='ltr'><strong>malitia:</strong></span> <span class='ocrx_word' id='word_1_473' title='bbox 677 3783 790 3823; x_wconf 63' lang='lat' dir='ltr'><strong>suae</strong></span> <span class='ocrx_word' id='word_1_474' title='bbox 804 3779 1114 3829; x_wconf 82' lang='lat' dir='ltr'><strong>consortes,</strong></span> <span class='ocrx_word' id='word_1_475' title='bbox 1136 3767 1369 3822; x_wconf 88' lang='lat' dir='ltr'><strong>suscitat</strong></span> <span class='ocrx_word' id='word_1_476' title='bbox 1402 3769 1807 3836; x_wconf 68' lang='lat' dir='ltr'><strong>persecutiones</strong></span> <span class='ocrx_word' id='word_1_477' title='bbox 1827 3775 1880 3820; x_wconf 89' lang='lat' dir='ltr'><strong>et</strong></span> <span class='ocrx_word' id='word_1_478' title='bbox 1910 3781 2004 3835; x_wconf 87' lang='lat' dir='ltr'><strong>per</strong></span> 
     </span>
    </p>
   </div>
   <div class='ocr_carea' id='block_1_68' title="bbox 430 3859 2001 3928">
    <p class='ocr_par' dir='ltr' id='par_1_68' title="bbox 430 3859 2001 3928">
     <span class='ocr_line' id='line_1_68' title="bbox 430 3859 2001 3928; baseline 0 -18"><span class='ocrx_word' id='word_1_479' title='bbox 430 3859 692 3913; x_wconf 80' lang='lat' dir='ltr'><strong>malitiam</strong></span> <span class='ocrx_word' id='word_1_480' title='bbox 761 3860 923 3912; x_wconf 85' lang='lat' dir='ltr'><strong>inl&#39;ert</strong></span> <span class='ocrx_word' id='word_1_481' title='bbox 986 3874 1221 3928; x_wconf 75' lang='lat' dir='ltr'><strong>pugnam</strong></span> <span class='ocrx_word' id='word_1_482' title='bbox 1281 3869 1472 3912; x_wconf 86' lang='lat' dir='ltr'><strong>contra</strong></span> <span class='ocrx_word' id='word_1_483' title='bbox 1529 3861 1695 3912; x_wconf 82' lang='lat' dir='ltr'><strong>Deum</strong></span> <span class='ocrx_word' id='word_1_484' title='bbox 1754 3868 2001 3912; x_wconf 86' lang='lat' dir='ltr'><strong>amantes</strong></span> 
     </span>
    </p>
   </div>
   <div class='ocr_carea' id='block_1_69' title="bbox 427 3950 1999 4022">
    <p class='ocr_par' dir='ltr' id='par_1_69' title="bbox 427 3950 1999 4022">
     <span class='ocr_line' id='line_1_69' title="bbox 427 3950 1999 4022; baseline 0.001 -18"><span class='ocrx_word' id='word_1_485' title='bbox 427 3966 566 4022; x_wconf 85' lang='lat' dir='ltr'><strong>quos</strong></span> <span class='ocrx_word' id='word_1_486' title='bbox 598 3968 626 4006; x_wconf 88' lang='lat' dir='ltr'><strong>a</strong></span> <span class='ocrx_word' id='word_1_487' title='bbox 676 3952 780 4005; x_wconf 82' lang='lat' dir='ltr'><strong>vita</strong></span> <span class='ocrx_word' id='word_1_488' title='bbox 807 3951 961 4004; x_wconf 86' lang='lat' dir='ltr'><strong>beata</strong></span> <span class='ocrx_word' id='word_1_489' title='bbox 993 3952 1241 4020; x_wconf 70' lang='lat' dir='ltr'><strong>emloque</strong></span> <span class='ocrx_word' id='word_1_490' title='bbox 1296 3951 1543 4020; x_wconf 85' lang='lat' dir='ltr'><strong>repellit;</strong></span> <span class='ocrx_word' id='word_1_491' title='bbox 1600 3950 1760 4004; x_wconf 91' lang='lat' dir='ltr'><strong>modo</strong></span> <span class='ocrx_word' id='word_1_492' title='bbox 1789 3951 1999 4020; x_wconf 84' lang='lat' dir='ltr'><strong>absque</strong></span> 
     </span>
    </p>
   </div>
   <div class='ocr_carea' id='block_1_70' title="bbox 429 4043 2002 4112">
    <p class='ocr_par' dir='ltr' id='par_1_70' title="bbox 429 4043 2002 4112">
     <span class='ocr_line' id='line_1_70' title="bbox 429 4043 2002 4112; baseline -0.001 -17"><span class='ocrx_word' id='word_1_493' title='bbox 429 4043 740 4098; x_wconf 86' lang='lat' dir='ltr'><strong>hominibus</strong></span> <span class='ocrx_word' id='word_1_494' title='bbox 786 4044 850 4095; x_wconf 74' lang='lat' dir='ltr'><strong>azl</strong></span> <span class='ocrx_word' id='word_1_495' title='bbox 890 4046 1090 4096; x_wconf 86' lang='lat' dir='ltr'><strong>malum</strong></span> <span class='ocrx_word' id='word_1_496' title='bbox 1137 4044 1558 4112; x_wconf 83' lang='lat' dir='ltr'><strong>perpetrandum</strong></span> <span class='ocrx_word' id='word_1_497' title='bbox 1631 4044 2002 4111; x_wconf 86' lang='lat' dir='ltr'><strong>conspiranti-</strong></span> 
     </span>
    </p>
   </div>
   <div class='ocr_carea' id='block_1_71' title="bbox 428 4133 2002 4204">
    <p class='ocr_par' dir='ltr' id='par_1_71' title="bbox 428 4133 2002 4204">
     <span class='ocr_line' id='line_1_71' title="bbox 428 4133 2002 4204; baseline 0.001 -17"><span class='ocrx_word' id='word_1_498' title='bbox 428 4139 528 4191; x_wconf 88' lang='lat' dir='ltr'><strong>bus</strong></span> <span class='ocrx_word' id='word_1_499' title='bbox 558 4137 852 4204; x_wconf 84' lang='lat' dir='ltr'><strong>etproprio</strong></span> <span class='ocrx_word' id='word_1_500' title='bbox 893 4133 1067 4191; x_wconf 84' lang='lat' dir='ltr'><strong>Marte</strong></span> <span class='ocrx_word' id='word_1_501' title='bbox 1119 4151 1267 4188; x_wconf 90' lang='lat' dir='ltr'><strong>nunc</strong></span> <span class='ocrx_word' id='word_1_502' title='bbox 1308 4136 1524 4188; x_wconf 87' lang='lat' dir='ltr'><strong>occulte</strong></span> <span class='ocrx_word' id='word_1_503' title='bbox 1570 4151 1716 4188; x_wconf 87' lang='lat' dir='ltr'><strong>nunc</strong></span> <span class='ocrx_word' id='word_1_504' title='bbox 1758 4135 2002 4203; x_wconf 83' lang='lat' dir='ltr'><strong>apertius</strong></span> 
     </span>
    </p>
   </div>
   <div class='ocr_carea' id='block_1_72' title="bbox 429 4227 1998 4298">
    <p class='ocr_par' dir='ltr' id='par_1_72' title="bbox 429 4227 1998 4298">
     <span class='ocr_line' id='line_1_72' title="bbox 429 4227 1998 4298; baseline 0.001 -21"><span class='ocrx_word' id='word_1_505' title='bbox 429 4227 625 4281; x_wconf 87' lang='lat' dir='ltr'><strong>bellum</strong></span> <span class='ocrx_word' id='word_1_506' title='bbox 688 4227 868 4291; x_wconf 81' lang='lat' dir='ltr'><strong>infert,</strong></span> <span class='ocrx_word' id='word_1_507' title='bbox 932 4227 1396 4298; x_wconf 87' lang='lat' dir='ltr'><strong>quemadmodum</strong></span> <span class='ocrx_word' id='word_1_508' title='bbox 1474 4229 1526 4281; x_wconf 93' lang='lat' dir='ltr'><strong>in</strong></span> <span class='ocrx_word' id='word_1_509' title='bbox 1587 4229 1998 4297; x_wconf 62' lang='lat' dir='ltr'><strong>praesentiarum</strong></span> 
     </span>
    </p>
   </div>
   <div class='ocr_carea' id='block_1_73' title="bbox 428 4318 2002 4390">
    <p class='ocr_par' dir='ltr' id='par_1_73' title="bbox 428 4318 2002 4390">
     <span class='ocr_line' id='line_1_73' title="bbox 428 4318 2002 4390; baseline 0.001 -20"><span class='ocrx_word' id='word_1_510' title='bbox 428 4318 680 4372; x_wconf 77' lang='lat' dir='ltr'><strong>\irtutem</strong></span> <span class='ocrx_word' id='word_1_511' title='bbox 716 4331 864 4372; x_wconf 87' lang='lat' dir='ltr'><strong>tuam</strong></span> <span class='ocrx_word' id='word_1_512' title='bbox 901 4334 1194 4390; x_wconf 80' lang='lat' dir='ltr'><strong>aggressus</strong></span> <span class='ocrx_word' id='word_1_513' title='bbox 1243 4328 1346 4373; x_wconf 89' lang='lat' dir='ltr'><strong>est.</strong></span> <span class='ocrx_word' id='word_1_514' title='bbox 1384 4318 1591 4373; x_wconf 87' lang='lat' dir='ltr'><strong>Interea</strong></span> <span class='ocrx_word' id='word_1_515' title='bbox 1625 4320 1826 4372; x_wconf 85' lang='lat' dir='ltr'><strong>vulnus</strong></span> <span class='ocrx_word' id='word_1_516' title='bbox 1859 4319 2002 4372; x_wconf 82' lang='lat' dir='ltr'><strong>intu-</strong></span> 
     </span>
    </p>
   </div>
   <div class='ocr_carea' id='block_1_74' title="bbox 426 4409 2001 4479">
    <p class='ocr_par' dir='ltr' id='par_1_74' title="bbox 426 4409 2001 4479">
     <span class='ocr_line' id='line_1_74' title="bbox 426 4409 2001 4479; baseline 0 -16"><span class='ocrx_word' id='word_1_517' title='bbox 426 4411 506 4474; x_wconf 85' lang='lat' dir='ltr'><strong>lit,</strong></span> <span class='ocrx_word' id='word_1_518' title='bbox 533 4409 699 4479; x_wconf 79' lang='lat' dir='ltr'><strong>quod,</strong></span> <span class='ocrx_word' id='word_1_519' title='bbox 745 4411 958 4464; x_wconf 84' lang='lat' dir='ltr'><strong>volente</strong></span> <span class='ocrx_word' id='word_1_520' title='bbox 988 4410 1121 4473; x_wconf 84' lang='lat' dir='ltr'><strong>Deo,</strong></span> <span class='ocrx_word' id='word_1_521' title='bbox 1155 4419 1249 4464; x_wconf 84' lang='lat' dir='ltr'><strong>aut</strong></span> <span class='ocrx_word' id='word_1_522' title='bbox 1272 4412 1337 4463; x_wconf 86' lang='lat' dir='ltr'><strong>ad</strong></span> <span class='ocrx_word' id='word_1_523' title='bbox 1359 4409 1674 4464; x_wconf 84' lang='lat' dir='ltr'><strong>cicatricem</strong></span> <span class='ocrx_word' id='word_1_524' title='bbox 1704 4411 2001 4479; x_wconf 83' lang='lat' dir='ltr'><strong>aliquando</strong></span> 
     </span>
    </p>
   </div>
   <div class='ocr_carea' id='block_1_75' title="bbox 759 3489 2695 3561">
    <p class='ocr_par' dir='ltr' id='par_1_75' title="bbox 759 3489 2695 3561">
     <span class='ocr_line' id='line_1_75' title="bbox 759 3489 2695 3561; baseline -0.001 -15"><span class='ocrx_word' id='word_1_525' title='bbox 759 3491 1011 3546; x_wconf 76' lang='grc' dir='ltr'>ἐντεῦθεν</span> <span class='ocrx_word' id='word_1_526' title='bbox 1076 3493 1232 3553; x_wconf 86' lang='grc' dir='ltr'>ἀνίας</span> <span class='ocrx_word' id='word_1_527' title='bbox 1373 3489 1590 3543; x_wconf 77' lang='grc' dir='ltr'>ἐκεῖθεν</span> <span class='ocrx_word' id='word_1_528' title='bbox 1641 3489 2001 3542; x_wconf 80' lang='grc' dir='ltr'>ἀποκείσεται</span> <span class='ocrx_word' id='word_1_529' title='bbox 2042 3493 2224 3556; x_wconf 79' lang='grc' dir='ltr'>ἄνεσις</span> <span class='ocrx_word' id='word_1_530' title='bbox 2250 3492 2343 3546; x_wconf 72' lang='grc' dir='ltr'>καὶ</span> <span class='ocrx_word' id='word_1_531' title='bbox 2367 3493 2695 3554; x_wconf 86' lang='grc' dir='ltr'>ἀνάπαυσις.</span> 
     </span>
    </p>
   </div>
   <div class='ocr_carea' id='block_1_76' title="bbox 2187 3584 3684 3658">
    <p class='ocr_par' dir='ltr' id='par_1_76' title="bbox 2187 3584 3684 3658">
     <span class='ocr_line' id='line_1_76' title="bbox 2187 3584 3684 3658; baseline 0.004 -22"><span class='ocrx_word' id='word_1_532' title='bbox 2187 3585 2298 3637; x_wconf 74' lang='grc' dir='ltr'><strong>Ἀεὶ</strong></span> <span class='ocrx_word' id='word_1_533' title='bbox 2331 3585 2430 3653; x_wconf 80' lang='grc' dir='ltr'>μὲν</span> <span class='ocrx_word' id='word_1_534' title='bbox 2470 3584 2577 3654; x_wconf 77' lang='grc' dir='ltr'>γὰρ</span> <span class='ocrx_word' id='word_1_535' title='bbox 2612 3587 2639 3637; x_wconf 81' lang='grc' dir='ltr'>ὁ</span> <span class='ocrx_word' id='word_1_536' title='bbox 2665 3585 2758 3638; x_wconf 78' lang='grc' dir='ltr'><strong>τοῦ</strong></span> <span class='ocrx_word' id='word_1_537' title='bbox 2791 3585 2984 3653; x_wconf 83' lang='grc' dir='ltr'>γένους</span> <span class='ocrx_word' id='word_1_538' title='bbox 3019 3588 3078 3654; x_wconf 78' lang='grc' dir='ltr'><strong>ἐξ</strong></span> <span class='ocrx_word' id='word_1_539' title='bbox 3111 3587 3288 3658; x_wconf 86' lang='grc' dir='ltr'>ἀρχῆς</span> <span class='ocrx_word' id='word_1_540' title='bbox 3333 3589 3684 3658; x_wconf 71' lang='grc' dir='ltr'>ἐπηρεαστης</span> 
     </span>
    </p>
   </div>
   <div class='ocr_carea' id='block_1_77' title="bbox 2109 3673 3687 3744">
    <p class='ocr_par' dir='ltr' id='par_1_77' title="bbox 2109 3673 3687 3744">
     <span class='ocr_line' id='line_1_77' title="bbox 2109 3673 3687 3744; baseline 0 -18"><span class='ocrx_word' id='word_1_541' title='bbox 2109 3677 2229 3736; x_wconf 89' lang='grc' dir='ltr'>ταῖς</span> <span class='ocrx_word' id='word_1_542' title='bbox 2276 3673 2421 3726; x_wconf 82' lang='grc' dir='ltr'><strong>κατά</strong></span> <span class='ocrx_word' id='word_1_543' title='bbox 2467 3673 2578 3726; x_wconf 86' lang='grc' dir='ltr'><strong>τῶν</strong></span> <span class='ocrx_word' id='word_1_544' title='bbox 2647 3673 2999 3744; x_wconf 87' lang='grc' dir='ltr'>θεραπόντων</span> <span class='ocrx_word' id='word_1_545' title='bbox 3045 3673 3140 3728; x_wconf 84' lang='grc' dir='ltr'>τοῦ</span> <span class='ocrx_word' id='word_1_546' title='bbox 3187 3675 3322 3728; x_wconf 78' lang='grc' dir='ltr'>Θεοῦ</span> <span class='ocrx_word' id='word_1_547' title='bbox 3373 3675 3687 3739; x_wconf 77' lang='grc' dir='ltr'>ἐπιϐουλαῖς</span> 
     </span>
    </p>
   </div>
   <div class='ocr_carea' id='block_1_78' title="bbox 2109 3759 3684 3839">
    <p class='ocr_par' dir='ltr' id='par_1_78' title="bbox 2109 3759 3684 3839">
     <span class='ocr_line' id='line_1_78' title="bbox 2109 3759 3684 3839; baseline 0 -20"><span class='ocrx_word' id='word_1_548' title='bbox 2109 3765 2522 3830; x_wconf 59' lang='grc' dir='ltr'>ἐνσκεηυάςεται,</span> <span class='ocrx_word' id='word_1_549' title='bbox 2553 3769 2649 3818; x_wconf 71' lang='grc' dir='ltr'>καὶ</span> <span class='ocrx_word' id='word_1_550' title='bbox 2686 3765 2812 3820; x_wconf 74' lang='grc' dir='ltr'>καθ’</span> <span class='ocrx_word' id='word_1_551' title='bbox 2840 3759 2914 3820; x_wconf 82' lang='grc' dir='ltr'>ὧν</span> <span class='ocrx_word' id='word_1_552' title='bbox 2947 3769 3046 3836; x_wconf 81' lang='grc' dir='ltr'>μὲν</span> <span class='ocrx_word' id='word_1_553' title='bbox 3077 3769 3378 3837; x_wconf 82' lang='grc' dir='ltr'>συνεργοὺς</span> <span class='ocrx_word' id='word_1_554' title='bbox 3407 3769 3684 3839; x_wconf 86' lang='grc' dir='ltr'>προσλαμ-</span> 
     </span>
    </p>
   </div>
   <div class='ocr_carea' id='block_1_79' title="bbox 2107 3841 3683 3934">
    <p class='ocr_par' dir='ltr' id='par_1_79' title="bbox 2107 3841 3683 3934">
     <span class='ocr_line' id='line_1_79' title="bbox 2107 3841 3683 3934; baseline 0.001 -23"><span class='ocrx_word' id='word_1_555' title='bbox 2107 3861 2350 3925; x_wconf 76' lang='grc' dir='ltr'>ϐάνεται,</span> <span class='ocrx_word' id='word_1_556' title='bbox 2385 3859 2476 3922; x_wconf 75' lang='grc' dir='ltr'><strong>οὒς</strong></span> <span class='ocrx_word' id='word_1_557' title='bbox 2516 3859 2582 3912; x_wconf 84' lang='grc' dir='ltr'>ἂν</span> <span class='ocrx_word' id='word_1_558' title='bbox 2623 3858 2774 3929; x_wconf 77' lang='grc' dir='ltr'>εὖροι</span> <span class='ocrx_word' id='word_1_559' title='bbox 2829 3861 2895 3931; x_wconf 82' lang='grc' dir='ltr'><strong>τῇ</strong></span> <span class='ocrx_word' id='word_1_560' title='bbox 2939 3861 3103 3913; x_wconf 81' lang='grc' dir='ltr'>αὑτοῦ</span> <span class='ocrx_word' id='word_1_561' title='bbox 3157 3861 3326 3934; x_wconf 73' lang='grc' dir='ltr'>κακίᾳ</span> <span class='ocrx_word' id='word_1_562' title='bbox 3360 3841 3683 3932; x_wconf 71' lang='grc' dir='ltr'>ἀυντρέχον-</span> 
     </span>
    </p>
   </div>
   <div class='ocr_carea' id='block_1_80' title="bbox 2106 3950 3680 4022">
    <p class='ocr_par' dir='ltr' id='par_1_80' title="bbox 2106 3950 3680 4022">
     <span class='ocr_line' id='line_1_80' title="bbox 2106 3950 3680 4022; baseline 0.003 -20"><span class='ocrx_word' id='word_1_563' title='bbox 2106 3967 2224 4012; x_wconf 76' lang='grc' dir='ltr'>τας.</span> <span class='ocrx_word' id='word_1_564' title='bbox 2264 3951 2376 4003; x_wconf 71' lang='grc' dir='ltr'><strong>Καὶ</strong></span> <span class='ocrx_word' id='word_1_565' title='bbox 2437 3950 2524 4003; x_wconf 85' lang='grc' dir='ltr'><strong>διά</strong></span> <span class='ocrx_word' id='word_1_566' title='bbox 2581 3950 2788 4004; x_wconf 77' lang='grc' dir='ltr'>τούτων</span> <span class='ocrx_word' id='word_1_567' title='bbox 2845 3950 2942 4004; x_wconf 80' lang='grc' dir='ltr'>νῦν</span> <span class='ocrx_word' id='word_1_568' title='bbox 2999 3952 3102 4021; x_wconf 68' lang='grc' dir='ltr'><strong>μὲι</strong></span> <span class='ocrx_word' id='word_1_569' title='bbox 3160 3952 3460 4022; x_wconf 72' lang='grc' dir='ltr'>διωγμοὺς,</span> <span class='ocrx_word' id='word_1_570' title='bbox 3500 3955 3594 4006; x_wconf 81' lang='grc' dir='ltr'>νῦν</span> <span class='ocrx_word' id='word_1_571' title='bbox 3623 3954 3680 4006; x_wconf 82' lang='grc' dir='ltr'>δὲ</span> 
     </span>
    </p>
   </div>
   <div class='ocr_carea' id='block_1_81' title="bbox 2107 4041 3682 4117">
    <p class='ocr_par' dir='ltr' id='par_1_81' title="bbox 2107 4041 3682 4117">
     <span class='ocr_line' id='line_1_81' title="bbox 2107 4041 3682 4117; baseline 0.003 -23"><span class='ocrx_word' id='word_1_572' title='bbox 2107 4042 2380 4105; x_wconf 81' lang='grc' dir='ltr'>κακώσεις</span> <span class='ocrx_word' id='word_1_573' title='bbox 2437 4041 2605 4104; x_wconf 79' lang='grc' dir='ltr'>ἄλλας</span> <span class='ocrx_word' id='word_1_574' title='bbox 2684 4043 2964 4114; x_wconf 74' lang='grc' dir='ltr'>ἐπιφέρων</span> <span class='ocrx_word' id='word_1_575' title='bbox 3022 4047 3136 4107; x_wconf 75' lang='grc' dir='ltr'>τοῖς</span> <span class='ocrx_word' id='word_1_576' title='bbox 3191 4046 3504 4117; x_wconf 70' lang='grc' dir='ltr'>εὐαρέστως</span> <span class='ocrx_word' id='word_1_577' title='bbox 3563 4041 3682 4116; x_wconf 83' lang='grc' dir='ltr'><strong>Θεῷ</strong></span> 
     </span>
    </p>
   </div>
   <div class='ocr_carea' id='block_1_82' title="bbox 2102 4132 3716 4207">
    <p class='ocr_par' dir='ltr' id='par_1_82' title="bbox 2102 4132 3716 4207">
     <span class='ocr_line' id='line_1_82' title="bbox 2102 4132 3716 4207; baseline 0.003 -22"><span class='ocrx_word' id='word_1_578' title='bbox 2102 4132 2404 4186; x_wconf 81' lang='grc' dir='ltr'>διαδιοῦσιν</span> <span class='ocrx_word' id='word_1_579' title='bbox 2444 4134 2632 4201; x_wconf 82' lang='grc' dir='ltr'>ἀγῶνα</span> <span class='ocrx_word' id='word_1_580' title='bbox 2661 4137 2896 4187; x_wconf 81' lang='grc' dir='ltr'>ποιεῖται</span> <span class='ocrx_word' id='word_1_581' title='bbox 2933 4138 2998 4207; x_wconf 82' lang='grc' dir='ltr'>τῇ</span> <span class='ocrx_word' id='word_1_582' title='bbox 3045 4137 3294 4206; x_wconf 71' lang='grc' dir='ltr'>μακαρίᾳ</span> <span class='ocrx_word' id='word_1_583' title='bbox 3333 4137 3444 4206; x_wconf 79' lang='grc' dir='ltr'>ζωῇ</span> <span class='ocrx_word' id='word_1_584' title='bbox 3475 4136 3716 4190; x_wconf 78' lang='grc' dir='ltr'>τούτων·</span> 
     </span>
    </p>
   </div>
   <div class='ocr_carea' id='block_1_83' title="bbox 2102 4225 3681 4299">
    <p class='ocr_par' dir='ltr' id='par_1_83' title="bbox 2102 4225 3681 4299">
     <span class='ocr_line' id='line_1_83' title="bbox 2102 4225 3681 4299; baseline 0.003 -23"><span class='ocrx_word' id='word_1_585' title='bbox 2102 4225 2431 4293; x_wconf 76' lang='grc' dir='ltr'>ἐμποδίζειν.</span> <span class='ocrx_word' id='word_1_586' title='bbox 2456 4225 2569 4277; x_wconf 82' lang='grc' dir='ltr'><strong>Νῦν</strong></span> <span class='ocrx_word' id='word_1_587' title='bbox 2599 4226 2652 4278; x_wconf 77' lang='grc' dir='ltr'>δὲ</span> <span class='ocrx_word' id='word_1_588' title='bbox 2676 4226 2768 4278; x_wconf 72' lang='grc' dir='ltr'><strong>καὶ</strong></span> <span class='ocrx_word' id='word_1_589' title='bbox 2794 4230 2962 4296; x_wconf 73' lang='grc' dir='ltr'>χωρὶς</span> <span class='ocrx_word' id='word_1_590' title='bbox 2992 4229 3350 4297; x_wconf 69' lang='grc' dir='ltr'>προσλήψεως</span> <span class='ocrx_word' id='word_1_591' title='bbox 3373 4229 3681 4299; x_wconf 86' lang='grc' dir='ltr'>ἀνθρώπων</span> 
     </span>
    </p>
   </div>
   <div class='ocr_carea' id='block_1_84' title="bbox 2103 4315 3676 4388">
    <p class='ocr_par' dir='ltr' id='par_1_84' title="bbox 2103 4315 3676 4388">
     <span class='ocr_line' id='line_1_84' title="bbox 2103 4315 3676 4388; baseline 0.006 -23"><span class='ocrx_word' id='word_1_592' title='bbox 2103 4315 2660 4386; x_wconf 82' lang='grc' dir='ltr'>συγκακουργούντων</span> <span class='ocrx_word' id='word_1_593' title='bbox 2685 4317 2856 4387; x_wconf 72' lang='grc' dir='ltr'>αὐτῷ,</span> <span class='ocrx_word' id='word_1_594' title='bbox 2875 4319 2964 4369; x_wconf 65' lang='grc' dir='ltr'>διὰ</span> <span class='ocrx_word' id='word_1_595' title='bbox 2985 4320 3082 4388; x_wconf 77' lang='grc' dir='ltr'>τῆς</span> <span class='ocrx_word' id='word_1_596' title='bbox 3109 4321 3317 4380; x_wconf 80' lang='grc' dir='ltr'>οἰκείας</span> <span class='ocrx_word' id='word_1_597' title='bbox 3355 4321 3676 4383; x_wconf 80' lang='grc' dir='ltr'>ἐπιθέσεως,</span> 
     </span>
    </p>
   </div>
   <div class='ocr_carea' id='block_1_85' title="bbox 2098 4406 3680 4482">
    <p class='ocr_par' dir='ltr' id='par_1_85' title="bbox 2098 4406 3680 4482">
     <span class='ocr_line' id='line_1_85' title="bbox 2098 4406 3680 4482; baseline 0.004 -24"><span class='ocrx_word' id='word_1_598' title='bbox 2098 4406 2257 4458; x_wconf 80' lang='grc' dir='ltr'>τοῦτο</span> <span class='ocrx_word' id='word_1_599' title='bbox 2291 4407 2388 4476; x_wconf 80' lang='grc' dir='ltr'>μὲν</span> <span class='ocrx_word' id='word_1_600' title='bbox 2425 4408 2667 4475; x_wconf 82' lang='grc' dir='ltr'>ἀφανῶς,</span> <span class='ocrx_word' id='word_1_601' title='bbox 2697 4409 2856 4462; x_wconf 83' lang='grc' dir='ltr'>τοῦτο</span> <span class='ocrx_word' id='word_1_602' title='bbox 2885 4411 2941 4462; x_wconf 79' lang='grc' dir='ltr'>δὲ</span> <span class='ocrx_word' id='word_1_603' title='bbox 2970 4412 3064 4463; x_wconf 70' lang='grc' dir='ltr'>καὶ</span> <span class='ocrx_word' id='word_1_604' title='bbox 3092 4413 3150 4464; x_wconf 71' lang='grc' dir='ltr'>ἐν</span> <span class='ocrx_word' id='word_1_605' title='bbox 3178 4412 3253 4482; x_wconf 82' lang='grc' dir='ltr'><strong>τῷ</strong></span> <span class='ocrx_word' id='word_1_606' title='bbox 3289 4415 3562 4481; x_wconf 77' lang='grc' dir='ltr'>προφανεῖ</span> <span class='ocrx_word' id='word_1_607' title='bbox 3587 4415 3680 4465; x_wconf 76' lang='grc' dir='ltr'>τὸν</span> 
     </span>
    </p>
   </div>
   <div class='ocr_carea' id='block_1_86' title="bbox 425 4497 2004 4576">
    <p class='ocr_par' dir='ltr' id='par_1_86' title="bbox 425 4502 1999 4571">
     <span class='ocr_line' id='line_1_86' title="bbox 425 4502 1999 4571; baseline -0.001 -17"><span class='ocrx_word' id='word_1_608' title='bbox 425 4505 592 4558; x_wconf 86' lang='lat' dir='ltr'><strong>abibit</strong></span> <span class='ocrx_word' id='word_1_609' title='bbox 625 4511 720 4554; x_wconf 87' lang='lat' dir='ltr'><strong>aut</strong></span> <span class='ocrx_word' id='word_1_610' title='bbox 759 4503 999 4556; x_wconf 81' lang='lat' dir='ltr'><strong>dehnitis</strong></span> <span class='ocrx_word' id='word_1_611' title='bbox 1034 4502 1259 4571; x_wconf 87' lang='lat' dir='ltr'><strong>judieiis</strong></span> <span class='ocrx_word' id='word_1_612' title='bbox 1305 4503 1358 4555; x_wconf 92' lang='lat' dir='ltr'><strong>in</strong></span> <span class='ocrx_word' id='word_1_613' title='bbox 1389 4502 1740 4555; x_wconf 88' lang='lat' dir='ltr'><strong>commodum</strong></span> <span class='ocrx_word' id='word_1_614' title='bbox 1776 4517 1999 4571; x_wconf 86' lang='lat' dir='ltr'><strong>percus-</strong></span> 
     </span>
    </p>
   </div>
   <div class='ocr_carea' id='block_1_87' title="bbox 2106 4497 3681 4576">
    <p class='ocr_par' dir='ltr' id='par_1_87' title="bbox 2108 4497 3681 4576">
     <span class='ocr_line' id='line_1_87' title="bbox 2108 4497 3681 4576; baseline 0.005 -26"><span class='ocrx_word' id='word_1_615' title='bbox 2108 4497 2341 4567; x_wconf 70' lang='grc' dir='ltr'>πόλεμρν</span> <span class='ocrx_word' id='word_1_616' title='bbox 2369 4499 2759 4567; x_wconf 71' lang='grc' dir='ltr'>ἐπιδείκνυται,</span> <span class='ocrx_word' id='word_1_617' title='bbox 2790 4501 2818 4553; x_wconf 87' lang='grc' dir='ltr'><strong>ὃ</strong></span> <span class='ocrx_word' id='word_1_618' title='bbox 2859 4503 2953 4555; x_wconf 72' lang='grc' dir='ltr'>καὶ</span> <span class='ocrx_word' id='word_1_619' title='bbox 2981 4503 3078 4558; x_wconf 75' lang='grc' dir='ltr'><strong>νῦν</strong></span> <span class='ocrx_word' id='word_1_620' title='bbox 3123 4506 3260 4576; x_wconf 65' lang='grc' dir='ltr'>πρὸς</span> <span class='ocrx_word' id='word_1_621' title='bbox 3285 4505 3384 4573; x_wconf 79' lang='grc' dir='ltr'>τὴν</span> <span class='ocrx_word' id='word_1_622' title='bbox 3411 4505 3681 4573; x_wconf 76' lang='grc' dir='ltr'>ὑμετέραν</span> 
     </span>
    </p>
   </div>
   <div class='ocr_carea' id='block_1_88' title="bbox 423 4595 1999 4663">
    <p class='ocr_par' dir='ltr' id='par_1_88' title="bbox 423 4595 1999 4663">
     <span class='ocr_line' id='line_1_88' title="bbox 423 4595 1999 4663; baseline -0.001 -16"><span class='ocrx_word' id='word_1_623' title='bbox 423 4599 565 4649; x_wconf 74' lang='lat' dir='ltr'><strong>soris</strong></span> <span class='ocrx_word' id='word_1_624' title='bbox 630 4596 930 4648; x_wconf 83' lang='lat' dir='ltr'><strong>mutabitur</strong></span> <span class='ocrx_word' id='word_1_625' title='bbox 981 4610 1156 4662; x_wconf 82' lang='lat' dir='ltr'><strong>usque</strong></span> <span class='ocrx_word' id='word_1_626' title='bbox 1197 4595 1359 4658; x_wconf 88' lang='lat' dir='ltr'><strong>dntn,</strong></span> <span class='ocrx_word' id='word_1_627' title='bbox 1413 4609 1519 4648; x_wconf 88' lang='lat' dir='ltr'><strong>non</strong></span> <span class='ocrx_word' id='word_1_628' title='bbox 1566 4597 1798 4647; x_wconf 89' lang='lat' dir='ltr'><strong>multum</strong></span> <span class='ocrx_word' id='word_1_629' title='bbox 1853 4603 1999 4663; x_wconf 81' lang='lat' dir='ltr'><strong>post,</strong></span> 
     </span>
    </p>
   </div>
   <div class='ocr_carea' id='block_1_89' title="bbox 425 4685 1999 4754">
    <p class='ocr_par' dir='ltr' id='par_1_89' title="bbox 425 4685 1999 4754">
     <span class='ocr_line' id='line_1_89' title="bbox 425 4685 1999 4754; baseline -0.001 -17"><span class='ocrx_word' id='word_1_630' title='bbox 425 4685 780 4753; x_wconf 84' lang='lat' dir='ltr'><strong>eorrttptibile</strong></span> <span class='ocrx_word' id='word_1_631' title='bbox 819 4687 920 4738; x_wconf 87' lang='lat' dir='ltr'><strong>hoc</strong></span> <span class='ocrx_word' id='word_1_632' title='bbox 972 4701 1170 4752; x_wconf 80' lang='lat' dir='ltr'><strong>corpus</strong></span> <span class='ocrx_word' id='word_1_633' title='bbox 1207 4688 1258 4738; x_wconf 91' lang='lat' dir='ltr'><strong>in</strong></span> <span class='ocrx_word' id='word_1_634' title='bbox 1293 4685 1693 4740; x_wconf 80' lang='lat' dir='ltr'><strong>resurrectione</strong></span> <span class='ocrx_word' id='word_1_635' title='bbox 1719 4686 1999 4754; x_wconf 88' lang='lat' dir='ltr'><strong>justorntn</strong></span> 
     </span>
    </p>
   </div>
   <div class='ocr_carea' id='block_1_90' title="bbox 439 4777 2004 4847">
    <p class='ocr_par' dir='ltr' id='par_1_90' title="bbox 439 4777 2004 4847">
     <span class='ocr_line' id='line_1_90' title="bbox 439 4777 2004 4847; baseline -0.002 -19"><span class='ocrx_word' id='word_1_636' title='bbox 439 4777 631 4829; x_wconf 85' lang='lat' dir='ltr'><strong>induat</strong></span> <span class='ocrx_word' id='word_1_637' title='bbox 687 4777 920 4830; x_wconf 75' lang='lat' dir='ltr'><strong>divinam</strong></span> <span class='ocrx_word' id='word_1_638' title='bbox 995 4778 1485 4847; x_wconf 80' lang='lat' dir='ltr'><strong>incorruptionem.</strong></span> <span class='ocrx_word' id='word_1_639' title='bbox 1553 4777 1828 4829; x_wconf 77' lang='lat' dir='ltr'><strong>Maleﬁcus</strong></span> <span class='ocrx_word' id='word_1_640' title='bbox 1907 4791 2004 4827; x_wconf 82' lang='lat' dir='ltr'><strong>an-</strong></span> 
     </span>
    </p>
   </div>
   <div class='ocr_carea' id='block_1_91' title="bbox 427 4869 1999 4938">
    <p class='ocr_par' dir='ltr' id='par_1_91' title="bbox 427 4869 1999 4938">
     <span class='ocr_line' id='line_1_91' title="bbox 427 4869 1999 4938; baseline -0.003 -16"><span class='ocrx_word' id='word_1_641' title='bbox 427 4879 532 4924; x_wconf 69' lang='lat' dir='ltr'><strong>tem</strong></span> <span class='ocrx_word' id='word_1_642' title='bbox 593 4869 852 4937; x_wconf 85' lang='lat' dir='ltr'><strong>patientia</strong></span> <span class='ocrx_word' id='word_1_643' title='bbox 908 4880 996 4923; x_wconf 79' lang='lat' dir='ltr'><strong>tua</strong></span> <span class='ocrx_word' id='word_1_644' title='bbox 1054 4883 1159 4938; x_wconf 88' lang='lat' dir='ltr'><strong>qua</strong></span> <span class='ocrx_word' id='word_1_645' title='bbox 1209 4885 1398 4922; x_wconf 88' lang='lat' dir='ltr'><strong>omnes</strong></span> <span class='ocrx_word' id='word_1_646' title='bbox 1451 4869 1619 4921; x_wconf 87' lang='lat' dir='ltr'><strong>Deum</strong></span> <span class='ocrx_word' id='word_1_647' title='bbox 1674 4869 1999 4936; x_wconf 73' lang='lat' dir='ltr'><strong>glorilicaitt,</strong></span> 
     </span>
    </p>
   </div>
   <div class='ocr_carea' id='block_1_92' title="bbox 427 4959 2004 5027">
    <p class='ocr_par' dir='ltr' id='par_1_92' title="bbox 427 4959 2004 5027">
     <span class='ocr_line' id='line_1_92' title="bbox 427 4959 2004 5027; baseline -0.004 -13"><span class='ocrx_word' id='word_1_648' title='bbox 427 4962 806 5016; x_wconf 74' lang='lat' dir='ltr'><strong>vulnerabitur</strong></span> <span class='ocrx_word' id='word_1_649' title='bbox 857 4963 908 5013; x_wconf 89' lang='lat' dir='ltr'><strong>in</strong></span> <span class='ocrx_word' id='word_1_650' title='bbox 935 4975 1223 5023; x_wconf 71' lang='lat' dir='ltr'><strong>aeternum,</strong></span> <span class='ocrx_word' id='word_1_651' title='bbox 1266 4975 1396 5015; x_wconf 84' lang='lat' dir='ltr'><strong>suos</strong></span> <span class='ocrx_word' id='word_1_652' title='bbox 1438 4963 1591 5014; x_wconf 86' lang='lat' dir='ltr'><strong>solus</strong></span> <span class='ocrx_word' id='word_1_653' title='bbox 1635 4959 2004 5027; x_wconf 58' lang='lat' dir='ltr'><strong>portaliittdo-</strong></span> 
     </span>
    </p>
   </div>
   <div class='ocr_carea' id='block_1_93' title="bbox 429 5032 2000 5120">
    <p class='ocr_par' dir='ltr' id='par_1_93' title="bbox 429 5032 2000 5120">
     <span class='ocr_line' id='line_1_93' title="bbox 429 5032 2000 5120; baseline -0.003 -16"><span class='ocrx_word' id='word_1_654' title='bbox 429 5057 590 5120; x_wconf 79' lang='lat' dir='ltr'><strong>Iorcs,</strong></span> <span class='ocrx_word' id='word_1_655' title='bbox 623 5068 724 5107; x_wconf 92' lang='lat' dir='ltr'><strong>nec</strong></span> <span class='ocrx_word' id='word_1_656' title='bbox 748 5051 917 5107; x_wconf 87' lang='lat' dir='ltr'><strong>ullum</strong></span> <span class='ocrx_word' id='word_1_657' title='bbox 945 5055 1191 5106; x_wconf 80' lang='lat' dir='ltr'><strong>dolorum</strong></span> <span class='ocrx_word' id='word_1_658' title='bbox 1227 5055 1470 5105; x_wconf 78' lang='lat' dir='ltr'><strong>solamen</strong></span> <span class='ocrx_word' id='word_1_659' title='bbox 1515 5032 1770 5103; x_wconf 75' lang='lat' dir='ltr'><strong>inveniet.</strong></span> <span class='ocrx_word' id='word_1_660' title='bbox 1810 5048 2000 5116; x_wconf 76' lang='lat' dir='ltr'><strong>llespi—</strong></span> 
     </span>
    </p>
   </div>
   <div class='ocr_carea' id='block_1_94' title="bbox 422 5139 2003 5210">
    <p class='ocr_par' dir='ltr' id='par_1_94' title="bbox 422 5139 2003 5210">
     <span class='ocr_line' id='line_1_94' title="bbox 422 5139 2003 5210; baseline -0.002 -17"><span class='ocrx_word' id='word_1_661' title='bbox 422 5162 503 5209; x_wconf 84' lang='lat' dir='ltr'><strong>cc,</strong></span> <span class='ocrx_word' id='word_1_662' title='bbox 545 5143 614 5196; x_wconf 84' lang='grc' dir='ltr'>ιιιί</span> <span class='ocrx_word' id='word_1_663' title='bbox 646 5142 742 5206; x_wconf 88' lang='lat' dir='ltr'><strong>lili,</strong></span> <span class='ocrx_word' id='word_1_664' title='bbox 777 5142 841 5195; x_wconf 91' lang='lat' dir='ltr'><strong>ad</strong></span> <span class='ocrx_word' id='word_1_665' title='bbox 889 5144 1008 5196; x_wconf 87' lang='lat' dir='ltr'><strong>illos</strong></span> <span class='ocrx_word' id='word_1_666' title='bbox 1029 5142 1118 5210; x_wconf 81' lang='lat' dir='ltr'><strong>qui</strong></span> <span class='ocrx_word' id='word_1_667' title='bbox 1161 5143 1246 5195; x_wconf 85' lang='lat' dir='ltr'><strong>bis</strong></span> <span class='ocrx_word' id='word_1_668' title='bbox 1295 5143 1349 5194; x_wconf 91' lang='lat' dir='ltr'><strong>in</strong></span> <span class='ocrx_word' id='word_1_669' title='bbox 1385 5141 1545 5194; x_wconf 84' lang='lat' dir='ltr'><strong>terris</strong></span> <span class='ocrx_word' id='word_1_670' title='bbox 1585 5139 1841 5199; x_wconf 83' lang='lat' dir='ltr'><strong>militant,</strong></span> <span class='ocrx_word' id='word_1_671' title='bbox 1870 5150 2003 5206; x_wconf 86' lang='lat' dir='ltr'><strong>quot</strong></span> 
     </span>
    </p>
   </div>
   <div class='ocr_carea' id='block_1_95' title="bbox 420 5229 2002 5303">
    <p class='ocr_par' dir='ltr' id='par_1_95' title="bbox 420 5229 2002 5303">
     <span class='ocr_line' id='line_1_95' title="bbox 420 5229 2002 5303; baseline -0.004 -17"><span class='ocrx_word' id='word_1_672' title='bbox 420 5247 474 5288; x_wconf 90' lang='lat' dir='ltr'><strong>et</strong></span> <span class='ocrx_word' id='word_1_673' title='bbox 499 5247 734 5303; x_wconf 83' lang='lat' dir='ltr'><strong>quantas</strong></span> <span class='ocrx_word' id='word_1_674' title='bbox 784 5249 846 5287; x_wconf 77' lang='lat' dir='ltr'><strong>ex</strong></span> <span class='ocrx_word' id='word_1_675' title='bbox 892 5234 1140 5287; x_wconf 88' lang='lat' dir='ltr'><strong>hostibus</strong></span> <span class='ocrx_word' id='word_1_676' title='bbox 1199 5235 1386 5302; x_wconf 82' lang='lat' dir='ltr'><strong>plagas</strong></span> <span class='ocrx_word' id='word_1_677' title='bbox 1444 5234 1494 5284; x_wconf 91' lang='lat' dir='ltr'><strong>in</strong></span> <span class='ocrx_word' id='word_1_678' title='bbox 1553 5229 1816 5284; x_wconf 87' lang='lat' dir='ltr'><strong>membris</strong></span> <span class='ocrx_word' id='word_1_679' title='bbox 1863 5231 2002 5282; x_wconf 78' lang='lat' dir='ltr'><strong>reei-</strong></span> 
     </span>
    </p>
   </div>
   <div class='ocr_carea' id='block_1_96' title="bbox 423 5325 2006 5396">
    <p class='ocr_par' dir='ltr' id='par_1_96' title="bbox 423 5325 2006 5396">
     <span class='ocr_line' id='line_1_96' title="bbox 423 5325 2006 5396; baseline -0.004 -20"><span class='ocrx_word' id='word_1_680' title='bbox 423 5331 608 5396; x_wconf 83' lang='lat' dir='ltr'><strong>piant;</strong></span> <span class='ocrx_word' id='word_1_681' title='bbox 679 5327 781 5382; x_wconf 88' lang='lat' dir='ltr'><strong>viri</strong></span> <span class='ocrx_word' id='word_1_682' title='bbox 848 5337 1031 5382; x_wconf 85' lang='lat' dir='ltr'><strong>autem</strong></span> <span class='ocrx_word' id='word_1_683' title='bbox 1103 5328 1276 5380; x_wconf 76' lang='lat' dir='ltr'><strong>l&#39;oxtcs</strong></span> <span class='ocrx_word' id='word_1_684' title='bbox 1342 5328 1583 5377; x_wconf 83' lang='lat' dir='ltr'><strong>animum</strong></span> <span class='ocrx_word' id='word_1_685' title='bbox 1643 5327 1840 5376; x_wconf 69' lang='lat' dir='ltr'><strong>nedum</strong></span> <span class='ocrx_word' id='word_1_686' title='bbox 1911 5325 2006 5375; x_wconf 80' lang='lat' dir='ltr'><strong>ah-</strong></span> 
     </span>
    </p>
   </div>
   <div class='ocr_carea' id='block_1_97' title="bbox 418 5416 1998 5489">
    <p class='ocr_par' dir='ltr' id='par_1_97' title="bbox 418 5416 1998 5489">
     <span class='ocr_line' id='line_1_97' title="bbox 418 5416 1998 5489; baseline -0.005 -17"><span class='ocrx_word' id='word_1_687' title='bbox 418 5421 613 5486; x_wconf 70' lang='lat' dir='ltr'><strong>jiciant</strong></span> <span class='ocrx_word' id='word_1_688' title='bbox 668 5422 917 5489; x_wconf 90' lang='lat' dir='ltr'><strong>qninimo</strong></span> <span class='ocrx_word' id='word_1_689' title='bbox 972 5416 1239 5471; x_wconf 77' lang='lat' dir='ltr'><strong>extollunt</strong></span> <span class='ocrx_word' id='word_1_690' title='bbox 1278 5426 1332 5468; x_wconf 86' lang='lat' dir='ltr'><strong>et</strong></span> <span class='ocrx_word' id='word_1_691' title='bbox 1380 5417 1634 5467; x_wconf 86' lang='lat' dir='ltr'><strong>omnibus</strong></span> <span class='ocrx_word' id='word_1_692' title='bbox 1676 5416 1896 5465; x_wconf 74' lang='lat' dir='ltr'><strong>vulnera</strong></span> <span class='ocrx_word' id='word_1_693' title='bbox 1938 5429 1998 5464; x_wconf 70' lang='lat' dir='ltr'><strong>cx</strong></span> 
     </span>
    </p>
   </div>
   <div class='ocr_carea' id='block_1_98' title="bbox 423 5501 2003 5561">
    <p class='ocr_par' dir='ltr' id='par_1_98' title="bbox 423 5501 2003 5561">
     <span class='ocr_line' id='line_1_98' title="bbox 423 5501 2003 5561; baseline -0.003 -2"><span class='ocrx_word' id='word_1_694' title='bbox 423 5508 668 5560; x_wconf 78' lang='lat' dir='ltr'><strong>hostibus</strong></span> <span class='ocrx_word' id='word_1_695' title='bbox 776 5509 977 5561; x_wconf 77' lang='lat' dir='ltr'><strong>inﬂicta</strong></span> <span class='ocrx_word' id='word_1_696' title='bbox 1082 5503 1392 5558; x_wconf 79' lang='lat' dir='ltr'><strong>ostendunt.</strong></span> <span class='ocrx_word' id='word_1_697' title='bbox 1492 5501 1572 5554; x_wconf 85' lang='lat' dir='ltr'><strong>Tu</strong></span> <span class='ocrx_word' id='word_1_698' title='bbox 1679 5504 1730 5554; x_wconf 91' lang='lat' dir='ltr'><strong>in</strong></span> <span class='ocrx_word' id='word_1_699' title='bbox 1813 5508 2003 5555; x_wconf 74' lang='lat' dir='ltr'><strong>cwlcs-</strong></span> 
     </span>
    </p>
   </div>
   <div class='ocr_carea' id='block_1_99' title="bbox 424 5593 2004 5666">
    <p class='ocr_par' dir='ltr' id='par_1_99' title="bbox 424 5593 2004 5666">
     <span class='ocr_line' id='line_1_99' title="bbox 424 5593 2004 5666; baseline -0.003 -14"><span class='ocrx_word' id='word_1_700' title='bbox 424 5611 532 5652; x_wconf 81' lang='lat' dir='ltr'><strong>teni</strong></span> <span class='ocrx_word' id='word_1_701' title='bbox 593 5598 836 5650; x_wconf 74' lang='lat' dir='ltr'><strong>militiam</strong></span> <span class='ocrx_word' id='word_1_702' title='bbox 907 5609 1210 5666; x_wconf 76' lang='lat' dir='ltr'><strong>coeptatus,</strong></span> <span class='ocrx_word' id='word_1_703' title='bbox 1279 5596 1320 5645; x_wconf 79' lang='lat' dir='ltr'><strong>si</strong></span> <span class='ocrx_word' id='word_1_704' title='bbox 1393 5595 1460 5646; x_wconf 80' lang='lat' dir='ltr'><strong>ab</strong></span> <span class='ocrx_word' id='word_1_705' title='bbox 1534 5593 1848 5646; x_wconf 81' lang='lat' dir='ltr'><strong>adversario</strong></span> <span class='ocrx_word' id='word_1_706' title='bbox 1890 5611 2004 5663; x_wconf 87' lang='lat' dir='ltr'><strong>pcr-</strong></span> 
     </span>
    </p>
   </div>
   <div class='ocr_carea' id='block_1_100' title="bbox 425 5686 1999 5751">
    <p class='ocr_par' dir='ltr' id='par_1_100' title="bbox 425 5686 1999 5751">
     <span class='ocr_line' id='line_1_100' title="bbox 425 5686 1999 5751; baseline -0.003 -7"><span class='ocrx_word' id='word_1_707' title='bbox 425 5704 623 5744; x_wconf 80' lang='lat' dir='ltr'><strong>cussus</strong></span> <span class='ocrx_word' id='word_1_708' title='bbox 684 5687 898 5751; x_wconf 75' lang='lat' dir='ltr'><strong>fueris,</strong></span> <span class='ocrx_word' id='word_1_709' title='bbox 959 5705 1020 5743; x_wconf 73' lang='lat' dir='ltr'><strong>ex</strong></span> <span class='ocrx_word' id='word_1_710' title='bbox 1087 5688 1352 5743; x_wconf 60' lang='lat' dir='ltr'><strong>arumnis</strong></span> <span class='ocrx_word' id='word_1_711' title='bbox 1419 5686 1843 5741; x_wconf 70' lang='lat' dir='ltr'><strong>:t‘Stitnatinnem</strong></span> <span class='ocrx_word' id='word_1_712' title='bbox 1907 5689 1999 5739; x_wconf 82' lang='lat' dir='ltr'><strong>tibi</strong></span> 
     </span>
    </p>
   </div>
   <div class='ocr_carea' id='block_1_101' title="bbox 420 5779 2000 5853">
    <p class='ocr_par' dir='ltr' id='par_1_101' title="bbox 420 5779 2000 5853">
     <span class='ocr_line' id='line_1_101' title="bbox 420 5779 2000 5853; baseline -0.003 -16"><span class='ocrx_word' id='word_1_713' title='bbox 420 5779 789 5853; x_wconf 70' lang='lat' dir='ltr'><strong>comparabis.</strong></span> <span class='ocrx_word' id='word_1_714' title='bbox 817 5779 944 5835; x_wconf 84' lang='lat' dir='ltr'><strong>ldco</strong></span> <span class='ocrx_word' id='word_1_715' title='bbox 969 5783 1151 5834; x_wconf 80' lang='lat' dir='ltr'><strong>animo</strong></span> <span class='ocrx_word' id='word_1_716' title='bbox 1177 5791 1289 5834; x_wconf 86' lang='lat' dir='ltr'><strong>esto</strong></span> <span class='ocrx_word' id='word_1_717' title='bbox 1326 5779 1474 5840; x_wconf 48' lang='lat' dir='ltr'><strong>falli,</strong></span> <span class='ocrx_word' id='word_1_718' title='bbox 1498 5795 1672 5848; x_wconf 66' lang='lat' dir='ltr'><strong>neque</strong></span> <span class='ocrx_word' id='word_1_719' title='bbox 1702 5782 1769 5834; x_wconf 87' lang='lat' dir='ltr'><strong>ob</strong></span> <span class='ocrx_word' id='word_1_720' title='bbox 1804 5785 2000 5832; x_wconf 77' lang='lat' dir='ltr'><strong>vninus</strong></span> 
     </span>
    </p>
   </div>
   <div class='ocr_carea' id='block_1_102' title="bbox 2105 4591 3675 4667">
    <p class='ocr_par' dir='ltr' id='par_1_102' title="bbox 2105 4591 3675 4667">
     <span class='ocr_line' id='line_1_102' title="bbox 2105 4591 3675 4667; baseline 0.003 -23"><span class='ocrx_word' id='word_1_721' title='bbox 2105 4591 2305 4660; x_wconf 76' lang='grc' dir='ltr'>ἀρετὴν</span> <span class='ocrx_word' id='word_1_722' title='bbox 2337 4593 2760 4661; x_wconf 82' lang='grc' dir='ltr'>κατειργάσατο.</span> <span class='ocrx_word' id='word_1_723' title='bbox 2801 4596 2941 4648; x_wconf 85' lang='grc' dir='ltr'>Ἀλλ’</span> <span class='ocrx_word' id='word_1_724' title='bbox 2996 4599 3205 4661; x_wconf 81' lang='grc' dir='ltr'>ἐκεῖνος</span> <span class='ocrx_word' id='word_1_725' title='bbox 3260 4598 3359 4666; x_wconf 85' lang='grc' dir='ltr'>μὲν</span> <span class='ocrx_word' id='word_1_726' title='bbox 3404 4599 3675 4667; x_wconf 72' lang='grc' dir='ltr'>ἐπήνεγκε</span> 
     </span>
    </p>
   </div>
   <div class='ocr_carea' id='block_1_103' title="bbox 2104 4677 3676 4752">
    <p class='ocr_par' dir='ltr' id='par_1_103' title="bbox 2104 4677 3676 4752">
     <span class='ocr_line' id='line_1_103' title="bbox 2104 4677 3676 4752; baseline 0.007 -25"><span class='ocrx_word' id='word_1_727' title='bbox 2104 4677 2344 4746; x_wconf 79' lang='grc' dir='ltr'>τραῦμα,</span> <span class='ocrx_word' id='word_1_728' title='bbox 2379 4679 2407 4730; x_wconf 82' lang='grc' dir='ltr'>ὃ</span> <span class='ocrx_word' id='word_1_729' title='bbox 2441 4684 2656 4744; x_wconf 84' lang='grc' dir='ltr'>πάντως</span> <span class='ocrx_word' id='word_1_730' title='bbox 2687 4682 2718 4751; x_wconf 84' lang='grc' dir='ltr'>ἢ</span> <span class='ocrx_word' id='word_1_731' title='bbox 2763 4684 3092 4752; x_wconf 79' lang='grc' dir='ltr'>βουλομένου</span> <span class='ocrx_word' id='word_1_732' title='bbox 3140 4685 3276 4738; x_wconf 72' lang='grc' dir='ltr'>Θεοῦ</span> <span class='ocrx_word' id='word_1_733' title='bbox 3326 4689 3508 4739; x_wconf 78' lang='grc' dir='ltr'>τέλεον</span> <span class='ocrx_word' id='word_1_734' title='bbox 3540 4689 3676 4739; x_wconf 71' lang='grc' dir='ltr'>ἀπο-</span> 
     </span>
    </p>
   </div>
   <div class='ocr_carea' id='block_1_104' title="bbox 2106 4768 3680 4846">
    <p class='ocr_par' dir='ltr' id='par_1_104' title="bbox 2106 4768 3680 4846">
     <span class='ocr_line' id='line_1_104' title="bbox 2106 4768 3680 4846; baseline 0.007 -26"><span class='ocrx_word' id='word_1_735' title='bbox 2106 4768 2602 4840; x_wconf 82' lang='grc' dir='ltr'>θεραπευθήσεται,</span> <span class='ocrx_word' id='word_1_736' title='bbox 2636 4774 2668 4841; x_wconf 77' lang='grc' dir='ltr'>ἢ</span> <span class='ocrx_word' id='word_1_737' title='bbox 2700 4775 2964 4844; x_wconf 78' lang='grc' dir='ltr'>κρίμασιν</span> <span class='ocrx_word' id='word_1_738' title='bbox 2995 4770 3075 4838; x_wconf 78' lang='grc' dir='ltr'>οἷς</span> <span class='ocrx_word' id='word_1_739' title='bbox 3101 4778 3391 4832; x_wconf 75' lang='grc' dir='ltr'>ἐπίσταται</span> <span class='ocrx_word' id='word_1_740' title='bbox 3419 4782 3511 4831; x_wconf 74' lang='grc' dir='ltr'><strong>ἐπὶ</strong></span> <span class='ocrx_word' id='word_1_741' title='bbox 3549 4781 3680 4846; x_wconf 75' lang='grc' dir='ltr'>κέρ-</span> 
     </span>
    </p>
   </div>
   <div class='ocr_carea' id='block_1_105' title="bbox 2104 4860 3672 4941">
    <p class='ocr_par' dir='ltr' id='par_1_105' title="bbox 2104 4860 3672 4941">
     <span class='ocr_line' id='line_1_105' title="bbox 2104 4860 3672 4941; baseline 0.005 -30"><span class='ocrx_word' id='word_1_742' title='bbox 2104 4860 2182 4911; x_wconf 89' lang='grc' dir='ltr'><strong>δει</strong></span> <span class='ocrx_word' id='word_1_743' title='bbox 2216 4863 2309 4914; x_wconf 71' lang='grc' dir='ltr'>καὶ</span> <span class='ocrx_word' id='word_1_744' title='bbox 2338 4862 2576 4934; x_wconf 59' lang='grc' dir='ltr'>ὠφελείᾳ</span> <span class='ocrx_word' id='word_1_745' title='bbox 2608 4865 2704 4916; x_wconf 81' lang='grc' dir='ltr'>τοῦ</span> <span class='ocrx_word' id='word_1_746' title='bbox 2743 4866 2802 4917; x_wconf 82' lang='grc' dir='ltr'>τὸ</span> <span class='ocrx_word' id='word_1_747' title='bbox 2835 4867 3058 4936; x_wconf 75' lang='grc' dir='ltr'>τραῦμα</span> <span class='ocrx_word' id='word_1_748' title='bbox 3113 4869 3374 4938; x_wconf 82' lang='grc' dir='ltr'>φέροντος</span> <span class='ocrx_word' id='word_1_749' title='bbox 3400 4871 3672 4941; x_wconf 64' lang='grc' dir='ltr'>διαμείνῃ,</span> 
     </span>
    </p>
   </div>
   <div class='ocr_carea' id='block_1_106' title="bbox 2104 4952 3678 5032">
    <p class='ocr_par' dir='ltr' id='par_1_106' title="bbox 2104 4952 3678 5032">
     <span class='ocr_line' id='line_1_106' title="bbox 2104 4952 3678 5032; baseline 0.007 -30"><span class='ocrx_word' id='word_1_750' title='bbox 2104 4952 2238 5003; x_wconf 83' lang='grc' dir='ltr'><strong>ἀλλά</strong></span> <span class='ocrx_word' id='word_1_751' title='bbox 2309 4955 2526 5014; x_wconf 76' lang='grc' dir='ltr'>πάντως</span> <span class='ocrx_word' id='word_1_752' title='bbox 2586 4958 2706 5025; x_wconf 81' lang='grc' dir='ltr'>μετ’</span> <span class='ocrx_word' id='word_1_753' title='bbox 2764 4959 2824 5008; x_wconf 74' lang='grc' dir='ltr'><strong>ού</strong></span> <span class='ocrx_word' id='word_1_754' title='bbox 2885 4957 3019 5011; x_wconf 69' lang='grc' dir='ltr'>πολὺ</span> <span class='ocrx_word' id='word_1_755' title='bbox 3073 4961 3522 5032; x_wconf 77' lang='grc' dir='ltr'>ἀπαλλαγήσεται</span> <span class='ocrx_word' id='word_1_756' title='bbox 3583 4962 3678 5013; x_wconf 79' lang='grc' dir='ltr'>τοῦ</span> 
     </span>
    </p>
   </div>
   <div class='ocr_carea' id='block_1_107' title="bbox 2107 5039 3679 5124">
    <p class='ocr_par' dir='ltr' id='par_1_107' title="bbox 2107 5039 3679 5124">
     <span class='ocr_line' id='line_1_107' title="bbox 2107 5039 3679 5124; baseline 0.006 -29"><span class='ocrx_word' id='word_1_757' title='bbox 2107 5039 2349 5112; x_wconf 74' lang='grc' dir='ltr'>φθαρτοῦ</span> <span class='ocrx_word' id='word_1_758' title='bbox 2386 5044 2636 5115; x_wconf 81' lang='grc' dir='ltr'>σώματος</span> <span class='ocrx_word' id='word_1_759' title='bbox 2663 5049 2719 5099; x_wconf 83' lang='grc' dir='ltr'>ὲν</span> <span class='ocrx_word' id='word_1_760' title='bbox 2746 5051 2809 5118; x_wconf 70' lang='grc' dir='ltr'><strong>τῇ</strong></span> <span class='ocrx_word' id='word_1_761' title='bbox 2849 5051 3143 5104; x_wconf 84' lang='grc' dir='ltr'>ἀναστάσει</span> <span class='ocrx_word' id='word_1_762' title='bbox 3180 5052 3285 5105; x_wconf 89' lang='grc' dir='ltr'><strong>τῶν</strong></span> <span class='ocrx_word' id='word_1_763' title='bbox 3323 5054 3548 5105; x_wconf 72' lang='grc' dir='ltr'>δικαίων</span> <span class='ocrx_word' id='word_1_764' title='bbox 3582 5053 3679 5124; x_wconf 70' lang='grc' dir='ltr'>τὴν</span> 
     </span>
    </p>
   </div>
   <div class='ocr_carea' id='block_1_108' title="bbox 2106 5136 3678 5209">
    <p class='ocr_par' dir='ltr' id='par_1_108' title="bbox 2106 5136 3678 5209">
     <span class='ocr_line' id='line_1_108' title="bbox 2106 5136 3678 5209; baseline 0.007 -24"><span class='ocrx_word' id='word_1_765' title='bbox 2106 5136 2312 5204; x_wconf 78' lang='grc' dir='ltr'>θεοειδῆ</span> <span class='ocrx_word' id='word_1_766' title='bbox 2348 5136 2652 5208; x_wconf 68' lang='grc' dir='ltr'>ἀφθαρσίαν</span> <span class='ocrx_word' id='word_1_767' title='bbox 2692 5141 3189 5209; x_wconf 77' lang='grc' dir='ltr'>ἀπολαμϐάνοντος.</span> <span class='ocrx_word' id='word_1_768' title='bbox 3234 5143 3471 5205; x_wconf 82' lang='grc' dir='ltr'>Ἐκεῖνος</span> <span class='ocrx_word' id='word_1_769' title='bbox 3498 5145 3552 5195; x_wconf 83' lang='grc' dir='ltr'>δὲ</span> <span class='ocrx_word' id='word_1_770' title='bbox 3593 5144 3678 5196; x_wconf 61' lang='grc' dir='ltr'>διὰ</span> 
     </span>
    </p>
   </div>
   <div class='ocr_carea' id='block_1_109' title="bbox 2106 5228 3676 5305">
    <p class='ocr_par' dir='ltr' id='par_1_109' title="bbox 2106 5228 3676 5305">
     <span class='ocr_line' id='line_1_109' title="bbox 2106 5228 3676 5305; baseline 0.003 -25"><span class='ocrx_word' id='word_1_771' title='bbox 2106 5231 2201 5297; x_wconf 77' lang='grc' dir='ltr'>τῆς</span> <span class='ocrx_word' id='word_1_772' title='bbox 2233 5231 2387 5297; x_wconf 81' lang='grc' dir='ltr'>ὑμῶν</span> <span class='ocrx_word' id='word_1_773' title='bbox 2411 5231 2710 5300; x_wconf 78' lang='grc' dir='ltr'>ὑπομονῆς,</span> <span class='ocrx_word' id='word_1_774' title='bbox 2745 5233 2804 5286; x_wconf 84' lang='grc' dir='ltr'>ἐν</span> <span class='ocrx_word' id='word_1_775' title='bbox 2915 5235 3114 5297; x_wconf 79' lang='grc' dir='ltr'>πάντες</span> <span class='ocrx_word' id='word_1_776' title='bbox 3137 5237 3229 5287; x_wconf 87' lang='grc' dir='ltr'>τὸν</span> <span class='ocrx_word' id='word_1_777' title='bbox 3269 5234 3474 5304; x_wconf 83' lang='grc' dir='ltr'>Κύριον</span> <span class='ocrx_word' id='word_1_778' title='bbox 3503 5235 3676 5300; x_wconf 79' lang='grc' dir='ltr'>ἐλαμ-</span> 
     </span>
    </p>
   </div>
   <div class='ocr_carea' id='block_1_110' title="bbox 2107 5321 3672 5396">
    <p class='ocr_par' dir='ltr' id='par_1_110' title="bbox 2107 5321 3672 5396">
     <span class='ocr_line' id='line_1_110' title="bbox 2107 5321 3672 5396; baseline -0.004 -13"><span class='ocrx_word' id='word_1_779' title='bbox 2107 5321 2440 5390; x_wconf 68' lang='grc' dir='ltr'>πρύνθησιιν.</span> <span class='ocrx_word' id='word_1_780' title='bbox 2469 5327 3009 5396; x_wconf 78' lang='grc' dir='ltr'>τραυματισθήσεται</span> <span class='ocrx_word' id='word_1_781' title='bbox 3042 5329 3122 5389; x_wconf 88' lang='grc' dir='ltr'><strong>είς</strong></span> <span class='ocrx_word' id='word_1_782' title='bbox 3151 5327 3240 5378; x_wconf 77' lang='grc' dir='ltr'><strong>τὸν</strong></span> <span class='ocrx_word' id='word_1_783' title='bbox 3269 5327 3458 5387; x_wconf 73' lang='grc' dir='ltr'>αἰῶνα,</span> <span class='ocrx_word' id='word_1_784' title='bbox 3494 5328 3672 5377; x_wconf 67' lang='grc' dir='ltr'>πάντα</span> 
     </span>
    </p>
   </div>
   <div class='ocr_carea' id='block_1_111' title="bbox 2109 5414 3676 5488">
    <p class='ocr_par' dir='ltr' id='par_1_111' title="bbox 2109 5414 3676 5488">
     <span class='ocr_line' id='line_1_111' title="bbox 2109 5414 3676 5488; baseline 0.005 -25"><span class='ocrx_word' id='word_1_785' title='bbox 2109 5414 2288 5482; x_wconf 77' lang='grc' dir='ltr'>φέρων</span> <span class='ocrx_word' id='word_1_786' title='bbox 2323 5415 2420 5474; x_wconf 60' lang='grc' dir='ltr'><strong>τὰς</strong></span> <span class='ocrx_word' id='word_1_787' title='bbox 2468 5414 2553 5469; x_wconf 76' lang='grc' dir='ltr'><strong>ἐπ’</strong></span> <span class='ocrx_word' id='word_1_788' title='bbox 2589 5416 2737 5486; x_wconf 69' lang='grc' dir='ltr'>αὐτῷ</span> <span class='ocrx_word' id='word_1_789' title='bbox 2783 5419 3102 5488; x_wconf 81' lang='grc' dir='ltr'>ἀλγηδόνας,</span> <span class='ocrx_word' id='word_1_790' title='bbox 3141 5420 3232 5468; x_wconf 78' lang='grc' dir='ltr'>καὶ</span> <span class='ocrx_word' id='word_1_791' title='bbox 3267 5418 3537 5487; x_wconf 84' lang='grc' dir='ltr'>μηδεμίαν</span> <span class='ocrx_word' id='word_1_792' title='bbox 3585 5421 3676 5471; x_wconf 61' lang='lat' dir='ltr'><strong>c5-</strong></span> 
     </span>
    </p>
   </div>
   <div class='ocr_carea' id='block_1_112' title="bbox 2111 5507 3676 5580">
    <p class='ocr_par' dir='ltr' id='par_1_112' title="bbox 2111 5507 3676 5580">
     <span class='ocr_line' id='line_1_112' title="bbox 2111 5507 3676 5580; baseline 0.005 -25"><span class='ocrx_word' id='word_1_793' title='bbox 2111 5507 2224 5572; x_wconf 91' lang='grc' dir='ltr'>ρεῐν</span> <span class='ocrx_word' id='word_1_794' title='bbox 2251 5507 2548 5575; x_wconf 75' lang='grc' dir='ltr'>δυνάμενος</span> <span class='ocrx_word' id='word_1_795' title='bbox 2584 5508 2878 5578; x_wconf 81' lang='grc' dir='ltr'>θεραπείαν</span> <span class='ocrx_word' id='word_1_796' title='bbox 2927 5511 3018 5561; x_wconf 72' lang='grc' dir='ltr'>τοῦ</span> <span class='ocrx_word' id='word_1_797' title='bbox 3057 5510 3276 5575; x_wconf 85' lang='grc' dir='ltr'>ἄλγους.</span> <span class='ocrx_word' id='word_1_798' title='bbox 3323 5510 3676 5580; x_wconf 60' lang='grc' dir='ltr'>Ἀποΰλέψω-</span> 
     </span>
    </p>
   </div>
   <div class='ocr_carea' id='block_1_113' title="bbox 2110 5596 3676 5673">
    <p class='ocr_par' dir='ltr' id='par_1_113' title="bbox 2110 5596 3676 5673">
     <span class='ocr_line' id='line_1_113' title="bbox 2110 5596 3676 5673; baseline 0.006 -27"><span class='ocrx_word' id='word_1_799' title='bbox 2110 5613 2230 5662; x_wconf 85' lang='grc' dir='ltr'>μεν,</span> <span class='ocrx_word' id='word_1_800' title='bbox 2253 5596 2438 5648; x_wconf 80' lang='grc' dir='ltr'>τέκνον</span> <span class='ocrx_word' id='word_1_801' title='bbox 2471 5599 2648 5666; x_wconf 75' lang='grc' dir='ltr'>ἡμῶν,</span> <span class='ocrx_word' id='word_1_802' title='bbox 2689 5601 2825 5668; x_wconf 66' lang='grc' dir='ltr'>πρὸς</span> <span class='ocrx_word' id='word_1_803' title='bbox 2857 5600 2980 5661; x_wconf 70' lang='grc' dir='ltr'>τοὺς</span> <span class='ocrx_word' id='word_1_804' title='bbox 3019 5603 3074 5650; x_wconf 86' lang='grc' dir='ltr'>ὲν</span> <span class='ocrx_word' id='word_1_805' title='bbox 3104 5602 3171 5671; x_wconf 78' lang='grc' dir='ltr'><strong>γῇ</strong></span> <span class='ocrx_word' id='word_1_806' title='bbox 3208 5606 3676 5673; x_wconf 75' lang='grc' dir='ltr'>στρατευομένους</span> 
     </span>
    </p>
   </div>
   <div class='ocr_carea' id='block_1_114' title="bbox 2106 5686 3679 5763">
    <p class='ocr_par' dir='ltr' id='par_1_114' title="bbox 2106 5686 3679 5763">
     <span class='ocr_line' id='line_1_114' title="bbox 2106 5686 3679 5763; baseline 0.004 -27"><span class='ocrx_word' id='word_1_807' title='bbox 2106 5686 2178 5745; x_wconf 84' lang='grc' dir='ltr'>ὡς</span> <span class='ocrx_word' id='word_1_808' title='bbox 2217 5688 2277 5737; x_wconf 81' lang='grc' dir='ltr'>ὲκ</span> <span class='ocrx_word' id='word_1_809' title='bbox 2321 5686 2425 5737; x_wconf 77' lang='grc' dir='ltr'><strong>τῶν</strong></span> <span class='ocrx_word' id='word_1_810' title='bbox 2470 5688 2745 5756; x_wconf 85' lang='grc' dir='ltr'>πολεμίων</span> <span class='ocrx_word' id='word_1_811' title='bbox 2788 5689 3000 5756; x_wconf 77' lang='grc' dir='ltr'>πληγὰς</span> <span class='ocrx_word' id='word_1_812' title='bbox 3030 5692 3086 5740; x_wconf 84' lang='grc' dir='ltr'>ὲν</span> <span class='ocrx_word' id='word_1_813' title='bbox 3115 5692 3191 5758; x_wconf 77' lang='grc' dir='ltr'>τῷ</span> <span class='ocrx_word' id='word_1_814' title='bbox 3223 5692 3441 5759; x_wconf 86' lang='grc' dir='ltr'>σώματι</span> <span class='ocrx_word' id='word_1_815' title='bbox 3484 5697 3679 5763; x_wconf 69' lang='grc' dir='ltr'>φέρον-</span> 
     </span>
    </p>
   </div>
   <div class='ocr_carea' id='block_1_115' title="bbox 2105 5779 3678 5852">
    <p class='ocr_par' dir='ltr' id='par_1_115' title="bbox 2105 5779 3678 5852">
     <span class='ocr_line' id='line_1_115' title="bbox 2105 5779 3678 5852; baseline 0.005 -23"><span class='ocrx_word' id='word_1_816' title='bbox 2105 5793 2216 5843; x_wconf 70' lang='grc' dir='ltr'>τες,</span> <span class='ocrx_word' id='word_1_817' title='bbox 2253 5779 2484 5831; x_wconf 76' lang='grc' dir='ltr'>καὶτῶν</span> <span class='ocrx_word' id='word_1_818' title='bbox 2511 5781 2691 5850; x_wconf 74' lang='grc' dir='ltr'>μελῶν</span> <span class='ocrx_word' id='word_1_819' title='bbox 2747 5780 3044 5850; x_wconf 79' lang='grc' dir='ltr'>πηρώσεις,</span> <span class='ocrx_word' id='word_1_820' title='bbox 3095 5782 3147 5835; x_wconf 84' lang='grc' dir='ltr'>οῖ</span> <span class='ocrx_word' id='word_1_821' title='bbox 3191 5800 3253 5852; x_wconf 91' lang='grc' dir='ltr'><strong>γε</strong></span> <span class='ocrx_word' id='word_1_822' title='bbox 3294 5788 3528 5850; x_wconf 66' lang='grc' dir='ltr'>άνδρειοι</span> <span class='ocrx_word' id='word_1_823' title='bbox 3585 5791 3678 5838; x_wconf 68' lang='grc' dir='ltr'>καὶ</span> 
     </span>
    </p>
   </div>
  </div>
