4088 6208
409 305 516 366 9139

1883 303 2296 363 EPISTULE.

3560 275 3670 368 370

414 426 679 490 εὐγενεῖς,
711 425 771 476 οὐ
803 424 964 492 μόνον
989 423 1088 476 οὐκ
1117 423 1446 490 ἀθυμοῦσιν,
1479 421 1616 474 ἀλλὰ
1663 421 1754 472 καὶ
1788 421 1989 489 σεμνύο

2096 438 2218 475 cum
2268 422 2662 490 abjieias.'II;rc
2708 424 2998 478 scribimus
3054 441 3158 478 non
3213 431 3271 476 nt
3321 424 3586 490 deiectum
3621 436 3671 476 te

414 530 615 571 νονται.
651 513 745 564 καὶ
799 514 911 575 τοῖς
966 511 1185 576 πολλοῖς
1229 513 1654 572 ἐπιδείκνυνται,
1707 509 1782 572 ὡς
1823 509 1998 563 ταῦτα

421 605 562 673 παρὰ
587 604 695 656 τῶν
734 605 1012 674 πολεμίων
1046 605 1381 672 ὑπέστησαν.
1417 605 1488 658 Σὺ
1543 605 1598 658 δὲ
1654 605 1732 666 εἰς
1765 603 1864 673 τὴν
1904 602 1995 654 οὐ·

417 693 598 764 ρανιον
636 697 926 766 στρατείαν
979 699 1435 767 στρατευόμενος,
1466 692 1586 750 εἶτα
1629 696 1860 764 πληγεὶς
1888 696 1994 748 ὑπὸ

414 786 506 836 τοῦ
539 787 859 851 ἀντιπάλου,
893 789 1041 858 πόνῳ
1089 787 1290 858 μᾶλλον
1336 789 1572 856 ὀφείλεις
1607 787 1992 857 σεμνύνεσθαι.

430 877 587 929 Ἀλλὰ
626 879 701 948 μὴ
745 881 1114 934 καταπίπτειν
1158 882 1219 936 τὸ
1275 883 1554 952 φρόνημα,
1599 883 1732 952 μηδὲ
1765 883 1995 952 ἀκηδιᾷν

416 969 510 1022 ἐπὶ
567 973 631 1040 τῇ
699 972 906 1042 πληγῇ.
941 975 1232 1045 Γράφομεν
1295 974 1470 1028 ταῦτα
1521 975 1620 1044 οὐχ
1655 975 1744 1028 ἵνα
1773 991 1833 1026 σε
1866 974 1996 1028 aeu.

419 1061 623 1128 μοῦντα
675 1065 1057 1136 διεγείρωμεν,
1096 1068 1214 1121 ἀλλ’
1249 1068 1453 1131 εἰδότες
1508 1084 1566 1120 σε
1629 1067 1750 1137 θεία
1809 1068 1996 1137 χάριτι

2098 512 2402 580 erigamus;
2454 515 2660 568 scimus
2716 515 2860 566 enim
2905 531 2933 566 ιι
2997 522 3048 567 te
3113 529 3372 583 generasse
3437 513 3669 581 perferri

2097 620 2455 672 quam-umque
2499 607 2932 670 evenerint;sed
2988 615 3042 659 ut
3086 606 3258 676 gratia
3319 603 3410 656 Dei
3474 615 3525 656 et
3580 615 3668 657 tua

2100 700 2431 754 voluntatate
2477 707 2766 767 apparens‘
2818 700 3023 752 inimici
3076 697 3400 752 maleﬁcium
3435 697 3672 764 depella-

2098 807 2242 846 mus.
2272 792 2548 847 Concedat
2598 793 2756 847 nobis
2805 792 3150 861 omnipotens
3194 789 3332 844 Deus
3368 798 3426 843 ut
3453 789 3506 842 in
3532 803 3670 857 pra:-

2100 882 2242 934 senti
2304 882 2504 935 malam
2559 882 2758 936 diaboli
2810 891 2982 936 artem
3047 882 3494 945 confundamus,
3557 879 3673 948 ipse

2098 987 2226 1027 vero
2284 973 2338 1027 in
2386 972 2567 1028 futuro
2595 973 2777 1027 divina
2836 975 3034 1028 virtute
3085 973 3346 1026 confusus
3390 986 3542 1025 suam
3575 970 3670 1024 de-

2098 1065 2274 1135 ploret
2328 1066 2719 1137 turpitudinem
2747 1076 2802 1120 et
2829 1082 2858 1120 a
2888 1066 3042 1122 nobis
3085 1066 3389 1118 viventibus
3419 1063 3668 1118 recedat!

416 1156 679 1220 γενναίως
706 1159 769 1210 τὸ
813 1161 1131 1231 συνενεχθὲν
1176 1163 1432 1230 φέροντα,
1463 1162 1554 1214 καὶ
1597 1161 1787 1230 ὥσπερ
1845 1159 1981 1229 μετὰ
2015 1159 2108 1211 σοῦ
2140 1158 2238 1230 τὴν
2297 1161 2391 1212 τοῦ
2451 1159 2648 1229 ἐχθροῦ
2687 1158 2952 1214 δοκοῦσαν
2999 1161 3265 1229 ἐπήρειαν
3295 1157 3661 1228 διασύροντες.

417 1245 694 1317 ιΙαράσχοι
734 1248 790 1301 δὲ
825 1251 851 1302 ὸ
881 1250 1034 1317 ἅγιος
1059 1252 1189 1314 Θεὸς
1231 1255 1323 1305 καὶ
1356 1251 1451 1304 νῦν
1482 1252 1580 1322 μὲν
1609 1253 1707 1322 τὴν
1745 1251 1988 1320 πονηρὰν
2049 1252 2216 1304 αὐτοῦ
2261 1251 2545 1321 ἐνέργειαν
2613 1251 3096 1322 καταισχυνθῆναι,
3155 1253 3249 1304 καὶ
3281 1253 3361 1314 είς
3391 1251 3452 1303 τὸ
3480 1249 3673 1302 ἔπειτα

415 1343 482 1410 τῇ
514 1340 632 1409 θεία
669 1341 896 1409 δυνάμει
925 1345 1385 1414 κατῃσχυμμὲνον
1423 1347 1514 1398 καὶ
1547 1344 1853 1416 θρηνοῦντα
1885 1346 1983 1415 τὴν
2019 1345 2154 1398 ἰδίαν
2219 1349 2544 1415 κατήφειαν,
2587 1347 2695 1400 ἀπὸ
2757 1346 2938 1425 πάσης
2973 1346 3075 1416 τῆς
3116 1345 3272 1416 ἡμῶν
3315 1343 3668 1414 ἀπεληλαμέ-

417 1452 505 1486 νον
534 1433 671 1488 εἷναι
703 1435 870 1506 ζωῆς.

557 1569 734 1622 PMB’.
776 1569 1072 1639 Ἀντωνίῳ
1109 1576 1520 1643 μητροπολίτῃ
1559 1575 1851 1644 Σάρδεων.

502 1705 818 1773 ’Λλγοῦντες
864 1708 924 1760 οὐ
969 1709 1184 1778 μικρῶς
1243 1710 1336 1763 καὶ
1386 1712 1834 1782 σπαρασσόμενοι
1893 1713 1992 1784 τὴν

415 1799 592 1869 ψυχὴν
621 1800 711 1852 ἐπὶ
745 1803 866 1858 ταῖς
899 1801 1456 1870 καταλαμϐανούσαις
1485 1804 1559 1867 ὡς
1594 1807 1744 1874 ἡμᾶς
1778 1808 1992 1876 φήμαις

419 1893 546 1962 περὶ
596 1893 712 1960 ,τῆς
765 1893 920 1962 ὑμῶν
990 1894 1307 1965 ἁγιωσύνης
1369 1897 1812 1967 (κατελάμϐανον
1885 1900 1994 1968 γὰρ

417 1983 808 2054 ὰλλεπάλληλοι
871 1986 1179 2056 μηνύουσαι
1233 1987 1485 2057 χαλεπῶς
1519 1991 1624 2043 ὑπὸ
1682 1992 1996 2062 ἀρρωστίας

422 2075 768 2145 συνέχεσθαι)
807 2090 820 2102 '
856 2078 1153 2146 ἀλγοῦντες
1188 2080 1278 2134 οῦν
1312 2083 1407 2135 ἐπὶ
1456 2087 1669 2146 τούτοις
1719 2084 1860 2148 λίαν,
1892 2086 1995 2154 ηὑ-

419 2169 837 2238 χαριστήσαμεν
863 2170 940 2240 τῷ
975 2172 1094 2242 Θεῷ
1121 2174 1208 2227 διὰ
1245 2173 1340 2228 τοῦ
1379 2175 1564 2228 κοινοῦ
1607 2176 1766 2246 ἡμῶν
1798 2177 1993 2230 τέκνου

418 2258 514 2310 τοῦ
545 2259 709 2323 Σάὄα,
744 2261 839 2313 καὶ
872 2261 970 2332 τὴν
1010 2265 1332 2336 ἀπαλλαγὴν
1359 2267 1453 2333 τῆς
1496 2268 1654 2321 νόσου
1688 2269 1996 2338 ἀναμαθόν-

418 2365 530 2412 τες,
563 2350 656 2402 καὶ
718 2350 779 2402 τὸ
813 2352 1000 2423 χάριτι
1051 2353 1185 2408 Θεοῦ
1235 2357 1292 2408 ἐν
1345 2356 1508 2426 ὑγεία
1571 2375 1626 2410 σε
1677 2359 1994 2433 τελειοτάτη

417 2440 722 2495 διατελεῖν⁶
773 2443 838 2514 ἣν
891 2446 986 2498 καὶ
1032 2445 1112 2499 ἔτι
1170 2449 1440 2519 παράσχοι
1477 2449 1506 2501 ὁ
1559 2451 1764 2517 ἀγαθὸς
1817 2453 1996 2523 ἀμιγῆ

420 2533 601 2604 πάσης
639 2535 890 2608 λυπηρᾶς
927 2538 1225 2604 διαθέσεως
1275 2545 1563 2609 προσεῖναι
1607 2548 1674 2614 τῇ
1709 2547 1775 2614 σῇ
1807 2547 1996 2615 ἀρχιε-

423 2628 660 2702 ρωσύνη,
698 2632 777 2697 εἰς
808 2631 1003 2700 ὄφελος
1049 2634 1148 2704 μὲν
1180 2633 1288 2688 τῶν
1330 2636 1434 2690 ὑπὸ
1469 2639 1552 2690 σοὶ
1609 2639 1995 2709 ποιμαίνεσθαι

417 2719 714 2788 λαχόντων,
768 2725 844 2786 είς
905 2724 1248 2795 εὐφροσύνην
1297 2726 1353 2780 δέ
1407 2729 1705 2799 ἡμετέραν,
1771 2731 1866 2784 καὶ
1919 2733 1996 2796 είς

423 2811 574 2863 θείαν
629 2813 806 2882 δόξαν,
849 2809 929 2879 οἷς
975 2817 1066 2870 διὰ
1121 2820 1229 2872 τῶν
1283 2819 1527 2884 εὐσεϐῶς
1582 2822 1676 2874 καὶ
1730 2821 1996 2891 θεοφιλῶς

422 2902 804 2958 πολιτεύεσθαι
837 2907 1243 2979 παιδευομένων
1271 2910 1358 2964 διὰ
1392 2911 1491 2980 τῆς
1529 2912 1683 2982 ὑμῶν
1717 2913 1996 2982 ὁσιότητος

416 2994 695 3060 δοξάξεται
748 2999 776 3050 ὀ
828 2999 980 3063 Θεός.
1020 3002 1130 3055 Καὶ
1176 3003 1347 3058 ταῦτα
1401 3005 1503 3074 μὲν
1563 3005 1758 3070 οὕτως.
1794 3008 1890 3058 Ἓν
1939 3008 1994 3060 δὲ

415 3085 604 3140 λοιπὸν
647 3088 726 3142 ἔτι
768 3092 1068 3163 προσθήσω
1099 3109 1110 3120 ’
1166 3095 1256 3163 Μὴ
1307 3094 1600 3169 βραδύνεις,
1648 3099 1696 3151 εί
1749 3098 1995 3164 δυνατὸν,

420 3180 556 3248 πρδς
603 3181 702 3251 τὴν
755 3173 1310 3245 ἐπανελευσινμῶστε
1360 3187 1595 3259 ὀφθῆναι
1633 3191 1785 3260 ἡμᾶς
1829 3191 1994 3262 ἀλλή-

416 3269 552 3336 λοις,
580 3274 672 3326 καὶ
716 3275 1024 3331 ἀπολαῦσαι
1059 3282 1153 3331 καὶ
1185 3281 1471 3343 συνουσίας
1503 3281 1597 3334 καὶ
1630 3282 1852 3351 ὁμιλίας
1889 3285 1996 3353 πρὸ

416 3361 511 3414 τοῦ
543 3365 642 3435 τὴν
686 3367 848 3436 ἡμῶν
890 3368 1242 3437 ταλαίπωρον
1274 3368 1419 3440 ζωὴν
1456 3370 1560 3422 ὑπο
1588 3371 1700 3424 τῶν
1740 3387 1996 3440 συνεχου-

418 3457 529 3509 σῶν
563 3453 798 3529 θλίψεὼν
833 3477 893 3512 τε
926 3462 1021 3514 καὶ⁵
1063 3460 1364 3516 κακώσεων
1393 3463 1796 3535 ἀπαγορεῦσαι.

417 3611 590 3666 ΡΜΓ.
640 3614 909 3682 Ἰγνατίῳ
934 3617 1247 3755 ﬂama;
1279 3617 1620 3696 μρνάσαντι
1655 3618 1726 3670 ἐν
1765 3617 1845 3682 τῷ
1887 3636 1991 3687 με·

723 3730 732 3739 .
1253 3705 1389 3755 γρῳ.

723 3730 732 3739 .
1020 3705 1186 3755 raw
1210 3705 1389 3756 αγρῳ.

483 3823 720 3887 Οἴδαμεν
765 3821 864 3891 τὴν
917 3821 1072 3890 ὑμῶν
1131 3820 1314 3875 ἔνθεον
1367 3824 1569 3894 ἀρετὴν
1611 3823 1708 3876 καὶ
1761 3825 1829 3876 τὰ
1869 3825 1992 3876 θεῖα

411 3911 746 3981 φρονοῦσαν,
777 3915 870 3965 καὶ
896 3909 1200 3983 ἀνθρώπων
1233 3915 1571 3983 κακουργίαν
1618 3915 1988 3985 βδελυσσομέ-

410 4021 513 4073 νην
536 4023 549 4036 ο
584 4007 678 4059 καὶ
711 4006 796 4059 διὰ
825 4005 984 4060 τοῦτο
1018 4003 1099 4070 οἷς
1127 4005 1374 4077 ἔγραψας
1420 4010 1546 4076 περὶ
1582 4008 1682 4078 τῆς
1709 4008 1802 4062 τοῦ
1832 4009 1992 4078 ἐξάρο

412 4116 510 4166 χου
546 4096 948 4168 πλημμελείας,
975 4099 1136 4170 χάριν
1166 4095 1261 4169 τὴν
1289 4099 1558 4168 μεγίστην
1589 4099 1986 4169 ὁμολογοῦμεν.

414 4187 564 4256 Πλὴν
611 4188 753 4240 κατὰ
783 4187 1073 4256 πρόσωπον
1117 4188 1279 4241 αὐτὸν
1314 4189 1650 4257 ἐνεγκόντες,
1677 4192 1771 4242 καὶ
1801 4190 1990 4261 ὥσπερ

414 4277 835 4346 ἁναιδευόμενον
878 4280 1074 4342 ἰδόντες
1131 4275 1400 4351 (μεγάλης
1466 4283 1574 4352 γὰρ
1629 4284 1989 4353 συνειδήσεως

414 4369 503 4423 τοῦ
581 4372 787 4424 οἰκείου
858 4371 1200 4442 πταίσματος
1267 4374 1365 4444 τὴν
1409 4373 1702 4442 ὁμολογίαν
1758 4374 1987 4444 δοῦναι),

2293 1574 2496 1629 (IXLII.
2534 1576 2761 1630 Antonio
2796 1575 3049 1630 Sardium
3086 1544 3453 1647 nte/tropolitw.

2178 1707 2330 1764 Haud
2367 1711 2556 1765 leviter
2585 1711 2861 1766 doluimus
2893 1722 2945 1766 et
2987 1713 3166 1767 anima
3198 1714 3420 1768 contriti
3455 1731 3670 1779 sumus,

2101 1802 2416 1856 rnnmribus
2456 1804 2521 1856 de
2557 1803 2867 1858 valetudine
2900 1814 3076 1859 vestra
3111 1805 3312 1858 auditis
3342 1821 3356 1868 ;
3396 1806 3485 1860 alii
3525 1808 3669 1859 enim

2095 1909 2262 1962 super
2288 1895 2423 1948 alios
2469 1894 2852 1963 signiﬁcabant
2901 1902 2952 1948 te
2993 1895 3142 1964 gravi
3190 1897 3382 1949 morbo
3415 1897 3669 1958 detineri,

2095 1997 2151 2038 et
2197 2000 2299 2040 nos
2355 1999 2574 2039 smnmo
2642 1986 2831 2040 dolore
2879 1985 3204 2040 aﬁieiebant.
3241 1986 3456 2042 Gratias
3502 1988 3668 2058 igitur

2097 2073 2207 2127 Deo
2241 2074 2525 2130 retulimus
2563 2090 2660 2144 per
2683 2074 2856 2129 ﬁlium
2893 2083 3146 2130 nostrum
3189 2076 3412 2139 Sabam,
3448 2093 3570 2132 cum
3620 2089 3670 2133 te

2098 2165 2288 2220 morbo
2339 2165 2629 2220 liberatum
2685 2181 2807 2222 esse
2864 2167 3276 2238 comperuimus
3334 2179 3387 2222 et
3448 2169 3667 2222 sanitati

2095 2255 2276 2310 divina
2337 2256 2623 2311 clementia
2684 2258 3032 2325 restitutum;
3088 2258 3273 2322 addat,
3335 2275 3673 2329 quasumus.

2097 2361 2310 2402 summa
2340 2348 2644 2418 benignitas
2674 2358 2730 2400 ut
2757 2350 2880 2403 vita
2908 2357 3012 2404 tua:
3046 2359 3251 2404 sancta:
3277 2350 3442 2416 hujus
3467 2359 3674 2416 tempu-

2098 2439 2174 2491 ris
2209 2439 2590 2494 tribulationes
2621 2455 2728 2493 non
2759 2441 3166 2495 admisccantnr
3195 2457 3210 2494 :
3245 2442 3294 2493 id
3343 2444 3487 2494 enim
3539 2458 3670 2494 cou—

2097 2530 2249 2584 ducit
2269 2530 2335 2583 ad
2364 2530 2654 2585 utilitatem
2681 2546 2870 2585 eorum
2899 2546 3038 2602 quos
3067 2535 3279 2596 pascis,
3317 2534 3385 2586 ad
3413 2533 3673 2601 gaudium

2100 2632 2346 2676 nostrum
2403 2631 2459 2676 et
2506 2625 2573 2677 ad
2625 2623 2853 2692 gloriam
2901 2622 3035 2687 Dei;
3091 2637 3216 2677 cum
3285 2625 3430 2678 enim
3481 2624 3565 2693 pie
3625 2639 3680 2678 et

2100 2722 2284 2769 sancte
2314 2713 2526 2767 vivendi
2571 2715 2783 2782 regulas
2819 2715 3088 2768 docentur
3121 2716 3387 2774 homines,
3424 2731 3554 2770 sane
3584 2729 3680 2784 per-

2102 2808 2456 2861 reverentiam
2514 2817 2747 2861 vestram
2792 2808 3190 2877 gloriﬁcabitur
3265 2808 3428 2862 Deus.
3489 2807 3672 2862 Unum

2101 2898 2398 2964 adjiciam:
2435 2898 2482 2951 si
2539 2897 2650 2950 ﬁeri
2705 2909 2903 2966 potest,
2960 2899 3014 2952 in
3048 2898 3354 2953 invisendis
3406 2899 3565 2954 nobis
3610 2917 3680 2954 ne

2106 2989 2318 3052 tardes;
2363 2991 2435 3043 ila
2479 3007 2580 3044 nos
2624 2992 2854 3044 invicem
2923 2990 3250 3053 videbimus,
3287 2989 3574 3059 praesentia
3627 3002 3680 3044 et

2028 3096 2068 3152 ε
2101 3083 2514 3138 conversatione
2559 3083 2806 3151 gavisuri
2867 3092 2915 3135 et
2959 3083 3217 3136 miseram
3263 3082 3429 3135 vitam
3478 3097 3678 3136 conso-

2102 3173 2260 3227 laturi
2297 3173 2348 3226 in
2376 3173 2530 3228 malis
2554 3183 2608 3227 et
2626 3172 3071 3226 tribulationibus
3094 3187 3214 3240 qua:
3240 3172 3401 3227 nobis
3435 3172 3678 3241 undique

2100 3265 2450 3334 obstrepunt.

2098 3619 2326 3674 CXLIII.
2385 3619 2585 3690 Igmiliu
2644 3619 2896 3690 magistro
2952 3617 3024 3690 itt_
3085 3629 3274 3690 magno
3335 3626 3464 3680 agro
3524 3613 3682 3664 vilam

2599 3684 2942 3740 ntrnmsticam
2975 3684 3202 3737 obeunti.

2169 3827 2388 3882 lnsitam
2422 3825 2578 3878 nobis
2611 3825 2862 3877 novimus
2880 3821 3136 3874 virtutem
3167 3817 3423 3872 eximiam
3462 3815 3682 3885 qutedi-

2097 3919 2219 3971 vina
2242 3916 2445 3984 cogitat
2475 3923 2531 3968 et
2556 3915 2853 3968 humanam
2887 3911 3149 3964 malitiam
3179 3909 3526 3964 abominetur
3550 3924 3564 3971 ;
3592 3906 3676 3959 id-

2095 4009 2242 4064 circo
2270 4022 2407 4075 quas
2437 4005 2502 4060 de
2535 4003 2780 4073 praesidis
2843 4001 3128 4056 erroribus
3159 3997 3426 4066 scripsisti
3452 3998 3681 4059 litteras.

2095 4115 2174 4156 ea:
2200 4111 2408 4167 magna:
2422 4094 2564 4164 apud
2585 4109 2684 4148 nos
2709 4090 3056 4163 gratitudinis
3073 4104 3236 4144 causa
3259 4087 3685 4153 fuerunt.Quum

2097 4192 2258 4260 igitur
2277 4191 2330 4244 in
2360 4189 2554 4244 faciem
2579 4187 2696 4256 ejus
2722 4183 3160 4255 pervenissemns
3185 4189 3240 4235 et.
3271 4181 3446 4249 ipsum
3484 4183 3685 4247 imper-

2097 4284 2368 4338 turbatum
2401 4280 2879 4349 conspexissemus
2928 4274 3106 4343 (fortis
3155 4273 3299 4326 enim
3329 4271 3685 4324 conseienti.n

2096 4386 2178 4431 est
2198 4376 2472 4444 prOprium
2497 4371 2746 4426 conﬁteri
2772 4363 3420 4439 peccatum,decrevimus
3441 4361 3682 4415 animum

414 4464 710 4534 ἐκρίναμεν
766 4465 860 4518 καὶ
929 4464 1009 4518 ἔτι
1076 4461 1453 4536 βεδαιοτέραις
1513 4467 1824 4534 ἀποδείξεσι
1891 4469 1992 4541 τὴν

2102 4466 2221 4535 ejus
2278 4463 2610 4517 ﬁrmioribus
2662 4457 3106 4516 confundendum
3158 4468 3278 4511 csse
3327 4453 3682 4524 argumentis,

417 4558 610 4610 ἑαυτοῦ
645 4557 918 4622 ἔνστασιν,
951 4559 1032 4611 ὅτι
1061 4559 1227 4629 μηδὲν
1260 4555 1469 4612 σύνοιδε
1523 4561 1628 4612 τῶν
1661 4563 1791 4631 περὶ
1821 4561 1988 4615 αὐτοῦ

413 4648 748 4718 λεγομένων,
775 4649 1266 4721 καταισχυνθῆναι.
1325 4654 1424 4704 Διὰ
1454 4650 1610 4704 τοῦτο
1652 4654 1700 4704 εἰ
1746 4654 1836 4706 καὶ
1879 4656 1992 4716 τοῖς

417 4744 530 4802 σοῖς
569 4741 1121 4812 πεπληροφορήμεθα
1183 4743 1385 4811 λόγοις,
1462 4744 1578 4806 πῶς
1634 4744 1744 4814 γὰρ
1795 4745 1895 4798 οὐκ
1926 4745 1992 4798 ἂν

415 4833 966 4905 πληροφορηθείημεν
996 4835 1189 4905 ἀνδρὸς
1218 4836 1353 4888 Θεοῦ
1374 4838 1554 4908 χάριτι
1592 4838 1684 4890 καὶ
1716 4840 1773 4890 ἐν
1797 4842 1862 4908 τῇ
1897 4856 1991 4892 κο-

414 4928 583 4995 σμικῇ
613 4925 856 4996 διαγωγῇ
919 4927 1318 4998 διαπρέψαντος
1353 4931 1409 4982 ἐν
1431 4932 1496 5000 τῇ
1551 4931 1811 4984 ἀνωτάτω
1829 4934 1983 5001 τιμῇ,

412 5020 500 5069 καὶ
525 5019 582 5069 ἐν
607 5020 673 5088 τῇ
708 5018 818 5070 τῶν
874 5020 1125 5090 μοναχῶν
1159 5020 1407 5091 πολιτεία
1436 5021 1740 5090 μαρτύριον
1776 5023 1984 5091 ἀποφεο

409 5106 641 5174 ρομὲνου
697 5108 798 5177 τῆς
837 5108 1144 5174 εὐλαϐείας,
1185 5113 1362 5163 ὁποῖον
1421 5110 1669 5181 προσῆκε
1726 5112 1863 5164 Θεοῦ
1899 5112 1991 5164 θεε-

411 5197 688 5266 ραποντας
750 5199 1166 5270 ἀποφέρεσθαις
1241 5201 1386 5272 Πλὴν
1436 5200 1554 5255 ἀλλ’
1610 5202 1700 5255 ἵνα
1761 5203 1836 5272 μὴ
1866 5203 1989 5274 δόξῃ

408 5286 598 5357 ὥσπερ
659 5289 876 5359 ἔφημεν
931 5292 1240 5360 ἀντιλογίας
1293 5294 1370 5346 ἔτι
1427 5294 1726 5365 κεκτῆσθαι
1779 5295 1986 5366 χώραν,

411 5379 576 5432 τανῦν
609 5380 1016 5453 ἀναϐαλώμεθα
1046 5385 1145 5456 τὴν
1172 5387 1298 5458 περὶ
1330 5387 1494 5440 αὑτοῦ
1524 5386 1819 5458 καταδίκην
1843 5390 1995 5458 ἐρευ-

410 5469 631 5533 νῶντεςο
653 5471 895 5541 (πάντως
929 5474 984 5526 δὲ
1011 5475 1110 5527 οὐκ
1133 5476 1197 5528 ἂν
1231 5475 1368 5545 λάθῃ
1400 5475 1658 5546 πονηρία)
1682 5476 1777 5529 καὶ
1802 5475 1990 5540 ἐξετά-

410 5558 594 5621 ζοντες
625 5563 1076 5635 ἐπιμελέστερον,
1113 5569 1200 5620 ἵνα
1232 5567 1570 5636 πανταχόθεν
1603 5569 1744 5620 κατὰ
1768 5568 1986 5635 πρόσω-

2091 4557 2234 4628 quod
2254 4556 2397 4610 nulla
2411 4555 2510 4626 ipsi
2531 4555 2868 4626 objectorqu
2888 4549 3217 4608 conscientia
3243 4545 3680 4602 remordcbatnr.

2095 4649 2245 4704 llanc
2268 4649 2337 4702 ob
2355 4663 2576 4703 causam
2609 4646 2714 4702 tuis
2739 4645 2974 4699 convicti
2997 4658 3188 4699 sumus
3214 4638 3540 4698 rationibus;
3562 4638 3683 4702 quis

2091 4741 2236 4795 enim
2266 4742 2422 4796 ﬁdem
2452 4757 2559 4794 non
2619 4738 2908 4794 habiturus
2943 4738 3011 4792 sit
3036 4733 3241 4790 homini
3264 4732 3356 4802 qui
3387 4731 3558 4802 gratia
3588 4729 3678 4782 μοι

2092 4843 2145 4888 et
2173 4834 2287 4888 suis
2320 4834 2613 4888 virtutibus
2642 4833 2708 4887 ad
2739 4846 3008 4901 supernos
3060 4827 3305 4883 ascendit
3335 4826 3592 4884 honores,
3623 4829 3680 4871 rt

2097 4927 2240 4982 inter
2269 4927 2566 4982 monachos
2601 4925 2728 4979 illud
2761 4923 2978 4994 pietatis
3026 4920 3395 4976 testimonium
3446 4915 3672 4973 obtinet,

2097 5036 2207 5088 quo
2253 5035 2441 5074 servos
2492 5019 2584 5074 Dei
2633 5017 2866 5090 gaudere
2916 5014 3208 5070 convenit?
3261 5010 3673 5067 Verumtamen,

2099 5111 2174 5164 uti
2201 5112 2313 5180 jam
2339 5112 2673 5174 diximus,ne
2698 5111 2763 5164 ad
2786 5105 3238 5164 contradictionis
3265 5103 3520 5172 legiones
3549 5095 3678 5150 ell‘n-

2100 5204 2230 5272 μοι,
2279 5221 2390 5258 rem
2425 5205 2894 5273 procrastinantes
2925 5202 3186 5256 delictum
3219 5197 3340 5268 ejus
3372 5194 3553 5247 denuo
3591 5190 3671 5240 in-

2107 5294 2389 5362 quiremus
2418 5295 2645 5363 (malitia
2677 5311 2782 5349 non
2815 5309 3028 5362 semper
3065 5290 3270 5354 latebit)
3295 5326 3308 5349 ,
3345 5294 3398 5338 et
3435 5281 3671 5350 diligen—

2109 5386 2214 5440 Iius
2291 5386 2662 5440 scrutabimur
2735 5396 2792 5440 ut
2846 5383 3064 5456 propria
3150 5379 3306 5445 culpa
3387 5373 3533 5428 omni
3613 5386 3676 5424 ex

2105 5487 2253 5546 parte
2301 5479 2353 5530 in
2413 5478 2650 5532 medium
2711 5479 2944 5548 prolata,
3011 5472 3420 5528 damnationem
3457 5467 3675 5526 subeat.

2100 5580 2172 5633 et,
2223 5571 2348 5623 velit
2392 5571 2548 5633 nolit,
2602 5573 2714 5641 ipse
2766 5568 3047 5624 scntcnlizc
3103 5563 3348 5617 videatur
3398 5553 3676 5614 assentiri.

409 5673 505 5708 πον
535 5657 686 5728 αὐτῷ
720 5661 816 5729 τῆς
846 5664 1051 5726 οἰκείας
1079 5664 1490 5734 παρισταμένης
1565 5662 1838 5733 ἁμαρτίας
1886 5664 2100 5733 δέξηται
2159 5669 2252 5734 τὴν
2315 5669 2676 5738 κατάκρισιν·
2727 5666 2855 5736 πρδς
2895 5665 2960 5732 ἦν
2996 5661 3098 5714 κᾶν
3147 5657 3430 5730 βούληται,
3475 5655 3577 5706 κᾶν
3603 5646 3678 5719 μὴ

411 5755 696 5824 βούληται,
729 5760 819 5810 καὶ
855 5757 1014 5820 αὐτὸς
1045 5756 1238 5829 δ’ρθείη
1278 5756 1786 5826 συμψηᾳιζόμενος.
