4088 6208
405 287 509 356 371
1496 295 1804 356 NICOLAI
1848 297 1956 356 (ΣΡ.
2002 297 2019 356 l

2050 296 2516 356 ATRIARCHAE
3560 290 3662 353 372

646 402 877 460 CXLIV.
912 404 1137 461 Nicolao
1167 406 1550 476 Lougobardiw
1578 407 1726 461 duci.
2005 414 2054 468 Α
2211 410 2260 461 PL

2005 414 2054 468 Δ
2211 406 2388 465 PMA'.
2424 406 2695 471 Νικολάῳ
2724 408 3037 477 στρατηγῷ
3072 406 3527 477 Λοηιόᾱρδιας.

478 516 696 571 Gratias
730 517 837 573 Deo
869 519 1101 589 egimus,
1154 520 1228 575 mi
1273 520 1373 584 illi,
1423 520 1570 590 quod
1602 537 1769 592 super
1799 522 1986 577 bostes

2160 521 2677 591 Εὐχαριστήσαντες
2734 520 2811 590 τῷ
2841 520 2982 590 Θεῷ,
3028 520 3225 575 τέκνον
3269 519 3449 590 ἡμῶν,
3480 519 3574 572 ἐπὶ
3604 519 3670 589 τῇ

413 607 833 699 gloriandi‘tibi
872 619 1115 678 potestas
1150 610 1222 664 sit
1267 610 1550 674 attributa,
1604 625 1781 681 eoque
1813 612 1989 680 magis

2082 613 2354 685 ,δεδομένῃ
2423 629 2506 665 σοι
2575 611 2881 665 maan
2925 612 3139 683 ἐχθρῶν
3188 614 3288 683 τῆς
3317 611 3475 681 δόξης
3506 610 3671 664 αὐτοῦ

410 696 734 767 referimus,
781 704 925 771 quod
963 713 1151 758 nostra
1215 704 1446 758 humilis
1480 720 1608 775 spes
1667 720 1778 759 non
1836 705 1989 760 irrita

2088 703 2341 772 δυνάμει,
2379 704 2543 757 πλέον
2576 703 3013 773 εὐχαριστοῦμεν
3061 696 3143 756 ὅτι
3178 704 3240 756 οὐ
3285 700 3672 771 κατῄσχύνθη-

410 794 663 849 evaserit.
716 796 856 848 Ante
881 795 1167 862 prmsentia
1198 796 1343 849 enim
1395 812 1561 865 opera
1588 813 1752 866 quam
1774 796 1991 867 egregia

2093 812 2194 848 σαν
2225 796 2281 849 αἰ
2312 796 2470 865 ἡμῶν
2499 795 2607 848 τῶν
2663 794 2940 848 ταπεινῶν
2984 794 3222 861 ἐλπίδες.
3268 795 3379 848 Καὶ
3420 794 3529 861 γὰρ
3581 792 3672 845 καὶ

412 886 593 941 futura
620 896 800 941 essent
829 895 919 939 tua
949 885 1189 941 facinora
1220 889 1570 957 przevidimus
1599 897 1653 942 et
1687 897 1737 944 te
1759 888 1988 942 invitum

2093 887 2202 955 πρὸ
2230 886 2339 941 τῶν
2369 886 2462 939 νῦν
2495 887 2676 955 ἔργων
2721 886 2911 957 ὥσπερ
2972 887 3040 940 τὰ
3091 887 3161 939 σὰ
3220 883 3672 956 προεθεωροῦμεν

413 988 577 1048 atque
610 978 967 1033 reluctantem
997 979 1063 1032 ad
1094 980 1240 1034 illam
1269 991 1397 1034 tunc
1426 981 1685 1035 miseram
1717 996 1862 1035 nunc
1889 996 1993 1033 au-

2094 976 2586 1048 ἀνδραγαθήματα,
2642 978 2739 1030 καὶ
2788 973 2878 1030 διὰ
2915 976 3069 1029 τοῦτο
3126 976 3221 1029 καὶ
3270 974 3669 1043 ἐξεδιασάμεθα

417 1061 525 1124 teni
556 1070 729 1138 gratia
764 1071 853 1124 Dei
886 1069 1098 1124 felicem
1133 1072 1403 1141 regionem
1434 1072 1585 1125 abire
1614 1072 1895 1140 coegimus
1924 1070 1993 1124 ἰιε-

2094 1069 2191 1122 καὶ
2246 1069 2453 1122 ἄκοντά
2503 1086 2562 1121 σε
2621 1070 2713 1122 καὶ
2768 1068 3111 1123 ἀνανεύοντα
3173 1068 3311 1139 πρὸς
3363 1066 3461 1136 τὴν
3495 1066 3670 1120 ἄθλιον

418 1162 510 1217 lud
542 1161 902 1224 intendentes,
940 1162 1041 1214 alia
1073 1162 1231 1216 edere
1257 1163 1531 1228 facinora;
1582 1164 1752 1217 hacin
1778 1178 1837 1215 re
1863 1178 1996 1216 nun-

2096 1160 2289 1230 πρώην
2324 1159 2424 1229 μὲν
2452 1158 2634 1213 αὐτῶν
2655 1157 2865 1230 χώραν,
2899 1159 2993 1212 νῦν
3014 1159 3072 1212 δὲ
3110 1159 3294 1230 χάριτι
3325 1158 3461 1210 Θεοῦ
3496 1157 3673 1210 εὑδαί·

415 1267 580 1321 quam
623 1252 888 1320 ancipites
916 1253 1198 1314 haesimus.
1248 1254 1341 1307 sed
1376 1253 1613 1307 firmiter
1648 1253 1995 1322 speravimus

2107 1267 2245 1321 μονα
2272 1249 2699 1320 ἀπεστείλαμεν,
2749 1249 3143 1319 ἐνθυμούμενοι
3191 1250 3285 1302 καὶ
3316 1250 3473 1301 αὐτοὶ
3503 1248 3671 1299 ἀντα-

422 1343 657 1396 bonores
692 1352 744 1396 et
772 1358 1018 1407 munera,
1055 1360 1177 1412 qua:
1212 1344 1424 1398 sciebat
1454 1345 1618 1407 Deus,
1652 1354 1707 1398 et
1727 1342 1998 1413 cogitabat

2103 1340 2395 1412 μείψασθαι
2426 1342 2495 1394 τὰ
2530 1342 2599 1394 σὰ
2623 1341 3115 1410 ἁνδραγαθήματα,
3162 1340 3195 1393 ἂ
3230 1341 3349 1409 οὐχὶ
3394 1338 3679 1401 διστάζον-

419 1436 600 1487 anima
636 1451 752 1488 mea
782 1434 1024 1489 humilis.
1076 1434 1255 1500 Quum
1310 1447 1494 1490 autem
1550 1431 1998 1491 inscrutabilibus

2100 1452 2213 1499 τες,
2240 1434 2377 1487 ἀλλὰ
2417 1436 2553 1505 μετὰ
2587 1434 2933 1504 βεϐαιώσεως
2965 1435 3204 1503 εἴχομεν,
3231 1434 3325 1486 xa't.
3354 1436 3545 1501 τιμαῖς
3584 1431 3679 1485 καί

414 1525 637 1593 judiciis
668 1542 753 1581 res
796 1542 955 1581 secus
1001 1534 1229 1597 peractae
1258 1527 1389 1592 sint,
1447 1527 1577 1597 quid
1617 1526 1763 1587 aliud
1810 1526 1999 1581 confe-

2099 1527 2329 1596 δωρεαῖς
2360 1527 2514 1588 ὅσαις
2543 1527 2571 1578 ὁ
2592 1527 2725 1591 Θεὸς
2759 1523 2866 1587 οἶδε
2922 1526 3016 1579 καὶ
3054 1526 3219 1595 ήέμὴ
3249 1524 3481 1594 ταπεινὴ
3530 1523 3676 1593 ψυχὴ

422 1631 608 1671 remus
640 1633 803 1686 quam
856 1627 1074 1673 nostras
1131 1618 1469 1672 humillimas
1510 1617 1748 1685 preces?
1792 1616 1999 1685 Adpre-

2098 1618 2369 1670 διενοεῖτο.
2447 1617 2599 1671 Ἐπεὶ
2655 1618 2715 1671 δὲ
2765 1618 3030 1688 κρίμασιν
3080 1609 3677 1685 ἀδήλοιςὰπήντησεν

422 1723 612 1768 cantur
664 1709 828 1777 igitur
890 1720 947 1765 ut
1012 1710 1254 1768 divinum
1318 1708 1580 1762 auxilium
1633 1721 1913 1776 nunquam
1966 1722 1997 1760 a

2068 1762 2076 1805 ι
2104 1709 2281 1772 ἄλλως
2313 1708 2382 1763 τὰ
2408 1709 2733 1780 πράγματα,
2766 1711 2870 1764 τίνι
2895 1710 3041 1780 ἄλλῳ
3074 1709 3106 1779 ἢ
3133 1712 3198 1779 τῇ
3234 1707 3682 1777 τεταπεινωμένῃ

425 1808 477 1853 te
540 1798 821 1862 discedat,
891 1808 950 1853 ut
1010 1799 1100 1852 illa
1166 1814 1442 1867 nunquam
1492 1798 1711 1854 dellciat
1757 1798 2039 1861 claritas,‘

2066 1798 2430 1871 ’δεξιούμεθα
2467 1802 2626 1872 ἡμῶν
2666 1804 2839 1873 εὐχῆς
2893 1804 2987 1855 καὶ
3030 1800 3375 1870 ἐπευχόμεθά
3425 1816 3506 1852 σοι
3542 1800 3680 1868 μήτε

424 1904 546 1962 qute
598 1898 765 1943 totam
822 1890 1064 1945 illustrat
1116 1892 1397 1945 hominum
1452 1890 1644 1954 vitam,
1700 1906 1896 1945 nomen
1948 1899 2001 1944 et

2101 1894 2201 1966 τὴν
2230 1894 2324 1947 τοῦ
2378 1895 2515 1948 Θεοῦ
2578 1896 2899 1965 συμμαχίαν
2955 1894 3256 1958 ἐπιλιπεῖν,
3309 1892 3450 1960 μήτε
3502 1893 3683 1945 πᾶσαν

426 2000 599 2054 genus
623 1992 775 2046 tuum
814 1986 1040 2039 extollat
1089 1994 1143 2039 et
1174 2000 1299 2039 cum
1352 1985 1442 2039 illa
1492 1994 1750 2039 aeternam
1784 1999 2001 2055 quoque

2103 1990 2462 2061 φαιδρότητα,
2498 1991 2603 2058 ὅση
2636 1990 2729 2043 τὸν
2761 1989 3109 2060 ἀνθρώπινον
3139 1987 3254 2057 βίον
3280 1980 3391 2038 οἶδε
3446 1984 3675 2054 φαιδρύ-

426 2085 481 2131 et
510 2076 976 2148 inextinguibiletn
1001 2078 1250 2135 obtineas
1280 2075 1607 2134 claritatem.

2103 2099 2247 2150 νειν,
2278 2083 2337 2136 τὺ
2370 2082 2462 2135 σὺν
2489 2082 2660 2152 ὄνομα
2696 2081 2789 2134 καὶ
2823 2081 2885 2134 τὸ
2920 2082 3012 2133 σὺν
3037 2080 3193 2147 γένος
3214 2077 3559 2136 καταλιπεῖν,
3596 2077 3687 2127 καὶ

1554 2166 1555 2169 ¹
2103 2172 2199 2225 ἐπὶ
2229 2172 2444 2235 τούτοις
2470 2173 2565 2225 καὶ
2594 2174 2693 2243 τῆς
2732 2171 2953 2224 αἰωνίου
2991 2168 3356 2241 φαιδρότητος
3386 2167 3485 2220 καὶ
3532 2166 3687 2220 ἀσϐέ-

2106 2280 2234 2315 στου
2257 2266 2462 2333 τυχεῖν.

425 2376 633 2436 CXLV.
676 2378 899 2441 Dilecto,
932 2380 1319 2446 spectatissimo
1351 2378 1620 2446 spirituali
1650 2378 1764 2447 ﬁlio
1794 2377 1998 2433 illustri

2106 2374 2285 2431 PME'.
2322 2377 2411 2440 Τῷ
2462 2377 2826 2446 ἠγαπημένῳ
2876 2375 3248 2442 περιϐλέπτῳ
3296 2371 3676 2447 πνευματικῴ

898 2445 1131 2518 principi
1166 2445 1487 2518 Amalplit'tc.
1651 2445 1658 2447 ’
2200 2447 2390 2514 τέκνῳ
2420 2448 2501 2513 τῷ

2200 2447 2390 2514 τέκνῳ
2420 2445 2519 2513 τῷ
2538 2449 2909 2514 ἐνδοξοτάτῳ
2934 2447 3182 2515 ἄρχοντι
3224 2445 3556 2514 Ἀμάλφης.

500 2563 755 2616 Amorem
780 2562 832 2615 in
870 2577 968 2616 nos
1020 2571 1172 2615 tuum
1219 2562 1575 2632 singularem,
1607 2560 2002 2617 eﬂ'usisslmum

2177 2561 2282 2613 Τὸν
2306 2560 2442 2629 πρὸς
2465 2561 2611 2631 ἡμᾶς
2639 2560 2820 2614 ἔνθεον
2865 2560 3045 2631 ἔρωτα
3094 2560 3197 2629 τῆς
3228 2560 3335 2628 σῆς
3384 2556 3681 2627 εὐγενείας,

430 2657 485 2709 in
544 2654 862 2715 Ecclesiam,
913 2669 1031 2723 qua:
1090 2654 1248 2707 nobis
1305 2654 1515 2707 credita
1573 2662 1676 2717 est,
1728 2654 2001 2718 studium,

2108 2654 2205 2706 καὶ
2232 2656 2333 2725 τὴν
2383 2654 2527 2721 ὑπὲρ
2578 2654 2677 2723 τῆς
2741 2650 3277 2719 καταπιστευθείσης
3315 2653 3449 2719 ημῖν
3493 2652 3543 2701 εἰ
3598 2649 3690 2701 καὶ

425 2756 488 2799 et
517 2756 675 2800 antea
728 2745 946 2815 quidem
996 2743 1138 2798 fama
1196 2746 1309 2813 ipsa
1365 2754 1486 2798 tuas
1537 2744 1745 2797 litteras
1777 2759 2007 2812 praever-

2107 2746 2349 2813 ἀναξίοις
2382 2746 2489 2799 ὑπὸ
2514 2746 2653 2800 Θεοῦ
2701 2745 3040 2814 Ἐκκλησίας
3082 2743 3392 2807 ¹σπουδαίαν
3424 2742 3688 2811 προαίρε-

435 2847 557 2890 tens
604 2837 901 2895 nuntiarat,
946 2844 1000 2887 et
1036 2850 1180 2888 nunc
1231 2850 1310 2887 ea:
1358 2834 1488 2901 ipsa
1531 2833 1905 2887 amantissime
1938 2832 2007 2887 ad

2112 2857 2218 2902 σιν,
2255 2840 2348 2892 καὶ
2376 2839 2505 2907 πρὶν
2533 2839 2632 2908 μὲν
2686 2837 3118 2907 προανήγγειλεν
3156 2837 3188 2909 ἡ
3243 2838 3397 2905 φήμη
3442 2832 3689 2903 προφθά-

436 2944 537 2981 nos
589 2926 903 2996 perscripta:
954 2926 1278 2978 retulerunt.
1324 2924 1626 2979 Plurimum
1685 2924 1853 2993 igitur
1912 2924 2006 2977 tibi

2112 2946 2273 2995 cana,
2292 2928 2387 2982 νῦν
2415 2928 2471 2982 δὲ
2501 2929 2831 2999 τελεώτερον
2856 2928 3306 2998 ἀνεδιδάχθημεν.
3341 2925 3452 2977 Καὶ
3474 2922 3687 2995 πρῶτον

439 3020 541 3072 hec
568 3018 788 3071 nomine
815 3018 1096 3078 debemus,
1131 3016 1365 3070 soluturi
1402 3032 1678 3085 nunquam
1708 3017 1813 3071 nisi
1844 3018 2005 3077 votis,

2115 3023 2216 3093 μὲν
2276 3022 2644 3093 ὲπηυξὰμεθα
2694 3024 2825 3094 ὑμῖν
2875 3024 3028 3093 παρὰ
3092 3020 3187 3079 τοῦ
3250 3019 3589 3080 κενώσαντος
3629 3018 3690 3069 τὸ

436 3110 637 3182 quibus
682 3109 860 3162 fausta
914 3108 1010 3162 tibi
1066 3108 1251 3161 omnia
1287 3123 1571 3177 precamur
1617 3122 1647 3162 a
1700 3106 1831 3162 Deo.
1872 3096 2050 3161 Nam‘

2074 3096 2497 3186 ίπανάχραντον
2553 3110 2693 3185 αἷμα
2749 3114 2890 3185 ὑπὲρ
2941 3115 3045 3184 τῆς
3132 3095 3467 3182 Ἐκκλησίας
3525 3108 3688 3163 αὑτοῦ

435 3202 702 3272 quidquid
756 3212 956 3256 nostrai
1001 3201 1259 3270 evigilare
1320 3216 1486 3265 curae,
1538 3209 1633 3254 aut
1684 3200 1817 3255 eniti
1868 3203 2009 3255 vires

2111 3207 2349 3277 Χριστοῦ
2377 3208 2473 3261 τοῦ
2500 3207 2634 3261 θεοῦ
2667 3209 2824 3279 ἡμῶν
2855 3208 3199 3279 ἀντιδοθῆναι
3254 3209 3395 3275 ὑπὲρ
3458 3205 3558 3275 τῆς
3584 3223 3692 3258 τοι-

438 3308 677 3363 unquam
729 3304 1027 3363 poterunt.'
1059 3303 1112 3347 et
1156 3294 1509 3361 perexiguum
1570 3308 1703 3347 sane
1751 3302 1856 3356 est,
1912 3292 2008 3345 tibi

2112 3298 2287 3370 αὐτης
2322 3299 2536 3369 ἀγαθῆς
2566 3316 2659 3352 σου
2686 3301 3061 3368 προαιρέσεως
3093 3300 3191 3370 τὴν
3227 3300 3378 3369 παρὰ
3418 3300 3519 3369 τῆς
3556 3298 3692 3366 ἁγα-

435 3398 593 3445 antea
626 3390 695 3443 ob
727 3389 985 3457 praeclara
1021 3397 1111 3440 tua
1143 3388 1194 3439 in
1229 3401 1328 3440 nos
1361 3386 1622 3441 beneficia
1656 3386 2010 3439 obstrictum.

2113 3390 2336 3462 θότητος
2365 3390 2528 3445 αὐτοῦ
2556 3392 2612 3444 ἐν
2654 3393 2819 3446 παντὶ
2862 3393 3043 3463 καιρῷ
3092 3391 3445 3446 κατευόδοσιν
3490 3391 3550 3442 ἐν
3581 3391 3692 3451 τοῖς

436 3479 720 3553 Negotium
757 3490 908 3533 tuum
945 3479 1012 3533 de
1060 3480 1435 3547 redemptione
1462 3479 1802 3547 captivorum
1835 3477 2009 3547 expli-

2115 3482 2403 3555 ὑμετέροις
2438 3484 2754 3555 πράγμασι,
2816 3487 2911 3539 καὶ
2949 3487 3027 3556 μὴ
3079 3485 3357 3538 ἐπιλιπεῖν
3403 3482 3549 3553 ὑμᾶς
3593 3480 3694 3550 τὴν

438 3575 651 3637 cuimus
679 3574 859 3642 aliqua
880 3589 943 3625 ex
976 3580 1129 3639 parte
1163 3588 1177 3623 :
1215 3581 1385 3625 totum
1418 3571 1637 3635 conﬁci,
1668 3586 1791 3640 qua:
1824 3586 2006 3624 rerum

2116 3575 2326 3629 ἄνωθεν
2366 3577 2529 3648 χάριν
2565 3577 3047 3649 συγκατορθοῦσαν
3081 3579 3152 3631 τὰ
3202 3578 3550 3647 συμφέροντα
3602 3576 3694 3627 καὶ

438 3681 503 3721 ac
540 3673 845 3732 tempornm
902 3662 1187 3723 dilllcttltas
1239 3669 1342 3723 est,
1412 3660 1555 3713 baud
1611 3676 1743 3714 sane
1808 3661 2006 3729 potuit.

2117 3668 2555 3736 σπουδαζόμενα.
2580 3670 2847 3740 Δεύτερον
2885 3671 2941 3724 δὲ
2967 3672 3061 3724 καὶ
3104 3672 3264 3738 ἡμεῖς
3297 3670 3351 3721 εῖ
3379 3686 3433 3720 τι
3460 3665 3693 3720 δυνατὸν

438 3757 650 3818 Aderit,
687 3766 746 3808 ut
792 3768 1099 3823 speramus,
1146 3754 1295 3806 brevi
1336 3769 1529 3809 manus
1579 3753 1815 3820 Domini,
1852 3762 2016 3823 egre-

2118 3756 2248 3826 παρ’
2280 3757 2492 3810 ἑαυτῶν
2520 3760 2898 3830 συμπράττειν
2922 3762 2981 3814 ἐν
3023 3762 3141 3823 ταῖς
3186 3759 3397 3830 χρείαις
3424 3758 3533 3812 τῶν
3572 3757 3700 3826 ὑμε-

440 3849 557 3919 gios
594 3848 725 3903 istos
759 3857 992 3902 conatus
1033 3857 1157 3900 tuos
1206 3854 1523 3914 promotura
1571 3863 1585 3899 :
1627 3862 1794 3916 quam
1838 3860 2015 3916 neque

2117 3848 2293 3918 τὲρων
2346 3851 2713 3919 πραγμάτων,
2772 3852 2847 3915 ὡς
2923 3851 3069 3905 ἐστιν
3139 3850 3490 3921 ὀφειλόμενον
3557 3849 3698 3919 ὑπὲρ

439 3942 687 4006 Agarena
739 3938 1072 3999 immanitas,
1119 3952 1217 3989 nec
1264 3937 1369 3989 ulla
1422 3938 1649 3990 omnino
1684 3937 1767 3991 vis
1822 3944 2013 3990 contra

2119 3942 2353 3995 τέκνων
2404 3943 2735 3998 εὐνοούντων
2800 3946 3042 4016 πατράσι
3112 3942 3576 4014 συναγωνίζεσθαι
3634 3944 3696 3995 οὐ

442 4030 541 4084 niti
582 4038 781 4099 potest.
838 4027 918 4081 Tu
951 4031 1133 4093 modo,
1166 4029 1309 4097 quod
1342 4029 1493 4090 facis,
1535 4030 1725 4084 sedulo
1763 4030 2015 4085 incumbe

2120 4029 2492 4101 διαλείψομεν,
2533 4032 2625 4085 τὸν
2651 4032 2837 4102 ἀγῶνα
2873 4033 3207 4095 δεικνύντες.
3263 4030 3361 4084 Διὰ
3394 4029 3553 4083 τοῦτο
3605 4028 3700 4081 καὶ

440 4123 615 4194 operi,
642 4125 765 4176 etin
804 4124 857 4177 id
891 4124 1080 4177 libram
1110 4124 1226 4176 auri
1254 4123 1518 4190 expende,
1547 4138 1713 4192 quam
1741 4123 1835 4177 tibi
1892 4124 2018 4176 mit-

2122 4123 2180 4174 ἐν
2208 4122 2287 4192 τῷ
2322 4123 2575 4192 παρόντι,
2619 4127 2667 4178 εἰ
2698 4125 2793 4177 καὶ
2830 4125 2905 4195 μὴ
2963 4124 3262 4196 ὀλόκληρον
3322 4124 3497 4194 πέρας
3539 4123 3572 4192 ἡ
3612 4121 3698 4173 αἴ-

444 4216 632 4270 timus.
670 4216 1013 4269 Divinatione
1066 4216 1299 4289 quadam
1331 4214 1585 4283 praesagit
1625 4216 1840 4268 animus
1868 4215 2037 4269 brevi.

2122 4231 2279 4284 τησις
2348 4217 2504 4285 ὑμῶν
2552 4216 2714 4270 ἔλαϐε
2778 4219 2909 4289 περ)⁸
2963 4218 3073 4272 τῶν
3125 4217 3509 4288 αἰχμαλώτων,
3571 4213 3670 4266 ἀλλ

441 4308 562 4361 fore
594 4317 652 4361 ut
688 4307 833 4361 Deus
868 4310 1025 4362 nobis
1078 4286 1313 4375 praebeat
1363 4306 1736 4374 occasionem,
1771 4306 2014 4361 liberatis

2124 4307 2273 4377 ὅμως
2330 4307 2416 4375 ἐφ’
2466 4309 2590 4361 ὅσον
2664 4286 2917 4363 ἐπείθετο
2964 4310 3035 4365 τὰ
3087 4286 3415 4380 πράγματα,
3462 4305 3701 4375 σπουδὴν

444 4398 731 4463 fratribus,
772 4416 1022 4454 summas
1074 4400 1122 4451 ei
1177 4400 1381 4468 gratias
1416 4398 1632 4465 agendi.
1684 4400 2017 4452 Incolumem

2126 4399 2507 4468 ἐποιησάμεθα
2546 4402 2674 4471 περὶ
2706 4403 2803 4471 τῆς
2829 4403 2985 4472 ὑμῶν
3037 4402 3370 4474 ἐξαιτήσεως
3398 4402 3493 4453 καὶ
3542 4400 3702 4467 θερα-

444 4498 499 4545 te
526 4491 798 4551 Christus,
848 4502 1081 4558 tuOSque
1132 4507 1326 4545 omnes
1372 4500 1575 4555 servet,
1612 4490 1955 4559 illaesumque
1986 4505 2017 4543 ιι
2054 4475 2058 4526 Ῑ

2087 4481 2095 4520 ’
2127 4492 2287 4553 πείας
2312 4508 2326 4523 ·
2377 4495 2472 4546 καὶ
2507 4495 2756 4563 γέγονεν,
2792 4499 2840 4549 εἰ
2882 4499 2978 4551 καὶ
3028 4499 3105 4569 μὴ
3139 4473 3348 4551 «suav
3404 4493 3527 4564 μηδ’
3576 4492 3701 4544 ὅσον

446 4572 642 4636 visibili
672 4593 725 4635 et
754 4582 1014 4636 invisibili
1042 4582 1219 4635 boste.

2125 4584 2489 4654 ηόουλόμεθα,
2526 4586 2640 4640 ἀλλ’
2664 4588 2789 4642 ὅσον
2814 4590 2949 4653 τέως
2976 4592 3041 4661 τῇ
3088 4592 3248 4660 φύσει
3294 4590 3404 4642 τῶν
3433 4584 3699 4659 πραγμά-

443 4690 550 4726 των
583 4675 705 4737 ταῖς
757 4674 1057 4743 ἡμετέραις
1116 4673 1332 4743 βουλαῖς
1386 4692 1447 4728 τε
1493 4674 1588 4728 καὶ
1659 4676 2014 4744 εἰσηγήσεσιν
2082 4674 2366 4744 ἐξεγένετο
2429 4679 2738 4750 πεισθῆναι.
2778 4680 3209 4752 Ἀπεστείλαμεν
3259 4681 3315 4733 δὲ
3383 4679 3478 4733 καὶ
3540 4679 3702 4748 ἡμεῖς

446 4768 527 4830 εἰς
543 4767 967 4838 ἁνὰρῤυσιντῶν
996 4768 1357 4838 αἰχμαλώτων
1379 4772 1604 4841 χρυσίου
1637 4771 1840 4841 λύτραν
1892 4771 2044 4839 μίαν,
2104 4771 2465 4843 ἐπευχόμενοι
2497 4775 2597 4844 τὴν
2624 4777 2804 4831 αὐτῶν
2860 4778 3178 4845 ἐλευθερίαν
3218 4776 3373 4849 παρὰ
3392 4777 3493 4847 τῆς
3520 4778 3700 4829 πάντα

444 4863 751 4933 δυναμένης
776 4863 927 4926 θείας
952 4864 1156 4935 χειρὸς,
1196 4868 1263 4935 ἢν
1297 4862 1413 4920 οῖδα
1441 4868 1536 4921 καὶ
1574 4868 1881 4936 πέπεισμαι
1905 4867 1987 4919 ὃτι
2024 4872 2503 4939 συνεπικουρήσει,
2541 4873 2633 4933 καὶ
2674 4874 2773 4941 τῆς
2790 4864 2955 4926 ἀθέου
2987 4874 3096 4926 τῶν
3131 4872 3452 4943 ’Δγαρηνῶν
3500 4888 3702 4939 τυραν-

445 4958 587 5020 νίδος
623 4957 751 5019 τοὺς
780 4956 1037 5026 δεσμίους
1092 4959 1557 5030 ἀπολυτρώσεται,
1586 4961 1679 5011 καὶ
1719 4960 1903 5029 κοινῆς
1932 4962 2283 5031 εὐχαριστίας
2316 4962 2577 5016 ὑπόθεσιν
2609 4964 2835 5035 παρέξει
2868 4965 2950 5018 σοί
2989 4982 3049 5018 τε
3082 4967 3175 5018 καὶ
3200 4967 3331 5035 ἡμῖν
3370 4964 3464 5016 ἐπὶ
3488 4966 3554 5033 τῇ
3592 4961 3701 5014 τῶν

448 5050 809 5122 αἰχμαλώτων
848 5052 1290 5105 ἁποκαταστάσει
1323 5053 1458 5122 πρὸς
1485 5052 1553 5104 τὰ
1594 5054 1788 5115 οἰκεῖα,
1818 5053 2292 5124 εὐχαριστούντων
2324 5058 2419 5109 καὶ
2445 5055 2778 5121 δοξαζόντων
2805 5058 2963 5132 ἡμῶν
2985 5059 3078 5110 τὸν
3108 5059 3341 5128 Σωτῆρα
3368 5056 3462 5110 καὶ
3490 5055 3708 5109 ἐλευθε-

452 5154 649 5223 ρωτὴν,
678 5151 773 5203 καὶ
794 5150 895 5202 οὐκ
916 5147 1068 5201 ἐάσει
1093 5148 1188 5202 ἐπὶ
1217 5148 1352 5201 πολὺ
1384 5151 1448 5219 τῇ
1471 5147 1580 5201 τῶν
1606 5147 1820 5200 ἀσεϐῶν
1850 5150 2130 5217 τυραννίδι
2152 5150 2551 5219 κακουχεῖσθαι
2580 5152 2673 5204 καὶ
2699 5151 3176 5223 ταλαιπωρεῖσθαι
3199 5152 3323 5214 τοὺς
3344 5149 3421 5219 τῷ
3456 5146 3706 5213 παναγίῳ

450 5243 1166 5314 αἵματισεσημειωμένους,
1201 5243 1322 5295 οὐδὲ
1354 5244 1451 5311 τῆς
1516 5242 1658 5311 μετὰ
1713 5241 1823 5294 τῶν
1869 5243 2150 5311 συγγενῶν
2202 5245 2291 5298 καὶ
2318 5244 2487 5313 φίλων
2536 5245 2684 5314 ζωῆς
2742 5262 2799 5297 τε
2833 5246 2925 5299 καὶ
3000 5242 3379 5312 συνδιαγωγῆς
3435 5238 3707 5310 μακρύνε’

452 5335 601 5392 σθαι.
648 5336 1001 5407 Ἐρρωμένον
1025 5352 1084 5387 σε
1111 5335 1426 5403 διαφυλάξοι
1456 5336 1483 5386 ὁ
1529 5334 1733 5405 Κύριος
1782 5336 1839 5386 ἐν
1870 5338 2036 5388 πᾶσιν
2102 5337 2326 5397 εὑοδών,
2365 5336 2542 5391 πάντα
2577 5337 2647 5390 τὰ
2715 5336 2857 5391 καλὰ
2908 5338 3002 5392 καὶ
3056 5337 3405 5405 συμφέροντα
3464 5345 3707 5395 συγκατ-

448 5431 629 5501 ορθῶν
668 5434 761 5486 καὶ
805 5432 1099 5503 διατηρῶν,
1135 5434 1195 5485 σέ
1221 5449 1279 5484 τε
1317 5433 1411 5486 καὶ
1461 5432 1553 5484 τὸν
1610 5432 1716 5483 ὑπὸ
1735 5434 1891 5502 χεῖρα
1920 5432 2050 5486 λαὸν
2109 5434 2170 5486 ἐκ
2216 5435 2397 5504 πάσης
2460 5435 2748 5506 ὁρωμένης
2810 5453 2860 5489 τε
2913 5435 3006 5489 καὶ
3058 5430 3291 5502 ἀοράτου
3344 5427 3455 5480 τῶν
3516 5423 3707 5477 κακῶν

450 5526 701 5594 συνογῆς.

729 5620 955 5674 CXLVI.
995 5622 1339 5676 Constantino
1372 5621 1758 5689 protaaecretis.
2308 5618 2343 5667 Ρ

2308 5614 2501 5681 ΡΜῖΓ.
2542 5616 2971 5677 Κωνσεαντίνῳ
2998 5609 3495 5679 πρωτασηκρήτῃ.

520 5731 599 5804 Ad
638 5731 935 5797 hominem,
972 5737 1065 5803 qui
1096 5737 1147 5791 in
1182 5737 1470 5790 verborum
1503 5734 1847 5805 simplicitate
1875 5749 2020 5789 accr-

2212 5730 2383 5783 Ἀπλᾶ
2443 5730 2638 5800 γράφω
2696 5730 2824 5805 πρὸς
2882 5727 3168 5798 ἄνθρωπον
3229 5725 3462 5781 συνιδεῖν
3519 5724 3610 5779 καὶ
3643 5724 3698 5799 ἐν
