4088 6208
415 277 525 342 373

1891 277 2297 338 EPISTOLAE.

3566 266 3675 338 371i.

420 389 661 461 ἰδιωτείᾳ
712 392 888 462 λόγων
951 395 1130 464 ψυχῆς
1193 396 1421 466 ἄλγημα
1477 396 1736 466 σφοδρόν.
1799 394 1998 461 Ἀκοὴν

2104 390 2233 444 bum
2267 391 2433 446 animi
2475 392 2715 447 dolorem
2770 393 3051 462 perSpicit.
3099 393 3419 463 simpliciter
3466 393 3672 448 scribo.

417 483 740 554 ἠκούσαμεν
780 486 921 556 μετὰ
943 486 1042 555 τὴν
1078 487 1174 540 τοῦ
1203 487 1468 559 βασιλέως
1498 489 1557 556 ἐξ
1590 487 1748 559 ήμῶν
1779 484 1997 555 ἀναχώ-

420 591 600 645 ρησιν,
635 575 711 638 ὡς
736 577 1178 646 ἀρχιεπίσκυπον
1217 580 1368 650 παρὰ
1399 580 1499 650 τῆς
1546 581 1578 650 ή
1592 580 1709 649 μῶν
1751 596 1998 648 χειροτο-

417 664 648 734 νηθέντα
675 667 1069 739 ταπεινότητος
1103 662 1279 740 (οὗτος
1308 671 1364 723 δέ
1388 673 1538 723 ἐστιν
1567 675 1594 724 ὁ
1618 671 1996 738 Νεαπόλεως),

418 756 728 820 ὲκδιὼκετε,
765 759 860 811 καὶ
911 762 1160 830 πέμπετε
1214 762 1374 816 ἄλλον
1418 762 1477 815 ὃν
1528 765 1834 834 ὲσφράγισε
1901 766 1998 817 καὶ

419 846 802 911 ἐξαπέστειλεν
833 852 971 914 ἐκεῖ,
1001 855 1028 904 ὁ
1051 855 1146 905 καὶ
1179 855 1259 917 εἰς
1284 854 1385 925 τὴν
1425 856 1709 926 ἡμετέραν
1757 856 1869 909 τῶν
1900 873 1999 911 τα-

419 938 648 1001 πεινῶν.
702 942 797 994 καὶ
847 943 1066 998 πάντων
1125 944 1432 1016 ἀνθρώπων
1501 947 1996 1018 ἀμαρτωλοτέρων,

414 1028 565 1092 ὅμως
620 1029 676 1082 δὲ
730 1031 866 1092 οἵοις
913 1030 1028 1086 οἶδε
1077 1033 1343 1102 κρίμασιν
1387 1037 1414 1088 ὁ
1443 1036 1798 1106 συναρμόσας
1849 1037 1999 1106 ἡμᾶς

416 1118 587 1191 ταύτῃ
628 1122 865 1187 Χριστός
895 1141 1022 1193 μου,
1047 1125 1230 1189 καθὼς
1263 1126 1418 1179 αὐτοὶ
1448 1127 1766 1191 ἐπίστασθε,
1801 1129 1999 1198 εἰσπη-

415 1213 604 1282 δήσας.
637 1214 874 1268 Βλέπετε
902 1217 956 1269 τί
984 1221 1212 1273 ποιεῖτε.
1239 1220 1404 1292 Ὁρᾷς
1430 1222 1548 1283 πῶς
1581 1221 1730 1276 ἁπλᾶ
1759 1224 1958 1292 γράφω
1983 1241 1996 1255 ο

417 1307 591 1372 deed;
614 1311 732 1378 εἰμι
782 1311 1125 1380 τῆςαίωνίου
1191 1315 1492 1384 καταδίκης
1543 1315 1729 1385 ὑμῶν’
1790 1317 1999 1384 αἰωνίῳ

418 1399 524 1471 γὰρ
568 1401 942 1472 κατακρίματι
989 1405 1082 1458 τὸν
1128 1405 1286 1459 τοῦτο
1337 1405 1599 1460 ποιοῦντα
1640 1407 1920 1471 ὑποϐαλῶ,
1950 1409 1997 1460 εἰ

418 1495 512 1546 καὶ
545 1493 874 1564 ἁμαρτωλός
904 1496 1044 1566 είμι,
1081 1499 1375 1568 ἀρχιερεὺς
1405 1500 1479 1554 ὢν
1503 1501 1605 1570 τῆς
1636 1500 1730 1554 τοῦ
1756 1501 1996 1570 Χριστοῦ

427 1584 759 1656 Ἐκκλησίας
825 1589 922 1641 καὶ
989 1592 1384 1661 συναρμοσθεὶς
1445 1594 1584 1664 αὐτῇ
1645 1593 1706 1646 οὐ
1767 1593 1882 1664 βίᾳ,
1931 1593 1994 1645 ού

417 1676 777 1746 περιδρομαῖς
825 1681 1009 1749 ἐμαῖς,
1072 1682 1132 1735 οὐ
1187 1683 1389 1756 σπουδῇ
1455 1684 1822 1758 ἀνθρωπίνῃ,,
1862 1685 1998 1738 ἀλλὰ

2107 481 2292 536 Fando
2323 483 2652 553 audivi,post
2682 485 2826 556 regis
2859 501 2887 541 a
2922 483 3077 542 nobis
3111 487 3436 548 discessum,
3470 486 3674 540 archie-

2101 574 2383 644 piscopum
2415 575 2486 631 ab
2518 577 2820 632 humilitate
2849 586 3035 632 nostra
3069 577 3385 639 ordinatum
3446 575 3673 645 (Neapo-

2104 665 2330 718 litanum
2361 666 2506 736 dico)
2531 683 2571 722 'a
2602 668 2758 724 vobis
2785 669 3074 739 expulsum
3109 668 3278 722 fuisse
3307 679 3358 720 et
3394 667 3562 720 alium
3607 666 3674 717 ab

2103 755 2222 824 ipso
2247 757 2519 828 signatum
2570 771 2626 814 et
2671 762 2858 817 eodem
2917 762 3145 817 missum
3186 775 3340 828 mque
3385 757 3671 812 excidisse.

2102 849 2245 902 ldcm
2278 852 2343 903 ad
2382 866 2480 905 nos
2536 853 2772 907 humiles
2817 854 3062 922 confugit
3111 851 3355 906 omnium
3407 851 3674 903 maximos

2103 951 2418 1010 peccatores
2456 963 2469 996 :
2503 955 2766 1010 attamen,
2806 947 3006 1016 quibus
3051 946 3167 1015 ipse
3199 943 3482 1000 resciverit
3515 941 3674 996 (Ζιιιῑ-

2102 1044 2219 1088 SIus
2247 1035 2468 1104 judiciis
2513 1051 2566 1090 et
2607 1054 2636 1092 a
2665 1039 2818 1092 vobis
2867 1039 3008 1094 haud
3045 1037 3241 1108 ignotis
3275 1053 3396 1092 cum
3431 1034 3674 1088 Ecclesia

2104 1130 2196 1183 illa
2257 1147 2357 1186 nos
2390 1134 2675 1202 conjunxit
2710 1145 2763 1191 ct
2823 1138 3189 1201 gubernacula
3223 1135 3435 1191 tribuit.
3486 1133 3675 1186 Videte

2105 1223 2240 1292 quid
2265 1222 2517 1279 faciatis!
2553 1225 2635 1279 Me
2664 1227 2990 1298 simpliciter
3016 1228 3340 1283 scribentem
3372 1225 3672 1297 perspicis:

2103 1323 2325 1368 acterna:
2400 1317 2774 1374 damnationis
2877 1329 3072 1374 vestra:
3156 1335 3276 1374 sum
3374 1319 3676 1382 innocens;

2101 1415 2306 1461 aeterno
2384 1418 2565 1464 tamen
2639 1411 2851 1482 judicio
2904 1413 3055 1466 illum
3110 1412 3345 1481 subjicio
3415 1421 3674 1480 tauquam

2102 1512 2277 1553 reum.
2315 1499 2464 1556 Licet
2497 1503 2639 1556 enim
2685 1513 2940 1573 peccator
2973 1505 3102 1569 sim,
3132 1504 3492 1559 nihilominus
3536 1518 3674 1572 pon-

2104 1587 2233 1643 tifex
2270 1590 2524 1646 Ecclesia:
2561 1591 2764 1648 Christi
2807 1595 3021 1660 incedo,
3057 1605 3110 1649 et
3141 1610 3268 1650 cum
3325 1594 3418 1648 illa
3451 1608 3560 1646 non
3602 1592 3678 1656 vi,

2107 1693 2214 1732 non
2247 1681 2570 1740 circuitihus
2621 1687 2780 1752 meis,
2831 1702 2939 1741 non
2995 1688 3280 1742 hominum
3321 1686 3518 1742 studiis
3549 1701 3682 1740 con-

417 1765 599 1834 λὸγοις
625 1765 705 1830 οἷς
736 1764 878 1822 οῖδεν
906 1770 934 1822 ὁ
963 1771 1024 1824 τὸ
1059 1771 1215 1840 ἅγιον
1246 1770 1387 1845 αἷμα
1436 1775 1579 1845 ὑπὲρ
1611 1779 1783 1847 αὐτῆς
1813 1778 1984 1833 κενώ-

2103 1768 2324 1837 iunctus
2354 1789 2500 1836 sum,
2536 1777 2629 1830 sed
2675 1776 2744 1831 iis
2777 1776 3106 1840 rationibus,
3157 1791 3292 1846 quas
3338 1774 3551 1828 noverit
3583 1771 3676 1840 qui

417 1877 520 1924 σας
544 1877 558 1892 ·
607 1863 702 1915 καὶ
726 1862 803 1932 τῷ
821 1863 1004 1948 ἀλύτῳ
1030 1868 1226 1937 ἐκείνῳ
1252 1869 1441 1940 δεσμῷ
1462 1865 1504 1938 ᾧ
1531 1871 1597 1924 ἂν
1618 1872 2002 1945 ὑποϐαλοῦμεν

415 1953 540 2015 τοὺς
564 1953 723 2008 τοῦτο
785 1957 1235 2028 ἐπιχειροῦντας,
1280 1963 1734 2032 παραστήσονται
1788 1965 1866 2037 τῷ
1903 1983 2003 2036 φο-

415 2043 563 2115 ϐερῷ
598 2045 830 2115 βήματι,
858 2049 951 2103 καὶ
982 2049 1093 2118 ἐγὼ
1121 2052 1219 2105 σὺν
1255 2054 1461 2118 αὐτοῖς,
1501 2058 1598 2110 καὶ
1629 2058 1751 2110 τότε
1791 2059 2003 2126 γνωσό-

413 2136 560 2206 μεθα
590 2138 822 2192 ἐνώπιον
872 2140 1057 2210 πάσης
1109 2144 1314 2213 σαρκὸς
1348 2147 1440 2199 καὶ
1489 2147 1580 2198 τὸν
1624 2148 1754 2201 ἴδιον
1813 2148 2000 2218 ζῆλον,

413 2231 508 2282 καὶ
540 2231 601 2284 τὸ
625 2232 904 2303 φρόνημα,
931 2236 1025 2288 καὶ
1053 2236 1154 2306 τήν
1201 2238 1513 2308 ὲντρέχειαν
1546 2242 1641 2293 καῖ⁹
1678 2240 1784 2312 τὴν
1816 2243 2001 2307 φιλίαν

413 2327 505 2374 καὶ
541 2323 640 2387 τὰς
672 2325 876 2389 πολλὰς
910 2330 1219 2399 περινοίας,
1247 2331 1517 2396 ὃταν,πᾶν
1547 2333 1723 2401 στόμα
1749 2334 1996 2404 ἐμφράσ-

415 2432 600 2486 σηται,
632 2417 727 2470 καὶ
757 2418 991 2484 ἕκαστος
1064 2423 1205 2476 κατὰ
1235 2427 1302 2478 τὰ
1352 2425 1532 2478 οἰκεῖα
1576 2425 1714 2496 ἔργα
1766 2425 1999 2496 λήψεται

409 2507 514 2580 τήν
543 2510 921 2571 ἀνταπόδοσιν.

963 2628 1144 2688 ΡΜΖ’.
1188 2631 1444 2702 Ἀδήλῳ.
1469 2671 1474 2675 -

486 2740 596 2793 Καὶ
646 2742 820 2813 χωρὶς
862 2743 963 2815 τῆς
999 2749 1424 2818 προσπεσούσης
1467 2751 1775 2818 ὑποθέσεως
1807 2757 1838 2827 ή
1869 2760 2001 2828 περὶ

410 2831 512 2901 τῆς
547 2833 700 2904 ὑμῶν
725 2835 1003 2908 ὁσιότητος
1051 2842 1210 2911 φήμη
1257 2845 1379 2906 ταῖς
1406 2844 1596 2908 ἀκοαῖς
1647 2847 1804 2916 ήμῶν
1859 2850 2000 2917 φθά-
2040 2886 2042 2888 -

413 2944 578 2989 σασα.
606 2923 694 2982 οἶα
729 2931 877 2995 εἰκὸς
908 2934 1256 3007 ἐπιθυμητὴν
1287 2939 1459 2992 ἐποίει
1489 2939 1588 3010 τήν
1631 2942 1730 3012 σὴν
1751 2942 1994 3012 ὁμιλίαν,

410 3019 672 3089 ἄνθρωπε
713 3022 809 3077 τοῦ
851 3023 1009 3082 Θεοῦ.
1048 3024 1204 3080 Ἐπεὶ
1243 3030 1300 3082 δὲ
1338 3031 1434 3084 καὶ
1481 3031 1551 3084 τὰ
1577 3033 1678 3102 τῆς
1710 3033 1999 3105 παρούσης

2104 1871 2354 1917 sanctum
2383 1880 2550 1935 super
2581 1865 2724 1920 illam
2753 1867 2944 1922 elfudit
2985 1869 3331 1938 sanguinem.
3361 1866 3472 1921 Hoc
3507 1864 3683 1919 indis-

2102 1955 2319 2010 solubili
2351 1957 2567 2014 vinculo
2602 1959 2904 2016 vinciemus
2937 1961 3329 2032 reos;;stabunt
3357 1969 3486 2015 ante
3518 1960 3685 2014 tribu-

2102 2048 2190 2102 nal
2242 2050 2505 2105 horribile
2551 2063 2605 2106 et
2651 2070 2776 2106 cum
2820 2053 2926 2107 illis
2956 2069 3058 2124 ego
3091 2071 3103 2108 :
3143 2062 3271 2108 tunc
3311 2067 3496 2108 coram
3528 2053 3677 2106 omni

2101 2148 2350 2195 creatura
2383 2154 2784 2213 cognoscentur
2825 2155 2880 2199 ct
2931 2161 3088 2200 mens
3136 2155 3190 2198 et
3235 2145 3597 2214 cegitationes
3627 2135 3681 2198 et

2100 2235 2365 2304 amicitiae;
2409 2245 2463 2291 et
2513 2237 2842 2301 simultates,
2891 2254 3013 2293 cum
3076 2239 3320 2292 omnium
3379 2254 3473 2292 ora
3523 2237 3678 2291 clau-

2100 2326 2297 2382 dentur
2347 2337 2402 2384 et
2450 2331 2831 2402 unusquisque
2879 2346 3104 2401 cperam
3152 2347 3378 2386 suorum
3440 2330 3680 2386 retribu-

2102 2422 2302 2476 tionem
2343 2421 2597 2493 accipiet.

2624 2634 2879 2689 CXLVII.
2923 2635 3152 2691 Incerto.

2173 2749 2288 2804 Etsi
2322 2763 2558 2818 praesens
2581 2751 2705 2804 data
2738 2765 2847 2805 non
2887 2750 3086 2806 fuisset
3147 2751 3390 2816 occasio,
3433 2754 3498 2808 de
3539 2768 3684 2809 reve-

2104 2841 2276 2894 rentia
2309 2850 2488 2894 tamen
2517 2851 2695 2897 vestra
2718 2841 2785 2897 ad
2814 2859 2977 2898 aures
3011 2852 3226 2899 nostras
3254 2861 3316 2898 ca
3357 2847 3468 2913 jam
3497 2862 3684 2915 perve-

2103 2941 2255 2987 uerat
2281 2923 2445 2996 fama,
2495 2943 2554 2988 ut
2611 2937 3044 2993 conversationis
3089 2948 3282 2992 vestrae
3327 2939 3683 3003 desiderium,

2103 3039 2136 3077 ο
2194 3023 2358 3079 homo
2392 3024 2505 3090 Dei,
2537 3036 2770 3082 mentem
2801 3028 3064 3095 subierit;
3117 3045 3240 3084 cum
3300 3041 3478 3086 autem
3546 3049 3684 3103 pra!-

410 3113 726 3179 ὗποθέσεως
752 3119 1037 3189 συνῆλθεν,
1067 3124 1161 3175 καὶ
1196 3122 1284 3177 διὰ
1327 3123 1534 3196 ταύτην
1572 3125 1648 3190 ὡς
1687 3127 1995 3195 ἀναγκαίαν

2103 3132 2230 3172 sens
2279 3119 2653 3186 supervenerit
2683 3121 2926 3187 occasio,
2976 3131 3030 3176 et
3085 3122 3303 3189 quidem
3350 3125 3682 3187 necessaria,

407 3201 601 3271 οὖσαν,
641 3210 736 3263 καὶ
756 3210 818 3263 τὸ
851 3211 1022 3282 μέρος
1069 3215 1422 3284 χαριζόμενοι
1466 3220 1530 3288 τῇ
1574 3218 1840 3291 ἐπιθυμίᾳ
1865 3237 1876 3248 ·
1912 3222 1995 3273 ὅτι

415 3299 493 3368 μὴ
520 3299 734 3364 ἔξεστιν
770 3303 996 3373 ἑτέρως,
1033 3305 1144 3360 ἰδού
1177 3324 1262 3360 σοι
1294 3309 1736 3380 προσομιλοῦμεν
1781 3310 1870 3365 διὰ
1900 3311 1994 3366 τοῦ

412 3391 767 3461 γράμματος.
792 3395 984 3448 Καλὸν
1023 3397 1122 3465 μὲν
1155 3400 1251 3452 καὶ
1285 3399 1405 3468 Θεῷ
1444 3400 1682 3470 ἀρέσκον
1717 3401 1880 3472 ἔργον
1902 3404 1998 3456 καὶ

413 3484 666 3556 διενοήθη
702 3490 794 3541 καὶ
826 3490 1196 3560 διεπράξατοὸ
1218 3491 1472 3562 θεοφιλὴς
1502 3487 1656 3556 οὖτος
1688 3495 1994 3567 ἄνθρωπος.

412 3575 475 3640 ὃς
533 3577 664 3648 ἥκει
722 3580 907 3652 φέρων
951 3600 1034 3636 σοι
1093 3584 1155 3637 τὸ
1209 3585 1467 3656 γράμμα,
1491 3588 1584 3640 τὸν
1637 3589 1871 3656 σταυρὸν
1901 3588 1996 3641 τοῦ

413 3668 656 3741 Χριστοῦ
705 3675 1005 3744 ἀράμενος,
1039 3676 1136 3729 καὶ
1183 3677 1366 3731 πάντα
1399 3677 1574 3730 λιπὼν
1624 3681 1690 3733 τὰ
1719 3681 1776 3734 ἐν
1806 3681 1996 3751 κόσμῳ

415 3763 514 3816 καὶ
561 3763 714 3830 ἄξιον
752 3765 826 3828 ὡς
857 3767 1074 3837 ἀληθῶς
1117 3772 1216 3840 τῆς
1256 3769 1421 3822 αὑτοῦ
1465 3771 1689 3841 ἀρετῆς.
1721 3771 1900 3835 Καλὸς
1939 3773 1998 3826 δὲ

413 3858 512 3910 καὶ
548 3858 711 3920 αὐτὸς
754 3861 947 3932 ὁδηγὸς
983 3862 1132 3933 αὐτῷ
1168 3864 1402 3931 γέγονας
1445 3865 1540 3917 καὶ
1580 3865 1682 3935 τῆς
1713 3865 1851 3934 πρὸς
1888 3882 1995 3917 σω-

411 3950 612 4019 τηρίαν
664 3952 786 4007 ὁδοῦ
818 3954 914 4007 ἀπ’
955 3955 1132 4026 ἀρχῆς
1180 3957 1273 4010 καὶ
1310 3957 1470 4029 μέχρι
1518 3957 1611 4010 τοῦ
1641 3957 1756 4021 νῦν,
1787 3959 1862 4019 ὡς
1901 3957 1996 4010 καὶ

412 4045 580 4108 αὐτὸς
609 4046 928 4117 εὐχαριστεῖ
957 4048 1376 4120 καθηγούμενος
1405 4049 1501 4102 καὶ
1529 4049 1744 4112 δεικνὺς
1771 4051 1859 4104 διὰ
1897 4048 1994 4103 τοῦ

412 4137 553 4200 ὅλως
614 4138 948 4211 ἐξηρτῆσθαι
995 4141 1096 4211 τῆς
1155 4142 1252 4210 σῆς
1311 4142 1611 4212 ὁσιότητος,
1671 4143 1766 4196 καὶ
1827 4144 1996 4214 μηδὲν

417 4231 711 4301 ἀνέχεσθαι
743 4235 1006 4303 πράττειν
1037 4234 1132 4286 σοῦ
1169 4234 1244 4304 μὴ
1285 4235 1626 4298 κελεύοντος,
1662 4235 1738 4298 ὡς
1766 4237 1996 4309 τοιούτῳ

416 4326 740 4396 περιέτυχεν
769 4327 1002 4398 ἀλείπτῃ
1028 4327 1163 4396 πρὸς
1190 4328 1317 4390 τοὺς
1341 4328 1753 4398 πνευματικοὺς
1777 4329 1996 4398 ἀγῶνας

416 4419 512 4489 οἴῳ
548 4420 767 4483 πάντως
800 4421 1044 4491 ἐντυχεῖν
1065 4419 1288 4490 ηὔχετο.
1324 4422 1438 4474 Καὶ
1475 4417 1544 4492 ἦν
1579 4421 1678 4492 μὲν
1719 4424 1992 4492 σωτήριον

422 4511 588 4581 μηδὲν
641 4513 954 4580 ἀπαντῆσαι
1002 4511 1154 4582 παρὰ
1208 4511 1304 4564 τοῦ
1360 4512 1539 4581 φθόνῳ
1568 4513 1656 4565 ἀεὶ
1708 4513 1852 4566 κατὰ
1895 4512 1994 4580 τῆς

419 4601 695 4673 σωτηρίας
729 4602 886 4672 ήμῶν
924 4603 1255 4672 μαινομένου
1280 4602 1536 4672 δαίμονος
1575 4603 1836 4669 ἐναντίον,
1861 4604 1998 4674 μηδὲ

415 4697 612 4767 τραχὺ,
651 4695 782 4766 μηδὲ
814 4695 1148 4766 προκόπτειν
1172 4695 1240 4748 τὰ
1264 4697 1476 4748 ἐκείνου
1507 4696 1826 4765 διαδήματα
1860 4699 1998 4764 πρὸς

418 4788 508 4841 τὸν
539 4787 642 4858 τῆς
673 4789 960 4857 ἀσκήσεως
1006 4787 1206 4857 δρόμον
1245 4785 1527 4855 ἐμποιοῦν.
1567 4785 1724 4839 Οὕτω
1757 4785 1865 4855 γὰρ
1906 4786 2000 4840 καὶ

419 4877 580 4941 αὐτὸς
610 4875 957 4947 εὐχαριστῶν
996 4876 1075 4944 τῷ
1118 4874 1238 4945 Θεῷ
1270 4877 1427 4945 ἡμῶν
1475 4875 1571 4930 καὶ
1610 4875 1826 4946 Σωτῆρι
1861 4895 2000 4947 καρ-

417 4968 592 5038 τερῶν
639 4969 888 5031 διετέλει,
921 4971 984 5022 ἓν
1025 4961 1069 5034 ᾧ
1115 4965 1214 5039 τὴν
1249 4967 1424 5037 ἀρχὴν
1465 4969 1777 5038 κατήντησε
1826 4967 1997 5038 τόπῳ,

417 5064 511 5116 καὶ
545 5063 710 5124 αὐτὸς
743 5062 884 5132 ἔχων
915 5060 1150 5130 ἐγγύθεν
1195 5061 1289 5114 τὸν
1333 5061 1602 5130 μαθητήν,
1633 5061 1718 5112 ἀεὶ
1767 5060 1834 5114 τὰ
1881 5063 2001 5113 sm-

418 5153 686 5208 ϐάλλοντα
720 5153 1090 5219 ὲξεπαίδευες.
1137 5154 1291 5207 Ἐπεὶ
1320 5153 1399 5218 δὲ,
1453 5153 1529 5216 ὥς
1571 5171 1636 5222 γε
1670 5155 1804 5223 ἡμῖν
1831 5151 2001 5220 ἐγνώ-

422 5248 545 5317 σθη,
575 5247 700 5301 ἀντὶ
734 5248 1002 5316 γαλήνης,
1043 5247 1166 5299 ἀντὶ
1196 5246 1418 5316 λιμένος
1458 5244 1662 5309 εὐδίου,
1705 5245 2000 5316 τρικυμίαι

423 5342 514 5393 καὶ
547 5338 806 5400 κλύδονες
840 5338 990 5409 αὐτῷ
1015 5339 1425 5404 ἐπανίστανται,
1457 5339 1550 5392 καὶ
1582 5337 1862 5410 ἄνθρωποι
1888 5336 1998 5390 εἴτε

424 5433 551 5503 παρ’
610 5433 825 5486 ἑαυτῶν
871 5435 1102 5505 ἠρεμεῖν
1133 5434 1234 5486 οὐκ
1268 5432 1490 5498 εἰδότες,
1529 5433 1641 5485 εἴτε
1700 5430 1853 5509 παρα
1902 5428 1999 5483 τοῦ

421 5523 674 5594 δαίμονος
709 5525 1088 5596 κεκινημένοι,
1107 5522 1201 5578 καὶ
1235 5525 1448 5586 ἑαυτοῖς
1475 5524 1568 5576 καὶ
1592 5521 1766 5604 τούτῳ
1791 5519 1999 5590 βλάϐης

423 5616 674 5688 πρόξενοι
708 5617 968 5686 γίνονται,
1002 5618 1052 5672 τί
1092 5617 1173 5673 δεῖ
1201 5619 1395 5687 ποιεῖν,
1425 5617 1457 5688 ἢ
1504 5616 1721 5688 πᾲντως
1764 5614 1995 5668 αὐτόθεν

493 5761 510 5791 ¹
536 5755 728 5814 Matth.
764 5773 817 5811 χ.
846 5759 936 5815 25.

2105 3208 2378 3263 desiderio
2409 3220 2598 3264 nostro
2639 3209 2986 3279 indulgemus
3017 3228 3032 3265 :
3066 3211 3223 3265 aliter
3259 3213 3405 3266 enim
3454 3229 3685 3268 conver-

2102 3302 2209 3357 sari
2243 3310 2420 3357 tecum
2450 3319 2560 3357 non
2600 3303 2725 3357 licet
2769 3303 2873 3358 nisi
2911 3320 3008 3370 per
3030 3304 3317 3374 epistolas.
3369 3305 3579 3360 Bonum
3629 3319 3684 3361 et

2103 3394 2215 3449 Deo
2245 3405 2557 3467 pergratum
2590 3411 2729 3463 opus
2761 3396 2991 3452 intendit
3021 3395 3187 3451 homo
3229 3407 3283 3452 et
3313 3398 3558 3468 perfecit,
3587 3401 3680 3469 qui

2102 3489 2243 3543 hanc
2273 3489 2338 3542 ad
2371 3497 2421 3543 te
2451 3489 2735 3558 epistolam
2763 3488 2941 3544 defert
2967 3507 2980 3543 :
3009 3504 3225 3544 crucem
3259 3490 3460 3544 Christi
3491 3506 3682 3546 suseco

2100 3583 2178 3652 pit
2207 3592 2259 3636 et
2282 3581 2544 3635 mundum
2571 3581 2860 3651 dereliquit
2889 3581 3072 3636 virtuti
3104 3581 3202 3636 soli
3261 3581 3532 3636 addictus.
3581 3581 3686 3634 Bo-

2101 3690 2205 3729 nus
2237 3683 2292 3727 tu
2326 3673 2444 3742 ipse
2478 3671 2576 3729 ﬁas
2608 3673 2684 3726 illi
2730 3673 3032 3727 conductor
3065 3673 3118 3726 in
3152 3673 3235 3726 via
3267 3674 3480 3738 salutis,
3507 3675 3684 3744 qualis

2099 3766 2338 3820 abinitio
2371 3774 2425 3820 et
2445 3767 2512 3819 ad
2532 3780 2677 3819 nunc
2701 3780 2874 3834 usque
2903 3765 3045 3820 diem
3076 3765 3355 3830 exstitisti;
3387 3767 3522 3822 illee
3549 3783 3652 3822 con
3681 3797 3687 3802 -

2099 3872 2180 3916 tra
2210 3863 2291 3915 sic
2309 3860 2871 3930 adjutus,revercnti:e
2902 3869 3092 3914 vestrae
3114 3875 3340 3928 prorsus
3363 3861 3684 3926 adhaerebit,

2099 3953 2231 4007 nihil
2261 3951 2521 4022 suscipiet
2568 3951 2671 4005 nisi
2705 3960 2759 4005 tu
2786 3951 3019 4019 iusseris
3051 3951 3260 4006 felicem
3301 3967 3360 4007 se
3407 3953 3688 4009 aestimans

2099 4045 2247 4116 quod
2304 4046 2467 4100 talem
2557 4045 2624 4098 ad
2677 4059 2888 4114 pugnas
2937 4045 3252 4114 spiritualcs
3301 4046 3534 4116 adeptus
3611 4049 3682 4102 sit

2098 4149 2481 4210 prazceptorem
2535 4138 2752 4207 qualem
2814 4136 3180 4190 desiderabat.
3239 4136 3372 4190 Nam
3447 4141 3678 4194 salutem

2098 4231 2359 4300 consequi
2390 4245 2499 4284 non
2529 4235 2710 4299 potest
2760 4237 2982 4296 propter
3017 4225 3272 4280 invidiam
3332 4226 3557 4290 diaboli,
3585 4229 3682 4297 qui

2100 4336 2288 4380 contra
2321 4323 2550 4378 salutem
2601 4328 2846 4376 nostram
2884 4319 3036 4382 furit,
3073 4317 3420 4372 dilIicultates
3447 4322 3684 4374 suscitat

2098 4426 2153 4471 et
2193 4414 2472 4486 profectus
2506 4415 2560 4468 in
2618 4414 2876 4468 virtutum
2927 4411 3116 4466 semita
3167 4410 3412 4479 impedit.
3461 4411 3520 4466 In
3577 4427 3686 4483 quo

2107 4522 2286 4566 autem
2344 4509 2445 4563 fuit
2494 4507 2612 4563 loco
2660 4516 2715 4562 et
2755 4506 3121 4577 principatum
3165 4507 3506 4573 obtinuerat,
3557 4523 3683 4562 cum

2111 4602 2414 4672 gratiarum
2481 4600 2703 4653 aetione
2755 4607 2808 4652 et
2855 4599 3258 4667 perseverantia
3309 4613 3435 4668 erga
3491 4598 3687 4653 Salva-

2110 4705 2282 4749 torem
2315 4693 2480 4747 Deum
2549 4694 2920 4762 perseveravit
2951 4708 2966 4745 :
3003 4692 3148 4746 hunc
3209 4691 3531 4758 discipulum
3564 4707 3684 4746 cum

2107 4804 2274 4859 penes
2326 4796 2379 4841 te
2437 4785 2714 4850 habueris,
2747 4783 3126 4840 convenientia
3188 4783 3446 4838 docebas.
3513 4782 3680 4838 Nobis

2105 4883 2250 4937 enim
2289 4890 2473 4935 notum
2505 4887 2589 4934 est
2624 4879 2702 4932 illi
2738 4892 2836 4948 pro
2869 4877 3263 4946 tranquillitate
3295 4885 3348 4930 et
3370 4886 3530 4946 portu
3567 4885 3685 4930 tuto

2107 4981 2458 5044 tempestates
2479 4981 2531 5026 et
2553 4971 2798 5026 turbines
2825 4984 3146 5039 exsurgere,
3172 4970 3288 5024 sive
3320 4969 3580 5023 tollantur
3612 4972 3682 5022 ab

2107 5065 2424 5120 hominibus
2455 5065 2547 5133 qui
2586 5061 2808 5132 paciﬁce
2840 5062 3022 5115 vivere
3049 5063 3320 5124 nesciunt,
3348 5062 3462 5116 sive
3489 5075 3517 5112 a
3538 5061 3684 5113 malo
3740 5129 3744 5133 ι

2105 5159 2388 5220 Διειιιοιιε;
2434 5153 2681 5224 profecto
2710 5163 2763 5206 et
2796 5151 3016 5206 sibimet
3061 5150 3194 5222 ipsis
3223 5160 3272 5204 et
3307 5151 3381 5203 illi
3417 5152 3684 5202 damnum

2106 5250 2304 5305 inferre
2363 5255 2592 5302 tentant.
2638 5243 2778 5312 Quid
2830 5243 3181 5299 faciendum?
3230 5242 3367 5296 Num
3414 5241 3685 5296 obstinate

2106 5341 2646 5399 reluctandum?Ast
2691 5354 2793 5394 uon
2828 5353 3033 5401 meum,
3060 5337 3152 5390 sed
3188 5335 3400 5387 Domini
3478 5349 3681 5400 praece-

2105 5448 2256 5508 ptum
2279 5445 2361 5489 est
2395 5453 2408 5488 :
2449 5431 2535 5487 σδί
2567 5448 2664 5487 vos
2692 5433 2746 5486 in
2779 5433 2879 5485 hac
2907 5434 3039 5482 urbe
3069 5434 3484 5494 persequuntur,
3514 5425 3692 5496 iugite

2106 5532 2160 5585 in
2195 5531 2358 5584 aliam
2390 5529 2466 5581 ’.ι
2531 5526 2632 5581 Hic
2680 5526 2884 5587 autem,
2922 5521 2995 5574 nti
3045 5519 3196 5578 dicit.
3249 5518 3682 5587 persecutionem

2107 5641 2166 5678 er
2206 5623 2310 5678 illis
2333 5617 2726 5690 experitur,qui
2759 5629 2947 5686 pacem
2979 5627 3083 5667 nou
3124 5619 3392 5679 amant,ct
3421 5625 3683 5682 persecu-
