4088 6208
401 298 511 361 3Ἰ5

1505 291 1817 355 NlCOLAI
1855 291 1966 350 (ΖΡ.
2007 286 2287 346 ΡᾹΤΒΙΑ
2301 287 2523 347 RClL‘E

3556 272 3660 334 376

402 405 568 461 tionis
600 420 788 474 causa,
815 406 1053 472 invitus,
1085 406 1150 460 ad
1175 407 1341 461 alium
1371 406 1548 458 locum
1582 401 1980 470 transmigrare

2107 397 2494 465 ιπαναστῆναι;
2544 395 2659 448 Οὐκ
2699 392 2831 460 ἐμός
2877 393 3023 443 ἐστιν
3086 391 3114 442 ό
3157 387 3335 455 λόγος,
3389 381 3526 437 ἀλλὰ
3564 381 3663 436 τοῦ

401 501 634 569 cogitur.
700 500 834 554 Cum
883 502 1026 560 votis
1088 500 1196 554 tuis
1258 496 1540 566 impertire
1602 495 1845 565 digneris
1921 494 1974 547 ei

401 591 659 644 viaticum
689 602 892 646 etcum
922 593 1301 646 benedictione
1349 599 1438 644 tua
1485 589 1697 657 copiam
1737 586 1970 640 abeundi

401 680 605 746 facias;
660 681 730 734 ita
769 682 914 736 enim
949 681 1191 750 quietus,
1229 679 1339 733 Deo
1369 689 1580 748 gratam
1617 678 1782 730 vitam
1817 686 1973 739 aget;

403 782 589 839 postea
610 772 792 826 forsan
818 772 1058 827 inveniet
1084 770 1386 837 locum,ubi
1413 770 1592 824 oblata
1615 767 1984 839 perfruiturus

403 867 624 934 sitpaee
662 877 714 920 et
758 866 964 920 inimici
1011 867 1080 920 ab
1112 865 1239 919 odio
1270 865 1554 926 dcsistent,
1602 876 1722 915 cum
1769 861 1976 914 nullum

405 965 721 1019 praetextum
763 955 999 1010 habeant
1040 955 1313 1010 hominem
1366 950 1706 1022 suspicandi,
1748 949 1979 1018 ejusque

406 1049 547 1098 inter
579 1050 727 1115 ipsos
758 1046 920 1099 vitam
951 1045 1237 1116 gravandi.

2082 488 2480 560 ΚυρίουίἘὰν
2506 486 2779 540 διώκωσιν
2815 485 2958 553 ὑμᾶς
2989 485 3053 534 ἐκ
3077 482 3176 549 τῆς
3207 479 3414 540 πόλεως
3439 475 3663 544 ταύτης,

2082 579 2312 648 φεύγετε
2337 581 2418 643 είς
2466 581 2565 649 τὴν
2608 579 2827 648 ἄλλην.ι
2853 575 3119 629 Διὼκεται
3160 573 3254 625 καὶ
3304 565 3458 632 οὗτος
3513 570 3668 637 παρὰ

2085 671 2194 725 τῶν
2236 672 2309 742 μὴ
2357 673 2695 738 ἀγαπώντων
2728 670 2975 740 εἰρήνην,
3010 667 3086 728 ὣς
3127 682 3282 737 φησι,
3319 663 3417 716 καὶ
3471 662 3667 715 διωκόφ

2090 780 2254 832 μενος
2310 765 2562 836 ἀνάγκην
2619 766 2734 834 ἔχει
2776 762 2878 816 κᾶν
2919 761 2992 830 μὴ
3041 759 3302 831 βούληται
3339 754 3475 826 πρὸς
3506 752 3670 808 ἄλλον

2090 857 2256 912 τόπον
2309 857 2691 928 μεθίστασθαι.
2723 857 2823 920 Δὸς
2853 854 2947 908 οὖν
2978 853 3130 923 αὐτῷ
3175 850 3387 920 ἐφόδιον
3426 847 3528 910 τὰς
3569 844 3669 908 σὰς

2090 951 2280 1021 εὐχὰς,
2309 952 2404 1006 καὶ
2438 953 2742 1022 εὐλογήσας
2774 947 3094 1003 ἀπόστειλον
3117 965 3131 976 ·
3165 947 3251 999 ἵνα
3297 944 3390 996 καὶ
3416 939 3580 1003 αὐτὸς
3609 941 3668 991 ἐν

2090 1045 2293 1118 ἡσυχία
2332 1047 2594 1101 διατελῶν
2641 1044 2896 1108 ἐνταῦθα,
2939 1043 3252 1113 εὐαρέστως
3294 1038 3372 1108 τῷ
3400 1035 3518 1106 Θεῷ
3551 1034 3666 1087 ea-

406 1138 566 1206 ζήσῃ·
615 1139 836 1208 Ἐπειδῆ
886 1139 996 1209 γὰρ
1045 1137 1272 1208 εὕρηται
1315 1138 1501 1201 τόπος,
1557 1128 1619 1190 οὗ
1659 1135 1759 1206 τὴν
1813 1135 2256 1208 ἐπιζητουμένην
2305 1139 2457 1210 αὐτῷ
2515 1140 2743 1211 εἰρήνην
2771 1137 2906 1201 ἕξει,
2935 1137 3031 1190 καὶ
3071 1136 3121 1188 ei
3152 1133 3442 1194 διώκοντες
3506 1126 3664 1183 αὐτὸν

409 1231 815 1295 ἀπαλλαγέντες
885 1230 979 1282 τοῦ
1055 1230 1340 1292 δοκοῦντος
1403 1228 1714 1300 ἐπαχθοῦς,
1781 1224 1982 1295 μηκέτι
2012 1226 2289 1294 πρόφασιν
2329 1230 2496 1300 ἔχωσι
2538 1229 2639 1299 τῆς
2693 1227 2902 1281 ἑαυτῶν
2963 1225 3191 1290 ἀταξίας
3219 1223 3321 1294 τὴν
3352 1221 3451 1275 τοῦ·
3477 1218 3667 1289 ἀνδρὸς

408 1323 648 1394 ἐπιϐαιρῆ
703 1324 778 1387 ὡς
832 1325 1114 1392 νομίζουσι
1169 1324 1268 1377 σὺν
1323 1324 1506 1386 αὐτοῖς
1551 1319 1833 1392 διατριϐὴν
1887 1319 1984 1372 καὶ
2014 1323 2358 1392 κατοίκησιν.

727 1438 1008 1494 CXLVIII.
1051 1439 1336 1508 Euthymio
1371 1437 1650 1491 monacho.

483 1555 616 1621 Qua:
667 1555 719 1608 in
765 1553 968 1629 Spiritu
1003 1563 1086 1608 est
1134 1554 1376 1608 charitas
1428 1552 1628 1606 nullam
1677 1549 1991 1604 distantiam

415 1650 586 1712 novit,
618 1647 710 1700 sed
742 1649 834 1716 qui
868 1647 972 1701 isto
998 1647 1216 1700 vinculo
1267 1645 1402 1698 uniti
1435 1652 1582 1706 sunt,
1621 1641 1722 1696 etsi
1759 1643 1992 1709 spatium

413 1742 735 1806 intercedat,
779 1741 950 1807 juncti
1001 1751 1319 1808 permanent
1373 1747 1428 1792 et
1465 1735 1709 1791 beatiﬁca
1742 1733 1997 1787 fruuntur

2439 1438 2623 1493 PMH’.
2651 1439 2926 1507 Εὑθυμίῳ
2970 1435 3309 1506 μονάζοντι.

2176 1552 2240 1604 ’Π
2275 1551 2367 1604 τοῦ
2393 1549 2705 1621 Πνεύματος
2731 1547 2918 1618 ἀγάπη
2952 1547 3053 1600 οὐκ
3079 1541 3189 1599 οἵδε
3214 1544 3520 1607 διάστασιν,
3549 1540 3669 1594 ἀλλ’

2093 1645 2142 1695 οἱ
2189 1645 2256 1713 τῇ
2308 1641 2501 1694 ὲνώσει
2543 1639 2751 1711 ταύτης
2815 1635 3198 1703 συναφθέντες,
3251 1635 3301 1687 εί
3359 1634 3456 1687 καὶ
3503 1632 3669 1696 τόπος

2097 1735 2294 1797 αὐτοὺς
2333 1733 2596 1803 διίστησι,
2623 1733 2876 1800 μένουσιν
2918 1727 3191 1798 ἡνωμένοι
3217 1727 3312 1781 καὶ
3342 1727 3440 1797 τῆς
3491 1743 3671 1798 μακα-

416 1836 643 1892 anitatc.
671 1833 778 1886 Nos
815 1833 919 1901 ipsi
953 1848 980 1885 a
1014 1848 1122 1893 quo
1157 1842 1399 1900 tempore
1458 1830 1509 1883 in
1553 1827 1758 1898 Spiritu
1807 1835 1995 1882 sancto

2107 1826 2224 1897 ρίας
2254 1826 2469 1896 ἐκείνης
2505 1825 2751 1886 ἑνώσεως
2795 1819 3181 1882 ἀπολαύοντες.
3214 1819 3328 1872 Καὶ
3354 1819 3514 1888 ἡμεῖς
3563 1818 3674 1869 τοία

418 1925 553 1978 ιιιιὶιί
587 1940 778 1978 sumus
809 1939 934 1977 eum
978 1923 1278 1976 reverentia
1321 1930 1520 1986 vestra,
1560 1935 1625 1975 eo
1659 1923 1831 1988 magis
1861 1934 1992 1972 con-

421 2018 692 2070 nectimur
716 2033 822 2086 quo
855 2016 1032 2084 major
1061 2015 1286 2069 interest
1313 2027 1669 2084 personarum
1693 2012 1949 2067 distantia
1978 2029 1990 2064 :

419 2125 710 2180 corporum
747 2112 889 2164 enim
928 2109 1224 2164 relationes
1253 2124 1406 2162 suam
1441 2124 1505 2162 ex
1541 2107 1844 2162 visibilibus
1870 2106 1999 2160 cha-

420 2204 724 2259 racteribus
776 2204 1189 2257 subsistentiam
1238 2201 1472 2266 habent,
1530 2200 1730 2269 quibus
1779 2198 1995 2262 solutis,

421 2301 536 2368 ipsa
583 2297 773 2352 relatio
823 2298 932 2351 cito
983 2297 1246 2361 solvitur;
1299 2295 1521 2364 Spiritus
1570 2302 1748 2347 autem
1796 2271 1998 2346 nedum.

421 2393 494 2447 ob
536 2391 863 2454 absentiam,
911 2391 1215 2444 amicorum
1263 2387 1559 2456 desperans
1597 2384 1768 2454 magis
1803 2383 2002 2452 magis-

423 2504 529 2559 que
559 2488 898 2541 connectitur
953 2504 966 2540 :
1028 2500 1129 2539 nos
1162 2497 1322 2554 porro
1353 2480 1520 2535 Deum
1561 2494 1850 2550 precamur
1891 2491 1998 2530 una

423 2582 640 2635 vivendi
710 2582 869 2650 cepia
924 2579 1078 2633 detur
1106 2587 1163 2631 et
1211 2575 1383 2630 oculis
1417 2583 1579 2642 atque
1629 2587 1724 2625 ore
1767 2569 1999 2623 invicem

424 2675 803 2732 convcrsandi.
852 2675 929 2728 Ita
963 2673 1104 2728 enim
1141 2679 1192 2725 et
1242 2667 1509 2736 separatis
1556 2665 1716 2719 nobis
1751 2673 1804 2717 et
1835 2662 2002 2716 unitis

425 2767 819 2840 gloriticabitur
850 2766 1013 2831 Deus,
1059 2764 1152 2833 qui
1202 2777 1304 2816 nos
1348 2759 1564 2814 vinculo
1599 2758 1837 2826 Spiritus
1867 2770 2000 2808 eon-

422 2859 798 2930 junxit.Vale.
831 2856 938 2911 Nos
962 2855 1178 2925 quidem
1214 2855 1280 2907 de
1311 2851 1472 2908 rebus
1495 2849 1844 2904 terrestribus
1865 2862 2005 2900 nun-

427 2964 588 3018 quam
639 2963 746 3001 non
801 2947 1210 3015 supplicamus;
1244 2951 1298 2998 tu
1335 2951 1514 2996 autem
1546 2955 1644 3009 pro
1705 2936 2006 2992 humilitate

429 3051 611 3098 nostra
646 3055 832 3112 preces
865 3037 1078 3091 fundes.

819 3322 1050 3382 CXLIX.
1096 3321 1441 3375 Thraciarum
1475 3319 1620 3372 duci.

503 3422 633 3487 Quae
665 3420 760 3472 tibi
790 3417 937 3471 hisce
963 3413 1154 3468 litteris
1180 3412 1497 3471 suademus,
1528 3409 1598 3462 mi
1625 3408 1719 3471 ﬁli,
1746 3423 1808 3460 ea
1828 3406 2012 3460 tea-bs-

433 3530 540 3586 que
561 3523 746 3567 nostra
767 3507 1135 3565 admonitione
1153 3504 1358 3559 scimus
1390 3501 1660 3556 facturum
1686 3499 1708 3550 ί
1710 3499 1876 3564 uisse;
1903 3514 2010 3552 non

433 3607 576 3663 enim
631 3601 981 3660 contumeliis
1027 3612 1203 3667 neque
1257 3610 1423 3652 manu
1478 3592 1629 3660 gravi
1693 3591 2014 3645 humiliores

437 3703 577 3753 inter
625 3695 877 3750 subditos
934 3690 1097 3760 amigi
1153 3687 1419 3758 permittit
1451 3685 1690 3739 charitas
1743 3688 1856 3747 tua,
1907 3697 2015 3736 non

436 3793 625 3863 ignara
679 3797 730 3842 te
788 3803 819 3842 a
879 3785 990 3840 Deo
1023 3782 1382 3838 constitutum
1441 3795 1494 3835 et
1540 3780 1608 3836 ad
1650 3779 2017 3849 principatum

435 3892 684 3940 evectum
717 3897 839 3936 esse
885 3887 944 3933 ut
989 3877 1220 3946 injustos
1245 3875 1513 3944 reprimas
1546 3881 1602 3927 et
1643 3885 1908 3942 pauperes
1954 3870 2019 3924 ad

438 3975 751 4034 servitutem
777 3972 1026 4028 redactos
1074 3977 1266 4023 contra
1322 3966 1575 4021 dominos
1628 3964 1876 4022 crudeles
1928 3965 2021 4017 de-

436 4069 652 4128 fendas.
696 4065 820 4120 Haec
851 4073 902 4118 te
934 4071 1216 4118 curantem
1250 4069 1304 4116 et
1351 4058 1610 4129 Operihus
1641 4059 2024 4110 demonstran-

441 4177 547 4220 tcm
599 4164 827 4225 scimus,
879 4159 1096 4212 neruine
1153 4165 1246 4210 aut
1283 4152 1478 4206 litteris
1503 4159 1597 4205 aut
1628 4149 1794 4203 verbo
1823 4147 2024 4200 exhor-

441 4267 881 4324 tante,,attamen
917 4252 1042 4321 quia
1079 4254 1241 4304 hasce
1271 4247 1481 4300 litteras
1530 4241 1780 4296 deferens
1812 4254 1954 4294 unus
1996 4254 2025 4290 e

442 4355 588 4408 notis
607 4361 690 4404 est
715 4361 766 4404 et
795 4348 1022 4403 multum
1059 4342 1370 4411 clilagilavit
1393 4351 1450 4394 ut
1473 4339 1682 4392 litteras
1707 4351 1734 4389 a
1757 4349 1842 4388 me
1871 4348 2025 4388 com-

444 4444 792 4501 mendatitias
857 4436 1188 4492 excellentia:
1243 4431 1358 4484 tuae
1410 4429 1712 4492 exhiberet,
1764 4424 2024 4494 petitione.

443 4540 563 4608 ejus
586 4536 770 4590 audita
799 4534 1005 4585 litteras
1035 4527 1305 4582 dedimus.
1344 4523 1499 4577 llunc
1526 4520 1689 4590 igitur
1709 4517 2018 4571 litterisno-

443 4631 577 4686 suis
607 4623 1056 4681 commendamus
1089 4627 1143 4672 et
1191 4627 1240 4670 te
1286 4627 1543 4683 rogamus
1588 4619 1641 4664 ut
1693 4623 1878 4663 curam
1918 4606 2021 4675 ipsi

445 4719 752 4789 impendas,
800 4731 905 4784 qua
953 4725 1145 4765 omnes
1177 4707 1434 4762 fruuntur
1473 4719 1610 4773 quos
1647 4713 1701 4754 tu
1747 4697 2021 4767 protegis;

445 4817 633 4868 vivunt
662 4809 805 4864 enim
851 4807 919 4861 ab
963 4806 1110 4859 omni
1141 4800 1342 4871 injuria
1389 4797 1542 4852 liberi
1589 4796 1728 4849 inter
1773 4792 2024 4846 homines

445 4908 537 4978 qui
573 4904 802 4958 miseros
828 4897 1101 4953 oﬂ'enderc
1131 4905 1185 4950 et
1220 4893 1414 4948 laedere
1444 4889 1702 4960 gaudent.
1727 4885 1941 4950 Valeas,
1974 4890 2027 4938 et

447 5000 550 5054 sub
619 4994 865 5049 rttstodia
933 4989 1142 5042 Domini
1205 4984 1422 5053 negotia
1487 4981 1716 5035 feliciter
1783 4991 2027 5048 peragas,

446 5093 590 5146 viam
628 5090 749 5142 vita:
783 5088 994 5156 planam
1049 5093 1103 5136 et
1147 5081 1366 5134 illzesam
1415 5077 1483 5130 ab
1530 5074 1747 5128 invidia:
1794 5071 2027 5126 stimulis

448 5186 678 5240 habeas.

2099 1938 2193 1974 νυν
2217 1921 2281 1990 τῇ
2313 1917 2551 1989 όσιότητί
2587 1933 2680 1969 σου
2707 1916 2798 1984 ἀφ’
2831 1904 3004 1982 οὗπερ
3028 1914 3094 1984 τῇ
3134 1912 3190 1964 ἐν
3221 1911 3361 1980 ἁγίῳ
3399 1910 3678 1981 Πνεύματι

2102 2010 2478 2081 συνήφοημεν,
2523 2007 2723 2078 μᾶλλον
2753 2005 2811 2059 δὲ
2848 2004 3104 2058 τοσοῦτον
3130 1999 3514 2072 συναπτόμεθα
3550 2002 3676 2052 πλέη

2101 2123 2179 2169 ον,
2206 2106 2328 2157 ὅσον
2363 2104 2395 2173 ἡ
2427 2097 2714 2170 σωματικὴ
2778 2095 3060 2166 μεσιτεύει
3102 2094 3405 2156 διάστασις.
3453 2092 3519 2144 Ἥ
3580 2092 3678 2160 μὲν

2101 2197 2208 2268 γὰρ
2240 2195 2524 2266 σωματικὴ
2550 2193 2731 2263 σχέσις
2759 2191 2821 2242 ἐκ
2846 2190 2951 2243 τῶν
2979 2187 3274 2259 ὁρωμένων
3303 2185 3675 2256 χαρακτήρων

2102 2291 2214 2361 ἔχει
2244 2289 2344 2359 τὴν
2376 2287 2629 2357 συνοχὴν.
2680 2282 2899 2336 Τούτων
2937 2281 2996 2332 δὲ
3047 2279 3124 2351 μὴ
3177 2277 3487 2348 παρόντων,
3539 2277 3679 2328 κατὰ

2105 2382 2277 2453 βραχὺ
2326 2379 2580 2433 λανθάνει
2635 2369 2985 2445 διαλυομένη⁶
3029 2373 3062 2442 ἡ
3108 2371 3164 2424 δὲ
3193 2369 3288 2423 τοῦ
3346 2368 3678 2437 πνεύματος,

2103 2477 2290 2545 ἕτερον
2310 2473 2513 2544 τρόπον
2536 2473 2602 2541 τῇ
2635 2469 2744 2522 τῶν
2788 2464 3120 2536 σωματικῶν
3159 2462 3524 2532 ὑπομνήσεων
3554 2459 3682 2512 ἁνα-

2101 2571 2344 2643 χωρήσει
2374 2569 2468 2621 ἐπὶ
2500 2566 2662 2619 πλέον
2696 2561 3083 2628 συσφίγγεται·
3124 2556 3266 2627 πλὴν
3296 2553 3572 2626 εὐχόμεθα
3598 2553 3678 2623 τῷ

2107 2663 2248 2733 ἁγίῳ
2293 2660 2413 2730 Θεῷ
2477 2657 2572 2712 καὶ
2644 2651 3006 2724 συγγενέσθαι
3071 2649 3343 2720 ἀλλήλοις,
3400 2647 3493 2700 καὶ
3553 2646 3682 2708 θέας

2108 2761 2204 2812 καὶ
2251 2753 2475 2825 ὁμιλίας
2522 2748 2713 2817 κοινῆς
2758 2743 3085 2799 ἀπολαῦσαι·
3131 2741 3218 2796 ἵνα
3268 2739 3341 2810 μὴ
3378 2738 3538 2809 μόνον
3577 2738 3681 2790 διι-

2109 2848 2395 2918 σταμένων
2420 2843 2574 2914 ἡμῶν
2593 2882 2609 2906 ,
2637 2839 2775 2894 ἀλλὰ
2806 2838 2902 2892 καὶ
2935 2835 3203 2891 συνόντων
3227 2830 3518 2901 δοξάζηται
3551 2829 3680 2896 παρ’

2108 2942 2267 3015 ἡμῶν
2299 2941 2328 2993 ὁ
2365 2936 2604 3007 συνάψας
2632 2935 2779 3005 ἡμᾶς
2804 2931 2938 2994 Θεὸς
2966 2929 3044 3001 τῷ
3073 2926 3352 2994 συνδέσμῳ
3382 2921 3478 2976 τοῦ
3511 2921 3682 2974 [Iusti-

2113 3009 2305 3106 ματος.
2356 3029 2486 3098 Εῐης
2531 3028 2663 3098 ἡμῖν
2697 3024 3028 3097 ἐρρωμένος·
3067 3019 3170 3089 ἡδ’
3217 3016 3354 3086 εὐχὴ
3408 3016 3536 3082 περί
3587 3009 3683 3062 τοῦ

2033 3151 2080 3215 c
2114 3102 2366 3197 σαρκίου,
2427 3121 2523 3176 καὶ
2577 3121 2673 3187 τῆς
2747 3117 2906 3186 ἡμῶν
2973 3110 3411 3182 ὑπερευχόμενος
3469 3102 3687 3175 μετριό-

2112 3235 2299 3289 τητος.

2344 3304 2526 3364 ΡΜΘ¹.
2566 3299 2883 3372 Στρατηγῷ
2906 3297 3026 3352 τῶν
3063 3293 3437 3364 Θρςυιησίων.

2193 3406 2260 3456 Ἃ
2287 3401 2593 3472 γράφομεν,
2617 3396 2810 3448 τέκνον
2828 3394 2860 3460 ἡ
2871 3391 3012 3459 μῶν,
3039 3388 3263 3456 οἴδαμεν
3291 3385 3375 3438 ὅτι
3407 3385 3500 3436 καὶ
3520 3380 3688 3451 χωρίς

2115 3496 2215 3566 τῆς
2240 3493 2515 3566 ἡμετέρας
2543 3490 2716 3549 ποιεῖς
2738 3485 3122 3552 ὑπομνήσεως·
3151 3476 3270 3530 οὐδὲ
3293 3475 3400 3545 γὰρ
3426 3474 3692 3544 ἐπήρειαν

2117 3589 2238 3642 οὐδὲ
2276 3589 2434 3656 χεῖρα
2468 3583 2693 3654 βαρεῖαν
2715 3578 2824 3631 τῶν
2855 3573 3253 3644 ἐπιτιθεμένων
3287 3569 3401 3632 τοῖς
3432 3580 3690 3620 ταπεινο-

2120 3682 2297 3749 τέροις
2333 3677 2458 3748 ἡσὴ
2485 3672 2732 3743 φιλοθεϊα
2774 3669 3071 3738 συγχωρεῖ,
3117 3662 3464 3732 γινώσκουσα
3511 3657 3586 3718 ὼς
3615 3656 3694 3716 εἰς

2120 3745 2280 3822 τοδτο
2311 3745 2462 3836 παρᾶ
2491 3762 2627 3816 Θεοῦ
2662 3753 3081 3830 προήχθης,καὶ
3118 3754 3307 3824 ἄρχειν
3341 3749 3523 3807 ἄλλων
3556 3745 3696 3803 ἑτά-

2124 3865 2282 3936 χθης,
2319 3865 2404 3916 ἵνα
2430 3859 2670 3920 καὶτοὺς
2701 3854 2906 3909 ἀδικεῖν
2955 3848 3312 3920 βουλομένους
3338 3840 3693 3911 ἁναστέλλῃς,

2125 3960 2219 4013 καὶ
2247 3957 2372 4018 τοὺς
2416 3957 2495 4016 εἰς
2523 3951 2584 4004 τὸ
2629 3942 3056 4002 καταπονεῖσθαι
3084 3940 3174 3994 διὰ
3203 3937 3392 3992 πενίαν
3421 3934 3692 4004 ἑτοίμους,

2123 4051 2212 4104 διὰ
2246 4049 2348 4117 τῆς
2385 4045 2484 4116 σῆς
2518 4041 2768 4114 βοηθείας
2798 4037 2899 4104 τῆς
2923 4034 3148 4090 ἐκείνων
3203 4030 3508 4101 βιαιότητος
3547 4023 3701 4078 λελυ-

2125 4143 2447 4214 τρωμένους
2476 4132 2807 4205 ἀποφαίνῃς.
2839 4127 3026 4183 Ταῦτα
3073 4124 3294 4194 οἴδαμεν
3337 4121 3419 4174 ὅτι
3453 4118 3547 4172 καὶ
3604 4131 3702 4185 με·

2125 4236 2286 4305 λετᾷς
2332 4231 2427 4285 καὶ
2481 4229 2582 4299 τὴν
2639 4225 2870 4296 μελέτην
2905 4223 2997 4285 εἰςι
3043 4219 3204 4286 ἔργον
3261 4214 3545 4284 προάγεις,
3594 4208 3701 4262 κᾶν

2131 4327 2512 4399 μηδείς,ὲστιν
2551 4321 2580 4372 ὁ
2637 4319 2866 4388 γράφων
2903 4314 2936 4384 ἢ
2991 4311 3316 4383 παραίνεσιν
3353 4302 3697 4371 ποιούμενος·

2127 4424 2276 4493 ὅμως
2302 4417 2424 4471 ἐπεὶ
2457 4418 2485 4470 ὁ
2512 4414 2572 4467 τὸ
2593 4411 2828 4481 γράμμα
2891 4403 3136 4475 κομίζων
3184 4395 3262 4464 εἷς
3300 4397 3375 4450 ὣν
3407 4396 3514 4449 τῶν
3566 4395 3702 4462 ἡμῖν

2052 4496 2552 4581 ῧγνωριξομένων
2631 4499 2856 4560 πολλαῖς
2931 4494 3252 4558 ἑξεϐιάσατο
3321 4484 3703 4556 παρακλήσεσι

2127 4573 2263 4674 πρὸς
2293 4573 2354 4654 τὸ
2373 4573 2699 4671 γράμμασιν
2719 4591 3012 4662 ἡμετέροις
3035 4585 3223 4655 ὥσπερ
3251 4580 3514 4648 συστῆναι
3542 4573 3704 4628 αὐτὸν

2128 4694 2266 4766 πρὸς
2314 4694 2412 4762 τὴν
2449 4689 2550 4759 σὴν
2608 4679 2966 4756 μεγαλόδοξον
3015 4673 3316 4746 ὑπεροχὴν,
3367 4666 3705 4738 πληροῦντες

2128 4755 2226 4856 την
2250 4755 2538 4850 ἡὲξαίτησιν
2577 4755 2768 4836 αὑτοῦ,
2803 4773 2866 4827 τὸ
2894 4771 3132 4840 γράμμα
3161 4765 3529 4836 παρέσχομενο
3560 4755 3704 4856 δμσῦ

2127 4893 2184 4928 τε
2219 4873 2306 4928 διὰ
2350 4870 2445 4924 τοῦ
2484 4869 2811 4939 γράμματος
2852 4861 3040 4915 τοῦτον
3074 4854 3458 4916 συνιστῶντες,
3490 4849 3585 4903 καὶ
3603 4847 3708 4900 δεῖ·

2133 4970 2219 5033 ξαι
2246 4965 2340 5020 καὶ
2369 4965 2447 5025 είς
2478 4937 2638 5014 αὺτὸν
2673 4958 2774 5026 τὴν
2807 4954 2904 5026 σὴν
2939 4949 3271 5022 κηδεμονίαν
3329 4937 3707 5015 παρακαλοῦν-

2131 5079 2242 5122 τες,
2281 5053 2350 5129 ἧς
2375 5052 2713 5109 ἀπολαύουσι
2773 5046 2976 5108 πάντες
3029 5046 3078 5097 οἱ
3109 5045 3230 5104 ταῖς
3268 5041 3387 5101 σαῖς
3447 5031 3708 5104 περιοαλ-

2128 5155 2357 5222 πόμενοι
2419 5142 2669 5214 πτέρυξι,
2728 5140 2824 5191 καὶ
2870 5136 3273 5204 ἀνεπηρέαστοι
3313 5124 3710 5193 διασωζόμενοι

451 5212 678 5240 Ιιᾶιυῦίιδο
2206 5212 2219 5222 “
2530 5212 2537 5214 “

450 5279 602 5348 παρὰ
651 5277 756 5329 τῶν
792 5272 1136 5340 ποιουμένων
1187 5265 1488 5318 ἀπόλαυσιν
1556 5261 1650 5313 καὶ
1678 5256 1889 5328 τρυφὴν
1951 5253 2087 5305 ἰδίαν
2125 5249 2222 5311 τὰς
2259 5244 2368 5298 τῶν
2437 5233 2896 5307 ἐπηρεαζομένων
2957 5223 3356 5295 ταλαιπωρίας·
3423 5212 3708 5287 Ἑρῤθ³μέ⁶

2027 5344 2046 5348 _
2208 5339 2218 5348 .
2558 5330 2572 5348 ι
2633 5324 2851 5348 2.-..21-
2895 5323 2986 5348 -1“
3034 5321 3145 5348 Ωιι..
3217 5307 3706 5348 εηνριῆςειᾶιιενθν.

458 5324 602 5348 ,ηρ
662 5324 748 5329 __-
959 5324 969 5340 ι
1717 5324 1728 5328 _

452 5385 540 5420 νον
587 5385 646 5420 σε
699 5361 1021 5432 διαῳυλὰξοι
1054 5360 1083 5411 ὁ
1158 5354 1362 5425 Κύριος
1442 5351 1794 5419 εὑοδούμενον
1851 5348 1909 5400 ὲν
1961 5344 2074 5404 τοῖς
2113 5339 2426 5407 πράγμασι,
2483 5330 2579 5382 καὶ
2627 5324 2851 5396 ὁμαλῶς

453 5461 547 5513 καὶ
575 5461 668 5512 τοῦ
703 5459 901 5527 φθόνου
935 5453 1045 5508 τῶν
1099 5452 1345 5520 κέντρων
1383 5447 1626 5516 ἄτρωτον
1676 5441 2024 5510 διαμένοντα.

895 5567 1001 5622 CL.
1043 5565 1312 5621 Philotimo
1345 5563 1589 5632 patricio.

527 5683 640 5736 Viri
687 5683 869 5736 clerici
921 5680 1177 5736 Ecclesia:
1217 5675 1648 5746 metropolitanm
1686 5668 1920 5723 Nicmnze
1966 5667 2030 5720 ad

460 5786 703 5834 uestram
739 5773 1098 5828 humilitatem
1130 5771 1526 5840 confugerunt;
1585 5764 1768 5826 nullis,
1808 5762 1877 5815 mi
1935 5759 2031 5825 ﬁli,

2894 5323 2986 5375 τὸν
3033 5321 3145 5387 βίον
3217 5307 3706 5379 διαπορευόμενον,

2463 5603 2474 5613 ,
2531 5548 2652 5602 PN'.
2702 5539 2963 5603 Φιλοθέῳ
3012 5533 3315 5601 πατρικίῳ.

2208 5665 2474 5738 Κληρικοὶ
2502 5663 2603 5730 τῆς
2636 5662 2693 5713 ἐν
2727 5653 2931 5720 Νικαίᾳ.
2969 5646 3355 5720 μητροπόλεως
3408 5643 3714 5699 κατέλαόον

2139 5763 2269 5828 τρδς
2298 5737 2394 5827 τὴν
2430 5753 2588 5825 ἡμῶν
2634 5748 2982 5820 μετριότητα,
3040 5741 3131 5795 καὶ
3177 5741 3344 5811 χωρὶς
3392 5737 3502 5792 τῶν
3539 5737 3715 5804 λόγων
