4088 6208
478 245 582 307 379

1581 247 1892 308 NICOLAI
1933 246 2043 305 CP.
2086 241 2595 305 PATRIARCII£

3624 240 3728 303 380

480 368 593 412 tum
626 358 694 412 iri
724 358 930 414 dictum
968 378 981 413 :
1021 360 1248 429 Semper
1286 361 1429 414 mala
1471 361 1827 414 cumulantur
1863 358 2036 414 malis.

2154 356 2473 426 τιθεμέναις
2519 354 2804 423 ἀλγηδόσι,
2866 355 2960 407 καὶ
3013 355 3318 424 πληροῦται
3371 354 3445 415 ὡς
3483 354 3625 405 ἔοικε
3667 354 3729 406 τὸ

481 448 733 518 Undique
782 450 1108 505 insidiantur
1156 452 1280 505 vitae
1330 466 1463 505 meae
1504 469 1516 503 :
1564 451 1766 505 malum
1801 451 2049 506 nondum

477 541 609 596 abiit
639 550 693 595 et
726 542 838 610 jam
883 542 1029 596 aliud
1078 543 1230 611 pejus
1276 553 1459 609 astat;
1508 544 1698 597 nescio
1769 545 2049 612 quomodo

475 634 676 696 dicam,
709 636 755 687 si
791 634 1009 702 quidem
1045 636 1281 688 assuetis
1306 645 1361 687 et
1389 634 1645 689 humanis
1670 636 2049 690 locationibus

478 723 935 790 utendum;illud
986 734 1166 778 autem
1212 726 1352 789 scio,
1388 735 1608 794 peccata
1650 737 1843 781 nostra
1889 726 2053 794 hujus

477 814 892 870 iutumescentis
924 816 1051 869 mali
1082 831 1299 869 causam
1333 832 1474 871 esse.
1509 818 1665 881 Quod
1699 818 1845 871 enim
1884 834 2047 873 nemo

475 906 616 960 alius
644 916 961 960 eventurum
986 908 1280 976 praedicere
1317 909 1569 971 auderet,
1599 911 1703 962 hoc
1736 909 1893 964 nubis
1922 926 2051 965 eve-

477 998 592 1060 nit;
629 997 816 1049 unde?
846 1013 1030 1050 nonne
1061 997 1253 1053 deﬂuit
1296 1015 1360 1052 ex
1394 998 1544 1053 fonte
1580 1000 1743 1053 modo
1776 1002 2053 1057 iudicato?

473 1086 844 1142 Couturbatur
893 1091 1136 1156 animus,
1195 1092 1266 1144 mi
1299 1092 1396 1158 lili,
1430 1101 1576 1155 tuus,
1619 1102 1670 1147 et
1725 1094 1902 1149 dolori
1956 1104 2050 1152 tuo

475 1187 659 1233 noster
690 1180 929 1234 additur.
978 1182 1108 1235 Item
1159 1183 1374 1250 planius
1407 1183 1617 1238 discas.
1655 1186 1759 1250 Qui
1789 1187 1895 1241 huc
1939 1190 2041 1242 ad-

373 1315 388 1318 ..
473 1271 623 1325 venit
669 1271 959 1341 Dyrrachii
1008 1274 1378 1343 metropolita,
1427 1277 1617 1330 nescio
1660 1294 1767 1346 qua
1816 1296 1981 1334 causa
2017 1298 2049 1336 a

473 1359 594 1414 sinu
628 1360 886 1415 Ecclesia!
918 1363 1171 1418 recedere
1195 1367 1468 1434 decrevit;
1505 1384 1645 1437 saepe
1668 1371 1868 1440 saepius
1896 1372 2046 1427 illum

475 1451 898 1520 hortationihus,
931 1471 1051 1523 quae
1077 1458 1142 1509 de
1166 1459 1322 1513 labiis
1347 1460 1482 1514 meis
1513 1462 1810 1528 humilibus
1831 1466 2049 1534 prodire

469 1552 720 1612 possunt,
759 1561 791 1599 ιι
822 1549 1061 1617 pessimo
1106 1550 1322 1619 incepto
1343 1554 1409 1606 ad
1436 1554 1659 1607 meliora
1681 1558 1937 1612 reducere
1954 1575 2050 1614 ex-

469 1642 662 1699 pertus
689 1651 843 1699 sum;
872 1638 965 1691 sed
986 1639 1148 1692 verba
1174 1656 1291 1694 inca
1327 1641 1477 1694 irrita
1501 1640 2043 1715 fuerunt.Pr0pterea

470 1722 625 1778 nobis
682 1726 853 1780 visum
898 1736 983 1782 est
1029 1740 1085 1783 ut
1123 1730 1271 1784 illum
1304 1732 1368 1785 ad
1424 1741 1474 1786 te
1521 1734 1880 1799 mitteremus,
1913 1755 2036 1794 con-

2148 1727 2339 1781 παθὼν
2388 1728 2485 1781 τοῦ
2546 1728 2914 1799 πληρώματος
2968 1730 3069 1799 τῆς

471 1814 554 1867 Iisi
576 1816 647 1869 ita
670 1819 1030 1884 pervicaciam
1049 1821 1167 1889 ejus
1188 1822 1239 1875 iu
1258 1824 1585 1893 obsequium
1611 1827 1882 1882 abituram
1901 1846 2043 1886 esse.

468 1905 606 1959 Illud
642 1924 768 1963 vero
803 1927 1023 1981 quoque
1055 1928 1165 1981 prze
1201 1916 1375 1975 oculis
1409 1916 1532 1982 fuit,
1569 1920 1712 1985 quod
1748 1920 1823 1975 ibi
1857 1937 2041 1976 mora-

467 2007 647 2062 turus,
680 2002 957 2069 quotidie,
992 2005 1067 2058 uti
1102 2007 1374 2076 conjicere
1402 2009 1546 2070 licet,
1581 2024 1675 2065 eos
1706 2011 1910 2066 videbit
1949 2014 2043 2083 qui

465 2089 532 2141 ab
566 2087 807 2145 Ecclesia
834 2094 1173 2160 defecerunt,
1201 2098 1340 2151 etob
1363 2098 1413 2151 id
1446 2097 1722 2155 dillicilius
1752 2102 1952 2155 redibit
1986 2104 2041 2157 in

466 2179 648 2234 sinum
700 2182 976 2238 Ecclesiae.
1025 2186 1105 2240 Ad
1145 2202 1243 2243 vos
1302 2200 1481 2243 autem
1536 2192 1740 2246 missus
1799 2193 2039 2263 siquam

465 2287 658 2327 novam
689 2276 757 2327 ab
799 2274 1039 2331 Ecelesia
1076 2280 1365 2335 secedendi
1399 2297 1625 2336 causam
1663 2283 1942 2350 habuerit,
1981 2302 2046 2342 eo

463 2364 685 2422 [acilius
733 2369 801 2423 ab
845 2386 909 2425 ea
960 2374 1211 2439 recedet,
1259 2376 1474 2443 quando
1509 2376 1853 2445 pontificatus
1883 2381 2046 2434 veStri

460 2464 690 2521 virtutes
742 2483 1103 2538 cognoscens,
1141 2472 1333 2525 initam
1369 2473 1573 2527 dudum
1609 2472 2037 2527 familiaritatem

462 2564 516 2608 et
550 2555 814 2614 beneﬁcia
855 2577 977 2630 qum
1031 2564 1084 2615 in
1117 2578 1241 2617 eum
1293 2564 1593 2619 contuleris
1618 2565 2037 2633 reminiscetur;

462 2647 620 2702 aliter
650 2652 792 2705 enim
858 2654 923 2707 ad
974 2652 1129 2709 Juda:
1174 2655 1433 2723 laqueum
1482 2656 1655 2711 abibit
1697 2666 1751 2711 et
1800 2657 2038 2723 pessimo

458 2741 708 2809 exutiiplo
750 2759 778 2795 a
829 2746 1178 2801 consortibus
1222 2748 1349 2802 dato
1391 2747 1688 2803 Ecclesium
1725 2748 2035 2803 deseruisse

462 2828 603 2881 male
631 2830 880 2898 iactabit.

2155 449 2467 521 εἰρημένον,
2503 442 2660 517 ᾧτινι
2716 449 2812 500 καὶ
2838 447 3049 518 ἐρρήθη
3084 449 3172 502 ἀεὶ
3206 448 3275 501 τὰ
3306 448 3456 500 κακᾶ
3484 449 3596 509 τοῖς
3628 464 3727 498 κα-

2155 545 2270 605 κοῖς
2311 542 2792 611 ὲπισυναπτόμενα
2838 542 2929 594 τὸν
2958 541 3090 611 ἐμὸν
3153 538 3544 611 περιστοιχίζει
3591 538 3727 609 βίον⁶

2156 638 2251 689 καὶ
2305 615 2583 705 παρῆλθεν
2630 632 2786 687 οὔπω
2840 633 2901 687 τὸ
2965 636 3169 704 χεῖρον,
3230 634 3325 687 καὶ
3378 634 3729 703 παρέστηκεν

2155 727 2340 794 ἕτερον
2366 729 2569 796 χεῖρον,
2602 725 2701 779 οὐκ
2729 721 2845 777 οἶδα
2876 725 2930 777 τί
2968 725 3107 794 πρὸς
3133 725 3303 777 ταῦτα
3341 725 3473 794 ἐρῶ,
3502 723 3620 777 ἀλλ’
3678 725 3729 777 εί

2155 816 2390 877 καὶτοῖς
2424 814 2682 885 συνήθεσι
2714 816 2809 868 καὶ
2857 814 3224 886 ἀνθρωπίνοις
3265 815 3595 884 ἐχρησάμην
3640 815 3727 867 λό-

2154 925 2293 976 γοις’
2328 909 2469 978 πλὴν
2520 901 2641 959 οἶδα
2671 908 2780 960 τῶν
2812 906 3105 976 ἁμαρτιῶν
3134 906 3295 975 ἡμῶν
3347 902 3487 958 εἶναι
3515 905 3611 976 τὴν
3645 906 3729 957 αί-

2153 999 2274 1050 τίαν
2308 999 2404 1067 τῆς
2426 998 2682 1067 τοιαύτης
2711 998 2820 1051 τῶν
2855 998 3110 1069 χαλεπῶν
3163 996 3485 1059 ἐπιθέσεως.
3518 997 3593 1048 Τὸ
3616 996 3719 1067 γὰρ

2151 1088 2187 1142 ὃ.
2217 1090 2341 1159 μηδ’
2369 1088 2532 1144 ἄλλου
2566 1089 2711 1151 τινὸς
2759 1089 3121 1160 προλέγοντος
3171 1088 3394 1141 ἐλπίσαι
3444 1087 3716 1155 γενέσθαι,

2150 1179 2323 1233 ταῦτα
2353 1182 2483 1250 ἡμῖν
2509 1180 2775 1249 ἁπαντᾷν,
2829 1179 2994 1232 πόθεν
3035 1177 3279 1245 ἄλλοθεν,
3311 1179 3342 1249 ἢ
3377 1178 3436 1242 ἐξ
3461 1173 3528 1248 ἦς
3572 1173 3720 1230 εἷπον

2152 1273 2326 1335 αἰτίας
2360 1271 2472 1342 ἔχει
2506 1274 2606 1340 την
2660 1272 2910 1338 γένεσιν;
2943 1271 3159 1341 Θορυϐῇ
3215 1272 3316 1339 τὴν
3347 1270 3528 1340 ψυχὴν
3566 1270 3719 1333 ἴσως.

2151 1362 2339 1415 τέκνον
2392 1363 2548 1432 ἡμῶν
2584 1363 2902 1433 ἱερώτατον,
2959 1362 3148 1432 ὥσπερ
3207 1363 3723 1431 ὲπικεκαλυμμένης

2152 1453 2486 1525 προσιούσης
2548 1472 2629 1508 σοι
2669 1456 2768 1524 τῆς
2822 1457 3097 1526 ἡμετέρας
3156 1456 3472 1525 ἀλγηδόνος.
3511 1454 3724 1508 Οὐκοῦν

2148 1546 2208 1598 τὸ
2237 1547 2469 1616 πρᾶγμα
2501 1546 2853 1618 ἐκδηλότερον
2888 1548 3150 1618 μάνθανε.
3200 1548 3257 1602 '0
3280 1549 3374 1602 τοῦ
3405 1549 3714 1619 Δυρραχίου

2153 1636 2561 1709 μητροπολίτης
2597 1640 2664 1691 τὰ
2704 1638 2938 1691 ἐνταῦθα
2978 1637 3326 1704 καταλαϐὼν,
3359 1640 3459 1691 οὐκ
3503 1634 3620 1693 οἶδα
3666 1638 3718 1691 τί

3139 1730 3463 1799 Ἐκκλησίας
3525 1731 3720 1785 ἑαυτὸν

2143 1819 2508 1890 ἀπομερίζειν
2532 1819 2811 1888 ἠγάπησε·
2858 1818 3048 1872 τοῦτον
3094 1818 3413 1881 πλειστάκις
3448 1818 3715 1886 παραινέ-

2144 1924 2314 1973 σεσιν,
2349 1909 2472 1961 ὅσαι
2499 1908 2609 1962 τῶν
2636 1909 2911 1963 ταπεινῶν
2934 1907 3156 1979 χειλέων
3184 1909 3341 1979 ἡμῶν
3380 1910 3534 1979 ἰσχὺν
3564 1908 3721 1977 ἐχου-

2144 2017 2196 2053 σι
2234 2001 2503 2071 προϊέναι,
2532 2002 2635 2071 τῆς
2674 2002 2882 2055 ἀτόπου
2910 2002 3135 2073 γνώμης
3176 2003 3526 2072 μετενεγκεῖν
3566 2001 3716 2053 ἐπει·

2144 2092 2411 2163 ράθημεν,
2444 2093 2561 2147 ἀλλ’
2619 2096 2700 2158 είς
2755 2095 2912 2148 κενὸν
2970 2095 3236 2165 ὤφθημεν
3271 2094 3715 2165 ῥαψῳδήσαντες.

2142 2186 2240 2239 Διὰ
2269 2185 2427 2238 τοῦτο
2456 2186 2592 2256 πρὸς
2620 2188 2719 2256 τὴν
2752 2187 2907 2256 ὑμῶν
2948 2187 3165 2241 σύνεσιν
3200 2166 3591 2257 ἐκπεμφθῆναι
3622 2188 3719 2237 αύ-

2142 2278 2234 2331 τὸν
2268 2277 2433 2331 καλὸν
2466 2273 2606 2329 εἶναι
2636 2278 2997 2348 κεκρίκαμεν,
3048 2279 3368 2341 ἐλπίζοντες
3398 2278 3460 2330 τὸ
3492 2276 3713 2339 ἀπειθὲς

2146 2369 2311 2423 αὑτοῦ
2361 2372 2439 2433 εἰς
2482 2370 2797 2422 εὐπείθειαν
2845 2370 2990 2423 οὓτω
3041 2370 3460 2441 μετενεχθῆναι’
3499 2371 3614 2439 ἃμα
3661 2370 3719 2421 δὲ

2149 2461 2425 2515 καὶτοῦτο
2459 2462 2881 2532 ἐνθυμηθέντες,
2908 2462 2990 2515 ὅτι
3017 2461 3254 2515 ἐνταῦθα
3284 2462 3577 2531 διατρίϐων
3617 2460 3717 2512 ὑπὸ

2145 2554 2255 2607 τῶν
2288 2555 2785 2625 ἁποστατησάντων
2813 2556 2912 2624 τῆς
2952 2553 3281 2623 Ἐκκλησίας
3303 2550 3392 2605 οἷα
3421 2553 3567 2615 εἰκὸς
3594 2550 3717 2606 καθ’

2146 2649 2389 2718 ἑκάστην
2443 2650 2761 2717 είσηγήσεις
2808 2646 3127 2717 λαμϐάνων,
3158 2647 3383 2718 ὕστερον
3417 2648 3716 2717 όψθήσεται

2146 2742 2282 2811 πρὸς
2316 2742 2374 2792 τὸ
2404 2744 2469 2811 τῇ
2520 2740 2820 2809 Ἐκκλησία
2854 2740 3196 2808 συναφθῆναι
3241 2740 3713 2809 δυσπειθέστερος.

2143 2833 2287 2903 Πρὸς
2318 2832 2461 2901 ὑμᾶς
2490 2831 2545 2883 δὲ
2580 2832 2954 2902 στελλόμενος,
2989 2833 3080 2886 καὶ
3131 2834 3183 2886 εἴ
3229 2850 3351 2886 τινα
3409 2831 3713 2902 πρόσληψιν

364 2964 381 2973 ν.
459 2923 589 2991 ἔσχε
643 2925 738 2977 τοῦ
803 2929 901 2997 τῆς
936 2917 1277 3002 ’Ἐκκλησίας
1323 2924 1676 2997 ἀποστατεῖν,
1715 2932 1915 3004 ῥᾳδίως
1963 2930 2234 3000 ἁποθὴσει
2296 2928 2390 2997 τήν
2434 2945 2493 2979 τε
2547 2927 2713 2997 ἄλλην
2776 2929 2978 2998 ἀρετὴν
3033 2931 3129 2999 τῆς
3164 2927 3263 2996 σῆς
3298 2923 3718 2996 ἀρχιερωσύνης

455 3019 942 3093 ὲξευλαόούμενος,
995 3026 1090 3079 καί¹
1124 3026 1222 3093 τὴν
1250 3027 1309 3094 ἐξ
1348 3027 1527 3098 ἀρχῆς
1577 3026 1892 3098 συνήθειαν,
1940 3026 2039 3081 καὶ
2088 3027 2222 3097 ὅσης
2280 3023 2607 3092 εὐεργεσίας
2645 3022 2797 3093 αὺτῷ
2850 3022 3110 3093 πρόξενος
3163 3022 3352 3090 ἐγένου
3391 3022 3718 3089 ἀναλογιζό-

459 3131 644 3184 μενος.
682 3118 730 3171 εε
764 3118 840 3188 μὴ
873 3118 983 3191 ἄρα
1018 3120 1159 3192 πρὸς
1206 3120 1300 3174 τὸν
1331 3122 1427 3177 τοῦ
1469 3122 1641 3178 Ἰούδα
1679 3123 1896 3193 βρόχον,
1940 3121 2035 3176 καὶ
2063 3121 2117 3175 sl’
2148 3138 2232 3186 τις
2288 3119 2508 3174 ἐκείνων
2564 3117 2868 3189 παρόμοιος
2921 3119 3237 3181 κατένευσε,
3291 3117 3383 3169 καὶ
3414 3116 3501 3171 διὰ
3555 3115 3714 3169 τοῦτο

460 3209 831 3281 φιλονεικήσει
860 3212 956 3266 τοῦ
987 3214 1085 3284 τῆς
1131 3213 1460 3283 Ἐκκλησίας
1496 3215 1689 3269 ἑαυτὸν
1721 3216 2022 3286 ἀποτεμεῖν
2052 3214 2332 3287 σώματος.

1022 3331 1177 3388 CLII.
1230 3330 1481 3387 Incerto.“

522 3444 669 3500 Nihil
697 3445 864 3509 aliud,
907 3446 978 3498 ιιιὶ
1013 3445 1109 3509 ﬁli,
1143 3444 1208 3499 ad
1237 3454 1285 3499 te
1329 3407 1511 3499 scribo
1546 3445 1640 3514 qui
1688 3444 1913 3513 proprio
1944 3444 2031 3499 in-

456 3540 613 3608 genio
669 3540 734 3592 ad
783 3552 942 3592 omne
988 3538 1191 3590 bonum
1240 3546 1293 3591 et
1343 3537 1453 3591 Deo
1511 3547 1724 3606 gratum
1789 3538 2027 3605 duceris,
2075 3585 2081 3590 .

457 3629 562 3682 nisi
614 3637 673 3681 ut
719 3628 965 3694 epistola:
1012 3628 1175 3696 hujus
1227 3628 1429 3683 latores
1476 3630 1924 3685 commendcmus
1964 3646 2028 3685 ac

454 3731 640 3774 notum
675 3721 942 3775 faciamus
975 3722 1096 3775 illos
1138 3722 1205 3775 ab
1236 3720 1478 3777 Ecclesia
1512 3720 1608 3777 Dei
1651 3734 1875 3793 propter
1903 3740 2026 3779 sero

454 3814 704 3878 vitutem,
735 3814 785 3867 id
817 3825 901 3868 est
948 3831 1231 3884 cymarum
1271 3815 1474 3869 tributa
1506 3825 1721 3870 amat-os
1749 3831 1892 3871 esse.
1942 3818 2029 3871 In-

453 3907 760 3977 telligentire
816 3918 917 3961 tum
984 3909 1260 3976 negotium
1303 3920 1385 3962 est
1466 3924 1524 3963 re
1563 3910 1768 3972 audita,
1802 3910 1920 3964 illos
1963 3912 2029 3965 ab

451 4001 596 4054 omni
626 4000 840 4069 publica
875 4000 1135 4054 servitute
1167 4011 1218 4053 et
1242 4001 1530 4054 vexatione
1552 4000 1813 4055 liberatos
1847 4001 2026 4067 tueri;

452 4091 790 4159 impossibile
824 4099 926 4153 cst,
964 4091 1043 4144 uti
1091 4090 1204 4157 ipse
1255 4089 1418 4151 nosti.
1474 4090 1757 4159 vectigalia
1812 4092 2027 4161 publica

449 4181 658 4236 solvere
692 4190 745 4236 et
781 4181 977 4234 tributa
1033 4180 1306 4243 conferre,
1351 4179 1419 4233 ab
1456 4179 1698 4234 Ecclesia
1739 4182 2024 4249 imperata.

451 4274 523 4327 De
551 4282 766 4339 caetero,
801 4275 1005 4340 valeas,
1041 4275 1113 4328 mi
1151 4275 1243 4339 (ili,
1278 4283 1332 4328 et
1361 4274 1635 4329 custodiat
1669 4286 1719 4328 te
1754 4274 2022 4331 Dominus

444 4365 551 4420 sub
600 4367 793 4421 umbra
828 4368 1038 4421 alarum
1088 4382 1336 4432 suarum,
1371 4376 1430 4421 ut
1453 4368 1715 4436 asperam
1746 4377 1799 4422 et
1830 4369 2022 4423 duram

447 4458 571 4511 vitae
600 4460 741 4515 viam
776 4461 1037 4529 perlicere
1071 4461 1299 4529 possis.“

2684 3328 2857 3385 PNB’.
2890 3326 3143 3394 Ἀδήλῳ.

2200 3446 2367 3501 Οὐδὲν
2401 3444 2530 3499 ἄλλο
2554 3444 2693 3516 πρὸς
2725 3444 2824 3516 τὴν
2847 3444 3002 3514 ὑμῶν
3035 3443 3274 3509 σύνεσιν,
3307 3444 3499 3498 τέκνον
3528 3445 3707 3515 ἡμῶν,

2129 3538 2625 3608 αὐτοπαράκλητον
2658 3536 2825 3591 οὖσαν
2881 3536 3019 3608 πρὸς
3057 3536 3116 3590 τὸ
3150 3536 3316 3590 καλὸν
3376 3540 3471 3589 καὶ
3514 3536 3707 3608 θεάρε-

2129 3648 2252 3685 στον
2289 3630 2643 3701 γράφομεν,ῆ⁷
2664 3631 2826 3702 μόνον
2856 3631 2982 3683 ὅσον
3014 3631 3093 3692 είς
3111 3631 3174 3683 τὸ
3203 3630 3556 3700 παραστῆσαι
3583 3631 3710 3690 τοὺς

2125 3724 2626 3795 ἐπικομιζομένους
2684 3724 2745 3776 τὸ
2794 3723 3055 3794 γράμμα,
3113 3724 3210 3777 καὶ
3260 3723 3527 3792 γνωρίσαι
3579 3724 3708 3793 ύμῖν

2133 3819 2215 3872 ὅτι
2246 3821 2311 3888 τῇ
2350 3817 2445 3871 τοῦ
2498 3818 2634 3871 Θεοῦ
2687 3819 2897 3889 μεγάλῃ
2961 3816 3260 3888 Ἐκκλησία
3292 3815 3429 3887 πρὸς
3477 3818 3577 3887 τὴν
3612 3817 3709 3869 ἀπ’

2131 3911 2307 3981 ἀρχῆς
2365 3910 2770 3981 ἁποταχθείσαν
2821 3912 3154 3982 ὑπηρεσίαν,
3196 3911 3433 3978 λέγομεν
3485 3910 3548 3981 δὴ
3608 3911 3708 3980 τὴν

2130 4008 2229 4075 τῆς
2259 4006 2516 4078 κράμϐης
2549 4007 2880 4071 συντέλειαν,
2926 4009 3304 4077 ἀφωρισμένοι
3346 4007 3701 4076 τυγχάνουσι.

2130 4098 2230 4150 Σὺν
2277 4094 2371 4151 οὖν
2411 4096 2528 4151 ἐστι
2572 4100 2667 4151 καὶ
2716 4098 2816 4168 τῆς
2866 4098 2966 4169 σῆς
2997 4099 3269 4169 ἔμφρονος
3297 4101 3523 4168 γνώμης
3546 4097 3707 4151 τοῦτο

2130 4188 2355 4257 μαθόντι
2385 4190 2713 4260 διατηρῆσαι
2745 4190 2944 4253 αὐτοὺς
2987 4190 3215 4260 ἀϐαρεῖς
3252 4191 3353 4261 τῆς
3393 4190 3561 4257 ἄλλης
3606 4191 3699 4242 τοῦ

2123 4280 2386 4351 δημοσίου
2428 4282 2785 4351 περιαγωγῆς
2837 4281 2932 4334 καὶ
2968 4280 3369 4352 περιστάσεως.
3417 4279 3703 4333 Ἀδύνατον

2124 4372 2256 4441 γὰρ,
2293 4371 2369 4433 ὡς
2408 4371 2503 4423 καὶ
2537 4371 2700 4434 αὐτὸς
2748 4372 3131 4438 ἐξεπίστασαι,
3186 4375 3307 4435 ταῖς
3348 4389 3409 4423 τε
3461 4370 3703 4442 λειτουρ·

2123 4463 2272 4529 γίαις
2300 4459 2395 4513 τοῦ
2424 4461 2687 4530 δημοσίου
2738 4461 3068 4528 ὑπάγεσθαι,
3116 4464 3210 4515 καὶ
3264 4463 3364 4533 τὴν
3415 4463 3473 4527 ἐξ
3523 4461 3701 4532 ἀρχῆς

447 4555 848 4625 ἀποταχθεῐσαν
878 4558 1064 4620 αὐτοῖς
1098 4558 1153 4610 ὲν
1184 4561 1249 4627 τῇ
1300 4557 1602 4629 Ἐκκλησία
1665 4558 1940 4611 ἐπιτελεῖν
1989 4559 2378 4629 συνεισφοράν.
2452 4558 2532 4611 Τὰ
2562 4557 2770 4634 δ’ᾇλλα
2823 4560 3135 4630 ἐρρωμένον
3190 4576 3248 4611 σε
3313 4559 3638 4628 διαφυλάξοι
3673 4562 3699 4612 ὁ

446 4646 651 4716 Κύριος
675 4688 689 4712 ,

443 4739 757 4807 ὲξανύοντα.

603 4861 782 4915 CLIII.
819 4860 1103 4915 Theodosio
1136 4864 1388 4916 monac/to
1415 4873 1461 4917 et
1493 4864 1842 4918 cubiculario.

515 4979 632 5034 Alia
687 4978 755 5032 de
808 4979 1095 5034 monachis
1124 4994 1566 5047 speraveramus.
1614 4995 1678 5034 ac
1707 4996 1825 5047 quae
1858 4980 2013 5033 nobis

444 5087 541 5141 per
583 5070 792 5124 litteras
852 5070 1201 5125 manifestata
1256 5083 1383 5126 sunt
1445 5089 1459 5125 :
1524 5086 1718 5140 nempe
1757 5086 1854 5126 eos
1905 5086 2011 5124 non

444 5179 610 5235 parvo
652 5162 892 5218 fruentes
938 5163 1202 5218 beneﬁcio
1244 5179 1337 5233 per
1379 5166 1740 5219 reverentiam
1772 5173 2010 5218 vestram

442 5256 642 5311 collato
688 5270 970 5323 nunquam
1004 5261 1111 5309 tute
1143 5253 1488 5311 liberalitatis
1536 5256 1856 5311 memoriam
1890 5270 2013 5311 esse

445 5349 767 5407 amissuros.
787 5348 877 5401 sed
898 5363 990 5417 per
1012 5355 1178 5402 totam
1195 5348 1360 5401 vitam
1381 5350 1574 5403 merita
1599 5350 1805 5405 meritis
1830 5365 2020 5419 repen-

443 5446 659 5492 saturos
689 5449 744 5493 et
774 5439 1173 5495 benefactorem
1208 5456 1308 5509 pro
1349 5442 1556 5496 viribus
1585 5442 1638 5496 in
1679 5444 1883 5497 honore
1915 5443 2016 5495 ha-

448 5528 678 5585 bituros.
709 5528 863 5589 Nunc
892 5544 1072 5587 autem
1099 5532 1231 5602 quid
1254 5533 1471 5588 dicam?
1500 5532 1694 5589 Dolore
1720 5549 2014 5602 oppressus

450 5634 573 5674 cum
599 5620 867 5689 Propheta
900 5625 1181 5680 clamabo:
1212 5644 1229 5675 ι
1258 5624 1415 5679 Salva
1440 5640 1547 5690 nte,
1594 5623 1842 5689 Domine,
1873 5641 2013 5695 quo—

454 5730 601 5769 niam
636 5712 832 5768 defecit
867 5725 1110 5781 sanctus,
1141 5718 1396 5786 quoniam
1434 5717 1686 5773 vcritates
1715 5717 2017 5771 imminuta:

732 4648 921 4701 τέκνον
953 4647 1133 4719 ἡμῶν,
1158 4648 1262 4701 ὑπὸ
1288 4652 1354 4721 τῇ
1391 4650 1574 4715 σκέπη
1592 4649 1700 4703 τῶν
1733 4650 2023 4721 πτερύγων
2075 4649 2266 4715 αὑτοῦ,
2308 4651 2407 4719 τὴν
2444 4649 2732 4720 ἀνώμαλον
2789 4652 2883 4703 καὶ
2919 4649 3223 4705 πολύπονον
3280 4650 3375 4703 τοῦ
3433 4652 3552 4721 βίου
3581 4652 3698 4705 ὁδὸν

2045 4869 2088 4923 D
2155 4864 2322 4917 PNF’.
2380 4862 2676 4927 Θεοδοσίῳ
2706 4860 2955 4932 μοναχῷ
3012 4861 3111 4914 καὶ
3167 4863 3660 4930 κουόὌυκλεισίῳ.

2200 4979 2401 5043 Ἀλλας
2432 4979 2736 5049 ἐτρέφομεν
2764 4977 2988 5040 ἐλπίδας
3030 4978 3123 5029 ἐπὶ
3175 4979 3288 5041 τοῖς
3341 4978 3688 5048 μονάζουσιν,

2123 5074 2155 5145 ἢ
2189 5073 2382 5136 ὁποίας
2415 5072 2512 5125 νῦν
2542 5072 2631 5125 διὰ
2671 5069 2766 5124 τοῦ
2801 5071 3131 5141 γράμματος
3162 5070 3431 5140 ἔγνωμεν.
3481 5072 3567 5134 Ὠς
3611 5074 3693 5125 εξ-

2123 5167 2216 5230 κὸς
2246 5167 2355 5236 γὰρ
2393 5165 2693 5233 ἠλπίζομεν
2723 5163 2824 5216 οὐκ
2855 5163 3044 5231 ὀλίγης
3074 5164 3397 5233 εὐεργεσίας
3448 5164 3691 5217 ἀπολαύ-

2123 5274 2323 5319 σαντας
2360 5256 2558 5318 αὐτοὺς
2587 5255 2743 5325 παρὰ
2772 5256 2871 5324 τῆς
2903 5255 3057 5324 ὑμῶν
3105 5254 3384 5322 ὁσιότητος
3426 5256 3487 5306 οὐ
3528 5256 3693 5325 μόνον

2117 5347 2292 5410 οὕτως
2320 5349 2379 5402 ὲν
2418 5346 2613 5417 βραχεί
2640 5347 2819 5417 καιρῷ
2861 5344 3215 5413 ἐπιλελῆσθαι
3253 5344 3355 5412 τῆς
3413 5344 3513 5413 σῆς
3552 5347 3691 5413 ἀγα-

2118 5439 2219 5508 θῆς
2248 5439 2648 5508 προαιρέσεως,
2696 5439 2834 5491 ἀλλὰ
2868 5443 2960 5492 καὶ
3001 5438 3092 5490 τὸν
3143 5436 3323 5488 πάντα
3356 5436 3469 5503 βίον
3505 5436 3688 5491 διατε-

2116 5533 2299 5585 λέσειν
2368 5530 2874 5600 εύγνωμονοῠντας,
2934 5530 3027 5581 καὶ
3077 5527 3170 5580 τὸν
3229 5528 3532 5597 εὐεργέτην
3584 5532 3687 5601 ὅση

2115 5625 2345 5693 δύναμις
2376 5621 2803 5688 ἀντιδεξιοῦσθαι
2823 5604 2947 5684 ’ταῖς
2977 5621 3295 5691 θεραπείαις
3337 5623 3681 5687 σπουδάζειν.

2114 5718 2230 5772 Νῦν
2259 5718 2313 5771 δὲ
2348 5715 2399 5770 τί
2443 5718 2624 5781 aint»;
2690 5712 2981 5782 Ἐξάγομαι
3043 5715 3146 5785 γὰρ
3197 5714 3299 5767 ὑπὸ
3334 5714 3430 5784 τῆς
3482 5715 3681 5784 λύπης,
