  <div class='ocr_page' id='page_1' title='image "/cluster/home/n/w/nwhite01/storage/ocr_20150623/111/hvd.32044073502288/212.png"; bbox 0 0 4088 6208; ppageno 0'>
   <div class='ocr_carea' id='block_1_1' title="bbox 400 252 502 322">
    <p class='ocr_par' dir='ltr' id='par_1_1' title="bbox 400 252 502 322">
     <span class='ocr_line' id='line_1_1' title="bbox 400 252 502 322; baseline 0.02 -4"><span class='ocrx_word' id='word_1_1' title='bbox 400 252 502 322; x_wconf 82' lang='lat'><strong>381</strong></span> 
     </span>
    </p>
   </div>
   <div class='ocr_carea' id='block_1_2' title="bbox 1887 277 2306 339">
    <p class='ocr_par' dir='ltr' id='par_1_2' title="bbox 1887 277 2306 339">
     <span class='ocr_line' id='line_1_2' title="bbox 1887 277 2306 339; baseline 0.002 -4"><span class='ocrx_word' id='word_1_2' title='bbox 1887 277 2306 339; x_wconf 67' lang='lat' dir='ltr'><strong>EPISTULE.</strong></span> 
     </span>
    </p>
   </div>
   <div class='ocr_carea' id='block_1_3' title="bbox 3542 245 3753 356">
    <p class='ocr_par' dir='ltr' id='par_1_3' title="bbox 3542 245 3753 356">
     <span class='ocr_line' id='line_1_3' title="bbox 3542 245 3753 356; baseline 0.005 0"><span class='ocrx_word' id='word_1_3' title='bbox 3542 295 3647 356; x_wconf 65' lang='lat'><strong>382</strong></span> <span class='ocrx_word' id='word_1_4' title='bbox 3749 245 3753 250; x_wconf 22' lang='grc'><strong><em>⁵</em></strong></span> 
     </span>
    </p>
   </div>
   <div class='ocr_carea' id='block_1_4' title="bbox 398 371 1942 472">
    <p class='ocr_par' dir='ltr' id='par_1_4' title="bbox 398 371 1939 456">
     <span class='ocr_line' id='line_1_4' title="bbox 398 371 1939 456; baseline 0.012 -34"><span class='ocrx_word' id='word_1_5' title='bbox 398 373 492 423; x_wconf 74' lang='grc' dir='ltr'>καὶ</span> <span class='ocrx_word' id='word_1_6' title='bbox 507 371 818 442; x_wconf 78' lang='grc' dir='ltr'><strong>φθέγγομαι</strong></span> <span class='ocrx_word' id='word_1_7' title='bbox 835 374 932 426; x_wconf 76' lang='grc' dir='ltr'>σὺν</span> <span class='ocrx_word' id='word_1_8' title='bbox 947 374 1024 446; x_wconf 82' lang='grc' dir='ltr'>τῷ</span> <span class='ocrx_word' id='word_1_9' title='bbox 1040 378 1084 429; x_wconf 88' lang='grc' dir='ltr'><strong>Π</strong></span> <span class='ocrx_word' id='word_1_10' title='bbox 1093 382 1228 451; x_wconf 73' lang='grc' dir='ltr'>ροφή</span> <span class='ocrx_word' id='word_1_11' title='bbox 1238 396 1319 452; x_wconf 78' lang='grc' dir='ltr'><strong>τῃ·</strong></span> <span class='ocrx_word' id='word_1_12' title='bbox 1337 400 1352 432; x_wconf 82' lang='grc' dir='ltr'><strong>ι</strong></span> <span class='ocrx_word' id='word_1_13' title='bbox 1367 381 1550 436; x_wconf 80' lang='grc' dir='ltr'>Σῶσόν</span> <span class='ocrx_word' id='word_1_14' title='bbox 1580 403 1644 452; x_wconf 86' lang='grc' dir='ltr'><strong>με</strong></span> <span class='ocrx_word' id='word_1_15' title='bbox 1657 387 1848 456; x_wconf 83' lang='grc' dir='ltr'>,Κύριε</span> <span class='ocrx_word' id='word_1_16' title='bbox 1861 389 1939 452; x_wconf 82' lang='grc' dir='ltr'>,ὅτ</span> 
     </span>
    </p>
   </div>
   <div class='ocr_carea' id='block_1_5' title="bbox 2044 371 3643 472">
    <p class='ocr_par' dir='ltr' id='par_1_5' title="bbox 2065 392 3643 472">
     <span class='ocr_line' id='line_1_5' title="bbox 2065 392 3643 472; baseline 0.011 -28"><span class='ocrx_word' id='word_1_17' title='bbox 2065 401 2195 444; x_wconf 91' lang='lat' dir='ltr'><strong>sunt</strong></span> <span class='ocrx_word' id='word_1_18' title='bbox 2211 407 2239 446; x_wconf 92' lang='lat' dir='ltr'><strong>a</strong></span> <span class='ocrx_word' id='word_1_19' title='bbox 2260 392 2380 448; x_wconf 88' lang='lat' dir='ltr'><strong>ﬁliis</strong></span> <span class='ocrx_word' id='word_1_20' title='bbox 2406 394 2889 463; x_wconf 46' lang='lat' dir='ltr'><strong>Itoniittuni,etfnort</strong></span> <span class='ocrx_word' id='word_1_21' title='bbox 2909 403 3099 470; x_wconf 75' lang='lat' dir='ltr'><strong>estqui</strong></span> <span class='ocrx_word' id='word_1_22' title='bbox 3120 402 3516 472; x_wconf 78' lang='lat' dir='ltr'><strong>faciatbonum,</strong></span> <span class='ocrx_word' id='word_1_23' title='bbox 3539 423 3643 462; x_wconf 91' lang='lat' dir='ltr'><strong>non</strong></span> 
     </span>
    </p>
   </div>
   <div class='ocr_carea' id='block_1_6' title="bbox 395 461 1966 545">
    <p class='ocr_par' dir='ltr' id='par_1_6' title="bbox 395 461 1966 545">
     <span class='ocr_line' id='line_1_6' title="bbox 395 461 1966 545; baseline 0.012 -33"><span class='ocrx_word' id='word_1_24' title='bbox 395 461 716 515; x_wconf 71' lang='grc' dir='ltr'><strong>ἐκλέλοιπεν</strong></span> <span class='ocrx_word' id='word_1_25' title='bbox 747 464 914 529; x_wconf 85' lang='grc' dir='ltr'>ὅσιος,</span> <span class='ocrx_word' id='word_1_26' title='bbox 938 468 1019 520; x_wconf 78' lang='grc' dir='ltr'>ὅτι</span> <span class='ocrx_word' id='word_1_27' title='bbox 1043 469 1406 539; x_wconf 80' lang='grc' dir='ltr'>ὠλιγώθησαν</span> <span class='ocrx_word' id='word_1_28' title='bbox 1457 477 1513 526; x_wconf 93' lang='grc' dir='ltr'>αἰ</span> <span class='ocrx_word' id='word_1_29' title='bbox 1541 475 1815 545; x_wconf 81' lang='grc' dir='ltr'>ἀλήθειαι,</span> <span class='ocrx_word' id='word_1_30' title='bbox 1857 480 1966 531; x_wconf 82' lang='grc' dir='ltr'>ἀπὸ</span> 
     </span>
    </p>
   </div>
   <div class='ocr_carea' id='block_1_7' title="bbox 392 549 1965 638">
    <p class='ocr_par' dir='ltr' id='par_1_7' title="bbox 392 549 1965 638">
     <span class='ocr_line' id='line_1_7' title="bbox 392 549 1965 638; baseline 0.013 -37"><span class='ocrx_word' id='word_1_31' title='bbox 392 549 504 602; x_wconf 88' lang='grc' dir='ltr'><strong>τῶν</strong></span> <span class='ocrx_word' id='word_1_32' title='bbox 534 552 668 604; x_wconf 86' lang='grc' dir='ltr'>υἱῶν</span> <span class='ocrx_word' id='word_1_33' title='bbox 695 551 805 606; x_wconf 90' lang='grc' dir='ltr'><strong>τῶν</strong></span> <span class='ocrx_word' id='word_1_34' title='bbox 842 555 1165 624; x_wconf 86' lang='grc' dir='ltr'>ἀνθρώπων,</span> <span class='ocrx_word' id='word_1_35' title='bbox 1196 563 1293 613; x_wconf 75' lang='grc' dir='ltr'>καὶ</span> <span class='ocrx_word' id='word_1_36' title='bbox 1326 565 1427 617; x_wconf 80' lang='grc' dir='ltr'>οὐκ</span> <span class='ocrx_word' id='word_1_37' title='bbox 1481 563 1598 616; x_wconf 81' lang='grc' dir='ltr'>ἔστι</span> <span class='ocrx_word' id='word_1_38' title='bbox 1628 565 1798 619; x_wconf 89' lang='grc' dir='ltr'>ποιῶν</span> <span class='ocrx_word' id='word_1_39' title='bbox 1825 582 1965 638; x_wconf 88' lang='grc' dir='ltr'>χρη-</span> 
     </span>
    </p>
   </div>
   <div class='ocr_carea' id='block_1_8' title="bbox 397 642 1966 728">
    <p class='ocr_par' dir='ltr' id='par_1_8' title="bbox 397 642 1966 728">
     <span class='ocr_line' id='line_1_8' title="bbox 397 642 1966 728; baseline 0.013 -34"><span class='ocrx_word' id='word_1_40' title='bbox 397 642 652 713; x_wconf 87' lang='grc' dir='ltr'>στότητα,</span> <span class='ocrx_word' id='word_1_41' title='bbox 678 645 777 698; x_wconf 83' lang='grc' dir='ltr'>οὐκ</span> <span class='ocrx_word' id='word_1_42' title='bbox 821 646 965 700; x_wconf 84' lang='grc' dir='ltr'>ἔστιν</span> <span class='ocrx_word' id='word_1_43' title='bbox 995 647 1100 710; x_wconf 75' lang='grc' dir='ltr'>ἕως</span> <span class='ocrx_word' id='word_1_44' title='bbox 1133 652 1308 716; x_wconf 74' lang='grc' dir='ltr'>ἑνός.»</span> <span class='ocrx_word' id='word_1_45' title='bbox 1333 654 1474 708; x_wconf 79' lang='grc' dir='ltr'>Ἀλλ’</span> <span class='ocrx_word' id='word_1_46' title='bbox 1504 657 1703 710; x_wconf 78' lang='grc' dir='ltr'>ἐκεῖνοι</span> <span class='ocrx_word' id='word_1_47' title='bbox 1737 658 1836 728; x_wconf 81' lang='grc' dir='ltr'>μὲν</span> <span class='ocrx_word' id='word_1_48' title='bbox 1862 661 1966 728; x_wconf 83' lang='grc' dir='ltr'>τῆς</span> 
     </span>
    </p>
   </div>
   <div class='ocr_carea' id='block_1_9' title="bbox 394 732 1962 822">
    <p class='ocr_par' dir='ltr' id='par_1_9' title="bbox 394 732 1962 822">
     <span class='ocr_line' id='line_1_9' title="bbox 394 732 1962 822; baseline 0.013 -37"><span class='ocrx_word' id='word_1_49' title='bbox 394 732 744 802; x_wconf 82' lang='grc' dir='ltr'>ἀχαριστίας,</span> <span class='ocrx_word' id='word_1_50' title='bbox 771 736 902 800; x_wconf 83' lang='grc' dir='ltr'>ίσως</span> <span class='ocrx_word' id='word_1_51' title='bbox 937 740 1032 792; x_wconf 82' lang='grc' dir='ltr'>καὶ</span> <span class='ocrx_word' id='word_1_52' title='bbox 1060 741 1156 794; x_wconf 85' lang='grc' dir='ltr'><strong>νῦν</strong></span> <span class='ocrx_word' id='word_1_53' title='bbox 1189 743 1283 795; x_wconf 87' lang='grc' dir='ltr'><strong>τοῦ</strong></span> <span class='ocrx_word' id='word_1_54' title='bbox 1332 746 1559 816; x_wconf 78' lang='grc' dir='ltr'><strong>κέρδους</strong></span> <span class='ocrx_word' id='word_1_55' title='bbox 1587 750 1962 822; x_wconf 74' lang='grc' dir='ltr'>αἰσθήσονταιο</span> 
     </span>
    </p>
   </div>
   <div class='ocr_carea' id='block_1_10' title="bbox 396 828 1964 912">
    <p class='ocr_par' dir='ltr' id='par_1_10' title="bbox 396 828 1964 912">
     <span class='ocr_line' id='line_1_10' title="bbox 396 828 1964 912; baseline 0.013 -32"><span class='ocrx_word' id='word_1_56' title='bbox 396 828 613 891; x_wconf 80' lang='grc' dir='ltr'>πάντως</span> <span class='ocrx_word' id='word_1_57' title='bbox 641 828 699 881; x_wconf 84' lang='grc' dir='ltr'>δὲ</span> <span class='ocrx_word' id='word_1_58' title='bbox 730 832 777 882; x_wconf 87' lang='grc' dir='ltr'><strong>εί</strong></span> <span class='ocrx_word' id='word_1_59' title='bbox 807 831 900 884; x_wconf 78' lang='grc' dir='ltr'>καὶ</span> <span class='ocrx_word' id='word_1_60' title='bbox 933 834 1008 904; x_wconf 81' lang='grc' dir='ltr'>μὴ</span> <span class='ocrx_word' id='word_1_61' title='bbox 1032 833 1148 900; x_wconf 87' lang='grc' dir='ltr'>νῦν,</span> <span class='ocrx_word' id='word_1_62' title='bbox 1184 837 1298 890; x_wconf 83' lang='grc' dir='ltr'>ἀλλ’</span> <span class='ocrx_word' id='word_1_63' title='bbox 1319 841 1378 892; x_wconf 79' lang='grc' dir='ltr'>ἐν</span> <span class='ocrx_word' id='word_1_64' title='bbox 1421 841 1498 910; x_wconf 82' lang='grc' dir='ltr'>τῷ</span> <span class='ocrx_word' id='word_1_65' title='bbox 1541 843 1788 912; x_wconf 84' lang='grc' dir='ltr'>μέλλοντι</span> <span class='ocrx_word' id='word_1_66' title='bbox 1810 848 1964 900; x_wconf 80' lang='grc' dir='ltr'>αἰῶνι</span> 
     </span>
    </p>
   </div>
   <div class='ocr_carea' id='block_1_11' title="bbox 393 918 1964 1007">
    <p class='ocr_par' dir='ltr' id='par_1_11' title="bbox 393 918 1964 1007">
     <span class='ocr_line' id='line_1_11' title="bbox 393 918 1964 1007; baseline 0.014 -37"><span class='ocrx_word' id='word_1_67' title='bbox 393 918 805 983; x_wconf 78' lang='grc' dir='ltr'>συντετάξονται</span> <span class='ocrx_word' id='word_1_68' title='bbox 846 927 960 986; x_wconf 80' lang='grc' dir='ltr'>τοῖς</span> <span class='ocrx_word' id='word_1_69' title='bbox 983 927 1377 997; x_wconf 82' lang='grc' dir='ltr'>ἁγνωμονοῦσι.</span> <span class='ocrx_word' id='word_1_70' title='bbox 1423 932 1496 985; x_wconf 80' lang='grc' dir='ltr'><strong>Σὺ</strong></span> <span class='ocrx_word' id='word_1_71' title='bbox 1521 934 1599 1000; x_wconf 81' lang='grc' dir='ltr'>δὲ,</span> <span class='ocrx_word' id='word_1_72' title='bbox 1633 929 1677 988; x_wconf 83' lang='grc' dir='ltr'><strong>ὦ</strong></span> <span class='ocrx_word' id='word_1_73' title='bbox 1710 937 1964 1007; x_wconf 76' lang='grc' dir='ltr'><strong>ἄνθρωπε</strong></span> 
     </span>
    </p>
   </div>
   <div class='ocr_carea' id='block_1_12' title="bbox 387 1009 1964 1100">
    <p class='ocr_par' dir='ltr' id='par_1_12' title="bbox 387 1009 1964 1100">
     <span class='ocr_line' id='line_1_12' title="bbox 387 1009 1964 1100; baseline 0.014 -39"><span class='ocrx_word' id='word_1_74' title='bbox 387 1011 482 1063; x_wconf 87' lang='grc' dir='ltr'><strong>τοῦ</strong></span> <span class='ocrx_word' id='word_1_75' title='bbox 516 1009 758 1083; x_wconf 85' lang='grc' dir='ltr'>Θεοῦ,μή</span> <span class='ocrx_word' id='word_1_76' title='bbox 789 1013 1008 1083; x_wconf 86' lang='grc' dir='ltr'>ἀκηδία,</span> <span class='ocrx_word' id='word_1_77' title='bbox 1037 1020 1172 1087; x_wconf 80' lang='grc' dir='ltr'>μηδὲ</span> <span class='ocrx_word' id='word_1_78' title='bbox 1196 1020 1254 1073; x_wconf 83' lang='grc' dir='ltr'><strong>τὸ</strong></span> <span class='ocrx_word' id='word_1_79' title='bbox 1284 1021 1488 1092; x_wconf 72' lang='grc' dir='ltr'>ὑψηλὸν</span> <span class='ocrx_word' id='word_1_80' title='bbox 1507 1027 1605 1093; x_wconf 83' lang='grc' dir='ltr'>τῆς</span> <span class='ocrx_word' id='word_1_81' title='bbox 1626 1027 1862 1094; x_wconf 82' lang='grc' dir='ltr'>διανοίας</span> <span class='ocrx_word' id='word_1_82' title='bbox 1886 1030 1964 1100; x_wconf 85' lang='grc' dir='ltr'>τῷ</span> 
     </span>
    </p>
   </div>
   <div class='ocr_carea' id='block_1_13' title="bbox 393 1100 1965 1186">
    <p class='ocr_par' dir='ltr' id='par_1_13' title="bbox 393 1100 1965 1186">
     <span class='ocr_line' id='line_1_13' title="bbox 393 1100 1965 1186; baseline 0.013 -34"><span class='ocrx_word' id='word_1_83' title='bbox 393 1100 560 1154; x_wconf 81' lang='grc' dir='ltr'>πάθει</span> <span class='ocrx_word' id='word_1_84' title='bbox 586 1104 1024 1177; x_wconf 77' lang='grc' dir='ltr'>καταδαπτίσῃς,</span> <span class='ocrx_word' id='word_1_85' title='bbox 1053 1109 1275 1179; x_wconf 81' lang='grc' dir='ltr'>ἀφορῶν</span> <span class='ocrx_word' id='word_1_86' title='bbox 1300 1113 1435 1182; x_wconf 82' lang='grc' dir='ltr'>πρὸς</span> <span class='ocrx_word' id='word_1_87' title='bbox 1456 1115 1554 1186; x_wconf 78' lang='grc' dir='ltr'>τὴν</span> <span class='ocrx_word' id='word_1_88' title='bbox 1574 1115 1724 1170; x_wconf 89' lang='grc' dir='ltr'>θείαν</span> <span class='ocrx_word' id='word_1_89' title='bbox 1745 1117 1965 1186; x_wconf 82' lang='grc' dir='ltr'>ἀντίλη-</span> 
     </span>
    </p>
   </div>
   <div class='ocr_carea' id='block_1_14' title="bbox 386 1194 1964 1280">
    <p class='ocr_par' dir='ltr' id='par_1_14' title="bbox 386 1194 1964 1280">
     <span class='ocr_line' id='line_1_14' title="bbox 386 1194 1964 1280; baseline 0.012 -34"><span class='ocrx_word' id='word_1_90' title='bbox 386 1194 504 1262; x_wconf 82' lang='grc' dir='ltr'>ψιν,</span> <span class='ocrx_word' id='word_1_91' title='bbox 529 1195 652 1264; x_wconf 65' lang='grc' dir='ltr'>ἣτις</span> <span class='ocrx_word' id='word_1_92' title='bbox 672 1195 930 1250; x_wconf 70' lang='grc' dir='ltr'>οὐδέποτε</span> <span class='ocrx_word' id='word_1_93' title='bbox 967 1201 1290 1256; x_wconf 79' lang='grc' dir='ltr'>καταλείπει</span> <span class='ocrx_word' id='word_1_94' title='bbox 1312 1207 1437 1269; x_wconf 81' lang='grc' dir='ltr'>τοὺς</span> <span class='ocrx_word' id='word_1_95' title='bbox 1463 1207 1598 1276; x_wconf 77' lang='grc' dir='ltr'>πρὸς</span> <span class='ocrx_word' id='word_1_96' title='bbox 1624 1210 1794 1280; x_wconf 82' lang='grc' dir='ltr'>αὐτὴν</span> <span class='ocrx_word' id='word_1_97' title='bbox 1829 1213 1964 1280; x_wconf 83' lang='grc' dir='ltr'>ἀφο-</span> 
     </span>
    </p>
   </div>
   <div class='ocr_carea' id='block_1_15' title="bbox 389 1283 1961 1372">
    <p class='ocr_par' dir='ltr' id='par_1_15' title="bbox 389 1283 1961 1372">
     <span class='ocr_line' id='line_1_15' title="bbox 389 1283 1961 1372; baseline 0.013 -38"><span class='ocrx_word' id='word_1_98' title='bbox 389 1283 621 1352; x_wconf 88' lang='grc' dir='ltr'>ρῶντας.</span> <span class='ocrx_word' id='word_1_99' title='bbox 660 1285 822 1340; x_wconf 79' lang='grc' dir='ltr'>Ἀλλὰ</span> <span class='ocrx_word' id='word_1_100' title='bbox 860 1287 971 1342; x_wconf 87' lang='grc' dir='ltr'><strong>τῶν</strong></span> <span class='ocrx_word' id='word_1_101' title='bbox 985 1291 1087 1358; x_wconf 75' lang='grc' dir='ltr'>μὲν</span> <span class='ocrx_word' id='word_1_102' title='bbox 1111 1293 1616 1365; x_wconf 83' lang='grc' dir='ltr'>ἀγνωμονησάντων</span> <span class='ocrx_word' id='word_1_103' title='bbox 1637 1299 1961 1372; x_wconf 85' lang='grc' dir='ltr'>ὐπερεύχου,</span> 
     </span>
    </p>
   </div>
   <div class='ocr_carea' id='block_1_16' title="bbox 386 1377 1960 1459">
    <p class='ocr_par' dir='ltr' id='par_1_16' title="bbox 386 1377 1960 1459">
     <span class='ocr_line' id='line_1_16' title="bbox 386 1377 1960 1459; baseline 0.013 -32"><span class='ocrx_word' id='word_1_104' title='bbox 386 1377 679 1448; x_wconf 79' lang='grc' dir='ltr'><strong>οἰκτείρων</strong></span> <span class='ocrx_word' id='word_1_105' title='bbox 704 1378 801 1447; x_wconf 80' lang='grc' dir='ltr'>τῆς</span> <span class='ocrx_word' id='word_1_106' title='bbox 825 1383 1023 1444; x_wconf 81' lang='grc' dir='ltr'>κακίας</span> <span class='ocrx_word' id='word_1_107' title='bbox 1046 1383 1245 1450; x_wconf 79' lang='grc' dir='ltr'>αὐτοὺς</span> <span class='ocrx_word' id='word_1_108' title='bbox 1266 1386 1342 1448; x_wconf 85' lang='grc' dir='ltr'>ὡς</span> <span class='ocrx_word' id='word_1_109' title='bbox 1367 1388 1657 1459; x_wconf 75' lang='grc' dir='ltr'>ἄνθρωπος</span> <span class='ocrx_word' id='word_1_110' title='bbox 1681 1393 1774 1445; x_wconf 88' lang='grc' dir='ltr'><strong>τοῦ</strong></span> <span class='ocrx_word' id='word_1_111' title='bbox 1801 1393 1960 1447; x_wconf 86' lang='grc' dir='ltr'>Θεοῦ·</span> 
     </span>
    </p>
   </div>
   <div class='ocr_carea' id='block_1_17' title="bbox 386 1466 1960 1554">
    <p class='ocr_par' dir='ltr' id='par_1_17' title="bbox 386 1466 1960 1554">
     <span class='ocr_line' id='line_1_17' title="bbox 386 1466 1960 1554; baseline 0.015 -38"><span class='ocrx_word' id='word_1_112' title='bbox 386 1466 484 1518; x_wconf 79' lang='grc' dir='ltr'><strong>ἐπὶ</strong></span> <span class='ocrx_word' id='word_1_113' title='bbox 508 1467 563 1518; x_wconf 81' lang='grc' dir='ltr'>δὲ</span> <span class='ocrx_word' id='word_1_114' title='bbox 590 1467 699 1520; x_wconf 86' lang='grc' dir='ltr'><strong>τῶν</strong></span> <span class='ocrx_word' id='word_1_115' title='bbox 749 1473 1129 1542; x_wconf 82' lang='grc' dir='ltr'>χρηστοτέρων</span> <span class='ocrx_word' id='word_1_116' title='bbox 1157 1476 1389 1531; x_wconf 76' lang='grc' dir='ltr'><strong>ἐλπίδων</strong></span> <span class='ocrx_word' id='word_1_117' title='bbox 1421 1481 1700 1534; x_wconf 72' lang='grc' dir='ltr'><strong>πεποιθότε</strong></span> <span class='ocrx_word' id='word_1_118' title='bbox 1731 1471 1960 1554; x_wconf 74' lang='grc' dir='ltr'>ἀνάϐηθι</span> 
     </span>
    </p>
   </div>
   <div class='ocr_carea' id='block_1_18' title="bbox 384 1555 1961 1644">
    <p class='ocr_par' dir='ltr' id='par_1_18' title="bbox 384 1555 1961 1644">
     <span class='ocr_line' id='line_1_18' title="bbox 384 1555 1961 1644; baseline 0.014 -36"><span class='ocrx_word' id='word_1_119' title='bbox 384 1555 652 1629; x_wconf 74' lang='grc' dir='ltr'>λογισμῷο</span> <span class='ocrx_word' id='word_1_120' title='bbox 679 1561 894 1626; x_wconf 85' lang='grc' dir='ltr'>πάντως</span> <span class='ocrx_word' id='word_1_121' title='bbox 918 1564 1026 1636; x_wconf 82' lang='grc' dir='ltr'><strong>γὰρ</strong></span> <span class='ocrx_word' id='word_1_122' title='bbox 1045 1567 1141 1619; x_wconf 73' lang='grc' dir='ltr'>σὺν</span> <span class='ocrx_word' id='word_1_123' title='bbox 1167 1570 1235 1638; x_wconf 75' lang='grc' dir='ltr'><strong>τῇ</strong></span> <span class='ocrx_word' id='word_1_124' title='bbox 1264 1568 1384 1640; x_wconf 76' lang='grc' dir='ltr'>θεία</span> <span class='ocrx_word' id='word_1_125' title='bbox 1409 1572 1666 1644; x_wconf 78' lang='grc' dir='ltr'><strong>εὐμενείᾳ</strong></span> <span class='ocrx_word' id='word_1_126' title='bbox 1692 1575 1802 1628; x_wconf 86' lang='grc' dir='ltr'><strong>τῶν</strong></span> <span class='ocrx_word' id='word_1_127' title='bbox 1823 1578 1961 1637; x_wconf 75' lang='grc' dir='ltr'>τέως</span> 
     </span>
    </p>
   </div>
   <div class='ocr_carea' id='block_1_19' title="bbox 380 1645 1960 1738">
    <p class='ocr_par' dir='ltr' id='par_1_19' title="bbox 380 1645 1960 1738">
     <span class='ocr_line' id='line_1_19' title="bbox 380 1645 1960 1738; baseline 0.013 -37"><span class='ocrx_word' id='word_1_128' title='bbox 380 1645 699 1707; x_wconf 75' lang='grc' dir='ltr'>λυπούντων</span> <span class='ocrx_word' id='word_1_129' title='bbox 725 1654 825 1724; x_wconf 81' lang='grc' dir='ltr'>τὴν</span> <span class='ocrx_word' id='word_1_130' title='bbox 856 1655 1001 1727; x_wconf 79' lang='grc' dir='ltr'>ζωὴν</span> <span class='ocrx_word' id='word_1_131' title='bbox 1030 1659 1183 1712; x_wconf 75' lang='grc' dir='ltr'>ἔσται</span> <span class='ocrx_word' id='word_1_132' title='bbox 1209 1660 1452 1725; x_wconf 78' lang='grc' dir='ltr'><strong>διάλυσις</strong></span> <span class='ocrx_word' id='word_1_133' title='bbox 1479 1666 1629 1734; x_wconf 71' lang='grc' dir='ltr'>παρὰ</span> <span class='ocrx_word' id='word_1_134' title='bbox 1660 1667 1756 1719; x_wconf 87' lang='grc' dir='ltr'><strong>τοῦ</strong></span> <span class='ocrx_word' id='word_1_135' title='bbox 1794 1668 1960 1738; x_wconf 83' lang='grc' dir='ltr'>μηδέ-</span> 
     </span>
    </p>
   </div>
   <div class='ocr_carea' id='block_1_20' title="bbox 2069 485 3643 562">
    <p class='ocr_par' dir='ltr' id='par_1_20' title="bbox 2069 485 3643 562">
     <span class='ocr_line' id='line_1_20' title="bbox 2069 485 3643 562; baseline 0.01 -26"><span class='ocrx_word' id='word_1_136' title='bbox 2069 493 2151 537; x_wconf 90' lang='lat' dir='ltr'><strong>est</strong></span> <span class='ocrx_word' id='word_1_137' title='bbox 2173 499 2343 552; x_wconf 90' lang='lat' dir='ltr'><strong>usque</strong></span> <span class='ocrx_word' id='word_1_138' title='bbox 2361 485 2426 539; x_wconf 90' lang='lat' dir='ltr'><strong>ad</strong></span> <span class='ocrx_word' id='word_1_139' title='bbox 2453 502 2615 540; x_wconf 86' lang='lat' dir='ltr'><strong>unum</strong></span> <span class='ocrx_word' id='word_1_140' title='bbox 2639 489 2680 542; x_wconf 83' lang='grc'><strong>³.</strong></span> <span class='ocrx_word' id='word_1_141' title='bbox 2704 509 2721 540; x_wconf 77' lang='grc' dir='ltr'><strong>ι</strong></span> <span class='ocrx_word' id='word_1_142' title='bbox 2751 489 2828 545; x_wconf 91' lang='lat' dir='ltr'><strong>llli</strong></span> <span class='ocrx_word' id='word_1_143' title='bbox 2853 500 3108 546; x_wconf 89' lang='lat' dir='ltr'><strong>autemet</strong></span> <span class='ocrx_word' id='word_1_144' title='bbox 3133 494 3566 562; x_wconf 81' lang='lat' dir='ltr'><strong>ingratitudincm</strong></span> <span class='ocrx_word' id='word_1_145' title='bbox 3588 507 3643 552; x_wconf 81' lang='lat' dir='ltr'><strong>et</strong></span> 
     </span>
    </p>
   </div>
   <div class='ocr_carea' id='block_1_21' title="bbox 2068 572 3633 651">
    <p class='ocr_par' dir='ltr' id='par_1_21' title="bbox 2068 572 3633 651">
     <span class='ocr_line' id='line_1_21' title="bbox 2068 572 3633 651; baseline 0.01 -25"><span class='ocrx_word' id='word_1_146' title='bbox 2068 572 2252 628; x_wconf 80' lang='lat' dir='ltr'><strong>forsan</strong></span> <span class='ocrx_word' id='word_1_147' title='bbox 2282 577 2489 629; x_wconf 91' lang='lat' dir='ltr'><strong>lucrum</strong></span> <span class='ocrx_word' id='word_1_148' title='bbox 2520 593 2759 647; x_wconf 66' lang='lat' dir='ltr'><strong>praesens</strong></span> <span class='ocrx_word' id='word_1_149' title='bbox 2782 582 3050 647; x_wconf 88' lang='lat' dir='ltr'><strong>sentient;</strong></span> <span class='ocrx_word' id='word_1_150' title='bbox 3083 584 3318 651; x_wconf 82' lang='lat' dir='ltr'><strong>.utique,</strong></span> <span class='ocrx_word' id='word_1_151' title='bbox 3357 586 3402 639; x_wconf 88' lang='lat' dir='ltr'><strong>si</strong></span> <span class='ocrx_word' id='word_1_152' title='bbox 3437 602 3544 641; x_wconf 90' lang='lat' dir='ltr'><strong>non</strong></span> <span class='ocrx_word' id='word_1_153' title='bbox 3580 590 3633 642; x_wconf 92' lang='lat' dir='ltr'><strong>in</strong></span> 
     </span>
    </p>
   </div>
   <div class='ocr_carea' id='block_1_22' title="bbox 2069 667 3642 745">
    <p class='ocr_par' dir='ltr' id='par_1_22' title="bbox 2069 667 3642 745">
     <span class='ocr_line' id='line_1_22' title="bbox 2069 667 3642 745; baseline 0.008 -26"><span class='ocrx_word' id='word_1_154' title='bbox 2069 668 2339 738; x_wconf 68' lang='lat' dir='ltr'><strong>praesenti,</strong></span> <span class='ocrx_word' id='word_1_155' title='bbox 2369 667 2610 738; x_wconf 81' lang='lat' dir='ltr'><strong>profecto</strong></span> <span class='ocrx_word' id='word_1_156' title='bbox 2673 671 2726 724; x_wconf 95' lang='lat' dir='ltr'><strong>in</strong></span> <span class='ocrx_word' id='word_1_157' title='bbox 2768 671 2950 727; x_wconf 83' lang='lat' dir='ltr'><strong>futuro</strong></span> <span class='ocrx_word' id='word_1_158' title='bbox 2975 675 3173 728; x_wconf 68' lang='lat' dir='ltr'><strong>saeculo</strong></span> <span class='ocrx_word' id='word_1_159' title='bbox 3211 676 3434 745; x_wconf 78' lang='lat' dir='ltr'><strong>ingratis</strong></span> <span class='ocrx_word' id='word_1_160' title='bbox 3467 694 3642 734; x_wconf 89' lang='lat' dir='ltr'><strong>annu-</strong></span> 
     </span>
    </p>
   </div>
   <div class='ocr_carea' id='block_1_23' title="bbox 2070 757 3643 828">
    <p class='ocr_par' dir='ltr' id='par_1_23' title="bbox 2070 757 3643 828">
     <span class='ocr_line' id='line_1_23' title="bbox 2070 757 3643 828; baseline 0.009 -19"><span class='ocrx_word' id='word_1_161' title='bbox 2070 757 2443 812; x_wconf 87' lang='lat' dir='ltr'><strong>merabuntur.</strong></span> <span class='ocrx_word' id='word_1_162' title='bbox 2483 758 2562 812; x_wconf 83' lang='lat' dir='ltr'><strong>Tu</strong></span> <span class='ocrx_word' id='word_1_163' title='bbox 2597 774 2744 825; x_wconf 86' lang='lat' dir='ltr'><strong>vero,</strong></span> <span class='ocrx_word' id='word_1_164' title='bbox 2777 777 2810 816; x_wconf 95' lang='lat' dir='ltr'><strong>o</strong></span> <span class='ocrx_word' id='word_1_165' title='bbox 2843 765 3006 816; x_wconf 89' lang='lat' dir='ltr'><strong>homo</strong></span> <span class='ocrx_word' id='word_1_166' title='bbox 3035 763 3148 828; x_wconf 90' lang='lat' dir='ltr'><strong>Dei,</strong></span> <span class='ocrx_word' id='word_1_167' title='bbox 3183 781 3281 819; x_wconf 90' lang='lat' dir='ltr'><strong>nec</strong></span> <span class='ocrx_word' id='word_1_168' title='bbox 3315 766 3503 820; x_wconf 85' lang='lat' dir='ltr'><strong>acedia</strong></span> <span class='ocrx_word' id='word_1_169' title='bbox 3544 783 3643 824; x_wconf 87' lang='lat' dir='ltr'><strong>nec</strong></span> 
     </span>
    </p>
   </div>
   <div class='ocr_carea' id='block_1_24' title="bbox 2069 849 3636 924">
    <p class='ocr_par' dir='ltr' id='par_1_24' title="bbox 2069 849 3636 924">
     <span class='ocr_line' id='line_1_24' title="bbox 2069 849 3636 924; baseline 0.008 -23"><span class='ocrx_word' id='word_1_170' title='bbox 2069 849 2326 903; x_wconf 83' lang='lat' dir='ltr'><strong>mcestitia</strong></span> <span class='ocrx_word' id='word_1_171' title='bbox 2382 851 2626 905; x_wconf 88' lang='lat' dir='ltr'><strong>animum</strong></span> <span class='ocrx_word' id='word_1_172' title='bbox 2684 864 2835 906; x_wconf 88' lang='lat' dir='ltr'><strong>tuum</strong></span> <span class='ocrx_word' id='word_1_173' title='bbox 2889 855 3206 924; x_wconf 88' lang='lat' dir='ltr'><strong>deprimas,</strong></span> <span class='ocrx_word' id='word_1_174' title='bbox 3263 859 3328 910; x_wconf 88' lang='lat' dir='ltr'><strong>ad</strong></span> <span class='ocrx_word' id='word_1_175' title='bbox 3396 858 3636 913; x_wconf 82' lang='lat' dir='ltr'><strong>divinam</strong></span> 
     </span>
    </p>
   </div>
   <div class='ocr_carea' id='block_1_25' title="bbox 2065 941 3642 1017">
    <p class='ocr_par' dir='ltr' id='par_1_25' title="bbox 2065 941 3642 1017">
     <span class='ocr_line' id='line_1_25' title="bbox 2065 941 3642 1017; baseline 0.008 -26"><span class='ocrx_word' id='word_1_176' title='bbox 2065 947 2246 993; x_wconf 75' lang='lat' dir='ltr'><strong>autem</strong></span> <span class='ocrx_word' id='word_1_177' title='bbox 2275 941 2509 1010; x_wconf 81' lang='lat' dir='ltr'><strong>aspicias</strong></span> <span class='ocrx_word' id='word_1_178' title='bbox 2541 944 3059 1010; x_wconf 79' lang='lat' dir='ltr'><strong>remunerationem,</strong></span> <span class='ocrx_word' id='word_1_179' title='bbox 3087 963 3206 1017; x_wconf 65' lang='lat' dir='ltr'><strong>qua:</strong></span> <span class='ocrx_word' id='word_1_180' title='bbox 3225 951 3642 1017; x_wconf 76' lang='lat' dir='ltr'><strong>expectantibus</strong></span> 
     </span>
    </p>
   </div>
   <div class='ocr_carea' id='block_1_26' title="bbox 2065 1027 3641 1111">
    <p class='ocr_par' dir='ltr' id='par_1_26' title="bbox 2065 1027 3641 1111">
     <span class='ocr_line' id='line_1_26' title="bbox 2065 1027 3641 1111; baseline 0.008 -29"><span class='ocrx_word' id='word_1_181' title='bbox 2065 1027 2208 1082; x_wconf 87' lang='lat' dir='ltr'><strong>illam</strong></span> <span class='ocrx_word' id='word_1_182' title='bbox 2238 1046 2514 1100; x_wconf 85' lang='lat' dir='ltr'><strong>nunquam</strong></span> <span class='ocrx_word' id='word_1_183' title='bbox 2547 1032 2780 1088; x_wconf 87' lang='lat' dir='ltr'><strong>deﬁciet.</strong></span> <span class='ocrx_word' id='word_1_184' title='bbox 2827 1035 2930 1089; x_wconf 85' lang='lat' dir='ltr'><strong>Pro</strong></span> <span class='ocrx_word' id='word_1_185' title='bbox 2957 1037 3192 1104; x_wconf 82' lang='lat' dir='ltr'><strong>ingratis</strong></span> <span class='ocrx_word' id='word_1_186' title='bbox 3221 1040 3472 1096; x_wconf 84' lang='lat' dir='ltr'><strong>el&#39;l&#39;undas</strong></span> <span class='ocrx_word' id='word_1_187' title='bbox 3514 1058 3641 1111; x_wconf 90' lang='lat' dir='ltr'><strong>pre-</strong></span> 
     </span>
    </p>
   </div>
   <div class='ocr_carea' id='block_1_27' title="bbox 2065 1123 3635 1192">
    <p class='ocr_par' dir='ltr' id='par_1_27' title="bbox 2065 1123 3635 1192">
     <span class='ocr_line' id='line_1_27' title="bbox 2065 1123 3635 1192; baseline 0.008 -19"><span class='ocrx_word' id='word_1_188' title='bbox 2065 1133 2156 1174; x_wconf 82' lang='lat' dir='ltr'><strong>ces</strong></span> <span class='ocrx_word' id='word_1_189' title='bbox 2184 1131 2237 1174; x_wconf 88' lang='lat' dir='ltr'><strong>et</strong></span> <span class='ocrx_word' id='word_1_190' title='bbox 2276 1135 2399 1175; x_wconf 87' lang='lat' dir='ltr'><strong>cum</strong></span> <span class='ocrx_word' id='word_1_191' title='bbox 2437 1124 2514 1177; x_wconf 90' lang='lat' dir='ltr'><strong>sis</strong></span> <span class='ocrx_word' id='word_1_192' title='bbox 2563 1123 2725 1178; x_wconf 92' lang='lat' dir='ltr'><strong>homo</strong></span> <span class='ocrx_word' id='word_1_193' title='bbox 2772 1125 2889 1192; x_wconf 90' lang='lat' dir='ltr'><strong>Dei,</strong></span> <span class='ocrx_word' id='word_1_194' title='bbox 2927 1128 3143 1182; x_wconf 88' lang='lat' dir='ltr'><strong>illorum</strong></span> <span class='ocrx_word' id='word_1_195' title='bbox 3189 1132 3409 1186; x_wconf 62' lang='lat' dir='ltr'><strong>malitiae</strong></span> <span class='ocrx_word' id='word_1_196' title='bbox 3443 1143 3494 1186; x_wconf 90' lang='lat' dir='ltr'><strong>te</strong></span> <span class='ocrx_word' id='word_1_197' title='bbox 3535 1134 3635 1186; x_wconf 90' lang='lat' dir='ltr'><strong>mi-</strong></span> 
     </span>
    </p>
   </div>
   <div class='ocr_carea' id='block_1_28' title="bbox 2065 1212 3633 1285">
    <p class='ocr_par' dir='ltr' id='par_1_28' title="bbox 2065 1212 3633 1285">
     <span class='ocr_line' id='line_1_28' title="bbox 2065 1212 3633 1285; baseline 0.01 -22"><span class='ocrx_word' id='word_1_198' title='bbox 2065 1219 2276 1276; x_wconf 85' lang='lat' dir='ltr'><strong>sereat;</strong></span> <span class='ocrx_word' id='word_1_199' title='bbox 2308 1212 2646 1268; x_wconf 88' lang='lat' dir='ltr'><strong>conﬁdenter</strong></span> <span class='ocrx_word' id='word_1_200' title='bbox 2670 1216 2735 1269; x_wconf 89' lang='lat' dir='ltr'><strong>ad</strong></span> <span class='ocrx_word' id='word_1_201' title='bbox 2768 1231 2916 1285; x_wconf 90' lang='lat' dir='ltr'><strong>spem</strong></span> <span class='ocrx_word' id='word_1_202' title='bbox 2967 1221 3250 1275; x_wconf 88' lang='lat' dir='ltr'><strong>meliorem</strong></span> <span class='ocrx_word' id='word_1_203' title='bbox 3283 1240 3404 1276; x_wconf 85' lang='lat' dir='ltr'><strong>cum</strong></span> <span class='ocrx_word' id='word_1_204' title='bbox 3441 1225 3633 1280; x_wconf 89' lang='lat' dir='ltr'><strong>ﬁducia</strong></span> 
     </span>
    </p>
   </div>
   <div class='ocr_carea' id='block_1_29' title="bbox 2066 1300 3630 1382">
    <p class='ocr_par' dir='ltr' id='par_1_29' title="bbox 2066 1300 3630 1382">
     <span class='ocr_line' id='line_1_29' title="bbox 2066 1300 3630 1382; baseline 0.01 -29"><span class='ocrx_word' id='word_1_205' title='bbox 2066 1300 2305 1370; x_wconf 81' lang='lat' dir='ltr'><strong>refugias</strong></span> <span class='ocrx_word' id='word_1_206' title='bbox 2335 1319 2351 1356; x_wconf 88' lang='lat'><strong>:</strong></span> <span class='ocrx_word' id='word_1_207' title='bbox 2384 1305 2566 1358; x_wconf 89' lang='lat' dir='ltr'><strong>divina</strong></span> <span class='ocrx_word' id='word_1_208' title='bbox 2606 1309 2752 1361; x_wconf 86' lang='lat' dir='ltr'><strong>enim</strong></span> <span class='ocrx_word' id='word_1_209' title='bbox 2783 1309 3197 1380; x_wconf 79' lang='lat' dir='ltr'><strong>benignitatem</strong></span> <span class='ocrx_word' id='word_1_210' title='bbox 3227 1324 3285 1367; x_wconf 94' lang='lat' dir='ltr'><strong>ut</strong></span> <span class='ocrx_word' id='word_1_211' title='bbox 3311 1316 3400 1382; x_wconf 90' lang='lat' dir='ltr'><strong>qui</strong></span> <span class='ocrx_word' id='word_1_212' title='bbox 3439 1321 3539 1371; x_wconf 91' lang='lat' dir='ltr'><strong>hac</strong></span> <span class='ocrx_word' id='word_1_213' title='bbox 3578 1317 3630 1370; x_wconf 91' lang='lat' dir='ltr'><strong>in</strong></span> 
     </span>
    </p>
   </div>
   <div class='ocr_carea' id='block_1_30' title="bbox 2067 1393 3632 1474">
    <p class='ocr_par' dir='ltr' id='par_1_30' title="bbox 2067 1393 3632 1474">
     <span class='ocr_line' id='line_1_30' title="bbox 2067 1393 3632 1474; baseline 0.013 -30"><span class='ocrx_word' id='word_1_214' title='bbox 2067 1393 2175 1447; x_wconf 86' lang='lat' dir='ltr'><strong>vita</strong></span> <span class='ocrx_word' id='word_1_215' title='bbox 2215 1393 2554 1462; x_wconf 82' lang='lat' dir='ltr'><strong>amiguntur,</strong></span> <span class='ocrx_word' id='word_1_216' title='bbox 2580 1412 2608 1449; x_wconf 90' lang='lat' dir='ltr'><strong>a</strong></span> <span class='ocrx_word' id='word_1_217' title='bbox 2642 1399 2785 1452; x_wconf 84' lang='lat' dir='ltr'><strong>malo</strong></span> <span class='ocrx_word' id='word_1_218' title='bbox 2808 1400 3110 1456; x_wconf 79' lang='lat' dir='ltr'><strong>liberentur</strong></span> <span class='ocrx_word' id='word_1_219' title='bbox 3135 1420 3162 1457; x_wconf 86' lang='lat' dir='ltr'><strong>a</strong></span> <span class='ocrx_word' id='word_1_220' title='bbox 3192 1403 3296 1459; x_wconf 81' lang='lat' dir='ltr'><strong>Deo</strong></span> <span class='ocrx_word' id='word_1_221' title='bbox 3321 1407 3412 1474; x_wconf 90' lang='lat' dir='ltr'><strong>qui</strong></span> <span class='ocrx_word' id='word_1_222' title='bbox 3443 1423 3632 1464; x_wconf 85' lang='lat' dir='ltr'><strong>servos</strong></span> 
     </span>
    </p>
   </div>
   <div class='ocr_carea' id='block_1_31' title="bbox 2063 1485 3627 1572">
    <p class='ocr_par' dir='ltr' id='par_1_31' title="bbox 2063 1485 3627 1572">
     <span class='ocr_line' id='line_1_31' title="bbox 2063 1485 3627 1572; baseline 0.013 -34"><span class='ocrx_word' id='word_1_223' title='bbox 2063 1497 2191 1540; x_wconf 84' lang='lat' dir='ltr'><strong>suos</strong></span> <span class='ocrx_word' id='word_1_224' title='bbox 2224 1485 2486 1539; x_wconf 80' lang='lat' dir='ltr'><strong>confundi</strong></span> <span class='ocrx_word' id='word_1_225' title='bbox 2531 1502 2638 1541; x_wconf 91' lang='lat' dir='ltr'><strong>non</strong></span> <span class='ocrx_word' id='word_1_226' title='bbox 2696 1490 2848 1545; x_wconf 85' lang='lat' dir='ltr'><strong>sinit.</strong></span> <span class='ocrx_word' id='word_1_227' title='bbox 2889 1491 3044 1558; x_wconf 88' lang='lat' dir='ltr'><strong>Quod</strong></span> <span class='ocrx_word' id='word_1_228' title='bbox 3101 1505 3281 1552; x_wconf 85' lang='lat' dir='ltr'><strong>autem</strong></span> <span class='ocrx_word' id='word_1_229' title='bbox 3344 1500 3627 1572; x_wconf 85' lang='lat' dir='ltr'><strong>hucusque</strong></span> 
     </span>
    </p>
   </div>
   <div class='ocr_carea' id='block_1_32' title="bbox 2063 1577 3622 1658">
    <p class='ocr_par' dir='ltr' id='par_1_32' title="bbox 2063 1577 3622 1658">
     <span class='ocr_line' id='line_1_32' title="bbox 2063 1577 3622 1658; baseline 0.013 -29"><span class='ocrx_word' id='word_1_230' title='bbox 2063 1591 2163 1630; x_wconf 88' lang='lat' dir='ltr'><strong>nos</strong></span> <span class='ocrx_word' id='word_1_231' title='bbox 2195 1591 2301 1630; x_wconf 93' lang='lat' dir='ltr'><strong>non</strong></span> <span class='ocrx_word' id='word_1_232' title='bbox 2354 1577 2628 1645; x_wconf 84' lang='lat' dir='ltr'><strong>inviseris,</strong></span> <span class='ocrx_word' id='word_1_233' title='bbox 2686 1583 2824 1636; x_wconf 86' lang='lat' dir='ltr'><strong>scito</strong></span> <span class='ocrx_word' id='word_1_234' title='bbox 2856 1599 2953 1639; x_wconf 90' lang='lat' dir='ltr'><strong>nos</strong></span> <span class='ocrx_word' id='word_1_235' title='bbox 3001 1586 3095 1640; x_wconf 87' lang='lat' dir='ltr'><strong>tibi</strong></span> <span class='ocrx_word' id='word_1_236' title='bbox 3146 1589 3420 1646; x_wconf 89' lang='lat' dir='ltr'><strong>subiratos</strong></span> <span class='ocrx_word' id='word_1_237' title='bbox 3464 1609 3622 1658; x_wconf 89' lang='lat' dir='ltr'><strong>esse;</strong></span> 
     </span>
    </p>
   </div>
   <div class='ocr_carea' id='block_1_33' title="bbox 2064 1669 3623 1744">
    <p class='ocr_par' dir='ltr' id='par_1_33' title="bbox 2064 1669 3623 1744">
     <span class='ocr_line' id='line_1_33' title="bbox 2064 1669 3623 1744; baseline 0.01 -24"><span class='ocrx_word' id='word_1_238' title='bbox 2064 1676 2195 1737; x_wconf 87' lang='lat' dir='ltr'><strong>puto</strong></span> <span class='ocrx_word' id='word_1_239' title='bbox 2222 1677 2276 1723; x_wconf 78' lang='lat' dir='ltr'><strong>te</strong></span> <span class='ocrx_word' id='word_1_240' title='bbox 2304 1669 2447 1724; x_wconf 81' lang='lat' dir='ltr'><strong>haud</strong></span> <span class='ocrx_word' id='word_1_241' title='bbox 2474 1672 2699 1725; x_wconf 88' lang='lat' dir='ltr'><strong>oblitum</strong></span> <span class='ocrx_word' id='word_1_242' title='bbox 2723 1689 2863 1739; x_wconf 86' lang='lat' dir='ltr'><strong>esse,</strong></span> <span class='ocrx_word' id='word_1_243' title='bbox 2894 1677 3036 1744; x_wconf 90' lang='lat' dir='ltr'><strong>quod</strong></span> <span class='ocrx_word' id='word_1_244' title='bbox 3059 1675 3400 1733; x_wconf 82' lang='lat' dir='ltr'><strong>Nativitatem</strong></span> <span class='ocrx_word' id='word_1_245' title='bbox 3425 1680 3623 1738; x_wconf 80' lang='lat' dir='ltr'><strong>Christi</strong></span> 
     </span>
    </p>
   </div>
   <div class='ocr_carea' id='block_1_34' title="bbox 380 1737 1942 1838">
    <p class='ocr_par' dir='ltr' id='par_1_34' title="bbox 380 1743 1942 1826">
     <span class='ocr_line' id='line_1_34' title="bbox 380 1743 1942 1826; baseline 0.012 -37"><span class='ocrx_word' id='word_1_246' title='bbox 380 1755 512 1790; x_wconf 88' lang='grc' dir='ltr'>ποτε</span> <span class='ocrx_word' id='word_1_247' title='bbox 543 1743 993 1812; x_wconf 71' lang='grc' dir='ltr'>καταισχύνοντας</span> <span class='ocrx_word' id='word_1_248' title='bbox 1021 1745 1161 1800; x_wconf 85' lang='grc' dir='ltr'>Θεοῦ</span> <span class='ocrx_word' id='word_1_249' title='bbox 1208 1752 1338 1813; x_wconf 84' lang='grc' dir='ltr'>τοὺς</span> <span class='ocrx_word' id='word_1_250' title='bbox 1393 1753 1630 1818; x_wconf 78' lang='grc' dir='ltr'><strong>οἰκείους</strong></span> <span class='ocrx_word' id='word_1_251' title='bbox 1688 1755 1942 1826; x_wconf 83' lang='grc' dir='ltr'>θεράπον-</span> 
     </span>
    </p>
   </div>
   <div class='ocr_carea' id='block_1_35' title="bbox 2044 1737 3627 1838">
    <p class='ocr_par' dir='ltr' id='par_1_35' title="bbox 2063 1737 3627 1838">
     <span class='ocr_line' id='line_1_35' title="bbox 2063 1737 3627 1838; baseline 0.012 -27"><span class='ocrx_word' id='word_1_252' title='bbox 2063 1757 2151 1812; x_wconf 88' lang='lat' dir='ltr'><strong>Dei</strong></span> <span class='ocrx_word' id='word_1_253' title='bbox 2213 1759 2432 1815; x_wconf 80' lang='lat' dir='ltr'><strong>abeunti</strong></span> <span class='ocrx_word' id='word_1_254' title='bbox 2481 1762 2574 1815; x_wconf 89' lang='lat' dir='ltr'><strong>tibi</strong></span> <span class='ocrx_word' id='word_1_255' title='bbox 2612 1764 2745 1825; x_wconf 78' lang='lat' dir='ltr'><strong>dixi.</strong></span> <span class='ocrx_word' id='word_1_256' title='bbox 2801 1737 3042 1821; x_wconf 46' lang='lat' dir='ltr'><strong>non-nisi</strong></span> <span class='ocrx_word' id='word_1_257' title='bbox 3077 1778 3128 1822; x_wconf 89' lang='lat' dir='ltr'><strong>te</strong></span> <span class='ocrx_word' id='word_1_258' title='bbox 3172 1780 3434 1838; x_wconf 47' lang='lat' dir='ltr'><strong>praesente</strong></span> <span class='ocrx_word' id='word_1_259' title='bbox 3487 1773 3627 1828; x_wconf 90' lang='lat' dir='ltr'><strong>cele-</strong></span> 
     </span>
    </p>
   </div>
   <div class='ocr_carea' id='block_1_36' title="bbox 379 1833 1955 1921">
    <p class='ocr_par' dir='ltr' id='par_1_36' title="bbox 379 1833 1955 1921">
     <span class='ocr_line' id='line_1_36' title="bbox 379 1833 1955 1921; baseline 0.014 -39"><span class='ocrx_word' id='word_1_260' title='bbox 379 1849 500 1893; x_wconf 84' lang='grc' dir='ltr'>τας.</span> <span class='ocrx_word' id='word_1_261' title='bbox 527 1833 660 1903; x_wconf 79' lang='grc' dir='ltr'>Περὶ</span> <span class='ocrx_word' id='word_1_262' title='bbox 689 1835 746 1889; x_wconf 79' lang='grc' dir='ltr'>δὲ</span> <span class='ocrx_word' id='word_1_263' title='bbox 780 1839 878 1908; x_wconf 86' lang='grc' dir='ltr'>τῆς</span> <span class='ocrx_word' id='word_1_264' title='bbox 935 1840 1093 1910; x_wconf 83' lang='grc' dir='ltr'>ὑμῶν</span> <span class='ocrx_word' id='word_1_265' title='bbox 1124 1844 1332 1898; x_wconf 84' lang='grc' dir='ltr'><strong>εἰσόδου</strong></span> <span class='ocrx_word' id='word_1_266' title='bbox 1381 1846 1462 1900; x_wconf 83' lang='grc' dir='ltr'>ὅτι</span> <span class='ocrx_word' id='word_1_267' title='bbox 1504 1849 1598 1901; x_wconf 61' lang='grc' dir='ltr'><strong>καὶ⁹</strong></span> <span class='ocrx_word' id='word_1_268' title='bbox 1646 1851 1808 1921; x_wconf 81' lang='grc' dir='ltr'>μέχρι</span> <span class='ocrx_word' id='word_1_269' title='bbox 1859 1851 1955 1904; x_wconf 90' lang='grc' dir='ltr'><strong>τοῦ</strong></span> 
     </span>
    </p>
   </div>
   <div class='ocr_carea' id='block_1_37' title="bbox 379 1923 1954 2010">
    <p class='ocr_par' dir='ltr' id='par_1_37' title="bbox 379 1923 1954 2010">
     <span class='ocr_line' id='line_1_37' title="bbox 379 1923 1954 2010; baseline 0.014 -38"><span class='ocrx_word' id='word_1_270' title='bbox 379 1923 648 1992; x_wconf 68' lang='grc' dir='ltr'>παρόντος</span> <span class='ocrx_word' id='word_1_271' title='bbox 675 1927 737 1978; x_wconf 85' lang='grc' dir='ltr'>οὐ</span> <span class='ocrx_word' id='word_1_272' title='bbox 776 1929 1021 1998; x_wconf 81' lang='grc' dir='ltr'>γέγονεν,</span> <span class='ocrx_word' id='word_1_273' title='bbox 1077 1933 1184 1986; x_wconf 77' lang='grc' dir='ltr'>ἴσθι</span> <span class='ocrx_word' id='word_1_274' title='bbox 1226 1934 1637 2006; x_wconf 82' lang='grc' dir='ltr'>λελυπημένους</span> <span class='ocrx_word' id='word_1_275' title='bbox 1686 1943 1835 2010; x_wconf 82' lang='grc' dir='ltr'>ἡμᾶς</span> <span class='ocrx_word' id='word_1_276' title='bbox 1863 1942 1954 1994; x_wconf 76' lang='grc' dir='ltr'><strong>ἐπὶ</strong></span> 
     </span>
    </p>
   </div>
   <div class='ocr_carea' id='block_1_38' title="bbox 378 2014 1952 2104">
    <p class='ocr_par' dir='ltr' id='par_1_38' title="bbox 378 2014 1952 2104">
     <span class='ocr_line' id='line_1_38' title="bbox 378 2014 1952 2104; baseline 0.014 -39"><span class='ocrx_word' id='word_1_277' title='bbox 378 2014 483 2068; x_wconf 83' lang='grc' dir='ltr'>σοί.</span> <span class='ocrx_word' id='word_1_278' title='bbox 524 2015 694 2087; x_wconf 83' lang='grc' dir='ltr'>Οἶμαι</span> <span class='ocrx_word' id='word_1_279' title='bbox 731 2021 842 2091; x_wconf 79' lang='grc' dir='ltr'>γὰρ</span> <span class='ocrx_word' id='word_1_280' title='bbox 888 2024 964 2094; x_wconf 81' lang='grc' dir='ltr'>μὴ</span> <span class='ocrx_word' id='word_1_281' title='bbox 1033 2026 1382 2098; x_wconf 81' lang='grc' dir='ltr'>ἐπιλελῆσθαί</span> <span class='ocrx_word' id='word_1_282' title='bbox 1447 2049 1528 2098; x_wconf 88' lang='grc' dir='ltr'><strong>σε,</strong></span> <span class='ocrx_word' id='word_1_283' title='bbox 1597 2034 1680 2086; x_wconf 84' lang='grc' dir='ltr'>ὅτι</span> <span class='ocrx_word' id='word_1_284' title='bbox 1725 2034 1952 2104; x_wconf 79' lang='grc' dir='ltr'>προσεί-</span> 
     </span>
    </p>
   </div>
   <div class='ocr_carea' id='block_1_39' title="bbox 377 2109 1950 2192">
    <p class='ocr_par' dir='ltr' id='par_1_39' title="bbox 377 2109 1950 2192">
     <span class='ocr_line' id='line_1_39' title="bbox 377 2109 1950 2192; baseline 0.013 -34"><span class='ocrx_word' id='word_1_285' title='bbox 377 2123 569 2176; x_wconf 79' lang='grc' dir='ltr'>πωμεν</span> <span class='ocrx_word' id='word_1_286' title='bbox 601 2109 798 2175; x_wconf 69' lang='grc' dir='ltr'>ιξιόντι</span> <span class='ocrx_word' id='word_1_287' title='bbox 832 2131 934 2179; x_wconf 87' lang='grc' dir='ltr'>σοι,</span> <span class='ocrx_word' id='word_1_288' title='bbox 972 2116 1069 2187; x_wconf 82' lang='grc' dir='ltr'>τὴν</span> <span class='ocrx_word' id='word_1_289' title='bbox 1096 2119 1358 2190; x_wconf 84' lang='grc' dir='ltr'>Γέννησιν</span> <span class='ocrx_word' id='word_1_290' title='bbox 1407 2123 1646 2192; x_wconf 77' lang='grc' dir='ltr'>Χριστοῦ</span> <span class='ocrx_word' id='word_1_291' title='bbox 1685 2125 1780 2177; x_wconf 85' lang='grc' dir='ltr'><strong>τοῦ</strong></span> <span class='ocrx_word' id='word_1_292' title='bbox 1815 2124 1950 2178; x_wconf 84' lang='grc' dir='ltr'>Θεοῦ</span> 
     </span>
    </p>
   </div>
   <div class='ocr_carea' id='block_1_40' title="bbox 374 2198 1942 2281">
    <p class='ocr_par' dir='ltr' id='par_1_40' title="bbox 374 2198 1942 2281">
     <span class='ocr_line' id='line_1_40' title="bbox 374 2198 1942 2281; baseline 0.004 -17"><span class='ocrx_word' id='word_1_293' title='bbox 374 2198 553 2266; x_wconf 71' lang='grc' dir='ltr'>ἡμῶν,</span> <span class='ocrx_word' id='word_1_294' title='bbox 580 2199 658 2271; x_wconf 71' lang='grc' dir='ltr'><strong>μὴ</strong></span> <span class='ocrx_word' id='word_1_295' title='bbox 691 2206 860 2274; x_wconf 77' lang='grc' dir='ltr'><strong>κωρ’ῑς</strong></span> <span class='ocrx_word' id='word_1_296' title='bbox 887 2207 989 2277; x_wconf 79' lang='grc' dir='ltr'><strong>τῆς</strong></span> <span class='ocrx_word' id='word_1_297' title='bbox 1026 2207 1148 2278; x_wconf 84' lang='grc' dir='ltr'>μεθ’</span> <span class='ocrx_word' id='word_1_298' title='bbox 1185 2213 1345 2281; x_wconf 79' lang='grc' dir='ltr'>ἡμῶν</span> <span class='ocrx_word' id='word_1_299' title='bbox 1370 2216 1656 2278; x_wconf 76' lang='grc' dir='ltr'>συνουσίας</span> <span class='ocrx_word' id='word_1_300' title='bbox 1681 2217 1942 2274; x_wconf 76' lang='grc' dir='ltr'>τελέσειν.</span> 
     </span>
    </p>
   </div>
   <div class='ocr_carea' id='block_1_41' title="bbox 385 2289 1949 2381">
    <p class='ocr_par' dir='ltr' id='par_1_41' title="bbox 385 2289 1949 2381">
     <span class='ocr_line' id='line_1_41' title="bbox 385 2289 1949 2381; baseline 0.017 -40"><span class='ocrx_word' id='word_1_301' title='bbox 385 2289 539 2344; x_wconf 71' lang='grc' dir='ltr'><strong>Ἐπεὶ</strong></span> <span class='ocrx_word' id='word_1_302' title='bbox 569 2292 625 2345; x_wconf 74' lang='grc' dir='ltr'>δὲ</span> <span class='ocrx_word' id='word_1_303' title='bbox 653 2295 811 2348; x_wconf 87' lang='grc' dir='ltr'>τοῦτο</span> <span class='ocrx_word' id='word_1_304' title='bbox 848 2298 922 2369; x_wconf 79' lang='grc' dir='ltr'>μὴ</span> <span class='ocrx_word' id='word_1_305' title='bbox 952 2300 1166 2369; x_wconf 83' lang='grc' dir='ltr'>γέγονε,</span> <span class='ocrx_word' id='word_1_306' title='bbox 1198 2303 1339 2367; x_wconf 73' lang='grc' dir='ltr'>τέως</span> <span class='ocrx_word' id='word_1_307' title='bbox 1361 2306 1426 2376; x_wconf 76' lang='grc' dir='ltr'>ἢν</span> <span class='ocrx_word' id='word_1_308' title='bbox 1452 2307 1545 2359; x_wconf 90' lang='grc' dir='ltr'><strong>νῦν</strong></span> <span class='ocrx_word' id='word_1_309' title='bbox 1583 2308 1640 2362; x_wconf 83' lang='grc' dir='ltr'>ἐν</span> <span class='ocrx_word' id='word_1_310' title='bbox 1661 2308 1739 2377; x_wconf 86' lang='grc' dir='ltr'>τῷ</span> <span class='ocrx_word' id='word_1_311' title='bbox 1765 2310 1949 2381; x_wconf 82' lang='grc' dir='ltr'>γράμ-</span> 
     </span>
    </p>
   </div>
   <div class='ocr_carea' id='block_1_42' title="bbox 372 2388 1946 2470">
    <p class='ocr_par' dir='ltr' id='par_1_42' title="bbox 372 2388 1946 2470">
     <span class='ocr_line' id='line_1_42' title="bbox 372 2388 1946 2470; baseline 0.012 -35"><span class='ocrx_word' id='word_1_312' title='bbox 372 2400 504 2451; x_wconf 87' lang='grc' dir='ltr'>ματι</span> <span class='ocrx_word' id='word_1_313' title='bbox 539 2388 886 2459; x_wconf 73' lang='grc' dir='ltr'>προθεσμίαν</span> <span class='ocrx_word' id='word_1_314' title='bbox 919 2393 1162 2464; x_wconf 79' lang='grc' dir='ltr'>παρέθου</span> <span class='ocrx_word' id='word_1_315' title='bbox 1199 2396 1273 2466; x_wconf 78' lang='grc' dir='ltr'>μὴ</span> <span class='ocrx_word' id='word_1_316' title='bbox 1299 2397 1586 2470; x_wconf 74' lang='grc' dir='ltr'>διαψεύσῃ·</span> <span class='ocrx_word' id='word_1_317' title='bbox 1621 2399 1740 2453; x_wconf 81' lang='grc' dir='ltr'>ἀλλ’</span> <span class='ocrx_word' id='word_1_318' title='bbox 1771 2400 1825 2452; x_wconf 77' lang='grc' dir='ltr'><strong>εἴ</strong></span> <span class='ocrx_word' id='word_1_319' title='bbox 1881 2419 1946 2470; x_wconf 90' lang='grc' dir='ltr'>γε</span> 
     </span>
    </p>
   </div>
   <div class='ocr_carea' id='block_1_43' title="bbox 365 2474 1946 2563">
    <p class='ocr_par' dir='ltr' id='par_1_43' title="bbox 365 2474 1946 2563">
     <span class='ocr_line' id='line_1_43' title="bbox 365 2474 1946 2563; baseline 0.012 -36"><span class='ocrx_word' id='word_1_320' title='bbox 365 2474 448 2544; x_wconf 82' lang='grc' dir='ltr'>τῷ</span> <span class='ocrx_word' id='word_1_321' title='bbox 477 2478 700 2547; x_wconf 88' lang='grc' dir='ltr'>παρόντι</span> <span class='ocrx_word' id='word_1_322' title='bbox 731 2482 830 2553; x_wconf 86' lang='grc' dir='ltr'>βίῳ</span> <span class='ocrx_word' id='word_1_323' title='bbox 869 2483 988 2555; x_wconf 87' lang='grc' dir='ltr'>Θεῷ</span> <span class='ocrx_word' id='word_1_324' title='bbox 1029 2488 1359 2556; x_wconf 79' lang='grc' dir='ltr'>κεκριμένον</span> <span class='ocrx_word' id='word_1_325' title='bbox 1405 2490 1523 2543; x_wconf 77' lang='grc' dir='ltr'>ἐστὶ</span> <span class='ocrx_word' id='word_1_326' title='bbox 1554 2492 1946 2563; x_wconf 77' lang='grc' dir='ltr'>περιφέρεσθαι</span> 
     </span>
    </p>
   </div>
   <div class='ocr_carea' id='block_1_44' title="bbox 368 2569 1948 2653">
    <p class='ocr_par' dir='ltr' id='par_1_44' title="bbox 368 2569 1948 2653">
     <span class='ocr_line' id='line_1_44' title="bbox 368 2569 1948 2653; baseline 0.011 -32"><span class='ocrx_word' id='word_1_327' title='bbox 368 2569 539 2636; x_wconf 75' lang='grc' dir='ltr'>ἡμᾶς,</span> <span class='ocrx_word' id='word_1_328' title='bbox 573 2571 678 2642; x_wconf 71' lang='grc' dir='ltr'>τὴν</span> <span class='ocrx_word' id='word_1_329' title='bbox 709 2575 819 2630; x_wconf 82' lang='grc' dir='ltr'><strong>τῶν</strong></span> <span class='ocrx_word' id='word_1_330' title='bbox 855 2575 1034 2630; x_wconf 89' lang='grc' dir='ltr'>Βαίων</span> <span class='ocrx_word' id='word_1_331' title='bbox 1069 2580 1262 2649; x_wconf 77' lang='grc' dir='ltr'>ἑορτὴν</span> <span class='ocrx_word' id='word_1_332' title='bbox 1295 2577 1398 2650; x_wconf 78' lang='grc' dir='ltr'><strong>ἧκε</strong></span> <span class='ocrx_word' id='word_1_333' title='bbox 1449 2583 1545 2635; x_wconf 74' lang='grc' dir='ltr'>σὺν</span> <span class='ocrx_word' id='word_1_334' title='bbox 1581 2585 1714 2653; x_wconf 81' lang='grc' dir='ltr'>ἡμῖν</span> <span class='ocrx_word' id='word_1_335' title='bbox 1753 2585 1948 2653; x_wconf 78' lang='grc' dir='ltr'>ἐορτά-</span> 
     </span>
    </p>
   </div>
   <div class='ocr_carea' id='block_1_45' title="bbox 2054 1850 3624 1924">
    <p class='ocr_par' dir='ltr' id='par_1_45' title="bbox 2054 1850 3624 1924">
     <span class='ocr_line' id='line_1_45' title="bbox 2054 1850 3624 1924; baseline 0.009 -21"><span class='ocrx_word' id='word_1_336' title='bbox 2054 1850 2265 1904; x_wconf 84' lang='lat' dir='ltr'><strong>bratum</strong></span> <span class='ocrx_word' id='word_1_337' title='bbox 2319 1852 2407 1906; x_wconf 86' lang='lat' dir='ltr'><strong>iri.</strong></span> <span class='ocrx_word' id='word_1_338' title='bbox 2463 1852 2618 1918; x_wconf 84' lang='lat' dir='ltr'><strong>Quod</strong></span> <span class='ocrx_word' id='word_1_339' title='bbox 2669 1870 2794 1908; x_wconf 83' lang='lat' dir='ltr'><strong>cum</strong></span> <span class='ocrx_word' id='word_1_340' title='bbox 2849 1855 3052 1911; x_wconf 79' lang='lat' dir='ltr'><strong>factum</strong></span> <span class='ocrx_word' id='word_1_341' title='bbox 3096 1875 3204 1913; x_wconf 91' lang='lat' dir='ltr'><strong>non</strong></span> <span class='ocrx_word' id='word_1_342' title='bbox 3258 1863 3348 1924; x_wconf 91' lang='lat' dir='ltr'><strong>sit,</strong></span> <span class='ocrx_word' id='word_1_343' title='bbox 3387 1878 3518 1918; x_wconf 85' lang='lat' dir='ltr'><strong>cave</strong></span> <span class='ocrx_word' id='word_1_344' title='bbox 3557 1879 3624 1917; x_wconf 89' lang='lat' dir='ltr'><strong>ne</strong></span> 
     </span>
    </p>
   </div>
   <div class='ocr_carea' id='block_1_46' title="bbox 2052 1943 3622 2018">
    <p class='ocr_par' dir='ltr' id='par_1_46' title="bbox 2052 1943 3622 2018">
     <span class='ocr_line' id='line_1_46' title="bbox 2052 1943 3622 2018; baseline 0.008 -23"><span class='ocrx_word' id='word_1_345' title='bbox 2052 1943 2193 2012; x_wconf 90' lang='lat' dir='ltr'><strong>quod</strong></span> <span class='ocrx_word' id='word_1_346' title='bbox 2228 1943 2296 1998; x_wconf 88' lang='lat' dir='ltr'><strong>de</strong></span> <span class='ocrx_word' id='word_1_347' title='bbox 2337 1959 2479 1998; x_wconf 83' lang='lat' dir='ltr'><strong>novo</strong></span> <span class='ocrx_word' id='word_1_348' title='bbox 2510 1947 2782 2012; x_wconf 86' lang='lat' dir='ltr'><strong>promittis</strong></span> <span class='ocrx_word' id='word_1_349' title='bbox 2827 1949 3020 2004; x_wconf 77' lang='lat' dir='ltr'><strong>falsum</strong></span> <span class='ocrx_word' id='word_1_350' title='bbox 3069 1951 3175 2006; x_wconf 89' lang='lat' dir='ltr'><strong>sit!</strong></span> <span class='ocrx_word' id='word_1_351' title='bbox 3224 1952 3375 2018; x_wconf 86' lang='lat' dir='ltr'><strong>Quod</strong></span> <span class='ocrx_word' id='word_1_352' title='bbox 3431 1955 3475 2009; x_wconf 91' lang='lat' dir='ltr'><strong>si</strong></span> <span class='ocrx_word' id='word_1_353' title='bbox 3517 1955 3622 2010; x_wconf 87' lang='lat' dir='ltr'><strong>Deo</strong></span> 
     </span>
    </p>
   </div>
   <div class='ocr_carea' id='block_1_47' title="bbox 2052 2033 3618 2108">
    <p class='ocr_par' dir='ltr' id='par_1_47' title="bbox 2052 2033 3618 2108">
     <span class='ocr_line' id='line_1_47' title="bbox 2052 2033 3618 2108; baseline 0.008 -23"><span class='ocrx_word' id='word_1_354' title='bbox 2052 2033 2474 2102; x_wconf 86' lang='lat' dir='ltr'><strong>beneplacitum,</strong></span> <span class='ocrx_word' id='word_1_355' title='bbox 2499 2036 2661 2091; x_wconf 82' lang='lat' dir='ltr'><strong>fuerit</strong></span> <span class='ocrx_word' id='word_1_356' title='bbox 2685 2050 2740 2091; x_wconf 90' lang='lat' dir='ltr'><strong>ut</strong></span> <span class='ocrx_word' id='word_1_357' title='bbox 2765 2039 2816 2092; x_wconf 89' lang='lat' dir='ltr'><strong>in</strong></span> <span class='ocrx_word' id='word_1_358' title='bbox 2845 2044 3095 2108; x_wconf 68' lang='lat' dir='ltr'><strong>praesenti</strong></span> <span class='ocrx_word' id='word_1_359' title='bbox 3130 2043 3238 2097; x_wconf 82' lang='lat' dir='ltr'><strong>vita</strong></span> <span class='ocrx_word' id='word_1_360' title='bbox 3270 2061 3369 2098; x_wconf 91' lang='lat' dir='ltr'><strong>nos</strong></span> <span class='ocrx_word' id='word_1_361' title='bbox 3390 2045 3618 2100; x_wconf 91' lang='lat' dir='ltr'><strong>invicem</strong></span> 
     </span>
    </p>
   </div>
   <div class='ocr_carea' id='block_1_48' title="bbox 2048 2125 3620 2197">
    <p class='ocr_par' dir='ltr' id='par_1_48' title="bbox 2048 2125 3620 2197">
     <span class='ocr_line' id='line_1_48' title="bbox 2048 2125 3620 2197; baseline 0.011 -20"><span class='ocrx_word' id='word_1_362' title='bbox 2048 2125 2354 2194; x_wconf 79' lang='lat' dir='ltr'><strong>amplexuri</strong></span> <span class='ocrx_word' id='word_1_363' title='bbox 2399 2129 2596 2192; x_wconf 89' lang='lat' dir='ltr'><strong>simus,</strong></span> <span class='ocrx_word' id='word_1_364' title='bbox 2657 2129 2971 2197; x_wconf 82' lang='lat' dir='ltr'><strong>Palmarum</strong></span> <span class='ocrx_word' id='word_1_365' title='bbox 3029 2132 3375 2190; x_wconf 82' lang='lat' dir='ltr'><strong>festivitatem</strong></span> <span class='ocrx_word' id='word_1_366' title='bbox 3433 2137 3620 2193; x_wconf 80' lang='lat' dir='ltr'><strong>nobis-</strong></span> 
     </span>
    </p>
   </div>
   <div class='ocr_carea' id='block_1_49' title="bbox 2043 2218 3617 2296">
    <p class='ocr_par' dir='ltr' id='par_1_49' title="bbox 2043 2218 3617 2296">
     <span class='ocr_line' id='line_1_49' title="bbox 2043 2218 3617 2296; baseline 0.008 -26"><span class='ocrx_word' id='word_1_367' title='bbox 2043 2231 2166 2270; x_wconf 86' lang='lat' dir='ltr'><strong>eum</strong></span> <span class='ocrx_word' id='word_1_368' title='bbox 2201 2218 2535 2274; x_wconf 85' lang='lat' dir='ltr'><strong>celebratum</strong></span> <span class='ocrx_word' id='word_1_369' title='bbox 2579 2222 2790 2277; x_wconf 87' lang='lat' dir='ltr'><strong>venias.</strong></span> <span class='ocrx_word' id='word_1_370' title='bbox 2841 2222 2992 2290; x_wconf 88' lang='lat' dir='ltr'><strong>Quod</strong></span> <span class='ocrx_word' id='word_1_371' title='bbox 3027 2226 3286 2296; x_wconf 84' lang='lat' dir='ltr'><strong>deinceps</strong></span> <span class='ocrx_word' id='word_1_372' title='bbox 3325 2228 3392 2282; x_wconf 91' lang='lat' dir='ltr'><strong>de</strong></span> <span class='ocrx_word' id='word_1_373' title='bbox 3431 2243 3617 2282; x_wconf 86' lang='lat' dir='ltr'><strong>mona-</strong></span> 
     </span>
    </p>
   </div>
   <div class='ocr_carea' id='block_1_50' title="bbox 2043 2309 3613 2387">
    <p class='ocr_par' dir='ltr' id='par_1_50' title="bbox 2043 2309 3613 2387">
     <span class='ocr_line' id='line_1_50' title="bbox 2043 2309 3613 2387; baseline 0.006 -25"><span class='ocrx_word' id='word_1_374' title='bbox 2043 2309 2272 2363; x_wconf 82' lang='lat' dir='ltr'><strong>chorum</strong></span> <span class='ocrx_word' id='word_1_375' title='bbox 2310 2310 2481 2380; x_wconf 79' lang='lat' dir='ltr'><strong>litigio</strong></span> <span class='ocrx_word' id='word_1_376' title='bbox 2511 2314 2643 2368; x_wconf 86' lang='lat' dir='ltr'><strong>dicit</strong></span> <span class='ocrx_word' id='word_1_377' title='bbox 2677 2316 2928 2384; x_wconf 81' lang='lat' dir='ltr'><strong>cpistola,</strong></span> <span class='ocrx_word' id='word_1_378' title='bbox 2962 2317 3085 2371; x_wconf 89' lang='lat' dir='ltr'><strong>illos</strong></span> <span class='ocrx_word' id='word_1_379' title='bbox 3121 2319 3412 2372; x_wconf 90' lang='lat' dir='ltr'><strong>convenire</strong></span> <span class='ocrx_word' id='word_1_380' title='bbox 3450 2333 3613 2387; x_wconf 89' lang='lat' dir='ltr'><strong>opor-</strong></span> 
     </span>
    </p>
   </div>
   <div class='ocr_carea' id='block_1_51' title="bbox 2045 2401 3611 2478">
    <p class='ocr_par' dir='ltr' id='par_1_51' title="bbox 2045 2401 3611 2478">
     <span class='ocr_line' id='line_1_51' title="bbox 2045 2401 3611 2478; baseline 0.006 -24"><span class='ocrx_word' id='word_1_381' title='bbox 2045 2408 2118 2454; x_wconf 88' lang='lat' dir='ltr'><strong>tet</strong></span> <span class='ocrx_word' id='word_1_382' title='bbox 2167 2401 2491 2470; x_wconf 81' lang='lat' dir='ltr'><strong>quibuscum</strong></span> <span class='ocrx_word' id='word_1_383' title='bbox 2545 2419 2658 2459; x_wconf 87' lang='lat' dir='ltr'><strong>rem</strong></span> <span class='ocrx_word' id='word_1_384' title='bbox 2693 2405 2934 2472; x_wconf 82' lang='lat' dir='ltr'><strong>habent;</strong></span> <span class='ocrx_word' id='word_1_385' title='bbox 2999 2419 3110 2462; x_wconf 88' lang='lat' dir='ltr'><strong>ttun</strong></span> <span class='ocrx_word' id='word_1_386' title='bbox 3157 2410 3300 2463; x_wconf 89' lang='lat' dir='ltr'><strong>enim</strong></span> <span class='ocrx_word' id='word_1_387' title='bbox 3357 2420 3450 2464; x_wconf 88' lang='lat' dir='ltr'><strong>aut</strong></span> <span class='ocrx_word' id='word_1_388' title='bbox 3507 2408 3611 2478; x_wconf 87' lang='lat' dir='ltr'><strong>ipsi</strong></span> 
     </span>
    </p>
   </div>
   <div class='ocr_carea' id='block_1_52' title="bbox 2046 2493 3608 2571">
    <p class='ocr_par' dir='ltr' id='par_1_52' title="bbox 2046 2493 3608 2571">
     <span class='ocr_line' id='line_1_52' title="bbox 2046 2493 3608 2571; baseline 0.007 -27"><span class='ocrx_word' id='word_1_389' title='bbox 2046 2506 2166 2545; x_wconf 91' lang='lat' dir='ltr'><strong>rem</strong></span> <span class='ocrx_word' id='word_1_390' title='bbox 2202 2493 2562 2548; x_wconf 75' lang='lat' dir='ltr'><strong>tractabimus</strong></span> <span class='ocrx_word' id='word_1_391' title='bbox 2601 2508 2696 2550; x_wconf 91' lang='lat' dir='ltr'><strong>aut</strong></span> <span class='ocrx_word' id='word_1_392' title='bbox 2734 2498 2799 2550; x_wconf 89' lang='lat' dir='ltr'><strong>ad</strong></span> <span class='ocrx_word' id='word_1_393' title='bbox 2834 2513 2995 2554; x_wconf 83' lang='lat' dir='ltr'><strong>aures</strong></span> <span class='ocrx_word' id='word_1_394' title='bbox 3040 2501 3218 2570; x_wconf 85' lang='lat' dir='ltr'><strong>regias</strong></span> <span class='ocrx_word' id='word_1_395' title='bbox 3249 2501 3608 2571; x_wconf 84' lang='lat' dir='ltr'><strong>portabimus.</strong></span> 
     </span>
    </p>
   </div>
   <div class='ocr_carea' id='block_1_53' title="bbox 2047 2584 3187 2659">
    <p class='ocr_par' dir='ltr' id='par_1_53' title="bbox 2047 2584 3187 2659">
     <span class='ocr_line' id='line_1_53' title="bbox 2047 2584 3187 2659; baseline 0.007 -21"><span class='ocrx_word' id='word_1_396' title='bbox 2047 2584 2125 2638; x_wconf 84' lang='lat' dir='ltr'><strong>lta</strong></span> <span class='ocrx_word' id='word_1_397' title='bbox 2153 2600 2284 2640; x_wconf 88' lang='lat' dir='ltr'><strong>sane</strong></span> <span class='ocrx_word' id='word_1_398' title='bbox 2312 2585 2526 2643; x_wconf 84' lang='lat' dir='ltr'><strong>facilius</strong></span> <span class='ocrx_word' id='word_1_399' title='bbox 2560 2600 2954 2659; x_wconf 88' lang='lat' dir='ltr'><strong>componentur</strong></span> <span class='ocrx_word' id='word_1_400' title='bbox 2981 2595 3187 2647; x_wconf 88' lang='lat' dir='ltr'><strong>omnia.</strong></span> 
     </span>
    </p>
   </div>
   <div class='ocr_carea' id='block_1_54' title="bbox 368 2663 3612 2756">
    <p class='ocr_par' dir='ltr' id='par_1_54' title="bbox 368 2663 3612 2756">
     <span class='ocr_line' id='line_1_54' title="bbox 368 2663 3612 2756; baseline 0.008 -44"><span class='ocrx_word' id='word_1_401' title='bbox 368 2675 500 2715; x_wconf 86' lang='grc' dir='ltr'>σων.</span> <span class='ocrx_word' id='word_1_402' title='bbox 543 2663 611 2715; x_wconf 77' lang='grc' dir='ltr'><strong>Ἀ</strong></span> <span class='ocrx_word' id='word_1_403' title='bbox 659 2665 716 2718; x_wconf 78' lang='grc' dir='ltr'>δὲ</span> <span class='ocrx_word' id='word_1_404' title='bbox 783 2669 914 2737; x_wconf 72' lang='grc' dir='ltr'>περὶ</span> <span class='ocrx_word' id='word_1_405' title='bbox 969 2670 1072 2740; x_wconf 75' lang='grc' dir='ltr'>τῆς·</span> <span class='ocrx_word' id='word_1_406' title='bbox 1113 2671 1274 2742; x_wconf 87' lang='grc' dir='ltr'>δίκης</span> <span class='ocrx_word' id='word_1_407' title='bbox 1316 2672 1425 2726; x_wconf 85' lang='grc' dir='ltr'><strong>τῶν</strong></span> <span class='ocrx_word' id='word_1_408' title='bbox 1487 2674 1740 2744; x_wconf 88' lang='grc' dir='ltr'>μοναχῶν</span> <span class='ocrx_word' id='word_1_409' title='bbox 1795 2674 2138 2746; x_wconf 78' lang='grc' dir='ltr'>ὑπεσήμαινε</span> <span class='ocrx_word' id='word_1_410' title='bbox 2175 2677 2240 2729; x_wconf 82' lang='grc' dir='ltr'>τὸ</span> <span class='ocrx_word' id='word_1_411' title='bbox 2273 2679 2557 2750; x_wconf 80' lang='grc' dir='ltr'>’γράμμα,</span> <span class='ocrx_word' id='word_1_412' title='bbox 2612 2680 2695 2733; x_wconf 76' lang='grc' dir='ltr'><strong>δεῖ</strong></span> <span class='ocrx_word' id='word_1_413' title='bbox 2752 2683 2994 2747; x_wconf 73' lang='grc' dir='ltr'>ἐκείνους</span> <span class='ocrx_word' id='word_1_414' title='bbox 3041 2687 3297 2753; x_wconf 81' lang='grc' dir='ltr'>παρεῖναι</span> <span class='ocrx_word' id='word_1_415' title='bbox 3378 2686 3499 2756; x_wconf 80' lang='grc' dir='ltr'>μεθ’</span> <span class='ocrx_word' id='word_1_416' title='bbox 3536 2678 3612 2738; x_wconf 83' lang='grc' dir='ltr'>ὧν</span> 
     </span>
    </p>
   </div>
   <div class='ocr_carea' id='block_1_55' title="bbox 366 2755 3610 2853">
    <p class='ocr_par' dir='ltr' id='par_1_55' title="bbox 366 2755 3610 2853">
     <span class='ocr_line' id='line_1_55' title="bbox 366 2755 3610 2853; baseline 0.009 -46"><span class='ocrx_word' id='word_1_417' title='bbox 366 2755 551 2826; x_wconf 63' lang='grc' dir='ltr'>ἔχουσι</span> <span class='ocrx_word' id='word_1_418' title='bbox 577 2757 752 2826; x_wconf 90' lang='grc' dir='ltr'>λόγων</span> <span class='ocrx_word' id='word_1_419' title='bbox 778 2760 1026 2816; x_wconf 78' lang='grc' dir='ltr'>δικαίων·</span> <span class='ocrx_word' id='word_1_420' title='bbox 1107 2767 1202 2818; x_wconf 81' lang='grc' dir='ltr'>καὶ</span> <span class='ocrx_word' id='word_1_421' title='bbox 1225 2766 1334 2819; x_wconf 76' lang='grc' dir='ltr'>εἴτε</span> <span class='ocrx_word' id='word_1_422' title='bbox 1379 2768 1516 2837; x_wconf 74' lang='grc' dir='ltr'>ημῖν</span> <span class='ocrx_word' id='word_1_423' title='bbox 1570 2769 1836 2840; x_wconf 75' lang='grc' dir='ltr'>ἐντυχεῖν,</span> <span class='ocrx_word' id='word_1_424' title='bbox 1886 2771 1996 2824; x_wconf 72' lang='grc' dir='ltr'>εἴτε</span> <span class='ocrx_word' id='word_1_425' title='bbox 2023 2773 2420 2843; x_wconf 83' lang='grc' dir='ltr'>προσφωνῆσαι</span> <span class='ocrx_word' id='word_1_426' title='bbox 2460 2777 2580 2839; x_wconf 80' lang='grc' dir='ltr'>ταῖς</span> <span class='ocrx_word' id='word_1_427' title='bbox 2628 2775 2936 2844; x_wconf 69' lang='grc' dir='ltr'>βασιλικαῖς</span> <span class='ocrx_word' id='word_1_428' title='bbox 2992 2780 3186 2844; x_wconf 78' lang='grc' dir='ltr'>ἀκοαῖς</span> <span class='ocrx_word' id='word_1_429' title='bbox 3227 2781 3297 2834; x_wconf 74' lang='grc' dir='ltr'><strong>τὰ</strong></span> <span class='ocrx_word' id='word_1_430' title='bbox 3345 2783 3444 2853; x_wconf 76' lang='grc' dir='ltr'>τῆς</span> <span class='ocrx_word' id='word_1_431' title='bbox 3478 2784 3610 2836; x_wconf 77' lang='grc' dir='ltr'>ὐπο-</span> 
     </span>
    </p>
   </div>
   <div class='ocr_carea' id='block_1_56' title="bbox 271 2845 2444 2941">
    <p class='ocr_par' dir='ltr' id='par_1_56' title="bbox 271 2845 2444 2941">
     <span class='ocr_line' id='line_1_56' title="bbox 271 2845 2444 2941; baseline 0.009 -38"><span class='ocrx_word' id='word_1_432' title='bbox 271 2845 274 2848; x_wconf 73' lang='grc'><em>’</em></span> <span class='ocrx_word' id='word_1_433' title='bbox 364 2851 588 2917; x_wconf 72' lang='grc' dir='ltr'>θέσεως.</span> <span class='ocrx_word' id='word_1_434' title='bbox 617 2853 771 2910; x_wconf 66' lang='grc' dir='ltr'>Οΰτω</span> <span class='ocrx_word' id='word_1_435' title='bbox 796 2857 905 2927; x_wconf 82' lang='grc' dir='ltr'><strong>γὰρ</strong></span> <span class='ocrx_word' id='word_1_436' title='bbox 934 2858 1137 2929; x_wconf 79' lang='grc' dir='ltr'>μᾶλλον</span> <span class='ocrx_word' id='word_1_437' title='bbox 1165 2862 1348 2933; x_wconf 75' lang='grc' dir='ltr'>ῥᾴδιος</span> <span class='ocrx_word' id='word_1_438' title='bbox 1382 2862 1538 2917; x_wconf 73' lang='grc' dir='ltr'>ἔσται</span> <span class='ocrx_word' id='word_1_439' title='bbox 1565 2864 1598 2934; x_wconf 84' lang='grc' dir='ltr'><strong>ἡ</strong></span> <span class='ocrx_word' id='word_1_440' title='bbox 1645 2865 1756 2918; x_wconf 89' lang='grc' dir='ltr'><strong>τῶν</strong></span> <span class='ocrx_word' id='word_1_441' title='bbox 1787 2866 2130 2941; x_wconf 82' lang='grc' dir='ltr'>πραγμάτων</span> <span class='ocrx_word' id='word_1_442' title='bbox 2156 2867 2444 2938; x_wconf 84' lang='grc' dir='ltr'>διοίκησις.</span> 
     </span>
    </p>
   </div>
   <div class='ocr_carea' id='block_1_57' title="bbox 711 2971 1574 3048">
    <p class='ocr_par' dir='ltr' id='par_1_57' title="bbox 711 2971 1574 3048">
     <span class='ocr_line' id='line_1_57' title="bbox 711 2971 1574 3048; baseline 0.012 -23"><span class='ocrx_word' id='word_1_443' title='bbox 711 2971 876 3028; x_wconf 70' lang='lat' dir='ltr'><strong>PNA’.</strong></span> <span class='ocrx_word' id='word_1_444' title='bbox 919 2976 1224 3047; x_wconf 78' lang='grc' dir='ltr'>Γρηγορίῳ</span> <span class='ocrx_word' id='word_1_445' title='bbox 1294 2979 1574 3048; x_wconf 66' lang='grc' dir='ltr'>Ἐφέσου.</span> 
     </span>
    </p>
   </div>
   <div class='ocr_carea' id='block_1_58' title="bbox 435 3084 1932 3167">
    <p class='ocr_par' dir='ltr' id='par_1_58' title="bbox 435 3084 1932 3167">
     <span class='ocr_line' id='line_1_58' title="bbox 435 3084 1932 3167; baseline 0.011 -32"><span class='ocrx_word' id='word_1_446' title='bbox 435 3084 547 3136; x_wconf 76' lang='grc' dir='ltr'><strong>Καὶ</strong></span> <span class='ocrx_word' id='word_1_447' title='bbox 572 3084 838 3156; x_wconf 80' lang='grc' dir='ltr'>πρότερον</span> <span class='ocrx_word' id='word_1_448' title='bbox 894 3089 1024 3160; x_wconf 70' lang='grc' dir='ltr'>περὶ</span> <span class='ocrx_word' id='word_1_449' title='bbox 1065 3092 1163 3162; x_wconf 79' lang='grc' dir='ltr'>τῆς</span> <span class='ocrx_word' id='word_1_450' title='bbox 1215 3092 1611 3167; x_wconf 88' lang='grc' dir='ltr'>μελετηθείσης</span> <span class='ocrx_word' id='word_1_451' title='bbox 1668 3094 1774 3150; x_wconf 83' lang='grc' dir='ltr'><strong>ὑπὸ</strong></span> <span class='ocrx_word' id='word_1_452' title='bbox 1824 3096 1932 3151; x_wconf 87' lang='grc' dir='ltr'><strong>τῶν</strong></span> 
     </span>
    </p>
   </div>
   <div class='ocr_carea' id='block_1_59' title="bbox 359 3175 1931 3256">
    <p class='ocr_par' dir='ltr' id='par_1_59' title="bbox 359 3175 1931 3256">
     <span class='ocr_line' id='line_1_59' title="bbox 359 3175 1931 3256; baseline 0.008 -29"><span class='ocrx_word' id='word_1_453' title='bbox 359 3175 510 3244; x_wconf 72' lang='grc' dir='ltr'>ἐμῶν</span> <span class='ocrx_word' id='word_1_454' title='bbox 562 3177 847 3247; x_wconf 78' lang='grc' dir='ltr'>ἁμαρτιῶν</span> <span class='ocrx_word' id='word_1_455' title='bbox 882 3182 1155 3251; x_wconf 83' lang='grc' dir='ltr'>συσκευῆς</span> <span class='ocrx_word' id='word_1_456' title='bbox 1190 3184 1263 3254; x_wconf 88' lang='grc' dir='ltr'>(τί</span> <span class='ocrx_word' id='word_1_457' title='bbox 1317 3185 1426 3255; x_wconf 80' lang='grc' dir='ltr'>γάρ</span> <span class='ocrx_word' id='word_1_458' title='bbox 1479 3204 1548 3256; x_wconf 93' lang='grc' dir='ltr'>με</span> <span class='ocrx_word' id='word_1_459' title='bbox 1603 3187 1685 3240; x_wconf 90' lang='grc' dir='ltr'><strong>δεῖ</strong></span> <span class='ocrx_word' id='word_1_460' title='bbox 1739 3188 1931 3252; x_wconf 78' lang='grc' dir='ltr'>ἄλλους</span> 
     </span>
    </p>
   </div>
   <div class='ocr_carea' id='block_1_60' title="bbox 357 3265 1931 3349">
    <p class='ocr_par' dir='ltr' id='par_1_60' title="bbox 357 3265 1931 3349">
     <span class='ocr_line' id='line_1_60' title="bbox 357 3265 1931 3349; baseline 0.009 -31"><span class='ocrx_word' id='word_1_461' title='bbox 357 3265 652 3332; x_wconf 84' lang='grc' dir='ltr'>αἰτιᾶσθαι,</span> <span class='ocrx_word' id='word_1_462' title='bbox 682 3270 990 3339; x_wconf 72' lang='grc' dir='ltr'>προφανοῦς</span> <span class='ocrx_word' id='word_1_463' title='bbox 1022 3273 1152 3342; x_wconf 81' lang='grc' dir='ltr'>ἡμῖν</span> <span class='ocrx_word' id='word_1_464' title='bbox 1184 3275 1284 3343; x_wconf 82' lang='grc' dir='ltr'>τῆς</span> <span class='ocrx_word' id='word_1_465' title='bbox 1315 3275 1490 3340; x_wconf 79' lang='grc' dir='ltr'>αἰτίας</span> <span class='ocrx_word' id='word_1_466' title='bbox 1516 3276 1682 3347; x_wconf 81' lang='grc' dir='ltr'>οὔσης</span> <span class='ocrx_word' id='word_1_467' title='bbox 1701 3279 1739 3349; x_wconf 90' lang='grc'>;)</span> <span class='ocrx_word' id='word_1_468' title='bbox 1764 3279 1931 3349; x_wconf 73' lang='grc' dir='ltr'>ἐγρά-</span> 
     </span>
    </p>
   </div>
   <div class='ocr_carea' id='block_1_61' title="bbox 353 3359 1927 3442">
    <p class='ocr_par' dir='ltr' id='par_1_61' title="bbox 353 3359 1927 3442">
     <span class='ocr_line' id='line_1_61' title="bbox 353 3359 1927 3442; baseline 0.009 -31"><span class='ocrx_word' id='word_1_469' title='bbox 353 3359 562 3429; x_wconf 72' lang='grc' dir='ltr'>ψαμεν,</span> <span class='ocrx_word' id='word_1_470' title='bbox 589 3359 782 3415; x_wconf 83' lang='grc' dir='ltr'>τέκνον</span> <span class='ocrx_word' id='word_1_471' title='bbox 817 3364 972 3432; x_wconf 81' lang='grc' dir='ltr'>ἡμῶν</span> <span class='ocrx_word' id='word_1_472' title='bbox 1004 3366 1322 3435; x_wconf 75' lang='grc' dir='ltr'>ἱερώτατον,</span> <span class='ocrx_word' id='word_1_473' title='bbox 1357 3370 1431 3432; x_wconf 83' lang='grc' dir='ltr'><strong>ὡς</strong></span> <span class='ocrx_word' id='word_1_474' title='bbox 1470 3370 1636 3442; x_wconf 76' lang='grc' dir='ltr'>μέχρι</span> <span class='ocrx_word' id='word_1_475' title='bbox 1685 3371 1787 3442; x_wconf 83' lang='grc' dir='ltr'>τῆς</span> <span class='ocrx_word' id='word_1_476' title='bbox 1830 3373 1927 3442; x_wconf 88' lang='grc' dir='ltr'>όρ-</span> 
     </span>
    </p>
   </div>
   <div class='ocr_carea' id='block_1_62' title="bbox 357 3452 1925 3532">
    <p class='ocr_par' dir='ltr' id='par_1_62' title="bbox 357 3452 1925 3532">
     <span class='ocr_line' id='line_1_62' title="bbox 357 3452 1925 3532; baseline 0.008 -27"><span class='ocrx_word' id='word_1_477' title='bbox 357 3452 471 3520; x_wconf 85' lang='grc' dir='ltr'>μῆς</span> <span class='ocrx_word' id='word_1_478' title='bbox 516 3453 609 3505; x_wconf 83' lang='grc' dir='ltr'>καὶ</span> <span class='ocrx_word' id='word_1_479' title='bbox 645 3453 816 3524; x_wconf 83' lang='grc' dir='ltr'>μόνης</span> <span class='ocrx_word' id='word_1_480' title='bbox 847 3456 910 3508; x_wconf 83' lang='grc' dir='ltr'>τὸ</span> <span class='ocrx_word' id='word_1_481' title='bbox 966 3457 1134 3510; x_wconf 75' lang='grc' dir='ltr'>κακὸν</span> <span class='ocrx_word' id='word_1_482' title='bbox 1189 3457 1344 3530; x_wconf 74' lang='grc' dir='ltr'>ἔστη,</span> <span class='ocrx_word' id='word_1_483' title='bbox 1386 3460 1528 3515; x_wconf 79' lang='grc' dir='ltr'>οὕτω</span> <span class='ocrx_word' id='word_1_484' title='bbox 1570 3462 1672 3532; x_wconf 76' lang='grc' dir='ltr'>τῆς</span> <span class='ocrx_word' id='word_1_485' title='bbox 1718 3463 1925 3532; x_wconf 69' lang='grc' dir='ltr'>ἄνωθεν</span> 
     </span>
    </p>
   </div>
   <div class='ocr_carea' id='block_1_63' title="bbox 352 3539 1932 3623">
    <p class='ocr_par' dir='ltr' id='par_1_63' title="bbox 352 3539 1932 3623">
     <span class='ocr_line' id='line_1_63' title="bbox 352 3539 1932 3623; baseline 0.008 -29"><span class='ocrx_word' id='word_1_486' title='bbox 352 3539 689 3611; x_wconf 80' lang='grc' dir='ltr'>ἀγαθότητος</span> <span class='ocrx_word' id='word_1_487' title='bbox 768 3543 1341 3618; x_wconf 84' lang='grc' dir='ltr'>διοικονομησαμένης,</span> <span class='ocrx_word' id='word_1_488' title='bbox 1420 3551 1514 3603; x_wconf 74' lang='grc' dir='ltr'>καὶ</span> <span class='ocrx_word' id='word_1_489' title='bbox 1591 3552 1756 3623; x_wconf 88' lang='grc' dir='ltr'>πεῖρά</span> <span class='ocrx_word' id='word_1_490' title='bbox 1850 3571 1932 3617; x_wconf 86' lang='grc' dir='ltr'><strong>τις</strong></span> 
     </span>
    </p>
   </div>
   <div class='ocr_carea' id='block_1_64' title="bbox 351 3633 1928 3710">
    <p class='ocr_par' dir='ltr' id='par_1_64' title="bbox 351 3633 1928 3710">
     <span class='ocr_line' id='line_1_64' title="bbox 351 3633 1928 3710; baseline 0.01 -26"><span class='ocrx_word' id='word_1_491' title='bbox 351 3633 415 3684; x_wconf 81' lang='grc' dir='ltr'>οὐ</span> <span class='ocrx_word' id='word_1_492' title='bbox 458 3636 801 3704; x_wconf 84' lang='grc' dir='ltr'>προσήγγισε</span> <span class='ocrx_word' id='word_1_493' title='bbox 856 3637 1185 3708; x_wconf 83' lang='grc' dir='ltr'>κακότητος.</span> <span class='ocrx_word' id='word_1_494' title='bbox 1237 3640 1355 3694; x_wconf 88' lang='grc' dir='ltr'>Νῦν</span> <span class='ocrx_word' id='word_1_495' title='bbox 1400 3641 1455 3694; x_wconf 82' lang='grc' dir='ltr'>δὲ</span> <span class='ocrx_word' id='word_1_496' title='bbox 1483 3643 1534 3696; x_wconf 75' lang='grc' dir='ltr'>εἴ</span> <span class='ocrx_word' id='word_1_497' title='bbox 1560 3642 1628 3710; x_wconf 29' lang='grc' dir='ltr'>γέν</span> <span class='ocrx_word' id='word_1_498' title='bbox 1663 3659 1716 3696; x_wconf 88' lang='grc' dir='ltr'><strong>τι</strong></span> <span class='ocrx_word' id='word_1_499' title='bbox 1747 3643 1806 3697; x_wconf 83' lang='grc' dir='ltr'>ὲν</span> <span class='ocrx_word' id='word_1_500' title='bbox 1835 3645 1928 3698; x_wconf 85' lang='grc' dir='ltr'>ἀν-</span> 
     </span>
    </p>
   </div>
   <div class='ocr_carea' id='block_1_65' title="bbox 352 3727 1925 3803">
    <p class='ocr_par' dir='ltr' id='par_1_65' title="bbox 352 3727 1925 3803">
     <span class='ocr_line' id='line_1_65' title="bbox 352 3727 1925 3803; baseline 0.007 -24"><span class='ocrx_word' id='word_1_501' title='bbox 352 3727 615 3799; x_wconf 87' lang='grc' dir='ltr'>θρωπίνῳ</span> <span class='ocrx_word' id='word_1_502' title='bbox 642 3730 743 3801; x_wconf 80' lang='grc' dir='ltr'>βίῳ</span> <span class='ocrx_word' id='word_1_503' title='bbox 785 3732 1012 3801; x_wconf 81' lang='grc' dir='ltr'>ἄμεινον</span> <span class='ocrx_word' id='word_1_504' title='bbox 1043 3734 1126 3786; x_wconf 86' lang='grc' dir='ltr'><strong>δεῖ</strong></span> <span class='ocrx_word' id='word_1_505' title='bbox 1169 3733 1371 3803; x_wconf 79' lang='grc' dir='ltr'>λέγειν,</span> <span class='ocrx_word' id='word_1_506' title='bbox 1425 3737 1562 3798; x_wconf 82' lang='grc' dir='ltr'>τέως</span> <span class='ocrx_word' id='word_1_507' title='bbox 1588 3739 1925 3793; x_wconf 81' lang='grc' dir='ltr'>ἀποσαλεύο-</span> 
     </span>
    </p>
   </div>
   <div class='ocr_carea' id='block_1_66' title="bbox 353 3824 1923 3900">
    <p class='ocr_par' dir='ltr' id='par_1_66' title="bbox 353 3824 1923 3900">
     <span class='ocr_line' id='line_1_66' title="bbox 353 3824 1923 3900; baseline 0.008 -27"><span class='ocrx_word' id='word_1_508' title='bbox 353 3838 456 3890; x_wconf 81' lang='grc' dir='ltr'><strong>μεν</strong></span> <span class='ocrx_word' id='word_1_509' title='bbox 503 3824 562 3875; x_wconf 69' lang='grc' dir='ltr'>ἰν</span> <span class='ocrx_word' id='word_1_510' title='bbox 603 3826 719 3886; x_wconf 87' lang='grc' dir='ltr'>τοῖς</span> <span class='ocrx_word' id='word_1_511' title='bbox 757 3824 1030 3893; x_wconf 83' lang='grc' dir='ltr'>ἀμείνοσι,</span> <span class='ocrx_word' id='word_1_512' title='bbox 1077 3827 1202 3897; x_wconf 69' lang='grc' dir='ltr'>περὶ</span> <span class='ocrx_word' id='word_1_513' title='bbox 1235 3828 1292 3882; x_wconf 71' lang='grc' dir='ltr'>δι</span> <span class='ocrx_word' id='word_1_514' title='bbox 1331 3828 1434 3882; x_wconf 88' lang='grc' dir='ltr'><strong>τῶν</strong></span> <span class='ocrx_word' id='word_1_515' title='bbox 1483 3831 1760 3900; x_wconf 75' lang='grc' dir='ltr'>ἐσομένων</span> <span class='ocrx_word' id='word_1_516' title='bbox 1815 3831 1923 3885; x_wconf 84' lang='grc' dir='ltr'>ἀπὸ</span> 
     </span>
    </p>
   </div>
   <div class='ocr_carea' id='block_1_67' title="bbox 346 3911 1922 3992">
    <p class='ocr_par' dir='ltr' id='par_1_67' title="bbox 346 3911 1922 3992">
     <span class='ocr_line' id='line_1_67' title="bbox 346 3911 1922 3992; baseline 0.008 -28"><span class='ocrx_word' id='word_1_517' title='bbox 346 3911 504 3966; x_wconf 82' lang='grc' dir='ltr'>τοῦδε</span> <span class='ocrx_word' id='word_1_518' title='bbox 535 3913 676 3984; x_wconf 82' lang='grc' dir='ltr'>πρὸς</span> <span class='ocrx_word' id='word_1_519' title='bbox 721 3914 783 3968; x_wconf 87' lang='grc' dir='ltr'><strong>τδ</strong></span> <span class='ocrx_word' id='word_1_520' title='bbox 816 3916 1166 3988; x_wconf 80' lang='grc' dir='ltr'>ἀστάθμητον</span> <span class='ocrx_word' id='word_1_521' title='bbox 1216 3919 1464 3990; x_wconf 79' lang='grc' dir='ltr'>ἀφορῶσι</span> <span class='ocrx_word' id='word_1_522' title='bbox 1520 3922 1627 3975; x_wconf 89' lang='grc' dir='ltr'><strong>τῶν</strong></span> <span class='ocrx_word' id='word_1_523' title='bbox 1675 3923 1922 3992; x_wconf 85' lang='grc' dir='ltr'>ματαίων</span> 
     </span>
    </p>
   </div>
   <div class='ocr_carea' id='block_1_68' title="bbox 346 4002 1922 4083">
    <p class='ocr_par' dir='ltr' id='par_1_68' title="bbox 346 4002 1922 4083">
     <span class='ocr_line' id='line_1_68' title="bbox 346 4002 1922 4083; baseline 0.008 -28"><span class='ocrx_word' id='word_1_524' title='bbox 346 4002 444 4056; x_wconf 83' lang='grc' dir='ltr'><strong>τοῦ</strong></span> <span class='ocrx_word' id='word_1_525' title='bbox 481 4002 598 4073; x_wconf 87' lang='grc' dir='ltr'>βίου</span> <span class='ocrx_word' id='word_1_526' title='bbox 634 4006 1004 4076; x_wconf 84' lang='grc' dir='ltr'>πραγμάτων,</span> <span class='ocrx_word' id='word_1_527' title='bbox 1039 4010 1141 4062; x_wconf 84' lang='grc' dir='ltr'>οὐκ</span> <span class='ocrx_word' id='word_1_528' title='bbox 1193 4011 1311 4063; x_wconf 81' lang='grc' dir='ltr'>ἔστι</span> <span class='ocrx_word' id='word_1_529' title='bbox 1347 4011 1523 4080; x_wconf 84' lang='grc' dir='ltr'>λόγος.</span> <span class='ocrx_word' id='word_1_530' title='bbox 1583 4013 1730 4082; x_wconf 85' lang='grc' dir='ltr'>Πλὴν</span> <span class='ocrx_word' id='word_1_531' title='bbox 1763 4014 1922 4083; x_wconf 79' lang='grc' dir='ltr'>εὐχό-</span> 
     </span>
    </p>
   </div>
   <div class='ocr_carea' id='block_1_69' title="bbox 2382 2963 3352 3060">
    <p class='ocr_par' dir='ltr' id='par_1_69' title="bbox 2382 2963 3352 3060">
     <span class='ocr_line' id='line_1_69' title="bbox 2382 2963 3352 3060; baseline 0.004 -20"><span class='ocrx_word' id='word_1_532' title='bbox 2382 2983 2560 3042; x_wconf 82' lang='lat' dir='ltr'><strong>CLIV.</strong></span> <span class='ocrx_word' id='word_1_533' title='bbox 2593 2963 2842 3058; x_wconf 44' lang='lat' dir='ltr'><strong>Gregorio</strong></span> <span class='ocrx_word' id='word_1_534' title='bbox 2877 2987 3067 3059; x_wconf 78' lang='lat' dir='ltr'><strong>Ephesi</strong></span> <span class='ocrx_word' id='word_1_535' title='bbox 3093 2991 3352 3060; x_wconf 79' lang='lat' dir='ltr'><strong>episcopo.</strong></span> 
     </span>
    </p>
   </div>
   <div class='ocr_carea' id='block_1_70' title="bbox 2107 3094 3596 3175">
    <p class='ocr_par' dir='ltr' id='par_1_70' title="bbox 2107 3094 3596 3175">
     <span class='ocr_line' id='line_1_70' title="bbox 2107 3094 3596 3175; baseline 0.007 -25"><span class='ocrx_word' id='word_1_536' title='bbox 2107 3094 2240 3162; x_wconf 70' lang='lat' dir='ltr'><strong>Quae</strong></span> <span class='ocrx_word' id='word_1_537' title='bbox 2277 3097 2429 3166; x_wconf 89' lang='lat' dir='ltr'><strong>prius</strong></span> <span class='ocrx_word' id='word_1_538' title='bbox 2458 3097 2526 3152; x_wconf 84' lang='lat' dir='ltr'><strong>dc</strong></span> <span class='ocrx_word' id='word_1_539' title='bbox 2562 3102 2802 3168; x_wconf 86' lang='lat' dir='ltr'><strong>peccatis</strong></span> <span class='ocrx_word' id='word_1_540' title='bbox 2833 3103 2968 3156; x_wconf 88' lang='lat' dir='ltr'><strong>meis</strong></span> <span class='ocrx_word' id='word_1_541' title='bbox 3001 3105 3321 3172; x_wconf 87' lang='lat' dir='ltr'><strong>scripsimus</strong></span> <span class='ocrx_word' id='word_1_542' title='bbox 3357 3106 3437 3172; x_wconf 89' lang='lat' dir='ltr'><strong>(ut</strong></span> <span class='ocrx_word' id='word_1_543' title='bbox 3467 3107 3596 3175; x_wconf 89' lang='lat' dir='ltr'><strong>quid</strong></span> 
     </span>
    </p>
   </div>
   <div class='ocr_carea' id='block_1_71' title="bbox 2031 3187 3598 3264">
    <p class='ocr_par' dir='ltr' id='par_1_71' title="bbox 2031 3187 3598 3264">
     <span class='ocr_line' id='line_1_71' title="bbox 2031 3187 3598 3264; baseline 0.005 -24"><span class='ocrx_word' id='word_1_544' title='bbox 2031 3187 2175 3241; x_wconf 84' lang='lat' dir='ltr'><strong>enim</strong></span> <span class='ocrx_word' id='word_1_545' title='bbox 2211 3187 2345 3241; x_wconf 87' lang='lat' dir='ltr'><strong>alios</strong></span> <span class='ocrx_word' id='word_1_546' title='bbox 2391 3201 2665 3253; x_wconf 78' lang='lat' dir='ltr'><strong>accu5em,</strong></span> <span class='ocrx_word' id='word_1_547' title='bbox 2713 3205 2837 3264; x_wconf 81' lang='lat' dir='ltr'><strong>cum</strong></span> <span class='ocrx_word' id='word_1_548' title='bbox 2905 3207 3030 3245; x_wconf 86' lang='lat' dir='ltr'><strong>vera</strong></span> <span class='ocrx_word' id='word_1_549' title='bbox 3077 3208 3242 3247; x_wconf 78' lang='lat' dir='ltr'><strong>causa</strong></span> <span class='ocrx_word' id='word_1_550' title='bbox 3285 3194 3440 3248; x_wconf 90' lang='lat' dir='ltr'><strong>nobis</strong></span> <span class='ocrx_word' id='word_1_551' title='bbox 3502 3211 3598 3263; x_wconf 88' lang='lat' dir='ltr'><strong>pa-</strong></span> 
     </span>
    </p>
   </div>
   <div class='ocr_carea' id='block_1_72' title="bbox 2033 3277 3599 3352">
    <p class='ocr_par' dir='ltr' id='par_1_72' title="bbox 2033 3277 3599 3352">
     <span class='ocr_line' id='line_1_72' title="bbox 2033 3277 3599 3352; baseline 0.006 -21"><span class='ocrx_word' id='word_1_552' title='bbox 2033 3277 2198 3346; x_wconf 85' lang='lat' dir='ltr'><strong>teat?)</strong></span> <span class='ocrx_word' id='word_1_553' title='bbox 2232 3277 2432 3332; x_wconf 87' lang='lat' dir='ltr'><strong>malunt</strong></span> <span class='ocrx_word' id='word_1_554' title='bbox 2479 3295 2650 3343; x_wconf 85' lang='lat' dir='ltr'><strong>usque</strong></span> <span class='ocrx_word' id='word_1_555' title='bbox 2683 3281 2750 3334; x_wconf 87' lang='lat' dir='ltr'><strong>ad</strong></span> <span class='ocrx_word' id='word_1_556' title='bbox 2777 3281 2917 3337; x_wconf 89' lang='lat' dir='ltr'><strong>hanc</strong></span> <span class='ocrx_word' id='word_1_557' title='bbox 2949 3283 3115 3348; x_wconf 90' lang='lat' dir='ltr'><strong>diem,</strong></span> <span class='ocrx_word' id='word_1_558' title='bbox 3152 3284 3351 3346; x_wconf 72' lang='lat' dir='ltr'><strong>miﬁli,</strong></span> <span class='ocrx_word' id='word_1_559' title='bbox 3388 3285 3599 3352; x_wconf 81' lang='lat' dir='ltr'><strong>longius</strong></span> 
     </span>
    </p>
   </div>
   <div class='ocr_carea' id='block_1_73' title="bbox 2033 3370 3596 3443">
    <p class='ocr_par' dir='ltr' id='par_1_73' title="bbox 2033 3370 3596 3443">
     <span class='ocr_line' id='line_1_73' title="bbox 2033 3370 3596 3443; baseline 0.004 -20"><span class='ocrx_word' id='word_1_560' title='bbox 2033 3386 2139 3425; x_wconf 92' lang='lat' dir='ltr'><strong>non</strong></span> <span class='ocrx_word' id='word_1_561' title='bbox 2193 3370 2480 3440; x_wconf 88' lang='lat' dir='ltr'><strong>processit,</strong></span> <span class='ocrx_word' id='word_1_562' title='bbox 2529 3372 2710 3428; x_wconf 85' lang='lat' dir='ltr'><strong>divina</strong></span> <span class='ocrx_word' id='word_1_563' title='bbox 2760 3373 2839 3429; x_wconf 90' lang='lat' dir='ltr'><strong>sic</strong></span> <span class='ocrx_word' id='word_1_564' title='bbox 2869 3373 3194 3443; x_wconf 85' lang='lat' dir='ltr'><strong>disponente</strong></span> <span class='ocrx_word' id='word_1_565' title='bbox 3253 3375 3516 3441; x_wconf 82' lang='lat' dir='ltr'><strong>bonitate,</strong></span> <span class='ocrx_word' id='word_1_566' title='bbox 3542 3384 3596 3430; x_wconf 93' lang='lat' dir='ltr'><strong>et</strong></span> 
     </span>
    </p>
   </div>
   <div class='ocr_carea' id='block_1_74' title="bbox 2031 3459 3595 3533">
    <p class='ocr_par' dir='ltr' id='par_1_74' title="bbox 2031 3459 3595 3533">
     <span class='ocr_line' id='line_1_74' title="bbox 2031 3459 3595 3533; baseline 0.004 -21"><span class='ocrx_word' id='word_1_567' title='bbox 2031 3459 2284 3517; x_wconf 70' lang='lat' dir='ltr'><strong>eﬁectum</strong></span> <span class='ocrx_word' id='word_1_568' title='bbox 2337 3461 2547 3515; x_wconf 92' lang='lat' dir='ltr'><strong>nullum</strong></span> <span class='ocrx_word' id='word_1_569' title='bbox 2596 3461 2807 3516; x_wconf 84' lang='lat' dir='ltr'><strong>habuit.</strong></span> <span class='ocrx_word' id='word_1_570' title='bbox 2848 3460 3006 3518; x_wconf 84' lang='lat' dir='ltr'><strong>Nunc</strong></span> <span class='ocrx_word' id='word_1_571' title='bbox 3036 3463 3082 3518; x_wconf 90' lang='lat' dir='ltr'><strong>si</strong></span> <span class='ocrx_word' id='word_1_572' title='bbox 3127 3463 3254 3533; x_wconf 89' lang='lat' dir='ltr'><strong>quid</strong></span> <span class='ocrx_word' id='word_1_573' title='bbox 3301 3464 3493 3518; x_wconf 87' lang='lat' dir='ltr'><strong>melius</strong></span> <span class='ocrx_word' id='word_1_574' title='bbox 3526 3465 3595 3519; x_wconf 87' lang='lat' dir='ltr'><strong>de</strong></span> 
     </span>
    </p>
   </div>
   <div class='ocr_carea' id='block_1_75' title="bbox 2033 3551 3582 3624">
    <p class='ocr_par' dir='ltr' id='par_1_75' title="bbox 2033 3551 3582 3624">
     <span class='ocr_line' id='line_1_75' title="bbox 2033 3551 3582 3624; baseline 0.004 -20"><span class='ocrx_word' id='word_1_575' title='bbox 2033 3551 2268 3606; x_wconf 87' lang='lat' dir='ltr'><strong>humana</strong></span> <span class='ocrx_word' id='word_1_576' title='bbox 2306 3552 2415 3609; x_wconf 87' lang='lat' dir='ltr'><strong>vita</strong></span> <span class='ocrx_word' id='word_1_577' title='bbox 2445 3553 2734 3608; x_wconf 89' lang='lat' dir='ltr'><strong>dicendum</strong></span> <span class='ocrx_word' id='word_1_578' title='bbox 2762 3563 2864 3617; x_wconf 85' lang='lat' dir='ltr'><strong>est,</strong></span> <span class='ocrx_word' id='word_1_579' title='bbox 2915 3555 3060 3609; x_wconf 88' lang='lat' dir='ltr'><strong>circa</strong></span> <span class='ocrx_word' id='word_1_580' title='bbox 3095 3555 3318 3609; x_wconf 86' lang='lat' dir='ltr'><strong>meliora</strong></span> <span class='ocrx_word' id='word_1_581' title='bbox 3364 3555 3582 3624; x_wconf 80' lang='lat' dir='ltr'><strong>quidem</strong></span> 
     </span>
    </p>
   </div>
   <div class='ocr_carea' id='block_1_76' title="bbox 2029 3642 3585 3710">
    <p class='ocr_par' dir='ltr' id='par_1_76' title="bbox 2029 3642 3585 3710">
     <span class='ocr_line' id='line_1_76' title="bbox 2029 3642 3585 3710; baseline 0.001 -14"><span class='ocrx_word' id='word_1_582' title='bbox 2029 3642 2388 3710; x_wconf 84' lang='lat' dir='ltr'><strong>ﬂuctuamur;</strong></span> <span class='ocrx_word' id='word_1_583' title='bbox 2426 3644 2480 3699; x_wconf 86' lang='lat' dir='ltr'><strong>in</strong></span> <span class='ocrx_word' id='word_1_584' title='bbox 2531 3644 2730 3700; x_wconf 76' lang='lat' dir='ltr'><strong>futuris</strong></span> <span class='ocrx_word' id='word_1_585' title='bbox 2777 3654 2955 3700; x_wconf 89' lang='lat' dir='ltr'><strong>autem</strong></span> <span class='ocrx_word' id='word_1_586' title='bbox 2996 3646 3132 3699; x_wconf 81' lang='lat' dir='ltr'><strong>nihil</strong></span> <span class='ocrx_word' id='word_1_587' title='bbox 3171 3645 3277 3699; x_wconf 90' lang='lat' dir='ltr'><strong>nisi</strong></span> <span class='ocrx_word' id='word_1_588' title='bbox 3319 3645 3585 3699; x_wconf 88' lang='lat' dir='ltr'><strong>incertum</strong></span> 
     </span>
    </p>
   </div>
   <div class='ocr_carea' id='block_1_77' title="bbox 2026 3736 3592 3810">
    <p class='ocr_par' dir='ltr' id='par_1_77' title="bbox 2026 3736 3592 3810">
     <span class='ocr_line' id='line_1_77' title="bbox 2026 3736 3592 3810; baseline 0 -21"><span class='ocrx_word' id='word_1_589' title='bbox 2026 3746 2079 3789; x_wconf 88' lang='lat' dir='ltr'><strong>et</strong></span> <span class='ocrx_word' id='word_1_590' title='bbox 2108 3751 2304 3789; x_wconf 89' lang='lat' dir='ltr'><strong>vanum</strong></span> <span class='ocrx_word' id='word_1_591' title='bbox 2337 3736 2604 3791; x_wconf 88' lang='lat' dir='ltr'><strong>videmus.</strong></span> <span class='ocrx_word' id='word_1_592' title='bbox 2642 3736 2817 3792; x_wconf 91' lang='lat' dir='ltr'><strong>Unum</strong></span> <span class='ocrx_word' id='word_1_593' title='bbox 2850 3751 3106 3810; x_wconf 78' lang='lat' dir='ltr'><strong>rogamus</strong></span> <span class='ocrx_word' id='word_1_594' title='bbox 3131 3737 3233 3790; x_wconf 87' lang='lat' dir='ltr'><strong>etsi</strong></span> <span class='ocrx_word' id='word_1_595' title='bbox 3261 3737 3314 3790; x_wconf 91' lang='lat' dir='ltr'><strong>in</strong></span> <span class='ocrx_word' id='word_1_596' title='bbox 3349 3751 3546 3789; x_wconf 87' lang='lat' dir='ltr'><strong>vanum</strong></span> <span class='ocrx_word' id='word_1_597' title='bbox 3575 3751 3592 3789; x_wconf 85' lang='lat'><strong>:</strong></span> 
     </span>
    </p>
   </div>
   <div class='ocr_carea' id='block_1_78' title="bbox 2025 3829 3583 3898">
    <p class='ocr_par' dir='ltr' id='par_1_78' title="bbox 2025 3829 3583 3898">
     <span class='ocr_line' id='line_1_78' title="bbox 2025 3829 3583 3898; baseline 0 -18"><span class='ocrx_word' id='word_1_598' title='bbox 2025 3836 2085 3883; x_wconf 87' lang='lat' dir='ltr'><strong>ut.</strong></span> <span class='ocrx_word' id='word_1_599' title='bbox 2115 3844 2208 3897; x_wconf 85' lang='lat' dir='ltr'><strong>per</strong></span> <span class='ocrx_word' id='word_1_600' title='bbox 2236 3839 2456 3885; x_wconf 87' lang='lat' dir='ltr'><strong>sanctas</strong></span> <span class='ocrx_word' id='word_1_601' title='bbox 2486 3844 2674 3898; x_wconf 83' lang='lat' dir='ltr'><strong>preces</strong></span> <span class='ocrx_word' id='word_1_602' title='bbox 2699 3838 2909 3883; x_wconf 89' lang='lat' dir='ltr'><strong>vestras</strong></span> <span class='ocrx_word' id='word_1_603' title='bbox 2948 3830 3130 3883; x_wconf 88' lang='lat' dir='ltr'><strong>anima</strong></span> <span class='ocrx_word' id='word_1_604' title='bbox 3178 3845 3294 3883; x_wconf 89' lang='lat' dir='ltr'><strong>mea</strong></span> <span class='ocrx_word' id='word_1_605' title='bbox 3327 3829 3583 3882; x_wconf 89' lang='lat' dir='ltr'><strong>damnum</strong></span> 
     </span>
    </p>
   </div>
   <div class='ocr_carea' id='block_1_79' title="bbox 2023 3917 3590 3988">
    <p class='ocr_par' dir='ltr' id='par_1_79' title="bbox 2023 3917 3590 3988">
     <span class='ocr_line' id='line_1_79' title="bbox 2023 3917 3590 3988; baseline 0.001 -16"><span class='ocrx_word' id='word_1_606' title='bbox 2023 3934 2129 3973; x_wconf 92' lang='lat' dir='ltr'><strong>non</strong></span> <span class='ocrx_word' id='word_1_607' title='bbox 2164 3921 2359 3988; x_wconf 87' lang='lat' dir='ltr'><strong>capiat.</strong></span> <span class='ocrx_word' id='word_1_608' title='bbox 2408 3920 2510 3973; x_wconf 79' lang='lat' dir='ltr'><strong>lles</strong></span> <span class='ocrx_word' id='word_1_609' title='bbox 2549 3931 2711 3976; x_wconf 87' lang='lat' dir='ltr'><strong>sunto</strong></span> <span class='ocrx_word' id='word_1_610' title='bbox 2756 3921 2874 3974; x_wconf 71' lang='lat' dir='ltr'><strong>alia:</strong></span> <span class='ocrx_word' id='word_1_611' title='bbox 2933 3929 3209 3987; x_wconf 85' lang='lat' dir='ltr'><strong>utcunque</strong></span> <span class='ocrx_word' id='word_1_612' title='bbox 3253 3929 3415 3984; x_wconf 90' lang='lat' dir='ltr'><strong>sunt;</strong></span> <span class='ocrx_word' id='word_1_613' title='bbox 3479 3917 3590 3973; x_wconf 80' lang='lat' dir='ltr'><strong>Dco</strong></span> 
     </span>
    </p>
   </div>
   <div class='ocr_carea' id='block_1_80' title="bbox 2021 4009 3586 4080">
    <p class='ocr_par' dir='ltr' id='par_1_80' title="bbox 2021 4009 3586 4080">
     <span class='ocr_line' id='line_1_80' title="bbox 2021 4009 3586 4080; baseline -0.003 -16"><span class='ocrx_word' id='word_1_614' title='bbox 2021 4011 2363 4080; x_wconf 86' lang='lat' dir='ltr'><strong>permittente</strong></span> <span class='ocrx_word' id='word_1_615' title='bbox 2409 4011 2477 4064; x_wconf 90' lang='lat' dir='ltr'><strong>de</strong></span> <span class='ocrx_word' id='word_1_616' title='bbox 2523 4011 2586 4064; x_wconf 90' lang='lat' dir='ltr'><strong>iis</strong></span> <span class='ocrx_word' id='word_1_617' title='bbox 2624 4027 2735 4064; x_wconf 91' lang='lat' dir='ltr'><strong>non</strong></span> <span class='ocrx_word' id='word_1_618' title='bbox 2761 4026 3038 4064; x_wconf 85' lang='lat' dir='ltr'><strong>curamus.</strong></span> <span class='ocrx_word' id='word_1_619' title='bbox 3089 4010 3456 4064; x_wconf 73' lang='lat' dir='ltr'><strong>Valetudinem</strong></span> <span class='ocrx_word' id='word_1_620' title='bbox 3490 4009 3586 4063; x_wconf 91' lang='lat' dir='ltr'><strong>tibi</strong></span> 
     </span>
    </p>
   </div>
   <div class='ocr_carea' id='block_1_81' title="bbox 349 4096 1942 4176">
    <p class='ocr_par' dir='ltr' id='par_1_81' title="bbox 349 4096 1918 4176">
     <span class='ocr_line' id='line_1_81' title="bbox 349 4096 1918 4176; baseline 0.008 -29"><span class='ocrx_word' id='word_1_621' title='bbox 349 4096 494 4164; x_wconf 90' lang='grc' dir='ltr'>μεθα</span> <span class='ocrx_word' id='word_1_622' title='bbox 522 4099 570 4150; x_wconf 80' lang='grc' dir='ltr'><strong>εἰ</strong></span> <span class='ocrx_word' id='word_1_623' title='bbox 603 4099 696 4151; x_wconf 77' lang='grc' dir='ltr'>καὶ</span> <span class='ocrx_word' id='word_1_624' title='bbox 723 4101 934 4169; x_wconf 87' lang='grc' dir='ltr'>ἀχρεῖοι</span> <span class='ocrx_word' id='word_1_625' title='bbox 959 4100 1052 4153; x_wconf 90' lang='grc' dir='ltr'><strong>τοῦ</strong></span> <span class='ocrx_word' id='word_1_626' title='bbox 1105 4103 1448 4166; x_wconf 88' lang='grc' dir='ltr'>συνοίσοντος</span> <span class='ocrx_word' id='word_1_627' title='bbox 1491 4105 1578 4156; x_wconf 80' lang='grc' dir='ltr'><strong>διὰ</strong></span> <span class='ocrx_word' id='word_1_628' title='bbox 1613 4106 1721 4157; x_wconf 88' lang='grc' dir='ltr'><strong>τῶν</strong></span> <span class='ocrx_word' id='word_1_629' title='bbox 1758 4106 1918 4176; x_wconf 89' lang='grc' dir='ltr'>ίερῶν</span> 
     </span>
    </p>
   </div>
   <div class='ocr_carea' id='block_1_82' title="bbox 2044 4096 3588 4176">
    <p class='ocr_par' dir='ltr' id='par_1_82' title="bbox 2044 4103 3588 4171">
     <span class='ocr_line' id='line_1_82' title="bbox 2044 4103 3588 4171; baseline 0.001 -16"><span class='ocrx_word' id='word_1_630' title='bbox 2044 4111 2309 4157; x_wconf 78' lang='lat' dir='ltr'><strong>:onservet</strong></span> <span class='ocrx_word' id='word_1_631' title='bbox 2333 4103 2586 4158; x_wconf 85' lang='lat' dir='ltr'><strong>Christus</strong></span> <span class='ocrx_word' id='word_1_632' title='bbox 2618 4103 2758 4157; x_wconf 87' lang='lat' dir='ltr'><strong>Deus</strong></span> <span class='ocrx_word' id='word_1_633' title='bbox 2801 4114 3018 4166; x_wconf 83' lang='lat' dir='ltr'><strong>noster;</strong></span> <span class='ocrx_word' id='word_1_634' title='bbox 3055 4111 3109 4155; x_wconf 89' lang='lat' dir='ltr'><strong>tu</strong></span> <span class='ocrx_word' id='word_1_635' title='bbox 3146 4103 3197 4155; x_wconf 90' lang='lat' dir='ltr'><strong>in</strong></span> <span class='ocrx_word' id='word_1_636' title='bbox 3226 4104 3428 4157; x_wconf 79' lang='lat' dir='ltr'><strong>sanctis</strong></span> <span class='ocrx_word' id='word_1_637' title='bbox 3460 4117 3588 4171; x_wconf 79' lang='lat' dir='ltr'><strong>pre-</strong></span> 
     </span>
    </p>
   </div>
   <div class='ocr_carea' id='block_1_83' title="bbox 347 4185 1942 4263">
    <p class='ocr_par' dir='ltr' id='par_1_83' title="bbox 347 4185 1918 4263">
     <span class='ocr_line' id='line_1_83' title="bbox 347 4185 1918 4263; baseline 0.007 -25"><span class='ocrx_word' id='word_1_638' title='bbox 347 4185 502 4254; x_wconf 79' lang='grc' dir='ltr'>ὐμῶν</span> <span class='ocrx_word' id='word_1_639' title='bbox 531 4188 708 4258; x_wconf 83' lang='grc' dir='ltr'>εὐχῶν</span> <span class='ocrx_word' id='word_1_640' title='bbox 742 4191 808 4258; x_wconf 83' lang='grc' dir='ltr'>τῇ</span> <span class='ocrx_word' id='word_1_641' title='bbox 839 4188 984 4260; x_wconf 71' lang='grc' dir='ltr'>ψυχῇ</span> <span class='ocrx_word' id='word_1_642' title='bbox 1032 4189 1106 4260; x_wconf 83' lang='grc' dir='ltr'>μὴ</span> <span class='ocrx_word' id='word_1_643' title='bbox 1139 4191 1480 4263; x_wconf 84' lang='grc' dir='ltr'>διαμαρτεῖν.</span> <span class='ocrx_word' id='word_1_644' title='bbox 1518 4194 1629 4247; x_wconf 75' lang='grc' dir='ltr'><strong>Καὶ</strong></span> <span class='ocrx_word' id='word_1_645' title='bbox 1676 4193 1918 4249; x_wconf 74' lang='grc' dir='ltr'>εστωσαν</span> 
     </span>
    </p>
   </div>
   <div class='ocr_carea' id='block_1_84' title="bbox 2044 4185 3243 4263">
    <p class='ocr_par' dir='ltr' id='par_1_84' title="bbox 2044 4194 3243 4252">
     <span class='ocr_line' id='line_1_84' title="bbox 2044 4194 3243 4252; baseline -0.004 -2"><span class='ocrx_word' id='word_1_646' title='bbox 2044 4197 2175 4251; x_wconf 80' lang='lat' dir='ltr'><strong>:ibus</strong></span> <span class='ocrx_word' id='word_1_647' title='bbox 2200 4196 2308 4252; x_wconf 89' lang='lat' dir='ltr'><strong>tuis</strong></span> <span class='ocrx_word' id='word_1_648' title='bbox 2333 4205 2530 4250; x_wconf 69' lang='lat' dir='ltr'><strong>nostra:</strong></span> <span class='ocrx_word' id='word_1_649' title='bbox 2563 4196 2882 4248; x_wconf 82' lang='lat' dir='ltr'><strong>humilitatis</strong></span> <span class='ocrx_word' id='word_1_650' title='bbox 2912 4194 3243 4247; x_wconf 79' lang='lat' dir='ltr'><strong>memineris.</strong></span> 
     </span>
    </p>
   </div>
   <div class='ocr_carea' id='block_1_85' title="bbox 345 4273 3542 4358">
    <p class='ocr_par' dir='ltr' id='par_1_85' title="bbox 345 4273 3542 4358">
     <span class='ocr_line' id='line_1_85' title="bbox 345 4273 3542 4358; baseline 0.003 -29"><span class='ocrx_word' id='word_1_651' title='bbox 345 4278 505 4330; x_wconf 75' lang='grc' dir='ltr'>ὁποῖά</span> <span class='ocrx_word' id='word_1_652' title='bbox 533 4278 651 4330; x_wconf 84' lang='grc' dir='ltr'>ποτ’</span> <span class='ocrx_word' id='word_1_653' title='bbox 690 4277 753 4330; x_wconf 82' lang='grc' dir='ltr'>ἂν</span> <span class='ocrx_word' id='word_1_654' title='bbox 780 4273 838 4350; x_wconf 81' lang='grc' dir='ltr'>ᾖ,</span> <span class='ocrx_word' id='word_1_655' title='bbox 895 4280 970 4342; x_wconf 84' lang='grc' dir='ltr'>ὡς</span> <span class='ocrx_word' id='word_1_656' title='bbox 1003 4279 1156 4334; x_wconf 76' lang='grc' dir='ltr'>οὐδὲν</span> <span class='ocrx_word' id='word_1_657' title='bbox 1186 4283 1318 4353; x_wconf 73' lang='grc' dir='ltr'>ἡμῖν</span> <span class='ocrx_word' id='word_1_658' title='bbox 1365 4285 1460 4336; x_wconf 79' lang='grc' dir='ltr'>σὺν</span> <span class='ocrx_word' id='word_1_659' title='bbox 1516 4282 1636 4353; x_wconf 82' lang='grc' dir='ltr'><strong>Θεῷ</strong></span> <span class='ocrx_word' id='word_1_660' title='bbox 1688 4285 1916 4355; x_wconf 85' lang='grc' dir='ltr'>μελήσει</span> <span class='ocrx_word' id='word_1_661' title='bbox 1959 4286 2212 4358; x_wconf 73' lang='grc' dir='ltr'>περὶτῆς</span> <span class='ocrx_word' id='word_1_662' title='bbox 2267 4286 2442 4339; x_wconf 77' lang='grc' dir='ltr'><strong>τύτών</strong></span> <span class='ocrx_word' id='word_1_663' title='bbox 2487 4285 2804 4349; x_wconf 77' lang='grc' dir='ltr'>διαθέσεως.</span> <span class='ocrx_word' id='word_1_664' title='bbox 2852 4287 3198 4358; x_wconf 71' lang='grc' dir='ltr'>Ἐῥρωμένον</span> <span class='ocrx_word' id='word_1_665' title='bbox 3236 4303 3292 4338; x_wconf 90' lang='grc' dir='ltr'><strong>σε</strong></span> <span class='ocrx_word' id='word_1_666' title='bbox 3349 4288 3542 4355; x_wconf 83' lang='grc' dir='ltr'>διαφυ-</span> 
     </span>
    </p>
   </div>
   <div class='ocr_carea' id='block_1_86' title="bbox 346 4369 3085 4454">
    <p class='ocr_par' dir='ltr' id='par_1_86' title="bbox 346 4369 3085 4454">
     <span class='ocr_line' id='line_1_86' title="bbox 346 4369 3085 4454; baseline 0.006 -34"><span class='ocrx_word' id='word_1_667' title='bbox 346 4369 494 4436; x_wconf 82' lang='grc' dir='ltr'>λάξοι</span> <span class='ocrx_word' id='word_1_668' title='bbox 531 4371 766 4441; x_wconf 79' lang='grc' dir='ltr'>Χριστὸς</span> <span class='ocrx_word' id='word_1_669' title='bbox 803 4375 831 4426; x_wconf 90' lang='grc' dir='ltr'><strong>ό</strong></span> <span class='ocrx_word' id='word_1_670' title='bbox 860 4373 993 4438; x_wconf 86' lang='grc' dir='ltr'><strong>Θεὸς</strong></span> <span class='ocrx_word' id='word_1_671' title='bbox 1037 4375 1196 4447; x_wconf 82' lang='grc' dir='ltr'>ἡμῶν</span> <span class='ocrx_word' id='word_1_672' title='bbox 1256 4381 1623 4449; x_wconf 82' lang='grc' dir='ltr'>μεμνημένον,</span> <span class='ocrx_word' id='word_1_673' title='bbox 1679 4383 1738 4436; x_wconf 86' lang='grc' dir='ltr'>ἑν</span> <span class='ocrx_word' id='word_1_674' title='bbox 1788 4387 1904 4447; x_wconf 79' lang='grc' dir='ltr'>ταῖς</span> <span class='ocrx_word' id='word_1_675' title='bbox 1943 4383 2118 4445; x_wconf 81' lang='grc' dir='ltr'>ὁσίαις</span> <span class='ocrx_word' id='word_1_676' title='bbox 2154 4383 2342 4454; x_wconf 78' lang='grc' dir='ltr'>εὐχαῖς</span> <span class='ocrx_word' id='word_1_677' title='bbox 2368 4383 2465 4453; x_wconf 78' lang='grc' dir='ltr'>τῆς</span> <span class='ocrx_word' id='word_1_678' title='bbox 2493 4383 2652 4453; x_wconf 84' lang='grc' dir='ltr'>ἡμῶν</span> <span class='ocrx_word' id='word_1_679' title='bbox 2709 4383 3085 4454; x_wconf 73' lang='grc' dir='ltr'>μετριότητος.</span> 
     </span>
    </p>
   </div>
   <div class='ocr_carea' id='block_1_87' title="bbox 899 4483 1990 4554">
    <p class='ocr_par' dir='ltr' id='par_1_87' title="bbox 899 4483 1990 4554">
     <span class='ocr_line' id='line_1_87' title="bbox 899 4483 1990 4554; baseline 0.009 -18"><span class='ocrx_word' id='word_1_680' title='bbox 899 4483 984 4538; x_wconf 81' lang='grc' dir='ltr'><strong>ΡΝ</strong></span> <span class='ocrx_word' id='word_1_681' title='bbox 993 4484 1067 4540; x_wconf 82' lang='grc' dir='ltr'><strong>Ε’·.</strong></span> <span class='ocrx_word' id='word_1_682' title='bbox 1121 4487 1211 4541; x_wconf 78' lang='grc' dir='ltr'><strong>Ἀὃ</strong></span> <span class='ocrx_word' id='word_1_683' title='bbox 1219 4487 1362 4554; x_wconf 76' lang='grc' dir='ltr'><strong>ήλῳ.</strong></span> <span class='ocrx_word' id='word_1_684' title='bbox 1947 4492 1990 4546; x_wconf 87' lang='lat' dir='ltr'><strong>D</strong></span> 
     </span>
    </p>
   </div>
   <div class='ocr_carea' id='block_1_88' title="bbox 414 4599 1958 4681">
    <p class='ocr_par' dir='ltr' id='par_1_88' title="bbox 414 4599 1958 4681">
     <span class='ocr_line' id='line_1_88' title="bbox 414 4599 1958 4681; baseline 0.008 -30"><span class='ocrx_word' id='word_1_685' title='bbox 414 4599 717 4670; x_wconf 70' lang='grc' dir='ltr'>Εὐλογητὸς</span> <span class='ocrx_word' id='word_1_686' title='bbox 747 4599 927 4664; x_wconf 86' lang='grc' dir='ltr'>όΘεὺς</span> <span class='ocrx_word' id='word_1_687' title='bbox 968 4603 995 4655; x_wconf 91' lang='grc' dir='ltr'><strong>ό</strong></span> <span class='ocrx_word' id='word_1_688' title='bbox 1040 4602 1102 4655; x_wconf 84' lang='grc' dir='ltr'>τὸ</span> <span class='ocrx_word' id='word_1_689' title='bbox 1152 4605 1311 4673; x_wconf 81' lang='grc' dir='ltr'>νέφος</span> <span class='ocrx_word' id='word_1_690' title='bbox 1368 4605 1466 4674; x_wconf 74' lang='grc' dir='ltr'>τῆς</span> <span class='ocrx_word' id='word_1_691' title='bbox 1501 4609 1596 4662; x_wconf 74' lang='grc' dir='ltr'><strong>ἐπὶ</strong></span> <span class='ocrx_word' id='word_1_692' title='bbox 1627 4610 1706 4662; x_wconf 73' lang='grc' dir='ltr'><strong>σοὶ</strong></span> <span class='ocrx_word' id='word_1_693' title='bbox 1737 4609 1913 4681; x_wconf 77' lang='grc' dir='ltr'>λύπης</span> <span class='ocrx_word' id='word_1_694' title='bbox 1955 4617 1958 4621; x_wconf 87' lang='grc'><em>’</em></span> 
     </span>
    </p>
   </div>
   <div class='ocr_carea' id='block_1_89' title="bbox 2590 4497 3018 4554">
    <p class='ocr_par' dir='ltr' id='par_1_89' title="bbox 2590 4497 3018 4554">
     <span class='ocr_line' id='line_1_89' title="bbox 2590 4497 3018 4554; baseline 0 -2"><span class='ocrx_word' id='word_1_695' title='bbox 2590 4497 2742 4554; x_wconf 77' lang='lat' dir='ltr'><strong>CLV.</strong></span> <span class='ocrx_word' id='word_1_696' title='bbox 2784 4497 3018 4553; x_wconf 83' lang='lat' dir='ltr'><strong>Incerto.</strong></span> 
     </span>
    </p>
   </div>
   <div class='ocr_carea' id='block_1_90' title="bbox 2084 4611 3577 4680">
    <p class='ocr_par' dir='ltr' id='par_1_90' title="bbox 2084 4611 3577 4680">
     <span class='ocr_line' id='line_1_90' title="bbox 2084 4611 3577 4680; baseline 0.003 -17"><span class='ocrx_word' id='word_1_697' title='bbox 2084 4611 2405 4667; x_wconf 85' lang='lat' dir='ltr'><strong>Benedictus</strong></span> <span class='ocrx_word' id='word_1_698' title='bbox 2437 4611 2582 4666; x_wconf 79' lang='lat' dir='ltr'><strong>Deus</strong></span> <span class='ocrx_word' id='word_1_699' title='bbox 2609 4611 2700 4680; x_wconf 88' lang='lat' dir='ltr'><strong>qui</strong></span> <span class='ocrx_word' id='word_1_700' title='bbox 2737 4614 2934 4666; x_wconf 84' lang='lat' dir='ltr'><strong>nubem</strong></span> <span class='ocrx_word' id='word_1_701' title='bbox 2969 4611 3178 4666; x_wconf 88' lang='lat' dir='ltr'><strong>doloris</strong></span> <span class='ocrx_word' id='word_1_702' title='bbox 3228 4611 3397 4665; x_wconf 87' lang='lat' dir='ltr'><strong>nostri</strong></span> <span class='ocrx_word' id='word_1_703' title='bbox 3429 4612 3498 4667; x_wconf 91' lang='lat' dir='ltr'><strong>ob</strong></span> <span class='ocrx_word' id='word_1_704' title='bbox 3527 4622 3577 4667; x_wconf 90' lang='lat' dir='ltr'><strong>te</strong></span> 
     </span>
    </p>
   </div>
   <div class='ocr_carea' id='block_1_91' title="bbox 341 4687 1942 4772">
    <p class='ocr_par' dir='ltr' id='par_1_91' title="bbox 341 4687 1911 4772">
     <span class='ocr_line' id='line_1_91' title="bbox 341 4687 1911 4772; baseline 0.01 -32"><span class='ocrx_word' id='word_1_705' title='bbox 341 4689 497 4760; x_wconf 74' lang='grc' dir='ltr'>ἡμῶν</span> <span class='ocrx_word' id='word_1_706' title='bbox 552 4690 929 4758; x_wconf 79' lang='grc' dir='ltr'>διασκεδάσας,</span> <span class='ocrx_word' id='word_1_707' title='bbox 966 4687 1011 4747; x_wconf 85' lang='grc' dir='ltr'>ὧ</span> <span class='ocrx_word' id='word_1_708' title='bbox 1042 4693 1297 4764; x_wconf 77' lang='grc' dir='ltr'>ἄνθρωπε</span> <span class='ocrx_word' id='word_1_709' title='bbox 1342 4699 1434 4751; x_wconf 86' lang='grc' dir='ltr'><strong>τοῦ</strong></span> <span class='ocrx_word' id='word_1_710' title='bbox 1467 4698 1623 4753; x_wconf 77' lang='grc' dir='ltr'>Θεοῦ.</span> <span class='ocrx_word' id='word_1_711' title='bbox 1667 4702 1775 4753; x_wconf 81' lang='grc' dir='ltr'><strong>Καὶ</strong></span> <span class='ocrx_word' id='word_1_712' title='bbox 1803 4703 1911 4772; x_wconf 76' lang='grc' dir='ltr'>γὰρ</span> 
     </span>
    </p>
   </div>
   <div class='ocr_carea' id='block_1_92' title="bbox 2044 4687 3575 4772">
    <p class='ocr_par' dir='ltr' id='par_1_92' title="bbox 2047 4701 3575 4772">
     <span class='ocr_line' id='line_1_92' title="bbox 2047 4701 3575 4772; baseline 0.001 -16"><span class='ocrx_word' id='word_1_713' title='bbox 2047 4702 2340 4772; x_wconf 88' lang='lat' dir='ltr'><strong>issipavit;</strong></span> <span class='ocrx_word' id='word_1_714' title='bbox 2395 4711 2521 4757; x_wconf 82' lang='lat' dir='ltr'><strong>ante</strong></span> <span class='ocrx_word' id='word_1_715' title='bbox 2566 4701 2856 4771; x_wconf 83' lang='lat' dir='ltr'><strong>epistolam</strong></span> <span class='ocrx_word' id='word_1_716' title='bbox 2919 4711 3105 4766; x_wconf 88' lang='lat' dir='ltr'><strong>tuam,</strong></span> <span class='ocrx_word' id='word_1_717' title='bbox 3162 4718 3196 4758; x_wconf 95' lang='lat' dir='ltr'><strong>o</strong></span> <span class='ocrx_word' id='word_1_718' title='bbox 3245 4704 3408 4758; x_wconf 91' lang='lat' dir='ltr'><strong>homo</strong></span> <span class='ocrx_word' id='word_1_719' title='bbox 3458 4703 3575 4771; x_wconf 86' lang='lat' dir='ltr'><strong>Dei,</strong></span> 
     </span>
    </p>
   </div>
   <div class='ocr_carea' id='block_1_93' title="bbox 341 4783 1942 4867">
    <p class='ocr_par' dir='ltr' id='par_1_93' title="bbox 341 4783 1910 4865">
     <span class='ocr_line' id='line_1_93' title="bbox 341 4783 1910 4865; baseline 0.011 -34"><span class='ocrx_word' id='word_1_720' title='bbox 341 4783 434 4834; x_wconf 80' lang='grc' dir='ltr'>καὶ</span> <span class='ocrx_word' id='word_1_721' title='bbox 463 4784 569 4852; x_wconf 76' lang='grc' dir='ltr'>πρὸ</span> <span class='ocrx_word' id='word_1_722' title='bbox 615 4783 709 4836; x_wconf 88' lang='grc' dir='ltr'><strong>τοῦ</strong></span> <span class='ocrx_word' id='word_1_723' title='bbox 769 4786 1096 4856; x_wconf 83' lang='grc' dir='ltr'>γράμματος</span> <span class='ocrx_word' id='word_1_724' title='bbox 1134 4789 1172 4858; x_wconf 70' lang='grc' dir='ltr'>ἡ</span> <span class='ocrx_word' id='word_1_725' title='bbox 1215 4789 1514 4862; x_wconf 81' lang='grc' dir='ltr'>σκυθρωπὴ</span> <span class='ocrx_word' id='word_1_726' title='bbox 1545 4794 1773 4862; x_wconf 82' lang='grc' dir='ltr'>ἀγγελία</span> <span class='ocrx_word' id='word_1_727' title='bbox 1810 4797 1910 4865; x_wconf 81' lang='grc' dir='ltr'>τῆς</span> 
     </span>
    </p>
   </div>
   <div class='ocr_carea' id='block_1_94' title="bbox 2044 4783 3580 4867">
    <p class='ocr_par' dir='ltr' id='par_1_94' title="bbox 2044 4796 3580 4867">
     <span class='ocr_line' id='line_1_94' title="bbox 2044 4796 3580 4867; baseline 0.003 -20"><span class='ocrx_word' id='word_1_728' title='bbox 2044 4796 2161 4850; x_wconf 62' lang='grc' dir='ltr'>έίειε</span> <span class='ocrx_word' id='word_1_729' title='bbox 2209 4796 2457 4850; x_wconf 87' lang='lat' dir='ltr'><strong>nuntium</strong></span> <span class='ocrx_word' id='word_1_730' title='bbox 2492 4796 2672 4850; x_wconf 85' lang='lat' dir='ltr'><strong>morbi</strong></span> <span class='ocrx_word' id='word_1_731' title='bbox 2699 4797 2780 4852; x_wconf 85' lang='lat' dir='ltr'><strong>tui</strong></span> <span class='ocrx_word' id='word_1_732' title='bbox 2806 4798 2872 4852; x_wconf 88' lang='lat' dir='ltr'><strong>ad</strong></span> <span class='ocrx_word' id='word_1_733' title='bbox 2900 4813 3059 4852; x_wconf 88' lang='lat' dir='ltr'><strong>aures</strong></span> <span class='ocrx_word' id='word_1_734' title='bbox 3087 4806 3300 4852; x_wconf 91' lang='lat' dir='ltr'><strong>nostras</strong></span> <span class='ocrx_word' id='word_1_735' title='bbox 3319 4813 3580 4867; x_wconf 81' lang='lat' dir='ltr'><strong>pervenc-</strong></span> 
     </span>
    </p>
   </div>
   <div class='ocr_carea' id='block_1_95' title="bbox 343 4874 1942 4962">
    <p class='ocr_par' dir='ltr' id='par_1_95' title="bbox 343 4874 1909 4959">
     <span class='ocr_line' id='line_1_95' title="bbox 343 4874 1909 4959; baseline 0.01 -35"><span class='ocrx_word' id='word_1_736' title='bbox 343 4877 440 4943; x_wconf 79' lang='grc' dir='ltr'>σῆς</span> <span class='ocrx_word' id='word_1_737' title='bbox 477 4874 793 4945; x_wconf 78' lang='grc' dir='ltr'>ἀρρωστίας</span> <span class='ocrx_word' id='word_1_738' title='bbox 820 4878 1097 4948; x_wconf 81' lang='grc' dir='ltr'>προσῆλθε</span> <span class='ocrx_word' id='word_1_739' title='bbox 1129 4882 1249 4942; x_wconf 88' lang='grc' dir='ltr'>ταῖς</span> <span class='ocrx_word' id='word_1_740' title='bbox 1275 4881 1434 4949; x_wconf 83' lang='grc' dir='ltr'>ἡμῶν</span> <span class='ocrx_word' id='word_1_741' title='bbox 1477 4883 1688 4951; x_wconf 81' lang='grc' dir='ltr'>ἀκοαῖς,</span> <span class='ocrx_word' id='word_1_742' title='bbox 1736 4885 1806 4938; x_wconf 80' lang='grc' dir='ltr'><strong>δι’</strong></span> <span class='ocrx_word' id='word_1_743' title='bbox 1843 4890 1909 4959; x_wconf 82' lang='grc' dir='ltr'>ῆν</span> 
     </span>
    </p>
   </div>
   <div class='ocr_carea' id='block_1_96' title="bbox 2044 4874 3570 4962">
    <p class='ocr_par' dir='ltr' id='par_1_96' title="bbox 2044 4884 3570 4962">
     <span class='ocr_line' id='line_1_96' title="bbox 2044 4884 3570 4962; baseline 0.003 -21"><span class='ocrx_word' id='word_1_744' title='bbox 2044 4901 2116 4953; x_wconf 78' lang='lat' dir='ltr'><strong>at;</strong></span> <span class='ocrx_word' id='word_1_745' title='bbox 2148 4897 2480 4962; x_wconf 84' lang='lat' dir='ltr'><strong>quapropter</strong></span> <span class='ocrx_word' id='word_1_746' title='bbox 2513 4889 2695 4942; x_wconf 87' lang='lat' dir='ltr'><strong>anima</strong></span> <span class='ocrx_word' id='word_1_747' title='bbox 2725 4884 2910 4944; x_wconf 76' lang='lat' dir='ltr'><strong>nostra</strong></span> <span class='ocrx_word' id='word_1_748' title='bbox 2942 4891 2995 4944; x_wconf 91' lang='lat' dir='ltr'><strong>in</strong></span> <span class='ocrx_word' id='word_1_749' title='bbox 3023 4890 3335 4944; x_wconf 80' lang='lat' dir='ltr'><strong>maestitiam</strong></span> <span class='ocrx_word' id='word_1_750' title='bbox 3361 4890 3570 4945; x_wconf 91' lang='lat' dir='ltr'><strong>incidit.</strong></span> 
     </span>
    </p>
   </div>
   <div class='ocr_carea' id='block_1_97' title="bbox 339 4966 1899 5050">
    <p class='ocr_par' dir='ltr' id='par_1_97' title="bbox 339 4966 1899 5050">
     <span class='ocr_line' id='line_1_97' title="bbox 339 4966 1899 5050; baseline 0.009 -30"><span class='ocrx_word' id='word_1_751' title='bbox 339 4967 431 5020; x_wconf 77' lang='grc' dir='ltr'>καὶ</span> <span class='ocrx_word' id='word_1_752' title='bbox 452 4966 530 5037; x_wconf 84' lang='grc' dir='ltr'><strong>τῷ</strong></span> <span class='ocrx_word' id='word_1_753' title='bbox 559 4968 714 5037; x_wconf 82' lang='grc' dir='ltr'>νέφει·</span> <span class='ocrx_word' id='word_1_754' title='bbox 748 4969 849 5038; x_wconf 84' lang='grc' dir='ltr'>τῆς</span> <span class='ocrx_word' id='word_1_755' title='bbox 881 4969 1118 5040; x_wconf 84' lang='grc' dir='ltr'>ἀθυμίας</span> <span class='ocrx_word' id='word_1_756' title='bbox 1163 4973 1441 5043; x_wconf 85' lang='grc' dir='ltr'>συνείχετο</span> <span class='ocrx_word' id='word_1_757' title='bbox 1471 4976 1626 5045; x_wconf 80' lang='grc' dir='ltr'>ἡμῶν</span> <span class='ocrx_word' id='word_1_758' title='bbox 1664 4979 1696 5048; x_wconf 79' lang='grc' dir='ltr'>ἡ</span> <span class='ocrx_word' id='word_1_759' title='bbox 1731 4977 1899 5050; x_wconf 74' lang='grc' dir='ltr'>ψυχή.</span> 
     </span>
    </p>
   </div>
   <div class='ocr_carea' id='block_1_98' title="bbox 343 5059 1904 5141">
    <p class='ocr_par' dir='ltr' id='par_1_98' title="bbox 343 5059 1904 5141">
     <span class='ocr_line' id='line_1_98' title="bbox 343 5059 1904 5141; baseline 0.008 -29"><span class='ocrx_word' id='word_1_760' title='bbox 343 5059 510 5112; x_wconf 80' lang='grc' dir='ltr'>’Λλλά</span> <span class='ocrx_word' id='word_1_761' title='bbox 543 5061 705 5128; x_wconf 71' lang='grc' dir='ltr'>χάρις</span> <span class='ocrx_word' id='word_1_762' title='bbox 740 5060 816 5130; x_wconf 83' lang='grc' dir='ltr'>τῷ</span> <span class='ocrx_word' id='word_1_763' title='bbox 845 5061 986 5132; x_wconf 81' lang='grc' dir='ltr'>ἁγίῳ</span> <span class='ocrx_word' id='word_1_764' title='bbox 1029 5062 1108 5132; x_wconf 81' lang='grc' dir='ltr'>τῷ</span> <span class='ocrx_word' id='word_1_765' title='bbox 1157 5063 1276 5135; x_wconf 80' lang='grc' dir='ltr'><strong>Θεῷ</strong></span> <span class='ocrx_word' id='word_1_766' title='bbox 1297 5064 1374 5132; x_wconf 82' lang='grc' dir='ltr'>τῷ</span> <span class='ocrx_word' id='word_1_767' title='bbox 1402 5065 1496 5120; x_wconf 88' lang='grc' dir='ltr'><strong>νῦν</strong></span> <span class='ocrx_word' id='word_1_768' title='bbox 1529 5067 1615 5120; x_wconf 76' lang='grc' dir='ltr'><strong>διὰ</strong></span> <span class='ocrx_word' id='word_1_769' title='bbox 1645 5070 1743 5139; x_wconf 81' lang='grc' dir='ltr'>τῆς</span> <span class='ocrx_word' id='word_1_770' title='bbox 1771 5088 1904 5141; x_wconf 85' lang='grc' dir='ltr'>παρ-</span> 
     </span>
    </p>
   </div>
   <div class='ocr_carea' id='block_1_99' title="bbox 333 5151 1900 5231">
    <p class='ocr_par' dir='ltr' id='par_1_99' title="bbox 333 5151 1900 5231">
     <span class='ocr_line' id='line_1_99' title="bbox 333 5151 1900 5231; baseline 0.007 -28"><span class='ocrx_word' id='word_1_771' title='bbox 333 5151 522 5215; x_wconf 82' lang='grc' dir='ltr'>ουσίας</span> <span class='ocrx_word' id='word_1_772' title='bbox 569 5151 679 5204; x_wconf 87' lang='grc' dir='ltr'><strong>τῶν</strong></span> <span class='ocrx_word' id='word_1_773' title='bbox 706 5154 1129 5224; x_wconf 80' lang='grc' dir='ltr'>γραμμάτωντά</span> <span class='ocrx_word' id='word_1_774' title='bbox 1144 5158 1483 5229; x_wconf 77' lang='grc' dir='ltr'>χρηστότερα</span> <span class='ocrx_word' id='word_1_775' title='bbox 1511 5161 1654 5213; x_wconf 86' lang='grc' dir='ltr'>δόντι</span> <span class='ocrx_word' id='word_1_776' title='bbox 1688 5163 1900 5231; x_wconf 86' lang='grc' dir='ltr'>μαθεῖν,</span> 
     </span>
    </p>
   </div>
   <div class='ocr_carea' id='block_1_100' title="bbox 2011 4977 3572 5050">
    <p class='ocr_par' dir='ltr' id='par_1_100' title="bbox 2011 4977 3572 5050">
     <span class='ocr_line' id='line_1_100' title="bbox 2011 4977 3572 5050; baseline -0.001 -18"><span class='ocrx_word' id='word_1_777' title='bbox 2011 4977 2114 5032; x_wconf 90' lang='lat' dir='ltr'><strong>Sed</strong></span> <span class='ocrx_word' id='word_1_778' title='bbox 2141 4979 2343 5048; x_wconf 86' lang='lat' dir='ltr'><strong>gratias</strong></span> <span class='ocrx_word' id='word_1_779' title='bbox 2384 4980 2492 5034; x_wconf 82' lang='lat' dir='ltr'><strong>Deo</strong></span> <span class='ocrx_word' id='word_1_780' title='bbox 2525 4990 2736 5046; x_wconf 85' lang='lat' dir='ltr'><strong>saneto,</strong></span> <span class='ocrx_word' id='word_1_781' title='bbox 2772 4981 2863 5050; x_wconf 91' lang='lat' dir='ltr'><strong>qui</strong></span> <span class='ocrx_word' id='word_1_782' title='bbox 2915 4981 3070 5035; x_wconf 85' lang='lat' dir='ltr'><strong>nobis</strong></span> <span class='ocrx_word' id='word_1_783' title='bbox 3109 4981 3329 5036; x_wconf 88' lang='lat' dir='ltr'><strong>meliora</strong></span> <span class='ocrx_word' id='word_1_784' title='bbox 3359 4996 3572 5034; x_wconf 61' lang='lat' dir='ltr'><strong>annuit»</strong></span> 
     </span>
    </p>
   </div>
   <div class='ocr_carea' id='block_1_101' title="bbox 2013 5067 3566 5138">
    <p class='ocr_par' dir='ltr' id='par_1_101' title="bbox 2013 5067 3566 5138">
     <span class='ocr_line' id='line_1_101' title="bbox 2013 5067 3566 5138; baseline 0.003 -18"><span class='ocrx_word' id='word_1_785' title='bbox 2013 5067 2134 5120; x_wconf 89' lang='lat' dir='ltr'><strong>tiari</strong></span> <span class='ocrx_word' id='word_1_786' title='bbox 2167 5077 2221 5122; x_wconf 87' lang='lat' dir='ltr'><strong>et</strong></span> <span class='ocrx_word' id='word_1_787' title='bbox 2273 5081 2324 5123; x_wconf 89' lang='lat' dir='ltr'><strong>te</strong></span> <span class='ocrx_word' id='word_1_788' title='bbox 2356 5069 2538 5138; x_wconf 91' lang='lat' dir='ltr'><strong>ipsum</strong></span> <span class='ocrx_word' id='word_1_789' title='bbox 2588 5071 2804 5124; x_wconf 88' lang='lat' dir='ltr'><strong>sanitati</strong></span> <span class='ocrx_word' id='word_1_790' title='bbox 2839 5072 3146 5126; x_wconf 86' lang='lat' dir='ltr'><strong>restitutum</strong></span> <span class='ocrx_word' id='word_1_791' title='bbox 3200 5072 3388 5126; x_wconf 84' lang='lat' dir='ltr'><strong>voluit.</strong></span> <span class='ocrx_word' id='word_1_792' title='bbox 3444 5070 3566 5124; x_wconf 72' lang='lat' dir='ltr'><strong>Haec</strong></span> 
     </span>
    </p>
   </div>
   <div class='ocr_carea' id='block_1_102' title="bbox 2012 5159 3564 5224">
    <p class='ocr_par' dir='ltr' id='par_1_102' title="bbox 2012 5159 3564 5224">
     <span class='ocr_line' id='line_1_102' title="bbox 2012 5159 3564 5224; baseline 0.003 -12"><span class='ocrx_word' id='word_1_793' title='bbox 2012 5159 2230 5224; x_wconf 85' lang='lat' dir='ltr'><strong>quidem</strong></span> <span class='ocrx_word' id='word_1_794' title='bbox 2264 5160 2329 5213; x_wconf 84' lang='lat' dir='ltr'><strong>de</strong></span> <span class='ocrx_word' id='word_1_795' title='bbox 2361 5161 2687 5216; x_wconf 87' lang='lat' dir='ltr'><strong>valetudine.</strong></span> <span class='ocrx_word' id='word_1_796' title='bbox 2721 5163 2796 5216; x_wconf 89' lang='lat' dir='ltr'><strong>De</strong></span> <span class='ocrx_word' id='word_1_797' title='bbox 2830 5163 3164 5217; x_wconf 88' lang='lat' dir='ltr'><strong>cubiculario</strong></span> <span class='ocrx_word' id='word_1_798' title='bbox 3197 5176 3376 5218; x_wconf 81' lang='lat' dir='ltr'><strong>autem</strong></span> <span class='ocrx_word' id='word_1_799' title='bbox 3409 5178 3564 5217; x_wconf 84' lang='lat' dir='ltr'><strong>reve-</strong></span> 
     </span>
    </p>
   </div>
   <div class='ocr_carea' id='block_1_103' title="bbox 335 5244 1942 5326">
    <p class='ocr_par' dir='ltr' id='par_1_103' title="bbox 335 5244 1904 5324">
     <span class='ocr_line' id='line_1_103' title="bbox 335 5244 1904 5324; baseline 0.009 -30"><span class='ocrx_word' id='word_1_800' title='bbox 335 5245 426 5295; x_wconf 74' lang='grc' dir='ltr'>καὶ</span> <span class='ocrx_word' id='word_1_801' title='bbox 471 5244 573 5312; x_wconf 80' lang='grc' dir='ltr'>τῆς</span> <span class='ocrx_word' id='word_1_802' title='bbox 620 5245 714 5296; x_wconf 71' lang='grc' dir='ltr'><strong>ἐπὶ</strong></span> <span class='ocrx_word' id='word_1_803' title='bbox 769 5246 850 5298; x_wconf 75' lang='grc' dir='ltr'>σοὶ</span> <span class='ocrx_word' id='word_1_804' title='bbox 903 5247 1274 5314; x_wconf 81' lang='grc' dir='ltr'>ἀπαλλάξαντι</span> <span class='ocrx_word' id='word_1_805' title='bbox 1331 5251 1539 5321; x_wconf 79' lang='grc' dir='ltr'>λύπης·</span> <span class='ocrx_word' id='word_1_806' title='bbox 1588 5253 1759 5306; x_wconf 83' lang='grc' dir='ltr'>ταῦτα</span> <span class='ocrx_word' id='word_1_807' title='bbox 1803 5255 1904 5324; x_wconf 84' lang='grc' dir='ltr'>μὲν</span> 
     </span>
    </p>
   </div>
   <div class='ocr_carea' id='block_1_104' title="bbox 2044 5244 3563 5326">
    <p class='ocr_par' dir='ltr' id='par_1_104' title="bbox 2044 5253 3563 5326">
     <span class='ocr_line' id='line_1_104' title="bbox 2044 5253 3563 5326; baseline 0.001 -19"><span class='ocrx_word' id='word_1_808' title='bbox 2044 5253 2174 5308; x_wconf 62' lang='lat' dir='ltr'><strong>Bulla</strong></span> <span class='ocrx_word' id='word_1_809' title='bbox 2221 5265 2400 5309; x_wconf 85' lang='lat' dir='ltr'><strong>vestra</strong></span> <span class='ocrx_word' id='word_1_810' title='bbox 2453 5272 2520 5311; x_wconf 92' lang='lat' dir='ltr'><strong>ne</strong></span> <span class='ocrx_word' id='word_1_811' title='bbox 2548 5257 2619 5312; x_wconf 87' lang='lat' dir='ltr'><strong>sit</strong></span> <span class='ocrx_word' id='word_1_812' title='bbox 2661 5258 2894 5313; x_wconf 88' lang='lat' dir='ltr'><strong>sollicita</strong></span> <span class='ocrx_word' id='word_1_813' title='bbox 2924 5277 2937 5326; x_wconf 90' lang='lat'><strong>;</strong></span> <span class='ocrx_word' id='word_1_814' title='bbox 2969 5268 3027 5313; x_wconf 92' lang='lat' dir='ltr'><strong>ut</strong></span> <span class='ocrx_word' id='word_1_815' title='bbox 3079 5259 3221 5312; x_wconf 88' lang='lat' dir='ltr'><strong>enim</strong></span> <span class='ocrx_word' id='word_1_816' title='bbox 3254 5257 3563 5311; x_wconf 86' lang='lat' dir='ltr'><strong>mandatum</strong></span> 
     </span>
    </p>
   </div>
   <div class='ocr_carea' id='block_1_105' title="bbox 341 5337 1942 5420">
    <p class='ocr_par' dir='ltr' id='par_1_105' title="bbox 341 5337 1902 5413">
     <span class='ocr_line' id='line_1_105' title="bbox 341 5337 1902 5413; baseline 0.009 -26"><span class='ocrx_word' id='word_1_817' title='bbox 341 5337 584 5405; x_wconf 73' lang='grc' dir='ltr'>περὶτοῦ</span> <span class='ocrx_word' id='word_1_818' title='bbox 624 5340 990 5408; x_wconf 84' lang='grc' dir='ltr'>κατασχόντος</span> <span class='ocrx_word' id='word_1_819' title='bbox 1024 5341 1350 5411; x_wconf 84' lang='grc' dir='ltr'>νοσήματος.</span> <span class='ocrx_word' id='word_1_820' title='bbox 1391 5345 1524 5413; x_wconf 70' lang='grc' dir='ltr'>Περὶ</span> <span class='ocrx_word' id='word_1_821' title='bbox 1558 5345 1614 5398; x_wconf 68' lang='grc' dir='ltr'>δὲ</span> <span class='ocrx_word' id='word_1_822' title='bbox 1649 5346 1740 5399; x_wconf 83' lang='grc' dir='ltr'><strong>τοῦ</strong></span> <span class='ocrx_word' id='word_1_823' title='bbox 1774 5365 1902 5401; x_wconf 78' lang='grc' dir='ltr'>κου-</span> 
     </span>
    </p>
   </div>
   <div class='ocr_carea' id='block_1_106' title="bbox 2044 5337 3564 5420">
    <p class='ocr_par' dir='ltr' id='par_1_106' title="bbox 2044 5347 3564 5420">
     <span class='ocr_line' id='line_1_106' title="bbox 2044 5347 3564 5420; baseline 0.003 -21"><span class='ocrx_word' id='word_1_824' title='bbox 2044 5347 2207 5415; x_wconf 73' lang='lat' dir='ltr'><strong>agium</strong></span> <span class='ocrx_word' id='word_1_825' title='bbox 2234 5349 2456 5417; x_wconf 83' lang='lat' dir='ltr'><strong>jusserit</strong></span> <span class='ocrx_word' id='word_1_826' title='bbox 2484 5351 2746 5420; x_wconf 89' lang='lat' dir='ltr'><strong>quosdam</strong></span> <span class='ocrx_word' id='word_1_827' title='bbox 2773 5352 3233 5408; x_wconf 73' lang='lat' dir='ltr'><strong>Cubiculariorum</strong></span> <span class='ocrx_word' id='word_1_828' title='bbox 3267 5349 3564 5417; x_wconf 74' lang='lat' dir='ltr'><strong>pellendos.</strong></span> 
     </span>
    </p>
   </div>
   <div class='ocr_carea' id='block_1_107' title="bbox 336 5423 1898 5506">
    <p class='ocr_par' dir='ltr' id='par_1_107' title="bbox 336 5423 1898 5506">
     <span class='ocr_line' id='line_1_107' title="bbox 336 5423 1898 5506; baseline 0.011 -32"><span class='ocrx_word' id='word_1_829' title='bbox 336 5423 668 5478; x_wconf 74' lang='grc' dir='ltr'>ϐουκλεισίου</span> <span class='ocrx_word' id='word_1_830' title='bbox 704 5427 971 5498; x_wconf 83' lang='grc' dir='ltr'>μηδεμίαν</span> <span class='ocrx_word' id='word_1_831' title='bbox 1019 5430 1052 5499; x_wconf 80' lang='grc' dir='ltr'>ή</span> <span class='ocrx_word' id='word_1_832' title='bbox 1086 5431 1152 5500; x_wconf 80' lang='grc' dir='ltr'>σὴ</span> <span class='ocrx_word' id='word_1_833' title='bbox 1190 5432 1406 5502; x_wconf 82' lang='grc' dir='ltr'>ὁσιότης</span> <span class='ocrx_word' id='word_1_834' title='bbox 1457 5436 1668 5502; x_wconf 80' lang='grc' dir='ltr'>φερέτω</span> <span class='ocrx_word' id='word_1_835' title='bbox 1699 5436 1898 5506; x_wconf 65' lang='grc' dir='ltr'>θλίψιν.</span> 
     </span>
    </p>
   </div>
   <div class='ocr_carea' id='block_1_108' title="bbox 337 5511 1897 5597">
    <p class='ocr_par' dir='ltr' id='par_1_108' title="bbox 337 5511 1897 5597">
     <span class='ocr_line' id='line_1_108' title="bbox 337 5511 1897 5597; baseline 0.013 -35"><span class='ocrx_word' id='word_1_836' title='bbox 337 5511 395 5563; x_wconf 74' lang='grc' dir='ltr'><strong>ΕΞ</strong></span> <span class='ocrx_word' id='word_1_837' title='bbox 425 5514 535 5581; x_wconf 80' lang='grc' dir='ltr'>γὰρ</span> <span class='ocrx_word' id='word_1_838' title='bbox 562 5515 656 5566; x_wconf 80' lang='grc' dir='ltr'>καὶ</span> <span class='ocrx_word' id='word_1_839' title='bbox 678 5517 867 5582; x_wconf 76' lang='grc' dir='ltr'>γέγονε</span> <span class='ocrx_word' id='word_1_840' title='bbox 907 5517 1157 5588; x_wconf 77' lang='grc' dir='ltr'>βασιλικὴ</span> <span class='ocrx_word' id='word_1_841' title='bbox 1193 5521 1485 5590; x_wconf 77' lang='grc' dir='ltr'>πρόσταξις</span> <span class='ocrx_word' id='word_1_842' title='bbox 1518 5524 1610 5576; x_wconf 83' lang='grc' dir='ltr'><strong>τοῦ</strong></span> <span class='ocrx_word' id='word_1_843' title='bbox 1655 5527 1897 5597; x_wconf 78' lang='grc' dir='ltr'>ἐξωσθῆ-</span> 
     </span>
    </p>
   </div>
   <div class='ocr_carea' id='block_1_109' title="bbox 397 5690 786 5752">
    <p class='ocr_par' dir='ltr' id='par_1_109' title="bbox 397 5690 786 5752">
     <span class='ocr_line' id='line_1_109' title="bbox 397 5690 786 5752; baseline 0.013 -9"><span class='ocrx_word' id='word_1_844' title='bbox 397 5690 416 5720; x_wconf 85' lang='grc'>³</span> <span class='ocrx_word' id='word_1_845' title='bbox 440 5693 590 5746; x_wconf 78' lang='lat' dir='ltr'><strong>Psal.</strong></span> <span class='ocrx_word' id='word_1_846' title='bbox 624 5711 697 5752; x_wconf 67' lang='lat' dir='ltr'><strong>xx.</strong></span> <span class='ocrx_word' id='word_1_847' title='bbox 734 5695 786 5748; x_wconf 71' lang='lat' dir='ltr'><strong>il.</strong></span> 
     </span>
    </p>
   </div>
   <div class='ocr_carea' id='block_1_110' title="bbox 2002 5439 3560 5499">
    <p class='ocr_par' dir='ltr' id='par_1_110' title="bbox 2002 5439 3560 5499">
     <span class='ocr_line' id='line_1_110' title="bbox 2002 5439 3560 5499; baseline 0.004 -9"><span class='ocrx_word' id='word_1_848' title='bbox 2002 5439 2132 5492; x_wconf 91' lang='lat' dir='ltr'><strong>nihil</strong></span> <span class='ocrx_word' id='word_1_849' title='bbox 2169 5439 2475 5495; x_wconf 83' lang='lat' dir='ltr'><strong>istiusmodi</strong></span> <span class='ocrx_word' id='word_1_850' title='bbox 2509 5441 2563 5496; x_wconf 92' lang='lat' dir='ltr'><strong>iu</strong></span> <span class='ocrx_word' id='word_1_851' title='bbox 2628 5457 2875 5499; x_wconf 82' lang='lat' dir='ltr'><strong>nostrum</strong></span> <span class='ocrx_word' id='word_1_852' title='bbox 2923 5445 3195 5499; x_wconf 87' lang='lat' dir='ltr'><strong>decretum</strong></span> <span class='ocrx_word' id='word_1_853' title='bbox 3226 5453 3309 5497; x_wconf 88' lang='lat' dir='ltr'><strong>est</strong></span> <span class='ocrx_word' id='word_1_854' title='bbox 3341 5452 3436 5496; x_wconf 91' lang='lat' dir='ltr'><strong>aut</strong></span> <span class='ocrx_word' id='word_1_855' title='bbox 3462 5442 3560 5496; x_wconf 85' lang='lat' dir='ltr'><strong>de-</strong></span> 
     </span>
    </p>
   </div>
   <div class='ocr_carea' id='block_1_111' title="bbox 1999 5534 3558 5607">
    <p class='ocr_par' dir='ltr' id='par_1_111' title="bbox 1999 5534 3558 5607">
     <span class='ocr_line' id='line_1_111' title="bbox 1999 5534 3558 5607; baseline 0.003 -22"><span class='ocrx_word' id='word_1_856' title='bbox 1999 5542 2246 5586; x_wconf 80' lang='lat' dir='ltr'><strong>cernetur</strong></span> <span class='ocrx_word' id='word_1_857' title='bbox 2279 5547 2294 5586; x_wconf 87' lang='lat'><strong>:</strong></span> <span class='ocrx_word' id='word_1_858' title='bbox 2330 5534 2382 5587; x_wconf 91' lang='lat' dir='ltr'><strong>in</strong></span> <span class='ocrx_word' id='word_1_859' title='bbox 2409 5549 2507 5589; x_wconf 85' lang='lat' dir='ltr'><strong>sua</strong></span> <span class='ocrx_word' id='word_1_860' title='bbox 2544 5537 2687 5591; x_wconf 89' lang='lat' dir='ltr'><strong>enim</strong></span> <span class='ocrx_word' id='word_1_861' title='bbox 2717 5538 2979 5607; x_wconf 89' lang='lat' dir='ltr'><strong>dignitate</strong></span> <span class='ocrx_word' id='word_1_862' title='bbox 3003 5543 3054 5591; x_wconf 88' lang='lat' dir='ltr'><strong>et</strong></span> <span class='ocrx_word' id='word_1_863' title='bbox 3085 5550 3313 5592; x_wconf 86' lang='lat' dir='ltr'><strong>munere</strong></span> <span class='ocrx_word' id='word_1_864' title='bbox 3340 5552 3558 5607; x_wconf 78' lang='lat' dir='ltr'><strong>penna~</strong></span> 
     </span>
    </p>
   </div>
  </div>
