4088 6208
477 229 581 287 39.3
1571 242 1881 303 NlCOLAl
1923 240 2034 298 cp.
2078 212 2589 302 PATmARCI-LE
3630 246 3734 306 38t
3796 219 3803 226 ’

483 342 652 393 nebit.
687 342 742 394 Si
777 344 938 413 hujus
988 347 1062 400 rei
1090 348 1274 416 'gratia
1306 351 1634 421 afﬂigeretur
1678 353 1922 406 animus.
1953 347 2055 399 noli

2171 351 2260 403 ναί
2286 368 2439 414 τινας
2484 354 2592 404 τῶν
2632 353 3107 419 κουϐουκλεισίων,
3143 357 3256 411 ἀλλ’
3298 360 3378 421 είς
3407 358 3496 411 τὸν
3520 357 3610 411 σὺν
3641 353 3735 411 καὶ

477 433 748 488 sollicitus
787 423 946 504 esse;
990 439 1118 504 imo,
1152 443 1482 496 concedente
1519 445 1650 504 Deo,
1699 453 1749 494 te
1809 441 1876 493 ah
1912 439 2055 494 omni

2172 441 2438 510 ἡμέτερον
2494 443 2646 496 οὐδὲν
2688 443 2928 506 τοιοῦτον
2957 445 3080 498 οὔτε
3120 449 3364 515 γέγονεν,
3421 449 3546 503 οῦτε
3574 448 3737 516 γενή-

474 521 787 581 infirmitate
821 530 1106 584 liberatum
1141 549 1264 588 esse
1293 535 1452 588 nobis
1479 533 1779 587 nuntiabis.

2177 547 2350 584 σεται.
2397 531 2589 585 Ἔσται
2639 533 2696 586 δὲ
2753 532 2941 605 ὥσπερ
2977 537 3082 606 πρὸ
3121 539 3311 594 τούτου
3342 541 3401 592 ὲν
3447 539 3524 609 τῷ
3549 539 3736 608 οἰκείῳ

475 616 655 682 μένων
713 617 1003 688 ἀξιώματι,
1065 623 1159 675 καὶ
1214 625 1310 691 τῆς
1366 625 1510 678 κατὰ
1545 624 1842 692 πρόσωπον
1886 621 2043 690 ἡμῶν
2090 622 2164 691 μὴ
2187 622 2664 694 ἀποστερούμενος
2717 628 3150 696 παραστάσεωςο
3218 631 3361 684 ὥστε
3395 634 3447 684 εἰ
3489 648 3542 683 τι
3570 631 3734 700 χάριν

475 705 667 759 τούτου
723 711 1072 781 παρηνώχλει
1134 717 1200 783 τῇ
1257 718 1323 784 σῇ
1382 715 1527 786 ψυχῇ
1580 715 1845 784 λυπηρὶν,
1893 712 2054 766 τοῦτο
2093 713 2324 780 ἅπὸθου,
2389 718 2483 768 καὶ
2524 716 2659 768 Θεοῦ
2699 719 3094 784 κατανεύοντος
3169 722 3267 792 τῆς
3313 721 3525 786 τελείας
3565 720 3737 774 ἀπαλ-

475 799 646 868 λαγῆς
675 805 772 874 τῆς
811 806 1121 875 ἀρρωστίας
1145 810 1326 880 ἡκέτω
1356 811 1426 862 τὰ
1451 810 1771 878 εὐαγγέλια.

853 939 1032 996 CLVI.
1074 942 1310 997 Ronmno
1344 946 1676 1013 imperatori.

548 1075 769 1131 Domine
814 1086 868 1131 et
897 1079 994 1144 fili,
1047 1081 1346 1149 glorificate
1401 1083 1455 1136 in
1503 1083 1636 1136 Deo.
1681 1080 1836 1134 Sicut
1900 1077 2056 1146 plaga

478 1183 670 1236 magna
693 1179 747 1222 et
772 1171 1034 1225 acerbum
1062 1172 1297 1227 aﬂerens
1319 1174 1562 1229 dolorem
1589 1173 1692 1227 fuit
1718 1182 1806 1226 tua
1836 1185 1866 1224 a
1897 1167 2056 1222 nobis

477 1261 776 1327 separatio.
813 1264 1062 1318 Attamen
1093 1265 1528 1329 consideremus,
1559 1265 1704 1334 quod
1732 1273 1786 1318 et
1811 1263 1899 1316 hic
1917 1260 2059 1316 sicut

480 1351 532 1404 in
571 1355 784 1409 cancris
807 1357 1062 1411 omnibus
1081 1373 1140 1411 se
1159 1358 1563 1414 benefactorem
1584 1355 2054 1428 praebueritjDens.

482 1439 687 1495 Etenim
741 1443 812 1514 si,
866 1447 1010 1514 quod
1074 1448 1212 1511 dixi,
1275 1449 1599 1503 necessitate
1650 1446 1904 1516 contigit,
1963 1443 2052 1498 cui

478 1533 658 1600 potius
707 1538 1073 1604 separationis
1121 1540 1280 1594 dolor
1329 1539 1587 1596 ferendus
1633 1549 1752 1594 erat
1802 1557 1815 1593 :
1857 1537 2048 1600 tibine,

2527 941 2620 992 PN
2629 944 2680 1008 ς
2679 949 2715 994 '.
2753 942 2765 960 '
2781 946 2914 1012 Ρωμ
2929 943 3055 1010 (ira)
3091 945 3358 1008 βασιλεῖ.

2226 1074 2470 1142 Δέσποτα
2507 1075 2604 1128 καὶ
2643 1075 2836 1130 τέκνον
2875 1079 3269 1149 δεδοξασμένον
3313 1080 3418 1133 ὑπὸ
3465 1080 3624 1148 Θεοῦ,
3653 1084 3726 1148 ὡς

2163 1165 2264 1232 μὲν
2297 1167 2328 1235 ἠ
2361 1165 2546 1236 πληγὴ
2577 1169 2790 1238 μεγάλη
2823 1171 2917 1222 καὶ⁵
2960 1172 3167 1241 πικράν
3211 1173 3453 1243 φέρουσα
3490 1175 3588 1245 τήν
3615 1174 3730 1226 ὀδύ-

2162 1273 2260 1325 νην
2290 1257 2323 1330 ἢ
2353 1257 2590 1331 ἐκείνην,
2637 1260 2777 1331 ὅπερ
2802 1262 2896 1316 καὶ
2920 1263 3144 1331 γέγονεν
3175 1263 3234 1330 ἐξ
3268 1265 3428 1335 ήμῶν
3466 1267 3731 1337 χωρισθῆ·

2165 1365 2252 1400 ναι
2281 1365 2294 1378 ο
2333 1349 2664 1420 σκεψώμεθα
2713 1352 2826 1416 οὖν,
2857 1354 2940 1407 ὅτι
2981 1355 3075 1408 καὶ
3113 1356 3172 1408 ἐν
3223 1356 3399 1426 τούτῳ
3441 1357 3630 1428 ὥσπερ
3679 1359 3736 1411 ὲν

2163 1442 2274 1503 τοῖς
2329 1441 2508 1506 ἄλλοις
2561 1443 2924 1514 εὐεργέτησεν
2953 1448 3101 1516 ἡμᾶς
3139 1449 3168 1502 ὁ
3192 1448 3342 1510 Θεός.
3375 1450 3436 1502 Εἰ
3469 1449 3576 1520 γὰρ
3599 1451 3737 1518 ὅπερ

2161 1527 2315 1584 εἷπον
2346 1534 2559 1605 ἀνάγκη
2614 1539 2908 1609 συμϐῆναι,
2962 1539 3083 1593 τίνα
3132 1540 3334 1609 μᾶλλον
3399 1541 3506 1594 ἔδει
3540 1541 3640 1612 τὴν
3672 1544 3737 1594 ὲκ

478 1627 569 1693 qui
621 1629 811 1683 fortior
842 1632 895 1684 in
929 1633 1227 1687 tolerandis
1282 1634 1546 1698 miseriis,
1574 1650 1642 1688 an
1675 1633 1751 1687 illi
1779 1646 1900 1701 qua:
1924 1645 2046 1683 mu-

2159 1623 2250 1676 τοῦ
2280 1624 2645 1700 διαχωρισμοῦ
2695 1631 2982 1700 ὑπομεῖναι
3030 1632 3258 1702 ὀδύνην,
3323 1633 3382 1685 οὲ
3429 1633 3522 1686 τὸν
3577 1634 3739 1688 δυνά-

479 1719 631 1772 liebri
679 1720 969 1790 fragilitate
994 1726 1216 1779 omnino
1247 1726 1495 1790 cadebat,
1530 1733 1584 1779 et
1621 1724 1825 1779 doloris
1855 1721 2042 1791 gravi-

482 1818 592 1861 tate
631 1810 894 1879 imposita
945 1812 1134 1883 (quem
1174 1815 1382 1868 utinam
1418 1816 1706 1870 avertisset
1747 1811 1951 1874 Deus!)
1985 1810 2052 1864 de

478 1901 654 1967 seipsa
701 1905 1002 1971 desperans
1057 1914 1111 1960 et
1161 1921 1271 1975 prae
1321 1907 1510 1962 dolore
1578 1907 1634 1960 in
1689 1902 2054 1958 contumelias

479 1996 687 2043 contra‘
713 1991 882 2046 Deum
916 2003 970 2047 et
1021 1995 1390 2065 blasphemias
1439 1995 1722 2066 prorupit?
1772 1993 1920 2048 Hanc
1956 1992 2051 2046 tibi

478 2084 624 2141 Deus
683 2097 902 2142 creator
947 2097 997 2143 et
1048 2091 1303 2146 connubii
1363 2100 1557 2148 auctor
1619 2091 1981 2158 conjunxerat
2037 2104 2052 2141 ε

478 2179 682 2246 gratias
721 2195 950 2249 agamus
1006 2198 1103 2249 pro
1156 2183 1435 2237 beneﬁciis
1481 2183 1682 2253 quibus
1723 2180 2056 2251 perfruimur

476 2271 630 2337 juxta
703 2271 1104 2340 beneplaeitum
1168 2274 1405 2342 ipsius;
1479 2288 1666 2329 curam
1720 2275 1882 2348 habet
1933 2271 2056 2325 vitae

479 2373 678 2414 nostra:
723 2371 774 2414 et
851 2363 973 2416 vitae
1028 2363 1274 2420 onminm
1319 2365 1657 2419 credentium
1734 2363 1790 2416 in
1852 2363 2053 2430 ipsum,

477 2468 710 2520 quorum
747 2465 799 2507 tu
847 2454 1010 2508 etiam
1067 2472 1148 2520 es,
1180 2456 1435 2522 domine;
1474 2457 1540 2511 ad
1566 2457 1847 2511 utilitatem
1873 2453 2059 2522 dirigit

478 2545 712 2614 negotia.
761 2547 1105 2614 Ahjiciamus
1163 2564 1293 2618 ergo
1345 2565 1543 2620 pravas
1625 2548 1956 2618 cupiditates
2004 2552 2058 2601 et

479 2638 755 2693 tristitiam
802 2654 868 2694 ne
929 2657 1029 2710 pro
1060 2643 1300 2711 querelis
1331 2643 1531 2698 nostris
1556 2654 1749 2698 contra
1793 2642 2056 2713 judicium

479 2729 720 2783 divinum
750 2733 1199 2789 condemnemur.
1226 2733 1356 2800 Quae
1386 2736 1580 2792 beatus
1609 2737 1866 2804 propheta
1895 2734 2058 2788 David

478 2819 544 2873 de
572 2819 682 2874 filio
725 2837 824 2875 suo
854 2823 1013 2885 dixit,
1083 2827 1252 2893 probe
1313 2826 1480 2887 nosti,
1537 2834 1592 2878 et
1639 2827 1703 2879 de
1766 2826 1870 2878 huc
1919 2824 2057 2878 scri-

482 2913 610 2964 bere
641 2913 975 2980 superfluum
1029 2916 1284 2978 videtur;
1328 2918 1418 2969 sed
1450 2927 1770 2970 exlerornm
1812 2917 2052 2972 virorum

481 3005 990 3072 magnanimitatem
1020 3006 1088 3060 ob
1117 3007 1530 3063 similitudinem
1561 3008 1765 3063 citabo.

552 3371 608 3422 ιιι
678 3370 1050 3426 Romanorum
1116 3376 1387 3443 imperio,
1446 3384 1740 3445 antequam
1799 3375 2055 3430 Christus

485 3461 626 3516 lL-ns
711 3480 823 3518 sure
888 3466 1140 3532 potestati
1205 3467 1570 3536 subjecisset,
1636 3469 1856 3536 quidam
1924 3469 2057 3522 vixit

484 3549 764 3608 .Emilins.
830 3554 885 3607 Si
962 3556 1200 3611 hominis
1265 3574 1462 3612 nomen
1527 3568 1580 3613 et
1641 3560 1895 3613 virtutem
1959 3575 2054 3613 co-

481 3660 745 3710 gnoscr-re
789 3646 908 3707 \‘is,
973 3647 1059 3699 hic
1105 3648 1320 3703 duobus
1362 3650 1486 3703 filiis
1541 3651 1729 3703 eodem
1783 3651 1870 3704 die
1907 3666 2054 3704 inor-

483 3736 629 3799 tuis,
693 3738 932 3791 anitnam
989 3738 1180 3793 dolore
1235 3739 1509 3810 perit-angi
1562 3757 1668 3794 non
1729 3741 2054 3809 sivit,|nrc

479 3828 610 3898 quid
632 3814 810 3883 simile
844 3845 1037 3898 passus
1071 3841 1147 3885 est
1186 3833 1331 3900 quod
1368 3833 1727 3902 experiuntur
1751 3833 1784 3886 ii
1814 3833 1902 3902 qui
1938 3849 2056 3887 sese

483 3928 704 3989 pr0pter
768 3930 1015 3976 mortuos
1071 3922 1392 3977 dilacerant.
1455 3921 1596 3989 Quid
1663 3925 1826 3994 igitur
1879 3925 2040 3994 egit?

487 4029 505 4062 ι
547 4009 768 4067 Gratias
836 4028 958 4082 ago,
1013 4014 1172 4078 dixit,
1218 4014 1361 4083 quod
1439 4029 1537 4084 per
1615 4031 1779 4070 omne
1845 4027 2057 4087 tempus

480 4117 590 4170 quo
643 4103 784 4157 Deus
863 4105 1034 4158 voluit
1105 4115 1162 4160 ut
1247 4108 1509 4171 viverent,
1572 4107 1639 4161 de
1705 4125 1770 4162 eo
1842 4111 2057 4180 gavisus

482 4195 582 4248 sim
609 4197 752 4264 quod
807 4213 872 4249 ex
929 4197 1136 4252 semine
1181 4214 1302 4252 meo
1357 4199 1524 4268 geniti
1567 4210 1772 4255 essent.
1824 4201 1927 4255 Sed
1990 4218 2058 4255 ne

2156 1731 2316 1784 μενον
2372 1719 2573 1789 μᾶλλον
2621 1721 2913 1794 ὑποφέρειν
2963 1723 3026 1776 ea
3085 1723 3271 1792 ἄλγος,
3309 1725 3343 1794 ἦ
3391 1723 3608 1793 ἐκείνην
3635 1725 3736 1795 τὴν

2153 1805 2240 1860 διὰ
2286 1809 2384 1880 τὴν
2453 1814 2771 1878 γυναικείαν
2821 1813 3111 1868 ἀσθένειαν
3175 1815 3476 1885 μέλλουσαν
3532 1831 3734 1868 παντε-

2154 1898 2263 1959 λῶς
2305 1901 2578 1968 ὀκλάζειν,
2614 1905 2710 1957 καὶ
2742 1905 2878 1975 πρὸς
2915 1906 2977 1958 τὸ
3019 1906 3183 1976 βάρος
3209 1905 3310 1974 τῆς
3339 1904 3532 1976 ὀδύνης
3575 1904 3738 1977 εἰπερ

2159 1992 2381 2062 συνέϐη,
2416 1993 2445 2046 ὃ
2474 1993 2547 2065 μὴ
2573 1994 2830 2065 βούληται
2874 1999 2902 2049 ὀ
2953 1996 3086 2059 Θεὸς
3127 1995 3422 2066 συμϐῆναι,
3457 1995 3737 2057 παντελῶς
3794 2052 3797 2054 .

2158 2085 2360 2154 ἑαυτῆς
2389 2087 2809 2154 ἀπογινώσκειν,
2842 2089 2935 2140 καὶ
2965 2089 3129 2158 τυχὸν
3154 2089 3246 2140 καὶ
3278 2092 3356 2151 είς
3384 2088 3738 2158 βλασφήμους

2157 2174 2455 2243 λογισμοὺς
2515 2177 2611 2227 καὶ
2661 2176 2850 2242 λόγους
2895 2177 3000 2228 ὑπὸ
3033 2175 3125 2229 τοῦ
3171 2175 3377 2240 πάθους
3409 2176 3737 2246 ὲξάγεσθαις

2157 2265 2484 2331 Συνέζευξεν
2503 2269 2671 2338 αὐτὴν
2695 2269 2722 2320 ὁ
2745 2268 2878 2330 Θεὸς
2899 2269 2926 2320 ὀ
2952 2268 3194 2338 πλάστης
3222 2271 3316 2322 καὶ
3342 2271 3738 2338 νυμφαγωγός.

2157 2357 2660 2428 Εὑχαριστήσωμεν
2691 2358 2831 2429 ὑπὲρ
2882 2355 2956 2411 ὧν
2994 2359 3393 2430 άπηλαύσαμεν
3420 2363 3488 2432 τῇ
3527 2362 3738 2414 ἐκείνου

2159 2449 2380 2519 κρίσει·
2429 2447 2576 2518 αὐτῷ
2637 2450 2789 2518 μέλει
2841 2452 2971 2520 περὶ
3024 2453 3123 2520 τῆς
3179 2453 3340 2522 ήμῶν
3371 2453 3467 2506 καὶ
3511 2453 3618 2505 τῶν
3649 2453 3737 2505 ἐπ’

2160 2541 2311 2611 αὺτῷ
2347 2542 2709 2606 πεποιθότων,
2744 2535 2840 2605 ὧν,
2867 2543 3128 2607 δέσποτα,
3178 2544 3273 2596 καὶ
3313 2544 3476 2606 αὐτὸς
3524 2543 3736 2612 τυγχά-

2161 2652 2272 2697 νεις
2305 2651 2318 2666 ο
2365 2633 2499 2706 πρὸς
2550 2635 2611 2686 τὸ
2669 2635 2946 2706 συμφέρον
3005 2634 3242 2703 διεξάγει
3299 2635 3366 2687 τά
3411 2633 3732 2704 πράγματα.

2170 2729 2452 2800 Ῥίψωμεν
2500 2729 2561 2782 τὸ
2609 2726 2806 2794 πάθος,
2838 2727 3241 2798 ἁποϐαλώμεθα
3271 2728 3369 2798 τὴν
3408 2729 3734 2798 κατήφειαν,

2162 2822 2248 2874 ῖνα
2286 2822 2359 2891 μὴ
2388 2821 2577 2890 ὥσπερ
2604 2820 2966 2888 γογγύζοντες
3001 2819 3422 2890 κατακριθῶμεν
3459 2820 3598 2874 κατὰ
3625 2819 3730 2888 τῆς

2165 2913 2312 2972 θείας
2335 2911 2590 2982 κρίσεως.
2618 2911 2698 2963 Τά
2724 2911 2822 2981 μὲν
2842 2911 2936 2965 τοῦ
2969 2909 3236 2981 μακαρίου
3267 2911 3547 2980 προφήτου
3571 2909 3735 2961 Δαϐὶδ

2083 2980 2126 3040 C
2160 3003 2250 3056 ἐπὶ
2285 3002 2361 3072 τῷ
2389 3003 2539 3056 παιδὶ
2573 3002 2759 3067 αὐτοῦ,
2791 2997 2908 3056 οἶδα
2961 3004 3043 3056 ὃτι
3080 3001 3390 3065 ἐπίστασαι,
3427 3004 3522 3056 καὶ
3547 3020 3740 3070 περιτ-

2158 3094 2249 3146 τόν
2279 3095 2397 3146 ἐστι
2445 3093 2573 3165 ’περὶ¹
2623 3093 2812 3147 τούτου
2861 3096 3099 3165 γράφειν
3131 3095 3299 3164 ἡμᾶς.
3348 3091 3488 3146 Ἀλλ’
3530 3094 3735 3164 ἐτέρων

2159 3185 2327 3238 τινῶν
2363 3185 2756 3255 μεγαλοψυχίαν
2785 3185 2994 3256 ἀνδρῶν
3028 3186 3112 3254 ἐφ’
3148 3186 3354 3248 ὁμοίοις
3407 3183 3602 3238 πάθεσι
3647 3201 3740 3254 με·

2160 3277 2500 3347 γαλοψυχίαν
2528 3277 2887 3348 διηγήσομαι.

2242 3369 2492 3436 Ἐγένετό
2520 3387 2604 3433 τις
2650 3372 2707 3422 ὲν
2731 3372 2796 3439 τῇ
2835 3369 3119 3440 Ῥωμαῖκῇ
3169 3368 3414 3440 πολιτείᾳ
3453 3367 3607 3422 οὔπω
3644 3367 3738 3421 τοῦ

2159 3460 2393 3530 Χριστοῦ
2429 3463 2521 3514 καὶ
2568 3461 2703 3514 Θεοῦ
2756 3462 2914 3532 ἡμῶν
2939 3462 3005 3515 τὰ
3055 3461 3343 3530 Ῥωμαϊκὰ
3379 3463 3636 3532 σκῆπτρα
3672 3464 3738 3533 τῇ

2159 3550 2354 3604 ἑαυτοῦ
2382 3551 2750 3617 ὑποτάξαντος
2778 3551 3016 3623 ἐξουσίᾳ,
3053 3552 3166 3606 ἀλλ’
3201 3554 3425 3620 ἐγένετο
3458 3570 3542 3615 τις
3575 3551 3742 3621 Αἰμί-

2159 3644 2291 3706 λιος.
2335 3644 2505 3712 ὄνομα
2545 3644 2620 3714 τῷ
2646 3645 2938 3715 ἀνθρώπῳ,
2970 3648 3022 3699 εῖ
3053 3662 3115 3711 γε
3139 3645 3328 3714 μαθεῖν
3357 3644 3450 3698 καὶ
3481 3645 3579 3715 τὴν
3609 3644 3742 3712 κλῆ-

2162 3749 2246 3787 σιν
2307 3732 2630 3805 ὲπιθυμεῖς·
2684 3735 2779 3788 καὶ
2836 3734 2929 3787 δύο
2975 3735 3184 3788 παίδων
3233 3736 3480 3806 ἀρρένων
3506 3735 3650 3788 κατὰ
3681 3736 3743 3786 τὸ

2160 3826 2292 3878 αὐτὸ
2325 3826 2688 3897 τεθνηκότων,
2725 3826 2826 3878 οὐκ
2865 3826 3104 3896 ἐκλάσθη
3156 3825 3255 3897 τὴν
3287 3827 3466 3896 ψυχὴν
3495 3826 3600 3879 ὑπὸ
3641 3827 3736 3878 τοῦ

2160 3917 2392 3982 πάθους,
2452 3920 2553 3971 οὐκ
2609 3917 2778 3971 ἔπαθέ
2830 3935 2883 3971 τι
2923 3919 3165 3971 τοιοῦτον
3199 3916 3312 3971 οἷον
3352 3919 3654 3988 πάσχουσιν
3689 3919 3739 3970 oi

2160 4010 2483 4077 κοπτόμενοι
2531 4008 2622 4060 ἐπὶ
2665 4011 2776 4070 τοῖς
2804 4011 3020 4078 νεκροῖς
3045 4026 3057 4040 ·
3093 4008 3227 4062 ἀλλὰ
3257 4008 3310 4061 τί
3331 4024 3345 4073 ;
3397 4007 3742 4078 Εὐχάριστῶ,

2160 4100 2284 4169 ἔφη,
2315 4101 2397 4153 ὅτι
2418 4100 2502 4170 ἐφ’
2527 4101 2651 4152 ὅσον
2681 4101 2870 4170 χρόνον
2893 4101 3185 4170 εὐδόκησεν
3221 4103 3248 4152 ὁ
3280 4100 3412 4162 Θεὸς
3444 4102 3530 4152 ἐπ’
3560 4101 3742 4162 αὐτοῖς

2162 4191 2555 4261 εὐφρανθῆναι,
2611 4192 2710 4259 τὴν
2764 4193 3106 4261 εὐφροσύνην
3151 4192 3306 4262 ἔσχον
3335 4185 3522 4259 ὲφόἷς
3551 4193 3612 4244 ὲκ
3645 4191 3741 4243 τοῦ

483 4302 628 4339 nunc
683 4288 900 4356 quidem
952 4289 1222 4358 ingratum
1263 4305 1348 4343 me
1402 4291 1673 4359 praebebo,
1737 4291 1883 4360 quod
1937 4292 2055 4346 illos

2168 4281 2486 4351 σπέρματός
2508 4298 2610 4351 μου
2643 4281 2986 4350 ἐϐλάστησαν
3004 4299 3018 4312 ο
3053 4283 3144 4334 καὶ
3164 4283 3258 4333 νῦν
3291 4283 3381 4334 ὅτε
3416 4281 3597 4349 ἔκρινε
3617 4281 3740 4332 τοὺ-

484 4379 619 4431 mori
675 4380 1032 4433 decreverit.)
1070 4380 1193 4433 Fuit
1247 4391 1302 4434 et
1344 4383 1483 4435 alius
1537 4383 1618 4435 vir
1667 4383 1806 4436 inter
1835 4383 2054 4438 Graecos

483 4469 706 4524 illustris
733 4486 894 4537 enjus
925 4471 1094 4534 filius,
1133 4473 1186 4524 in
1221 4473 1324 4526 alia
1361 4473 1563 4542 degens
1590 4475 1831 4540 regione,
1867 4476 2057 4529 mortis

483 4559 638 4624 falce,
679 4561 838 4615 sicuti
877 4561 998 4625 flos,
1055 4565 1306 4618 succisus
1343 4575 1464 4628 est;
1503 4574 1772 4619 venerunt
1809 4567 2055 4636 quidam,

482 4668 607 4705 cum
662 4653 826 4716 tristi,
883 4655 1256 4720 utputabant,
1312 4659 1534 4722 nuntio;
1590 4673 1757 4726 quum
1814 4659 2059 4713 audisset

483 4755 634 4813 pater
667 4749 1066 4819 magnanimus,
1105 4750 1236 4803 nihil
1269 4768 1326 4804 se
1359 4751 1639 4821 indignum
1674 4750 1800 4806 fecit
1824 4793 1837 4816 ,
1873 4766 2060 4822 peetus

483 4853 588 4891 non
624 4840 913 4906 percussit,
935 4843 1206 4912 lacrymas
1235 4858 1340 4896 non
1373 4843 1583 4905 effudit,
1609 4843 1701 4899 sed
1741 4845 1806 4898 ad
1834 4847 2059 4900 nuntios

482 4931 619 4983 dixit
655 4945 669 4983 :
716 4950 732 4982 ι
763 4931 1036 5002 Sciebam,
1061 4935 1248 5000 amici,
1279 4937 1560 4991 morlalem
1596 4952 1626 4990 a
1667 4953 1752 4991 me
1818 4938 2059 5007 genitura

485 5021 538 5074 fu
549 5024 669 5077 isse.
702 5043 720 5074 ι

555 5185 631 5239 Ita
667 5194 722 5238 tu
745 5201 986 5255 quoque,
1028 5187 1274 5255 domine,
1295 5203 1357 5244 ea
1389 5190 2058 5259 quamdeditDeusintel-

483 5281 703 5349 Iigentia
735 5283 932 5346 stabis,
951 5299 1051 5339 nec
1073 5285 1202 5354 quid
1234 5285 1441 5356 indigni
1466 5287 1666 5341 virtute
1687 5296 1776 5341 tua
1799 5288 2055 5341 commit-

487 5375 595 5437 tesf;
617 5375 828 5430 sciebas
855 5379 1023 5444 enim,
1047 5394 1213 5448 quum
1232 5379 1642 5449 conjungereris
1661 5380 1735 5433 illi
1770 5395 1888 5434 cum
1915 5396 2061 5432 mor-

489 5463 584 5514 tali
624 5474 674 5516 te
711 5469 1000 5537 conjungi;
1034 5471 1105 5524 ita
1137 5471 1280 5525 enim
1315 5471 1432 5540 ejus
1461 5486 1648 5524 amore
1686 5486 1813 5542 erga
1841 5481 1888 5523 te
1906 5486 2058 5524 sunt-

491 5569 710 5618 movere
760 5560 1053 5626 gaudebas.
1119 5560 1196 5616 Ne
1252 5562 1418 5632 igitur
1469 5578 1615 5617 nunc
1656 5571 1707 5615 te
1758 5579 1952 5630 geras,
2003 5575 2059 5616 ut

492 5647 658 5700 homo
695 5666 721 5699 a
776 5653 881 5705 lico
915 5653 1236 5723 injustitiam
1276 5671 1488 5724 passus,
1568 5667 1822 5710 mmstnm
1863 5668 1911 5710 ct
1967 5662 2060 5710 lli-

2167 4387 2292 4434 τους
2344 4371 2546 4435 λαϐεῖν,
2610 4373 2710 4425 οὐκ
2765 4373 2961 4442 ἔσομαι
3013 4373 3331 4443 ἀχάριστος.
3379 4373 3570 4434 Ἀλλος
3604 4373 3744 4441 ἀνὴρ

2162 4461 2430 4530 ἐπίσημος
2465 4464 2522 4514 ἐν
2567 4463 2678 4524 τοῖς
2711 4461 2959 4533 Ἕλλησι.
2998 4463 3202 4516 Τούτου
3248 4465 3373 4524 παῖς
3406 4462 3589 4515 ἄλλοθί
3639 4479 3740 4513 που

2160 4553 2449 4624 διατρίϐων
2485 4556 2552 4624 τῇ
2583 4553 2679 4605 τοῦ
2714 4553 2946 4608 θανάτου
2993 4554 3232 4626 δρεπάνη
3255 4554 3440 4624 ὥσπερ
3463 4571 3544 4609 τις
3570 4555 3742 4624 ἐκόπη

2163 4644 2408 4715 βλαστός.
2469 4646 2580 4698 Καὶ
2627 4640 2760 4717 ἧκόν
2817 4664 2962 4710 τινες
3020 4647 3097 4710 ὡς
3155 4646 3404 4716 ἐνόμιζον
3467 4647 3742 4716 ὀδυνηρὰν

2161 4738 2502 4806 ἀπαγγελίαν
2530 4739 2870 4809 κομίζοντες.
2905 4738 3046 4794 Ἀλλ’
3067 4739 3308 4802 ἀκούσας
3329 4743 3355 4792 ὁ
3383 4739 3741 4808 μεγαλόφρων

2161 4831 2364 4900 πατὴρ.
2429 4830 2580 4884 οὐδὲν
2612 4830 2811 4884 ἔπαθεν
2861 4832 3080 4898 ἀνάξιον
3127 4831 3226 4900 τῆς
3258 4830 3452 4883 ἑαυτοῦ
3496 4829 3734 4901 ἁρετῆς’

2160 4922 2260 4975 οὐκ
2318 4921 2578 4991 ἐκόψατο,
2631 4924 2730 4975 οὐκ
2787 4923 3113 4994 ἐθρήνησεν,
3161 4923 3276 4975 ἀλλ’
3311 4923 3416 4992 ἔφη
3450 4923 3584 4993 πρὸς
3611 4923 3736 4981 τοὺς

2160 5012 2621 5080 ἀπαγγείλαντας
2669 5014 3044 5085 Ἧπιστάμην,
3094 5007 3140 5067 ὦ
3180 5010 3348 5078 οὗτοι,
3407 5015 3488 5068 ὅτι
3549 5013 3738 5082 θνητὸν

2161 5105 2446 5176 ἐγέννησα.

2234 5192 2390 5246 Οὕτω
2417 5193 2510 5246 καὶ
2542 5195 2629 5260 σὺ,
2665 5193 2918 5264 δέσποτα,
2967 5198 3033 5266 τῇ
3081 5194 3233 5264 παρὰ
3283 5193 3418 5247 Θεοῦ
3480 5193 3740 5262 δεδομένῃ

2164 5301 2244 5337 σοι
2300 5286 2559 5356 φρονήσει
2611 5287 3114 5356 συνδιατιθέμενος,
3164 5286 3331 5355 μηδὲν
3373 5285 3591 5348 ἀνάξιον
3637 5285 3735 5352 τῆς

2165 5376 2264 5444 σῆς
2289 5376 2774 5448 μεγαλοφροσύνης
2800 5378 3028 5446 πάσχειν
3071 5376 3391 5444 ὑπομείνῃς,
3428 5372 3543 5424 ἀλλ’
3573 5373 3737 5437 εἰδὼς

2162 5469 2241 5521 ὅτι
2277 5469 2366 5520 ὅτε
2398 5468 2763 5538 συνεζεύχθης
2799 5469 2956 5538 αὐτῇ,
2988 5468 3154 5537 θνητῇ
3183 5465 3566 5534 συνεξεύχθης,
3597 5467 3738 5533 μᾶλ-

2163 5560 2253 5613 >ον
2287 5561 2424 5629 ὑπὲρ
2453 5554 2526 5612 ὧν
2565 5563 2700 5632 αὐτῇ
2751 5562 3050 5630 συνέζησας
3081 5561 3310 5628 κρίνων,
3354 5560 3443 5610 καὶ
3484 5551 3560 5611 ὧν
3592 5559 3737 5628 ἀπή-

2165 5655 2368 5713 λαυσας
2404 5650 2502 5719 ’.ἧς
2531 5651 2745 5721 ἐκείνης
2799 5650 3112 5720 φιλανδρῖας
3189 5649 3283 5702 καὶ
3327 5649 3516 5720 pip/Ov
3546 5648 3733 5720 ὥσπερ
