4088 6208
328 335 439 400 385

331 540 428 595 καὶ
460 537 896 608 σκυθρωπάζων.
955 539 1066 593 Καὶ
1099 540 1210 609 γὰρ
1244 541 1293 592 oi
1321 541 1600 612 κατηφείᾳ
1629 541 1723 593 καὶ
1773 558 1908 593 σκυ-

331 631 646 703 θρωπότητι
719 630 1222 701 συγκατεχόμενοι,
1282 633 1502 696 πάντως
1559 633 1650 686 διὰ
1703 631 1910 700 ζημίας

330 724 484 786 τινας
517 724 614 776 καὶ
644 721 850 792 βλάϐας
895 721 965 774 τὰ
1005 723 1230 775 τοιαῦτα
1261 724 1581 794 πάσχουσιν.
1616 726 1731 776 Οὐκ
1763 723 1910 777 ἐστιν

331 811 426 868 οὖν
450 814 705 884 φοϐερὸν,
745 814 984 868 δέσποτα
1030 817 1122 868 καὶ
1168 816 1360 868 τέκνον
1393 834 1496 886 μου
1527 818 1905 887 ἠγαπημένον,

330 907 392 958 τὸ
417 906 659 975 νομίζειν
684 905 1028 974 ἐζημιῶσθαι
1081 908 1232 976 ἡμᾶς
1267 907 1371 960 ὑπὸ
1401 907 1536 961 Θεοῦ
1571 910 1666 963 καὶ
1703 908 1909 978 βλάϐην

329 997 454 1050 τινὰ
485 1000 616 1066 παρ’
675 996 842 1051 αὐτοῦ
891 997 1206 1067 ὑπομεῖναι,
1242 999 1336 1053 τοῦ
1361 1000 1681 1065 δοξάσαντός
1726 1019 1789 1071 σε
1819 1003 1911 1054 καὶ

334 1089 469 1160 πρὸς
503 1089 564 1140 τὸ
624 1087 756 1155 ὕψος
800 1089 900 1156 τῆς
953 1088 1231 1158 βασιλείας
1285 1093 1655 1160 ἀναγαγόντος
1685 1092 1780 1145 καὶ
1813 1093 1911 1160 τῆς

331 1180 698 1250 κληρονομίας
724 1181 890 1232 αὐτοῦ
925 1181 1024 1249 τῆς
1053 1183 1216 1250 ἁγίας
1256 1182 1524 1252 δεσπότην
1594 1185 1689 1236 καὶ
1723 1183 1910 1253 κύριον

331 1273 774 1340 καταστήσαντος
804 1289 820 1338 ;
855 1272 969 1342 Μὴ,
1002 1273 1332 1344 παρακαλῶ,
1369 1275 1567 1344 μηκέτι
1596 1274 1908 1344 θρηνῶμεν,

333 1361 410 1431 μὴ
448 1359 804 1430 ὀδυρὼμεθα.
860 1361 935 1430 μὴ
994 1361 1094 1430 τὴν
1151 1363 1456 1431 κατήφειαν
1482 1365 1908 1433 περιψέρωμεν·

331 1452 469 1505 ἀλλὰ
516 1452 716 1521 μᾶλλον
769 1452 1188 1522 εὐχαριστῶμεν
1251 1455 1343 1505 καὶ
1394 1453 1710 1522 δοξάζωμεν
1737 1456 1812 1517 ὼς
1853 1458 1910 1507 ἐν

330 1548 443 1608 τοῖς
501 1544 684 1607 ἄλλος
728 1547 903 1610 πᾶσι,
936 1548 1027 1598 καὶ
1078 1548 1136 1598 ὲν
1185 1547 1360 1617 τούτῳ
1393 1549 1482 1600 τὸν
1513 1547 1573 1612 ἐξ
1602 1549 1775 1618 ἀρχῆς
1817 1551 1910 1603 καὶ

327 1638 499 1707 μέχρι
531 1637 622 1691 τοῦ
675 1639 966 1708 παρόντος,
997 1639 1086 1692 τὸν
1132 1639 1222 1691 σὺν
1260 1639 1630 1710 φαιδρύναντα
1677 1641 1791 1709 βίον
1815 1644 1911 1694 καὶ

328 1729 770 1800 εὐεργετήσαντα
797 1747 810 1760 ο
844 1733 938 1782 καὶ
969 1731 1048 1784 ἔτι
1078 1732 1418 1800 πεποίθαμεν
1463 1735 1530 1802 τῇ
1563 1733 1730 1785 αὐτοῦ
1767 1735 1907 1800 ἁγα-

330 1819 518 1892 θότητι
582 1823 681 1885 τὰς
738 1823 1060 1893 εὐεργεσίας
1130 1825 1550 1895 ὲπαυξήσοντα,
1596 1825 1690 1877 ἐὰν
1751 1827 1909 1895 ἡμεῖς

1815 341 2225 402 EPISTOL/E.

330 449 546 505 ἀδικίαν
600 447 748 516 παρὰ
779 447 914 500 Θεοῦ
965 447 1227 513 ὑποστὰς,
1267 449 1410 504 οὕτω
1436 451 1627 519 φαίνου
1666 452 1913 521 κατηφὴς
1943 458 1988 512 Α

2018 462 2156 507 stem
2199 470 2212 504 :
2251 451 2450 505 etenim
2486 453 2578 519 qui
2631 450 2807 503 tristia
2843 458 2895 502 et
2931 449 3099 502 animi
3137 452 3441 520 dejectione
3464 468 3582 521 pre-

2013 551 2259 605 muntur,
2292 556 2508 609 semper
2531 539 2921 593 detrimentum
2952 547 3005 592 et
3041 540 3242 591 damna
3277 539 3582 607 patiuntur.

2012 633 2213 686 Nonne
2238 649 2324 686 res
2348 631 2715 694 formidanda,
2737 650 2770 684 υ
2789 630 3010 684 domine
3026 639 3080 682 et
3102 629 3175 682 ﬁli
3207 628 3584 696 dilectissime.

2011 725 2057 778 si
2089 733 2309 792 putares
2344 731 2394 776 te
2421 725 2680 776 damnum
2711 720 2986 790 quoddam
3023 734 3092 773 ex
3126 717 3234 772 Deo
3263 719 3463 773 habere
3493 720 3586 787 qui

2013 826 2062 868 te
2103 815 2449 882 gloriﬁcavit,
2497 814 2564 866 ad
2607 812 2880 881 fastigium
2915 812 3066 878 regni
3104 812 3282 864 erexit
3310 820 3363 864 et
3392 811 3444 863 in
3479 813 3588 862 hae-

2017 906 2244 958 reditate
2285 913 2472 958 sancta
2527 918 2626 958 sua
2667 903 2950 957 dominum
3014 912 3068 955 et
3131 901 3323 954 lterum
3384 904 3587 956 consti-

2015 997 2160 1051 tuit?
2208 995 2308 1062 Ne,
2363 1011 2550 1064 qumso
2603 995 2836 1062 amplius
2872 995 3322 1063 ingemiscamus,
3371 1009 3470 1047 nec
3517 995 3582 1045 de

2012 1099 2157 1144 sorte
2185 1105 2505 1158 queramur,
2551 1103 2728 1155 neque
2763 1089 3041 1141 tristitiam
3087 1087 3544 1140 circumferamus
3574 1105 3584 1146 ;

2013 1182 2123 1236 imo
2147 1183 2348 1250 gratias
2381 1189 2434 1233 ct
2465 1181 2693 1248 gloriam
2728 1180 3101 1232 retribnamus
3145 1181 3197 1231 in
3235 1181 3318 1230 his
3359 1180 3497 1232 sit-ut
3537 1191 3588 1231 et

2015 1274 2066 1327 in
2083 1273 2210 1327 aliis
2234 1274 2361 1335 Deo,
2393 1274 2484 1341 qui
2510 1273 2577 1325 ab
2603 1273 2755 1326 initio
2781 1286 2954 1341 usque
2983 1271 3048 1323 ad
3075 1271 3217 1324 hunc
3243 1271 3386 1324 diem
3421 1275 3583 1322 vitam

2019 1374 2163 1418 tuam
2201 1364 2493 1418 illustravit
2542 1375 2594 1416 et
2634 1363 2912 1416 beneliciis
2944 1363 3190 1426 ornavit;
3243 1361 3585 1414 eonﬁdumus

2013 1458 2192 1512 adhuc
2215 1458 2475 1512 beneﬁcia
2517 1457 2758 1510 bonitate
2791 1457 2960 1524 ipsius
2998 1457 3050 1508 in
3081 1471 3180 1509 nos
3211 1455 3465 1507 rellatum
3499 1455 3586 1514 iii,

2013 1552 2058 1604 si
2074 1551 2566 1618 complacuerimus
2586 1549 2685 1618 ipsi
2704 1557 2757 1603 et
2781 1563 2876 1616 pro
2897 1549 3095 1601 viribus
3113 1547 3589 1600 coluerimus.lhl-

2014 1657 2136 1693 nam
2156 1641 2405 1694 Christus
2425 1640 2564 1693 Deus
2583 1639 2881 1708 noster,qui
2907 1643 3271 1708 supereminet
3293 1638 3417 1691 huic
3435 1637 3588 1690 dolo-

2015 1732 2057 1785 ri
2111 1731 2470 1800 omoibusque
2486 1730 2722 1784 luctibus
2739 1730 2880 1784 tristi
2902 1731 3025 1784 huic
3040 1732 3159 1783 vita:
3176 1729 3588 1789 inhaerentibus,

2017 1824 2383 1877 Inereditatem
2417 1821 2597 1892 gaudii
2638 1832 2690 1892 et
2715 1823 3004 1876 hilaritatis
3040 1830 3255 1875 aeternae
3283 1819 3582 1874 etnec-dull

330 1915 652 1983 εὐαρεστεῖν
709 1915 878 1985 αὐτῷ,
944 1916 1038 1969 καὶ
1093 1915 1236 1970 κατὰ
1304 1915 1536 1985 δύναμιν
1575 1917 1640 1968 τὰ
1675 1920 1754 1978 εἰς
1829 1916 2126 1987 θεραπείαν
2149 1915 2409 1981 πράττειν
2479 1913 2899 1980 σπουδάσωμεν.
2936 1912 3031 1978 Εῐη
3056 1911 3112 1962 δὲ
3150 1910 3381 1979 Χριστὸς
3416 1909 3590 1970 ὁθεὸς

331 2007 490 2080 ήμῶν
546 2009 640 2062 καὶ
687 2008 893 2078 ταύτης
945 2009 1204 2080 ὑπεράνω
1239 2009 1341 2079 τῆς
1382 2010 1560 2078 λύπης
1608 2011 1778 2074 τιθεὶς
1820 2013 1914 2065 καὶ
1953 2011 2172 2062 πάντων
2229 2008 2512 2078 λυπηρῶν,
2565 2009 2666 2060 ὅσα
2740 2011 2805 2078 ’τῇ
2871 2008 3110 2077 ὀδυνηρᾷ
3144 2006 3315 2073 ταύτῃ
3349 2021 3592 2072 παρακο·

330 2102 542 2156 Μυθεῖν
574 2100 680 2156 οἶδε
715 2102 852 2171 ζωῇ.
891 2103 985 2156 καὶ
1018 2102 1118 2167 τῆς
1171 2105 1394 2157 αἰωνίου
1450 2106 1624 2174 χαρᾶς
1652 2108 1747 2159 καὶ⁵
1776 2106 2138 2176 φαιδρότητος
2169 2105 2544 2174 παρεχόμενος
2574 2103 2671 2174 τὴν
2704 2103 3090 2172 κληρονομίαν.

688 2215 857 2267 PNZ'.
916 2214 1221 2285 Δημητρίῳ
1285 2215 1562 2275 Κυζίκοῦ.

405 2326 622 2394 Ὠσπερ
699 2321 764 2395 ἦν
828 2326 1113 2395 προσῆκον
1161 2326 1355 2378 τέκνου
1403 2328 1534 2396 ἡμῖν
1573 2327 1910 2394 ποθουμένου

331 2417 706 2485 ἁναμαθοῦσιν
728 2417 1042 2486 εὐετηρίαν,
1070 2417 1446 2488 ὴόφειλομένη
1476 2419 1552 2489 τῷ
1575 2419 1690 2490 Θεῷ
1723 2423 1916 2490 ἀνηνὲ-

331 2509 437 2582 χθη
465 2509 805 2581 εὐχαριστία.
841 2509 1127 2579 Εὶχόμεθα
1156 2510 1211 2563 δὲ
1243 2512 1338 2562 καὶ
1366 2511 1445 2562 ἔτι
1481 2512 1686 2574 παντὸς
1725 2512 1914 2564 λυπεῖν

333 2605 535 2665 είδότος
600 2603 1004 2672 ὲναντιὼματος
1059 2603 1334 2674 ἀνώτερον
1373 2605 1774 2677 διατηρεῖσθαι,
1819 2609 1913 2660 καὶ

332 2697 475 2750 κατᾶ
570 2695 738 2766 μηδὲν
820 2695 919 2765 τήν
1006 2694 1160 2764 ὑμῶν
1245 2695 1446 2766 ἀρετὴν

331 2791 512 2840 οἰκεῖα
587 2787 850 2858 πράττειν
943 2785 1354 2856 ἀπείργεσθαι,
1434 2788 1549 2841 ἀλλ’
1637 2789 1907 2860 ὑπάρχειν

333 2882 422 2933 ἀεὶ
464 2880 600 2951 πρός
651 2896 710 2931 τε
739 2878 837 2950 τὴν
878 2878 1027 2931 θείαν
1063 2879 1451 2950 εὐαρέστησιν,
1503 2883 1760 2951 καὶπρὸς
1817 2882 1916 2950 τὴν

333 2970 432 3024 τοῦ
492 2975 748 3042 ποιμνίου
801 2973 1121 3042 κατάρτισιν
1147 2973 1562 3041 ἀνεμπόδιστον.
1610 2976 1676 3026 *Α
1707 2974 1761 3026 δὲ
1789 2974 1917 3045 περὶ

333 3067 446 3120 τῶν
480 3063 761 3135 κληρικῶν
822 3063 1089 3133 ἔγραψας,
1127 3063 1233 3116 τῶν
1273 3063 1372 3116 οὐκ
1398 3057 1514 3116 οἴδα
1543 3065 1660 3129 πῶς
1687 3066 1825 3118 εἴπω
1856 3066 1915 3130 ἐξ

334 3153 685 3223 ἀσυνεσίαςῆ
716 3156 1056 3223 κακουργίας
1101 3155 1175 3224 μὴ
1206 3154 1580 3224 βουληθέντων
1609 3158 1917 3226 ἀπαντῆσαι

337 3248 397 3300 ὲν
427 3250 494 3316 τῇ
542 3245 826 3314 ὡρισμένῃ
882 3245 1084 3314 κρίσει,
1121 3245 1211 3299 διὰ
1257 3247 1316 3300 τὺ
1345 3248 1420 3316 μὴ
1445 3247 1593 3314 δόξαι
1623 3250 1770 3318 ἡμᾶς
1807 3244 1917 3302 οἷον

338 3337 537 3405 πικρία
569 3337 678 3388 τινὶ
743 3335 1138 3404 ἀντιφέρεσθαι
1188 3337 1327 3406 πρὸς
1365 3339 1464 3407 τὴν
1492 3338 1696 3392 τούτων
1731 3341 1912 3410 πλημ-

340 3427 584 3498 μέλειαν,
638 3426 820 3490 καλῶς
863 3427 977 3497 ἔχει
1039 3427 1211 3498 βραχύ
1265 3447 1316 3482 τι
1353 3435 1788 3501 προσυπομείναι
1824 3434 1917 3486 καὶ

338 3519 758 3590 προτρέψασθαι
818 3521 1036 3582 αὐτοὺς,
1088 3519 1272 3584 καθὼς
1302 3520 1398 3573 ἀπ’
1450 3523 1624 3594 ἀρχῆς
1666 3523 1914 3596 ὥρισται,

339 3614 433 3666 ἐπὶ
477 3611 574 3665 τοῦ
620 3614 786 3664 τόπου
836 3612 1273 3682 παραγενέσθαι,
1317 3612 1414 3665 καὶ
1445 3614 1520 3684 τῷ
1546 3613 1741 3684 δικαίῳ
1774 3617 1916 3686 λόγῳ

340 3705 697 3759 καταθέσθαι.
727 3705 790 3756 ΕΞ
820 3703 878 3757 δὲ
912 3704 986 3773 μὴ
1015 3703 1311 3772 βούλοιντο,
1345 3703 1458 3756 ἀλλ’
1481 3706 1559 3757 ἔτι
1583 3708 1679 3776 τῆς
1709 3707 1916 3769 οἰκείας

341 3797 664 3866 ἀντέχονται
696 3796 1090 3866 κακοτροπίας,
1120 3798 1242 3848 τότε
1281 3785 1420 3866 ὅπερ
1449 3797 1709 3864 ἠξίωσας,
1741 3798 1914 3865 ἔσται,

342 3891 436 3940 καὶ
461 3887 703 3957 γράμμα.
733 3890 864 3957 παρ’
911 3888 1068 3958 ήμῶν
1121 3889 1592 3957 ὲκπεμιρθήσεται,
1629 3891 1768 3941 ὥστε
1823 3894 1918 3943 καὶ

261 4006 274 4017 -
341 3981 592 4031 ἀπόντων
616 3979 794 4032 αὐτῶν
828 3978 1005 4048 πέρας
1055 3977 1375 4042 ἐπιτεθῆναι
1409 3982 1518 4042 τοῖς
1550 3983 1915 4051 κεκριμένοις.

342 4074 454 4124 Καὶ
481 4074 637 4141 ημῖν,
671 4071 867 4139 etsist
913 4072 1007 4125 καὶ
1039 4072 1230 4124 τέκνον
1262 4071 1323 4123 τὸ
1371 4072 1602 4141 μάλιστα
1630 4075 1917 4142 ἠγαπημέ-

346 4182 432 4217 νον
465 4165 559 4216 καὶ
587 4163 838 4231 ἀγαπῶν,
868 4164 935 4216 τὰ
973 4164 1070 4233 μὲν
1088 4166 1150 4216 ἐκ
1180 4164 1271 4216 τοῦ
1301 4165 1483 4233 γήρως
1512 4166 1604 4216 καὶ
1636 4166 1731 4234 τῆς
1761 4166 1920 4217 ἀσθε-

347 4261 494 4322 νείας
539 4258 778 4328 όδυνηρὰ
827 4259 1058 4327 ἐπέστη,
1107 4258 1182 4317 ὡς
1241 4259 1394 4310 οὐδὲν
1447 4259 1691 4322 ἔλαττον,
1727 4259 1812 4310 ἵνα
1847 4261 1921 4330 μὴ

347 4351 489 4417 λέγω
554 4349 756 4419 μᾶλλον
819 4350 1120 4402 ἐπίκειται.
1163 4348 1225 4400 Ἦ
1255 4349 1311 4400 δὲ
1353 4349 1460 4400 τῶν
1493 4347 1668 4402 ἄλλων
1703 4351 1802 4402 ὃσα
1835 4351 1924 4402 διὰ

347 4445 443 4506 τὰς
474 4444 750 4514 ἁμαρτίας
781 4443 939 4512 ἡμῶν
971 4443 1374 4514 προστιθέμενα
1423 4445 1523 4512 τὴν
1565 4444 1749 4514 ἄθλιον
1779 4443 1924 4511 ζωὴν

348 4509 750 4600 δαπανᾷξπῶς
797 4509 972 4593 ἄλλως
1016 4509 1163 4584 ἐἴπω
1207 4509 1246 4599 ῆγ
1298 4509 1489 4584 θεόθεν.
1534 4509 1799 4597 κάκωσις,
1827 4509 1925 4586 οὐκ

347 4617 462 4674 οἴδα
515 4624 565 4674 εἰ
618 4622 692 4691 μὴ
718 4623 1056 4691 προστασίας
1085 4619 1165 4684 οἷς
1194 4617 1303 4674 οἶδε
1338 4622 1575 4692 κρίμασι
1600 4624 1868 4694 λαχούσης
1899 4627 1927 4676 ό

347 4712 514 4778 τάξας
555 4715 635 4774 εἰς
694 4712 854 4764 τοῦτο
903 4712 1057 4775 Θεὸς,
1104 4713 1242 4766 ἀλλὰ
1281 4714 1375 4765 καὶ⁵
1405 4714 1504 4782 τῆς
1536 4715 1594 4766 ὲν
1623 4715 1759 4778 ζῶσι
1807 4733 1929 4767 συν-

347 4803 698 4872 αναστροφῆς
727 4804 1098 4873 προτρέπεται
1138 4806 1327 4874 φέρειν
1348 4806 1519 4874 ἡμᾶς.
1566 4808 1678 4859 Οὐκ
1709 4807 1927 4860 ἐϐουλό-

352 4911 459 4961 μην
488 4893 585 4947 οὖν
620 4893 900 4958 εἰσελθεῖν,
932 4893 1066 4944 ἀλλὰ
1091 4893 1289 4962 μᾶλλον
1315 4895 1648 4966 πορρωτέρω
1673 4898 1766 4950 καὶ
1797 4899 1930 4966 πρὶς

1561 2699 1642 2759 εἰς
1709 2699 1769 2748 τὸ
1847 2699 1915 2750 τὰ

2425 2214 2629 2272 CLVII.
2671 2215 2934 2268 Demetrio
2968 2213 3246 2283 Cyziceno.

2089 2334 2176 2390 Uti
2233 2333 2484 2395 decebat,
2539 2332 2723 2386 audita
2757 2331 2850 2384 ﬁlii
2917 2329 3256 2384 dilectissimi
3298 2342 3591 2382 conserva-

2023 2425 2189 2489 tione,
2242 2425 2451 2478 debitas
2505 2423 2614 2476 Deo
2655 2422 2944 2476 retulimus
2975 2423 3196 2488 gratias,
3258 2428 3312 2473 et
3362 2419 3582 2486 insuper

2015 2530 2302 2584 precamur
2343 2523 2400 2568 ut
2462 2515 2530 2567 ab
2583 2514 2733 2566 omni
2784 2513 3073 2566 atﬁietione
3113 2522 3361 2562 servetur
3405 2511 3591 2561 salvus

2015 2620 2068 2660 et
2123 2607 2438 2669 incolumis,
2488 2621 2662 2673 neque
2693 2620 2932 2672 ttuquam
2969 2604 3138 2655 virtus
3171 2610 3344 2654 vestra
3377 2611 3596 2653 averta-

2020 2710 2106 2752 tur
2147 2699 2213 2751 ad
2248 2698 2467 2767 propria
2506 2695 2720 2764 negotia
2745 2733 2761 2760 ,
2796 2695 2889 2748 sed
2925 2704 3032 2747 tota
3065 2703 3110 2747 et
3145 2708 3359 2760 semper
3381 2693 3445 2744 ad
3477 2706 3593 2744 ser-

2016 2792 2207 2844 vitium
2270 2791 2362 2844 Dei
2400 2798 2560 2858 atque
2602 2789 2666 2842 ad
2703 2789 2879 2856 gregis
2947 2787 3180 2841 salutem
3248 2786 3589 2838 intendatur.

2017 2885 2148 2951 Qua}
2183 2883 2246 2936 de
2277 2883 2492 2936 clericis
2533 2901 2559 2932 ιι
2588 2881 2777 2944 aridas,
2814 2881 3001 2933 neScio
3039 2890 3219 2932 utrum
3281 2879 3591 2946 ignorantia

2017 2977 2280 3031 resistant
2309 2991 2374 3027 an
2419 2973 2618 3026 malitia
2693 2971 2900 3040 judicio
2954 2971 3228 3033 indicato;
3299 2985 3365 3022 no
3411 2969 3592 3020 ridea-

2020 3084 2143 3122 mur
2198 3075 2379 3120 autent
2437 3066 2602 3119 nimis
2647 3064 2840 3118 acerbe
2870 3077 3057 3116 eorum
3100 3061 3320 3129 insequi
3355 3075 3590 3122 errores,

2018 3160 2222 3212 bonum
2293 3167 2378 3212 cst
2420 3166 2480 3210 ut
2530 3155 2805 3209 modicum
2863 3155 3042 3205 adhuc
3099 3160 3497 3219 exspectemus,
3544 3163 3594 3202 et

2017 3251 2160 3305 sicut
2211 3265 2239 3301 a
2271 3247 2538 3317 principio
2570 3247 2848 3299 delinitum
2912 3251 3015 3304 est,
3074 3243 3194 3296 illos
3245 3243 3594 3296 adhorteuiur

2015 3355 2078 3396 ut
2105 3343 2222 3395 loco
2261 3357 2319 3394 se
2355 3350 2569 3393 teneant
2596 3349 2648 3392 et
2682 3337 2840 3408 justo
2873 3335 3084 3404 judicio
3136 3350 3195 3388 se
3243 3335 3590 3387 submittant.

2018 3432 2075 3487 Si
2111 3433 2384 3486 noluerint
2414 3442 2467 3486 et
2489 3429 2720 3500 propriis
2750 3428 3096 3497 perstiterint
3132 3426 3326 3496 agendi
3368 3425 3594 3478 rationi-

2020 3525 2142 3588 bus,
2187 3535 2316 3578 tunc
2371 3523 2466 3576 ﬁet
2510 3524 2653 3592 quod
2690 3521 2922 3590 requiris
2953 3538 2965 3574 :
3000 3519 3284 3573 mittentur
3329 3518 3517 3571 litterae
3563 3533 3593 3570 a

2024 3618 2184 3671 nobis
2235 3616 2306 3668 ita
2345 3628 2405 3668 ut
2434 3615 2758 3669 absentibus
2786 3614 2893 3667 illis
2927 3612 3201 3681 judicium
3234 3611 3395 3662 ﬁnem
3433 3625 3594 3664 suum

2023 3709 2240 3762 habeat.
2273 3706 2444 3761 Nobis
2467 3717 2678 3770 autem,
2717 3706 2887 3758 frater
2918 3714 2970 3756 et
3001 3703 3073 3756 ﬁli
3113 3717 3372 3771 perquam
3400 3701 3599 3754 dilecte

2016 3811 2073 3853 et
2125 3801 2381 3868 diligens,
2454 3798 2752 3852 senectutis
2811 3805 2868 3850 et
2943 3795 3279 3848 inﬁrmitatis
3337 3792 3600 3846 molestiae

2021 3908 2128 3944 non
2170 3891 2515 3945 mediocriter
2545 3889 2904 3951 incumbunt;
2943 3902 3062 3955 qua:
3086 3886 3282 3940 deinde
3307 3885 3530 3939 veniunt
3565 3898 3596 3936 a

2024 3983 2259 4053 peccatis
2284 3973 2900 4042 uostris,vexatiouibus
2929 3979 3093 4032 vitam
3126 3987 3370 4031 nostram
3401 3979 3596 4046 replet;

2023 4074 2206 4128 forsan
2243 4086 2462 4130 munus,
2501 4070 2647 4138 quod
2677 4071 2782 4122 sibi
2824 4069 3207 4137 notisjudiciis
3247 4069 3432 4122 tribuit
3460 4068 3600 4122 Deus

2025 4178 2078 4223 et
2118 4168 2258 4220 inter
2289 4166 2550 4218 homines
2589 4161 2934 4216 conversatio
2977 4161 3044 4214 ad
3081 4161 3246 4212 vitam
3277 4161 3599 4228 protrahen-

2024 4260 2146 4314 dam
2179 4258 2513 4310 conducunt.
2550 4255 2716 4324 Igitur
2763 4253 2941 4307 redire
2976 4253 3254 4314 nolumus,
3288 4251 3383 4304 sed
3427 4251 3599 4302 multo

2027 4351 2199 4417 magis
2231 4348 2522 4417 procedere
2555 4355 2610 4399 et
2672 4345 2740 4400 ad
2777 4345 3004 4399 insulam
3058 4343 3313 4412 navigare
3361 4345 3415 4394 in
3484 4342 3601 4393 aui-

2027 4456 2116 4494 mo
2149 4449 2268 4495 est:
2306 4449 2362 4494 et
2395 4440 2552 4492 nobis
2575 4438 2687 4506 jam
2722 4439 2956 4507 objicere
2983 4451 3088 4490 non
3123 4434 3323 4505 poteris
3346 4448 3432 4486 me
3460 4433 3602 4487 «τὴ-ιο

2029 4531 2252 4586 fratrem
2273 4541 2326 4584 et
2356 4531 2523 4584 ﬁlium
2552 4530 2940 4584 cltnrissimutn
2975 4529 3303 4582 decisionem
3337 4535 3600 4578 mutasse

2033 4623 2332 4679 V'eniemus
2394 4623 2582 4692 igitur,
2657 4621 3119 4692 quemadmodum
3162 4616 3606 4683 mandasti;[)eo

2035 4715 2255 4768 volente
2316 4730 2418 4768 nos
2489 4714 2722 4768 invicem
2761 4713 3069 4766 videbimus
3126 4721 3180 4764 et
3226 4712 3281 4764 iu
3325 4710 3602 4765 communi

2032 4807 2308 4875 colloquio
2353 4805 2780 4860 consolationem
2815 4805 2868 4857 in
2901 4804 3160 4857 utrumuis
3197 4803 3538 4855 inveniemus
3574 4819 3613 4863 ;,

2034 4910 2086 4952 et
2121 4900 2247 4952 side
2266 4916 2456 4953 .rerum
2493 4898 2811 4952 difficultate
2840 4897 3255 4950 deliberandum
3281 4905 3382 4957 est,
3427 4903 3603 4945 lL‘UIItt

349 4959 448 5054 τὴν
470 4987 634 5054 νῆσον
657 4987 900 5039 ἀπιέναι.
927 4986 1036 5054 Τῆς
1059 4959 1111 5037 δέ
1143 4988 1318 5056 ὁρμῆς
1345 4959 1667 5056 ἐπεσχέθη),
1692 4989 1751 5039 οὐ
1770 4959 1900 5057 δυνη

2036 4990 2372 5052 deliberabo,
2438 4990 2531 5058 qui
2597 4988 2731 5042 nihil
2790 4987 3017 5055 majoris
3081 4986 3364 5040 existimas
3419 4998 3605 5050 qttam,

350 5079 462 5140 θεὶς
509 5078 735 5143 ἀξίωσιν
787 5077 1016 5146 ἀδελφοῦ
1075 5079 1170 5130 καὶ
1205 5078 1399 5132 τέκνου
1454 5097 1545 5147 μοι
1591 5081 1916 5148 ποθουμένοι

2043 5081 2269 5149 auspice
2296 5079 2428 5144 Deo,
2466 5081 2530 5133 de
2561 5081 2723 5133 rebus
2756 5078 2996 5133 honestis
3023 5077 3280 5146 cOgitare.

351 5172 427 5230 είς
449 5169 632 5238 κρίσιν
661 5169 760 5237 τῆς
783 5167 921 5236 ἐμῆς
955 5169 1256 5238 ἀπορρῖψαι
1280 5168 1536 5236 δευτέραν
1565 5169 1894 5239 βουλήσεως.
1921 5171 2356 5239 Είσελευσόμεθα
2387 5171 2478 5223 οὖν
2506 5171 2578 5234 ῶς
2603 5169 2943 5235 ἐπέστειλας,
2967 5170 3080 5239 ἃμα
3105 5169 3200 5221 καὶ
3238 5167 3488 5234 ὀψόμενοι
3515 5159 3608 5211 aut

354 5261 483 5314 θεοῦ
511 5260 766 5320 διδόντος,
800 5259 1148 5330 παράκλησιν
1179 5261 1272 5314 ἐπὶ
1299 5263 1412 5324 τοῖς
1453 5262 1741 5332 συνέχουσι
1779 5267 1843 5332 τῇ
1871 5268 2019 5334 κοινῇ
2051 5263 2333 5335 συνομιλίᾳ
2370 5264 2715 5332 εὑρήσοντες,
2747 5263 2840 5314 καὶ
2898 5261 2951 5312 εἴ
2982 5279 3044 5312 -τι
3077 5259 3158 5312 δεῖ
3212 5258 3336 5328 περὶ
3374 5257 3469 5324 τῆς
3503 5256 3608 5308 τῶν

358 5356 698 5426 πραγμάτων
751 5355 1119 5424 χαλεπότητος
1166 5357 1248 5408 σοὶ
1288 5355 1366 5426 τῷ
1399 5357 1586 5426 χάριτι
1626 5357 1760 5409 Θεοῦ
1821 5356 1987 5427 μηδὲν
2044 5358 2385 5427 προτιμῶντι
2437 5355 2531 5408 τοῦ
2596 5360 2813 5426 φρονεῖν
2845 5354 3020 5424 ὀρθῶς
3066 5345 3608 5416 συνδιασκεψόμενοι.

360 5471 528 5526 PNK-1'.
575 5473 1010 5536 Κωνσταντίνῳ
1073 5476 1491 5542 μητροπολίτῃ
1559 5475 1913 5540 Λαοδικείας

2133 5471 2360 5527 CLVIII.
2414 5473 2764 5528 Constantino
2797 5469 3116 5525 Laodiceitsi
3148 5465 3516 5534 metropolitw.

434 5587 820 5655 Ἐλυπήσαμεν
898 5587 999 5656 τὴν
1053 5586 1208 5656 ὐμῶν
1289 5587 1548 5655 ὁσιότητα
1601 5588 1720 5656 οὐχί
1773 5589 1916 5641 τοῦτι

2106 5585 2492 5640 Reverentiam
2550 5596 2785 5637 vestram
2835 5580 3323 5640 contristavitnus,
3381 5580 3614 5635 minime

355 5672 570 5743 θέμενοι
636 5676 860 5739 σκοπὸν,
917 5675 990 5745 μὴ
1050 5677 1285 5742 γένοιτο,
1339 5676 1447 5728 οὐδ’
1492 5675 1716 5729 ἄλλοθέν
1771 5679 1916 5730 ποθε·

2034 5680 2299 5740 volentes,
2355 5680 2497 5732 absit
2550 5692 2580 5729 a
2640 5675 2834 5727 nobis!
2907 5687 3006 5725 nec
3065 5671 3132 5723 ab
3187 5671 3295 5723 alio
3351 5674 3604 5739 quopiam

357 5769 886 5837 παρακεκινημένοι,
918 5769 992 5837 μὴ
1024 5769 1180 5821 τοῦτο
1222 5766 1457 5833 λογίζου,
1511 5770 1697 5819 τέκνον
1749 5768 1916 5836 ἡμῶν

2035 5771 2266 5832 incitati,
2304 5771 2464 5824 crede
2501 5769 2653 5834 mihi,
2689 5767 2784 5833 tili,
2821 5766 2932 5819 imo
2961 5775 3012 5820 te
3047 5765 3224 5836 ipsum
3267 5775 3318 5817 et
3362 5779 3462 5817 nos
3506 5761 3607 5814 do-
