4088 6208
499 329 606 391 387

1603 332 1901 395 NICOI.M
1944 333 2053 391 CP.
2095 331 2600 391 PATRIARCHJE

3635 336 3744 399 388

498 449 611 503 lore
666 451 923 507 liberatos
969 455 1307 514 volebamus,
1364 455 1506 522 quod
1566 452 1788 521 quidam
1835 451 1963 502 hinc
2018 462 2060 501 et

2174 449 2310 502 ἀλλά
2342 450 2544 517 μᾶλλον
2578 449 3055 517 ὑπολαμϐάνοντές
3091 451 3148 504 σέ
3188 469 3247 504 τε
3281 452 3375 504 καὶ
3402 452 3547 521 ἡμᾶς
3575 451 3745 504 ἀπαλ-

499 546 627 597 inde
676 546 1150 616 circumragantes
1194 556 1383 599 contra
1438 545 1794 598 reverentiam
1834 553 2068 596 vestram

502 626 929 707 argutiabantur
958 650 1012 692 et
1049 639 1345 693 multorum
1378 654 1540 692 aures
1592 636 1955 690 oﬂ'endebant.
1999 636 2071 687 lle

500 728 647 783 hisee
671 730 777 782 noli
809 729 1010 784 offendi
1040 741 1093 784 et
1127 732 1333 784 dolere.
1370 729 1509 796 Quid
1557 729 1729 783 ntali?
1761 727 1947 783 Gratia
1976 726 2068 779 Dei

500 822 719 874 illorum
760 823 1035 875 cavillatio
1068 821 1255 875 virtuti
1302 830 1409 875 tua:
1467 821 1673 873 nullam
1713 818 2070 888 turpitudinis

498 925 680 967 netam
711 914 916 981 intulit,
970 915 1080 968 imo
1107 914 1205 984 ipsi
1233 915 1433 967 malam
1478 913 1582 967 sibi
1630 923 1810 966 notam
1855 912 2071 965 inusse—

499 1015 626 1057 runt
659 1016 713 1059 et
756 1007 884 1075 quid
939 1007 1117 1061 simile
1169 1005 1409 1075 perpessi
1445 1012 1574 1057 sunt
1599 1004 1649 1057 ei
1678 1004 1896 1067 accidit,
1924 1002 2067 1072 quod

501 1096 803 1163 saepissime
854 1097 908 1149 in
942 1098 1194 1161 canibus,
1256 1096 1349 1164 qui
1405 1096 1705 1164 projectilia
1763 1096 2066 1148 mittentem

498 1197 819 1239 consectare
843 1202 950 1239 non
982 1187 1533 1251 ralentes,immissos
1552 1186 1804 1239 mordet"
1821 1185 2060 1253 lapides;

499 1276 571 1329 ita
634 1286 689 1330 ct
742 1278 817 1330 illi
875 1293 1030 1331 suam
1075 1278 1139 1331 ad
1179 1278 1316 1331 alios
1361 1293 1584 1332 causam
1623 1276 1929 1332 deferentes
1960 1291 2066 1330 non

498 1365 700 1420 frustra
755 1368 1141 1436 perfectionem
1200 1378 1437 1422 vestram
1510 1369 1706 1422 latratu
1772 1383 1873 1421 suo
1923 1368 2067 1420 iuse-

496 1458 608 1511 cuti
647 1470 798 1512 sunt.
835 1459 890 1513 Si
926 1462 1057 1529 quid
1091 1462 1256 1530 igitur
1308 1463 1593 1529 hucusque
1648 1473 1940 1529 perpessus
2005 1475 2066 1512 es

498 1549 551 1601 in
583 1550 765 1603 anima
804 1559 916 1611 tua,
942 1551 1086 1620 quod
1120 1562 1306 1605 contra
1330 1551 1411 1605 fas
1443 1560 1548 1615 est,
1597 1551 1761 1603 homo
1793 1566 1917 1603 cum
1960 1551 2059 1614 sis,

497 1642 753 1709 projicias
800 1659 993 1712 pravas
1050 1644 1394 1712 cupiditates.
1446 1643 1489 1695 si
1517 1658 1623 1711 qua
1673 1643 1763 1696 tibi
1806 1641 1969 1697 refert
2008 1652 2065 1696 ut

496 1733 730 1786 animam
762 1746 1004 1787 nostram
1036 1750 1143 1787 non
1176 1738 1489 1798 contristes;
1519 1734 1712 1788 iterum
1745 1735 1887 1787 enim
1918 1734 2061 1799 dico,

497 1839 564 1877 ne
615 1824 925 1879 istiusmodi
975 1826 1345 1895 suspicionem
1376 1826 1579 1880 habeas
1615 1842 1629 1880 :
1665 1842 1770 1880 non
1818 1841 1846 1878 ο
1882 1828 2069 1881 nobis-

498 1925 609 1969 ruet
642 1917 775 1985 ipsis
803 1933 899 1972 nec
930 1919 997 1971 ab
1029 1919 1139 1971 alio
1170 1918 1389 1972 excitati
1411 1935 1604 1974 sumus
1630 1920 1697 1972 ad
1736 1935 1848 1972 rem
1882 1920 2063 1985 istam,

496 2023 685 2061 verum
722 2010 896 2063 salius
922 2011 1179 2065 duximus
1206 2011 1632 2080 imprudentium
1659 2012 1872 2065 illorum
1901 2012 2066 2066 cleri-

494 2114 682 2153 rcrum
736 2101 1069 2155 clamoribus
1126 2104 1287 2156 linem
1346 2104 1645 2171 imponere.
1705 2118 1772 2157 ne
1825 2103 1952 2157 hinc
2012 2114 2067 2158 et

504 2192 628 2247 inde
677 2196 1081 2250 circumeuntes
1148 2208 1203 2252 et
1250 2198 1468 2252 virtutis
1529 2208 1634 2252 tua:
1675 2198 1890 2253 nescios
1951 2198 2063 2252 for-

496 2300 594 2338 san
653 2287 721 2340 ad
779 2288 941 2341 falsas
991 2290 1274 2358 opiniones
1302 2291 1368 2345 de
1408 2299 1498 2344 tua
1558 2291 1832 2359 abrepturi
1883 2302 2066 2346 essent

496 2378 822 2431 reverentia.
875 2379 946 2431 lle
1002 2390 1195 2433 caetero
1228 2382 1431 2443 valeas,
1486 2390 1537 2433 et
1588 2393 1854 2451 quatenus
1900 2383 2064 2435 homo

495 2468 589 2522 Dei
664 2479 826 2538 atque
903 2473 1167 2539 pontifex,
1214 2473 1389 2542 rnajor
1443 2475 1518 2529 sis
1562 2476 1705 2545 \‘ttigi
1766 2476 2065 2545 pulsillani-

492 2562 699 2617 mitate.

1048 2858 1228 2911 CLIX.
1273 2859 1478 2913 Eidem.

562 2966 749 3032 Quoad
779 2967 1045 3036 judicium
1074 2948 1310 3022 vestrum
1369 2972 1435 3023 de
1466 2973 1770 3037 sacerdote,
1803 2975 1895 3041 qui
1932 2990 2061 3045 pro-

493 3059 605 3126 pria
643 3066 822 3111 motus
850 3059 1074 3111 stultitia
1109 3068 1298 3111 contra
1336 3060 1640 3129 pontificem
1677 3078 1838 3117 suum
1873 3074 2063 3119 contu-

2174 541 2356 604 λαξειν
2396 542 2593 611 λύπης,
2626 542 2710 609 ἐφ’
2751 537 2832 604 οἷς
2865 540 3016 594 ἔνθεν
3048 544 3303 596 κάκεῖθεν
3329 543 3746 613 περιτρέχοντες

2173 633 2222 683 οἱ
2272 632 2414 684 κατά
2464 632 2563 700 τῆς
2610 632 2709 700 σῆς
2748 633 3027 700 ὁσιότητος
3091 632 3481 704 φλυαροῦντες,
3538 631 3747 685 πολλῶν

2172 721 2343 783 ἀκοὰς
2378 720 2792 791 παρηνώχλουν.
2823 722 2899 774 Οὑ
2936 722 3042 791 χρὴ
3060 721 3153 774 οῦν
3183 723 3282 793 τὴν
3320 723 3416 793 σὴν
3449 721 3545 775 ἐπὶ
3573 721 3746 792 τούτῳ

2172 812 2374 883 ἀρετὴν
2407 813 2717 868 λυπεῖσθαι.
2764 813 2828 865 Τί
2883 816 2993 884 γὰρ
3034 815 3127 866 καλ⁸
3158 816 3441 883 ἀπήντησε
3480 814 3742 883 χαλεπόν;

2170 906 2296 958 οὑδὲ
2337 906 2446 976 γὰρ
2485 908 2669 977 χάριτι
2720 906 2855 959 Θεοῦ
2905 910 2938 976 ἡ
2990 907 3215 959 ἐκείνων
3272 907 3513 977 φλυαρία
3549 908 3743 978 μῶμόν

2169 1022 2294 1056 τινα
2320 1007 2388 1073 τῇ
2427 1006 2491 1073 σῇ
2522 1005 2689 1072 ἀρετῇ
2726 1002 3152 1073 προσετρίψατο,
3182 1002 3299 1055 ἀλλ’
3344 1002 3499 1055 αὐτοὶ
3546 1002 3741 1071 μᾶλλον

2168 1094 2433 1165 ὤφθησαν
2464 1095 2925 1165 κατεγνωσμένοι,
2959 1095 3053 1147 καὶ
3100 1095 3287 1163 ὅμοιόν
3324 1111 3374 1146 τι
3406 1094 3736 1162 πάσχοντες,

2168 1182 2281 1241 οἷον
2321 1186 2584 1249 πολλάκις
2617 1188 2675 1238 ἐν
2721 1189 2835 1249 τοῖς
2884 1187 3046 1239 κυσὶν
3080 1187 3226 1239 ἐστιν
3259 1186 3409 1251 ίδεῖν,
3438 1187 3487 1238 οἳ
3513 1186 3591 1256 τῷ
3614 1186 3739 1257 βάλ-

2168 1280 2314 1332 λοντι
2355 1278 2710 1348 προσψαῦσαι
2749 1279 2824 1348 μὴ
2872 1279 3185 1349 δυνάμενοι,
3236 1280 3363 1341 τοὺς
3408 1278 3494 1331 ἐπ’
3544 1280 3740 1339 αὐτοὺς

2170 1372 2531 1442 βαλλομένους
2583 1372 2839 1425 δάκνουσι
2888 1372 3089 1435 λίθους.
3128 1371 3316 1436 Οὕτως
3360 1368 3454 1424 οῦν
3498 1373 3740 1425 κάκεῖνοι

2168 1467 2304 1535 πρὸς
2326 1466 2517 1528 ἀλλους
2544 1466 2801 1533 φέροντες
2835 1466 2932 1536 τὴν
2959 1466 3158 1529 αἰτίαν,
3194 1466 3255 1517 οὑ
3291 1464 3431 1518 κατά
3459 1465 3558 1534 τῆς
3584 1463 3739 1534 ὑμῶν

2166 1558 2503 1624 τελειότητος
2529 1559 2651 1626 είκῆ
2679 1559 2772 1610 καὶ
2795 1560 2970 1628 μάτην
2992 1558 3352 1619 ὑλακτοῦντες
3370 1556 3737 1626 ἠλέγχθησανο

2164 1649 2306 1701 ὥστε
2358 1652 2411 1702 ετ
2472 1667 2524 1701 τι
2584 1650 2679 1702 καὶ
2709 1650 2804 1702 νῦν
2843 1651 3005 1719 μέχρι
3045 1649 3139 1701 τοῦ
3190 1648 3284 1701 νῦν
3329 1647 3613 1717 ἄνθρωπος
3660 1646 3737 1699 ὢν

2169 1741 2369 1803 ἔπαθες
2416 1741 2515 1809 τὴν
2546 1741 2745 1809 ψυχὴν,
2776 1742 2850 1802 ὡς
2880 1743 2978 1792 οὐκ
3016 1741 3144 1802 ἔδει,
3178 1741 3332 1809 ρίψον
3365 1740 3424 1792 τὸ
3459 1739 3653 1801 πάθος,
3686 1742 3739 1791 εί

2169 1831 2219 1883 τί
2260 1848 2344 1883 σοι
2401 1831 2663 1901 πρόσεστι
2712 1828 2936 1899 φίλτρον
2965 1831 3233 1899 ἡμέτερον
3265 1830 3360 1882 καὶ
3395 1828 3573 1896 λόγος.
3607 1829 3737 1898 περὶ

2168 1922 2262 1975 τοῦ
2298 1922 2372 1992 μὴ
2412 1923 2599 1989 ἀλγεῖν
2632 1922 2731 1991 τὴν
2755 1922 3033 1993 ἡμετέραν
3060 1920 3258 1990 ψυχήν.
3281 1922 3390 1972 Καὶ
3417 1920 3578 1973 πάλιν
3603 1920 3735 1989 γὰρ.

2168 2014 2334 2080 φημὶ,
2380 2010 2454 2079 μὴ
2496 2010 2655 2063 τοῦτο
2687 2012 2768 2074 είς
2835 2010 3106 2080 ὑπόληψιν
3156 2012 3280 2080 ἔχε·
3330 2008 3452 2061 οὔτε
3495 2009 3735 2070 οἴκοθεν.

2167 2102 2289 2155 οὔτε
2325 2104 2454 2173 παρ’
2488 2104 2649 2156 ἄλλου
2675 2104 2819 2166 τινὸς
2855 2103 2993 2173 πρὸς
3037 2103 3197 2155 τοῦτο
3228 2103 3574 2172 ὑπήχθημεν,
3603 2100 3739 2154 ἀλλά

2171 2196 2372 2265 μᾶλλον
2398 2196 2715 2265 βουλόμενοι
2744 2196 2842 2259 τὰς
2890 2196 2998 2247 τῶν
3036 2196 3315 2247 ἀσυνέτων
3342 2182 3570 2247 ἐκείνων
3612 2192 3739 2262 κλη-

2169 2288 2341 2357 ρικῶν
2371 2286 2692 2340 ἀποπαῦσαι
2746 2286 3018 2357 κραυγὰς,
3068 2286 3155 2338 ἵνα
3190 2288 3265 2354 μὴ
3313 2286 3549 2339 ἐνταῦθα
3580 2287 3739 2339 κάκεῖ

2167 2378 2645 2448 περιιόντες,τους
2677 2378 2779 2430 οὑκ
2835 2378 3044 2439 εἰδότας
3078 2376 3207 2440 ίσως
3257 2377 3356 2447 τὴν
3394 2377 3492 2447 σὴν
3537 2377 3737 2446 ἀρετὴν

2167 2471 2301 2539 πρὸς
2355 2470 2655 2541 ὑπολήψεις
2687 2471 2941 2535 ἀναξίους
2998 2473 3095 2523 καῖ¹
3140 2471 3409 2539 ἀπρεπεῖς
3442 2470 3540 2539 τῆς
3583 2469 3736 2539 ὑμῶν

2164 2564 2442 2631 ὁσιότητος
2467 2562 2877 2632 συναρπάζωσι.
2910 2561 2989 2612 Τά
3019 2560 3061 2611 δ’
3093 2559 3226 2613 ἄλλα
3268 2560 3579 2631 ἐρρωμένος
3602 2561 3736 2628 ἡμῖν

2168 2655 2307 2723 εἴης,
2362 2655 2459 2706 καὶ
2482 2650 2569 2706 οἷα
2592 2653 2685 2706 τοῦ
2712 2652 2846 2705 Θεοῦ
2878 2652 3161 2721 ἄνθρωπος
3189 2652 3283 2704 καὶ
3301 2651 3611 2719 ἀρχιερεὺς,
3638 2651 3734 2719 τῆς

2165 2745 2273 2797 τῶν
2305 2744 2515 2797 πολλῶν
2551 2744 2915 2815 μικροψυχίας
2945 2743 3233 2817 ἁνώτερος.

2692 2856 2863 2911 ΡΝΘ’.
2895 2857 2983 2923 Τῷ
3020 2858 3199 2922 αὐτῷ.

2246 2971 2369 3024 Ἐπὶ
2394 2972 2507 3033 τοῖς
2543 2971 2892 3040 κεκριμένοις
2950 2973 3077 3039 ὑμῖν
3116 2971 3245 3040 περὶ
3290 2970 3386 3023 τοῦ
3433 2970 3642 3041 ἱερέως,
3673 2966 3732 3021 ὃν

2164 3062 2443 3133 ἀφροσύνη
2479 3062 2851 3133 διερεθίζουσα
2881 3061 2975 3113 τοῦ
3019 3062 3221 3114 οἰκείου
3256 3061 3550 3131 ἀρχιερέως
3580 3059 3735 3129 ὑϐρι-

492 3152 780 3204 meliosum
818 3166 876 3205 se
907 3152 1094 3220 gessit,
1124 3166 1248 3205 cum
1284 3152 1430 3206 nulla
1488 3153 1555 3206 de
1596 3153 1734 3208 facto
1762 3154 1907 3209 adsit
1926 3171 2059 3210 con-

2166 3158 2299 3225 στὴν
2329 3156 2731 3224 ἀπειργάσατο,
2768 3154 3027 3223 οὐδεμιᾶς
3080 3153 3410 3220 ἀπαντώσης
3442 3154 3505 3222 τῇ
3553 3152 3731 3219 κρίσει

494 3243 747 3295 tradrrtio
806 3242 1117 3312 (canonum
1171 3244 1319 3295 enim
1375 3244 1423 3295 vi
1476 3246 1887 3313 confirmatur),
1959 3247 2061 3299 hoc

498 3350 668 3388 unum
696 3334 941 3388 additum
974 3337 1248 3397 volumus,
1278 3346 1336 3387 ut
1372 3336 1527 3389 nobis
1563 3336 1765 3389 licitum
1817 3338 1885 3390 sit
1911 3338 2060 3391 beni-

490 3428 733 3496 gniorem
768 3424 1061 3493 quamdam
1108 3426 1292 3478 fovere
1328 3428 1712 3495 cogitationem
1745 3437 1798 3481 et
1827 3432 2059 3481 commi-

495 3520 822 3572 scrationem
847 3534 990 3586 quan
1016 3519 1139 3571 dam
1169 3520 1429 3573 exhibere
1455 3535 1583 3586 erga
1637 3521 2056 3589 imprudentem,

494 3612 758 3679 illumque
790 3625 978 3663 rursus
1014 3611 1064 3663 in
1091 3611 1270 3665 locum
1311 3629 1469 3666 suum
1500 3614 1807 3668 restituere.
1845 3614 2057 3670 Etenim

490 3712 710 3771 peccata
769 3701 858 3753 illa
904 3701 1302 3756 irremissibilia
1366 3715 1530 3769 sunt,
1575 3720 1695 3772 qua:
1744 3708 2059 3760 sanctuario

490 3792 788 3862 impietatis
846 3804 1033 3847 notam
1070 3795 1313 3849 inurunt.
1364 3796 1417 3848 Si
1455 3807 1633 3850 autem
1666 3812 1727 3850 ea
1768 3814 1887 3866 «tua:
1935 3813 2061 3867 pro-

489 3893 607 3952 pter
636 3885 939 3938 errantium
999 3885 1514 3953 pusillanimitatem
1554 3888 1619 3941 ad
1667 3903 1769 3942 nos
1811 3898 2060 3957 spectant

486 3978 636 4032 sclcs.
683 3981 990 4032 condonare
1047 3979 1404 4045 voluerimus,
1456 3982 1691 4035 divinam
1758 3982 2061 4051 benignita-

487 4078 597 4123 tem
641 4080 773 4140 puto
820 4072 977 4125 nobis
1034 4088 1143 4124 non
1182 4072 1376 4125 iratam
1417 4071 1534 4127 fore
1565 4090 1580 4128 :
1614 4090 1796 4127 nonne
1832 4075 1946 4143 ipse
1973 4084 2061 4129 est

485 4164 578 4229 qui
609 4161 757 4213 «turni
796 4162 1070 4215 sacriﬁcio
1113 4164 1546 4217 misericordiam
1582 4163 1840 4233 prafecit,
1873 4165 2059 4219 dicen-

492 4255 564 4305 do
603 4272 615 4305 ε
656 4254 1122 4307 «Misericordiam
1162 4256 1285 4308 volo
1315 4265 1367 4309 ct
1391 4272 1498 4309 non
1517 4257 1877 4311 sacriﬁcium?
1912 4258 2057 4311 Prae-

484 4357 701 4414 ceptqu
754 4349 855 4400 hoe
917 4347 1049 4399 miln
1085 4348 1300 4400 videtur
1352 4349 1930 4417 egregie'inordinato
1978 4351 2053 4403 illi

2164 3248 2473 3315 ἀντιλογίας
2499 3247 2745 3316 (κανόνος
2767 3246 2874 3315 γὰρ
2907 3244 3054 3314 ἰσχύϊ
3080 3244 3541 3315 διασφαλίςεται),
3575 3242 3731 3295 τοῦτο

2166 3345 2325 3413 μ’ἒνον
2357 3338 2558 3407 φαμὲν,
2608 3338 2683 3399 ὠς
2732 3336 2905 3399 ἔξεστι
2939 3336 3287 3406 βουλομένοις
3326 3338 3457 3405 ἡμῖν
3490 3337 3731 3387 ἐπιεικεο

2164 3430 2359 3499 στέραν
2420 3432 2544 3481 τινὰ
2598 3428 2825 3497 γνώμην
2866 3426 3169 3498 συμπαθῶς
3223 3428 3561 3497 κινουμένοις
3597 3428 3730 3496 πρὶς

2160 3521 2251 3572 τὸν
2292 3520 2770 3588 ἁφρονευσάμενον
2802 3518 3190 3582 ἐπιδείξασθαι,
3239 3521 3330 3570 καὶ
3360 3518 3520 3570 πάλιν
3566 3520 3623 3568 ἐν
3655 3516 3731 3585 τῷ

2161 3612 2343 3682 οἰκείῳ
2379 3610 2840 3679 ἀποκαταστῆσαι
2902 3608 3115 3680 βαθμῷ,
3146 3609 3281 3661 διότι
3331 3610 3440 3661 τῶν
3474 3611 3726 3678 ἁμαρτη-

2164 3705 2348 3773 μάτων
2371 3705 2553 3755 ὲκεῖνα
2587 3702 2859 3764 παντελῶς
2884 3702 3266 3768 ἀσύγγνωστα,
3296 3701 3395 3752 ὅσα
3435 3700 3624 3770 μῶμον
3651 3699 3729 3763 τῷ

2162 3797 2300 3864 ἁγίῳ
2357 3795 2725 3864 θυσιαστηρίῳ
2772 3794 3160 3864 προστρίϐεται
3188 3810 3200 3821 °
3233 3792 3270 3846 ἃ.
3317 3794 3375 3845 δὲ
3412 3793 3550 3862 πρὸς
3582 3794 3731 3860 ἡμᾶς

2161 3889 2219 3953 ἐξ
2276 3888 2629 3955 ἀνθρωπίνης
2688 3886 3054 3956 μικροψυχίας
3113 3884 3222 3936 τῶν
3263 3882 3730 3953 πλημμελούντων

2164 3980 2361 4050 μόνους
2387 3980 2512 4050 ὁρᾷ,
2541 3977 2717 4031 ταῦτα
2746 3980 2794 4031 εί
2841 3980 3145 4047 συγχωρεῖν
3192 3976 3539 4046 βουλοίμεθα,
3568 3971 3723 4045 οἶμαι

2158 4072 2256 4141 τὴν
2286 4071 2380 4124 τοῦ
2425 4072 2558 4124 Θεοῦ
2612 4071 2903 4139 εὐμένειαν
2945 4070 3019 4140 μὴ
3053 4072 3377 4141 νεμεσήσειν
3420 4071 3571 4139 ἡμῖν.
3608 4068 3729 4129 Πῶς

2159 4168 2267 4233 γὰρ
2298 4164 2353 4226 ὃς
2387 4181 2449 4231 γε
2488 4164 2665 4232 πάσης
2698 4163 2794 4232 τῆς
2838 4163 2992 4228 αὑτῷ
3044 4162 3499 4233 προςφερομένης
3530 4160 3723 4222 θυσίας

2160 4255 2488 4323 ἐπίπροσθεν
2513 4257 2745 4306 ποιεῖται
2763 4254 2852 4305 τὸν
2870 4254 3066 4305 ἕλεονί
3087 4254 3274 4305 Ἐλεον
3293 4251 3729 4322 γάρ,φησ“ι,θέλω

2160 4348 2251 4397 καὶ
2278 4346 2336 4396 οὑ
2364 4344 2555 4397 θυσίαν
2590 4362 2640 4410 ς»
2688 4344 2841 4414 Ἐμοὶ
2906 4340 2999 4397 οῦν
3039 4344 3304 4397 δοκεῖκαὶ
3343 4347 3440 4415 τὴν
3480 4343 3729 4396 παιδείαν

486 4434 733 4503 :tdaplari
763 4446 816 4487 ct
842 4436 1275 4489 misericordiam
1308 4453 1372 4491 ex
1405 4440 1586 4492 animo
1616 4449 1795 4493 vestro
1818 4455 2047 4509 proven-

2163 4437 2339 4497 καλῶς
2365 4438 2458 4488 ἐπὶ
2480 4440 2555 4504 τῷ
2597 4438 2972 4505 ἀτακτήσαντι
3022 4436 3328 4506 προελθεῖν,
3364 4436 3457 4487 καὶ
3494 4437 3550 4489 τὸ
3590 4453 3730 4503 συμ-

485 4536 685 4580 turam.
711 4524 806 4579 His
849 4542 947 4595 ego
978 4516 1290 4591 assentior;
1346 4544 1451 4581 non
1484 4530 1629 4582 enim
1669 4530 1792 4596 erit,
1824 4529 1927 4585 nisi
1967 4532 2048 4583 vi-

482 4632 631 4669 scera
666 4632 763 4669 sua
798 4617 1025 4669 omnino
1056 4618 1321 4672 claudens
1366 4620 1775 4683 misericordiae,
1812 4623 1904 4692 qui
1930 4638 2054 4691 pro-

482 4709 628 4759 ximo
664 4706 809 4775 inopi
846 4709 1109 4761 auxilium
1151 4720 1384 4765 recuset.

834 5008 991 5064 CLX.
1024 5008 1271 5079 Gregorio
1312 5010 1501 5080 Ephesi
1530 5014 1687 5080 rpisc.

553 5123 910 5188 Aﬂlictiones,
940 5126 1013 5178 mi
1041 5124 1348 5195 lili,quibus
1380 5126 1619 5181 Ecclesia
1640 5127 1730 5181 Dei
1764 5128 2048 5197 premitur,

482 5232 591 5271 non
624 5218 739 5272 sine
785 5215 951 5270 animi
1002 5215 1191 5269 dolore
1236 5232 1568 5273 noveramus
1605 5220 1757 5288 prius
1807 5236 1969 5289 quam
2020 5237 2051 5275 ο

481 5310 674 5363 litteris
706 5311 817 5363 tuis
840 5307 1230 5376 cognovimus;
1269 5326 1456 5364 casum
1507 5321 1562 5364 et
1615 5327 1756 5381 saepe
1795 5328 1907 5365 rem
1957 5315 2051 5366 de-

483 5398 825 5467 plorantibus
866 5402 1024 5455 nobis
1059 5404 1216 5455 unica
1259 5403 1482 5455 obvenit
1534 5418 1695 5457 causa
1734 5404 2048 5472 probabilis,

485 5500 664 5539 rerum
694 5490 1030 5555 publicarum
1066 5489 1355 5559 fragilitas.
1410 5489 1639 5560 Reliqua
1670 5505 1880 5557 autem,
1930 5510 2049 5564 quae

486 5580 799 5634 rumoribus
828 5583 1147 5637 circumlata
1192 5585 1435 5638 animum
1468 5596 1615 5637 tuum
1643 5588 2047 5655 perturbarunt,

484 5668 688 5735 aliquid
733 5672 785 5721 in
837 5687 896 5727 se
944 5676 1055 5727 veri
1094 5676 1293 5729 habent
1325 5683 1378 5728 et
1418 5674 1621 5744 aliquid
1673 5675 1819 5741 falsi,
1875 5690 1932 5731 ut
1994 5679 2047 5732 in

485 5762 650 5813 rebus
685 5759 938 5815 humanis
974 5768 1195 5823 evenire
1230 5768 1390 5824 solet.
1430 5767 1680 5823 Attamen
1720 5769 1771 5820 in
1816 5770 1898 5823 Itis
1950 5771 2049 5823 rui-

2161 4530 2330 4591 παθὲς
2361 4529 2442 4580 ἐτι
2480 4533 2733 4597 κρεῖσσον
2774 4529 2880 4581 ὑπὸ
2922 4529 3021 4597 τῆς
3059 4530 3333 4599 ὑμετέρας
3367 4533 3565 4599 ἀρετῆς
3602 4531 3728 4581 ἐπι-

2156 4620 2461 4691 δειχθῆναι,
2508 4621 2645 4673 ὥστε
2671 4623 2764 4673 καὶ
2797 4622 2930 4689 ἡμῖν
2960 4620 3118 4673 τοῦτο
3142 4622 3409 4685 συνδοκεῖ,
3449 4622 3549 4673 οὐκ
3571 4620 3725 4672 ἔσται

2155 4731 2239 4775 τις
2270 4714 2421 4781 παρὰ
2454 4716 2561 4764 τῶν
2587 4714 2662 4783 μὴ
2686 4714 3005 4767 παντάπασι
3036 4715 3102 4765 τὰ
3125 4713 3409 4782 σπλάγχνα
3439 4714 3725 4765 κλειόντων

2161 4804 2367 4875 μέμψις
2407 4807 2517 4866 τοῖς
2557 4804 2833 4873 δεομένοις
2854 4803 3164 4871 ἀνθρώποις
3191 4806 3284 4857 καὶ
3319 4808 3506 4869 αὑτοῖς
3542 4806 3721 4877 ὑπάρ-

2156 4914 2308 4965 χουσι
2350 4896 2782 4965 φιλανθρωπίας.

2546 5009 2664 5063 l‘E’.
2697 5011 3002 5080 Γρηγορίῳ
3061 5011 3335 5080 Ἐφέσου.

2224 5124 2304 5179 Τά
2345 5125 2443 5196 μὲν
2480 5126 2614 5180 ἀλλα
2650 5126 2796 5197 πάθη
2824 5130 2945 5192 ὅσα,
3000 5129 3191 5183 τέκνον
3228 5130 3388 5200 ἡμῶν
3430 5130 3594 5201 ἱερὸν,
3624 5128 3721 5192 τάς

2153 5217 2247 5270 τοῦ
2288 5217 2421 5270 Θεοῦ
2449 5219 2661 5288 συνέχει
2704 5218 3055 5290 Ἐκκλησίας,
3084 5220 3205 5274 οὑδὲ
3238 5222 3369 5293 πρὶν
3395 5221 3717 5292 ἠγνοοῦμεν·

2152 5308 2265 5360 ἀλλ’
2294 5304 2438 5377 εἶχεν
2486 5308 2633 5377 ἡμᾶς
2660 5311 2692 5378 ή
2728 5314 2903 5380 πικρὰ
2947 5312 3150 5365 τούτων
3179 5314 3403 5379 γνῶσις,
3428 5312 3523 5364 καὶ
3550 5313 3720 5382 χωρὶς

2152 5403 2251 5471 τῆς
2280 5402 2372 5454 τοῦ
2395 5402 2723 5471 γράμματος
2740 5404 3083 5472 ἀπαγγελίας
3100 5418 3113 5431 '
3147 5406 3239 5455 καὶ
3267 5404 3527 5466 πολλάκις
3544 5403 3721 5457 ταῦτα

2152 5494 2644 5565 ὲκτραγῳδοὺντων
2705 5498 2863 5565 ἡμῶν
2903 5497 2998 5565 μία
3047 5513 3127 5558 τις
3164 5497 3400 5566 ἀπαντᾷ,
3441 5495 3514 5558 ὼς
3546 5496 3721 5560 δοκεῖ,

2152 5590 2263 5649 τοῖς
2294 5587 2745 5658 ἀποκρινομένοις
2778 5588 3130 5657 εὐπρόσωπος
3147 5587 3295 5640 αἰτία
3328 5590 3361 5657 ἠ
3394 5589 3500 5640 τῶν
3524 5588 3719 5640 κοινῶν

2155 5680 2496 5749 πραγμάτων
2540 5678 2831 5731 ἀσθένεια·
2888 5678 2953 5730 τά
3003 5676 3048 5728 δ’
3101 5678 3258 5743 ἄλλα,
3311 5680 3409 5732 ὃσα
3475 5681 3506 5749 η
3559 5680 3718 5747 φήμη

2158 5775 2398 5842 φέρουσα
2439 5771 2664 5841 θόρυϐον
2719 5772 2846 5839 ὑμῖν
2916 5772 3252 5842 ἐνεποίησεν,
3296 5776 3425 5838 ἴσως
3469 5775 3579 5843 ἔχει
3618 5776 3718 5841 μέν
