4088 6208
352 306 462 370 380

1804 314 2209 374 El’ISTOL.-E.

3492 325 3604 388 390

346 440 404 476 τι
466 421 562 477 καὶ
615 422 838 495 ἀληθὲς,
896 425 1019 494 ἔχει
1096 427 1154 480 δέ
1232 446 1285 481 τι
1372 431 1468 482 καὶ
1544 425 1633 483 οἷα
1702 430 1770 483 τὰ
1835 432 1888 482 ἀι

1994 451 2004 489 i
2041 431 2202 484 seriis
2257 430 2392 483 nihil
2441 441 2523 485 est
2556 431 2829 488 infelicius
2861 450 3023 504 quam
3059 436 3261 489 diaboli
3293 438 3605 508 artiﬁcium,

345 515 596 586 θρώπινα
683 516 783 587 τὴν
876 519 1013 590 πρὸς

1118 521 1181 574 τὸ
1270 521 1466 592 ψεῦδος
1555 521 1926 594 ἀναχώρησιν.

349 606 494 676 Πλὴν
549 605 702 660 οὐδὲν
768 607 1139 679 λυπηρότερον
1187 612 1247 664 ἐν
1307 611 1386 681 τῷ
1444 612 1582 676 τέως
1623 615 1690 683 τῇ
1743 611 1932 664 ταλαιο

347 697 533 766 πωρίᾳ
561 698 722 768 ἡμῶν
750 700 1096 769 προσήγγισε
1128 701 1225 772 τῆς
1255 702 1320 755 ἐκ
1381 702 1472 755 τοῦ
1528 703 1767 774 πονηροῦ
1809 701 1928 755 δαί-

348 804 513 856 μονος
546 789 770 858 μεθόδου
838 790 1206 861 διαλυθείσης,
1239 793 1311 846 δι’
1361 791 1430 865 ἧς
1480 796 1796 865 ἐμηχανᾶτο
1829 793 1924 845 καὶ

2035 536 2144 589 quo
2175 531 2229 576 et
2267 523 2420 592 regni
2467 532 2521 577 et
2558 522 2816 580 Ecclesia:
2876 541 2963 581 res
2995 527 3330 582 confundere
3385 531 3607 586 molitus

2029 618 2150 662 est:
2186 612 2329 680 quod
2378 612 2668 668 artilicium
2713 613 2898 668 divina
2957 615 3355 672 intercessione
3387 619 3603 674 iriitum

2029 701 2222 773 evasit.
2272 701 2398 756 Haec
2445 703 2540 757 tibi
2589 719 2736 758 nunc
2778 706 3104 774 scribimus;
3135 707 3250 762 vale
3285 716 3338 763 et
3373 725 3471 778 pro
3508 725 3607 764 no-

2028 798 2141 844 stra
2171 791 2482 847 humilitate
2512 809 2759 865 precare.

341 881 412 930 τὰ
475 881 573 949 τῆς
635 880 910 951 βασιλείας
957 887 1050 938 καὶ
1081 885 1152 938 τὰ
1204 886 1304 953 τῆς
1354 887 1684 954 Ἐκκλησίας
1721 881 2144 951 ωνεκταράξαι,
2195 885 2603 957 φανερωθείσης
2657 887 2758 958 τῆς
2811 890 2974 946 αὑτοῦ
3008 911 3317 967 κακουργου
3350 898 3602 968 μηχανῆς

340 976 440 1026 καὶ
489 971 885 1044 διαλελυμένης
910 977 1014 1030 ὑπὸ
1045 978 1144 1047 τῆς
1192 977 1382 1046 θεῖκῆς
1436 977 1798 1046 ἀντιλήψεως.
1819 973 2009 1028 Ταῦτά
2036 990 2116 1025 σοι
2177 973 2253 1037 ὡς
2315 976 2374 1026 ἐν
2421 977 2711 1048 γράμματι
2763 981 2898 1051 δῆλα
2968 987 3229 1058 ποιοῦμεν
3261 1003 3280 1022 ο
3335 993 3429 1043 καὶ
3483 992 3600 1064 εῐης

341 1067 475 1136 ἡμῖν
527 1067 845 1137 ἐρρωμένος
909 1073 1002 1125 καὶ
1062 1073 1160 1142 τῆς
1216 1073 1374 1143 ἡμῶν
1449 1073 1886 1142 ὑπερευχόμενος
1933 1067 2337 1135 ταπεινότητος.

547 1160 713 1214 ΡΞΑ⁰.
740 1159 827 1225 Τῷ
857 1163 1170 1231 στρατηγῷ
1195 1164 1696 1231 Πελοποννήσου.

413 1251 572 1314 Ἴσως
613 1253 839 1320 δόξομεν
857 1256 1108 1324 περιττόν
1139 1273 1191 1308 τι
1222 1260 1398 1310 ποιεῖν
1423 1257 1509 1310 ἐπ’
1534 1259 1711 1310 ἐκεῖνο
1733 1272 1912 1324 παρα-

333 1341 626 1404 καλοῦντες
644 1345 744 1412 τὴν
780 1343 934 1412 ὑμῶν
971 1345 1206 1410 σύνεσιν,
1260 1347 1288 1398 ὃ
1320 1347 1579 1417 πράττεις
1607 1347 1773 1410 αὐτὸς
1810 1348 1911 1414 ἐμ-

332 1437 488 1508 φύτῳ
520 1440 856 1508 χρηστότητι
882 1442 977 1493 καὶ
1013 1443 1181 1511 χωρὶς
1239 1444 1337 1512 τῆς
1375 1444 1576 1510 ἔξωθεν
1622 1441 1910 1513 παρακλή-

331 1543 492 1589 σεως.
525 1529 590 1582 Τί
620 1529 676 1581 δέ
705 1530 869 1584 τοῦτὸ
901 1533 1016 1585 ἐστι
1049 1550 1063 1597 ;
1110 1535 1184 1587 Τὸ
1245 1535 1405 1588 ἵλεων
1446 1537 1610 1606 φημὶ,
1644 1537 1739 1590 καὶ
1768 1553 1906 1602 συμ-

329 1618 501 1680 παθές
521 1633 536 1650 ο
564 1619 722 1673 τοῦτο
760 1622 870 1692 γὰρ
905 1625 1045 1693 μετὰ
1080 1626 1187 1678 τῶν
1211 1626 1387 1679 ἄλλων
1408 1626 1590 1681 καλῶν
1621 1624 1905 1696 προσεῖναί

2407 1159 2593 1217 CLXI.
2627 1162 2767 1216 Dnci
2802 1161 3176 1233 Peloponnesi.

2092 1247 2297 1304 Forsan
2337 1251 2538 1321 aliquid
2573 1255 2834 1322 superﬁui
2869 1258 3118 1312 videmur
3152 1276 3334 1332 agere,
3384 1263 3593 1318 intcllic

2019 1342 2255 1409 gentiam
2289 1353 2526 1398 vestram
2571 1345 2638 1398 ad
2683 1345 2815 1399 illud
2855 1351 3222 1419 peragendum
3282 1353 3592 1420 hortantes,

2015 1430 2162 1497 quod
2221 1431 2335 1500 ipse
2381 1435 2670 1503 congenita
2716 1435 3052 1506 benignitate
3111 1453 3161 1495 et
3197 1446 3413 1498 nemine
3463 1446 3584 1499 hor.

2014 1529 2163 1576 tante
2216 1523 2395 1579 facis:
2444 1528 2706 1595 quidnam
2752 1528 2854 1583 hoc
2895 1531 3016 1585 est?
3073 1531 3472 1602 Misericordia,
3534 1549 3588 1592 ct

2014 1615 2325 1681 compassio
2367 1633 2380 1669 :
2419 1615 2516 1670 has
2569 1617 2738 1682 enim,
2787 1634 2910 1671 cum
2973 1625 3189 1675 caeteris
3238 1623 3436 1690 bonis,
3488 1626 3584 1680 tibi

330 1727 414 1762 σοι
445 1712 598 1781 παρά
627 1713 850 1766 πάντων
883 1717 1090 1784 σχεδὸν,
1116 1717 1231 1770 ὅσοι
1267 1719 1358 1773 τὸν
1394 1719 1484 1773 σὺν
1525 1722 1626 1773 οὐκ
1649 1723 1888 1788 ἀγνοοῦση

2015 1702 2196 1758 inesse
2230 1704 2341 1760 lere
2373 1707 2442 1760 ab
2480 1709 2732 1762 omnibus
2750 1711 3062 1773 cdocemur,
3089 1713 3179 1780 qui
3201 1721 3348 1766 luant
3370 1717 3583 1770 vivendi

325 1803 551 1871 τρόπον,
575 1804 1030 1876 ἐκδιδασκόμεθα.
1061 1809 1206 1880 Πλὴν
1258 1810 1374 1862 ἀλλ’
1409 1812 1596 1884 ἐπειδὴ
1632 1815 1661 1867 ὁ
1691 1817 1908 1886 ἠγαπη-

332 1892 498 1960 μένος
523 1894 681 1962 ἡμῶν
708 1895 935 1966 ἀδελφὸς
961 1897 1060 1951 καὶ¹
1092 1903 1487 1972 συναρχιερεὺς
1517 1905 1545 1956 ὁ
1573 1904 1673 1972 τῆς
1699 1908 1908 1959 Καισα-

325 1983 470 2050 ρέων
540 1985 805 2056 πρόεδρος
874 1987 1139 2062 ἐϐουλήθη
1203 1996 1664 2064 συμπρεσϐευτὰς
1735 2000 1906 2068 ιήμᾶς

325 2075 686 2142 παραλαϐεῖν,
752 2079 892 2147 ὑπὲρ
924 2076 990 2152 ἦς
1043 2082 1208 2146 αὐτὸς
1271 2084 1511 2156 ἔγραψεν
1552 2089 1906 2160 ἐκδηλότερον

324 2167 663 2232 ὑποθέσεως,
721 2173 822 2225 οὐκ
882 2173 1098 2242 ἔχοντες
1153 2175 1300 2240 ὅπως
1355 2177 1454 2248 τὴν
1491 2179 1700 2232 ἐκείνου
1749 2182 1905 2252 παρὰ

321 2259 526 2327 φαῦλον
558 2261 784 2324 ἀξίωσιν
827 2262 1073 2334 θείημεν,
1107 2267 1245 2335 πρὸς
1289 2269 1493 2338 ταύτην
1535 2271 1776 2342 ἤλθομεν
1805 2273 1902 2345 τὴν

320 2353 694 2423 παράκλησιν.
731 2357 972 2426 Πλήρου,
1001 2358 1194 2411 τέκνον
1235 2361 1413 2431 ἡμῶν,
1460 2364 1556 2416 καὶ
1585 2364 1656 2416 τὰ
1687 2366 1900 2436 σεαυτῷ

321 2445 529 2515 συνήθη
590 2446 785 2509 ποιῶν,
839 2448 1051 2502 καὶτὸν
1080 2451 1309 2504 παλαιὸν
1351 2453 1505 2521 φίλον
1550 2458 1642 2509 καὶ
1676 2472 1894 2527 συμπαο

319 2537 560 2605 τριώτην
595 2539 797 2608 τιμῶνο
825 2541 873 2593 εί
913 2540 1096 2611 βούλει
1125 2542 1181 2595 δὲ
1217 2542 1313 2596 καὶ
1335 2545 1397 2596 τὸ
1425 2546 1696 2618 ἡμέτερον
1730 2551 1897 2618 μέρος

319 2630 379 2679 ἐν
414 2629 556 2698 λόγῳ
587 2631 778 2694 τιθεὶς,
815 2633 914 2702 τὴν
945 2633 1132 2704 κοινὴν
1170 2635 1470 2705 πρεσϐείαν
1513 2638 1654 2709 ὑπὲρ
1684 2641 1899 2711 ἀνθρὼ-

315 2733 449 2782 me,
484 2713 527 2786 ᾦ
557 2721 645 2773 διὰ
686 2721 786 2793 τὴν
815 2724 1052 2794 ἐσχάτην
1077 2726 1366 2796 ἐκδημίαν,
1393 2730 1607 2793 πάντως
1633 2733 1734 2784 οὐκ
1757 2733 1895 2804 ἄλλη

315 2827 402 2872 τις
438 2811 829 2867 ὑπολέλειπται
853 2817 1013 2888 χάρις
1036 2834 1048 2846 ·
1071 2820 1165 2872 καὶ
1191 2824 1475 2891 παράσχου
1501 2823 1600 2895 τὴν
1638 2826 1894 2880 ἐπάνοδον

314 2903 397 2968 τῷ
449 2905 627 2976 τέκνῳ
684 2908 822 2978 πρὸς
863 2909 957 2963 τὸν
1015 2912 1217 2965 οἰκεῖον
1266 2915 1505 2985 πατέρα,
1542 2919 1892 2989 παραμύθιον

314 2995 478 3046 τοῦτο
549 2997 730 3050 κοινὸν
781 3000 930 3070 αὐτῷ
960 3018 1020 3054 τε
1065 3004 1159 3055 καὶ
1191 3006 1266 3074 τῷ
1301 3011 1469 3078 πατρὶ
1504 3009 1886 3080 χαριζόμενος,

2012 1797 2275 1850 rationem
2332 1809 2620 1852 noverunt.
2672 1801 2806 1852 Cum
2857 1802 3249 1859 dilectissimus
3303 1806 3467 1860 frater
3529 1809 3579 1861 in

2007 1883 2365 1957 pontiﬁcatu,
2421 1891 2773 1946 Caesariensis
2822 1894 3275 1964 archiepiscopus
3323 1897 3376 1950 in
3433 1913 3583 1952 coui-

2007 1981 2312 2051 presbyteri
2342 1992 2527 2052 partes
2559 1998 2658 2038 nos
2688 1999 2974 2039 assumere
3005 1987 3193 2052 vellet,
3235 1987 3398 2058 idque
3433 1989 3579 2043 litte-

2006 2071 2082 2124 ris
2116 2073 2276 2126 nobis
2321 2081 2506 2126 notum
2564 2073 2816 2138 iecisset,
2859 2091 3048 2145 preces
3079 2077 3250 2147 ipsius
3277 2095 3374 2148 pro
3406 2080 3579 2134 nihilo

2004 2174 2198 2232 putare
2225 2165 2475 2220 nolentes
2504 2167 2553 2221 ei
2597 2167 2838 2222 hortanti
2879 2185 3086 2224 morem
3117 2171 3406 2240 gessimus.
3428 2173 3575 2237 Ideo,

2005 2256 2076 2309 mi
2137 2258 2232 2320 lili,
2284 2272 2382 2326 pro
2435 2273 2588 2312 more
2625 2269 2718 2313 tuo
2749 2275 2915 2329 agas,
2977 2261 3260 2332 antiquum
3299 2264 3574 2320 honorans

2002 2348 2240 2402 amicum
2265 2359 2316 2402 et
2346 2351 2706 2420 popularem,
2755 2363 2808 2408 ct
2835 2353 2879 2407 si
2915 2355 3154 2424 aliquam
3201 2357 3370 2411 nostri
3407 2358 3574 2410 ratio-

2002 2456 2123 2494 nem
2189 2441 2391 2495 habere
2444 2443 2701 2504 volueris.
2761 2455 2963 2500 nostra:
3043 2456 3190 2500 tuam
3249 2448 3388 2501 adde
3441 2464 3571 2518 sup-

2001 2532 2344 2600 plicationem
2420 2547 2520 2602 pro
2572 2535 2832 2602 homine,
2891 2537 2976 2590 cui
3035 2547 3253 2606 propter
3317 2540 3568 2593 exsilium

1999 2625 2148 2679 nulla
2177 2626 2403 2680 omnino
2452 2638 2703 2697 superest
2735 2630 2944 2698 gratia;
2996 2632 3228 2684 reditum
3262 2633 3326 2686 ad
3362 2645 3566 2702 patrem

1997 2716 2109 2770 ﬁlio
2169 2719 2460 2782 concedas,
2513 2733 2760 2772 mutuam
2821 2721 2964 2775 hanc
3022 2721 3098 2774 illi
3139 2723 3565 2778 consolationem

1995 2806 2204 2860 tribuas
2224 2818 2274 2860 et
2306 2808 2445 2876 patri
2480 2817 2538 2862 ut
2568 2824 2626 2864 se
2655 2809 2886 2865 invicem
2910 2813 3253 2882 conspiciant
3274 2826 3327 2867 et
3357 2825 3566 2884 postre-

1993 2910 2083 2950 mo
2154 2913 2446 2954 commune
2500 2900 2810 2967 sepulcrum
2869 2915 3159 2972 occupent.
3228 2903 3394 2959 Vides
3451 2907 3565 2976 jam

1991 2998 2194 3058 quanta
2223 2990 2419 3043 ﬁducia
2475 3001 2629 3045 tuum
2689 2993 2906 3048 adimus
2945 2996 3214 3058 animum,
3253 2998 3391 3051 idem
3416 3003 3561 3068 quod

311 3086 374 3137 τὺ
398 3086 673 3156 προσιδεῖν
701 3089 968 3159 ἀλλήλους
1004 3097 1094 3148 καὶ
1137 3095 1205 3148 τὰ
1249 3100 1534 3153 τελευταῖα
1560 3105 1888 3175 προσομιλῆ-

1996 3097 2096 3135 nos
2131 3082 2555 3138 desiderantem.
2603 3084 2854 3139 Pluribus
2884 3088 3030 3140 enim
3083 3089 3239 3142 nobis
3279 3106 3417 3158 opus
3456 3107 3562 3144 non

312 3198 407 3232 σαι
473 3185 568 3235 καὶ
629 3185 912 3253 ἐπιτάφια.
981 3188 1142 3258 Ὁρᾷς
1202 3190 1278 3254 ὡς
1332 3195 1396 3262 τῇ
1453 3197 1516 3263 σῇ
1563 3196 1884 3257 πεποιθότες

1995 3181 2080 3224 est
2115 3173 2296 3228 verbis
2323 3175 2414 3243 qui
2449 3176 2837 3245 cogitationem
2880 3189 3122 3232 nostram
3156 3181 3259 3235 hac
3293 3180 3345 3234 in
3383 3198 3440 3236 re
3468 3183 3562 3236 tibi

309 3277 536 3344 εὐμενεῖ
572 3277 716 3348 ψυχῇ
745 3278 807 3330 τδ
835 3279 965 3330 αὐτὸ
997 3281 1350 3351 παράκλητον
1374 3285 1592 3358 ἐχούσῃ,
1623 3286 1886 3341 πλειόνων

1994 3264 2282 3318 ostendere
2331 3267 2602 3320 volumus.
2649 3265 2754 3321 Pro
2788 3269 3049 3338 petitione
3092 3280 3205 3334 tua,
3247 3272 3402 3340 quasi
3445 3273 3559 3340 jam

308 3369 408 3419 οὒκ
430 3368 732 3438 ἐδεήθημεν
757 3370 989 3442 λόγων,ἢ
1013 3374 1135 3425 ὅσον
1156 3376 1253 3444 τὴν
1279 3377 1503 3448 γνώμην
1527 3379 1882 3446 ἐνδείξασθαι,

311 3463 374 3526 ἣν
437 3461 754 3531 κεκτήμεθα
806 3465 938 3534 περὶ
983 3464 1077 3518 τοῦ
1112 3467 1478 3535 πράγματος·
1526 3471 1643 3522 ἀνθ’
1690 3465 1750 3523 οὗ
1810 3473 1886 3535 ὡς

307 3552 410 3620 ἤδη
447 3553 622 3623 πέρας
663 3554 919 3618 λαϐόντες
956 3556 1323 3625 ἐξαιτούμεθά
1382 3577 1464 3613 σοι
1488 3561 1588 3632 τὴν
1614 3561 1714 3632 τῆς
1745 3565 1886 3617 ἄνω-

306 3643 401 3694 θεν
456 3645 751 3713 εὐμενείας
795 3647 1085 3712 ἀντίδοσιν,
1125 3648 1254 3718 παρ’
1284 3646 1352 3721 ἦς
1385 3653 1669 3721 ἀμήχανον
1706 3655 1884 3708 εἰπεῖν

305 3734 428 3796 ὅσος
457 3739 571 3798 τοῖς
627 3736 940 3807 ἐλεημόνως
977 3739 1111 3808 πρὸς
1136 3742 1264 3804 τοὺς
1296 3742 1525 3814 πλησίον
1551 3744 1883 3800 διατεθεῖσιν

304 3827 329 3876 ὸ
353 3826 502 3889 ἕλεος
535 3827 887 3884 ἀντιδίδοται.

445 3917 610 3973 ΡΞΒ’.
636 3920 941 3990 Γρηγορίῳ
990 3922 1365 3992 ἐξουσιαστίῖ
1396 3925 1734 3998 Ἀϐασγίας.

375 4009 504 4072 Τοῖς
557 4011 840 4080 εὐγενέσιν
874 4013 1208 4083 ἀνθρώποις,
1243 4019 1339 4070 καὶ
1385 4019 1621 4088 μάλιστα
1645 4021 1791 4085 ὅσοις
1818 4023 1880 4077 τὸ

303 4101 495 4169 ᾶρχειν
525 4101 840 4173 ἐδωρήσατο
869 4105 896 4156 ὁ
918 4106 1070 4170 Θεὸς,
1108 4106 1300 4179 ὥσπερ
1335 4109 1444 4162 τῶν
1477 4111 1654 4164 ἄλλων
1693 4113 1880 4184 έχουσι

305 4193 361 4243 τὸ
402 4192 709 4264 διαφέρειν,
757 4195 931 4258 οὕτως
975 4198 1331 4268 ὀφειλόμενόν
1385 4204 1502 4255 ἐστι
1556 4205 1650 4257 καὶ
1696 4205 1759 4258 τὸ
1819 4208 1878 4259 ἐν

305 4282 467 4350 ἀρετῇ
493 4284 842 4352 διαπρέπειν,
869 4288 1058 4357 καὶμὴ
1088 4288 1247 4356 μόνον
1266 4293 1332 4360 τῇ
1367 4295 1604 4363 σαρκικῇ
1628 4295 1876 4366 εὐγενείᾳ

305 4373 690 4440 σεμνύνεσθαι,
746 4376 882 4429 ἀλλὰ
941 4378 1122 4448 πολλῷ
1183 4381 1346 4434 πλέον
1397 4385 1490 4436 καὶ
1548 4388 1612 4455 τῇ
1666 4386 1871 4458 ψυχικῇ

303 4465 644 4534 λαμπρότητι
678 4466 1092 4536 ἐξωραῖζεσθαι.
1115 4470 1367 4525 Τοιοῦτον
1397 4474 1492 4526 καὶ
1516 4475 1574 4527 σὲ
1602 4476 1876 4547 ἀκούομεν

309 4551 469 4618 εἶναι,
515 4561 706 4611 τέκνον
753 4560 932 4630 ἡμῶν,
973 4566 1067 4615 καὶ⁵
1119 4565 1412 4629 ἀκούοντες
1457 4569 1746 4638 χαίρομεν,
1779 4573 1873 4623 καὶ

302 4647 662 4718 ἐξαιτούμεθα
715 4652 868 4719 παρὰ
933 4651 1025 4704 τοῦ
1075 4656 1293 4709 πάντων
1335 4657 1514 4709 αἰτίου
1553 4661 1662 4711 τῶν
1694 4662 1874 4714 καλῶν

300 4737 435 4788 Θεοῦ
465 4739 625 4807 ἡμῶν
656 4741 746 4791 ἐπὶ
782 4741 944 4793 πλέον
975 4757 1031 4794 σε
1074 4747 1187 4806 τοῖς
1231 4746 1480 4812 εύγενέσι
1511 4749 1720 4812 τούτοις
1743 4750 1874 4821 τρό·

303 4845 426 4891 ποις
474 4830 954 4894 καλλωπίζεσθαι⁹
1010 4835 1105 4886 καὶ
1158 4835 1324 4888 καλὸν
1365 4838 1600 4908 ἀρχικῆς
1625 4839 1874 4906 ἐξουσίας

299 4922 655 4992 παράδειγμα
687 4927 781 4980 καὶ
811 4925 905 4978 νῦν
942 4926 1322 4994 διαφαίνεσθαι
1359 4929 1434 4997 τῷ
1465 4930 1565 5000 βίῳ
1605 4933 1872 5002 παρόντα,

297 5018 393 5068 καὶ
425 5017 568 5086 μετὰ
595 5016 776 5087 τὴνέκ
813 5018 912 5087 τῆς
946 5019 1179 5087 ματαίας
1219 5021 1424 5090 ταύτης
1470 5023 1614 5092 ζωῆς
1655 5024 1871 5095 ἀναχώ-

304 5127 460 5180 ρησιν
519 5111 700 5165 δοῦναι
758 5116 868 5174 τοῖς
931 5116 1043 5176 aii;
1098 5115 1239 5177 τέως
1294 5117 1387 5168 ἐπὶ
1423 5119 1522 5184 τῆς
1560 5117 1658 5185 σῆς
1697 5119 1874 5188 ἀρχῆς

303 5201 724 5272 καθισταμένοις
751 5205 886 5274 πρὸς
925 5205 1022 5274 τὴν
1051 5205 1205 5274 ὑμῶν
1245 5207 1494 5277 ἀφορῶσι
1536 5209 1872 5262 κατάστασιν

303 5278 544 5363 ὀῖιθῆναι.
585 5296 725 5348 κατὰ
790 5295 956 5365 μηδὲν
1014 5297 1368 5368 λειπομένοις
1418 5301 1518 5370 τῆς
1597 5303 1871 5372 πατρικῆς

305 5386 501 5455 ἀρετῆς
541 5387 635 5438 καὶ
661 5388 1087 5457 μακαριότητος.
1126 5391 1192 5440 Ἀ
1239 5389 1294 5441 δὲ
1333 5391 1597 5460 περὶτῶν
1634 5393 1872 5462 Βουλγά-

231 5533 236 5536 _
302 5495 407 5548 ρων
454 5480 722 5550 ἔγραψας,
759 5481 859 5533 οὐκ
892 5479 1009 5535 οἶδα
1065 5483 1236 5545 ποίοις
1279 5483 1510 5554 κρίμασι
1560 5486 1653 5538 τοῦ
1709 5486 1867 5552 Θεοῦ,

302 5573 454 5638 μένει
496 5553 556 5624 τὸ
584 5573 752 5625 κακὸν
799 5577 878 5626 ἐτι
928 5574 1027 5642 τῆς
1068 5573 1288 5644 ἔχθρας,
1320 5553 1438 5628 ἐκαὶ
1478 5577 1537 5629 τὸ
1571 5578 1736 5631 καλὸν
1768 5581 1868 5632 οὐκ

296 5666 622 5733 ἐμεσίτευσε
647 5666 744 5734 τῆς
774 5667 1018 5733 εἰρήνης.
1046 5666 1116 5717 Σὺ
1153 5666 1268 5731 οὖν,
1302 5667 1490 5720 τέκνον
1519 5670 1696 5738 ἡμῶν,
1729 5673 1869 5723 κατὰ

298 5758 398 5822 τὴν
429 5754 720 5826 βασιλικὴν
763 5756 987 5819 ἀξίωσίν
1030 5772 1089 5808 τε
1134 5757 1225 5809 καὶ
1253 5756 1508 5825 δήλωσιν,
1544 5758 1598 5808 τὸ
1631 5758 1868 5827 7.20sz

1988 3359 2244 3411 exaudita
2275 3359 2365 3424 sit,
2408 3375 2664 3426 regamus
2717 3370 2774 3414 ut
2809 3377 3058 3431 supernae
3099 3362 3362 3418 bonitatis
3396 3368 3556 3418 retri-

1989 3450 2272 3506 butionem
2315 3454 2596 3523 accipias;
2626 3460 2834 3524 quanta‘
2860 3465 3040 3510 autem
3077 3458 3146 3512 sit
3185 3459 3559 3514 misericordia

1990 3544 2080 3598 illa
2120 3545 2186 3599 ad
2219 3544 2515 3600 humanam
2551 3547 2604 3600 in
2665 3549 2944 3616 proximos
2978 3560 3316 3620 comparata,
3374 3552 3558 3606 verbis

1993 3649 2272 3700 nunquam
2307 3637 2444 3690 satis
2478 3637 2710 3706 exprimi
2737 3640 2956 3707 poterit.

2235 3915 2436 3972 CLXII.
2494 3917 2717 3988 Georgio
2749 3919 2990 3990 Abasgiw
3018 3920 3268 3990 despotw.

2064 4005 2173 4060 Viri
2207 4009 2439 4073 nobiles,
2481 4008 2753 4078 imprimis
2786 4011 2823 4063 ii
2851 4011 3052 4079 quibus
3091 4011 3232 4066 Deus
3270 4015 3552 4082 imperium

1986 4098 2038 4152 in
2072 4099 2206 4153 alios
2233 4101 2528 4168 concessit,
2564 4113 2623 4156 ut
2663 4101 2922 4156 diﬁ‘erunt
2946 4105 3210 4171 potentia,
3261 4105 3332 4158 ita
3362 4117 3414 4160 et
3443 4108 3556 4159 vir-

1984 4200 2102 4246 tute
2137 4192 2278 4246 inter
2299 4201 2527 4248 exteros
2559 4194 2832 4248 excellere
2862 4195 3080 4248 debent.
3121 4194 3236 4249 Non
3263 4196 3408 4250 enim
3436 4198 3552 4251 sola

1982 4284 2197 4353 generis
2225 4283 2506 4337 nobilitate
2533 4283 2733 4337 debent
2750 4294 3028 4353 praestare,
3052 4284 3145 4338 sed
3181 4288 3352 4340 inulto
3381 4289 3553 4356 magis

1983 4375 2253 4444 spirituali
2295 4375 2658 4429 illustratione
2717 4376 2979 4430 decorare
3013 4367 3328 4430 eos'decct.
3366 4376 3550 4432 Talem

1985 4477 2036 4520 te
2065 4481 2210 4531 esse,
2241 4467 2312 4520 mi
2339 4467 2434 4528 liii,
2458 4482 2580 4520 cum
2610 4483 2826 4522 summo
2858 4469 3058 4536 gaudio
3087 4469 3417 4532 audivimus,
3437 4453 3494 4524 et
3519 4487 3547 4522 a

1986 4558 2117 4622 Deo,
2151 4559 2245 4627 qui
2275 4558 2544 4612 bonorttm
2590 4559 2837 4612 omnium
2865 4573 3057 4613 auctor
3103 4571 3205 4624 est,
3240 4563 3475 4630 petimus
3497 4574 3554 4616 ut

1978 4656 2029 4701 te
2072 4650 2350 4703 nobilibus
2393 4651 2496 4704 illis
2542 4651 2789 4707 moribus
2838 4655 3012 4720 magis
3053 4669 3116 4707 ac
3171 4654 3345 4720 ιιιιικίε
3381 4656 3552 4708 coho—

1977 4750 2174 4805 nestet,
2216 4751 2278 4795 ut
2336 4749 2387 4794 te
2436 4741 2866 4809 pulcherrimum
2921 4759 3112 4813 regum
3161 4747 3439 4814 exetuplar
3499 4748 3550 4798 in

1977 4835 2085 4886 vita
2119 4832 2369 4900 praesenti
2394 4833 2668 4898 exhibeat,
2705 4835 2901 4902 detque
2933 4845 2989 4887 ut
3018 4839 3358 4904 posti-xitum
3389 4853 3418 4891 e
3444 4843 3550 4890 vita

1977 4925 2079 4980 hac
2110 4926 2430 4987 vanissima,
2463 4925 2608 4978 cives
2676 4926 2752 4977 tui
2815 4929 3007 4980 oculos
3068 4942 3200 4982 suos
3249 4929 3316 4981 ad
3374 4933 3550 4997 regias

1976 5034 2100 5078 tuas
2132 5023 2363 5076 virtutes
2396 5021 2672 5085 attollant,
2712 5036 2813 5075 nec
2845 5037 3084 5091 unquam
3123 5039 3151 5076 a
3191 5036 3412 5093 paterna
3438 5025 3551 5077 vir-

1978 5127 2091 5170 tute
2134 5124 2189 5168 et
2245 5115 2503 5169 felicitate
2571 5115 2846 5168 deﬁciant.
2909 5114 3043 5179 Quae
3097 5116 3165 5168 de
3223 5115 3549 5181 Bulgaribus

1975 5210 2239 5278 Scripsisti
2268 5209 2453 5260 nescio
2481 5207 2682 5275 quibus
2709 5223 2772 5260 ex
2804 5208 2986 5261 causis
3023 5208 3222 5260 malum
3250 5208 3358 5258 inin
3386 5206 3550 5258 i.-iti:i-

1975 5310 2304 5370 perseveret,
2334 5313 2430 5353 nec
2452 5298 2655 5351 bonum
2691 5299 2841 5368 pacis
2873 5299 3199 5352 intercedat.
3233 5294 3312 5351 Tu
3342 5306 3484 5353 ante!
3507 5324 3547 5363 -,

1976 5394 2046 5445 mi
2085 5392 2183 5454 lili,
2243 5405 2351 5458 qua
2401 5406 2494 5444 rex
2555 5391 2886 5445 constitutus
2944 5391 3215 5446 sinceram
3271 5402 3541 5445 conserva

1977 5484 2299 5547 amicitiam,
2361 5484 2412 5536 in
2483 5483 2655 5552 teipso
2711 5485 2954 5538 animum
3008 5481 3309 5536 benelicum
3370 5495 3549 5538 custo-

1973 5578 2198 5641 diendo,
2236 5588 2288 5631 et
2324 5577 2412 5630 ubi
2446 5592 2583 5646 opus
2621 5575 2811 5641 fuerit,
2861 5589 3157 5646 generosus
3180 5576 3390 5632 amicus
3429 5578 3548 5632 olli-

1973 5670 2113 5724 cium
2141 5669 2391 5737 [)(‘l‘iit'las
2423 5681 2590 5727 lttlttll,
2631 5669 2703 5720 ita
2736 5676 2794 5719 ut
2829 5666 2881 5720 in
2912 5665 2999 5721 bis
3017 5680 3236 5739 quoque
3265 5677 3354 5724 tua
3374 5671 3546 5724 vitim

1975 5776 2224 5825 appareat
2260 5772 2312 5814 ct
2343 5761 2576 5813 amicitia
2611 5755 2844 5811 sincera.
