4088 6208
508 283 614 348 391

1560 289 1607 347 Ν
1624 289 1866 346 ICOI.AI
1911 287 2019 345 Cl’.
2065 286 2151 343 PA
2163 286 2260 343 ΤΒ
2275 285 2574 344 ΙΑΙὶΟΗίΕ

3659 293 3765 350 39?.

497 402 596 471 τῆς
631 400 812 470 φιλίας
867 399 1076 466 σώζων,
1133 399 1376 468 φύλασσε
1437 402 1586 468 παρᾶ
1649 395 1864 466 σεαυτῷ
1899 396 1996 448 καὶ
2039 396 2097 447 τὸ
2130 397 2411 468 πρόθυμον
2443 400 2542 469 τῆς
2613 401 2957 470 συμμαχίας,
3015 387 3193 452 καὶέῐ
3218 417 3280 469 γε
3325 398 3483 468 χρεία
3517 393 3760 453 καλέσοι,

499 494 714 558 πάντως
743 489 831 548 οἷα
887 495 1041 563 φίλος
1104 497 1410 564 εὐγνώμων
1457 495 1515 546 τι
1563 493 1899 564 ζητούμενον
1942 492 2298 559 ὲπιτελέσεις,
2333 496 2419 548 ἵνα
2476 497 2569 548 καὶ

494 592 554 646 τὸ
585 592 682 661 τῆς
708 593 894 661 φιλίας
925 592 1233 645 ἀνόθευτον.

852 704 1086 760 CLXIII.
1122 706 1382 759 Antiocho
1407 708 1688 761 monacho.

566 819 713 873 Nihil
739 820 888 874 aliud
930 819 997 874 de
1053 819 1392 875 eubiculario
1443 821 1656 876 litteras
1704 821 1769 875 ad
1818 822 2072 891 pietatem

503 923 742 969 vestram
779 911 1056 966 deferente
1085 913 1288 977 scribo,
1315 913 1421 968 nisi
1449 921 1592 982 quod
1624 915 1726 984 ipsi
1758 913 2072 969 facultatem

497 1007 568 1060 do
595 1005 976 1060 accusationes
1010 1004 1321 1069 recusandi,
1346 1004 1397 1058 id
1433 1006 1576 1074 quod
1604 1014 1709 1060 tum
1729 1021 1948 1076 quoque
1967 1007 2076 1058 vir-

493 1098 593 1151 tuti
655 1096 913 1149 convenit
968 1107 1020 1148 et
1048 1095 1273 1160 jusdtiae
1300 1097 1433 1151 ordo
1463 1099 1718 1165 postulat.
1765 1095 1882 1150 Non
1913 1099 2076 1166 igitur

493 1190 751 1259 injuriam
783 1204 959 1258 neque
1002 1191 1303 1258 turpiorem
1341 1201 1526 1244 actum
1567 1191 1620 1244 in
1659 1206 1784 1244 eum
1818 1193 2076 1245 commit-

492 1289 608 1347 tas;
651 1280 702 1334 id
737 1281 883 1334 enim
935 1295 1037 1334 nec
1079 1281 1294 1336 virtute
1331 1291 1512 1336 vestra
1541 1282 1764 1353 dignum
1804 1283 1942 1338 foret
1977 1299 2074 1337 nec

491 1372 820 1427 conditione
846 1373 1084 1426 hominis
1120 1391 1132 1426 :
1169 1374 1473 1428 monachus
1505 1374 1944 1429 etcubicularius
1969 1391 2072 1428 non

491 1465 782 1516 hesternus
818 1474 922 1530 est,
955 1465 1048 1518 sed
1080 1464 1148 1519 ab
1181 1465 1429 1535 antiquo,
1459 1476 1512 1520 et
1544 1465 1649 1519 alia
1671 1466 1783 1534 jam
1820 1468 2073 1522 exercuit

488 1555 814 1620 ministeria,
849 1556 913 1610 ad
949 1572 1070 1628 quae
1114 1558 1407 1611 virtutibus
1437 1558 1679 1627 insignes
1710 1558 1956 1628 deputari
1981 1574 2074 1613 so-

489 1645 619 1699 lent.
662 1645 719 1700 Si
784 1647 951 1716 igitur
1018 1650 1239 1702 humani
1297 1648 1430 1717 quid
1485 1649 1786 1712 admiserit,
1823 1659 1875 1703 et
1924 1650 2070 1719 jusla

485 1740 935 1795 animadverterit
999 1741 1306 1801 sententia.
1341 1757 1567 1810 poenam
1601 1742 1810 1811 judicio
1868 1744 2074 1814 irroga-

485 1840 594 1885 tam
628 1835 765 1898 luet,
805 1845 860 1888 et
894 1836 938 1888 si
963 1834 1093 1904 quid
1137 1835 1364 1888 abstulit
1399 1834 1878 1904 rcddctprofecto;
1914 1837 2074 1890 ultio-

486 1938 607 1976 nem
640 1938 770 1976 vero
795 1932 850 1978 et
891 1925 1026 1979 alias
1060 1941 1249 1995 prnnas
1282 1942 1420 1995 quas
1472 1926 1674 1995 saepius
1705 1928 1771 1980 ad
1806 1943 2072 1997 quorum-

2622 499 2678 548 ἐν
2736 495 2913 564 τούτῳ
2942 498 2976 564 ἡ
3006 498 3074 565 σή
3114 495 3452 561 διαφαίνοιτο
3479 489 3648 562 ἀρετὴ
3671 488 3765 540 καὶ

2544 705 2706 758 ΡΞΡ.
2751 704 3040 772 Ἀντιόχῳ
3071 703 3401 773 μονάζοντι.

2249 817 2418 870 Οὐδὲν
2449 816 2643 886 ἓτερον
2674 817 2965 887 γράφομεν
2994 817 3124 886 περὶ
3151 817 3247 868 τοῦ
3279 817 3602 882 κομίζοντος
3635 835 3763 872 κου-

2177 909 2522 963 ϐουκλεισίου
2550 911 2689 982 πρὸς
2730 910 2832 980 τὴν
2893 910 3048 978 ὐμῶν
3077 909 3369 962 εὐλάϐειαν
3411 910 3473 963 τὸ
3503 911 3758 980 γράμμα.

2175 1005 2209 1073 ἦ
2269 1003 2430 1072 μόνον
2485 1003 2546 1055 τδ
2606 1003 2794 1056 δοῦναι
2823 1002 3018 1070 λόγους
3063 1001 3212 1072 αὐτῷ
3273 1001 3340 1054 ἀν
3374 999 3534 1055 τοῦτο
3586 1001 3750 1074 δεήσῃ

2177 1095 2313 1164 πρὸς
2347 1095 2476 1158 τοὺς
2528 1095 2629 1157 τὰς
2680 1095 2972 1164 ὲγκλήσεις
3008 1093 3392 1165 ἐπιφέροντας,
3427 1092 3608 1156 καθώς
3641 1096 3754 1146 ἐστι

2175 1188 2269 1240 καὶ
2301 1191 2366 1258 τῇ
2410 1190 2474 1258 σῇ
2509 1189 2680 1258 ἀρετῇ
2745 1187 2980 1256 πρέπον,
3031 1187 3126 1238 καὶ
3161 1187 3192 1255 ἡ
3226 1185 3320 1238 τοῦ
3351 1184 3561 1238 δικαίου
3605 1183 3754 1247 τάξις

2177 1279 2443 1346 ἐπιζητεῖ.
2478 1279 2650 1332 Τοῦτο
2683 1279 2742 1332 δὲ
2763 1282 2894 1333 -ὲστι
2929 1280 2992 1333 τὸ
3021 1279 3188 1352 μηδὲν
3221 1279 3301 1342 είς
3342 1276 3500 1348 ὓϐριν
3535 1275 3657 1346 μηδ’
3682 1280 3760 1338 εἰς

2175 1371 2509 1442 ἀτιμοτέραν
2547 1371 2752 1443 πρᾶξιν
2790 1372 3214 1442 καθιστάμενον,
3266 1370 3574 1438 ἐπαχθῆναι
3609 1367 3759 1436 αὐτῷ

2179 1465 2306 1535 παρ’
2330 1465 2502 1533 ὐμῶν.
2530 1464 2706 1518 Τοῦτο
2735 1464 2843 1535 γὰρ
2875 1464 2995 1516 οὐδὲ
3023 1464 3119 1534 τῆς
3142 1462 3244 1531 σῆς
3269 1461 3421 1528 ἄξιον
3443 1459 3757 1522 εὐλαϐείας,

2177 1559 2307 1620 ῐσως
2335 1557 2457 1610 οὐδὲ
2486 1557 2586 1627 τῆς
2614 1556 2709 1610 τοῦ
2731 1556 3019 1626 ἀνθρώπου
3048 1556 3456 1616 καταστάσεως.
3491 1553 3759 1616 Μονάζων

2175 1649 2283 1719 γὰρ
2317 1653 2411 1703 καὶ
2441 1651 2889 1713 κουϐουκλείσιος
2917 1651 2977 1702 οὐ
3010 1649 3135 1718 χθὲς
3169 1648 3288 1700 οὐδὲ
3321 1649 3584 1716 σήμερον,
3619 1644 3759 1697 ἀλλὰ

2177 1740 2346 1792 πάλαι
2380 1744 2474 1794 καὶ
2499 1740 2558 1806 ἐξ
2597 1743 2770 1812 ἀρχῆς
2826 1742 2920 1794 καὶ
2959 1740 3240 1803 διακονίας
3273 1739 3464 1807 ἑτέρας
3506 1741 3758 1805 ἐγκεχει-

2178 1834 2456 1903 ρισμένος,
2501 1835 2554 1887 αἳ
2607 1837 2735 1896 τοὺς
2786 1834 2926 1886 κατὰ
2954 1837 3042 1886 τδν
3082 1832 3195 1902 βίον
3227 1830 3588 1898 διαφέροντας
3621 1829 3757 1897 πρὸς

2177 1923 2407 1984 ἑαυτοὺς
2446 1922 2829 1976 ἐκκαλοῦνται.
2871 1923 2936 1975 Εἴ
2971 1937 3025 1972 τι
3079 1918 3174 1971 οὖν
3213 1916 3302 1969 οἷα
3337 1916 3406 1968 τὰ
3434 1914 3758 1985 ἀνθρώπινα

481 2012 606 2066 dam
667 2012 1048 2069 confusionem
1085 2017 1326 2070 ostendit
1380 2017 1553 2086 pietas
1603 2028 1805 2076 vestra.
1853 2018 1966 2071 noli
2017 2021 2065 2072 in

2176 2015 2521 2085 παρεσφάλη,
2551 2016 2696 2084 uti)
2729 2012 3171 2075 καταδικάζοντα
3199 2009 3380 2078 ψῆφος
3413 2007 3603 2057 τοῦτον
3633 2004 3752 2070 ὁρᾷ,

479 2118 604 2155 eum
648 2106 913 2174 projicere
948 2125 961 2161 :
1000 2109 1289 2175 superﬂua:
1324 2109 1469 2161 enim
1517 2107 1722 2172 forent,
1758 2110 2065 2180 intelligen-

2176 2110 2278 2179 τὴν
2329 2109 2426 2178 μὲν
2477 2107 2587 2159 ἀπὸ
2615 2107 2716 2177 τῆς
2753 2105 2936 2173 ψήφου
2981 2102 3189 2172 ζημίαν
3218 2100 3530 2167 ὑποστήτω,
3571 2096 3664 2149 καὶ
3708 2093 3761 2146 εἴ

480 2195 553 2248 tia
583 2204 673 2249 tua
709 2197 944 2268 indignae
975 2207 1029 2253 et
1061 2199 1268 2252 homini
1296 2199 1447 2253 nullo
1479 2201 1641 2254 modo
1675 2203 1961 2272 adoptans.
2007 2204 2063 2256 Si

479 2302 588 2355 qua
623 2288 723 2342 tibi
769 2305 902 2344 cura
929 2290 1104 2345 estde
1136 2292 1344 2346 honore
1393 2301 1485 2346 tuo
1515 2305 1568 2346 et
1603 2293 1668 2346 de
1701 2293 1922 2347 homine
1970 2295 2062 2364 qui

478 2384 683 2448 alisque
746 2381 943 2451 injuria
1006 2393 1303 2452 praesentes
1362 2383 1537 2438 defert
1591 2385 1799 2439 litteras
1863 2397 1916 2441 et
1999 2387 2065 2439 de

480 2480 669 2526 nostra
705 2474 1108 2540 exhortatione,
1179 2486 1229 2530 te
1270 2477 1468 2530 litteris
1510 2477 1714 2531 nostris
1751 2492 2062 2530 accommo-

479 2562 659 2618 dabis.

2174 2201 2320 2262 τινος
2343 2217 2396 2252 τι
2429 2199 2699 2267 ἀφείλετο,
2733 2198 2949 2258 πάντως
2993 2194 3311 2248 ἀποδιδότω.
3371 2188 3654 2260 Τιμωρίαν
3698 2185 3754 2237 δὲ

2173 2291 2340 2361 ἀλλην
2369 2293 2463 2344 καὶ
2493 2290 2671 2359 ὓϐριν,
2701 2284 2792 2342 οἶα
2823 2287 3084 2349 πολλάκις
3115 2285 3254 2355 πρὸς
3299 2281 3566 2351 αἰσχύνην
3591 2277 3752 2330 τινῶν

2173 2384 2490 2450 ἐπεδείξατο
2538 2383 2695 2451 ὑμῶν
2731 2384 2764 2452 ἡ
2808 2380 3087 2444 εὐλάϐεια,
3141 2377 3318 2446 τούτῳ
3373 2373 3449 2444 μὴ
3488 2386 3751 2442 προστρι-

2170 2476 2348 2546 ψάτω.
2409 2475 2676 2546 Περισσδν
2714 2474 2826 2543 γὰρ
2884 2473 2977 2525 καὶ
3029 2468 3149 2524 οὐδὲ
3177 2472 3275 2540 τῆς
3305 2469 3404 2536 σῆς
3450 2465 3600 2528 ἄξιον
3626 2479 3749 2513 συν-

2176 2573 2364 2634 έσεως,
2399 2569 2524 2622 οὐτε
2553 2569 2642 2621 τὸν
2677 2567 2966 2638 ἄνθρωπον
3000 2562 3226 2618 τοιαῦτα
3284 2561 3514 2629 πάσχειν
3543 2552 3751 2624 ὀφειλό-

481 2678 664 2728 μενον.
699 2661 766 2716 Εἴ
793 2680 844 2715 τι
899 2663 993 2718 οὖν
1052 2683 1136 2718 σοι
1192 2669 1346 2737 μέλει
1399 2666 1665 2736 καὶπερὶ
1715 2665 1816 2736 τῆς
1841 2667 1940 2737 σῆς
1993 2667 2315 2739 εὐκοσμίας,
2370 2669 2467 2720 καὶ
2528 2666 2659 2737 περὶ
2708 2651 2832 2734 ,τῆς
2885 2663 3216 2734 ἀνυϐρίστου
3284 2659 3420 2728 πρὸς
3468 2655 3528 2706 σὲ
3570 2666 3750 2718 mlP7"

477 2758 726 2820 στάσεως
779 2760 875 2813 τοῦ
937 2761 996 2812 τὸ
1047 2763 1284 2834 γράμμα
1318 2765 1658 2832 κομίζοντος,
1687 2763 1982 2834 προσθήσω
2025 2763 2083 2816 δὲ
2129 2765 2225 2816 καὶ
2263 2768 2362 2835 τῆς
2417 2764 2578 2835 ήμῶν
2664 2759 3082 2830 παραινέσεως,
3147 2759 3259 2817 τοῖς
3334 2746 3751 2820 γεγραμμένοις

472 2849 669 2920 δφθητι
703 2852 1103 2905 ἐπακολουθῶν.

487 3023 1819 3049 αυ-*Μ--αμνη-κκ--ῌε--κ

2439 3035 2844 3046 ——__—.—————.-———-

1701 3192 2528 3313 ΝΙΚΟΛΑΟΥ

863 3409 1028 3460 ΤΟΥ
1094 3409 1588 3463 ΛΓΙΩΤΛΤΟΥ
1627 3411 2222 3479 ,ΠΑΤΡΙΛΡΧΟΥ
2281 3407 3346 3465 ΚΩΝΣΤΔΝΪἸΝΟΥΠΟΛΕΩΣ

1978 3572 2238 3622 ΠΟῙΗΜΑ

903 3719 1102 3772 ΠΡΟΣ
1141 3722 1281 3775 ΤΟΝ
1324 3721 1613 3776 ΠΡΩΤΟΝ
1651 3722 1793 3774 ΤΟΥ
1823 3723 2055 3775 ΑΓΙΟΥ
2087 3722 2332 3787 ΟΡΟΥΣ,
2364 3723 2459 3775 ΩΣ
2496 3722 2822 3776 ΤΥΠῙΚΟΝ
2849 3721 2967 3773 AIA
3009 3718 3256 3772 ΣΤΟΙΧΟ
3271 3717 3330 3769 Υ.

1769 4069 1865 4191 Ν
1879 4063 2409 4195 ICOLAI

1112 4303 1601 4362 SANCTISSIMI
1647 4303 2160 4362 PATRIARCH/‘E
2204 4302 3010 4362 CONSTANTINOPOLITA
3024 4303 3102 4361 NI

2026 4461 2194 4515 OPUS

752 4611 864 4672 Αι)
903 4608 1499 4674 ΡΒΑΕΡΟΞΙΤΠΜ
1530 4611 1780 4673 SACRI
1825 4611 2176 4684 MONTIS,
2225 4611 2338 4672 UT
2385 4611 2683 4672 TYPUM
2722 4613 2820 4674 IN
2856 4611 3179 4672 0RDINE'
3226 4612 3466 4673 ΥΙΤᾹί.

1620 4778 1738 4842 (MM
1767 4779 1945 4842 Script.
1975 4785 2074 4826 vet.
2118 4785 2234 4827 tom.
2283 4778 2362 4837 IX,
2391 4794 2438 4840 ρ.
2466 4779 2598 4839 611.)

2089 4953 2157 4962 .-

539 5079 594 5133 I.
634 5077 793 5147 Saepe
850 5091 938 5133 me
1001 5078 1316 5149 compulisti
1359 5078 1738 5149 adegistique,
1791 5079 1907 5144 ﬁli,
1964 5080 2048 5132 vel

2224 5087 2295 5136 α’.
2333 5083 2600 5146 Πολλάκις
2657 5101 2724 5153 με
2776 5065 3001 5151 ἐϐίασας
3030 5089 3126 5141 καὶ
3174 5088 3486 5153 ἐξέθλιψας,
3520 5089 3729 5151 τέκνον,

464 5173 653 5241 potius
690 5168 923 5223 multum
955 5170 1281 5226 adhortatus
1315 5181 1369 5226 et
1398 5171 1724 5241 deprecatus
1758 5188 1837 5237 es,
1870 5180 1925 5225 ut
1949 5171 2047 5224 tibi

468 5266 663 5321 breves
714 5263 1016 5333 facilesque
1047 5264 1262 5320 litteras
1310 5264 1611 5320 scriberem
1635 5305 1650 5327 ,
1702 5265 1904 5333 quibus
1936 5265 2051 5319 edi-

2161 5174 2363 5244 μᾶλλον
2403 5175 2462 5228 δὲ
2506 5177 2888 5246 παρεκάλεσάς
2929 5181 3023 5232 καὶ
3072 5180 3311 5250 ἠξίωσας
3358 5181 3607 5242 πλεῖστα,
3645 5181 3737 5232 εὐ-

2159 5267 2423 5331 σύνοπτον
2463 5269 2560 5320 καὶ
2597 5267 2863 5338 σύντομον
2893 5270 3079 5324 δέλτον
3131 5271 3336 5340 μικράν
3371 5287 3449 5321 σοι
3499 5272 3734 5339 γράψαι.

468 5371 624 5412 scere
647 5371 840 5426 posses
867 5355 1000 5423 quid
1031 5357 1130 5412 tibi
1157 5357 1229 5411 sit
1249 5357 1518 5429 agendum
1539 5355 1926 5425 quomodoque
1946 5357 2052 5410 vita

2170 5356 2221 5408 it'
2255 5352 2323 5429 ἦς
2370 5357 2574 5428 δυνήσῃ
2608 5358 2703 5411 τοῦ
2744 5361 2938 5429 μαθεῖν
2980 5379 3032 5413 τι
3072 5362 3295 5429 ποιῆσαι
3343 5358 3600 5428 ὀφείλεις,
3637 5364 3736 5413 καὶ

466 5456 558 5501 tua
588 5463 761 5518 usque
788 5450 842 5503 in
869 5451 1032 5504 tinem
1064 5459 1213 5506 recte
1244 5449 1488 5519 degenda
1517 5449 1611 5512 sit,
1655 5458 1712 5502 ut
1767 5449 1831 5502 ad
1862 5449 2052 5503 dexte-

2153 5449 2269 5512 πῶς
2300 5449 2391 5501 τὸν
2418 5449 2536 5518 βίον
2571 5469 2665 5504 σου
2702 5451 2882 5515 καλῶς
2921 5451 3114 5516 δείξεις
3141 5451 3243 5512 ἕως
3277 5451 3485 5515 τέλους,
3520 5451 3606 5503 ἵνα
3634 5453 3732 5505 καὶ

463 5549 580 5590 ram
625 5547 766 5592 Stare
797 5539 1176 5609 consequaris.
1219 5538 1368 5608 Bern
1409 5555 1540 5594 vero
1581 5550 1845 5608 reputans
1881 5556 2047 5609 supra

2170 5541 2246 5612 τῆς
2283 5543 2348 5594 ὲκ
2383 5542 2575 5608 δεξιῶν
2626 5545 2864 5606 στάσεως
2902 5545 3185 5614 ἐπιτύχῃς.
3215 5545 3375 5596 ’Λλλά
3401 5547 3459 5596 τὸ
3495 5549 3732 5617 πρᾶγμα

461 5625 608 5680 vires
639 5641 782 5692 esse,
819 5644 928 5683 non
959 5631 1132 5686 solum
1176 5631 1312 5685 mihi
1371 5630 1642 5685 sermonis
1700 5631 1890 5699 ignaro
1929 5646 2046 5683 0m-

463 5715 660 5790 nisque
707 5717 940 5775 actionis
966 5731 1019 5776 et
1060 5723 1285 5778 theoriae
1317 5723 1550 5794 experti,
1599 5721 1690 5776 sed
1725 5729 1776 5774 et
1811 5721 1913 5774 illis
1949 5723 2040 5790 qui

2148 5633 2348 5684 ἐννοῶν
2379 5635 2519 5704 ὑπὲρ
2550 5636 2781 5705 δύναμιν
2814 5632 2976 5698 εἶναι,
3009 5636 3069 5687 οὐ
3119 5637 3279 5705 μόνον
3306 5637 3363 5689 δὲ
3394 5637 3454 5689 τὸ
3485 5638 3604 5690 κατ’
3632 5639 3730 5707 ἐμὲ

2151 5725 2338 5796 ἰδιώτῃ
2378 5729 2452 5795 τῷ
2479 5727 2624 5796 λόγῳ
2659 5731 2749 5780 καὶ
2789 5729 3045 5798 ἁμετὸχῳ
3090 5729 3342 5798 πράξεως
3375 5733 3472 5783 καὶ
3501 5730 3728 5801 θεωρίας
