4088 6208
442 346 550 408 393

1675 337 1772 396 DE
1811 337 1850 395 Υ
1864 336 1985 393 [ΤΛ
2026 335 2078 392 Μ
2088 333 2458 392 ONASTICA
2471 379 2485 392 .

3574 335 3683 399 394

442 462 647 529 πάσης,
677 456 815 510 ἀλλὰ
837 455 931 508 καὶ
970 456 1083 518 τοῖς
1112 451 1513 526 γραμματικὴν
1550 450 1642 503 καὶ
1668 447 1869 518 πολλὴν
1900 450 2017 500 πεῖ⁴

2127 444 2431 500 litterarum
2465 458 2714 513 magnam
2753 445 2955 500 habent
3009 445 3423 514 experientiam,
3453 449 3687 506 habiles-

441 569 543 622 ραν
572 549 818 619 σχοῦσιν,
845 549 1188 618 ἐμπράκτοις
1228 545 1346 598 οὖσι
1369 544 1475 612 τῶν
1502 541 1677 594 καλῶν
1709 541 1801 593 καὶ
1833 541 2013 609 πάσης

441 641 696 710 θεωρίας,
722 645 814 691 καὶ
838 637 1001 706 ἔργον
1025 637 1401 690 ἁδιάπαυστον
1425 631 1609 701 σχοῦσι
1634 628 1860 684 τοιαῦτα
1881 628 2015 696 γρά-

443 749 564 800 φειν
589 747 603 761 ·
637 731 733 784 καὶ
765 729 853 782 διὰ
902 727 1065 780 τοῦτο
1114 725 1376 778 ἔσπευδον
1404 723 1465 775 τὸ
1506 723 1670 792 βάρος
1715 719 2014 790 ἁπορῤίψαι

443 827 534 876 ἀπ’
570 821 836 892 ἐμαυτοῦ,
869 820 943 881 ὡς
972 820 1214 887 εἴρηται,
1254 814 1328 884 μὴ
1355 814 1656 882 δυνάμενος
1689 811 1858 863 τοῦτο.
1903 811 2018 861 Ἑν-

442 914 633 966 τεῦθεν
657 913 844 964 λοιπὸν
888 912 1123 981 ἄρξομαι
1146 909 1243 979 τὴν
1269 907 1528 960 ὑπόθεσιν
1552 905 1775 974 ταύτην,
1804 902 2017 972 ἀρωγὸν

449 1005 890 1075 προϐαλλόμενος
918 1003 1016 1071 τῆς
1050 1003 1187 1071 ἐμῆς
1215 999 1522 1062 ἀσθενείας,
1563 995 1853 1057 ἰδιωτείας,
1881 993 2018 1062 μάλ·

444 1101 534 1151 λον
564 1099 620 1153 δὲ
668 1101 762 1150 καὶ
812 1095 1013 1163 πολλῆς
1047 1095 1360 1164 ἀγροικίας,
1391 1092 1484 1144 τὸν
1521 1092 1693 1154 Λόγον
1742 1087 1837 1139 τοῦ
1881 1083 2016 1137 Θεοῦ

443 1190 656 1258 Πατρὺς
703 1189 794 1240 τὸν
839 1187 1116 1254 Δεσπότην
1157 1187 1394 1258 Χριστόν
1452 1199 1575 1251 μου,
1615 1179 1874 1241 ὡσαύτως
1924 1178 2018 1230 καὶ

441 1281 540 1349 τὴν
593 1279 851 1331 θεοτόκον
907 1279 1194 1330 δέσποιναν
1239 1273 1477 1344 Μαρίαν,
1531 1272 1622 1324 καὶ
1653 1271 1778 1332 τους
1831 1268 2018 1334 ἁγίους

444 1371 691 1432 ἅπαντας
753 1366 1231 1436 προςκαλούμενος
1295 1365 1570 1434 πρέσϐεις,
1629 1361 1803 1430 ἀρχὴν
1867 1358 2017 1410 ἐνθεν

443 1461 782 1530 ποιούμενος,
817 1460 938 1511 ὅθεν
968 1457 1230 1527 ἄρχεσθαι
1264 1456 1441 1525 θέμις.

516 1551 580 1616 β’.
636 1552 871 1619 Ὀιρείλει
911 1551 1018 1610 πᾶς
1069 1548 1399 1617 Χριστιανὸς
1433 1549 1524 1600 τὸν
1566 1545 1818 1615 θεμέλιον
1874 1544 2018 1613 ἔχειν

440 1646 542 1714 τὴν
579 1644 761 1694 πίστιν
793 1643 890 1712 τὴν
919 1639 1212 1692 ἀνόθευτον
1244 1641 1307 1691 ἐκ
1332 1637 1579 1707 καθαρᾶς
1613 1637 1858 1705 καρδίας,
1891 1637 2021 1702 ἁγά-

443 1755 552 1806 πην
582 1753 639 1786 τε
679 1734 813 1804 πρὸς
844 1735 936 1786 τὸν
984 1732 1117 1784 Θεὸν
1145 1730 1204 1795 ἐξ
1253 1730 1380 1799 ὅλης
1417 1731 1514 1797 τῆς
1557 1729 1759 1798 ίσχύος,
1800 1730 1859 1792 ἐξ
1890 1730 2019 1798 δλης

2117 552 2222 605 que
2257 545 2384 591 sunt
2413 537 2479 590 ad
2511 551 2671 591 omne
2700 537 2900 590 bonum
2932 551 3268 606 omnemque
3298 538 3596 608 tlieoriam,
3623 557 3687 597 ac

2119 626 2484 682 indesinenter
2519 627 2653 680 talia
2688 627 2932 681 scribere
2960 628 3159 694 solent,
3190 613 3314 682 ideo
3330 644 3491 694 onus,
3517 633 3686 701 quod,

2119 727 2179 771 ut
2225 718 2359 782 dixi,
2403 728 2618 788 portare
2646 719 2959 787 nequibam,
2986 735 3014 773 a
3040 734 3128 774 me
3160 720 3426 789 repellere
3454 723 3686 777 nitebar.

2119 809 2394 863 Caeterum
2433 809 2545 878 jam
2589 826 2735 865 nunc
2769 811 3107 880 propositum
3140 804 3444 882 aggrediar,
3493 813 3546 866 in
3588 830 3691 867 au-

2122 896 2311 950 xilium
2339 911 2476 950 meae
2517 898 2808 953 debilitatis
2848 901 2933 953 vel
2975 902 3156 968 potius
3189 902 3511 969 ignorantia:
3552 905 3692 957 mul-

2121 998 2298 1058 taeque
2358 989 2688 1044 rusticitatis
2753 988 2994 1044 Verbum
3039 991 3132 1047 Dei
3167 991 3346 1046 Patris
3409 993 3687 1049 Christum

2119 1084 2409 1138 Dominum
2447 1101 2628 1139 meum
2679 1086 3016 1153 accersietis,
3053 1088 3367 1156 pariterque
3401 1088 3720 1144 Dominam-

2119 1175 2396 1244 deiparam
2434 1174 2658 1229 Mariam
2693 1185 2747 1230 et
2785 1191 2978 1231 omnes
3024 1186 3250 1232 sanctos
3282 1181 3558 1234 advocans
3587 1182 3688 1235 ad-

2113 1265 2324 1334 jutores
2359 1265 2513 1320 initio
2547 1267 2688 1322 unde
2713 1267 2921 1336 justqu
2961 1279 3077 1323 erat
3114 1269 3280 1340 incipi
3305 1273 3614 1342 desumpto.

2191 1543 2245 1596 2.
2280 1543 2446 1598 Debet
2502 1546 2680 1613 quivis
2733 1557 3069 1603 Jnristtanus
3105 1549 3304 1606 habere
3347 1567 3444 1620 pro
3499 1553 3665 1608 funda

2122 1644 2306 1688 mento
2351 1637 2508 1690 Iidem
2540 1638 2607 1690 de
2649 1638 2814 1691 corde
2845 1653 2981 1706 puro
3012 1641 3304 1705 sinceram,
3343 1643 3692 1698 charitatem-

2124 1742 2229 1796 que
2256 1744 2384 1796 erga
2408 1727 2578 1783 Deum
2616 1745 2679 1784 ex
2713 1733 2839 1785 totis
2885 1733 3111 1800 viribus,
3147 1752 3209 1789 ex
3253 1744 3364 1790 tota
3395 1747 3594 1804 mente,
3627 1754 3692 1794 ex

442 1832 680 1892 διανοίας
712 1846 772 1881 τε
807 1828 901 1881 καὶ
940 1827 999 1890 ἐξ
1022 1826 1150 1896 ὅλης
1182 1824 1362 1894 ψυχῆς
1384 1840 1397 1854 ·
1456 1823 1715 1884 ὡσαύτως
1753 1823 1847 1875 καὶ
1881 1823 2017 1890 πλη-

2127 1830 2232 1872 tota
2258 1820 2464 1881 anima,
2492 1829 2544 1874 et
2564 1822 2877 1890 proximum
2905 1833 3160 1893 tanquam
3189 1826 3424 1894 seipsum
3453 1828 3685 1882 habere:

442 1926 556 1976 σίον
611 1923 684 1982 ὡς
715 1922 932 1974 ιέαυτδν
999 1919 1172 1981 οὕτως
1233 1918 1411 1987 ἔχειν’
1465 1935 1482 1967 ι
1533 1917 1619 1968 Ἐν
1664 1915 1888 1973 ταύταις
1921 1915 2015 1968 οὖν

442 2019 562 2075 ταῖς
623 2014 896 2075 ἐντολαῖς,
936 2011 1010 2075 ὡς
1057 2011 1159 2080 ἔφη
1209 2013 1235 2062 6
1281 2010 1577 2075 Δεσπότης,
1625 2007 1744 2069 ὅλος
1789 2010 1815 2058 6
1858 2008 2018 2074 νόμος

444 2110 716 2176 κρέμαται
763 2106 856 2157 καὶ
886 2105 935 2156 οἱ
986 2103 1258 2172 προφῆται
1304 2102 1503 2162 πάντες
1529 2115 1543 2128 ·
1581 2117 1600 2150 ι
1632 2128 1701 2141 -υ-
1736 2118 1751 2149 ι
1799 2100 1872 2151 Ού
1923 2116 2019 2176 eo-

443 2197 672 2260 νεύσεις,
731 2195 791 2246 οὑ
843 2193 1170 2263 μοιχεύσεις,
1227 2192 1288 2243 ού
1317 2189 1878 2258 ψευδομαρτυρήσεις,
1905 2188 2020 2241 ἀλλ’

444 2286 564 2338 οὐδὲ
588 2287 954 2355 ἐπιορκήσεις,
979 2283 1192 2352 άληθῶς
1216 2282 1272 2334 δὲ
1319 2281 1558 2349 όμόσεις,
1586 2279 1868 2342 ἀποδιδοὺς
1897 2283 2021 2341 τοὺς

442 2380 638 2448 ὅρκους
680 2395 771 2431 σου
810 2378 998 2446 Κυρίῳ
1034 2376 1111 2445 τῷ
1167 2375 1285 2444 Θεῴ
1328 2390 1422 2426 σου
1447 2389 1460 2402 °
1491 2373 1608 2427 ἀλλ’
1654 2372 1773 2424 οὐδὲ
1806 2373 2021 2440 κλέψεις

437 2470 581 2533 δλως
612 2486 674 2537 γε
713 2470 746 2540 ἦ
799 2469 892 2522 καὶ
934 2468 1118 2532 ἁπλῶς
1155 2466 1494 2537 πορνεύσεις.
1521 2482 1540 2515 ι
1605 2463 1786 2516 Ταῦτα
1835 2467 1861 2516 6
1914 2480 2019 2516 πα-

443 2561 589 2624 λαιὸς
648 2561 801 2628 νόμος
847 2560 1148 2612 ἐντέλλεται
1181 2561 1274 2611 καὶ
1308 2558 1530 2626 γράφει.

515 2662 585 2722 γ’.
631 2655 690 2705 Ὀ
719 2654 774 2706 δὲ
808 2653 1042 2721 Χριστὸς
1073 2653 1166 2705 καὶ
1201 2650 1479 2719 Δεσπότης
1513 2648 1623 2702 τῶν
1654 2649 1814 2712 ὅλων,
1848 2651 1875 2701 6
1909 2650 2022 2701 Παο

445 2748 605 2810 λαιᾶς
628 2747 726 2799 καὶ
754 2747 852 2814 τῆς
900 2745 1110 2813 Καινῆς
1139 2743 1342 2813 Κύριος
1370 2742 1667 2811 Διαθήκης,
1716 2741 1898 2792 πλεῖον
1925 2739 2022 2809 τὴν

447 2842 739 2912 ἀκρίϐειαν
770 2840 915 2910 ἔχειν
953 2840 1101 2907 ἡμᾶς
1130 2837 1368 2890 διδάσκει
1399 2836 1456 2887 τὸ
1491 2836 1562 2904 μὴ
1602 2834 1829 2904 ὀμνύναι
1892 2834 2025 2902 ἁληο

449 2933 557 2993 θῶς
586 2932 619 3000 ἦ
653 2947 776 2982 τινα
809 2932 972 2999 ὅρκον
1000 2929 1203 2995 λέγειν.
1228 2926 1420 2978 Ἐσται
1441 2925 1497 2977 δὲ
1529 2925 1688 2994 μόνον
1715 2925 1774 2976 ἐν
1805 2925 1934 2993 ἡμῖν
1961 2923 2022 2974 τι

451 3023 588 3087 Ναὶ,
617 3023 730 3084 ναὶ,
763 3019 940 3073 καὶτὸ
966 3017 1063 3084 Οὓ,
1097 3017 1155 3069 ού
1181 3033 1194 3045 ·
1230 3017 1291 3068 τὸ
1320 3016 1374 3068 δέ
1403 3032 1466 3082 γε
1517 3015 1721 3067 τούτων
1765 3013 2020 3083 περισσὸν

2132 1929 2149 1960 ι
2189 1912 2244 1962 In
2275 1910 2359 1964 his
2393 1910 2535 1964 enim
2588 1913 2881 1976 mandatis,
2921 1923 2978 1967 ut
3022 1917 3098 1968 ait
3146 1914 3426 1979 Dominus,
3455 1926 3568 1971 tota
3608 1917 3691 1970 lex

2123 2001 2322 2070 pendet
2349 2010 2403 2055 et
2435 2015 2626 2056 omnes
2659 2003 2934 2072 prophetae
2968 2006 3020 2057 ιι
3060 2025 3078 2056 ι
3115 2036 3183 2044 -
3218 2025 3235 2056 ι
3273 2005 3390 2060 Non
3425 2008 3643 2063 occides
3676 2027 3691 2072 ;

2123 2093 2239 2146 Non
2275 2093 2637 2149 moechaberis
2664 2113 2678 2162 ;
2710 2095 2826 2150 Non
2862 2096 3055 2150 falsum
3090 2098 3237 2154 dit-es
3275 2101 3689 2163 tesdmonium;

2122 2189 2238 2244 Non
2275 2192 2599 2260 periurabis,
2651 2192 2745 2246 sed
2784 2193 2996 2262 jurabis
3048 2197 3201 2265 juxta
3234 2199 3533 2263 veritatem,
3569 2200 3692 2253 red-

2123 2283 2259 2338 dens
2295 2285 2522 2339 l)omino
2560 2286 2668 2340 Deo
2698 2297 2788 2338 tuo
2816 2286 3122 2356 juratnenta
3158 2300 3282 2354 tua;
3308 2290 3420 2342 Non
3465 2290 3690 2353 furtum.

2124 2389 2297 2442 neque.
2327 2375 2489 2428 ullam
2520 2375 2743 2428 omnino
2781 2375 3195 2433 fornicationem
3237 2381 3404 2435 iacies
3429 2383 3472 2434 ³.
3512 2401 3531 2433 ι
3568 2381 3692 2436 Haec

2124 2465 2208 2518 lex
2239 2467 2460 2534 antiqua
2488 2466 2643 2534 jubet
2670 2477 2723 2522 et
2754 2469 3075 2536 praescribit.

2207 2654 2262 2707 ὅ.
2291 2653 2540 2709 Christus
2574 2662 2777 2718 autem,
2808 2656 3049 2709 omnium
3092 2655 3373 2720 Dominus,
3425 2674 3510 2713 Clll
3543 2673 3695 2728 paret

2127 2743 2288 2798 Vetus
2314 2743 2638 2814 Novnmque
2666 2745 3102 2812 TeStamentum,
3128 2750 3392 2818 majorem
3420 2752 3691 2820 justitiam

2123 2833 2280 2887 nobis
2306 2835 2686 2900 exercendam,
2726 2852 2826 2890 nec
2861 2837 3158 2903 jurandum
3209 2856 3308 2895 nec
3337 2843 3504 2898 ullum
3535 2846 3694 2914 jura-

2123 2935 2364 2978 mentum
2408 2926 2715 2980 faciendum
2751 2927 2932 2982 docet.
2989 2929 3107 2982 Erit
3157 2940 3372 2987 tantum
3411 2936 3464 2988 in
3513 2938 3693 3000 nobis,

2127 3017 2243 3082 Est,
2265 3024 2461 3082 est,et,
2495 3015 2632 3079 Non,
2669 3033 2815 3083 non;
2843 3021 2987 3087 quod
3017 3033 3195 3075 autem
3219 3024 3303 3078 his
3329 3027 3560 3096 amplius
3591 3041 3694 3093 est,

445 3116 565 3167 ἐστι
587 3111 683 3166 τοῦ
725 3112 996 3165 διαϐόλου.
1041 3110 1100 3162 ’0
1130 3110 1240 3178 γὰρ
1289 3108 1451 3176 νόμος
1483 3106 1709 3159 ἐκόλασε
1741 3106 1847 3159 τῶν
1879 3107 2022 3176 πρά-ι

2127 3123 2156 3160 a
2185 3108 2403 3161 diabolo
2433 3117 2534 3162 est.
2565 3107 2775 3162 Etenim
2802 3109 2911 3164 Lex
2946 3115 3220 3167 actionum
3257 3116 3419 3171 finem
3445 3121 3694 3190 corrigit,

448 3203 588 3267 ξεων
632 3201 694 3253 τὸ
751 3201 928 3264 τέλος,
965 3199 1082 3252 ἀλλ’
1115 3201 1143 3251 ὁ
1192 3199 1382 3267 Σωτὴρ
1444 3197 1603 3266 ἡμῶν
1657 3197 1890 3266 Χριστὸς
1922 3197 2021 3259 τὰς

447 3293 624 3360 ἀρχὰς
667 3291 868 3360 μᾶλλον
916 3289 1102 3342 πλέον.
1145 3306 1163 3338 ι
1221 3288 1278 3339 ’0
1327 3286 1438 3356 γάρ
1484 3286 1760 3356 ἐμϐλέψας
1803 3287 2024 3354 γυναικὶ

451 3384 588 3453 πρὸς
649 3383 709 3436 τὸ
771 3382 1107 3450 ἐπιθυμῆσαι
1191 3381 1292 3449 ἤδη
1378 3378 1697 3448 ἐμοίχευσεν
1754 3379 1924 3448 αὐτὴν
1967 3381 2024 3430 ἐν

449 3478 517 3544 τῇ
564 3475 728 3527 αὑτοῦ
775 3474 992 3544 καρδίᾳ.
1022 3492 1040 3523 ι
1120 3471 1298 3534 Ὀλως
1347 3470 1404 3522 δὲ
1449 3472 1523 3540 μὴ
1578 3471 1896 3536 ἀντιστῆναι
1947 3470 2024 3540 τῷ

451 3569 674 3640 πονηρῷ
725 3568 1004 3621 διδάσκειο
1047 3565 1161 3618 ἀλλ’
1201 3562 1646 3633 ἁγγαρευόμενόν
1683 3580 1802 3614 τινα
1848 3562 2024 3632 μίλιον

450 3663 529 3727 ἓν,
554 3662 647 3714 δύο
696 3661 932 3727 ὑπάγειν
985 3659 1104 3726 μετ’
1137 3655 1303 3708 αὑτοῦ
1327 3672 1340 3685 ’
1382 3655 1457 3724 μὴ
1511 3654 1813 3720 ἀντιλέγειν
1849 3654 1983 3715 δλως
2008 3669 2020 3684 ο

449 3753 528 3824 τῷ
561 3753 860 3820 πλήσσοντι
890 3749 992 3818 τὴν
1029 3748 1212 3813 δεξιὰν
1254 3746 1481 3814 σιαγόνα
1513 3744 1767 3814 ὀργίλως,
1803 3745 2026 3813 ἡμέρως

449 3861 511 3896 τε
559 3845 655 3896 καὶ
711 3841 1003 3912 προσηνῶς
1057 3840 1150 3892 καὶ
1198 3839 1296 3909 τὴν
1345 3838 1514 3904 ἄλλην
1573 3837 1874 3905 παρέχειν·
1933 3835 2026 3886 καί⁹

451 3935 661 4000 ἁπλῶς,
714 3934 844 3985 εἴτι
879 3928 973 3984 οὖν
999 3931 1228 3992 ἕκαστος
1282 3928 1548 3997 πάσχοιεν
1598 3929 1662 3979 ἐκ
1698 3926 1789 3978 τού
1834 3928 2024 3988 πέλας,

453 4026 642 4094 ὕϐρεις
675 4024 815 4092 ὁμοῦ
844 4024 937 4075 καὶ
982 4023 1252 4091 μάστιγας
1281 4020 1574 4088 ὑπομένειν
1607 4017 1870 4085 γενναίως
1893 4033 1908 4049 ο
1950 4015 2027 4086 τῷ

453 4118 663 4169 θέλοντι
699 4115 952 4185 κριθῆναι
990 4113 1046 4166 δὲ
1082 4114 1174 4165 καὶ
1207 4111 1392 4164 λαϐεῖν
1437 4109 1530 4162 τὸν
1577 4109 1802 4178 χιτῶνα,
1845 4109 2027 4160 δοῦναι

455 4212 547 4261 καὶ
579 4208 639 4259 τὺ
673 4208 889 4276 ἱμάτιον
919 4206 946 4256 ὁ
982 4204 1263 4272 Δεσπότης
1294 4203 1538 4254 κελεύει·
1575 4201 1669 4252 καὶ
1700 4199 1753 4251 εί
1779 4217 1828 4251 τι
1865 4201 2027 4252 πάθοι

453 4290 643 4368 ἓέερος
673 4300 842 4350 κακὸν
871 4299 934 4349 ἐκ
953 4296 1045 4349 τοῦ
1072 4296 1321 4365 πλησίον,
1348 4291 1465 4346 εἶτα
1490 4296 1581 4346 καὶ
1603 4292 1830 4362 ὀργισθῇ
1857 4292 2026 4360 αὐτῷ,

458 4396 581 4463 εἰκῇ
611 4390 861 4460 ὠργίσθη
897 4389 1092 4453 τούτῳ.
1125 4387 1214 4457 Τῷ
1245 4385 1487 4439 αἰτοῦντί
1523 4403 1579 4437 σε
1628 4385 1826 4437 διδόναι
1859 4401 2028 4454 προσ·

2126 3200 2375 3254 Chris-tus
2400 3209 2578 3254 autem
2613 3199 2860 3256 Salvator
2898 3215 3087 3257 noster
3113 3207 3284 3260 multo
3322 3212 3496 3279 magis
3534 3228 3699 3266 exor-

2124 3292 2234 3345 dia.
2269 3321 2338 3331 —
2364 3292 2498 3345 Nam
2529 3310 2548 3343 ι
2594 3294 2684 3362 qui
2718 3294 2848 3347 vidit
2884 3296 3165 3351 mulierem
3196 3299 3260 3352 ad
3301 3305 3697 3372 concupiscen-

2123 3383 2250 3436 dum
2271 3398 2388 3435 eam
2414 3381 2525 3452 jam
2556 3385 2862 3440 mwchatus
2892 3395 3114 3441 cstcum
3140 3389 3272 3442 eain
3305 3393 3470 3447 corde
3500 3397 3691 3450 sua'.»

2126 3475 2356 3529 Prorsus
2387 3492 2492 3529 non
2549 3479 2913 3532 resistendum
2976 3482 3119 3535 malo
3172 3484 3378 3549 docet‘,
3417 3487 3526 3539 imo
3573 3505 3696 3542 cum

2125 3580 2188 3620 eo
2227 3567 2318 3635 qui
2368 3567 2515 3620 mille
2551 3584 2746 3637 passus
2806 3571 3128 3640 angariavit,
3169 3572 3272 3627 alia
3303 3575 3412 3629 duo
3452 3579 3694 3632 subeun-

2123 3656 2255 3719 da',
2303 3659 2528 3712 omnino
2572 3675 2678 3712 non
2741 3663 3262 3732 contradicemlum;
3317 3682 3429 3736 prce
3465 3670 3544 3723 ira
3582 3687 3698 3725 ma-

2125 3748 2308 3802 xillam
2341 3751 2584 3803 dextram
2612 3755 2968 3818 percutientc,
3021 3756 3291 3811 submisse
3321 3770 3372 3812 et
3417 3777 3700 3818 tnansuete

2127 3842 2468 3909 praebendam
2502 3851 2558 3896 et
2610 3843 2833 3896 alteram
2859 3846 2919 3905 ες
2955 3853 3008 3898 ct
3054 3847 3100 3900 si
3136 3849 3260 3916 quis
3297 3851 3439 3903 aliud
3487 3855 3616 3922 quid
3669 3872 3699 3908 ιι

2127 3933 2434 4000 prepinquo
2465 3933 2725 4000 patiatur,
2760 3935 2990 4002 injurias
3029 3953 3092 3991 ac
3155 3943 3382 3994 verbera
3435 3946 3701 4011 patienter

2129 4023 2406 4076 toleranda
2461 4024 2660 4076 volenti
2717 4025 3045 4078 contendere
3076 4026 3288 4093 judicio
3349 4039 3403 4082 et
3458 4035 3698 4087 tunicam

2129 4116 2344 4179 tollere,
2378 4118 2506 4168 dare
2537 4125 2592 4169 et
2623 4117 2844 4185 pallium
2885 4117 3147 4171 [lutninus
3179 4121 3372 4187 jubet'
3397 4138 3410 4187 ;
3440 4125 3543 4177 etsi
3569 4127 3698 4192 quid

2131 4206 2310 4259 malia
2346 4205 2592 4273 proximo
2638 4205 2775 4257 alter
2827 4205 3132 4272 pertulerit,
3172 4206 3479 4275 deindeque
3510 4224 3699 4264 contra
3757 4220 3765 4230 '

2130 4299 2280 4352 illum
2315 4296 2626 4350 aestuaverit
2652 4298 2753 4361 ira,
2780 4294 2980 4350 frustra
3005 4309 3193 4351 contra
3226 4298 3372 4350 illurn
3407 4301 3477 4353 sit
3506 4302 3698 4367 iratus;

2133 4408 2162 4445 a
2195 4403 2244 4446 te
2273 4392 2498 4460 petenti,
2530 4390 2760 4442 libenter
2790 4391 2920 4442 dare
2955 4393 3178 4456 statuit;
3212 4397 3269 4443 et
3303 4408 3328 4443 a
3364 4399 3414 4443 te
3466 4397 3701 4448 mutuari

455 4486 641 4537 τάττει
671 4481 1042 4553 ἀπραγμόνως
1063 4496 1078 4510 ·
1104 4480 1196 4532 τὸν
1225 4478 1447 4531 θέλοντα
1469 4477 1814 4529 δανείσασθαι
1876 4477 2022 4528 κενὸι

2140 4484 2430 4548 volentem,
2463 4499 2569 4535 non
2604 4482 2876 4536 remittere
2908 4483 3204 4535 vacuum".
3230 4482 3456 4551 Diligere
3484 4495 3701 4539 nostros

460 4577 534 4646 μὴ
584 4575 975 4647 ἀποστρέφειν.
1020 4573 1263 4640 Ἀγαπᾷν
1312 4572 1436 4632 τοὺς
1485 4570 1710 4639 ἐχθροὺς
1752 4569 1908 4638 ἡμῶν
1945 4571 2030 4620 ἐν-

457 4669 706 4720 τέλλεται
732 4666 806 4726 ὼς
855 4665 1064 4733 φίλους,
1095 4665 1191 4715 καὶ
1224 4662 1623 4731 ὑπερεύχεσθαι
1663 4660 1878 4712 πάντων
1921 4660 2030 4712 τῶν

458 4761 922 4831 ἐπηρεαζόντωνο
994 4756 1424 4825 καταρωμένους
1494 4753 1772 4819 εὐλογεῖν,
1847 4751 2028 4813 καλῶς

461 4857 634 4904 ποιεῖν
669 4851 988 4920 μισοῦντας.
1021 4850 1132 4901 Καὶ
1159 4848 1322 4900 πάλιν
1353 4848 1480 4914 περὶ
1518 4848 1824 4916 προσευχῆς
1855 4843 2029 4904 οὕτως

461 4947 605 5013 ἡμᾶς
654 4943 921 5006 διδάσκει,
977 4941 1062 4993 ἵνα
1098 4940 1173 5010 μὴ
1229 4937 1686 5008 προσευχώμεθα,
1737 4936 1926 5006 ὥσπερ
1971 4937 2023 4988 οἱ

457 5037 772 5104 ὑποκριταὶ,
803 5034 938 5105 μηδέ
967 5033 1086 5102 μεθ’
1118 5030 1465 5101 ὑποκρίσεως
1490 5030 1586 5098 τὴν
1618 5028 1872 5097 νηστείαν
1903 5043 2024 5080 ποι-

453 5129 662 5193 οῦντες,
698 5130 792 5179 καὶ
838 5125 1158 5195 σκυθρωποὶ
1185 5125 1464 5191 γινόμενοι
1505 5122 1574 5174 τά
1606 5121 1874 5191 πρόσωπα
1906 5137 2026 5190 μει-

453 5223 664 5286 ούντες,
714 5219 808 5272 τοῦ
859 5221 932 5288 μὴ
966 5220 1058 5270 ἐπὶ
1103 5217 1204 5286 τῆς
1251 5217 1356 5285 γῆς
1388 5217 1520 5285 ἡμῖν
1574 5215 1881 5284 θησαυροὺς
1935 5212 2029 5282 θη-

457 5313 758 5383 σαυρίζειν.
783 5311 896 5380 Τῆς
927 5309 983 5360 δὲ
1006 5309 1239 5378 δεκάτης
1269 5309 1490 5376 ἐντολῆς
1519 5306 1690 5370 οὕτως
1715 5307 1857 5375 ἔχει·
1891 5305 2026 5357 Τινά

459 5404 535 5474 μὴ
584 5405 816 5475 κρίνειν,
852 5402 1078 5471 ἔφησεν,
1125 5401 1210 5453 ἵνα
1265 5401 1340 5472 μὴ
1399 5403 1696 5474 κριθῶμεν.
1746 5397 1877 5454 Εἶτα
1932 5401 2026 5453 καὶ

452 5497 589 5566 πρὸς
639 5496 730 5546 τον
788 5493 1012 5547 θέλοντα
1061 5495 1143 5556 εἰς
1203 5494 1522 5564 τελειότητα
1573 5496 1774 5564 φθάσαι
1827 5493 2025 5547 πωλεῖν

527 5618 756 5672 'Matth.
794 5633 931 5682 χχιι,
963 5615 1053 5671 40.

453 5687 538 5742 59.
615 5690 634 5719 ⁵
661 5691 790 5741 ibid.
825 5690 915 5741 41.
993 5690 1013 5718 ⁸
1039 5688 1171 5742 ibid.
1201 5689 1290 5741 59.

453 5757 538 5817 21.
620 5759 662 5792 ³⁹
686 5758 879 5812 Matth.
912 5774 1004 5822 vn,
1043 5760 1093 5822 i,
1129 5759 1186 5811 2.

767 5854 1038 5917 Ρηιιοιι.
1085 5855 1198 5915 Gn.
1249 5853 1403 5916 CXI.

1365 5692 1383 5723 ⁷
1413 5691 1546 5746 ibid.
1577 5690 1667 5744 40.

1134 5615 1348 5676 Ἐιιοό.
1386 5637 1474 5682 xx,
1518 5619 1725 5685 15-16;
1757 5619 1915 5672 Deut.
1950 5635 2003 5682 ν,
2041 5618 2066 5670 1
2099 5634 2290 5688 seqq.;

1134 5688 1171 5742 l.
1201 5689 1290 5741 59.
1365 5692 1383 5723 ⁷
1413 5691 1546 5744 ibid.
1577 5690 1667 5744 40.
1744 5691 1765 5721 ⁸
1792 5689 1928 5744 ibid.
1962 5689 2050 5744 42.
2158 5693 2177 5722 ⁸
2209 5691 2290 5744 ἰυὶι

2133 4575 2389 4628 inimicos
2436 4574 2576 4626 sicut
2634 4572 2838 4626 amicos
2866 4574 3021 4642 jubet
3069 4581 3122 4624 et
3154 4586 3312 4624 orare
3359 4587 3458 4640 pro
3490 4575 3701 4627 cniictis

2133 4683 2233 4722 nos
2265 4667 2752 4736 persequentibus;
2806 4666 3132 4719 benedicere
3168 4667 3624 4722 maledicentibus
3651 4679 3704 4722 et

2132 4764 2199 4816 iis
2229 4765 2318 4823 qui
2353 4778 2453 4816 nos
2515 4763 2747 4816 oderunt
2789 4760 3169 4815 benefacere”.
3237 4759 3472 4815 Rursum
3527 4773 3580 4816 et
3635 4763 3701 4815 de

2133 4857 2380 4908 oratione
2413 4855 2493 4908 sie
2529 4870 2627 4907 nos
2670 4854 2881 4916 edocet,
2916 4861 2976 4905 ut
3006 4869 3114 4906 non
3152 4869 3373 4907 oremus
3424 4854 3567 4908 sicut
3607 4855 3702 4924 by-

2136 4947 2375 5014 poet-itte.
2434 4960 2610 5014 neque
2649 4960 2772 4998 cum
2827 4945 3101 5012 hypocrisi
3146 4944 3481 5014 jejunemns,
3521 4946 3702 5001 tristes

2136 5039 2294 5103 facti,
2328 5048 2568 5091 nostram
2597 5036 2984 5090 contrahentes
3012 5036 3208 5091 faciem
3231 5039 3270 5066 ¹⁰
3296 5056 3309 5100 ;
3343 5054 3516 5107 neque
3542 5053 3704 5106 super

2137 5141 2338 5184 terram
2374 5131 2659 5183 thesauros
2693 5129 2852 5182 nobis
2889 5128 3699 5183 tltesaurizemus“.Decimum

2141 5238 2270 5275 vero
2311 5233 2676 5290 prmceptnm,
2736 5219 3008 5274 neminem
3039 5219 3286 5287 judicare
3340 5235 3440 5272 nos
3493 5227 3698 5281 monet,

2139 5325 2196 5366 ut
2235 5328 2339 5366 non
2364 5313 2753 5381 judicemus".
2788 5311 2987 5364 Deinde
3014 5309 3280 5362 volentem
3313 5307 3698 5376 perfectionem

2140 5405 2433 5469 attingere,
2465 5403 2647 5455 omnia
2696 5415 2815 5469 qua:
2852 5397 3091 5468 possidet
3139 5399 3372 5449 vendere
3421 5398 3597 5460 docet,
3649 5410 3701 5451 et

2137 5512 2258 5550 eum
2295 5495 2442 5548 omni
2471 5495 2585 5549 zelo
2618 5493 2748 5547 dare
2783 5490 3146 5562 pauperibur;
3195 5489 3497 5557 exmdeque
3543 5490 3701 5546 habi-

2360 5619 2550 5672 Mattli.
2587 5634 2638 5681 γ,
2673 5615 2742 5668 55
2777 5630 2928 5680 seqq.
3056 5611 3075 5640 ³
3108 5610 3239 5663 ibid.
3269 5626 3322 5675 ν,
3355 5612 3445 5666 28.
3523 5610 3543 5643 ⁸
3569 5613 3702 5667 ibid.

2131 5681 2338 5765 ."i'bid.
2370 5691 2438 5743 44
2469 5704 2622 5758 seqq.
2705 5687 2746 5717 ¹⁰
2771 5683 2962 5737 Matth.
3000 5696 3074 5747 ιιι,
3106 5681 3161 5747 5,
3200 5681 3286 5735 H.
3366 5683 3406 5713 ¹¹
3433 5683 3566 5740 ibid,
3606 5684 3703 5736 ιι).

3185 5844 3257 5904 13
