4088 6208
414 319 537 383 ’395

1553 311 1865 371 NICOLAI
1908 311 2016 372 (ΞΡ.
2057 314 2566 376 PATRIARCHE

3553 316 3664 381 395

428 442 614 486 turum
653 429 704 482 in
771 426 926 481 caelis
976 425 1293 480 thesaurum
1341 432 1392 477 et
1450 423 1774 493 glorianti";
1808 425 1998 497 sicque

2103 427 2338 481 διδάσκει
2370 430 2586 482 ἅπαντα
2623 427 2692 479 τὰ
2728 425 3041 497 ὑπάρχοντα
3071 426 3281 491 τούτου,
3317 425 3412 480 καλ⁵
3453 427 3669 480 ἐπιδοῦ-

428 525 703 590 suscipere
733 532 950 574 crucem
984 517 1103 586 ejus
1140 525 1459 571 sectatores.
1490 513 1613 569 Haec
1641 515 1855 568 cuidem
1890 515 1992 568 Do-

427 619 608 671 minus
640 615 691 668 in
716 611 1044 678 Evangeliis.

491 897 544 949 4.
586 895 755 949 Divus
818 892 1116 962 Apostolus
1177 898 1230 945 et
1281 902 1512 957 magnus
1567 900 1747 961 praeco
1791 883 1996 940 Paulus

425 1004 612 1042 verum
655 987 1032 1040 Christianum
1092 991 1146 1039 et
1194 983 1404 1036 lidelem
1459 981 1513 1034 in
1563 977 1843 1041 omnibus,
1904 976 1995 1046 qui

383 1078 670 1148 -possidet
719 1075 1114 1130 inhabitantem
1172 1073 1223 1126 in
1276 1087 1336 1126 se
1395 1069 1656 1139 Spiritum
1722 1076 1994 1126 sanctum,

429 1170 618 1225 docuit
647 1170 727 1221 sic
762 1182 888 1221 vere
943 1167 1291 1235 praedicans:
1344 1161 1577 1218 Fructus
1629 1161 1869 1229 Spiritus
1915 1168 1995 1212 est

425 1263 604 1332 primo
635 1262 899 1323 Charitas,
941 1259 1197 1328 gaudium
1222 1297 1236 1321 ,
1267 1271 1392 1325 pax,
1429 1253 1710 1322 patientia,
1750 1250 1998 1320 benigni-

426 1362 532 1416 tas,
578 1352 812 1414 bonitas,
850 1349 1237 1411 mansuetudo,
1258 1360 1382 1399 vera
1413 1345 1544 1398 ﬁdes
1572 1353 1624 1398 et
1659 1343 1714 1394 in
1743 1342 1998 1396 omnibus

426 1445 727 1500 moderatio
746 1443 808 1496 “.
843 1443 908 1496 Et
934 1443 1067 1496 alibi
1119 1455 1337 1495 rursum
1368 1440 1482 1492 ait:
1525 1455 1543 1487 ι
1579 1434 1756 1490 Nolite
1788 1448 1995 1493 errare,

427 1538 649 1599 fratres,
689 1550 864 1605 neque
896 1533 1152 1598 adulteri,
1185 1545 1362 1599 neque
1391 1528 1776 1590 fornicatores,
1822 1540 1999 1593 neque

427 1629 797 1684 masculorum
851 1624 1260 1685 concubitores,
1295 1636 1469 1688 neque
1506 1629 1771 1689 raptores,
1814 1631 1995 1684 neque

428 1719 707 1783 maledici,
734 1732 910 1786 neque
943 1716 1157 1781 molles,
1206 1727 1380 1782 neque
1427 1712 1596 1776 fures,
1630 1724 1804 1778 neque
1833 1709 1997 1772 ebrii,

429 1827 600 1881 neque
638 1779 848 1879 injusti,
903 1820 1080 1876 neque
1133 1779 1308 1858 avari-
1343 1817 1566 1872 regnum
1607 1800 1702 1854 Dei
1754 1797 1998 1868 posside-
2031 1779 2072 1836 Β

426 1903 561 1956 bunt
580 1901 641 1953 ⁸⁵.
672 1917 691 1950 ι

497 2085 552 2140 5.
584 2083 690 2139 Sed
711 2096 872 2152 super
895 2080 982 2135 his
1007 2078 1238 2146 aliisque
1255 2074 1533 2141 omnibus,
1551 2073 1666 2128 haec
1681 2078 1996 2127 veneranda

426 2178 603 2237 divini
667 2171 1011 2244 baptismatis
1078 2166 1376 2234 confessio,
1435 2166 1502 2220 de
1568 2179 1676 2235 qua
1726 2163 1876 2234 parvi
1946 2169 2000 2214 et

429 2269 610 2340 magni
639 2269 692 2320 in
727 2265 926 2320 smerrlo
958 2263 1142 2316 futuro
1172 2259 1432 2313 rationem
1469 2271 1658 2312 sumus
1689 2254 1950 2309 reddituri
1979 2268 1994 2318 ;

434 2374 636 2414 omnes
667 2357 811 2409 enim
844 2353 1081 2418 diabolo,
1111 2349 1433 2418 cunctisque
1473 2347 1729 2417 operibus
1755 2344 1895 2413 ejus,
1947 2351 2000 2397 et

430 2450 578 2505 omni
627 2448 847 2503 servitio
905 2443 1164 2511 omnique
1193 2455 1400 2511 pompae
1425 2439 1568 2510 ejus,
1602 2437 1741 2491 triua
1781 2434 1999 2490 confes-

434 2545 610 2607 sione,
638 2538 1107 2594 abrenuntiamus.
1159 2535 1224 2588 Et
1255 2532 1560 2604 spiritualia
1595 2530 1812 2600 quidem
1871 2529 1999 2581 vitia

431 2637 510 2690 sic
545 2641 943 2688 numerantur:
977 2628 1154 2697 primo
1196 2626 1476 2695 superbia,
1520 2623 1746 2686 invidia,
1789 2621 1997 2685 odium,

435 2727 739 2787 iracumlia,
779 2721 1108 2798 irrationalis
1147 2720 1248 2780 ira,
1275 2719 1432 2782 livor,
1464 2715 1769 2771 inordinata
1787 2712 1999 2768 deside-

431 2821 535 2884 ria,
571 2815 1016 2871 it’tcnnvenientes
1049 2811 1517 2874 ratiocinationes,
1569 2806 1862 2875 injustitia.
1904 2817 1999 2856 ca-

431 2910 661 2966 lumnia,
719 2907 892 2969 zelus,
940 2903 1193 2964 avaritia,
1228 2901 1456 2962 furtum,
1495 2898 1754 2959 ebrietas,
1787 2894 1996 2964 rapina,

434 3000 722 3066 omnisque
752 2994 987 3064 pigritia.
1011 2991 1132 3044 lltec
1167 2999 1293 3045 sunt
1321 3003 1480 3058 opera
1510 2988 1714 3041 diaboli
1743 2986 2002 3056 spiritua-

2097 539 2183 574 ναι
2211 524 2323 584 τοῖς
2369 523 2608 591 πτωχοῖς
2641 521 2737 574 σὺν
2793 521 3076 590 προθυμίᾳ⁵
3125 521 3276 590 πάσῃ
3301 537 3315 549 '
3345 519 3489 584 ἕξειν
3529 519 3573 572 δ’
3602 520 3667 573 ὲκ

2094 611 2289 664 τούτου
2319 611 2595 682 θησαυρὸν
2624 613 2681 664 ὲν
2725 611 2978 682 οὐρανοῖς
3006 613 3101 664 καὶ
3131 611 3310 676 δόξαν,
3352 613 3448 664 καὶ
3492 611 3670 673 οὕτως

2099 704 2275 774 αἴρειν
2310 705 2403 756 τὸν
2435 702 2670 774 σταυρὸν
2703 703 2853 773 αὐτῷ
2882 702 3326 765 ἀκολουθοῦντας.
3361 704 3471 755 Καὶ
3494 701 3672 754 ταῦτα

2099 796 2198 865 μὲν
2233 797 2261 848 ὁ
2291 794 2494 864 Κύριος
2523 797 2580 847 ὲν
2619 797 2732 856 τοῖς
2769 793 3140 862 Εὑαγγελίοις.

2168 887 2231 942 δ’.
2281 888 2340 941 '0
2370 888 2426 941 δὲ
2459 888 2602 949 θεῖος
2638 885 2963 949 Ἀπόστολος
2989 886 3084 938 καὶ
3119 889 3289 955 μέγας
3316 884 3494 956 κὴρυξ
3523 883 3667 936 Παῦ-

2098 981 2188 1043 λος
2219 979 2313 1032 τὸν
2363 979 2540 1050 ἀληθῆ
2572 978 2900 1048 Χριστιανὸν
2940 978 3034 1030 καὶ
3070 978 3260 1029 πιστὸν
3291 978 3430 1030 κατὰ
3470 975 3664 1035 πάντα,

2095 1072 2193 1124 τὸν
2222 1069 2539 1123 ἐνοικοῦντα
2573 1069 2766 1139 ἔχοντα
2794 1069 2854 1121 τὸ
2881 1067 3149 1135 πανὰγιον
3183 1064 3407 1136 Πνεῦμα
3433 1064 3664 1129 ἐδίδαξεν

2099 1165 2174 1226 ὡς
2228 1162 2445 1229 ἀληθῶς
2500 1160 2882 1231 φθεγξάμενος
2925 1160 3144 1212 τοιάδε·
3195 1159 3252 1212 Ὀ
3307 1159 3521 1228 καρπὸς
3573 1156 3664 1210 τοῦ

2101 1258 2423 1327 Πνεῦματος
2466 1258 2658 1329 πρώτη
2704 1257 2894 1326 ἀγάπη
2934 1255 3108 1317 πέλει,
3137 1255 3302 1325 χαρὰ,
3351 1255 3541 1324 εἰρήνη
3572 1255 3669 1305 σὺν

2101 1355 2286 1417 αὐτοῖς
2331 1352 2429 1406 καὶ
2467 1353 2499 1418 ἡ
2555 1349 2930 1420 μακροθυμία,
2983 1347 3310 1416 ὠσαύτωςή
3364 1344 3674 1414 χρηστότης

2101 1448 2194 1499 καὶ
2248 1448 2282 1515 η
2337 1443 2689 1514 ἀγαθωσύνη,
2745 1442 3016 1511 πραότης,
3072 1440 3254 1502 πίστις
3309 1436 3516 1508 ἀληθὴς
3574 1438 3670 1490 καὶ

2103 1540 2402 1608 ἐγκράτεια
2457 1536 2729 1590 ἁπάντων.
2784 1535 2894 1588 Καὶ
2956 1531 3189 1602 ἀλλαχοῦ
3244 1531 3406 1583 πάλιν
3464 1529 3666 1600 φησίν·

2097 1651 2128 1683 -ι
2153 1632 2419 1699 Ἀδελφοῖ,
2453 1631 2531 1700 μὴ
2553 1627 2836 1682 πλανᾶσθε
2858 1640 2875 1656 ⁸
2914 1623 3037 1678 οὔτε
3076 1625 3276 1693 μοιχοὶ,
3302 1622 3424 1676 οὔτε
3455 1622 3666 1692 πόρνοι,

2103 1723 2225 1777 οὔτε
2255 1723 2658 1792 ἀρσενοκοῖται,
2686 1719 2785 1788 οὐχ
2823 1718 3090 1787 ἅρπαγες,
3125 1715 3184 1766 οὐ
3212 1711 3462 1782 λοίδοροι,
3495 1711 3528 1781 ἦ
3560 1728 3660 1781 μα-

2100 1819 2282 1882 λακοὶ,
2317 1817 2348 1886 ἢ
2385 1814 2654 1869 κλέπται·
2686 1813 2746 1866 οὐ
2781 1809 3028 1881 μέθυσοι,
3054 1808 3154 1861 οῦκ
3186 1808 3378 1870 ἄδικοι,
3404 1803 3516 1858 ἀλλ’
3548 1802 3690 1856 οὐδὲ

2088 1908 2450 1969 πλεονέκται,
2482 1903 2764 1976 βασιλείαν
2803 1903 2904 1974 τὴν
2936 1901 3031 1956 τοῦ
3079 1898 3214 1953 Θεοῦ
3259 1897 3321 1951 οὐ
3368 1895 3444 1968 μὴ
3473 1895 3673 1966 κληρο-

2101 2000 2422 2069 νομήσουσι.
2453 2016 2471 2049 ›

2171 2089 2234 2145 ε’.
2276 2089 2438 2142 Ἀλλὰ
2489 2087 2595 2158 πρὸ
2645 2088 2848 2141 τούτων
2883 2085 3100 2139 πάντων
3129 2083 3185 2136 δὲ
3226 2081 3320 2136 καὶ
3357 2081 3465 2136 τῶν
3496 2079 3672 2134 ἄλλων

2101 2181 2364 2235 ἁπάντων
2413 2180 2511 2247 τὴν
2537 2178 2630 2231 τοῦ
2674 2177 2821 2230 θείου
2857 2176 3235 2246 βαπτίσματος
3265 2173 3505 2244 φρικτὴν
3543 2174 3672 2242 ὁμου

2100 2271 2309 2340 λογίαν,
2335 2270 2404 2342 ἣν
2430 2269 2778 2323 ἀπαιτεῖσθαι
2799 2267 3065 2337 μέλλομεν
3092 2264 3279 2335 μικροί
3303 2281 3363 2316 τε
3382 2265 3476 2317 καὶ
3499 2263 3670 2334 μεγά-

2100 2362 2183 2414 λοι
2229 2363 2285 2414 ὲν
2320 2359 2568 2429 μέλλοντι
2614 2358 2789 2412 αἰῶνι.
2841 2358 2948 2409 Καὶ
2986 2357 3095 2424 γὰρ
3132 2353 3563 2422 ἀποτασσόμεθα
3591 2351 3670 2421 τῷ

2103 2453 2333 2523 διαϐόλῳ
2353 2453 2572 2514 πάντες,
2592 2451 2684 2502 καὶ
2705 2452 2816 2511 τοῖς
2839 2449 3020 2516 ἔργοις
3046 2445 3211 2501 αὑτοῦ
3237 2447 3390 2508 πᾶσι,
3411 2445 3504 2498 καὶ
3525 2444 3668 2514 πάσῃ

2102 2545 2331 2617 λατρεία
2365 2544 2463 2598 καὶ
2487 2545 2638 2613 πάσῃ
2675 2545 2740 2613 τῇ
2773 2543 2966 2611 πομπῇ
3001 2540 3168 2594 αὐτοῦ
3211 2539 3446 2609 τρισσῶς
3483 2538 3673 2608 ὁμολο-

2053 2685 2059 2691 .
2104 2638 2344 2706 γοῦντες.
2379 2636 2486 2688 Καὶ
2529 2635 2598 2688 τὰ
2657 2634 2754 2704 μὲν
2794 2632 3000 2702 ψυχικὰ
3028 2630 3174 2700 πάθη
3227 2629 3672 2700 ἀπαριθμοῦνται

2103 2730 2303 2792 οὕτως’
2330 2728 2545 2798 πρῶτον
2571 2727 2968 2796 ὑπερηφανεῐα,
2987 2723 3179 2792 φθόνος
3211 2721 3344 2792 ὁμοῦ
3375 2724 3466 2774 καὶ
3492 2722 3669 2789 μῖσος,

2104 2821 2438 2891 παράλογος,
2475 2821 2568 2872 καὶ
2602 2821 2697 2870 σὺν
2725 2819 2912 2879 αὐτοῖς
2942 2819 2969 2870 ό
3014 2817 3226 2883 φθόνος,
3249 2813 3512 2882 ἐπιθυμία
3540 2814 3668 2867 ἄτο-

2103 2928 2224 2975 πος,
2263 2911 2453 2980 θυμὸς,
2479 2909 2619 2980 ὀργὴ
2635 2912 2898 2978 ἀπρεπεῖς
2920 2908 3165 2977 λογισμοί
3184 2923 3240 2961 τε
3257 2947 3270 2968 ,
3286 2905 3544 2972 λοιδορία,
3563 2921 3668 2975 ἤκα-

2101 3000 2373 3069 τάκρισις,
2407 2998 2584 3069 ζῆλος,
2624 2999 2925 3063 πλεονεξία,
2954 2999 3169 3069 κλεψία,
3211 2996 3373 3066 μέθη,
3415 2995 3668 3066 ἁρπαγὴ,

434 3093 525 3147 lia.
560 3089 811 3144 Carnalia
844 3095 1023 3139 autem
1058 3082 1258 3153 pariter
1287 3082 1365 3136 sic
1390 3089 1746 3134 numerantur
1780 3096 1793 3133 ι
1824 3077 2001 3131 molli-

2105 3091 2198 3146 καὶ
2230 3091 2428 3160 ἁκηδία
2471 3092 2650 3144 πᾶσα·
2678 3090 2852 3145 ταῦτά
2881 3095 2984 3145 εἰσι
3026 3091 3096 3144 τὰ
3133 3089 3338 3160 ψυχικὰ
3391 3088 3528 3158 ἔργα
3576 3085 3671 3140 τοῦ

436 3185 558 3248 ties,
613 3179 922 3242 fornicatio,
986 3175 1337 3240 adulterium,
1394 3173 1760 3227 masculorum
1800 3184 1998 3239 puero-

433 3291 666 3344 rumque
698 3286 899 3327 vesana
931 3269 1395 3338 concupiscentia,
1454 3267 1648 3333 triplex
1702 3263 2001 3317 bestialitas

430 3383 496 3422 ac
545 3365 904 3426 volucrilitas,
963 3373 1016 3416 et
1067 3361 1358 3430 cujuslibet
1413 3358 1744 3426 impuritutis
1795 3355 1998 3409 studia.

429 3461 622 3515 Cultus
653 3473 780 3512 vero
812 3456 1045 3514 Satanae,
1081 3464 1140 3506 ut
1200 3453 1274 3507 ita
1328 3453 1530 3515 dicam,
1584 3457 1713 3502 est:
1765 3446 2001 3506 Credere

433 3554 823 3611 divinationes,
883 3560 1166 3600 recurrere
1203 3543 1270 3597 ad
1329 3558 1550 3612 magos,
1608 3541 1912 3610 astrologos
1949 3549 2004 3593 et

435 3644 884 3702 necromanticos
936 3641 1227 3701 invocare,
1283 3637 1520 3689 amulcta
1570 3644 1624 3688 et
1668 3633 2002 3704 phylacteria

434 3740 732 3806 suscipere,
758 3742 930 3798 vates,
963 3739 1017 3785 et
1040 3729 1482 3791 hordeomantas,
1503 3727 1770 3781 daemonia
1797 3726 2003 3782 haben-

434 3841 540 3892 tes,
566 3839 824 3897 augures,
867 3821 1160 3888 omniaque
1190 3832 1524 3888 paganorum
1588 3823 1643 3870 et
1699 3814 2002 3870 inﬁdelium

435 3921 613 3977 studia
645 3917 950 3971 admittere.
990 3911 1114 3966 Haec
1166 3911 1348 3964 omnia
1389 3909 1596 3963 cultum
1629 3907 1829 3962 diaboli
1870 3921 2005 3959 con-

434 4014 690 4066 stituunt.
750 4003 1045 4058 Dicendum
1098 4017 1226 4071 ergo
1277 4008 1526 4070 superest
1557 4014 1679 4068 quae
1709 3998 1780 4052 sit
1810 4011 2002 4066 pompa

435 4103 649 4156 Salaria:
683 4114 698 4151 :
733 4093 1010 4164 tragoediae
1036 4101 1264 4146 etomne
1285 4092 1431 4144 aliud
1457 4104 1719 4160 organum
1749 4088 1999 4151 luxuria,

437 4207 718 4250 taurorum
756 4200 1152 4255 servorumque
1203 4182 1524 4245 certamina,
1593 4192 1756 4250 atque
1808 4181 2006 4249 hippo-

434 4286 634 4339 dromi.
668 4283 794 4334 [Lee
845 4281 900 4334 in
938 4278 1122 4332 divino
1185 4275 1404 4328 lavacro
1448 4273 1746 4327 abominati
1810 4287 2003 4326 sumus

435 4392 653 4448 unaque
716 4374 974 4428 Satanam
1041 4369 1188 4423 velut
1254 4368 1471 4420 illorum
1533 4364 1892 4436 magistrum,
1952 4375 2005 4420 et

436 4470 655 4523 Christo
698 4481 892 4519 sumus
924 4462 1145 4530 obligati
1199 4459 1264 4512 ad
1317 4467 1464 4512 recte
1515 4457 1618 4525 ipsi
1650 4457 2003 4520 credendum,

436 4558 966 4623 custodiendumque
996 4558 1261 4620 praecepta
1292 4549 1380 4602 Dei
1431 4557 1484 4602 et
1533 4547 1854 4612 Salvatoris,
1884 4563 2005 4618 quae

438 4664 564 4704 cum
595 4647 711 4702 suis
737 4643 999 4713 apostolis
1041 4641 1412 4696 conversando
1467 4641 1673 4705 docuit,
1702 4641 2003 4695 abhorren-

438 4745 566 4796 dum
600 4739 813 4806 quidem
852 4753 879 4789 a
929 4735 1085 4790 malis
1119 4735 1261 4788 velut
1299 4734 1556 4802 operibus
1584 4733 1808 4796 diaboli,
1843 4742 2005 4803 atque

440 4830 816 4890 inhaerendum
871 4827 1026 4882 bonis
1091 4833 1148 4879 ut
1237 4825 1450 4878 Domini
1517 4825 1808 4879 mandatis.
1860 4824 1999 4888 Quid

441 4924 654 4985 multa?
683 4924 816 4978 lluie
847 4923 966 4975 vitae
1013 4921 1273 4975 divinitus
1321 4930 1534 4975 statuta:
1581 4918 1880 4974 conditioni
1905 4917 2002 4972 ad-

439 5021 566 5077 dicti
591 5016 742 5088 parvi
777 5024 830 5069 et
863 5015 1066 5082 magni,
1098 5014 1334 5082 episcopi
1365 5023 1417 5066 et
1448 5028 1621 5080 rcges,
1648 5011 1898 5063 tnonachi
1949 5018 2004 5062 et

439 5111 656 5183 plebeii,
697 5113 974 5177 magnates
1003 5113 1054 5159 et
1085 5120 1370 5174 pauperes,
1429 5106 1716 5172 omnisque
1769 5102 2006 5155 lidelium

441 5199 733 5257 multitudo
763 5199 1046 5268 “rationem
1085 5199 1310 5251 reddere
1356 5197 1637 5249 debemus.
1670 5191 1795 5246 “5.130
1827 5202 2005 5245 autem

439 5312 558 5367 qua:
615 5293 809 5364 scripsi
847 5306 956 5346 nou
997 5300 1127 5345 sunt
1176 5292 1396 5360 propria
1453 5289 1874 5348 monachorum,
1909 5286 2005 5340 sed

442 5390 687 5443 omnium
719 5387 958 5442 lidelium
987 5383 1298 5452 Christique
1340 5383 1539 5451 gregis.

2108 3183 2676 3244 διαϐόλου.’⁹Ωσαύτως
2698 3182 2766 3235 τὰ
2793 3187 3083 3253 σωματικὰ
3115 3181 3557 3252 ἀπαριθμοῦνται
3584 3178 3677 3232 οῦ-

2110 3292 2239 3339 τως·
2269 3275 2533 3345 μαλακία,
2559 3277 2783 3344 πορνεία
2816 3292 2875 3328 τε
2909 3277 3003 3329 κα)⁵
3037 3279 3224 3347 μοιχία
3253 3278 3348 3329 σὺν
3383 3274 3616 3336 τούτοις,
3640 3275 3672 3341 ἡ

2109 3367 2484 3436 ἀῤῥενομα-νία
2516 3384 2576 3419 τε
2611 3369 2706 3420 καὶ
2745 3369 2784 3438 Δἡ
2817 3367 3202 3438 παιδοφθορία,
3231 3366 3572 3436 κτηνοδατία
3618 3381 3677 3418 τε

2107 3459 2308 3530 τριπλῆ
2341 3461 2433 3512 καὶ
2465 3461 2499 3529 ἡ
2529 3461 2885 3527 πτηνοδατία,
2914 3461 3008 3512 καὶ
3037 3464 3108 3512 τὰ
3135 3458 3545 3529 ἐπιτηδεύματα
3573 3456 3676 3510 πά-

2113 3568 2212 3622 σης
2231 3551 2593 3623 ἀκαθαρσίας.
2608 3552 2672 3606 Ἦ
2697 3553 2751 3606 δὲ
2769 3553 2992 3622 λατρεία
3022 3551 3115 3605 τοῦ
3136 3553 3368 3615 Σατανᾶ,
3381 3549 3456 3614 ὡς
3478 3551 3672 3614 είπεῖν,

2109 3642 2256 3696 ἐστιν
2279 3643 2415 3715 αῦτη
2439 3660 2456 3676 ο
2491 3646 2550 3697 τὸ
2594 3644 2872 3696 πιστεύειν
2909 3642 3264 3714 μαντεύματα
3307 3643 3538 3704 καὶτοῖς
3569 3642 3672 3710 μά·

2110 3752 2228 3805 γοις
2253 3736 2634 3806 προστρέχειν,
2662 3735 2789 3797 τοὺς
2817 3735 3189 3805 ἁστρονόμους
3221 3733 3549 3803 προσκαλεῖν
3581 3731 3676 3784 καὶ

2109 3829 2236 3891 τοὺς
2291 3828 2697 3897 νεφοδιώκτας·
2735 3828 2797 3880 τὸ
2850 3826 3100 3897 φυλακτᾶι
3151 3825 3548 3896 προσδέχεσθαι
3583 3824 3677 3876 καὶ

2110 3919 2178 3972 τὰ
2211 3919 2489 3986 περίαπτά
2535 3936 2615 3982 τε,
2648 3917 2905 3988 γοητείας
2953 3917 3363 3987 παραδέχεσθαι
3407 3918 3502 3969 καὶ
3549 3917 3678 3976 τοὺς

2111 4011 2601 4081 κριθαρομάντεις,
2654 4010 2782 4074 τοὺς
2827 4009 3049 4080 ἔχοντας
3089 4013 3210 4069 τοὺς
3245 4010 3525 4078 δαίμονας,
3584 4009 3677 4060 καὶ

2109 4103 2238 4166 τοὺς
2289 4103 2706 4173 ὀρνεοσκόπους,
2737 4103 2832 4157 καὶ
2875 4104 3024 4156 ἅπαν
3062 4101 3407 4171 ἐπιτήδευμα
3448 4099 3677 4152 ἐθνικῶν

2107 4196 2208 4249 ’καὶ
2247 4195 2520 4248 ἀπίστωνο
2557 4193 2730 4247 ταῦτα
2778 4194 3003 4265 λατρεία
3035 4193 3246 4261 πέφυκε
3295 4193 3390 4245 τοῦ
3425 4191 3674 4244 διαϐόλου

2115 4289 2314 4341 πάντα.
2362 4287 2625 4339 Λείπεται
2672 4283 2766 4339 οῦν
2811 4286 3001 4339 λοιπὸν
3053 4288 3230 4338 εἰπεῖν
3279 4286 3422 4355 τίςὴ
3480 4283 3674 4353 πομπὴ

2113 4380 2331 4432 Σατανᾶ
2363 4377 2622 4447 ὑπάρχει.
2669 4377 2929 4446 Μὰτζεφε
2981 4377 3390 4448 τραγῳδήματα
3433 4377 3526 4429 καὶ
3569 4375 3676 4428 πᾶν

2031 4493 2085 4553 D
2111 4470 2344 4540 ὄργανον
2371 4470 2520 4534 ἄλλο,
2546 4468 2744 4522 ταυλία
2777 4471 2870 4522 καὶ
2900 4468 3160 4538 ζατρίκια
3193 4470 3289 4522 καὶ
3340 4469 3394 4520 αἱ
3421 4466 3680 4535 ἱπποδρο-

2119 4562 2276 4634 μίαι·
2333 4561 2507 4614 ταῦτα
2538 4561 2898 4630 ἀπευξάμεθα
2940 4563 2997 4612 ὲν
3043 4563 3122 4630 τῷ
3159 4559 3367 4629 λουτρῷ
3419 4557 3496 4627 τῷ
3527 4558 3676 4626 θείῳ,

2110 4655 2209 4708 καὶ
2241 4656 2338 4708 σὺν
2369 4655 2551 4718 αὐτοῖς
2581 4654 2673 4706 τὸν
2722 4655 2965 4706 Σατανᾶν
2993 4654 3065 4715 ὡς
3103 4652 3421 4705 διδάσκαλον
3450 4648 3675 4710 τούτων,

2115 4745 2209 4799 καὶ
2259 4745 2635 4814 συνετάγημεν
2682 4743 2925 4814 Χριστῷ,
2967 4743 3140 4813 ὀρθῶς
3186 4741 3335 4812 αὐτῷ
3378 4739 3676 4800 πιστεύεν,

2117 4835 2407 4903 φυλάττειν
2456 4852 2516 4887 τε
2570 4826 2901 4904 πρόσταγμα
2949 4834 3044 4887 τοῦ
3090 4832 3226 4884 Θεοῦ
3260 4833 3354 4885 καὶ
3402 4829 3678 4898 Σωτῆρος,

2117 4918 2263 4988 ἅπερ
2297 4921 2547 4975 ἐδίδασκε
2605 4922 2778 4976 συνὼν
2823 4925 2938 4984 τοῖς
2969 4921 3132 4976 αὐτοῦ
3190 4919 3534 4980 ἀποστόλοις,
3575 4917 3679 4967 τῶν

2119 5013 2220 5081 μὲν
2247 5015 2433 5068 κακῶν
2486 5015 2787 5085 ἀπέχεσθαι
2822 5017 2898 5079 ὡς
2943 5015 3122 5085 ἔργων
3167 5012 3445 5072 διαϐόλου,
3486 5010 3592 5061 τῶν
3625 5006 3680 5060 δὲ

2116 5106 2297 5160 καλῶν
2331 5107 2654 5178 ἀντέχεσθαι
2696 5108 2768 5172 ὡς
2807 5108 3040 5161 ἐντολῶν
3071 5105 3297 5176 Κυρίου.
3327 5104 3544 5170 Ταύτην
3576 5100 3682 5152 λοι-

2117 5198 2238 5261 πὸν,
2265 5199 2339 5263 ὡς
2365 5201 2606 5272 είρηιαι,
2640 5202 2739 5271 τὴν
2771 5202 3039 5269 συνταγὴν
3078 5203 3175 5268 τὴν
3232 5199 3380 5250 θείαν
3430 5209 3683 5263 προσαπ-

2113 5291 2384 5344 αιτεῖσθαι
2426 5293 2690 5363 μέλλομεν
2736 5295 2924 5363 μικροί
2955 5311 3012 5346 τε
3055 5295 3151 5346 καὶ
3179 5292 3429 5360 μεγάλοι,
3458 5290 3683 5341 ἐπίσκο-

2113 5398 2203 5433 ποι
2235 5383 2330 5434 καὶ
2363 5381 2624 5451 βασιλεῖς,
2663 5387 2884 5456 μοναχοῖ
2915 5385 3010 5439 καὶ
3047 5382 3292 5452 μιγάδες,
3338 5378 3598 5448 ἄρχοντές
3622 5392 3680 5426 τε

442 5478 537 5531 καὶ
575 5481 829 5547 πένητες,
888 5477 982 5530 καὶ
1017 5477 1125 5538 πᾶς
1171 5473 1380 5528 πιστῶν
1415 5475 1443 5523 ὁ
1487 5473 1680 5542 δῆμος.
1734 5469 1920 5524 Ταῦτα
1955 5472 2009 5524 δὲ
2049 5471 2192 5544 ἅπερ
2258 5476 2490 5548 ἔγραψα,
2544 5479 2644 5531 οὐκ
2710 5480 2815 5532 εἰσὶ
2862 5477 3226 5550 μοναζόντων,
3272 5471 3410 5527 ἀλλὰ
3457 5471 3678 5525 πάντων

438 5570 545 5621 τῶν
569 5568 774 5621 πιστῶν
793 5563 896 5621 ’καὶ
926 5565 1161 5638 Χριστοῦ
1193 5565 1290 5635 τῆς
1320 5564 1584 5634 μερίδοςα

546 5732 589 5764 ⁸³
615 5728 802 5783 Mallll.
840 5744 952 5794 XIX,
983 5729 1072 5787 21.
1155 5729 1192 5760 ¹⁸
1221 5730 1396 5785 Calai.
1439 5745 1488 5791 ν,
1517 5729 1606 5781 ‘22.

1689 5727 1774 5780 "‘l
1807 5725 1937 5782 Cor.
1965 5740 2042 5792 Vt,
2077 5725 2131 5780 9.
