4088 6208
534 333 633 395 397

1767 323 1866 383 DE
1907 320 2085 383 VITA
2123 315 2577 379 MONASTICA.

3671 317 3777 376 39%

607 449 681 508 ς’.
716 441 838 494 Τῶν
899 441 1151 510 μοναχῶν
1207 441 1286 502 δὲ,
1336 441 1410 503 ὡς
1452 436 1610 508 ἔφην,
1669 436 1828 500 ἄλλος
1874 435 2110 506 ὑπάρχει

2283 431 2336 486 6.
2371 428 2761 485 Monaehorum
2789 442 2918 482 vero
2945 427 3083 482 sicut
3113 427 3245 492 dixi,
3277 429 3413 484 alius
3449 439 3528 486 est
3563 424 3778 486 vivendi

538 535 674 605 βίος,
714 535 848 586 διότι
903 534 1294 604 ἀπηρνήσαντο
1335 533 1424 586 τὸν
1460 532 1637 584 πάντα
1691 530 1896 597 κόσμον
1937 521 2107 589 οὗτοι,

537 624 632 676 καὶ
669 623 888 693 ἔχουσιν
940 622 1229 692 ἀκρίϐειαν
1269 622 1508 691 φοϐερὰν
1554 621 1649 672 καὶ
1692 617 1958 689 μεγάλην.
2002 617 2112 668 Καὶ⁸

535 715 647 786 γὰρ
700 714 840 785 μετά
899 713 1010 767 τῶν
1069 713 1278 767 ἄνωθεν
1346 710 1666 783 γραφέντων
1759 707 2113 776 ὲνταλμάτων

542 807 766 860 πλείονα
793 807 892 875 τὴν
917 804 1205 872 ἀκρίϐειαν
1231 801 1735 873 προσαπαιτούνται
1757 794 1922 864 οὗτοι,
1953 799 2118 866 ἀκτη·

546 897 790 970 μοσύνην
822 897 1082 966 παντελῆ,
1113 895 1411 968 παρθενίαν
1455 897 1535 956 είς
1565 894 1755 959 ἄκρον,
1787 888 2114 960 ἐγκράτειάν

539 1008 601 1043 τε
633 989 742 1042 τῶν
783 987 973 1041 παθῶν
1020 985 1154 1057 ὁμοῦ
1187 985 1420 1039 καὶτῶν
1458 984 1786 1055 βρωμάτων,
1827 980 2114 1049 αἰσθήσεις

541 1081 959 1151 χαλιναγωγεῖν,
994 1078 1105 1131 τῶν
1147 1076 1334 1130 κακῶν
1374 1093 1426 1128 τι
1459 1077 1534 1146 μὴ
1572 1074 1857 1144 πράττειν,
1895 1071 2110 1141 ὅρασιν,

541 1173 836 1240 ὅσφρησιν,
878 1170 1046 1239 ἁφὴν,
1090 1167 1280 1238 ἀκοὴν,
1323 1167 1420 1219 καὶ
1446 1165 1544 1236 τὴν
1584 1167 1772 1231 γεῦσιν
1797 1178 1813 1195 ο
1842 1162 1941 1232 τὴν
1977 1159 2117 1230 ψαλ-

546 1263 755 1333 μῳδίαν
781 1263 1062 1314 ἄπαυστον
1099 1259 1202 1312 καὶ
1225 1256 1426 1327 πολλὴν
1459 1256 1792 1325 ἀγρυπνίαν,
1825 1255 2117 1323 χαμευνεῖν

545 1354 640 1406 καὶ
687 1351 993 1421 ξηροσιτεῖν
1039 1349 1134 1402 καὶ
1171 1348 1430 1402 ἀλουσίαν
1478 1346 1644 1415 ἔχειν.
1698 1343 2118 1398 Συνδιαιτᾶσθαι

546 1444 796 1512 γυναιξὶν
830 1443 862 1513 ἢ
907 1442 1044 1501 ὅλως
1076 1442 1227 1509 σχεῖν
1286 1438 1470 1507 φιλίαν
1508 1437 1843 1509 ἀπαγορεύει
1883 1439 1912 1490 ὁ
1940 1436 2118 1490 κανὼν

546 1538 659 1598 τοῖς
700 1536 953 1604 μοναχοῖς
999 1532 1243 1594 τελείως,
1290 1532 1496 1601 μᾶλλον
1527 1530 1583 1583 δὲ
1621 1530 1717 1582 καὶ
1765 1529 2120 1599 προσομιλεῖν

481 1672 483 1674 .
547 1629 579 1697 ἢ
606 1627 741 1688 ὅλως
769 1623 1098 1690 συνοδεύειν,
1131 1623 1317 1677 παιδία
1342 1641 1400 1676 τε
1449 1623 1523 1693 μὴ
1555 1622 1879 1693 προσίεσθαι
1923 1621 1956 1693 ἢ
1984 1623 2118 1685 ὅλως

550 1716 894 1780 συνδυάζειν,
942 1713 1265 1768 καταλαλεῖν
1329 1712 1363 1781 ἢ
1407 1713 1688 1784 λοιδορεῖν,
1721 1712 1754 1782 ἦ
1793 1712 1927 1774 ὅλως
1954 1727 2122 1764 κατα-

550 1808 777 1874 κρίνειν,
812 1808 948 1859 πάσι
984 1807 1200 1866 πιστοῖς
1237 1801 1576 1857 κεκώλυταιο
1615 1804 1766 1871 πόσῳ
1810 1819 1876 1872 γε
1922 1802 2123 1873 μᾶλλον

548 1905 755 1963 τούτοις
783 1918 797 1966 ;
836 1899 1148 1970 Ὀμνύναιῆ
1177 1900 1492 1969 περιορκεῖν
1519 1897 1895 1966 ἀπηγόρευται
1924 1898 2122 1965 πάντη.

550 1989 952 2060 Φιλάργυρονῆ
1006 1989 1270 2058 φίλαυτον
1319 1990 1379 2041 ού
1411 1989 1492 2040 δεῖ
1543 1987 1778 2058 μοναχὸν
1829 1983 1996 2038 εἶναι*
2031 1987 2124 2038 καὶ

555 2085 640 2136 ἵνα
669 2083 720 2134 τί
750 2081 1051 2151 φιλολογῶν
1085 2081 1177 2134 τὸν
1200 2079 1390 2150 καιρὸν
1421 2079 1728 2144 ἀναλίσκω;
1760 2079 1820 2131 Ei
1848 2077 2126 2148 βασιλείας

551 2168 798 2238 οὐρανῶν
856 2169 1135 2238 ἐπιτυχεῖν
1181 2168 1408 2230 ἐθέλοις,
1447 2168 1691 2236 ἀπόσχου
1743 2168 1963 2221 πάντων
2015 2167 2124 2219 τῶν

551 2261 764 2326 κακῶν,
801 2263 893 2314 καὶ
925 2261 1032 2314 τῶν
1069 2262 1252 2315 καλῶν
1283 2263 1510 2331 ἀντέχου
1539 2278 1553 2292 ο
1590 2261 1851 2314 ἀδύνατον
1886 2261 1994 2332 γὰρ
2025 2261 2122 2313 πέ-

553 2369 691 2420 φυκε
723 2353 818 2405 καὶ
841 2353 1103 2423 δυσχερὲς
1136 2353 1218 2415 είς
1262 2353 1408 2406 ἀπαν
1436 2353 1718 2422 φιλήδονον
1749 2351 2062 2422 ὑπάρχοντα
2091 2353 2124 2422 ἢ

553 2444 828 2509 κενόδοξον
883 2445 1021 2507 ὅλως
1061 2445 1339 2514 ἐπιτυχεῖν
1386 2444 1488 2512 τῆς
1538 2442 1773 2514 ἀληθοῦς
1824 2443 1970 2512 ζωῆς
2026 2443 2126 2512 τῆς

553 2534 796 2589 αἰωνίου.

625 2623 692 2690 ζ’.
726 2625 836 2679 Καὶ
880 2623 1054 2680 ταῦτα
1109 2626 1208 2698 μέν
1266 2643 1348 2682 σοι
1393 2625 1608 2699 ἔγραψα
1653 2626 1718 2680 ὲκ
1764 2627 1870 2681 τῶν
1915 2625 2126 2680 πολλῶν

549 2718 730 2785 ὀλίγα.
766 2720 836 2772 Σὺ
862 2719 970 2790 γὰρ
999 2720 1292 2774 ἐπίστασαι
1314 2721 1496 2781 καλῶς
1520 2721 1618 2790 τὴν
1644 2719 1782 2791 ἐμὴν
1811 2719 2121 2788 ἀγροικίαν.

555 2797 666 2864 Καὶ
694 2811 801 2881 γὰρ
838 2811 999 2864 πάλιν
1047 2812 1344 2881 ἐπείγομαι
1383 2814 1463 2875 είς
1504 2812 1761 2865 ὑπόθεσιν
1805 2813 1992 2881 ἀλλην,
2029 2812 2124 2881 δη-

553 2898 848 2968 λοποιῆσαι
870 2900 1129 2971 ἀμυδρῶς
1155 2901 1272 2964 πῶς
1303 2901 1545 2970 ὀφείλεις
1571 2901 1798 2969 διάγειν,
1824 2904 1905 2966 εἷς
1934 2902 2122 2970 εὐχὴν,

555 2992 634 3051 είς
669 2991 996 3060 ἐγκράτειαν
1017 2992 1110 3044 καὶ
1142 2991 1318 3062 ἀληθῆ
1365 2992 1641 3058 νηστείαν,
1689 2992 1769 3045 ἔτι
1800 2993 1856 3045 δὲ
1888 2994 2121 3058 δίαιταν,

2215 524 2449 588 modus,
2502 521 2770 592 siquidem
2817 530 2982 575 totum
3034 521 3090 574 hi
3161 521 3778 592 mundumrepudiave-

2215 624 2366 677 runt,
2395 619 2447 665 et
2475 610 2769 664 verendam
2811 624 2882 664 ac
2928 623 3176 677 magnam
3227 611 3597 664 austeritatem
3628 627 3782 666 exer—

2215 712 2360 758 cent.
2397 702 2600 756 Praiter
2623 701 2768 754 enim
2801 702 3055 755 mandata
3089 701 3319 768 desuper
3351 701 3573 771 scripta,
3611 704 3781 772 major

2217 797 2282 847 ab
2311 794 2442 861 ipsis
2475 791 2735 862 perfectio
2765 793 3093 862 rcquiretur,
3121 793 3438 846 omnimoda
3470 807 3784 864 paupertas.

2218 883 2502 953 virginitas
2533 883 2765 952 integra,
2798 883 3114 952 passionum
3149 883 3646 952 alimentorumque
3672 900 3786 938 mo-

2221 972 2449 1037 deratio,
2485 987 2747 1027 sensuum
2782 972 3285 1039 refrenatio,visus,
3313 972 3565 1038 olfactus,
3587 983 3786 1029 tactus.

2219 1065 2437 1120 auditus
2469 1075 2522 1118 et
2570 1075 2783 1134 gustus,
2830 1081 2858 1118 a
2895 1067 3056 1120 malis
3114 1067 3404 1132 custodia;
3447 1067 3787 1121 incessabilis

2218 1154 2543 1223 psalmodia,
2584 1156 2780 1225 vigilia:
2822 1158 3025 1222 multae,
3060 1158 3206 1211 humi
3238 1158 3481 1223 cubatio,
3520 1163 3789 1227 xerOpha-

2220 1245 2329 1316 gia,
2366 1261 2568 1316 corpus
2611 1247 2846 1312 illotum,
2873 1265 2993 1304 cum
3031 1250 3350 1306 mulieribus
3395 1253 3671 1308 eonvivari
3704 1253 3788 1306 vel

2221 1338 2442 1393 omnino
2475 1350 2656 1394 tenere
2695 1342 2988 1394 amicitiam
3031 1344 3213 1412 regula
3250 1344 3534 1398 monachis
3559 1359 3787 1413 prorsus

2222 1431 2516 1498 interdicit,
2579 1433 2779 1488 nedum
2837 1434 3204 1504 frequentare,
3239 1439 3322 1491 vel
3383 1438 3489 1492 iter
3539 1454 3661 1493 cum
3709 1440 3788 1494 eis

2223 1539 2405 1593 agerc,
2447 1540 2754 1596 puerosque
2777 1514 2924 1596 apud.
2955 1543 3014 1582 se
3049 1529 3396 1584 introducere
3436 1538 3532 1584 aut
3560 1530 3787 1585 omnino

2223 1617 2452 1686 singulis
2483 1632 2605 1671 cum
2641 1619 2871 1688 singulis
2920 1620 3152 1681 sociari,
3207 1621 3598 1684 contradicere,
3657 1637 3790 1676 con-

2227 1708 2412 1762 viciari
2443 1708 2525 1762 vel
2573 1710 2822 1764 censuris
2877 1709 3141 1765 lacessere
3176 1711 3506 1780 quibuslibet
3535 1714 3788 1768 ﬁdelibus

2229 1809 2492 1856 vetatur:
2536 1810 2745 1871 quanto
2782 1804 2954 1871 magis
2997 1804 3144 1858 illis?
3189 1805 3386 1860 Jurare
3426 1807 3508 1860 vel
3545 1806 3791 1876 pejerare

2226 1891 2387 1960 plane
2417 1891 2759 1960 prohibetur.
2823 1895 3046 1964 Argenti
3090 1896 3172 1950 vel
3215 1898 3300 1950 sui
3348 1907 3618 1951 amantem
3671 1913 3792 1952 esse

2227 1983 2553 2036 monachum
2617 1998 2724 2037 non
2798 1985 2944 2038 licet.
3017 1985 3122 2041 Sed
3179 1989 3368 2058 utquid
3434 1989 3792 2046 discurrendo

2228 2082 2442 2144 tempus
2473 2077 2834 2131 consumam?
2865 2076 2921 2131 Si
2970 2095 3193 2149 regnum
3229 2083 3492 2136 caelorum
3549 2082 3796 2137 obtinere

2227 2167 2410 2235 cupis,
2443 2167 2510 2220 ab
2530 2169 2786 2227 omnibus
2817 2172 2976 2226 malis
3005 2172 3236 2235 abstine,
3266 2183 3318 2227 et
3347 2174 3564 2229 cunctis
3595 2175 3794 2232 inhaare

2228 2256 2404 2311 bonis.
2457 2256 2694 2314 Prorsus
2755 2261 2897 2316 enim
2948 2270 3033 2317 est
3078 2262 3290 2316 difficile
3330 2262 3413 2318 vel
3466 2264 3796 2333 impossibile

2228 2349 2522 2419 voluptatis
2553 2359 2646 2405 aut
2675 2353 2861 2422 gloria:
2905 2353 3162 2424 cupidum
3198 2370 3377 2409 veram
3426 2365 3796 2429 aeternamque

2229 2438 2390 2490 vitam
2419 2439 2672 2508 adipisci.

2303 2619 2506 2678 Illaec
2567 2624 2783 2694 quidem
2816 2641 2878 2681 ex
2941 2627 3128 2681 multis
3180 2642 3351 2699 pauca
3409 2630 3502 2686 tibi
3553 2634 3795 2703 scripsi:

2235 2714 2347 2769 scis
2371 2715 2517 2768 enim
2557 2732 2729 2770 meam
2764 2719 3189 2789 simplicitatem.
3239 2722 3504 2778 Praeterea
3535 2728 3600 2779 ad
3648 2729 3796 2784 aliud

2239 2805 2490 2876 impellor
2526 2811 2908 2877 propositum,
2975 2811 3370 2882 aliquantisper
3424 2815 3799 2874 demonstrare

2230 2897 2502 2964 quomodo
2523 2900 2686 2952 vitam
2715 2900 3000 2956 instituere
3017 2903 3238 2967 debeas,
3264 2906 3443 2974 quoad
3472 2910 3796 2974 orationem,

2231 2989 2686 3054 temperantiam,
2726 3005 3026 3060 verumque
3079 2992 3370 3061 jejunium,
3430 3006 3591 3068 atque
3635 3000 3796 3056 etiam

556 3081 726 3150 φημὶ,
760 3083 946 3144 ἁπλῶς
977 3083 1072 3136 τοῦ
1105 3083 1228 3136 ὅλου
1252 3084 1467 3152 χρόνου,
1516 3083 1688 3153 ἀρχὴν
1713 3085 1806 3136 τοῦ
1846 3083 2002 3151 λόγου
2035 3083 2126 3136 θέο

2232 3078 2472 3145 quolibet
2531 3086 2776 3149 tempore
2809 3081 3237 3149 observantiam,
3269 3085 3488 3144 initium
3530 3094 3800 3146 sermoni;

559 3192 720 3245 μενος
768 3176 847 3237 είς
898 3176 1073 3248 ἀρχὴν
1113 3177 1212 3246 τῆς
1276 3175 1572 3227 ίνδείκτου’
1630 3175 1753 3227 ὅθεν
1811 3176 1904 3228 καὶ
1950 3175 2031 3228 δεῖ
2062 3191 2121 3227 σε

557 3265 804 3335 φυλακήν
833 3265 975 3335 ἔχειν
1004 3270 1060 3319 ἐν
1087 3269 1151 3336 τῇ
1196 3267 1438 3337 νηστείᾳ.
1471 3265 1562 3337 Μὴ
1595 3265 1850 3334 νηστείαν
1881 3265 1938 3318 δὲ
1967 3265 2125 3320 ποίαν

558 3358 702 3427 φημὶ
723 3358 832 3410 τῶν
855 3359 1080 3428 ἡμερῶν
1108 3359 1215 3411 τῶν
1232 3358 1346 3421 δύο,
1373 3359 1606 3428 τετράδα
1627 3358 1722 3410 καὶ
1749 3356 2127 3428 παρασκευὴν,

555 3447 633 3511 ῶς
655 3449 704 3501 οἱ
730 3450 974 3520 Πατέρες
994 3450 1252 3519 ἔφασκον,
1285 3450 1484 3520 ἰχθύων
1505 3467 1562 3502 τε
1586 3448 1912 3519 ἀπέχεσθαι,
1946 3448 2127 3500 ἐλαίου

558 3558 620 3592 τε
655 3542 748 3592 καὶ
771 3541 938 3607 οἴνου,
966 3540 1309 3612 ξηροφαγίαν
1329 3542 1548 3604 λύοντες
1578 3540 1724 3607 ἅπαξ
1749 3543 1806 3594 ἐν
1833 3543 1895 3611 τῇ
1926 3540 2092 3611 ἐνάτῃ
2113 3554 2126 3569 ⁸

560 3631 700 3686 ἀλλά
738 3649 801 3700 γε
852 3635 916 3685 σὺ
961 3633 1037 3697 ὡς
1073 3632 1306 3703 ἀσθενὴς
1358 3633 1488 3703 οἴνῳ
1539 3633 1705 3702 ὀλίγῳ
1738 3633 1940 3704 χρήσῃ.
1977 3632 2038 3684 Εἰ
2074 3631 2132 3684 δὲ

561 3725 659 3778 καὶ
686 3723 878 3776 τούτου
909 3724 1148 3795 δυνηθῇς
1196 3724 1498 3795 ἀπέχεσθαι
1528 3724 1632 3794 τὴν·
1649 3724 1868 3795 χρῆσιν,
1911 3722 2132 3774 πλείονα

565 3819 703 3887 σχῇς
747 3816 1017 3884 ὠφέλειαν
1040 3816 1138 3886 τὴν
1168 3815 1387 3886 ἐντολὴν
1423 3814 1739 3885 πληρώσας.
1767 3817 1827 3868 Ol
1864 3815 1996 3867 θεῖοι
2022 3813 2131 3884 γὰρ

561 3908 852 3961 ἀπόστολοι
891 3909 950 3961 ἐν
979 3907 1206 3968 ταύταις
1244 3911 1366 3970 ταῖς
1402 3907 1655 3978 ἡμέραις,
1688 3905 1822 3960 ἀλλά
1865 3922 1930 3973 γε
1966 3906 2059 3958 καὶ
2085 3905 2133 3957 οί

567 3997 684 4068 μετ’
726 3997 924 4058 αὐτοὺς
977 3997 1226 4066 θεοφόροι
1271 3998 1514 4066 Πατέρες
1559 3995 1844 4066 ἀκρίϐειαν
1889 3995 2134 4064 ὁρίζουσι

564 4089 805 4161 φοϐερὰν
850 4091 946 4142 καὶ
996 4090 1260 4160 μεγάλην,
1303 4089 1454 4159 ἄρτῳ
1482 4087 1578 4141 καὶ
1627 4088 1773 4158 μόνῳ
1813 4087 2133 4160 τρέφεσθαι,

564 4184 653 4239 ἀλί
683 4201 742 4236 τε
779 4184 870 4236 καὶ
902 4183 1178 4254 λαχάνοις,
1209 4183 1388 4236 καὶτὸ
1421 4184 1571 4252 πόμα
1603 4199 1665 4251 γε
1697 4181 1958 4245 ὡσαύτως
1993 4181 2136 4253 ὕδωρ

563 4276 662 4328 καὶ
695 4277 856 4346 μόνον
886 4275 1060 4342 ἔσται,
1094 4277 1143 4328 εί
1172 4278 1246 4345 μή
1283 4291 1384 4328 που
1417 4274 1483 4327 δι’
1511 4274 1800 4328 ἀσθένειάν
1823 4292 1904 4338 τις
1941 4275 2138 4328 ἀδυνά-

559 4387 672 4433 τως
703 4369 837 4439 ἔχει,
867 4369 994 4437 οἴνῳ
1024 4368 1189 4439 ὀλίγῳ
1235 4367 1518 4438 χρώμενος
1544 4369 1632 4420 διά
1657 4367 1757 4438 τὴν
1801 4368 2135 4439 ἀρρωστίαν.

2231 3183 2393 3222 orsus
2425 3169 2491 3223 de
2523 3171 2792 3240 principio
2831 3175 3182 3243 obligationis
3209 3194 3224 3231 :
3252 3182 3396 3232 unde
3433 3188 3484 3235 te
3523 3197 3706 3237 curam
3744 3186 3796 3239 in

2227 3255 2438 3328 jejunio
2463 3274 2665 3328 ponere
2706 3271 2940 3330 oportet,
2965 3280 3072 3318 non
3106 3266 3173 3318 de
3217 3266 3322 3320 hoc
3365 3268 3571 3336 jejunio
3605 3268 3801 3342 loquor

2232 3355 2464 3410 duarum
2519 3359 2755 3426 dierum,
2804 3371 2997 3432 quarta
3034 3373 3087 3418 et
3136 3379 3452 3434 parascevc,
3497 3378 3557 3424 ut
3609 3370 3802 3427 Patres

2230 3441 2506 3508 dicebant,
2571 3447 2812 3515 piscibus
2864 3450 3250 3506 abstinendum
3297 3451 3421 3509 esse
3460 3456 3690 3527 oleoque
3739 3476 3804 3513 ac

2234 3532 2383 3599 vino,
2411 3538 2796 3609 xcrophagiam
2848 3542 3230 3608 permittentes
3260 3552 3428 3598 semet
3483 3548 3547 3601 ad
3581 3565 3805 3604 nonam.

2235 3625 2314 3680 Tu
2341 3637 2537 3694 tamen,
2569 3639 2625 3684 ut
2668 3631 2891 3698 debilis,
2929 3648 3102 3702 pauco
3151 3635 3280 3689 vino
3333 3638 3522 3693 uteris.
3574 3639 3628 3693 Si
3677 3657 3804 3695 vero

2235 3718 2394 3775 istius
2428 3721 2548 3774 usui
2611 3732 2765 3791 potes
2820 3725 3154 3789 renuntiare,
3189 3728 3444 3795 majorem
3497 3730 3802 3796 utilitatem,

2236 3820 2454 3866 servato
2492 3825 2800 3886 prmcepto,
2838 3820 3127 3890 percipies.
3168 3820 3283 3876 Divi
3318 3823 3459 3877 enim
3493 3826 3720 3894 apostoli
3753 3828 3805 3880 in

2238 3902 2356 3956 istis
2408 3904 2621 3970 diebus,
2656 3916 2710 3960 et
2742 3917 2864 3976 post
2920 3910 3065 3978 ipsos
3106 3913 3439 3968 sanctissimi
3478 3914 3689 3981 Patres,
3748 3916 3804 3970 in

2240 3995 2342 4051 hoc
2403 4012 2658 4068 magnam
2716 4003 3202 4075 venerandamque
3291 4007 3674 4075 perfectionem
3737 4016 3812 4067 si-

2239 4095 2411 4151 stunt,
2444 4090 2561 4144 solo
2597 4106 2737 4161 pane
2778 4108 2903 4148 cum
2960 4095 3076 4150 sale
3137 4097 3610 4170 leguminibnsque
3643 4105 3807 4164 vesci.

2242 4179 2496 4236 simi:itcr
2525 4198 2624 4252 pro
2653 4191 2781 4252 potu
2841 4185 3012 4239 solam
3061 4201 3260 4254 aquam
3297 4189 3518 4252 habere,
3553 4191 3654 4246 nisi
3686 4196 3811 4262 quis

2241 4281 2460 4340 propter
2500 4274 2829 4329 debilitatem
2882 4291 2990 4328 non
3036 4277 3241 4341 valeat;
3292 4278 3380 4332 hic
3434 4280 3579 4332 enim
3635 4294 3810 4349 pauet;

2242 4360 2367 4414 vino
2408 4373 2628 4432 propter
2677 4363 3047 4417 infirmitatem
3083 4372 3291 4419 utatur.
3345 4366 3572 4421 (laeteris
3603 4377 3806 4434 autem,

563 4456 685 4509 Τῶν
714 4457 771 4509 δὲ
800 4456 1023 4520 λοιπῶν,
1051 4457 1124 4518 ὡς
1145 4457 1419 4525 γέγραφα,
1444 4457 1685 4528 ἀπόσχου
1710 4457 1942 4527 πάμπαν
1971 4457 2126 4520 ὅλως,

2239 4461 2296 4506 ut
2319 4455 2538 4523 scripsi.
2568 4471 2798 4526 prorsus
2831 4459 3134 4524 abstineas,
3167 4459 3269 4514 nisi
3306 4475 3412 4530 qua
3439 4461 3685 4515 debilitas
3719 4475 3812 4516 aut

564 4549 614 4598 εἰ
645 4547 719 4618 μή
757 4547 858 4599 πού
888 4565 974 4610 τις
1015 4547 1268 4600 ἀσθένεια
1303 4548 1584 4619 ἢάφορμὴ
1623 4549 1864 4613 ἐπέλθοι,
1900 4549 2014 4604 ἀλλ’
2041 4547 2134 4602 οὖν

565 4640 599 4708 ὴ
631 4639 727 4707 οὐχ
770 4638 843 4697 ὡς
874 4638 1088 4709 ἔτυχεν,
1135 4639 1250 4692 ἀλλ’
1303 4640 1576 4708 ἀναγκαία
1609 4640 1774 4693 πάνυ.
1822 4642 1932 4694 Καὶ
1959 4640 2133 4693 ταῦτα

564 4731 818 4799 γέγραφα
848 4731 1034 4792 ἁπλῶς
1068 4731 1197 4798 περὶ
1231 4731 1426 4793 παντὸς
1459 4731 1553 4783 τοῦ
1586 4731 1800 4801 χρόνον,
1829 4731 1977 4802 Αὕτη
2010 4730 2066 4783 δὲ
2100 4731 2133 4800 ἡ

566 4821 825 4891 ἀκρίϐεια
857 4822 966 4874 τῶν
1015 4823 1280 4891 νηστειῶν
1326 4823 1393 4893 ἢν
1440 4822 1659 4893 γράφω,
1690 4824 1748 4875 ού
1799 4823 1934 4894 πρὸς
1989 4824 2137 4893 ἡμᾶς

567 4916 692 4976 τοὺς
747 4916 1014 4985 ι-ιοναχοὺς
1070 4917 1390 4986 ἐγράφησαν
1423 4917 1520 4970 καὶ
1580 4917 1762 4985 μόνον’
1813 4915 1946 4968 ἀλλὰ
2001 4916 2139 4987 πρὸς

568 5005 778 5066 πάντας
800 5008 926 5068 τοὺς
955 5007 1181 5068 πιστοὺς
1207 5008 1298 5059 καὶ
1332 5006 1571 5077 Χριστοῦ
1597 5007 1692 5076 τῆς
1725 5006 1963 5076 μερίδος.
1995 5007 2139 5072 Πρὸς

568 5099 718 5166 ἡμᾶς
747 5097 804 5148 δὲ
841 5099 968 5160 τοὺς
999 5102 1266 5169 μοναχοὺς
1301 5103 1348 5154 οἱ
1375 5103 1521 5168 ἃγιοι
1554 5099 1794 5166 Πατέρες
1827 5097 2143 5165 μονοσιτίαν

567 5188 869 5256 γράφουσιν
910 5188 1056 5258 ἔχειν
1086 5191 1144 5242 τὸ
1181 5192 1302 5243 καθ’
1333 5193 1570 5261 ἡμέραν,
1610 5189 1862 5242 Σάϐϐατα
1896 5189 1992 5240 καὶ
2031 5189 2144 5240 Κυ-

572 5285 736 5351 ριακῇ
761 5280 854 5333 τοῦ
885 5282 958 5352 μὴ
986 5283 1268 5353 νηστεύειν
1298 5285 1455 5347 ὅλως.
1486 5284 1601 5336 Νῦν
1634 5277 1727 5335 οὖν
1754 5281 1940 5335 λοιπὸν
1963 5280 2142 5350 ἀπάρ-

571 5373 734 5442 ξομαι
765 5374 858 5426 τοῦ
899 5376 1132 5444 γράφειν
1161 5371 1262 5429 ὧδε
1302 5377 1484 5430 πάλιν.

643 5463 713 5536 η’.
748 5467 859 5529 Τάς
891 5467 1086 5534 ἑορτὰς
1123 5467 1188 5530 ἃς
1215 5469 1450 5538 λέγομεν
1479 5467 1814 5531 Δεσποτικάς
1859 5467 1910 5520 οί
1948 5465 2147 5527 πάντες

573 5556 668 5607 καὶ
699 5555 899 5626 λύομεν
933 5559 992 5609 ὲν
1029 5558 1201 5610 ἅπασι
1236 5560 1314 5620 είς
1362 5557 1565 5627 βρῶσίν
1599 5575 1656 5610 τε
1693 5559 1788 5610 καὶ
1823 5557 2003 5609 πόσιν.
2037 5555 2148 5607 Καὶ

574 5647 916 5714 πωτιθὲσθω
969 5651 1234 5718 πρότερον
1281 5649 1537 5720 γέννησις
1584 5651 1682 5720 τῆς
1734 5649 2014 5718 Παρθένου
2055 5649 2149 5700 καὶ

571 5740 835 5792 Θεοτόκου
869 5739 1081 5809 ἀληθῶς
1109 5740 1209 5810 τῆς
1229 5741 1504 5808 πανάγνου
1530 5740 1822 5810 Δεσποίνης
1844 5755 1857 5770 ⁸
1893 5739 2150 5801 ὡσαύτως

2237 4544 2340 4597 alia
2369 4560 2560 4612 causa,
2605 4564 2712 4601 non
2758 4560 2933 4603 autem
2973 4550 3388 4621 qualiscunque,
3444 4552 3537 4606 sed
3583 4554 3832 4607 omnium

2239 4639 2568 4702 necessaria,
2607 4642 2976 4708 superveniat.
3017 4640 3142 4696 Htec
3171 4652 3351 4696 autem
3395 4644 3551 4713 plane
3581 4645 3645 4698 de
3675 4660 3813 4714 quo—

2240 4729 2370 4782 libet
2390 4738 2634 4800 tempore
2672 4733 2883 4803 scripsi.
2913 4733 3015 4787 Ista
3049 4734 3522 4804 verojejuniorum
3551 4737 3812 4806 perfectio

2241 4822 2307 4874 de
2327 4838 2430 4892 qua
2450 4823 2666 4892 loquor,
2699 4842 2802 4877 non
2838 4826 2901 4878 ad
2923 4840 3019 4878 nos
3038 4835 3243 4880 tantum
3261 4829 3558 4880 monachos
3587 4827 3808 4886 directa.

2244 4920 2330 4964 est
2369 4913 2464 4966 sed
2493 4914 2559 4967 ad
2586 4929 2779 4967 omnes
2809 4915 3008 4967 Christi
3040 4915 3242 4970 fideles.
3271 4917 3380 4969 Nos
3412 4927 3589 4970 autem
3629 4931 3816 4969 manas

2249 4999 2385 5055 chos
2427 5002 2600 5056 sancti
2636 5003 2823 5057 Patres
2852 5004 3096 5057 scribunt
3154 5020 3318 5058 unam
3367 5006 3562 5058 habere
3605 5019 3814 5059 cmuam

2249 5095 2514 5160 quotidie,
2538 5109 2641 5148 non
2661 5093 2886 5149 Sautem
2918 5098 3127 5152 abbatis
3156 5107 3210 5150 et
3242 5095 3516 5150 Dominica
3541 5095 3812 5170 jejuvuare.

2247 5185 2451 5239 Caetera
2484 5201 2626 5240 nunc
2655 5187 2904 5256 incipiam
2936 5189 3210 5243 memoria:
3241 5188 3467 5243 tradere.

2321 5463 2372 5516 8.
2407 5461 2750 5518 Festivitates
2788 5478 2925 5533 quas
2975 5476 3230 5516 vocamus
3248 5459 3578 5526 Dominicas,
3607 5478 3821 5532 semper

2253 5557 2491 5612 adesum
2560 5565 2612 5611 et
2652 5565 2837 5626 potum
2886 5556 3150 5609 habemus
3197 5553 3425 5609 solutas.
3466 5553 3822 5623 Praeponatur

2255 5650 2431 5719 primo
2463 5645 2732 5701 Nativitas
2764 5645 3004 5716 Virginis
3031 5653 3086 5699 et
3138 5661 3265 5700 vere
3301 5644 3561 5714 Deiparte,
3589 5650 3823 5701 sanctis-

2257 5743 2407 5798 sima:
2445 5738 2723 5804 Dominae;
2759 5737 3005 5794 similiter
3037 5738 3181 5794 illius
3219 5738 3282 5792 ad
3317 5738 3577 5800 templum
3613 5737 3820 5790 Domini
