4088 6208
298 347 412 409 Βύθ

1448 351 1757 412 N’ICOLAI
1798 350 1911 411 (ΣΡ.
1955 350 2235 409 ΡΑΤΙίΙΑ
2248 349 2472 409 RCIL’E

3461 343 3564 407 4'30

304 454 687 526 praesentatio;
716 468 902 528 postea
936 460 1148 515 Domini
1169 460 1271 513 mei
1296 459 1564 515 Nativitas
1587 460 1887 517 secundum

1997 461 2195 526 εἴσοδος
2226 464 2397 534 αὐτῆς
2431 462 2511 524 είς
2537 457 2664 514 ναὸν
2688 457 2781 511 τοῦ
2805 458 3010 530 Κυρίου
3038 478 3049 491 ·
3081 458 3316 529 λοιπὸνὴ
3348 456 3441 511 τοῦ
3472 460 3566 510 Δε-

303 568 567 620 earnem;
605 569 800 609 rursus
826 553 975 608 illius
1017 565 1237 625 propter
1269 571 1369 610 nos
1431 557 1676 626 perditos
1715 555 1881 625 bapti-

307 645 557 709 smus,ad
590 645 962 699 renovandum
985 660 1083 699 nos
1110 647 1161 698 in
1185 645 1443 701 Jordanis
1470 644 1713 714 ﬂuentis;
1732 648 1881 718 ejus-

304 734 422 785 dem
460 733 515 785 in
550 742 799 787 sanctum
825 733 1086 803 templum
1111 735 1656 804 pra:sentatio,quam
1687 750 1880 791 omnes

292 823 603 878 {incursum
628 824 838 878 Domini
866 825 1316 880 vocamus-Adde
1330 841 1492 895 super
1517 826 1738 881 Thabor
1764 828 1882 882 vul-

308 924 394 964 tus
414 914 869 968 illuminationetn
897 930 910 967 :
935 914 1013 968 sic
1029 914 1391 984 enimjtlhristi
1434 916 1675 970 divinam
1696 925 1880 973 trans-

310 1003 686 1073 ﬁgurationem
723 1004 975 1059 dicimus.
1011 1004 1375 1060 Immaculata:
1428 1008 1522 1061 Dei
1567 1007 1755 1063 Matris
1795 1023 1884 1063 se-

300 1098 543 1151 cundum
566 1112 785 1150 carnem
807 1095 1093 1160 Dormitio,
1123 1098 1349 1151 illustris
1391 1097 1761 1171 mirabilisque
1783 1100 1885 1154 mi-

311 1189 506 1258 gratio,
540 1198 668 1242 ante
704 1204 866 1257 quam
898 1187 1172 1257 jejunium
1209 1190 1472 1243 canonice
1508 1200 1882 1246 consecratur.

311 1280 642 1349 Principium
659 1289 712 1333 et
733 1279 893 1333 ﬁnem
924 1279 1247 1332 venerandae
1303 1278 1611 1346 divinaque
1637 1280 1886 1349 Deiparze

311 1372 605 1440 Matrisque
651 1371 863 1425 Domini
940 1368 1263 1424 festivitates
1316 1381 1721 1440 sumpserunt:
1778 1373 1886 1424 ini-

311 1466 447 1518 tium
483 1463 645 1517 habet
675 1462 966 1528 Nativitas,
1033 1460 1512 1530 ﬁneijormitio.
1572 1462 1665 1517 His
1696 1463 1888 1532 adjun-

313 1566 512 1626 gantur
564 1556 673 1609 duo
746 1555 1108 1610 Praecursoris
1158 1554 1318 1620 festa,
1358 1556 1477 1625 ejus
1554 1556 1886 1611 honorabilis

296 1651 652 1719 ‘illustrisque
683 1648 963 1712 nativitas,
1012 1656 1178 1717 atque
1208 1647 1397 1716 iniqua
1425 1648 1624 1717 capitis
1654 1648 1886 1702 obtrun-

314 1744 477 1798 ratio.
509 1742 719 1809 Quibus
744 1741 969 1810 adjicies
992 1739 1124 1796 festa
1156 1740 1465 1795 divinorum
1491 1742 1885 1810 apostolorum,

1992 556 2198 609 σπότου
2234 573 2335 622 μου
2374 554 2628 623 γέννησις
2671 550 2815 604 κατὰ
2854 551 3070 621 σάρκω
3104 554 3136 622 ἡ
3181 551 3371 604 τούτου
3405 549 3566 603 πάλιν

1992 648 2247 718 βάπτισις
2276 648 2343 700 δι’
2371 649 2520 716 ἡμᾶς
2566 646 2694 708 τώς
2730 642 3060 713 φθαρέντας,
3095 643 3443 699 ἀνακαινίσαι
3478 641 3570 694 θέο

1989 741 2176 804 λοντος
2201 742 2258 793 ἐν
2285 739 2523 809 ῥείθροις
2560 737 2830 810 Ἰορδάνου
2857 753 2870 767 ·
2905 739 2938 806 ἡ
2974 735 3166 790 τούτου
3198 732 3455 798 εἰσένεξις
3488 733 3568 794 είς

1992 830 2120 885 ναόν
2143 848 2203 883 τε
2231 830 2323 883 τὸν
2342 829 2504 893 θεῖον,
2529 830 2596 901 ἢν
2617 829 2814 892 πάντες
2841 826 3186 898 ὀνομάζομεν
3210 822 3570 888 ’Υπαπαντὴν

1991 925 2200 995 Κυρίου
2228 939 2242 955 ·
2294 924 2391 977 σὺν
2429 922 2655 984 ταύταις
2682 922 2714 991 ἡ
2740 922 2798 973 ἐν
2834 921 2910 992 τῷ
2950 920 3151 990 Θαϐὼρ
3177 916 3435 989 ἕλλαμψις
3467 914 3564 968 τοῦ

1992 1014 2309 1084 προσώπου·
2336 1012 2591 1084 ΔΧριστοῦ
2638 1013 2747 1082 γὰρ
2789 1013 2965 1079 οὓτως
2997 1010 3234 1080 λέγομεν
3280 1005 3563 1078 μεταμόρ-

1993 1122 2167 1175 φωσιν
2199 1104 2371 1158 Θείαν.
2399 1106 2511 1175 Τῆς
2542 1105 2891 1175 παναμώμου
2926 1103 3020 1157 καὶ
3053 1099 3276 1174 Μητρὸς
3297 1097 3394 1152 τοῦ
3427 1095 3563 1149 Θεοῦ

1992 1194 2135 1247 κατὰ
2170 1194 2351 1263 σάρκα
2395 1195 2426 1264 ἡ
2458 1194 2720 1261 κοίμησις
2746 1208 2760 1223 °
2794 1196 2827 1263 ἡ
2869 1192 3079 1256 ἔνδοξος
3110 1191 3205 1244 καὶ
3251 1189 3374 1259 ξένη
3405 1188 3567 1255 ἐκδη-

1997 1286 2128 1356 μία,
2156 1288 2212 1338 ὲν
2252 1281 2539 1359 ᾖνηστεία
2589 1286 2697 1354 πρὸ
2747 1285 2917 1355 αὐτῆς
2966 1282 3267 1344 κανονικῶς
3309 1280 3566 1340 τελεῖται.

1994 1376 2169 1448 ἀρχὴν
2193 1378 2285 1428 καὶ
2306 1377 2458 1439 τέλος
2480 1377 2768 1446 εἴληφασιν
2798 1376 2853 1430 αί
2883 1375 3135 1444 πάντιμοι
3173 1373 3269 1426 καὶ
3298 1370 3439 1425 θεῖαι
3468 1368 3569 1438 τῆς

1994 1468 2257 1522 Θεοτόκου
2326 1470 2514 1539 ἑορταὶ
2545 1473 2640 1523 καὶ
2678 1469 2900 1539 Μητρὸς
2962 1467 3059 1521 τοῦ
3086 1463 3294 1536 Κυρίου
3348 1478 3364 1495 ·
3395 1461 3569 1533 ἀρχὴν

1995 1560 2151 1631 ἔσχεν
2185 1562 2218 1630 ἡ
2243 1559 2520 1630 γέννησις,
2552 1563 2584 1630 ἡ
2614 1563 2873 1631 κοίμησις
2903 1558 2961 1612 τὸ
2982 1558 3151 1620 τέλος.
3187 1554 3567 1629 Προσκείσθω-

1998 1670 2096 1705 σκν
2124 1653 2319 1715 αὑταῖς
2342 1653 2529 1707 λοιπὸν
2562 1654 2618 1706 αἱ
2654 1653 2746 1705 δύο
2778 1651 2872 1705 τοῦ
2917 1650 3261 1721 Προδρόμου,
3297 1648 3329 1718 ἠ
3369 1645 3565 1714 γέννη-

1999 1763 2081 1808 σις
2112 1748 2145 1815 ἡ
2180 1746 2449 1816 πάντιμος
2480 1746 2576 1799 καὶ
2621 1744 2923 1813 παράδοξος
2954 1743 3144 1808 ὅντως,
3191 1742 3293 1810 τῆς
3320 1737 3569 1807 κεφαλῆς

298 1835 764 1904 ’τΡδιιιὶρινειξοοηίε
791 1840 846 1886 et
900 1831 1171 1902 Coryphaei
1226 1816 1369 1884 Petri
1420 1832 1535 1901 :|in
1592 1833 1674 1886 his
1726 1832 1890 1903 igitur

1997 1839 2024 1908 ἡ
2058 1838 2266 1908 ἐκτομὴ
2292 1840 2357 1909 ἢν
2391 1838 2598 1907 ὑπέστη
2649 1838 2873 1899 ἀδίκως.
2919 1833 3307 1902 Ἐπισυνάψεις
3351 1824 3443 1883 οὖν
3476 1829 3569 1882 αύ-

315 1928 492 1989 festis,
517 1927 716 1994 quibus
769 1924 1008 1979 occurrit
1061 1931 1256 1993 quarta
1315 1923 1395 1977 vel
1453 1932 1607 1978 sexta
1640 1924 1780 1989 dies,
1834 1923 1880 1977 si

316 2019 568 2071 relaxare
600 2016 1107 2085 libet,pulmeutum
1132 2015 1421 2084 oleumque
1453 2016 1629 2070 solum
1669 2015 1890 2070 adhibe.

323 2110 380 2163 Si
411 2110 493 2164 vis
516 2119 570 2164 et
598 2122 935 2173 caseum,me
967 2106 1174 2176 judice,
1196 2116 1429 2176 quatuor
1462 2116 1672 2161 tantum
1714 2123 1896 2161 come—

316 2204 413 2256 des
465 2200 876 2264 festivitatibus,
938 2200 1237 2254 Nativitatc
1284 2198 1512 2263 Christi,
1561 2196 1891 2266 Epiphania,

318 2293 771 2357 Prtesentatione,
795 2304 845 2347 et
866 2289 1464 2363 Transﬁguralione.‘ln
1485 2291 1714 2356 ueteris,
1734 2290 1896 2359 pisci-

318 2386 423 2440 bus
454 2394 509 2440 et
535 2384 663 2437 vino
691 2392 981 2438 contentus
1010 2397 1148 2439 esw.
1175 2382 1289 2436 Non
1321 2389 1502 2436 autem
1534 2382 1775 2451 regulam
1801 2391 1897 2435 aut

322 2477 495 2547 legem
568 2476 880 2540 statuimus,
937 2484 1031 2529 aut
1120 2475 1272 2544 juxta
1349 2484 1592 2529 tenorem
1668 2472 1894 2527 Patrum

317 2568 532 2638 loquor,
563 2570 655 2623 sed
686 2567 986 2624 secundum
1023 2567 1355 2622 debilitatem
1387 2574 1629 2620 nostram
1688 2566 1895 2621 scribo.

1991 1933 2117 1993 ταῖς
2146 1929 2255 1983 τῶν
2282 1931 2444 1983 θείων
2486 1929 2827 1991 ἀποστόλων,
2858 1926 3073 1980 Παύλου
3110 1922 3255 1994 φημὶ
3276 1920 3372 1974 τοῦ
3401 1920 3574 1989 κήρυ-

1995 2040 2109 2084 κος,
2146 2024 2242 2075 καὶ
2295 2021 2389 2074 τοῦ
2444 2020 2748 2091 κορυφαίου
2794 2019 3026 2089 Πέτρου.
3073 2016 3162 2070 Ἐν
3210 2013 3433 2075 ταύταις
3480 2007 3574 2064 οὖν

1994 2118 2115 2177 ταῖς
2151 2116 2370 2182 ἑορταῖς
2419 2115 2468 2165 εί
2508 2113 2724 2184 μέλλεις
2758 2112 3075 2175 καταλύειν.
3115 2111 3171 2162 ἓν
3216 2104 3304 2170 αἷς
3337 2107 3573 2174 ὑπάρχει

1994 2209 2027 2276 ή
2056 2207 2254 2276 τετρὰς
2302 2205 2411 2258 τῶν
2452 2204 2677 2276 ἡμερῶν
2718 2204 2749 2273 ἢ
2794 2204 2953 2272 ἕκτη,
2982 2202 3211 2273 ὀψάριον
3254 2201 3347 2252 καὶ
3395 2197 3574 2250 ἔλαιον

1996 2298 2235 2352 κατάλυε
2266 2300 2359 2352 καὶ
2393 2299 2573 2368 μόνον.
2605 2298 2668 2350 Εἰ
2696 2297 2752 2350 δέ
2781 2314 2845 2365 γε
2880 2296 3059 2358 θέλεις
3082 2294 3177 2347 καὶ
3204 2292 3391 2361 τυρὸν,
3421 2288 3573 2342 οὐδέν

2000 2411 2091 2463 μοι
2136 2394 2415 2464 διαφέρειν
2446 2394 2504 2445 ἐν
2556 2393 2749 2463 μόναις
2775 2391 2869 2444 καὶ
2914 2391 3037 2453 ταῖς
3072 2388 3372 2457 τέσσαρσιν
3400 2383 3574 2444 οὕτως

1998 2481 2333 2555 ἑστιαθήσῃ·
2387 2482 2442 2535 ἕν
2494 2498 2552 2534 τε
2606 2481 2857 2550 γεννήσει
2911 2477 3002 2532 τοῦ
3041 2474 3283 2547 Χριστοῦ
3328 2471 3571 2527 καὶτῶν

2000 2572 2349 2640 Θεοφανίων’
2387 2574 2479 2624 καὶ
2517 2572 2621 2643 μὴν
2647 2572 2742 2624 καὶ
2772 2572 2838 2641 τῇ
2882 2570 3205 2640 ’Υπαπαντῇ
3246 2566 3343 2618 σὺν
3371 2567 3438 2635 τῇ
3476 2579 3573 2631 με·

314 2661 671 2730 ταμορφώσει
695 2678 707 2691 ·
736 2663 831 2715 καὶ
861 2663 981 2723 ταῖς
1011 2660 1230 2723 λοιπαῖς
1258 2658 1563 2730 ἀρκέσοητι
1590 2660 1671 2723 εἰς
1701 2660 1892 2729 ἰχθύας
1929 2664 2024 2717 καὶ
2074 2661 2238 2719 οἶνον.
2288 2665 2431 2718 Ἀλλ’
2494 2665 2566 2728 ὡς
2601 2664 2661 2717 ού
2711 2662 3106 2727 κανονίζοντες,
3182 2658 3303 2711 ούδὲ
3345 2654 3570 2725 νομοθε-

314 2752 557 2818 τοῦντες,
588 2754 707 2808 οὐδὲ
736 2757 871 2825 πρὸς
901 2756 1000 2824 τὴν
1034 2752 1321 2822 ἀκρίϐειαν
1390 2753 1488 2824 τὴν
1523 2753 1633 2805 τῶν
1699 2754 1959 2826 Πατέρων
1996 2758 2161 2827 λέγω,
2214 2758 2351 2814 ἀλλὰ
2420 2757 2556 2828 πρὸς
2607 2758 2707 2828 τὴν
2775 2754 3066 2808 ἀσθένειαν
3127 2752 3225 2823 τὴν
3285 2749 3568 2821 ἡμετέραν

316 2845 536 2916 γράφω.

388 2940 706 2995 9.(ὶαιιοιτιδ
740 2944 920 2991 autem
971 2934 1298 2989 festivitates
1354 2935 1410 2988 in
1464 2933 1665 3002 quibus
1717 2936 1890 2988 otium

314 3041 418 3095 est,
444 3031 703 3085 horarum
734 3036 787 3082 et
812 3029 1013 3097 operis,
1044 3039 1096 3082 et
1128 3041 1251 3098 quae
1291 3026 1401 3082 sint
1433 3027 1572 3092 istae,
1613 3028 1745 3082 mihi
1774 3026 1888 3097 jam

316 3132 400 3178 est
452 3119 879 3191 computandum
933 3136 949 3175 :

316 3213 521 3269 Christi
551 3212 917 3277 consortium,
970 3211 1336 3277 admirabilis,
1372 3212 1689 3267 honoranda
1748 3211 1890 3265 divi-

318 3321 496 3378 naque
524 3305 819 3373 duodecas,
876 3314 931 3360 et
980 3306 1203 3361 fortium
1257 3315 1561 3375 martyrum
1591 3345 1605 3368 ,
1656 3318 1890 3373 quorum

320 3400 592 3470 praecipua
637 3408 721 3453 est
753 3396 1039 3462 memoria,
1100 3411 1319 3466 unaque
1352 3395 1672 3467 pontillcum
1706 3411 1895 3451 sacro-

322 3504 550 3559 rumque
582 3499 881 3559 martyrum
918 3488 1318 3541 monachorum
1373 3485 1465 3555 qui
1514 3484 1725 3540 caeteris
1757 3499 1892 3553 prte-

290 3582 542 3644 ’cellttnt,
569 3591 787 3633 caterva
814 3594 829 3632 :
856 3579 909 3632 in
932 3579 1018 3633 his
1053 3577 1216 3648 igitur
1248 3576 1404 3631 festis
1430 3575 1888 3645 solvejejunium;

316 3672 387 3725 ad
416 3685 572 3725 esum
605 3670 782 3724 solum
808 3669 1013 3733 oleum,
1042 3676 1096 3721 et
1126 3667 1309 3719 vinum
1337 3666 1405 3720 ad
1449 3673 1635 3735 potum
1670 3665 1891 3729 adhibe,

321 3762 415 3816 sed
464 3759 601 3813 nihil
661 3758 810 3812 aliud
865 3758 918 3811 in
983 3757 1067 3811 his
1110 3757 1304 3811 diebus
1359 3755 1558 3818 deliba,
1616 3754 1720 3808 nisi
1777 3754 1892 3808 sola

324 3850 775 3908 Anuuntiationis
831 3849 1131 3904 festivitate
1191 3866 1207 3903 :
1268 3848 1635 3903 venerandam
1715 3854 1894 3899 autem

326 3943 810 4013 honorandamque
858 3958 1111 4013 magnam
1176 3941 1596 4007 hebdomadam,
1637 3954 1758 4008 quae
1794 3940 1896 3993 Ι)οο

295 4035 459 4090 ·ιηὶηἰ
489 4033 826 4090 salutiferam
871 4034 1184 4103 passionem
1231 4032 1414 4096 habet,
1487 4030 1637 4086 velut
1688 4030 1894 4084 nullam

325 4128 617 4193 aliam,sic
640 4137 690 4180 te
718 4133 932 4195 oportet
982 4124 1296 4188 observare,
1349 4124 1633 4192 semelque
1684 4131 1895 4177 tantum

326 4222 382 4272 in
432 4219 534 4273 hac
575 4216 915 4271 hebdomada
970 4216 1255 4279 relaxare,
1323 4215 1370 4271 si
1424 4215 1478 4269 in
1534 4230 1640 4269 una
1685 4213 1896 4268 dierum

326 4310 623 4365 festivitate
658 4309 937 4375 occurrit;
990 4306 1345 4362 festivitatem
1376 4318 1556 4362 autem
1595 4306 1740 4361 illam
1775 4305 1898 4360 dico

323 4417 444 4471 qum
502 4408 665 4471 caput
721 4401 1008 4465 omnium,
1065 4399 1121 4453 in
1182 4415 1288 4468 qua
1351 4397 1592 4468 Virginis
1652 4398 1897 4468 Deiparae

2071 2933 2135 2988 ϐ’.
2176 2934 2287 2995 Τὰς
2332 2933 2389 2986 δὲ
2437 2934 2627 2995 λοιπὰς
2667 2934 2774 2986 τῶν
2815 2933 3019 3005 ἑορτῶν
3065 2925 3151 2994 αἷς
3196 2931 3563 3001 ὲστιν⁸ἀργία.

1998 3024 2201 3096 ἀργίαν
2227 3025 2283 3078 δὲ
2313 3025 2474 3080 ποίαν
2504 3025 2646 3096 φημὶ
2675 3024 2780 3078 τῶν
2808 3024 2965 3094 ὡρῶν
2994 3024 3086 3078 καὶ
3119 3023 3213 3076 τοῦ
3246 3022 3406 3092 ἔργου
3429 3038 3442 3050 ·
3475 3020 3567 3073 καὶ

1003 3119 1383 3191 apostolorum
1433 3130 1793 3190 augustorum
1839 3129 1891 3175 ct

1997 3118 2143 3183 τίνες
2177 3118 2235 3172 δὲ
2285 3119 2646 3190 ὑπάρχουσιν,
2685 3116 3087 3189 ἀπαριθμῶμαι
3134 3117 3259 3186 ἤδη.
3288 3114 3408 3169 Τῶν
3437 3114 3571 3168 ἀπο-

1997 3210 2202 3263 στόλων
2240 3209 2350 3264 τῶν
2380 3209 2594 3262 σεπτῶν
2634 3210 2728 3262 καὶ
2762 3207 2985 3278 μυστῶν
3009 3207 3104 3260 τοῦ
3139 3204 3373 3275 Κυρίου,
3406 3206 3438 3274 ἡ
3470 3203 3571 3257 δω-

1994 3304 2157 3368 δεκάς
2187 3305 2220 3374 ὴ
2265 3302 2559 3372 θαυμαστὴ
2588 3302 2685 3353 καὶ
2718 3301 2986 3371 πάντιμος
3030 3299 3125 3352 καὶ
3166 3298 3307 3365 θεία,
3341 3297 3435 3349 καὶ
3460 3296 3572 3349 τιῐν

1999 3392 2297 3465 μαρτύρων
2326 3391 2435 3444 τῶν
2484 3390 2751 3461 στερρῶν,
2784 3383 2858 3443 ὧν
2881 3388 3079 3458 ἐξόχως
3098 3387 3168 3440 ἀἱ
3202 3388 3433 3458 μνῆμαι,
3471 3386 3571 3438 σὺν

1994 3488 2207 3550 τούτοις
2249 3486 2357 3540 τῶν
2396 3484 2668 3557 ἱεραρχῶν
2716 3484 2811 3537 καὶ
2847 3479 3264 3552 ἱερομαρτύρων
3311 3478 3568 3548 ἀσκητῶν

1996 3582 2030 3650 ἡ
2068 3580 2340 3651 ὁμήγυρις
2378 3578 2720 3648 προεχόντων
2740 3573 2848 3628 τῶν
2870 3573 3064 3628 ἄλλων.
3108 3573 3197 3625 Ἐν
3218 3571 3446 3634 ταύταις
3476 3566 3569 3624 οὖν

1995 3672 2119 3733 ταῖς
2148 3669 2364 3738 ἑορταῖς
2395 3666 2556 3720 ἔκλυε
2590 3666 2691 3736 τὴν
2712 3663 2983 3735 ξνηστείαν
3007 3678 3023 3694 ⁶
3058 3662 3139 3724 είς
3163 3660 3369 3731 βρῶσιν
3409 3660 3569 3731 μόνον

1997 3766 2179 3820 ἔλαιον
2212 3764 2310 3817 καὶ
2356 3765 2435 3826 εἰς
2473 3763 2573 3834 τὴν
2610 3761 2770 3815 πόσιν
2795 3755 2960 3823 οἶνον,
2987 3757 3115 3813 ἄλλο
3140 3757 3196 3810 δέ
3234 3774 3287 3810 τι
3330 3756 3408 3827 μὴ
3437 3755 3572 3825 ἅψαι

1998 3859 2057 3912 ἐν
2092 3856 2317 3917 ταύταις
2350 3855 2469 3915 ταῖς
2498 3852 2755 3922 ἡμέραις,
2795 3852 2844 3902 εί
2894 3848 2969 3920 μὴ
3008 3847 3102 3902 τοῦ
3154 3846 3571 3916 Εὐαγγελισμοῦ

1997 3947 2097 4020 τὴν
2128 3946 2323 4017 ἑορτὴν
2358 3948 2453 3998 καὶ¹
2486 3944 2678 4015 μόνην.
2711 3943 2823 4010 Τὴν
2855 3942 2909 3994 δὲ
2940 3941 3143 4012 σεπτὴν
3184 3940 3275 3994 καὶ
3304 3938 3573 4008 πάντιμον

2002 4038 2250 4109 μεγάλην
2298 4035 2586 4107 ἐόδομάδα,
2624 4034 2699 4097 ὡς
2729 4031 2824 4087 τοῦ
2868 4030 3074 4101 Κυρίου
3108 4030 3337 4100 ἔχουσαν
3374 4028 3435 4081 τὸ
3469 4044 3573 4080 σωο

2001 4132 2190 4201 τήριον
2214 4128 2407 4192 πάθος,
2435 4125 2608 4189 οὕτως
2644 4141 2702 4177 σε
2728 4125 2809 4179 δεῖ
2836 4123 3177 4193 φυλάξασθαι
3214 4122 3289 4186 ὠς
3314 4121 3572 4192 οὐδεμίαν

1999 4223 2191 4293 ἄλληνο
2220 4220 2369 4285 ἆτταξ
2395 4221 2489 4272 καὶ
2515 4219 2677 4289 μόνον
2706 4217 2865 4271 λῦσαι
2890 4216 2972 4269 δεῖ
2997 4219 3062 4287 τῇ
3090 4215 3342 4286 ὲΰδομάδι
3374 4216 3568 4287 ταύτῃ,

2003 4317 2051 4369 εί
2079 4317 2134 4367 ὲν
2169 4315 2269 4385 μιᾷ
2298 4312 2404 4367 τῶν
2430 4311 2654 4383 ἡμερῶν
2687 4312 2845 4382 ἑορτῇ
2894 4311 3222 4381 ἀπαντήσει.
3266 4310 3494 4380 Ἐορτὴν
3516 4310 3571 4362 δὲ

2004 4407 2165 4460 ποίαν
2200 4406 2361 4475 φημὶ,
2405 4404 2502 4474 τὴν
2541 4402 2784 4472 κεφαλὴν
2817 4402 3096 4468 ἁπάντων,
3141 4404 3198 4454 ὲν
3291 4403 3318 4454 ό
3343 4403 3573 4470 εὐαγγε-

321 4493 627 4547 celebratur
671 4491 1053 4557 Annuntiatio;
1114 4506 1222 4544 non
1246 4499 1423 4545 tamen
1452 4491 1647 4559 pisces,
1682 4498 1741 4543 ut
1768 4488 1891 4556 qui-

2002 4499 2196 4568 λισμὲς
2242 4498 2342 4565 τῆς
2391 4495 2656 4549 Θεοτόκου
2712 4495 2925 4565 Κόρηςσ
2963 4494 3077 4547 ἀλλ’
3127 4495 3227 4547 ούκ
3266 4493 3455 4563 ἰχθύας
3499 4492 3573 4556 ῶς

320 4589 470 4651 dam,
502 4584 831 4647 adhibendo,
895 4582 988 4637 sed
1044 4582 1222 4637 oleum
1281 4592 1337 4636 et
1398 4583 1605 4637 vinum.
1660 4579 1896 4635 Caeteras

324 4687 506 4733 autem
569 4677 686 4731 dies
738 4689 1206 4745 supervacaneum
1283 4683 1366 4728 est
1429 4673 1753 4744 designare;
1814 4671 1900 4726 vel

322 4771 525 4841 petius,
549 4768 594 4821 si
632 4776 808 4835 potes,
849 4768 1063 4821 duabus
1095 4765 1258 4820 simul
1285 4765 1579 4834 adjunetis,
1606 4779 1899 4834 paraseeve

317 4876 371 4919 et
431 4862 669 4917 Sabbato
697 4861 904 4928 absque
962 4860 1086 4933 cibo
1148 4872 1493 4926 permaneas,
1527 4870 1704 4927 usque
1765 4857 1894 4909 dum

319 4970 477 5011 sacra
504 4952 725 5022 liturgia
755 4950 918 5004 finem
953 4951 1148 5005 habeat
1179 4960 1231 5003 et
1281 4960 1413 5003 tunc
1444 4963 1666 5014 vescere
1695 4947 1900 5018 gratias

316 5064 482 5115 agens
552 5045 805 5098 Domino.
862 5041 1001 5097 Ecce
1054 5041 1370 5111 supervenit
1420 5041 1538 5096 dies
1582 5039 1898 5101 adoranda,

323 5137 530 5192 Christi
590 5134 951 5200 resurrectio,
983 5130 1221 5187 fidelium
1273 5132 1510 5187 laetitia:
1574 5130 1900 5198 proculcatts

325 5229 471 5283 enim
505 5237 738 5283 mortem
773 5233 833 5279 ut
867 5225 1010 5279 Deus
1035 5234 1090 5278 et
1121 5225 1409 5288 Dominus,
1464 5225 1705 5279 surrexit
1743 5223 1897 5276 tertia

325 5319 413 5373 die
465 5321 609 5374 sicut
666 5320 794 5374 olim
854 5318 1201 5388 praedixerat.
1254 5318 1403 5371 Exue
1455 5318 1624 5387 igitur
1681 5325 1735 5371 et
1786 5317 1900 5385 ipse

320 5409 612 5476 lugubrem
642 5420 853 5465 vestem
878 5419 931 5465 et
959 5409 1226 5479 jejunium
1260 5424 1412 5463 cessa
1442 5427 1454 5462 :
1499 5424 1606 5463 non
1632 5416 1715 5463 est
1749 5409 1892 5462 enim

318 5495 610 5567 jejunium,
661 5502 755 5556 sed
799 5502 1089 5557 exsultatio
1137 5501 1508 5571 gaudiumque
1559 5501 1705 5571 quod
1746 5515 1893 5554 nunc

320 5590 604 5645 monachis
631 5595 909 5650 convenit.

391 5682 480 5737 10.
508 5680 619 5737 Hoc
641 5681 695 5736 in
731 5684 851 5738 loco
880 5687 1084 5757 aliquid
1117 5703 1185 5742 ex
1214 5687 1644 5756 sapientissimis
1675 5688 1889 5744 aureis-

321 5788 426 5841 que
455 5773 833 5835 Chrvsosmmi
874 5780 1221 5835 sermonibus
1263 5793 1557 5849 excerpere
1590 5780 1711 5835 volo
1743 5783 1885 5837 :etsi

1999 4608 2168 4654 τινες,
2227 4589 2342 4641 ἀλλ’
2384 4588 2563 4641 ἔλαιον
2615 4587 2708 4641 καὶ
2763 4583 2927 4643 οἶνον.
2975 4585 3085 4648 Τὰς
3131 4586 3187 4639 δὲ
3232 4587 3424 4648 λοιπὰς
3462 4586 3573 4639 τῶν

2006 4683 2232 4754 ἡμερῶν
2296 4682 2568 4753 παρέλκον
2620 4681 2737 4735 ἐστὶ
2777 4680 3034 4752 γράφειν.
3066 4680 3285 4734 Μᾶλλον
3319 4681 3419 4749 μὲν
3457 4680 3570 4744 οὖν,

2001 4777 2050 4828 εί
2076 4775 2321 4837 δύνασαι,
2373 4774 2468 4836 τὰς
2500 4773 2593 4825 δύο
2642 4788 2733 4841 μοι
2761 4772 3026 4841 συνάψας,
3078 4771 3439 4841 παρασκευὴν
3481 4772 3573 4824 καὶ

2002 4866 2281 4921 Σάϐϐατον
2304 4866 2488 4927 ἄσιτος
2513 4863 2818 4933 διαμείνῃς,
2844 4862 2947 4925 ἕως
2971 4861 3121 4924 τέλος
3151 4861 3368 4930 δέξηται
3392 4862 3424 4932 ή
3459 4861 3573 4915 θεία

2002 4957 2338 5027 λειτουργία,
2362 4956 2458 5009 καὶ
2483 4954 2654 5017 οὕτως
2681 4952 2960 5024 ὲστιάθητι
2992 4953 3335 5023 εὐχαριστῶν
3361 4951 3571 5020 Κυρίῳ.

2015 5051 2147 5103 Ἰδοὺ
2197 5050 2385 5104 λοιπὸν
2430 5049 2736 5119 ἐφέστηκεν
2782 5047 2964 5116 ἡμέρα
3005 5046 3364 5117 λατροερόρος,
3413 5048 3446 5115 ἡ
3479 5045 3572 5098 τοῦ

2002 5142 2240 5215 Χριστοῦ
2282 5142 2625 5205 ’Λνάστασις,
2670 5138 2881 5191 πιστῶν
2927 5139 2959 5207 ἠ
3011 5139 3319 5209 εὐφροσύνη
3344 5154 3375 5203 ⁸,
3402 5137 3572 5205 πατή-

2005 5251 2103 5296 σας
2149 5234 2258 5302 γὰρ
2307 5233 2398 5285 τὸν
2446 5231 2674 5284 θάνατον
2704 5230 2780 5293 ὡς
2811 5228 2941 5292 Θεὸς
2978 5231 3071 5283 καὶ
3110 5228 3413 5296 Δεσπότης,
3450 5224 3573 5290 ἐξα.

2000 5328 2164 5393 νέστη
2208 5326 2529 5396 τριήμερος,
2565 5322 2755 5393 ὥσπερ
2796 5321 2963 5375 παλαι
3015 5324 3295 5390 προεῖπεν.
3338 5317 3567 5370 Ἀπόθου

2000 5418 2181 5471 τοίνυν
2212 5418 2306 5470 καὶ
2336 5416 2501 5478 αὐτὸς
2535 5416 2626 5469 τὸν
2665 5415 2910 5485 πενθήρη
2952 5413 3177 5482 χιτῶνα,
3211 5409 3307 5464 καὶ
3344 5407 3561 5476 τὴν⁶νη-

2002 5510 2184 5562 στείαν
2211 5507 2496 5578 σχόλασον.
2523 5508 2637 5561 Ούκ
2668 5507 2786 5560 ἔστι
2812 5508 2920 5578 γὰρ
2942 5503 3185 5574 νηστεία,
3220 5500 3333 5554 ἀλλ’
3370 5500 3561 5571 εὐφρο-

2002 5596 2134 5667 σύνη
2164 5598 2258 5650 καὶ
2284 5599 2427 5667 χαρὰ
2463 5597 2538 5660 ὡς
2567 5600 2821 5667 μοναχοῖς
2856 5593 3104 5664 ἁρμόζει.

2075 5690 2125 5747 ι’.
2174 5693 2446 5747 Ἐνταῦθα
2473 5693 2528 5744 δὲ
2553 5692 2846 5762 γενόμενος
2875 5686 3138 5759 βούλομαί
3162 5704 3215 5741 τι
3247 5685 3564 5758 προσθεῖναι

1999 5786 2061 5839 ἐκ
2083 5784 2188 5838 τῶν
2224 5783 2518 5853 πανσόςεων
2552 5784 2647 5835 καὶ
2676 5780 2891 5847 γρυσῶν
2928 5780 3102 5845 λόγων
3128 5776 3224 5834 τοῦ
3253 5778 3565 5835 Χουσοστό-
