4088 6208
488 320 587 385 401

1718 327 1817 389 DE
1854 297 2035 390 ιω.
2071 324 2537 389 MONASTICA.

3627 323 3749 380 ἂν(ιέ

495 445 621 497 μου.
660 430 896 496 Ἐκεῖνος
926 431 1035 502 γὰρ
1065 432 1368 502 ἐφθέγξατο
1396 434 1474 499 είς
1500 435 1598 490 ’ένα
1622 435 1827 489 τούτων
1850 436 2024 499 οὕτως
2052 452 2064 467 ’

2175 438 2238 492 ad
2300 438 2531 493 istorum
2585 449 2754 490 unum
2817 432 3090 488 clamabat
3131 430 3487 489 :Venerandi
3542 430 3733 501 jejunii

490 519 553 573 Εί
606 520 704 575 καὶ
735 522 1014 593 παρῆλθεν
1052 526 1082 577 ό
1122 525 1313 596 καιρὸς
1342 528 1441 594 τῆς
1488 525 1757 596 παντίμου
1787 527 2061 597 νηστείας,

487 609 604 662 ἀλλ’
632 610 666 679 ἠ
708 610 879 680 αὐτῆς
911 610 1152 679 ὠφέλεια
1185 613 1243 665 έν
1273 615 1405 683 ἡμῖν
1435 615 1523 667 ἀεὶ
1552 613 1725 666 Eatur
1749 613 1874 667 ὅθεν
1908 613 2065 682 κάγὼ

490 718 571 753 σοι
605 701 890 774 παραινῶν
917 696 1021 755 ὧδέ
1064 722 1181 767 πως
1216 707 1432 775 γράφον
1462 706 1524 758 Et
1555 706 1695 774 τάχα
1729 708 1823 761 καὶ
1858 707 2066 777 παρῆλ-

489 791 581 844 θεν
611 794 639 845 ὁ
684 794 785 862 τῆς
816 794 1072 864 νηστείας
1107 795 1321 865 χρόνος,
1351 796 1490 850 ἀλλὰ
1515 797 1612 868 τῆς
1648 798 1973 868 ἐγκρατείας
2003 816 2085 865 γε.

487 882 845 954 παρέδραμεν
884 882 993 937 οὐδ’
1021 884 1179 951 ὅλως,
1226 885 1321 937 καὶ
1351 885 1433 938 δεῖ
1474 903 1534 939 σε
1571 886 1778 958 ταύτην
1807 887 2065 957 ἀσφαλῶς

484 972 561 1036 ὡς
581 972 800 1042 τιθηνὸν
832 973 1077 1045 κατέχειν
1099 989 1114 1004 ⁶
1159 976 1262 1028 κᾶν
1292 976 1475 1048 διέλθῃ
1510 977 1542 1047 ἡ
1595 978 1835 1048 ἑϐδομὰς
1860 980 1960 1048 τῆς
1988 979 2061 1031 δι’

488 1064 855 1134 ἀκινησίμου,
900 1068 1344 1135 μονοπροσώπως
1393 1069 1631 1136 φύλαττε
1679 1071 1915 1140 τετράδα
1968 1072 2066 1124 καὶ

490 1154 593 1226 τὴν
626 1154 817 1225 ἕκτην.
848 1156 1030 1226 Τυροῦ
1061 1158 1271 1228 ἀπέχου
1301 1160 1395 1213 καὶ
1428 1160 1563 1227 ὠοῦ,
1595 1163 1692 1216 καὶ
1720 1162 1829 1214 τῶν
1860 1163 2066 1217 λοιπῶν

498 1247 722 1317 μηκέτι,
782 1246 898 1299 ἀλλ’
950 1246 1041 1300 έσο
1096 1247 1192 1301 νῦν
1243 1249 1532 1319 ἐλεύθερος
1566 1252 1625 1303 έν
1673 1251 1901 1315 ταύταις
1943 1253 2064 1315 ταῖς

490 1340 761 1412 ἡμέραιςο
792 1340 1021 1409 νηστεία
1048 1339 1159 1409 γὰρ
1188 1341 1248 1392 οὑ
1296 1340 1607 1412 γέγραπται
1646 1342 1770 1395 οὐδὲ
1815 1342 2066 1410 γονυκλι-

492 1434 612 1486 σία·
653 1432 863 1496 ταύτας
897 1432 1008 1503 γάρ
1040 1433 1139 1495 τὰς
1174 1411 1590 1503 πείντήκονταόἱ
1638 1433 1785 1504 ἆγιοι
1821 1436 2067 1505 Πατέρες

489 1522 920 1587 ἀνακυκλοῦντες
984 1524 1195 1594 ἔφησαν
1257 1523 1471 1594 ἡμέραν
1531 1521 1670 1578 εἶναι
1732 1524 1880 1596 μίαν.
1930 1526 2067 1596 Περὶ

490 1616 698 1671 τούτων
740 1617 799 1671 δὲ
843 1617 1030 1670 λοιπὸν
1080 1618 1381 1687 άρκέσθητι
1428 1618 1682 1673 ἐνταῦθα.
1740 1619 1915 1685 ’Δγὼν
1958 1620 2066 1690 γάρ

493 1726 587 1778 μοι
613 1707 889 1762 ἐπίκειται
924 1708 1086 1763 πάλιν
1128 1707 1379 1761 ἐντεῦθεν
1413 1708 1595 1776 ἄλλος,
1626 1712 1683 1765 αἱ
1716 1709 1811 1763 δύο
1856 1712 2067 1763 Τεσσα-

493 1797 759 1865 ρακοσταὶ
792 1797 1231 1866 κατελείφθησαν
1285 1796 1458 1861 οὕτως
1479 1815 1493 1828 ο
1549 1799 1750 1867 μᾶλλον
1782 1800 1875 1853 καὶ⁴
1907 1802 1940 1870 ἡ
1975 1799 2066 1853 τὸν

490 1884 789 1953 αῦγουστον
819 1884 1119 1956 τελουμένη
1144 1886 1391 1957 νηστεία,
1420 1888 1486 1958 ἦν
1516 1888 1700 1943 πολλοὶ
1734 1890 2066 1959 ἁϐροδίαιτοι

488 1976 839 2030 διαϐάλλουσι
863 1978 1096 2048 πάμπαν
1129 1994 1142 2008 ⁸
1181 1981 1275 2032 καὶ
1306 1996 1369 2032 πε
1381 1982 1434 2049 pl.
1460 1982 1670 2037 τούτων
1692 1983 1773 2035 δεῖ
1793 1986 1969 2036 εἰπεῖν
1992 1986 2067 2048 ὡς

488 2071 715 2124 δυνατὸν
765 2070 1038 2141 ὑπάρχει·
1087 2070 1181 2125 καὶ
1237 2074 1502 2144 πρότερον
1546 2074 1884 2146 δηλώσωμεν
1937 2078 2067 2147 περὶ

488 2163 601 2216 τῶν
647 2163 886 2234 Χριστοῦ
933 2164 1159 2233 γεννῶν.
1195 2166 1503 2234 Παράδοσιν
1552 2167 1820 2238 ἐλάϐομεν
1866 2169 1932 2222 ἐκ
1960 2170 2067 2224 τῶν

490 2255 730 2309 ἔκπαλαι
796 2256 1005 2326 χρόνων
1045 2256 1102 2308 έν
1134 2256 1307 2328 ταύτῃ
1354 2260 1418 2328 τῇ
1457 2263 1874 2331 τεσσαρακοστῇ
1911 2279 2068 2331 μονο-

417 2358 422 2364 ’
490 2351 670 2404 attint
725 2350 893 2421 ἔχειν,
938 2350 1054 2404 ἀλλ’
1102 2351 1211 2404 οὐδ’
1266 2351 1464 2422 ἰχθύων
1522 2354 1793 2409 ἅπτεσθαι
1839 2358 1896 2407 ἐν
1948 2358 2067 2420 ταῖς

488 2442 671 2512 τρισὶν
699 2441 960 2511 ἡμέραις,
995 2440 1278 2508 δευτέραν,
1312 2442 1528 2511 τρίτην.
1563 2442 1722 2510 Λέγω
1742 2443 1805 2514 δὴ
1845 2445 1940 2497 σὺν
1972 2447 2069 2498 αὖ-

491 2538 607 2597 ταῖς
632 2534 727 2587 καὶ
760 2532 858 2603 τὴν
885 2539 944 2596 ε’,
972 2531 1206 2600 τετράδα
1230 2533 1322 2584 καὶ
1352 2533 1731 2602 παρασκευὴν,
1755 2534 1855 2587 οὐκ
1887 2534 2066 2589 ἔλαιον

493 2626 591 2680 οὐκ
616 2620 758 2679 οἶνον
785 2625 1052 2695 Σαϐϐάτῳ
1082 2627 1178 2679 καλ⁵
1216 2624 1464 2695 Κυριακῇ
1496 2625 1797 2694 λαμϐάνειν
1828 2627 2083 2690 πάντως.-

494 2719 604 2772 Καὶ
638 2717 756 2781 aut;
791 2716 890 2788 μὲν
931 2720 1059 2787 περὶ
1100 2717 1271 2787 αὐτῆς
1297 2730 1310 2745 ·
1342 2716 1403 2769 οὐ
1437 2716 1545 2787 γὰρ
1586 2716 1671 2769 δεῖ
1718 2716 1883 2770 πλέον
1928 2718 2069 2787 γρά-

495 2831 640 2882 φειν.

569 2902 660 2961 ια’.
712 2904 951 2975 Ἀνάγκη
980 2904 1158 2957 τοίνυν
1176 2902 1407 2956 διελθεῖν
1438 2902 1566 2973 περὶ
1590 2902 1698 2954 τῶν
1718 2901 2064 2956 τελευταίων.

497 2997 765 3067 Συνήθεια
809 2996 1155 3066 κεκράτηκεν
1186 2996 1243 3047 ὲν
1272 2995 1393 3058 ταῖς
1428 2994 1706 3062 νηστείαις
1737 2994 1962 3055 ταύταις
1986 2994 2069 3057 δὶς

496 3090 594 3158 τῆς
639 3088 855 3160 ἡμέρας
903 3087 1126 3154 ἐσθίειν,
1168 3088 1269 3140 οὐκ
1300 3083 1399 3140 οἶδ’
1433 3086 1968 3156 ὅθεν).αμϐάνοντες,
1991 3082 2070 3140 οἷ-

503 3198 598 3249 μαι
618 3180 675 3234 δὲ
704 3180 791 3232 διὰ
810 3178 902 3232 τὸν
933 3179 1124 3248 καιρὸν
1156 3177 1285 3231 ὄντα
1303 3176 1556 3246 καυσώδη
1577 3178 1717 3231 τότε.
1757 3176 1897 3230 Ἀλλ’
1914 3177 1976 3257 ού
2002 3180 2066 3248 τῇ

499 3273 763 3345 συνηθείᾳ
783 3274 864 3326 δεῖ
889 3272 1184 3343 προσέχειν
1214 3272 1360 3341 ἡμᾶς
1389 3270 1547 3334 ὅλως,
1591 3271 1709 3323 οὐδὲ
1742 3270 1801 3323 τὸ
1832 3271 1946 3334 πῶς
1973 3273 2067 3325 καὶ

498 3367 585 3420 διὰ
610 3368 664 3419 τί
691 3367 993 3437 πράττεται
1019 3366 1138 3417 τάδε
1162 3364 1363 3430 λέγειν,
1391 3362 1506 3423 ἀλλ’
1534 3364 1761 3434 ἐρευνᾴν
1791 3365 1886 3416 καὶ
1915 3365 2068 3436 ἀκρι-

499 3458 628 3511 ϐοῦν
676 3456 800 3519 τοὺς
835 3456 1025 3524 λόγους
1080 3455 1186 3508 τῶν
1228 3456 1490 3525 Πατέρων
1534 3459 1625 3507 καὶ
1662 3456 1788 3518 τοὺς
1838 3459 2071 3519 κανόνας

498 3549 604 3602 τῶν
665 3549 846 3618 σοφῶν
884 3550 977 3601 καὶ
1033 3546 1195 3599 θείων
1223 3545 1559 3611 ἀποστόλων,
1613 3546 1680 3599 δι’
1723 3540 1798 3599 ὧν
1842 3549 1934 3600 καὶ
1981 3548 2072 3601 τὸν

502 3640 769 3709 ἡμέτερον
798 3639 970 3701 οὕτως
1004 3638 1116 3708 βίον
1148 3636 1454 3708 ῥυθμίζειν.
1484 3636 1675 3706 Ὅμως
1706 3638 1754 3689 εί
1783 3638 1880 3707 τὴν
1915 3637 2075 3707 ἀκρί-

501 3731 655 3783 ϐειαν
706 3733 798 3782 καὶ
853 3730 1060 3782 τούτων
1111 3727 1257 3798 ἔχειν
1308 3727 1501 3791 θέλεις,
1555 3727 1790 3797 ζήτησον
1847 3726 2075 3779 ὄπισθεν

506 3820 704 3889 μικρὸν
731 3820 788 3871 ἐν
819 3821 884 3890 τῇ
935 3818 1044 3871 τῶν
1081 3817 1319 3888 Χριστοῦ
1348 3818 1576 3885 γεννῶν,
1618 3818 1778 3870 κάκεῖ
1823 3817 2076 3888 εὑρήσεις

499 3911 529 3963 ὃ
563 3912 772 3982 ζητεῖς,
807 3913 902 3963 καὶ
938 3912 1076 3980 ὅπερ
1111 3910 1313 3979 βούλει,
1346 3902 1577 3979 πρᾶττε.

574 4009 661 4079 ιβ’.
707 4008 970 4061 Ἐνταῦθα
1011 4006 1318 4075 ἐϐουλόμην
1351 4004 1445 4057 νῦν
1479 4002 1834 4058 καταπαῦσαι
1866 4003 1955 4056 τον
1988 4003 2074 4055 λό-

501 4118 620 4168 γον,
652 4100 788 4155 ἀλλὰ.
814 4100 904 4170 βία
943 4117 1033 4170 μοι
1065 4098 1330 4168 πρόσεστι
1365 4097 1538 4166 μικρά
1579 4112 1700 4148 τινα
1733 4094 2074 4164 προσθεῖναι.

500 4196 727 4249 Δέδοικα
760 4194 820 4247 δὲ
874 4194 949 4263 μὴ
984 4191 1244 4262 φορτικὸς
1294 4188 1553 4259 φανῶμαί
1602 4204 1683 4241 σοι
1721 4191 1778 4240 ἐν
1822 4187 2072 4248 τούτοις⁶

502 4287 856 4357 γονυκλισίας
884 4286 964 4338 δεῖ
992 4287 1168 4339 ποιεῖν
1200 4285 1379 4337 πάντα
1412 4282 1504 4335 τὸν
1538 4281 1730 4351 χρόνον
1752 4280 1893 4344 ὅλον,
1928 4281 1975 4331 εἰ
2003 4280 2077 4349 μή

503 4397 607 4433 που
641 4379 795 4451 τύχοι
830 4380 992 4449 ἑορτὴ
1023 4377 1280 4447 νηστείας
1309 4376 1384 4445 μὴ
1432 4374 1716 4444 παρούσης
1751 4376 1809 4424 έν
1910 4372 2078 4439 ἀργία

2168 539 2380 596 tempus
2408 528 2507 583 etsi
2533 526 2813 597 prmteriit,
2847 525 2993 580 illius
3031 524 3236 579 utilitas
3257 523 3311 575 in
3343 523 3495 577 nobis
3518 539 3735 593 semper

2168 629 2405 675 maneat.
2435 620 2585 675 Unde
2603 628 2655 675 et
2676 635 2774 691 ego
2803 617 3372 674 similiteradhortans
3394 615 3485 669 tibi
3516 617 3694 670 scribo
3720 635 3733 670 :

2168 714 2213 767 si
2272 711 2410 767 forte
2445 712 2710 780 prmteriit
2769 710 2963 780 jrjunii
3024 717 3277 777 tempus,
3336 706 3735 760 attamen‘non

2167 803 2395 857 omnino
2423 802 2794 873 temperantiae
2823 800 3041 855 transiit
3097 817 3111 853 :
3159 801 3299 852 hanc
3331 807 3381 852 te
3428 811 3641 865 seraper
3678 807 3742 850 ut

2166 893 2433 945 nutricem
2495 901 2710 961 oportet
2759 905 3104 946 conservare.
3156 888 3271 943 Etsi
3356 888 3493 941 abiit
3528 886 3737 940 hebdo-

2168 983 2327 1037 mada
2367 983 2561 1057 jejunii
2604 983 2657 1036 in
2698 983 2954 1037 absoluto
3008 981 3123 1036 Otio
3168 978 3530 1033 nihilominus
3578 992 3739 1048 quar-

2171 1080 2276 1125 tam
2343 1080 2396 1125 et
2450 1081 2656 1126 sextam
2714 1073 2857 1127 diem
2908 1069 3118 1126 custodi
3166 1087 3179 1123 :
3251 1084 3281 1122 a
3336 1082 3495 1121 caseo
3536 1075 3590 1121 et
3638 1082 3742 1117 ovo

2169 1165 2402 1230 abstine,
2426 1179 2524 1219 nec
2559 1174 2737 1220 tamen
2786 1180 2815 1218 a
2844 1164 3090 1230 caeteris;
3122 1177 3244 1216 nam
3304 1161 3357 1214 in
3415 1159 3501 1215 his
3549 1159 3742 1213 diebus

2170 1256 2304 1311 liber
2358 1265 2499 1311 esto.
2556 1256 2671 1310 Non
2756 1256 2899 1311 enim
2960 1253 3227 1325 jejunium
3285 1268 3381 1305 nec
3439 1250 3742 1320 genuflexio

2167 1349 2590 1418 praescribitur:
2633 1348 2753 1403 illas
2815 1348 2958 1402 enim
3012 1346 3401 1415 quinquaginta
3453 1344 3612 1404 dies,
3688 1342 3740 1394 in

2170 1441 2355 1496 orbem
2409 1440 2754 1503 reducentes,
2802 1439 2977 1493 sancti
3032 1439 3220 1522 Patres
3272 1452 3435 1492 unam
3492 1435 3719 1489 dixetun

2168 1548 2290 1588 esse
2316 1532 2458 1588 diem
2499 1549 2512 1586 :
2549 1541 2805 1588 cartorum
2861 1547 3025 1600 super
3055 1530 3140 1585 his
3170 1530 3432 1598 satisjam
3474 1528 3735 1582 diximus.

2170 1627 2330 1680 Aliud
2370 1626 2513 1680 enim
2540 1625 2879 1695 propositum
2924 1639 3010 1678 me
3042 1632 3245 1685 manet,
3281 1624 3401 1675 dua:
3429 1620 3743 1689 Quadrageo

2172 1715 2324 1768 sima:
2359 1728 2479 1781 qua!
2531 1714 2610 1767 sic
2650 1711 2782 1765 mihi
2814 1712 3156 1780 superfuere,
3194 1710 3497 1780 praesertim
3557 1718 3741 1762 antem

2174 1817 2554 1863 consecratum
2588 1809 2640 1861 in
2694 1814 2927 1878 augusto
2964 1804 3259 1872 jejunium,
3292 1804 3435 1869 quod
3470 1802 3622 1854 multi
3651 1801 3745 1854 de-

2175 1900 2337 1955 licate
2386 1900 2630 1954 viventes
2682 1912 2912 1968 prorsus
2987 1896 3264 1966 rejiciuttt.
3321 1897 3393 1947 De
3444 1894 3529 1947 his
3579 1894 3742 1946 etiam

2174 1988 2403 2043 facultas
2484 1989 2828 2042 attribuenda
2882 1989 3006 2042 erit.
3096 1985 3338 2039 Primum
3420 1985 3487 2040 de
3542 1984 3743 2038 Christi

2172 2078 2458 2135 Natalibtts
2483 2081 3009 2150 argumentabimur.
3050 2076 3126 2131 Ex
3163 2078 3358 2146 priscis
3409 2076 3745 2145 temporibus

2174 2171 2515 2224 traditionem
2542 2170 2857 2239 accepimus
2888 2172 2940 2222 in
2982 2170 3080 2222 hac
3104 2166 3540 2235 Quadragesima
3579 2181 3739 2219 unam

2175 2260 2376 2315 habere
2402 2275 2637 2324 cautam,
2698 2260 2941 2328 piscibus
2973 2274 3077 2312 tton
3114 2256 3256 2310 vesci
3291 2255 3375 2309 his
3421 2255 3597 2309 tribus
3627 2253 3743 2308 die-

2174 2351 2275 2407 bus
2304 2390 2318 2413 ,
2349 2352 2587 2407 secunda
2612 2392 2625 2413 ,
2663 2354 2821 2405 tertia
2883 2359 2936 2404 et
2988 2351 3214 2420 quinta;
3251 2349 3451 2418 quibus
3508 2346 3747 2415 adjungo

2174 2451 2449 2512 quartam,
2493 2451 2813 2511 sextamque
2841 2443 3025 2507 diem;
3072 2441 3251 2495 oleum
3300 2448 3353 2494 ct
3388 2438 3571 2493 vinum
3612 2436 3748 2492 Sab-

2174 2535 2302 2590 balo
2359 2544 2412 2590 et
2443 2533 2723 2588 Dominiea
2770 2548 2995 2603 prorsus
3060 2549 3166 2587 non
3232 2546 3468 2609 sumere.
3524 2530 3600 2584 De
3640 2531 3746 2584 hac

2176 2634 2359 2682 autem
2391 2625 2526 2681 satis
2554 2641 2568 2677 :
2601 2624 2736 2678 nihil
2769 2623 2913 2680 enim
2939 2623 3050 2692 jam
3078 2622 3426 2678 scribendum
3481 2628 3670 2676 restat.

2249 2911 2338 2966 11.
2390 2908 2628 2964 Necesse
2680 2908 2844 2979 igitur
2893 2916 2975 2961 est
3027 2907 3094 2960 ad
3134 2916 3432 2960 extremam
3495 2907 3751 2960 devenire

2187 2998 2695 3068 Quadragesimam.
2728 2997 2787 3052 In
2819 2997 2903 3051 his
2958 2995 3183 3065 jejuniis
3220 3010 3339 3049 mos
3389 2995 3617 3049 invaluit
3664 2996 3747 3049 his

2098 3119 2140 3176 ρ
2179 3093 2234 3146 in
2281 3093 2369 3147 die
2430 3091 2705 3155 vescendi,
2748 3106 2911 3158 quem
2949 3091 3092 3143 unde
3145 3091 3480 3159 sumpserint
3542 3092 3759 3153 nescio,

2177 3195 2309 3257 puto
2341 3186 2469 3256 quia
2516 3196 2646 3241 tunc
2695 3193 2908 3254 tempus
2957 3183 3236 3237 fervidum
3299 3194 3402 3237 est.
3436 3181 3541 3239 Sed
3590 3185 3748 3237 nobis
3814 3212 3827 3227 κ

2181 3292 2406 3346 prorsus
2438 3292 2545 3330 non
2594 3285 2678 3331 est
2736 3272 3116 3329 consuetudini
3171 3272 3595 3336 attendendum,
3651 3288 3749 3325 nec

2134 3368 2469 3439 .quomodo
2496 3379 2591 3421 aut
2646 3382 2747 3420 cur
2802 3364 2945 3419 istud
2995 3373 3188 3432 agatur
3241 3361 3553 3423 dicendum,
3611 3360 3750 3417 bene

2181 3475 2310 3514 vero
2337 3458 2694 3513 scrutandum
2733 3472 2796 3512 ac
2824 3457 3238 3526 disquirendum
3293 3454 3615 3506 documenta
3649 3453 3751 3506 Pa-

2180 3560 2348 3615 trum,
2377 3566 2585 3609 nesnon
2630 3550 2937 3619 sapientum
2970 3549 3328 3614 divorumque
3370 3544 3747 3612 apostolorum

2182 3640 2662 3709 canones,qnibus
2694 3640 2799 3694 vita
2847 3647 3033 3693 nostra
3075 3636 3409 3691 instituenda
3445 3644 3547 3691 est.
3597 3636 3752 3689 Atta-

2183 3750 2307 3790 men
2352 3734 2399 3789 si
2449 3734 2527 3788 vis
2575 3734 2791 3788 illorum
2841 3733 3037 3785 habere
3081 3740 3391 3785 accuratam
3451 3729 3751 3789 notionem,

2185 3825 2403 3895 require
2431 3826 2594 3893 paulo
2619 3824 2870 3893 superius
2904 3824 2958 3877 in
2989 3825 3201 3894 jejunio
3240 3822 3441 3877 Christi
3467 3821 3750 3881 natalium,

2184 3918 2367 3985 ibique
2389 3918 2534 3986 quod
2558 3918 2756 3985 quzeris
2784 3917 3045 3979 invenies,
3087 3927 3140 3970 et
3171 3917 3311 3986 quod
3348 3916 3427 3969 vis
3453 3931 3573 3984 age.

2254 4010 2339 4062 12.
2374 4007 2473 4062 llic
2502 4008 2747 4062 volebam
2784 4008 2940 4061 finire
2970 4023 3302 4067 sermonem,
3334 4009 3425 4062 sed
3455 4005 3754 4059 necessitas

2184 4115 2270 4154 me
2289 4101 2435 4168 cogit
2469 4114 2641 4168 pauca
2707 4099 3131 4167 superadjicere.
3164 4098 3353 4150 Timeo
3396 4112 3521 4150 vero
3558 4112 3624 4149 ne
3656 4096 3752 4150 tibi

2186 4191 2370 4245 videar
2399 4190 2452 4243 in
2479 4189 2599 4244 istis
2639 4204 2928 4243 onerosus.
2956 4188 3115 4241 Omni
3149 4198 3389 4254 tempore
3416 4185 3753 4252 genuﬂexio—

2184 4298 2282 4337 nes
2339 4291 2551 4350 oportet
2608 4282 2806 4343 facere,
2869 4278 2969 4333 nisi
3035 4277 3381 4345 superveniat
3444 4275 3752 4339 festivitas,

2188 4380 2397 4429 semoto
2418 4372 2646 4441 jejunio,
2679 4385 2783 4440 qua
2844 4374 2904 4424 tit
2958 4370 3213 4423 horarum
3253 4368 3540 4434 operisque
3572 4380 3756 4420 cessa-

502 4472 711 4539 γίνεται
744 4472 856 4525 τῶν
893 4470 1052 4542 ὡρῶν
1089 4472 1182 4523 καὶ
1224 4468 1314 4521 τοῦ
1366 4468 1551 4538 ἔργου.
1585 4467 1675 4536 Μὴ
1711 4465 1957 4534 φοϐηθῇς
1989 4467 2072 4516 τὸν

2190 4468 2286 4520 tio.
2322 4465 2617 4519 Numerum
2667 4478 2731 4515 ne
2792 4461 3073 4523 formides,
3124 4459 3488 4529 paucissimus
3536 4465 3662 4511 est:
3702 4457 3756 4509 in

503 4563 760 4633 ἀριθμὸν,
808 4561 1087 4627 ὀλιγοστὸς
1122 4561 1383 4630 ὑπάρχει.
1414 4559 1635 4611 Δώδεκα
1666 4557 1880 4626 μέλλεις
1924 4555 2079 4626 ἀριθ-

510 4658 630 4724 μεῖν
667 4657 725 4709 ὲν
750 4657 869 4718 ταῖς
899 4655 1077 4715 λιταῖς
1116 4652 1353 4722 ἡμέραις
1373 4666 1386 4681 ο
1418 4650 1515 4712 τάς
1550 4649 1604 4700 δέ
1652 4665 1716 4716 γε
1745 4664 2079 4717 τεσσαρακο-

510 4748 639 4808 στὰς
671 4746 932 4817 ψηφίζειν
976 4744 1277 4799 δεκαπέντε
1342 4745 1400 4795 έν
1430 4744 1495 4812 τῇ
1529 4740 1636 4792 τῶν
1677 4739 1917 4808 Χριστοῦ
1958 4755 2080 4806 γεν-

507 4836 613 4888 νῶν
645 4838 741 4890 καὶ
783 4839 893 4891 τῶν
926 4837 1021 4890 δύο
1057 4835 1261 4888 λοιπῶν
1309 4850 1412 4887 σοι.
1447 4833 1558 4900 Τὴν
1598 4830 1641 4883 δ’
1680 4830 1845 4899 ἄλλην
1878 4846 2080 4881 τεσσα-

513 4930 792 5001 ρακοστὴν
815 4924 882 5000 ἧς
909 4931 942 4998 ἡ
977 4928 1168 4998 κλῆσις
1210 4926 1421 4995 μεγάλη
1467 4921 1848 4987 διπλασιάζειν
1876 4921 2079 4983 ταύτας

509 5039 596 5089 γε,
629 5023 794 5090 εἴπερ
827 5021 921 5072 καὶ
940 5020 1042 5071 οὐκ
1064 5017 1340 5081 ὀκλάζεις.
1365 5018 1427 5070 Et
1459 5017 1514 5069 δὲ
1546 5013 1684 5085 βαρύ
1715 5029 1798 5067 σοι
1828 5012 2081 5081 φαίνεται

507 5112 603 5164 τοῦ
652 5114 971 5181 ἑκμετρεῖν,
1004 5112 1107 5164 κᾶν
1133 5110 1232 5170 τὰς
1277 5109 1451 5162 εῐκοσι
1497 5107 1769 5177 τέσσαρας
1796 5104 2082 5175 πλήρωσον

509 5205 633 5273 δίχα
675 5203 862 5271 λόγου.
902 5204 977 5256 Οὐ
1028 5205 1134 5272 μὴν
1178 5201 1388 5271 ἆπαξῆ
1440 5200 1692 5269 δεύτερον
1730 5198 1830 5267 τῆς
1867 5196 2083 5267 ἡμέρας

509 5297 784 5359 τελέσεις·
824 5294 939 5348 ἀλλ’
976 5294 1051 5357 ὡς
1091 5292 1328 5358 ἐδίδαξεν
1358 5293 1504 5363 ἡμᾶς
1536 5289 1701 5343 Δαϐὶδ
1732 5292 1760 5342 ὁ
1796 5288 2083 5358 θεοπάτωρ

509 5387 645 5440 Θεὸν
681 5386 853 5440 αἰνεῖν
884 5385 1259 5455 προτρέπεται
1307 5383 1538 5446 ἑπτάκις
1568 5382 1666 5453 τῆς
1695 5381 1929 5451 ἡμέρας.
1962 5380 2086 5448 Ψηοη

511 5478 674 5547 φίσας
701 5477 797 5531 οῦν
846 5477 923 5540 ὡς
954 5478 1212 5547 νουνεχὴς
1257 5476 1510 5546 εὑρήσεις
1550 5475 1688 5545 ὅπερ
1737 5473 1902 5539 λέγω.
1952 5471 2085 5524 ’Λπδ

513 5571 693 5641 φωτὸς
722 5569 1065 5641 ἀπάρξομαι,
1102 5571 1198 5621 καὶ
1228 5568 1372 5637 λήξω
1415 5570 1492 5631 εἰς
1518 5567 1580 5619 τὸ
1625 5566 1815 5629 σκότος
1838 5582 1850 5595 ·
1887 5563 2084 5635 ὄρθρος

513 5663 612 5717 καὶ
638 5662 830 5735 πρώτη
856 5663 1016 5733 τρίτη
1041 5678 1100 5714 τε
1131 5661 1266 5731 ἕκτη
1299 5663 1394 5714 καὶ
1418 5660 1606 5731 ἐνάτη,
1636 5657 1923 5729 ἐσπερινὸν
1955 5657 2085 5710 ἀπό-

513 5753 732 5810 δειπνον
764 5757 863 5811 σὺν
891 5755 969 5824 τῷ
1002 5755 1365 5823 μεσονυκτίῳ.

2185 4559 2378 4613 diebus
2432 4554 2777 4624 simplicibus
2833 4552 3119 4606 duodecim
3180 4563 3472 4604 numerare
3549 4548 3755 4609 debes,

2185 4648 2501 4719 quindecim
2555 4656 2732 4700 autem
2801 4645 2855 4698 in
2901 4642 3371 4711 Quadragesimis,
3442 4640 3495 4694 in
3546 4639 3756 4709 jejunio

2186 4740 2391 4795 Christi
2415 4739 2677 4793 natalium
2711 4746 2765 4790 et
2789 4736 3025 4790 duorum
3058 4749 3178 4805 qua:
3216 4734 3312 4787 tibi
3341 4741 3655 4800 supersunt.
3701 4734 3755 4784 In

2186 4834 2286 4886 hac
2339 4841 2518 4885 autem
2565 4830 2669 4883 alia
2719 4826 3169 4895 Quadragesima,
3225 4823 3387 4891 cujus
3436 4830 3517 4875 est
3566 4836 3756 4887 magna

2185 4924 2501 4991 destinatio,
2528 4922 2650 4977 illas
2672 4921 2954 4988 duplicare
2996 4919 3185 4980 debes,
3237 4916 3337 4969 etsi
3376 4929 3481 4966 non
3526 4912 3754 4983 genibus

2184 5015 2338 5070 [lexis
2370 5029 2613 5068 maneas.
2654 5011 2721 5065 Et
2751 5011 2795 5065 si
2843 5011 2935 5064 tibi
2971 5010 3220 5063 videatur
3250 5006 3431 5078 gravis
3478 5014 3754 5070 computa-

2185 5108 2285 5170 tio,
2318 5121 2411 5160 eas
2460 5104 2652 5174 viginti
2687 5110 2922 5173 quatuor
2949 5101 3186 5170 adimple
3237 5101 3355 5153 sine
3384 5097 3751 5159 lnesitatione,

2186 5214 2294 5253 nou
2359 5207 2537 5251 tamen
2574 5194 2741 5249 semel
2784 5202 2879 5247 aut
2927 5192 3012 5246 bis
3045 5192 3099 5245 in
3150 5192 3237 5245 die
3289 5187 3619 5257 complebis;
3658 5187 3750 5239 sed

2182 5292 2336 5361 juxta
2365 5288 2507 5359 quod
2565 5302 2664 5340 nos
2700 5285 2883 5339 docuit
2925 5284 3180 5352 Deipater
3215 5279 3379 5333 David
3432 5278 3525 5346 qui
3579 5277 3747 5330 Deum

2187 5380 2404 5435 laudare
2439 5378 2636 5447 septies
2663 5377 2714 5430 in
2752 5377 2894 5430 diem
2929 5374 3197 5428 hortatur.
3230 5369 3494 5424 Judicans
3535 5377 3591 5421 ut
3626 5383 3747 5437 pru-

2186 5473 2343 5533 dens,
2389 5467 2634 5522 invenics
2690 5466 2833 5535 quod
2872 5463 2994 5517 dico
3044 5481 3060 5517 °.
3104 5462 3147 5513 A
3197 5460 3316 5512 lucc
3370 5457 3652 5525 incipiam,
3700 5466 3753 5508 et

2189 5576 2488 5633 prosequar
2541 5575 2711 5629 usque
2768 5559 2834 5611 ad
2885 5556 3133 5609 tenebras
3171 5570 3181 5604 .
3219 5567 3416 5605 aurora
3445 5594 3460 5616 ,
3520 5564 3692 5618 pt'nna
3733 5589 3748 5604 .

2192 5656 2370 5719 tertia,
2396 5665 2566 5720 sexta,
2609 5667 2772 5718 nona,
2802 5662 3024 5718 vespera
3061 5656 3181 5719 post
3220 5660 3431 5701 coenam
3478 5652 3529 5699 et
3575 5641 3755 5696 media

2191 5761 2316 5801 ΙΙΟΧ.
