4088 6208
319 296 425 365 403

1052 305 1360 368 NICOLAI
1399 308 1507 368 CP.
1542 299 2057 366 PATRIARCH/E
2081 296 2178 361 DE
2209 299 2387 362 VITA
2416 301 2869 363 MONASTICA.

3463 296 3567 362 404

388 419 475 474 t5.
507 416 686 474 Unum
717 435 885 490 porro
934 424 1151 479 tandem
1196 425 1449 495 adjiciam
1488 421 1884 486 necessarium,

2065 417 2156 488 ιγ’.
2195 421 2316 474 Ἔτι
2363 420 2663 492 προσθήσω
2692 413 2786 473 οῦν
2814 416 3001 471 λοιπὸν
3031 416 3128 471 σὺν
3157 416 3370 481 τούτοις
3394 417 3568 487 ἀναγο

318 517 372 562 et
434 509 535 562 hoc
590 510 867 578 posterius
918 512 1227 567 elucidasse
1292 528 1378 567 mc
1446 528 1516 567 ne
1556 510 1886 568 crimineris.

316 599 483 652 istam
518 597 741 653 intendo
773 600 1165 656 hebdomadam
1193 611 1317 657 ante
1336 616 1555 657 carnem
1596 601 1889 655 tollendam

316 701 480 754 quam
543 690 997 758 cognominamus
1071 691 1363 745 Arteiborii
1440 690 1887 746 hebdomadam:

318 780 563 850 plerique
618 796 826 836 morem
864 782 1106 852 jucunde
1158 783 1417 853 epulandi
1475 789 1887 845 contraxerunt,

322 872 462 925 male
490 880 742 940 putantes
775 874 919 941 quod
956 875 1217 929 mundani
1245 890 1463 929 carnem
1488 887 1725 936 sumere,
1748 873 1915 947 sicut

320 964 574 1018 monachi
612 980 853 1031 caseum,
890 976 1141 1035 possunt,
1193 976 1247 1021 et
1296 966 1367 1021 ita
1399 966 1679 1020 facientes.
1732 964 1787 1018 Si
1826 965 1891 1019 de

321 1055 465 1109 tribu
500 1057 720 1123 quidem
752 1058 1137 1112 Armeniorum
1184 1059 1577 1113 descenderent
1612 1057 1894 1111 haeresim-

318 1162 424 1213 que
471 1147 762 1202 Artciborii
816 1157 1109 1215 tenerent,
1162 1151 1299 1205 bene
1356 1150 1597 1204 facerent
1671 1163 1888 1203 omnem

318 1238 589 1294 solventes
649 1240 1011 1309 suspicionem
1056 1242 1199 1311 ;qui
1254 1251 1434 1296 autem
1488 1242 1555 1296 ab
1612 1241 1729 1295 avis
1763 1248 1892 1295 sunt

318 1330 505 1385 fideles
534 1331 845 1396 orthodoxi,
870 1331 1071 1386 frustra
1103 1334 1229 1403 quid
1262 1342 1565 1402 praetexunt
1614 1333 1889 1386 solventes

314 1423 607 1492 jejunium.
634 1422 711 1477 Illi
750 1425 897 1478 enim
948 1436 1054 1482 tota
1086 1426 1423 1481 hebdomada
1461 1424 1731 1497 jejunant,
1773 1426 1891 1481 solo

318 1528 457 1581 pane
487 1527 612 1567 cum
654 1528 793 1583 aqua
823 1514 1047 1583 saleque
1081 1523 1367 1571 vescentes
1404 1532 1419 1569 :
1456 1532 1556 1571 nos
1598 1524 1778 1571 autem
1822 1515 1890 1569 ab

325 1606 442 1671 ipsa
492 1605 734 1660 secunda
766 1606 855 1661 die
886 1606 1169 1662 solvimus.
1203 1606 1318 1662 Hoc
1358 1607 1474 1676 ipso
1500 1617 1754 1661 caeterum
1792 1621 1891 1660 nos

318 1710 442 1749 cum
474 1696 592 1751 istis
623 1711 732 1751 non
763 1698 1168 1753 communicare
1198 1697 1537 1755 ostendimus
1563 1714 1578 1765 ;
1602 1705 1655 1755 et
1675 1697 1887 1753 frustra

317 1786 661 1853 praetendunt
689 1786 745 1841 hi
792 1786 1187 1852 Arteiborium,

389 1972 477 2027 14.
517 1971 653 2027 Cum
699 1983 879 2027 autem
925 1987 1027 2028 nos
1078 1974 1324 2044 quaedam
1378 1976 1603 2045 parvula
1659 1976 1889 2047 quaestio

316 2065 513 2128 latuit,
565 2065 631 2118 ad
692 2080 809 2119 eam
892 2065 1294 2121 dilucidandam
1359 2067 1448 2123 bic
1506 2069 1687 2123 venio.
1724 2069 1881 2123 Casei

318 2157 655 2212 hebdomada
707 2158 884 2213 soluta
943 2168 1165 2223 manet,
1221 2174 1341 2213 cum
1419 2170 1613 2230 quarta
1671 2176 1883 2216 necnon

316 2258 467 2304 sexta
533 2250 643 2305 die.
710 2250 778 2305 Et
822 2250 965 2306 unde
1025 2251 1165 2317 hoc,
1226 2250 1409 2307 forsan
1460 2252 1606 2307 dicet
1654 2252 1884 2322 aliquis,

319 2343 521 2397 factum
582 2352 665 2399 est
716 2346 1111 2400 manifestum?
1168 2345 1453 2413 Jacobitae,
1499 2346 1640 2399 sicut
1671 2345 1884 2407 dicunt,

319 2435 462 2488 hanc
494 2434 890 2491 hebdomadam
925 2447 983 2493 ut
1014 2446 1416 2494 sacrosanctam
1454 2452 1516 2491 ac
1539 2437 1885 2506 purissimam

315 2525 614 2590 celebrant,
642 2527 759 2582 solo
789 2542 927 2596 pane
958 2539 1009 2584 et
1032 2545 1173 2599 aqua
1202 2538 1413 2584 utentes
1448 2547 1461 2583 :
1487 2539 1543 2584 et
1586 2530 1709 2584 ideo
1760 2544 1889 2585 vere

317 2619 650 2674 honorabilis
724 2619 1095 2691 Nicephorus,
1146 2622 1694 2691 ConstantinOpoleos
1767 2636 1885 2675 ma-

319 2724 461 2778 gnus
494 2708 755 2778 pontifex,
775 2712 858 2766 his
883 2712 1074 2766 diebus
1096 2712 1341 2767 solvendi
1374 2712 1635 2767 canonice
1662 2711 1888 2766 tradidit

317 2819 497 2869 usum,
558 2805 625 2857 ad
681 2801 974 2857 evertenda
1009 2803 1263 2868 dogmata
1315 2802 1545 2856 duarum
1581 2802 1884 2869 haereseon,

313 2893 526 2958 Jacobi,
584 2893 806 2962 inquam
842 2930 859 2955 ,
922 2900 976 2945 et
1010 2891 1433 2957 Quadritarum.
1486 2890 1693 2946 Exinde
1739 2891 1887 2945 venit

316 2984 780 3039 monasteriorum
808 2982 1166 3049 consuetudo,
1203 2984 1353 3038 ﬁnita
1388 2998 1531 3038 nona
1574 2984 1887 3053 hymnoque

1995 511 2174 574 καῖον,
2226 511 2321 564 καὶ
2369 514 2442 581 μὴ
2500 508 2740 581 μεμφθῶ
2791 509 2868 571 ὡς
2912 507 3142 578 ὕστερον
3189 508 3351 562 τοῦτο
3379 508 3567 561 διασα-

1993 601 2195 671 φήσας.
2233 602 2337 655 Ἦν
2388 600 2656 671 ἐϐδομάδα
2698 599 2841 667 λέγω
2870 599 2963 653 οὖν
2993 599 3093 671 τὴν
3144 599 3252 670 πρὸ
3296 599 3394 669 τῆς
3428 601 3567 653 ἀπο-

1994 691 2180 761 κρέου,
2211 691 2311 762 τὴν
2343 693 2438 746 καὶ
2467 691 2878 761 ἐπονομάζομεν
2904 691 3004 762 τὴν
3028 690 3122 745 τοῦ
3160 690 3566 761 ’Δρτζιϐουρίου

1994 784 2316 836 οἱπλεῖστοι
2364 784 2484 847 ἔθος
2516 784 2710 838 ἔλαϐον
2747 784 2917 846 ἀδεῶς
2959 782 3254 837 καταλύειν
3279 801 3293 813 ·
3333 783 3567 853 τετράδα

1995 876 2090 929 καὶ
2122 877 2480 946 παρασκευὴν
2506 879 2554 930 oi
2585 877 2843 946 κοσμικοὶ
2865 876 2926 928 τὸ
2954 876 3144 944 κρέας.
3179 874 3443 935 ὡσαύτως
3472 875 3566 927 καὶ

1993 967 2044 1018 οί
2080 967 2306 1036 μοναχοὶ
2354 967 2519 1035 τυροῦ
2566 966 3028 1036 μεταλαμϐάνειν,
3081 963 3270 1026 κακῶς
3324 962 3567 1026 νοοῦντες

1994 1057 2211 1127 ἀληθῶς
2242 1059 2333 1111 καὶ
2364 1059 2695 1128 πράττοντες
2721 1057 2943 1127 ὁμοίως.
2977 1058 3041 1112 Ei
3080 1058 3180 1128 μέν
3220 1056 3394 1127 φυλῆς
3435 1074 3567 1112 κατ-

1994 1151 2220 1219 άγονται
2267 1152 2331 1204 ἐκ
2371 1150 2473 1219 τῆς
2510 1150 2620 1203 τῶν
2672 1149 2996 1220 Ἀρμενίων,
3030 1150 3125 1203 καὶ
3170 1145 3315 1219 εἶχον
3348 1150 3441 1203 καὶ
3470 1149 3567 1221 τὴν

1993 1242 2205 1312 αἵρεσιν
2233 1240 2330 1310 τὴν
2350 1241 2443 1293 τοῦ
2476 1241 2906 1312 Ἀρτζιϐουρίου,
2949 1241 3131 1303 καλῶς
3171 1241 3386 1295 ποιοῦσι
3417 1242 3569 1296 λύον-

1992 1351 2083 1398 τες
2109 1334 2331 1388 ἆπασαν
2359 1334 2596 1404 ὑποψίαν
2616 1350 2630 1364 ο
2655 1334 2702 1386 εἱ
2725 1333 2782 1387 δέ
2821 1334 3003 1397 πιστοὶ
3030 1333 3301 1405 όρθόδοξοί
3330 1338 3436 1389 είσι
3471 1336 3564 1389 καὶ

1995 1426 2058 1478 ἐκ
2094 1426 2399 1496 προγόνων,
2434 1426 2513 1488 είς
2546 1423 2722 1493 μάτην
2750 1424 3179 1494 προφασίζονται
3211 1424 3430 1487 λύοντες
3463 1427 3564 1495 τὴν

1993 1516 2268 1585 νηστείαν.
2323 1518 2553 1569 Ἐκεῖνοι
2586 1516 2695 1586 γὰρ
2727 1514 3081 1586 νηστεύουσιν
3119 1517 3246 1586 ὅλην
3281 1517 3381 1587 τὴν
3410 1516 3563 1571 ἐϐδο-

1995 1606 2161 1677 μάδα,
2193 1609 2344 1679 ἄρτῳ
2379 1608 2527 1678 μόνῳ
2547 1605 2891 1678 τρεφόμενοι,
2921 1606 3073 1661 ὕδατι
3099 1606 3257 1681 ἅλατι
3276 1624 3365 1660 τεο
3399 1609 3563 1679 ἡμεῖς

1995 1699 2050 1752 δέ
2078 1698 2426 1769 καταλύομεν
2477 1698 2574 1752 ἀπ’
2605 1698 2777 1767 αὑτῆς
2822 1699 2921 1768 τῆς
2949 1698 3228 1770 δευτέρας.
3262 1698 3463 1753 Λοιπὸν
3496 1701 3561 1753 ἐκ

1916 1762 1965 1821 Β
1992 1790 2183 1844 τούτου
2242 1790 2533 1860 δείκνυμεν
2580 1791 2654 1861 μὴ
2690 1792 3082 1855 κοινωνοῦντες
3113 1791 3409 1855 τοιούτοις·
3468 1794 3564 1845 καὶ

1993 1884 2172 1952 μάτην
2198 1883 2629 1953 προφασίζονται
2658 1879 2803 1940 οῦτοι
2834 1884 2925 1937 τὸν
2970 1883 3402 1954 Ἀρτζιϐούριον.

2064 1976 2144 2029 ιδ’.
2191 1975 2345 2028 Ἐπεὶ
2386 1976 2444 2029 δὲ
2488 1976 2682 2030 ἔλαθεν
2726 1979 2876 2048 ἡμᾶς
2920 1977 3180 2041 ὑπόθεσις
3237 1977 3413 2048 μικρά
3456 1994 3563 2043 τις,

1989 2069 2320 2139 διασαφῆσαι
2370 2068 2600 2138 ἔρχομαι
2648 2070 2744 2122 καὶ
2792 2070 2922 2140 περὶ
2964 2072 3168 2139 ταύτης
3217 2068 3409 2133 οὑτως.
3455 2071 3566 2139 Τῆς

1990 2160 2217 2230 τυρινῆς
2250 2160 2281 2227 ἡ
2321 2158 2557 2227 ἑϐδομὰς
2585 2158 2860 2229 λελυμένη
2884 2160 3143 2229 ὑπάρχει,
3171 2160 3264 2214 καὶ¹
3295 2162 3327 2229 ή
3369 2161 3564 2229 τετράς

1990 2250 2097 2305 τῶν
2128 2250 2368 2321 ἡμερῶν,
2402 2249 2666 2312 ὡσαύτως
2698 2250 2792 2303 καὶ
2830 2252 2862 2319 ἡ
2911 2250 3068 2319 ἕκτη.
3109 2251 3223 2304 Καὶ
3270 2251 3434 2305 πόθεν
3465 2252 3560 2320 δῆ-

1990 2343 2081 2396 λον
2110 2343 2354 2410 πέφυκεν
2385 2340 2564 2405 τοῦτο,
2613 2342 2740 2411 εἴπῃ
2783 2359 2867 2403 τις
2908 2341 3076 2408 ἵσωςς
3123 2342 3455 2407 Ἰακωϐἰται,
3488 2342 3564 2404 ῶς

1992 2450 2148 2501 φασι,
2170 2431 2268 2503 τὴν
2304 2431 2572 2501 ἑϐδομάδα
2598 2436 2801 2503 ταύτην
2827 2433 3085 2500 ὁλόαγνον
3110 2432 3441 2501 φυλάσσουσι
3471 2434 3562 2485 καὶ

1992 2525 2239 2596 καθαρὰν
2285 2524 2527 2588 τελείως,
2570 2525 2739 2593 ἄρτου
2782 2522 2944 2594 μόνου
2980 2526 3267 2595 γευόμενοι
3311 2525 3403 2577 καὶ
3430 2524 3560 2579 ὑδα-

1989 2637 2080 2683 τος
2108 2618 2311 2690 ὁμοίως
2334 2634 2349 2649 ⁸
2378 2618 2473 2670 καὶ
2501 2617 2590 2670 διὰ
2622 2616 2783 2669 τοῦτο
2814 2618 2841 2669 ὁ
2871 2615 3034 2677 καλὸς
3059 2617 3136 2686 τῷ
3161 2617 3274 2669 ὄντι
3309 2617 3559 2687 Νικηφό-

1995 2731 2084 2783 ρος
2107 2715 2134 2764 ὁ
2168 2710 2793 2771 Κωνσταντινουπόλεως
2832 2711 2858 2761 ὁ
2891 2709 3069 2779 μέγας
3110 2710 3368 2780 ίεράρχης
3397 2724 3558 2761 κανο-

1991 2803 2157 2864 νικῶς
2186 2801 2474 2870 παρέδωκε
2507 2800 2599 2853 τοῦ
2632 2800 2922 2853 καταλύειν
2953 2799 3198 2863 ταύταις,
3229 2800 3557 2869 ἀνατρέπων

1989 2896 2056 2947 τὰ
2088 2894 2336 2963 δόγματα
2357 2892 2619 2961 αἱρέσεων
2647 2892 2755 2944 τῶν
2774 2892 2888 2955 δύο,
2911 2890 3004 2945 τοῦ
3046 2890 3305 2945 Ἰακώϐου
3332 2908 3390 2943 τε
3413 2890 3555 2960 φημὶ

1992 2985 2090 3038 σὺν
2123 2985 2216 3038 καὶ
2258 2987 2371 3047 τοῖς
2412 2983 2782 3054 Τετραδίταις.
2811 2985 2973 3039 Ὅθεν
3002 2984 3069 3038 τὰ
3105 2985 3438 3054 μοναστήρια
3465 2982 3557 3036 οὑ-

314 3087 552 3144 vesperae
580 3071 747 3136 dicto,
785 3080 911 3127 tunc
937 3072 1155 3128 demum
1183 3074 1249 3127 ad
1280 3087 1623 3128 communem
1646 3086 1884 3127 mensam

1992 3096 2102 3142 τως
2144 3078 2358 3148 ἔχουσιν
2408 3076 2551 3143 ἔθος,
2599 3075 2697 3146 τὴν
2745 3077 2972 3146 ἐννάτην
3023 3075 3415 3147 πληρώσαντες
3465 3076 3559 3132 καὶ

314 3171 380 3222 ad
416 3182 569 3222 esum
598 3165 761 3231 casei,
791 3165 1019 3235 piscium
1046 3174 1308 3241 etpotum
1335 3166 1446 3219 vini
1478 3165 1830 3220 conveniendi
1870 3182 1885 3230 ;

1995 3170 2162 3241 ὕμνον
2194 3171 2294 3237 τῆς
2327 3169 2587 3238 ἑσπέρας,
2622 3165 2795 3231 οὕτως
2826 3168 3165 3239 εἰσέρχονται
3193 3168 3375 3221 λοιπὸν
3406 3171 3463 3221 ἐν
3492 3168 3557 3237 τῇ

317 3274 420 3313 nos
488 3272 618 3312 vero
675 3257 821 3327 quod
854 3255 1071 3327 quidem
1101 3258 1363 3327 scriptum
1397 3256 1723 3321 invenimus,
1757 3255 1884 3309 scri-

1990 3265 2145 3333 κοινῇ
2185 3262 2455 3333 τραπέζῃ,
2488 3261 2653 3331 τυροῦ
2702 3260 3215 3331 μεταλαμϐάνοντες
3265 3260 3463 3330 ἰχθύων
3498 3277 3557 3313 τε

317 3351 531 3421 psimus
569 3365 583 3403 :
615 3349 660 3405 si
698 3349 821 3419 quis
861 3357 1040 3402 autem
1068 3363 1173 3403 non
1197 3348 1390 3417 recipit
1430 3363 1529 3402 nec
1553 3347 1727 3401 credit
1762 3346 1886 3410 ista,

314 3444 456 3497 sicut
492 3442 607 3496 vult
662 3450 715 3494 et
770 3440 912 3495 sicut
969 3439 1045 3493 illi
1102 3440 1300 3508 placet,
1360 3439 1539 3493 abeat.
1614 3438 1886 3507 Adjiciam

317 3549 498 3590 tamen
529 3535 671 3588 aliul
742 3534 885 3587 circa
946 3533 1173 3585 alteram
1228 3530 1653 3595 hebdomadam,
1721 3545 1884 3600 quam

315 3628 559 3683 omnium
601 3626 923 3679 Sanctorum
978 3624 1427 3694 cognominamus
1474 3639 1637 3692 quam
1666 3623 1886 3694 quidam

318 3723 461 3776 mala
505 3720 817 3790 conjectura
881 3719 1149 3788 planaque
1214 3719 1546 3787 ignorantia,
1610 3735 1718 3773 non
1767 3734 1886 3775 esse

317 3815 551 3871 solutam
586 3813 927 3867 existimant.
963 3810 1076 3863 Divi
1113 3812 1259 3865 enim
1308 3811 1541 3881 apostoli
1570 3822 1625 3866 et
1667 3813 1887 3883 legisla-

316 3917 460 3959 tores
491 3904 731 3957 omnium
767 3918 882 3955 eam
917 3917 1037 3957 esse
1094 3903 1328 3957 solutam
1376 3905 1743 3973 scripserunt.
1778 3904 1885 3960 Sed

316 4000 457 4051 forte
492 3994 882 4049 Gnostieorum
936 3995 1133 4062 aliquis
1185 3996 1521 4050 contradieet
1554 4035 1569 4060 ,
1624 3996 1716 4050 ubi
1778 3998 1885 4053 hoc

317 4086 735 4142 memoraverim
788 4084 1038 4156 discipuli
1076 4086 1256 4151 verbi,
1292 4086 1632 4155 deposcens;
1697 4089 1885 4143 sedulo

317 4186 591 4234 scrutetur
619 4185 672 4231 et
702 4176 803 4231 hoc
838 4188 985 4232 certe
1016 4177 1255 4230 inveniet
1288 4193 1301 4230 :
1335 4192 1443 4230 non
1472 4192 1700 4245 possum
1732 4178 1879 4231 enim

314 4280 512 4325 cuncta
548 4271 830 4340 speciatim
864 4270 1160 4338 explicare.
1195 4268 1299 4334 Qui
1359 4283 1487 4323 vero
1544 4268 1880 4339 Scripturam

315 4365 542 4435 impigre
571 4374 910 4430 scrutantur,
955 4361 1249 4433 perfectam
1276 4379 1341 4418 ex
1388 4378 1450 4418 ea
1480 4364 1879 4419 convictionem

311 4458 624 4528 acquirunt.

388 4739 473 4792 l5.
512 4733 637 4790 Hazc
692 4735 857 4805 igitur
916 4735 1059 4790 inter
1093 4735 1267 4789 multa
1307 4725 1403 4789 tibi
1440 4750 1610 4805 pauca
1660 4735 1877 4806 scripsi.

320 4830 606 4886 Testificor
654 4837 833 4882 autem
863 4836 916 4881 et
973 4826 1258 4882 certiorem
1314 4838 1364 4882 te
1410 4828 1552 4891 volo,
1611 4830 1781 4898 quod,
1833 4827 1878 4882 si

314 4924 504 4977 talium
536 4921 772 4975 videaris
808 4927 1015 4983 custos,
1046 4920 1356 4973 cautionem
1388 4920 1694 4987 interpono,
1737 4928 1881 4973 stare

313 5016 381 5069 ad
410 5016 686 5071 dexteram
716 5013 1039 5078 Salvatoris,
1075 5021 1128 5067 et
1186 5028 1309 5067 cum
1344 5014 1461 5082 ipso
1502 5027 1717 5081 unaque
1753 5027 1878 5065 cum

314 5109 569 5162 omnibus
622 5105 873 5167 sanctis,
936 5103 1257 5159 bzereditare
1311 5120 1535 5173 regnum
1618 5103 1878 5157 caelorum

313 5209 681 5268 aeternamque
740 5197 902 5251 vitam
994 5196 1257 5250 obtinere.
1318 5197 1452 5249 Ecce
1504 5210 1668 5264 ergo,
1752 5193 1824 5247 fili
1862 5235 1877 5261 ,

312 5292 628 5361 petitionem
681 5302 826 5345 tuam
896 5304 994 5359 pro
1062 5288 1272 5342 viribus
1332 5297 1384 5343 et
1443 5288 1697 5344 facultate
1758 5304 1877 5343 mea

312 5384 615 5451 complevi:
644 5393 699 5437 tu
753 5385 865 5437 scis
896 5383 1043 5437 enim
1089 5396 1178 5435 me
1203 5394 1431 5448 prorsus
1474 5380 1792 5434 illiteratum
1824 5388 1878 5433 et

314 5473 382 5525 ad
438 5473 566 5525 talia
622 5472 910 5528 scribenda
957 5472 1119 5541 plane
1170 5470 1383 5524 rudem.
1443 5467 1500 5523 Si
1532 5470 1675 5538 quod
1720 5469 1876 5537 juxta

313 5562 463 5615 vires
491 5562 570 5623 tit,
606 5560 715 5615 Deo
751 5572 966 5632 gratum
1005 5571 1114 5626 est,
1179 5560 1363 5629 accipe
1394 5568 1446 5614 et
1497 5570 1554 5613 tu
1616 5568 1873 5628 tanquam

311 5656 515 5709 bonum
552 5651 725 5707 solam
758 5655 1137 5709 intentionem.
1170 5653 1268 5707 Hic
1320 5653 1535 5708 tandem
1594 5654 1875 5722 proposito

312 5744 661 5817 sermonique
719 5742 879 5800 linem
938 5744 1271 5816 imponinus.
1336 5747 1390 5803 Si
1432 5746 1525 5803 tibi
1590 5746 1696 5803 sint
1762 5747 1874 5803 haec

1991 3355 2089 3408 xui
2136 3355 2308 3407 οἴνου.
2338 3355 2449 3407 Καὶ
2488 3355 2649 3422 ἡμεῖς
2699 3353 2799 3424 μὲν
2833 3351 3156 3423 ἐγράψαμεν
3199 3351 3274 3415 ὡς
3319 3349 3558 3419 εὕρομεν

1990 3445 2283 3516 ἐγγράφως
2311 3460 2327 3478 ο
2370 3445 2417 3497 εί
2465 3444 2521 3497 δέ
2566 3462 2653 3506 τις
2700 3445 2761 3497 οὑ
2813 3443 3098 3514 προσίεται
3143 3442 3263 3495 οὑδέ
3314 3439 3559 3494 πιστεύερ

1989 3538 2181 3602 ταῦτα,
2210 3536 2285 3600 ῶς
2324 3536 2465 3590 θέλει
2514 3536 2608 3589 καὶ
2657 3535 2731 3599 ὡς
2781 3534 3052 3605 βούλεται,
3109 3533 3281 3596 οὕτως
3321 3533 3415 3586 καὶ
3460 3548 3555 3584 που

1993 3630 2256 3700 ρευέσθω.
2303 3627 2604 3700 Προσθήσω
2637 3628 2814 3680 τοίνυν
2862 3627 3051 3698 ἕτερον
3085 3625 3152 3678 δι’
3199 3625 3366 3694 ἄλλην
3407 3623 3556 3676 ἐϐδο-

1992 3722 2155 3792 μάδα,
2184 3722 2251 3792 ἣν
2285 3721 2379 3773 καὶ
2421 3720 2836 3790 ἐπονομάζομεν
2877 3717 2976 3789 τὴν
3026 3716 3136 3769 τῶν
3180 3716 3379 3784 Ἀγίων
3424 3716 3555 3769 πάν-

1988 3828 2136 3869 των’
2195 3813 2342 3876 τινὲς
2389 3811 2871 3880 ὑπολαμϐάνοντες
2922 3809 2996 3879 μὴ
3048 3805 3189 3861 εἶναι
3236 3806 3553 3877 λελυμένην,

1988 3908 2177 3971 κακῶς
2210 3906 2646 3969 ὑποτοπάζοντες
2679 3905 2773 3956 καὶ
2803 3904 2938 3966 ὅλως
2961 3901 3306 3970 ἀγνοοῦντες.
3337 3902 3401 3953 Οί
3426 3901 3557 3952 θεῖοι

1988 4003 2097 4072 γάρ
2127 3999 2420 4054 ἀπόστολοι
2448 3998 2543 4052 καὶ
2575 3996 2865 4067 νομοθέται
2897 3995 3114 4048 πάντων
3142 3995 3239 4046 καὶ
3272 3994 3399 4061 περὶ
3422 3993 3554 4045 ταύ-

1985 4112 2084 4164 της
2117 4092 2365 4163 ἔγραψαν
2400 4092 2495 4144 τοῦ
2547 4086 2689 4143 εἶναι
2737 4088 3059 4159 λελυμένην.
3109 4086 3249 4139 Ἀλλ’
3291 4086 3421 4144 ῐσως
3466 4087 3554 4138 ἀν·

1996 4186 2342 4256 τιφθέγξοιτό
2368 4202 2451 4247 τις
2480 4184 2589 4236 τῶν
2627 4181 3110 4251 γνωστικωτέρων,
3152 4180 3247 4232 καὶ
3283 4178 3393 4231 Ποῦ
3426 4177 3551 4230 ταύ-

1987 4279 2452 4350 τηςέμνήσθησαν
2481 4277 2529 4329 oi
2556 4276 2795 4344 μαθηταὶ
2825 4275 2916 4326 τοῦ
2940 4273 3112 4341 Λόγου
3137 4288 3153 4338 ;
3188 4273 3553 4343 Ἐρευνησάτιι⁸

1989 4369 2235 4440 ἀκριϐῶς
2274 4369 2368 4421 καὶ
2400 4368 2615 4428 πάντως
2658 4364 2794 4436 εὑρῃ
2828 4363 2989 4417 τοῦτο
3016 4379 3030 4393 ⁸
3065 4364 3311 4416 ἀδυνατῶ
3356 4362 3463 4433 γὰρ
3501 4363 3553 4415 ἐι

1916 4435 1962 4492 D
1993 4435 2176 4530 λεπτῷ
2208 4460 2383 4513 πάντα
2412 4435 2808 4511 ἀναδιδάσκειν.
2840 4458 2906 4511 Οἱ
2932 4458 2987 4511 δὲ
3018 4455 3552 4527 φιλοπονώτεροντὴι

1995 4554 2220 4625 Γραφὴν
2268 4550 2595 4622 ἐρευνῶντες
2638 4550 3014 4621 πληροφορίαν
3074 4549 3332 4603 λαϐοῦσιν
3370 4548 3428 4613 ἐξ
3457 4550 3548 4601 αὑσ

1994 4648 2091 4717 τῆς
2117 4648 2218 4715 τὴν
2251 4645 2486 4698 τελείαν.

2066 4744 2147 4793 ιε’.
2181 4736 2367 4790 Ταῦτά
2394 4754 2474 4789 σοι
2495 4734 2669 4788 τοίνυν
2696 4734 2911 4803 ἔγραψα
2934 4736 2996 4787 ἐκ
3023 4736 3131 4787 τῶν
3154 4734 3361 4789 πολλῶν
3382 4734 3535 4802 ὀλίγα

2007 4827 2146 4881 Ἀλλ’
2177 4827 2270 4881 οῦν
2315 4826 2759 4899 διαμαρτύρομαι
2797 4828 2890 4880 καὶ
2925 4826 3131 4895 βεϐαιῶ
3179 4844 3260 4880 σοι
3290 4830 3469 4891 τοῦτο,
3510 4828 3552 4879 εἴ

1991 4920 2197 4973 τούτων
2228 4918 2406 4988 φύλαξ
2449 4936 2508 4971 τε
2539 4922 2737 4987 φανῇς,
2772 4918 3056 4987 ἐγγυῶμαί
3093 4937 3175 4972 σοι
3205 4919 3400 4983 ταῦτα,
3434 4917 3551 4971 στάσ

1993 5029 2129 5075 σεως
2155 5012 2253 5081 τῆς
2283 5013 2345 5064 ἐκ
2369 5011 2557 5075 δεξιῶν
2589 5011 2684 5064 τοῦ
2721 5012 2969 5079 Σωτῆρος
3010 5015 3193 5081 τυχεῖν
3224 5029 3304 5074 σε,
3338 5012 3431 5065 καὶ
3463 5012 3555 5064 σὺν

1992 5103 2141 5172 αὑτῷ
2196 5104 2554 5172 κληρονομεῖν
2584 5102 2679 5154 καὶ
2735 5103 2868 5155 πᾶσι
2917 5104 3029 5163 τοῖς
3057 5104 3234 5169 ἁγίοις
3284 5102 3555 5170 βασιλείαν

1989 5194 2098 5245 τῶν
2147 5192 2394 5263 οὐρανῶν
2435 5192 2528 5244 καὶ
2580 5190 2727 5260 ζωὴν
2784 5194 2885 5261 τὴν
2945 5193 3157 5263 ἀγήρω.
3199 5192 3329 5245 Ἰδοὺ
3379 5192 3555 5244 τοίνυν

1992 5283 2332 5352 πεπλήρωκα
2376 5280 2474 5351 τὴν
2527 5282 2741 5351 αἴτησίν
2787 5300 2909 5347 σου,
2958 5283 3168 5347 τέκνον,
3211 5280 3286 5342 ὡς
3336 5278 3554 5344 ἐφικτὸν

1989 5374 2199 5445 ὑπῆρχέ
2258 5390 2349 5441 μοι
2391 5373 2484 5425 καὶ
2534 5371 2817 5442 δυνάμεως
2867 5370 3035 5442 εἶχον.
3084 5371 3156 5423 Σὺ
3212 5370 3321 5439 γάρ
3371 5368 3551 5433 καλῶς

1988 5466 2279 5519 ἐπίστασαι
2305 5465 2366 5516 τὸ
2398 5464 2631 5534 πάμπαν
2664 5463 2903 5533 ἄμουσόν
2938 5479 3039 5531 μου
3071 5461 3165 5514 καὶ
3187 5462 3322 5524 ὅλως
3358 5461 3551 5515 ἰδιωτι-

1986 5557 2081 5610 κὸν
2114 5558 2250 5627 πρὸς
2281 5556 2343 5609 τὸ
2382 5556 2609 5610 τοιαῦτα
2642 5557 2898 5627 γράφειν.
2928 5555 2989 5606 Εἰ
3018 5553 3075 5607 δέ
3125 5552 3185 5605 τὸ
3216 5553 3357 5605 κατά
3396 5552 3550 5605 δύνα-

1987 5670 2079 5723 μιν
2108 5652 2259 5722 φίλον
2285 5651 2403 5723 Θεῷ
2434 5652 2693 5722 ὑπάρχει,
2716 5648 2864 5712 δέξαι
2894 5647 2989 5701 καὶ
3021 5647 3084 5700 σὺ
3125 5647 3200 5709 ὡς
3220 5646 3428 5716 ἀγαθὸν
3451 5646 3551 5716 τὴν

1984 5746 2303 5819 προαίρεσιν
2356 5742 2543 5816 μόνην.
2600 5743 2864 5800 Ἐνταῦθα
2910 5742 3176 5813 σταίημεν
3216 5740 3402 5797 λοιπὸν
3451 5739 3546 5793 τοῦ
