4088 6208
395 293 508 356 405

1803 296 2239 360 ANONYMUS.

3542 294 3649 361 406

395 399 601 455 σκοποῦ
635 398 729 452 καὶ
770 396 867 451 τοῦ
911 398 1093 467 λόγου.
1128 399 1190 452 El
1234 398 1333 469 μὲν
1368 399 1673 455 ἁποδεκτέα
1720 419 1825 464 σοι,
1859 402 1981 477 Θεῷ

2084 405 2463 476 acceptabilia,
2493 406 2545 459 in
2586 405 2688 461 hoc
2735 405 2846 460 Deo
2900 405 3105 477 gratias
3154 424 3167 460 :
3201 406 3245 462 si
3283 421 3414 461 vero
3446 408 3647 477 saepius

394 493 557 562 χάρις
586 494 643 544 ὲν
669 491 844 563 τούτῳ
872 508 884 522 ’
930 496 978 545 εἰ
1010 492 1066 546 δὲ
1096 493 1356 557 πολλάκις
1388 495 1645 566 φορτικὰ,
1680 496 1755 558 ὡς
1791 495 1971 564 βούλει

394 588 579 641 λοιπὸν
610 591 843 659 πρᾶττε.
899 590 957 643 Ὀ
990 590 1046 643 δὲ
1076 590 1185 643 τῶν
1217 592 1435 644 πάντων
1466 591 1674 662 Κύριος
1719 592 1815 644 καὶ
1838 591 1974 655 Θεὸς

396 682 492 735 καὶ
521 683 800 750 Δεσπότης
832 684 859 734 ὀ
894 682 1063 734 θέλων
1098 682 1310 743 πάντας
1353 681 1623 746 σώζεσθαι
1658 683 1747 737 διὰ
1789 684 1977 751 φιλαν-

398 773 667 844 θρωπίαν.
706 773 871 835 αὐτὸς
910 776 1005 827 καὶ
1040 775 1100 827 σὲ
1134 773 1377 847 στηρίξει
1417 778 1474 827 ὲν
1515 776 1854 848 ἀγαθοεργίᾳ
1883 775 1977 830 τοῦ

362 866 692 938 ξπλσηρωτὴν
733 867 989 933 γενέσθαι
1038 884 1095 918 σε
1132 866 1239 919 τῶν
1283 868 1447 919 αὐτοῦ
1479 868 1853 938 ἐνταλμάτων,
1885 871 1980 923 καὶ

360 954 379 1003 ’ἴ
399 956 678 1025 βασιλείας
726 958 972 1027 οὐρανῶν
1022 958 1254 1026 ὀφθῆναι
1294 959 1634 1029 κληρονόμον
1674 964 1730 1013 ἐν
1758 961 1980 1032 Χριστῷ

395 1044 473 1115 τῷ
512 1046 701 1116 Κυρίῳ
742 1064 867 1116 μου,
913 1040 955 1115 ᾧ
1001 1048 1033 1118 ἡ
1084 1048 1211 1115 δόξα
1260 1050 1353 1101 καὶ
1400 1051 1600 1121 κράτος
1644 1051 1723 1113 είς
1774 1052 1978 1115 αἰῶνας

396 1136 609 1193 αἰώνων
646 1155 705 1190 τε
737 1141 828 1191 καὶ
857 1141 949 1193 ἐπὶ
986 1140 1224 1195 αἰώνων.
1273 1144 1471 1214 Ἀμήν.

2081 514 2334 565 onerosa,
2361 501 2424 553 de
2447 506 2643 554 caetero
2667 500 2808 554 sicut
2841 500 2919 553 vis
2951 514 3069 569 age.
3103 499 3437 552 Cunctorum
3466 508 3645 553 autem

2082 593 2347 648 Dominus
2382 602 2437 647 et
2467 592 2611 647 Deus
2643 595 2987 663 omnipotens
3014 592 3107 663 qui
3134 606 3233 661 pro
3258 592 3524 647 charilate
3551 608 3647 647 sua

2085 684 2198 738 vult
2231 699 2422 739 omnes
2457 684 2522 737 ad
2555 684 2786 739 salutem
2826 686 3034 748 venire,
3070 684 3185 754 ipse
3232 696 3282 739 te
3309 682 3649 739 conﬁrmabit

2079 777 2132 831 in
2154 779 2467 846 operatione
2486 777 2610 832 honi
2631 779 2695 831 ad
2720 779 3129 849 exsequendum
3162 779 3333 846 ipsius
3361 788 3647 846 prteccpla,

2081 878 2141 923 ut
2172 870 2270 924 tias
2303 871 2451 941 regni
2485 871 2747 924 caelorum
2813 872 2984 926 haeres
3044 871 3097 926 iu
3144 868 3363 923 Christo
3419 868 3650 922 Domino

2079 978 2222 1025 meo,
2256 962 2341 1016 cui
2394 963 2565 1033 gloria
2596 972 2649 1017 et
2681 971 2922 1032 potestas
2968 963 3021 1017 in
3080 964 3279 1019 sazcula
3326 962 3650 1021 saeculorum

2079 1062 2131 1109 et
2170 1054 2334 1109 ultra.
2362 1057 2555 1110 Amen.

436 1233 555 1317 .Eif
587 1236 1360 1317 codice“cat/egiiercorum
1378 1243 1431 1295 in
1468 1243 1609 1317 alma
1648 1244 1776 1317 urbe
1814 1245 2146 1315 desumplum
2189 1265 2219 1300 a
2271 1264 2350 1300 me
2389 1247 2488 1315 fuit
2539 1248 2833 1313 prteredens
2871 1246 3197 1313 opusculum.
3230 1244 3295 1298 In
3325 1245 3432 1317 alio
3477 1254 3651 1317 autem

396 1306 633 1386 ejusdem
662 1306 882 1386 Collegii
917 1310 1092 1386 {adice
1144 1312 1665 1386 nonnuliaAanaloga
1711 1306 2179 1382 desire/tendebam.
2231 1306 2694 1385 Postq'uam'enim
2741 1317 2804 1368 de
2837 1306 3000 1369 tribus
3056 1317 3276 1384 jejuniis
3333 1315 3651 1369 solemnibus

397 1386 574 1430 actum
604 1377 728 1445 fuit,
767 1390 891 1431 ante
921 1379 1150 1443 Pascha,
1183 1392 1302 1433 ante
1329 1381 1573 1451 Deipara:
1598 1377 1913 1449 transitum,
1946 1397 1994 1441 et
2029 1398 2150 1441 ante
2188 1377 2411 1441 Natalia
2444 1388 2679 1453 Domini,
2713 1389 2787 1440 sic
2812 1388 2981 1455 pergit
3022 1377 3208 1440 auctor
3252 1402 3547 1455 anonymus
3581 1401 3599 1439 :

469 1472 553 1524 Τὰ
581 1471 743 1542 ὃμοια
775 1473 968 1527 τούτου
1009 1475 1101 1529 καὶ
1141 1477 1397 1548 Ἰωάννης
1439 1479 1467 1531 ὀ
1494 1480 1733 1544 Νικαίας
1772 1498 1976 1553 μητρο-

402 1562 626 1631 πολίτης
654 1564 821 1631 φησὶν
870 1566 930 1617 ὲν
970 1566 1035 1636 τῇ
1078 1567 1214 1637 πρὸς
1260 1569 1351 1623 τὸν
1382 1570 1670 1625 καθολικὸν
1696 1572 1805 1624 τῶν
1848 1573 1978 1645 Ἀρ-

2150 1482 2290 1536 Huic
2319 1482 2517 1536 similia
2548 1482 2785 1537 Joannes
2804 1496 3021 1551 quoque
3064 1480 3276 1536 Nicaeus
3305 1479 3658 1549 metropolitar

2079 1572 2214 1628 dixit
2242 1574 2296 1627 in
2322 1572 2548 1639 epistola
2574 1572 2641 1626 ad
2674 1573 2971 1627 comitium
3007 1572 3390 1626 Armeniorum
3426 1572 3648 1640 scripta.

400 1652 601 1722 μενίων
648 1655 925 1725 γραφείσῃ
962 1658 1243 1730 ἐπιστολῇ.
1292 1660 1350 1715 '0
1407 1660 1463 1715 δὲ
1504 1663 1808 1730 άγιώτατος
1871 1683 1976 1719 πα-

2083 1666 2476 1721 Sanctissimus
2531 1672 2713 1719 autem
2744 1664 3055 1734 patriarcha
3098 1662 3652 1732 Constantinopoleos

396 1746 665 1816 τριάρχης
742 1748 1375 1817 Κωνσταντινουπόλεως
1448 1754 1638 1825 κύριος
1707 1756 1978 1819 Νικόλαος

400 1840 683 1910 ἠρωτήθη,
726 1842 820 1894 ἐπὶ
854 1843 1073 1897 συνόδου
1110 1846 1530 1917 προκαθήμενος
1562 1847 1714 1918 παρὰ
1751 1849 1859 1902 τῶν
1887 1866 1981 1919 μοι

399 1936 580 2005 ναχῶν
615 1937 711 1989 τοῦ
746 1937 932 2006 Ἀγίου
977 1940 1161 2011 ὅρους,
1189 1943 1238 1994 εί
1269 1942 1375 2014 χρὴ
1415 1942 1696 2012 νηστεύειν
1722 1944 1980 2013 νηστείαν

402 2027 509 2096 πρὸ
536 2028 639 2094 τῆς
662 2032 978 2101 κοιμήσεως
1015 2033 1115 2102 τῆς
1146 2035 1503 2103 πανυμνήτου
1547 2034 1813 2089 Θεοτόκον
1838 2050 1852 2065 ⁸
1885 2039 1981 2088 καὶ

399 2120 660 2185 ἐξέδωκεν
682 2122 855 2185 οὕτως
884 2126 1198 2197 ἐγγράφως.
1221 2126 1369 2197 Αὕτη
1395 2125 1463 2199 ἦν
1476 2129 1701 2197 νηστεία
1716 2132 1980 2200 πρότερον

400 2216 458 2266 ἐν
478 2214 555 2283 τῷ
593 2216 773 2286 καιρῷ
801 2216 978 2288 τούτῳ
999 2219 1093 2271 τοῦ
1130 2220 1464 2289 Αὐγούστου,
1489 2222 1752 2294 μετετέθη
1784 2222 1840 2276 δὲ
1868 2222 1981 2311 ⁸διόι

397 2307 462 2357 τὸ
487 2309 868 2377 παραπίπτειν
914 2313 1036 2372 ταῖς
1069 2313 1211 2365 κατὰ
1252 2313 1345 2366 τδν
1384 2315 1577 2385 καιρὸν
1619 2317 1807 2370 τοῦτον
1837 2307 1985 2385 γινο-

404 2400 594 2468 μέναις
616 2402 860 2466 ἐθνικαῖς
883 2405 1185 2475 νηστείαις.
1216 2407 1359 2477 Πλὴν
1387 2409 1481 2461 καὶ
1504 2410 1581 2462 ἔτι
1604 2409 1704 2481 τὴν
1724 2411 1982 2481 νηστείαν

402 2493 609 2563 ταύτην
635 2495 985 2567 φυλάσσομεν
1029 2500 1121 2551 καὶ
1169 2500 1537 2570 νηστεύομεν·
1574 2501 1713 2554 ὥστε
1752 2504 1816 2555 ἐκ
1855 2502 1983 2555 τού-

403 2601 498 2662 του
543 2586 703 2656 δῆλόν
733 2590 870 2653 ἐστι,
904 2590 1087 2654 καθὼς
1132 2591 1364 2662 ἔφημεν,
1407 2584 1489 2646 ὅτι
1531 2597 1629 2663 μία
1669 2590 1737 2667 ἦν
1773 2598 1981 2664 ἡπᾶσα

403 2680 627 2746 νηστεία
662 2681 694 2751 ἡ
730 2683 869 2750 μετὰ
891 2683 990 2754 τὴν
1027 2684 1158 2754 μίαν
1186 2685 1286 2756 τῆς
1320 2692 1361 2739 ν’
1403 2686 1670 2756 ἑϐδομάδα
1724 2688 1853 2757 ἄχρι
1883 2688 1983 2758 τῆς

404 2772 735 2841 Κοιμήσεως
767 2774 1170 2844 τῆς·Θεοτόκου
1198 2792 1211 2806 ⁸
1248 2777 1352 2830 ὑπὸ
1383 2778 1438 2832 δὲ
1463 2779 1569 2831 τῶν
1603 2780 1774 2847 ἁγίων
1810 2781 1984 2833 Πατέ-

406 2881 518 2933 ρων
551 2866 638 2919 διὰ
666 2868 983 2937 οἰκονομίαν
1011 2869 1272 2938 ἐξεκόπη.
1320 2870 1602 2942 Ἐτυπώθη
1638 2872 1692 2926 δὲ
1730 2873 1858 2944 ἄχρι
1883 2873 1985 2943 τῆς

405 2959 598 3029 ἑορτῆς
614 2960 723 3014 τῶν
755 2956 956 3030 Ἀγίων
996 2962 1337 3017 Ἀποστόλων
1361 2965 1645 3035 νηστεύειν
1668 2981 1680 2996 ⁸
1697 2963 1985 3031 εῖθόὖτως

2078 1761 2333 1817 dominus
2359 1758 2641 1823 Nicolaus,
2675 1757 2884 1828 synodo
2908 1756 3227 1825 praasidens,
3285 1756 3651 1837 interrogatus

2077 1862 2161 1908 est
2192 1868 2221 1908 a
2249 1852 2533 1908 monachis
2578 1852 2730 1907 Sacri
2768 1852 2968 1906 montis
3014 1865 3142 1903 num
3178 1857 3304 1903 ante
3356 1847 3655 1902 Dormitio-

2081 1960 2203 2001 nem
2230 1946 2560 2000 venerabilis
2601 1944 2842 2014 Deiparze
2889 1945 2959 1999 sit
3014 1942 3394 2013 jejunandum.
3449 1940 3514 1995 Et
3572 1941 3654 1997 sic

2083 2039 2305 2094 tradidit
2340 2038 2606 2108 scriptum
2638 2057 2652 2092 :
2708 2037 2824 2092 lloc
2848 2036 3120 2107 jejunium
3148 2036 3384 2106 primum
3406 2042 3523 2090 erat
3550 2033 3654 2087 hoc

2083 2132 2316 2202 Augusti
2346 2141 2610 2201 tempore,
2642 2131 2734 2185 sed
2764 2126 2985 2200 propter
3011 2130 3293 2199 gentilium
3318 2126 3525 2198 jrjnnia
3555 2128 3657 2182 hoc

2084 2231 2327 2293 tempore
2355 2224 2697 2279 occurrentia
2752 2224 3075 2278 translatum
3117 2228 3219 2277 est.
3272 2221 3524 2276 Attamen
3552 2221 3657 2275 hoc

2077 2314 2348 2387 jejunium
2379 2316 2738 2372 observamus
2770 2316 2947 2371 adhuc
2999 2323 3053 2370 et
3104 2314 3463 2384 jejunamus;
3514 2311 3658 2365 unde

2084 2408 2439 2463 manifestum
2472 2416 2698 2478 apparet
2748 2407 2913 2476 quod,
2948 2414 3007 2460 ut
3036 2406 3299 2468 diximus,
3344 2419 3511 2458 unum
3541 2410 3661 2457 erat

2083 2511 2312 2565 prorsus
2349 2497 2623 2566 jejunium
2676 2505 2802 2566 post
2854 2512 3015 2550 unam
3057 2496 3413 2551 Pentecostes
3453 2494 3659 2548 hebdo-

2084 2588 2300 2643 madam
2343 2604 2515 2658 usque
2570 2590 2637 2643 ad
2696 2588 3092 2644 Dormitionem
3151 2589 3442 2658 Deiparaa;
3494 2585 3588 2641 sed
3628 2600 3658 2639 a

2087 2682 2292 2735 sanctis
2343 2678 2595 2735 Patribus
2639 2696 2736 2750 per
2800 2679 3160 2734 oeconomiam
3204 2686 3468 2734 resectum
3512 2676 3657 2732 fuit:

2085 2780 2352 2829 statutum
2414 2781 2593 2828 tamen
2646 2781 2728 2827 est
2761 2788 2935 2843 usque
2976 2773 3044 2828 ad
3094 2772 3292 2827 festum
3322 2771 3651 2826 Sanctorum

2086 2864 2471 2934 Apostolorum
2492 2864 2793 2935 jejunium;
2820 2864 3016 2920 deinde
3036 2865 3360 2919 cessandum
3384 2880 3399 2929 ;
3422 2863 3650 2930 posthac

2084 2956 2441 3026 jejunandum
2496 2959 2564 3013 ab
2609 2957 2765 3012 initio
2818 2956 3048 3026 Augusti
3102 2970 3277 3026 usque
3312 2955 3379 3009 ad
3417 2953 3659 3023 Deipara:

406 3049 678 3103 ἐπιλύειν·
719 3049 914 3105 ἔπειτα
967 3053 1063 3107 ἀπ’
1109 3054 1283 3125 ἀρχῆς
1333 3052 1647 3125 Αὐγούστου
1701 3060 1982 3128 νηστεύειν

2090 3049 2505 3116 Dormitioucm,
2555 3059 2609 3104 ct
2641 3051 2821 3104 denuo
2856 3064 2979 3104 esse
3014 3048 3359 3104 solvendum.
3390 3047 3531 3115 Quid
3560 3048 3661 3118 igi-

407 3142 534 3212 ἄχρι
561 3144 659 3212 τῆς
687 3146 1021 3216 Κοιμήσεως
1048 3148 1147 3216 τῆς
1192 3148 1458 3202 Θεοτόκου
1482 3168 1500 3185 ο
1546 3151 1638 3203 καὶ
1677 3152 1839 3205 πάλιν
1868 3153 1983 3206 δια-

407 3234 577 3288 λύειν.
595 3235 662 3289 Τί
686 3234 780 3290 οὖν
804 3237 1104 3309 ἐμέλλομεν
1130 3243 1323 3308 ποιεῖν,
1357 3244 1405 3295 εἰ
1438 3243 1746 3308 ἀδιακόπως
1774 3244 1980 3317 ταύτην

406 3328 815 3398 ὲνηστεύομεν;
865 3331 1048 3400 Ἔχεις
1086 3328 1191 3387 ὀὖν
1234 3336 1261 3387 ὁ
1305 3335 1663 3406 ἀμφιϐάλλων
1700 3341 1832 3410 περὶ
1878 3340 1987 3393 τῶν

407 3418 666 3472 τοιούτων
698 3422 965 3491 νηστειῶν
1025 3424 1126 3495 τὴν
1170 3427 1474 3497 μαρτυρίαν
1509 3430 1573 3483 ἐκ
1613 3429 1722 3482 τῶν
1753 3431 1988 3485 ἀποστο-

410 3511 579 3567 λικῶν
622 3514 718 3567 καὶ
760 3518 1181 3588 πατριαρχικῶν
1230 3521 1579 3591 παραδόσεων
1606 3539 1620 3554 ⁸
1659 3525 1752 3577 καὶ
1803 3524 1988 3577 λοιπὸν

415 3605 490 3673 μὴ
518 3606 817 3676 ἀμφίδαλε,
852 3610 938 3663 ἵνα
962 3611 1039 3682 μὴ
1066 3612 1407 3684 κατακριθῇς
1430 3612 1505 3677 ὠς
1532 3615 1857 3686 παραϐάτης
1884 3617 1991 3669 τῶν

413 3697 576 3752 θείων
609 3701 909 3768 διατάξεων
942 3703 1038 3773 (1).

2090 3153 2179 3197 tur
2201 3142 2379 3197 facere
2404 3142 2739 3197 debebamus
2788 3143 2832 3198 si
2890 3142 2992 3197 hoc
3029 3157 3135 3196 non
3185 3141 3661 3211 resecantesjeju-

2091 3234 2401 3288 uahamus?
2446 3232 2524 3288 Ex
2548 3233 2925 3303 apostolorum
2978 3238 3034 3286 et
3065 3232 3499 3301 patriarcharum
3548 3241 3663 3286 tra-

2085 3326 2386 3382 ditionihus
2433 3327 2576 3380 circa
2630 3325 2756 3379 talia
2784 3324 2992 3393 jejunia
3031 3324 3407 3378 testimonium
3458 3322 3663 3393 ponde-

2088 3434 2210 3474 rare
2238 3429 2390 3488 potes
2434 3436 2447 3473 :
2487 3426 2744 3473 caeterum
2797 3433 2905 3473 non
2939 3418 3150 3484 haesita,
3188 3433 3255 3472 ne
3288 3417 3433 3472 sicut
3477 3426 3662 3474 trans-

2090 3527 2309 3582 gressor
2335 3512 2643 3567 divinarum
2675 3511 3148 3581 praescriptionum
3183 3508 3588 3566 condemneris.

486 3842 791 3909 (leonfer
841 3860 903 3900 ea
956 3862 1077 3916 quae
1108 3847 1577 3919 hahenturpapud
1626 3848 1977 3916 Cotelerium,

2084 3888 2097 3902 .
2129 3849 2193 3902 Ε.
2230 3849 2319 3914 6.,
2353 3858 2390 3905 t.
2427 3847 2489 3915 ll,
2519 3864 2573 3919 p.
2606 3847 2729 3914 495,
2766 3854 2885 3902 ett.
2913 3844 3001 3914 ΙΙΙ,
3034 3860 3088 3915 p.
3159 3843 3285 3897 451.

1665 4166 1837 4212 ANNO
1869 4165 2089 4213 DOMINI
2120 4168 2393 4213 CMXXIX.

1377 4348 1671 4531 AN
1685 4349 1971 4532 ON
1984 4349 2651 4532 YMUS.

1845 4723 2235 4785 MONITUM.

1436 4896 1583 4958 (Aug.
1613 4892 1707 4941 MAI
1746 4894 1795 4940 in
1825 4892 1998 4954 Spicil.
2024 4892 2163 4941 Rom.
2194 4900 2308 4942 tom.
2339 4890 2394 4953 V,
2419 4905 2465 4953 p.
2490 4890 2623 4951 598.)

496 5039 562 5096 In
590 5042 795 5097 duobus
827 5043 1147 5112 bombycinis
1179 5042 1506 5097 bibliotheca:
1550 5042 1815 5097 Vaticana:
1850 5042 2142 5107 codicibus,
2166 5042 2347 5098 Ottob.
2381 5042 2469 5107 77,
2504 5041 2548 5110 ι’.
2572 5040 2662 5105 ‘22,
2687 5049 2735 5093 et
2777 5038 2898 5093 Vat.
2928 5038 3086 5102 H35,
3122 5039 3163 5107 ι’.
3199 5040 3320 5093 item
3364 5040 3435 5094 25
3491 5040 3668 5109 (cujus

427 5148 599 5186 recens
636 5133 994 5200 apographum
1026 5143 1101 5186 est
1130 5134 1185 5185 in
1222 5132 1340 5187 Vat.
1375 5133 1534 5195 7145,
1567 5132 1609 5201 f.
1648 5132 1797 5202 550.)
1833 5133 2148 5200 deprehendi
2176 5131 2418 5186 Grmcum
2460 5130 2746 5197 pontiﬁcio:
2777 5129 3019 5183 historia:
3061 5130 3437 5199 fragmentum,
3463 5145 3579 5181 cum
3615 5146 3674 5181 eo

426 5221 682 5286 perbrevi,
718 5237 870 5290 quem
900 5222 1110 5290 scripsi,
1148 5222 1303 5274 titulo
1331 5222 1464 5290 Περὶ
1497 5221 1604 5273 τῶν
1641 5222 1848 5274 Πάπων
1884 5223 1982 5273 ἀπὶ

2090 5220 2119 5275 ῢ
2145 5217 2406 5290 χρονικοῦ
2444 5218 2518 5272 De
2550 5215 2718 5285 Papis
2753 5232 2817 5270 ex
2853 5216 3144 5270 chrouico.
3180 5214 3340 5283 Papa:
3366 5217 3597 5283 quidem,
3626 5224 3675 5267 et

428 5310 689 5362 interdum
719 5310 1004 5376 antipapw,
1036 5308 1132 5361 hoc
1172 5309 1468 5379 fragmento
1500 5311 2011 5378 comprehenduntur
2065 5311 2337 5373 tredecim,
2371 5326 2401 5361 a
2434 5305 2690 5360 Formoso
2750 5307 2817 5358 ad
2877 5306 3149 5359 obtrusum
3189 5304 3450 5356 Joannem
3488 5306 3677 5357 decimi

394 5422 395 5425 η
430 5412 804 5450 successorem.
843 5396 1080 5462 (i’idesis
1121 5396 1763 5461 Bernardum‘Cuidonis,
1808 5415 1859 5468 p.
1900 5398 2192 5467 ﬁlii-29.2.)
2243 5395 2528 5461 Quodnam
2578 5411 2696 5447 vero
2736 5393 2892 5462 fuerit
2935 5392 3071 5445 illud
3102 5390 3673 5455 Gra'cumcltronicon,

430 5494 561 5538 unde
584 5486 681 5537 hoc
702 5486 1162 5555 ἁποσπασμάτιον
1193 5495 1459 5554 διιιηρειιηι
1491 5500 1588 5552 est,
1629 5501 1809 5541 neuter
1831 5488 1995 5541 codex
2029 5489 2376 5545 demonstrat,
2399 5486 2521 5553 quia
2542 5483 2792 5535 nimirum
2829 5484 2877 5532 in
2902 5492 3118 5548 utroque
3148 5479 3385 5531 miscella
3410 5483 3675 5551 congeries

432 5584 503 5627 est
565 5572 897 5626 diversarum
950 5591 1148 5637 rerum,
1213 5590 1329 5643 qum
1359 5576 1426 5627 ad
1471 5577 1667 5629 dictum
1704 5577 1989 5630 c/tronicon
2044 5575 2187 5629 nullo
2243 5576 2395 5629 modo
2444 5573 2724 5642 pertinent.
2769 5568 3042 5636 Reliquum
3092 5569 3253 5636 igitur
3286 5570 3410 5621 mihi
3445 5579 3583 5635 erat,
3620 5578 3676 5622 ut

436 5662 522 5713 ioc
554 5661 937 5730 fragmentum,
995 5660 1186 5715 bonum
1227 5678 1353 5715 sane
1427 5674 1582 5732 atque
1630 5665 1939 5733 pretiosum,
1982 5668 2108 5735 quia
2154 5668 2203 5719 in
2257 5665 2481 5720 obscura
2512 5678 2600 5716 seu
2626 5668 2762 5714 certe
2790 5654 3093 5710 turbulenta
3126 5657 3415 5728 pontiﬁciis
3440 5659 3678 5713 historia:

440 5757 590 5813 parte
623 5757 885 5814 versatur,
921 5747 1003 5801 hic
1031 5748 1313 5805 lectoribus
1355 5750 1675 5807 exhiberem.
2007 5758 2011 5763 “
