4088 6208
416 293 523 362 4οἾ

1858 292 2210 353 ANONYMI

3553 290 3655 354 ιοε

1239 579 1646 692 ΠΕΡΙ
1752 577 2088 690 ΤΩΝ
2203 577 2830 692 ΠΑΠΩΝ

1663 795 1802 848 ΑΠΟ
1841 792 1978 846 ΤΟΥ
2023 793 2407 848 ΧΡΟΝΙΚΟΥ.

2024 980 2098 992 ..ι-

1119 1127 1300 1238 DE
1397 1124 1796 1236 PAPIS
1891 1126 2075 1302 ax
2159 1123 2942 1241 CHRONICO.

484 1463 784 1518 Formosus
827 1461 1116 1532 episcopus
1183 1459 1420 1528 primum
1477 1459 1580 1513 fuit
1631 1459 2028 1523 PortuensisH

2163 1465 2437 1533 Φόρμοσος
2463 1460 2758 1522 ἐπίσκοπος
2792 1454 2858 1530 ἦν
2881 1459 2942 1511 τὸ
2971 1459 3232 1529 πρότερον
3263 1458 3663 1528 Πορτουένσης,

416 1552 608 1608 deinde
652 1551 832 1606 factus
889 1561 972 1605 est
1032 1550 1216 1616 Papa,
1278 1559 1330 1602 et
1403 1548 1686 1617 occupavit
1733 1549 1990 1603 thronum

419 1659 591 1698 annos
631 1643 895 1712 quinque,
946 1657 1160 1696 menses
1206 1655 1324 1695 sex.
1359 1641 1458 1694 Illo
1509 1649 1746 1704 mortuo,
1781 1641 1991 1693 vaeavit

421 1737 660 1791 Ecclesia
698 1735 889 1790 diebus
918 1736 1050 1789 satis
1082 1734 1286 1787 multis.
1317 1732 1425 1787 Iste
1459 1734 1670 1802 pictura
1706 1732 1991 1786 renovavit

421 1836 590 1881 totam
625 1826 913 1881 ecclesiam
947 1826 1086 1878 beati
1120 1824 1263 1877 Petri
1297 1824 1669 1893 apostolorum
1703 1821 1990 1891 principis.

424 1919 530 1973 Iste
561 1918 689 1971 olim
729 1932 820 1985 per
855 1925 1057 1970 metum
1092 1929 1241 1982 papze
1270 1913 1496 1968 Joannis
1525 1913 1738 1984 fugiens
1783 1913 1992 1982 episco-

422 2017 610 2076 patum
664 2007 1020 2061 Portuensem
1073 2005 1397 2074 dereliquit;
1454 2014 1504 2058 et
1554 2003 1992 2073 quandojussus

420 2100 602 2154 redire
630 2099 829 2163 noluit,
864 2099 1361 2152 anathematizatus
1405 2108 1506 2152 est.
1559 2097 1662 2152 Sed
1697 2095 1892 2150 deinde
1937 2096 1992 2148 in

422 2188 648 2256 Galliam
711 2190 793 2259 jad
849 2188 1048 2258 Papam
1108 2205 1231 2244 cum
1305 2189 1529 2253 ivissct,
1592 2189 1658 2242 ad
1729 2187 1992 2241 laicorum

425 2282 674 2337 ordinem
725 2282 794 2336 ab
832 2281 952 2351 ejus
1005 2282 1264 2336 tribunali
1299 2281 1541 2351 dejectus
1587 2289 1690 2335 est.
1730 2280 1993 2334 Przeterea

418 2373 624 2442 iuravit
654 2388 938 2442 nunquam
973 2371 1204 2428 Romam
1246 2373 1469 2438 intrare,
1510 2387 1686 2441 neque
1721 2372 1786 2426 ad
1834 2387 1994 2424 suum

420 2465 798 2535 episcOpatum
830 2466 1055 2519 reverti.
1092 2464 1290 2520 Deinde
1322 2480 1450 2519 vero
1483 2479 1512 2518 a
1559 2463 1804 2518 Mariano
1833 2461 1998 2516 Joan-

421 2557 508 2612 nis
538 2572 859 2612 successore
888 2557 1087 2627 prioris
1111 2556 1405 2627 juramenti
1440 2557 1714 2611 contraria
1745 2556 1995 2625 adeptus,

420 2663 531 2704 non
571 2650 749 2704 solum
785 2649 1016 2704 Romam
1053 2665 1305 2704 reversus
1336 2657 1443 2713 est,
1474 2647 1569 2702 sed
1603 2648 1791 2701 Romae
1819 2646 1994 2715 ipsius

421 2753 699 2793 summum
745 2739 1122 2808 pontiﬁcatum
1172 2738 1386 2807 accepit
1418 2755 1429 2790 :
1466 2739 1584 2791 ideo
1636 2737 1730 2791 illo
1776 2744 1993 2788 mortuo

421 2844 654 2898 magnus
714 2830 984 2885 tumultus
1034 2828 1208 2883 factus
1257 2839 1358 2893 est,
1412 2839 1470 2882 ut
1528 2830 1582 2881 in
1643 2827 1997 2896 sequentibus

425 2921 762 2976 ostendetur.

497 3199 810 3255 Bonifacius
845 3215 982 3276 papa
1033 3199 1279 3272 regnavit
1309 3199 1423 3255 dies
1448 3198 1547 3265 15;
1591 3207 1705 3252 erat
1751 3198 1841 3252 ille
1884 3213 1979 3251 na-

425 3293 576 3349 tione
609 3283 920 3348 Tuscanus.

504 3387 663 3442 Hunc
746 3388 947 3457 exeipit
1056 3388 1396 3456 Stephanus;
1479 3403 1751 3443 summum
1865 3402 2001 3455 pon-

439 3480 705 3535 tificatum
764 3479 937 3532 tenuit
992 3493 1195 3531 annum
1257 3494 1425 3531 unum
1471 3487 1524 3531 et
1603 3492 1820 3531 menses
1867 3485 1997 3530 tres.

431 3571 532 3624 Illo
579 3579 798 3624 mortuo
833 3572 1062 3623 vacavit
1102 3569 1341 3623 Ecclesia
1391 3569 1583 3623 diebus
1615 3569 1831 3634 tribus;
1885 3575 2004 3621 erat

436 3672 618 3717 autem
670 3663 951 3716 Romanus
1002 3675 1220 3732 genere.
1279 3661 1428 3716 Idem
1478 3677 1506 3715 a
1559 3662 1823 3716 Formoso
1869 3675 2003 3729 ρςιῃιι

435 3753 728 3822 episcopus
761 3752 1048 3806 ordinatus
1080 3751 1259 3806 fuerat
1294 3753 1445 3806 urbis
1493 3752 1739 3815 Ananiae,
1791 3761 1844 3805 et
1875 3751 2007 3803 Fur-

437 3861 653 3900 mosum
708 3861 903 3915 papam
961 3853 1278 3914 persecutus
1317 3855 1420 3908 est,
1465 3856 1519 3899 et
1573 3859 1763 3898 omnes
1817 3846 1884 3897 ah
1944 3859 2006 3897 eo

435 3938 716 3992 institutas
783 3937 1074 4006 dignitates
1146 3937 1383 3991 amoveri
1444 3937 1727 4006 judicavit.
1811 3935 2005 3989 Fertur

437 4029 602 4084 etiam
637 4029 924 4098 scriptum,
957 4030 1107 4082 illum
1142 4044 1344 4098 corpus
1383 4028 1628 4083 Formosi
1672 4029 1726 4080 in
1770 4028 2008 4082 concilio

2095 1557 2321 1628 ὕστερον
2351 1555 2542 1624 γέγονε
2580 1554 2790 1616 πάπας,
2830 1553 2920 1605 καί
2945 1548 3013 1623 ἦν
3043 1552 3317 1621 ἐγκρατὴς
3343 1551 3434 1605 τοῦ
3469 1552 3666 1622 Θρὸνου

2093 1650 2316 1718 χρόνους
2343 1653 2406 1710 ε’,
2447 1645 2624 1715 μῆνας
2646 1643 2720 1708 ς’.
2761 1645 3190 1714 Τελευτήσαντος
3238 1643 3294 1694 δὲ
3320 1643 3484 1696 αὐτοῦ
3535 1644 3665 1712 ἐχή-

2095 1756 2252 1809 ρευεν
2297 1740 2330 1807 ἡ
2379 1736 2675 1806 Ἐκκλησία
2713 1736 2923 1805 ἡμέρας
2980 1735 3193 1796 ἱκανάς.
3223 1728 3390 1796 Οὗτος
3445 1736 3536 1787 διὰ
3562 1733 3669 1793 ζω-

2094 1830 2334 1900 γραφίας
2372 1829 2681 1882 ἀνεκαίνισε
2734 1827 2830 1894 τὴν
2888 1826 3016 1894 ὃλην
3081 1825 3381 1893 ἐκκλησίαν
3431 1825 3526 1876 τοῦ
3564 1843 3668 1893 μα-

2095 1924 2289 1994 καρίου
2351 1923 2558 1990 Πέτρου
2621 1918 2715 1972 τοῦ
2776 1917 3078 1988 κορυφαίου
3142 1917 3252 1968 τῶν
3328 1915 3668 1969 ἀποστόλων.

2095 2011 2260 2077 Οὗτός
2280 2031 2410 2066 ποτε
2435 2013 2523 2065 διὰ
2547 2012 2637 2064 τὸν
2669 2011 2830 2079 φόὅον
2855 2010 2949 2062 τοῦ
2977 2008 3136 2062 πάπα
3180 2007 3426 2060 Ἰωάννου
3451 2006 3673 2073 φεύγων

2095 2112 2194 2178 τὴν
2251 2107 2552 2176 ἐπισκοπὴν
2607 2105 2982 2175 Πορτουένσην
3039 2101 3334 2154 κατέλιπε·
3396 2099 3491 2152 καὶ
3549 2100 3673 2152 ἐπεὶ

2097 2198 2539 2267 ἀνακαλούμενος
2593 2195 2835 2248 ἀνελθεῖν
2889 2195 2989 2246 οὐκ
3040 2192 3343 2262 ἠθέλησεν,
3403 2193 3672 2259 ἀνεθεμα-

2096 2275 2254 2360 τίσθη
2277 2307 2291 2322 ο
2339 2287 2479 2342 Ἀλλ’
2507 2287 2733 2355 ὕστερον
2763 2285 2843 2347 είς
2881 2283 2979 2354 τὴν
3015 2281 3247 2336 Γαλλίαν
3277 2282 3412 2350 πρὸς
3440 2283 3528 2334 τὸν
3565 2281 3672 2332 πά-

2099 2401 2207 2438 παν
2247 2381 2414 2434 ἐλθὼν
2447 2381 2554 2441 ἕως
2596 2381 2676 2440 εἰς
2724 2376 2919 2446 λαῖκὴν
2955 2374 3108 2439 τάξιν
3163 2374 3271 2428 ἀπὸ
3315 2373 3410 2425 τοῦ
3463 2371 3671 2444 βαθμοῦ

2099 2472 2263 2529 αὑτοῦ
2313 2469 2702 2538 κατεόιϐάσθη.
2747 2468 2869 2519 Ἐπὶ
2914 2465 3123 2526 τούτοις
3163 2464 3343 2532 ὤμοσε
3398 2466 3535 2533 μήτε
3574 2462 3670 2532 τὴν

2113 2564 2331 2633 Ῥώμην
2397 2561 2675 2623 εἰσελθεῖν,
2741 2559 2876 2626 μήτε
2930 2556 3008 2618 είς
3040 2555 3140 2622 τὴν
3198 2554 3392 2606 ἑαυτοῦ
3447 2555 3672 2605 ἐπισκο-

2102 2657 2208 2727 πὴν
2261 2653 2688 2724 ἐπαναδραμείν.
2723 2649 2992 2718 ’Υστερον
3045 2647 3100 2699 δὲ
3136 2646 3242 2699 ἀπὸ
3291 2646 3531 2716 Μαρίνου
3575 2645 3671 2698 τοῦ

2100 2747 2483 2818 διαδεξαμένου
2535 2746 2626 2797 τὸν
2684 2743 2940 2810 Ἰωάννην
2987 2740 3204 2796 ἐναντία
3255 2739 3349 2791 τοῦ
3401 2737 3675 2807 προτέρου

2103 2845 2268 2912 ὅρκου
2299 2837 2739 2906 διαπραξάμενος
2773 2833 2831 2885 οὐ
2877 2835 3036 2903 μόνον
3070 2832 3166 2900 τῆς
3206 2830 3425 2899 Ῥώμης
3474 2830 3668 2896 ἐπέϐη,

2102 2933 2236 2987 ἀλλὰ
2267 2931 2359 2984 καὶ
2403 2929 2622 2996 Ῥώμης
2654 2926 2823 2996 αὐτῆς
2854 2927 2953 2996 τὴν
2983 2923 3392 2996 ἀρχιερωσύνην
3425 2922 3666 2986 ἐδέξατο.

2103 3027 2193 3078 Διὸ
2219 3023 2512 3085 τεθνεῶτος
2540 3020 2704 3074 αὐτοῦ
2735 3019 2946 3089 μεγάλη
2977 3017 3197 3087 ὄχλησις
3228 3016 3472 3085 γέγονεν,
3507 3015 3582 3077 ὡς
3612 3015 3672 3066 ἐν

2102 3122 2215 3181 τοῖς
2244 3115 2536 3185 ἑπομένοις
2572 3112 2964 3183 δηλωθήσεται.

2175 3211 2491 3279 Βονιφάτιος
2523 3207 2710 3268 πάπας
2752 3201 2917 3275 ἦρξεν
2945 3202 3155 3273 ἡμέρας
3188 3207 3248 3252 ιε’
3269 3216 3282 3231 ·
3317 3195 3384 3269 ἦν
3417 3192 3571 3258 οὗτος
3597 3196 3674 3265 τῷ

2106 3305 2253 3374 γένει
2288 3304 2386 3372 μὲν
2413 3300 2746 3360 Τουσκάνος.

2179 3395 2493 3464 Διαδέχεται
2524 3391 2685 3445 αὑτὸν
2725 3391 2996 3459 Στέφανος
3018 3405 3030 3419 ·
3064 3386 3462 3458 άρχιεράτευσε
3502 3384 3558 3437 δέ
3583 3376 3675 3436 οὗ·

2108 3507 2198 3552 τος
2226 3489 2418 3559 χρόνον
2444 3506 2479 3540 α
2526 3487 2618 3537 καὶ
2661 3486 2831 3554 μῆνας
2864 3482 2934 3550 γ’.
2965 3481 3139 3535 Αὑτοῦ
3174 3483 3230 3534 δέ
3255 3480 3677 3548 τελευτήσαντος

2108 3584 2401 3652 ἐχήρευσεν
2448 3580 2480 3648 ἡ
2528 3577 2822 3646 Ἐκκλησία
2869 3576 3082 3644 ἡμέρας
3103 3581 3149 3641 γ’
3176 3591 3189 3606 ·
3219 3569 3287 3642 ἦν
3321 3571 3378 3624 δὲ
3410 3571 3488 3639 τῷ
3533 3570 3679 3636 γένει

2119 3675 2388 3737 Ῥωμαῖος
2419 3672 2515 3737 (ι).
2545 3664 2712 3731 Οὗτος
2737 3670 2845 3723 άπδ
2882 3667 3163 3737 Φορμόσου
3194 3666 3350 3719 πάπα.
3382 3663 3680 3724 ἐπίσκοπος

2112 3763 2497 3832 προεχειρίσθη
2541 3759 2748 3821 πόλεως
2791 3757 3096 3818 Ἀνανείας,
3131 3756 3226 3807 καὶ
3259 3755 3350 3806 τὸν
3402 3755 3680 3822 Φόρμοσον

2113 3858 2301 3909 πάπαν
2346 3853 2556 3917 ἐδίωξε,
2595 3852 2690 3905 καὶ
2736 3851 2918 3910 πάσας
2960 3849 3059 3910 τὰς
3096 3846 3226 3916 παρ’
3280 3845 3444 3897 αὑτοῦ
3491 3844 3682 3915 προϐι-

2115 3943 2408 4005 ϐασθεῖσας
2457 3941 2638 4004 τάξεις
2685 3939 2985 4008 διωχθῆναι
3031 3939 3287 4006 διέκρινε.
3339 3937 3568 4005 Φέρεται
3626 3935 3682 3988 δὲ

2115 4036 2211 4086 καὶ
2257 4034 2642 4103 γεγραμμένον
2683 4033 2763 4083 ὅτι
2803 4029 2968 4091 αὐτὸς
2997 4031 3089 4081 καὶ
3112 4029 3172 4079 τὸ
3217 4028 3373 4094 σῶμα
3403 4029 3680 4095 ιῑορμόσου

431 4123 624 4192 jacens
680 4123 977 4192 pontiﬁcali
1043 4123 1180 4176 stola
1231 4123 1480 4185 exuisse,
1535 4130 1588 4175 et
1650 4122 1828 4175 laicali
1863 4134 2009 4174 veste

2112 4129 2172 4178 ἐν
2203 4126 2279 4194 τῷ
2313 4125 2625 4194 συμϐουλίῳ
2650 4122 2902 4192 κείμενον
2938 4121 3034 4190 τὴν
3064 4119 3456 4189 ἀρχιερατικὴν
3493 4117 3683 4186 στολὴν

436 4214 701 4276 induisse,
751 4230 814 4269 ac
843 4217 1144 4284 'postquam
1196 4229 1388 4267 manus
1439 4215 1558 4282 eius
1601 4213 1838 4266 dextera:
1869 4213 2008 4264 duos

426 4303 638 4384 digitos
671 4313 1030 4374 amputasset,
1067 4305 1120 4358 in
1150 4304 1370 4357 ﬂuvium
1406 4303 1607 4372 conjici
1642 4303 1896 4372 jussisse.

509 4491 834 4545 Theodorus
863 4505 998 4560 papa
1031 4497 1192 4557 gente
1223 4488 1544 4552 Romanus;
1609 4487 1699 4541 ille
1733 4487 2008 4542 contraria

437 4597 593 4652 papae
623 4583 897 4649 Stephano
929 4583 1196 4644 sentiens,
1229 4581 1470 4636 restituit
1501 4595 1691 4634 omnes
1722 4579 2011 4650 dignitates

440 4691 471 4729 a
503 4673 768 4728 Formoso
801 4683 1029 4728 creatas.

514 4764 754 4820 Joannes
785 4781 925 4834 papa
959 4764 1217 4819 thronum
1251 4765 1483 4818 obtinuit
1507 4779 1680 4818 annos
1708 4763 1867 4825 duos,
1897 4761 2012 4815 dies

441 4857 707 4928 quinque.
775 4856 872 4910 Ille
932 4863 1122 4909 contra
1177 4853 1456 4909 Romanos
1512 4854 1772 4916 bellavit;
1836 4861 1890 4905 et
1946 4853 2010 4904 ad

442 4949 764 5005 validiorem
819 4948 1120 5002 faciendam
1180 4947 1631 5003 restaurationem
1683 4944 2012 5014 dignitatum

443 5043 719 5106 Formosi,
773 5042 1043 5112 synodum
1090 5041 1156 5093 74
1187 5041 1567 5109 episcoporum
1627 5037 1680 5089 in
1719 5037 1852 5090 urbe
1904 5035 2015 5088 Ba-

446 5148 625 5190 venna
665 5133 1040 5203 congregavit,
1072 5133 1162 5186 ubi
1200 5132 1465 5201 synodum
1510 5144 1672 5197 quam
1708 5129 2018 5198 Stephanus

436 5244 579 5299 papa
610 5235 803 5284 contra
834 5224 1160 5281 Formosum
1200 5226 1422 5286 fecerat,
1457 5223 1787 5290 reprobavi-t.

516 5479 594 5548 (l)
628 5479 707 5534 En
741 5488 798 5534 ut
830 5479 1050 5535 Gracus
1100 5477 1566 5548 chronographus,
1590 5493 1660 5548 ex
1704 5491 2020 5530 successore

443 5547 707 5618 Stephani
744 5550 992 5604 Romano
1029 5548 1193 5618 (apud
1221 5564 1318 5602 nos
1374 5563 1429 5616 p.
1461 5547 1605 5617 2H)
1639 5549 1869 5616 patriam
1903 5549 2022 5600 Ste-

445 5617 610 5687 phani
637 5618 819 5681 eliicit,
852 5617 1056 5674 omisso
1090 5620 1337 5672 Romano
1364 5618 1636 5685 pontiﬁce,
1668 5618 1759 5684 qui
1798 5627 1880 5671 est
1906 5633 2022 5670 ma-

448 5688 680 5746 nifestus
729 5703 901 5743 error.
931 5689 1235 5752 Czeteroqui
1271 5690 1322 5743 in
1358 5687 1562 5743 caeteris
1592 5688 1742 5742 valde
1783 5688 2026 5756 mireque

2113 4221 2351 4282 ἐξέδυσε,
2383 4220 2474 4271 καὶ
2524 4217 2715 4287 λαῖκὴν
2753 4217 2988 4278 ἐνέδυσε,
3036 4214 3131 4265 καὶ
3160 4215 3282 4275 τοὺς
3315 4211 3360 4278 β’
3385 4210 3682 4270 δακτύλους

2113 4313 2211 4380 τῆς
2256 4310 2434 4374 δεξιᾶς
2473 4309 2634 4361 αὑτοῦ
2682 4309 2865 4377 χειρὸς
2913 4309 3214 4377 ἀποκόψας,
3246 4310 3300 4359 ἐν
3342 4306 3418 4376 τῷ
3454 4302 3686 4371 ποταμῷ

2117 4405 2337 4473 ῥιφῆναι
2377 4400 2696 4469 προσέταξε.

2183 4494 2459 4562 Θεόδωρος
2491 4493 2677 4553 πάπας
2707 4492 2783 4559 τῷ
2816 4492 2964 4558 γένει
3005 4491 3276 4561 Ῥωμαῖος
3304 4508 3319 4524 ·
3358 4484 3513 4552 οὗτος
3541 4492 3686 4542 ἐνανο

2114 4586 2202 4638 τίκ
2233 4585 2311 4652 τῷ
2344 4585 2501 4654 πάπᾳ
2534 4584 2789 4652 Στεφάνῳ
2818 4584 3030 4652 φρονῶν
3069 4581 3477 4653 ἁποκατήλλαξε
3507 4581 3686 4642 πάσας

2114 4680 2212 4741 τὰς
2238 4677 2416 4742 τάξεις
2451 4681 2551 4739 τὰς
2581 4677 2689 4730 ἀπὸ
2721 4678 3025 4745 Φορμόσου.

2202 4772 2454 4837 Ἰωάννης
2497 4771 2682 4832 πάπας
2731 4773 2961 4840 κατέσχε
2993 4773 3082 4822 τὸν
3130 4769 3320 4839 θρόνον
3362 4768 3585 4838 χρόνους
3620 4767 3684 4834 β’.

2117 4864 2335 4934 ἡμέρας
2383 4861 2424 4915 ε’
2473 4863 2574 4930 (‘2).
2627 4856 2794 4925 Οὗτος
2843 4863 3150 4932 ἐμαχέσατο
3209 4860 3534 4928 Ῥωμαίοιςο
3595 4859 3688 4909 καὶ

2119 4959 2256 5026 πρὸς
2284 4957 2343 5008 τὸ
2397 4957 2622 5022 ποιῆσαι
2656 4955 3007 5025 βεϐαιοτέραν
3047 4955 3146 5024 τὴν
3192 4951 3538 5021 καταλλαγὴν
3582 4950 3688 5002 τῶν

2118 5048 2226 5100 ἀπὸ
2252 5046 2532 5114 Φορμύσου
2567 5047 2794 5110 τάξεων,
2833 5045 3046 5098 σύνοδον
3087 5045 3160 5096 οδ’
3191 5043 3508 5096 ἐπισκόπων
3542 5044 3686 5123 ἐν.τῇ

2117 5139 2266 5190 πόλει
2297 5137 2566 5208 Ῥαϐέννῃ
2600 5137 2978 5206 συνήθροισεν,
3017 5139 3151 5190 ὅπου
3173 5138 3270 5206 τὴν
3297 5134 3532 5197 σύνοδον,
3569 5134 3634 5199 ἣν
3663 5135 3689 5182 ὁ

2117 5229 2390 5297 Στέφανος
2424 5229 2610 5290 πάπας
2644 5228 2784 5280 κατὰ
2819 5228 3102 5298 ειιορμόσου
3137 5228 3462 5296 πεποίηκεν,
3491 5222 3690 5277 ἀπεδο-

2121 5322 2343 5391 κίμασε.

2131 5479 2380 5547 congruit
2413 5492 2536 5532 cum
2588 5479 2779 5533 Latina
2815 5478 3071 5532 Bel-nardi
3099 5476 3324 5532 historia
3349 5473 3571 5530 Graecus
3604 5473 3691 5533 hic

2134 5564 2460 5617 anonymus.

2204 5617 2278 5690 (‘2)
2307 5617 2611 5677 Bernardus
2633 5621 2818 5677 scribit
2847 5618 2959 5683 XV,
2998 5631 3104 5670 non
3134 5617 3194 5670 ν.
