4088 6208
479 326 588 392 409

1604 338 2077 401 FRAGMENTA
2116 340 2550 402 IIISTORICA.

3604 334 3710 399 410

547 435 857 503 Βενέδικτος
887 439 1077 503 πάπας
1111 441 1188 511 τῷ
1208 442 1355 510 γένει
1388 444 1658 514 Ῥωμαῖος
1686 447 2037 500 ἐπισκοπεύει

2218 450 2543 504 Benedictus
2584 463 2721 519 papa
2776 464 2975 519 genere
3012 447 3296 504 Romanus
3331 447 3708 517 pontiﬁcatum

475 530 706 601 χρόνους
735 529 811 598 γ’,
843 531 1025 600 μῆνας
1066 532 1112 602 β’
1134 549 1146 562 ·
1182 535 1273 587 καὶ
1300 534 1439 603 μετὰ
1458 534 1557 603 τὴν
1585 536 1842 609 τελευτὴν
1875 537 2039 592 αὑτοῦ

475 620 696 691 χηρεύει
723 622 755 692 ἠ
798 622 1091 691 Ἐκκλησία
1141 624 1429 691 Ῥωμαίων
1454 625 1670 696 ἡμέρας
1694 633 1769 691 ς’.

544 713 700 768 Λέων
723 713 937 784 ἡμέρας
987 712 1039 785 μ’
1064 732 1078 746 ·
1105 715 1290 769 τοῦτον
1335 716 1393 769 δὲ
1425 717 1565 787 μετὰ
1594 719 1694 782 τὰς
1746 720 2044 792 εἰρημένας

476 804 690 874 ἡμέρας
718 805 827 858 ἀπὸ
873 807 972 877 τῆς
1001 808 1206 874 τάξεως
1232 809 1399 862 αὐτοῦ
1431 811 1806 882 Χριστοφόρος
1848 814 1881 865 6
1909 828 2043 882 πρε-

477 895 740 965 σϐύτερος
784 897 950 951 αὐτοῦ
1021 900 1386 969 ἀπωσάμενος
1433 903 1513 965 είς
1559 902 1805 970 φυλακὴν
1855 901 2039 967 ἐὸαλε,

476 987 571 1041 καὶ
601 987 778 1052 οὕτως
812 990 1030 1060 ἥρπασε
1064 991 1164 1063 τὴν
1213 993 1524 1063 προεδρίαν.
1576 994 1736 1047 Ἀλλὰ
1766 995 1859 1047 καὶ
1889 990 2042 1058 οὗτος

478 1081 616 1150 μετὰ
648 1079 695 1145 ζ’
721 1084 896 1152 μῆνας
920 1085 1019 1150 τῆς
1068 1084 1242 1154 ἀρχῆς
1285 1086 1390 1138 ὑπὸ
1430 1086 1656 1155 Σεργίου
1698 1084 1913 1157 ἐξώσθη
1945 1085 2038 1139 τοῦ

477 1171 688 1244 θρόνου,
723 1175 819 1227 καὶ
852 1176 932 1238 είς
957 1174 1205 1247 φυλακὴν
1239 1176 1615 1246 παραδίδοται.

543 1265 918 1336 Χριστοφόρος
954 1267 1132 1337 μῆνας
1166 1268 1214 1332 ζ’
1237 1285 1253 1301 ο
1287 1263 1441 1334 οὗτος
1481 1271 1539 1324 δὲ
1585 1269 1679 1323 τοῦ
1716 1270 1928 1340 θρόνου,
1964 1271 2040 1334 ὠς

471 1356 708 1428 εἴρηται,
735 1358 1014 1423 ἀπωσθεὶς
1046 1361 1237 1429 γέγονε
1268 1362 1498 1433 μοναχός
1528 1364 1628 1433 (5).

540 1547 770 1618 Σέργιος
814 1549 843 1601 6
880 1546 1125 1601 καθελὼν
1151 1548 1526 1621 Χριστοφόρον
1576 1549 1733 1620 ἄρχει
1769 1549 1868 1619 τῆς
1911 1549 2039 1602 Ἐκ·

470 1641 701 1712 κληοὶας
734 1640 984 1710 (χρόνους
1031 1638 1096 1711 ζ’)
1139 1641 1313 1710 μῆνας
1351 1646 1420 1708 γ’,
1466 1642 1678 1711 ἡμέρας
1712 1640 1841 1705 xc"
1884 1639 2042 1711 ἐσχό-

470 1733 601 1784 λισε
630 1731 688 1785 δὲ
713 1733 806 1784 καὶ
847 1731 875 1783 6
910 1731 1098 1800 θρόνος
1137 1730 1352 1801 ἡμέρας
1383 1738 1480 1786 κε’.
1518 1730 1722 1783 Τούτου
1761 1730 1838 1800 τῷ
1859 1729 2039 1798 καιρῷ

466 1827 501 1897 ἡ
539 1823 806 1894 ἐκκλησία
855 1823 950 1876 τοῦ
994 1821 1310 1893 Λατεράνιου
1352 1822 1616 1893 διεφθάρη
1647 1863 1662 1887 ,
1731 1822 1799 1893 ἣν
1856 1824 2037 1876 πᾶσαν

467 1919 576 1971 ἀπὸ
605 1916 870 1986 θεμελίων
903 1916 933 1968 6
962 1915 1255 1987 εἰρημένος
1296 1916 1516 1969 ἀνανεοῖ
1560 1915 1767 1978 πάπας.
1814 1910 1982 1977 Οὗτος
2011 1915 2040 1966 6

469 2009 695 2079 Σέργιος
742 2006 989 2069 διάκονος
1035 2004 1112 2059 ὢν
1157 2006 1326 2060 πάλαι
1390 2008 1483 2060 καὶ
1532 2006 1808 2072 ἐπίδοξος,
1858 2004 1951 2058 ἐπὶ
1981 2004 2040 2058 τὸ

470 2099 895 2170 ἀρχιερατεῦσαι
935 2096 1178 2167 Ῥώμης,
1214 2098 1319 2150 ὑπὸ
1357 2098 1640 2169 Φορμόσου
1691 2097 2037 2167 ἐκκρούεται,

470 2191 913 2261 ἀντεισαχθέντος
939 2189 1170 2245 ἐκείνου.
1207 2191 1364 2244 Μετὰ
1394 2191 1496 2261 τὴν
1524 2190 1781 2258 τελευτὴν
1807 2190 2038 2254 ἐκείνου,

468 2285 563 2340 τοῦ
606 2286 983 2355 Χριστοφόρου
1018 2284 1112 2337 τὸν
1151 2284 1340 2356 θρόνον
1388 2284 1666 2349 λαὸόντος,
1715 2278 1869 2347 οὗτος
1901 2287 2038 2339 ἀπέ-

468 2379 675 2448 δραμεν
708 2378 789 2441 είς
816 2376 944 2440 τοὺς
973 2376 1280 2446 Φράγγους,
1302 2377 1404 2458 ,καὶ
1440 2380 1506 2449 τῇ
1549 2377 1774 2449 βοηθείᾳ
1816 2377 2039 2433 ἐκείνων

468 2470 788 2543 ὀχυρωθεὶς,
848 2471 939 2524 καὶ
977 2469 1073 2524 τοῦ
1110 2470 1303 2540 θρόνου
1356 2469 1777 2541 ἐπειλημμένος,
1809 2472 1897 2525 τὸν
1940 2472 2040 2541 μὲν

469 2565 842 2637 Χριστοφόρον
873 2563 1053 2629 ζῶντα
1097 2566 1192 2617 τοῦ
1221 2563 1413 2635 θρόνου
1445 2564 1776 2631 καταγαγὼν
1823 2563 2038 2634 φυλακῇ

468 2659 871 2729 παραδίδωσιν·
939 2658 1283 2728 ἀμυνόμενος
1331 2657 1389 2711 δὲ
1458 2658 1553 2709 καὶ
1599 2658 1878 2728 Φόρμοσον
1936 2657 2038 2727 ἤδη

465 2749 896 2819 τετελευτηκότα
938 2751 1035 2818 τῆς
1082 2748 1251 2801 πάλαι
1297 2748 1621 2817 διαφθορᾶς,
1656 2747 1752 2800 καὶ
1808 2746 2040 2800 ἐκδικῶν

469 2843 664 2897 ἑαυτὸν
692 2845 787 2913 τῆς
814 2844 1163 2907 ἐκπτώσεως,
1196 2844 1380 2911 ἐξάγει
1415 2843 1510 2897 τοῦ
1540 2843 1711 2912 τάφου
1736 2842 2038 2913 Φόρμοσον,

471 2940 568 2992 καὶ
602 2940 660 2992 ἐν
693 2939 868 3010 θρόνῳ
907 2937 1167 3011 ἱερατικῷ
1199 2936 1491 3009 ἱερατικῶς
1526 2937 1873 3005 ἐνδεδυμένον
1902 2938 2040 2989 ἀποι

470 3031 869 3103 κεφαλισθῆναι
894 3029 1218 3100 προσέταξε,
1250 3032 1343 3082 καὶ
1378 3030 1459 3093 είς
1491 3029 1582 3082 τὸν
1615 3028 1838 3100 Τίϐεριν
1868 3029 2039 3099 ἀπορ-

2143 541 2388 594 exercuit
2432 555 2604 595 annos
2662 548 2772 593 tres
2802 554 3037 606 menses,
3095 538 3268 603 duos;
3326 545 3382 593 et
3427 546 3550 607 post
3595 539 3712 606 ejus

2143 640 2372 685 mortem
2413 632 2625 685 vacavit
2657 629 3026 685 Romanorum
3061 626 3307 684 Ecclesia
3350 628 3543 683 diebus
3592 643 3708 684 sex.

2213 723 2322 777 Leo
2353 723 2470 777 dies
2518 722 2882 793 quadraginta
2940 721 3221 794 regnavit;
3279 729 3333 777 et
3378 731 3502 791 post
3535 722 3710 777 dictos

2141 814 2258 869 dies
2294 814 2443 868 illum
2466 830 2496 868 a
2526 815 2791 884 dignitate
2814 814 3243 882 Christophorus
3270 812 3394 882 ejus
3425 814 3709 885 presbyter

2142 915 2400 955 amovens
2429 900 2483 954 in
2511 903 2819 956 custodiam
2849 900 3057 971 injecit,
3097 910 3151 956 et
3189 902 3260 957 ita
3303 902 3707 971 praesidentiam

2140 992 2342 1060 rapuit.
2412 992 2518 1055 Sed
2571 993 2675 1048 iste
2734 1002 2858 1062 post
2919 1007 3139 1047 menses
3194 1001 3400 1061 septem
3464 993 3613 1062 regni
3678 1008 3705 1044 a

2144 1080 2335 1152 Sergio
2391 1081 2588 1138 throno
2644 1082 2901 1153 depulsus
2952 1090 3033 1137 est
3088 1091 3143 1137 et
3196 1083 3251 1136 in
3298 1097 3573 1137 carcerem
3625 1083 3711 1135 inr

2140 1173 2348 1228 clusus.

2216 1265 2646 1336 Christophorus
2704 1266 2984 1322 mensibus
3036 1274 3283 1335 septem;
3351 1266 3442 1320 ille
3519 1276 3703 1320 autem

2143 1356 2362 1423 throno,
2422 1366 2480 1411 ut
2532 1359 2736 1414 dictum
2783 1367 2892 1426 est,
2951 1359 3212 1429 depulsus
3278 1359 3583 1413 monachus
3627 1358 3706 1412 fa-

2142 1458 2264 1504 οιυε
2296 1459 2402 1504 ρει.

2212 1555 2435 1624 Sergius
2478 1555 2878 1626 ChristOphoro
2930 1556 3230 1613 succedens
3284 1556 3556 1628 gubernat
3607 1556 3711 1611 Ec-

2140 1644 2359 1700 clesiam
2403 1645 2595 1715 (annos
2633 1644 2862 1714 septem)
2915 1661 3133 1701 menses
3183 1658 3315 1707 tres.
3365 1646 3483 1701 dies
3518 1661 3610 1701 sex
3655 1656 3711 1701 et

2143 1738 2355 1807 viginti.
2398 1737 2621 1791 Vacavit
2671 1746 2852 1791 autem
2908 1738 3067 1792 sedes
3114 1738 3308 1793 diebus
3358 1739 3604 1809 quinque
3655 1748 3709 1792 et

2140 1830 2351 1899 viginti.
2390 1828 2540 1883 Illius
2575 1838 2816 1898 tempore
2868 1829 3095 1883 ecclesia
3142 1828 3397 1884 Laterani
3430 1831 3706 1884 destructa

2140 1930 2246 1984 est,
2282 1936 2445 1991 quam
2481 1928 2650 1975 totam
2698 1936 2727 1974 a
2771 1921 3142 1975 fundamentis
3167 1921 3345 1977 dictus
3383 1921 3527 1991 Papa
3558 1936 3711 1974 reno-

2140 2008 2305 2063 vavit.
2366 2010 2473 2064 Iste
2519 2009 2743 2078 Sergius
2797 2011 3061 2066 diaconus
3109 2027 3233 2067 cum
3283 2019 3426 2067 esset
3474 2013 3602 2065 olim
3656 2020 3712 2067 ct

2140 2101 2394 2165 illustris,
2428 2101 2495 2156 ad
2527 2102 2882 2157 obtinendum
2912 2101 3217 2157 Romanum
3246 2101 3646 2171 pontiﬁcatum,
3681 2118 3710 2155 a

2140 2189 2403 2246 Formoso
2449 2201 2779 2255 removetur,
2839 2192 2957 2261 ipso
3003 2193 3182 2247 locum
3240 2190 3367 2261 cjus‘
3416 2192 3709 2246 subeunte.

2139 2281 2269 2336 Post
2293 2292 2525 2336 mortem
2559 2282 2835 2348 Formosi,
2883 2281 3281 2351 Christophoro
3325 2284 3582 2338 thronum
3615 2299 3712 2337 oc—

2139 2384 2414 2444 cupante,
2471 2376 2572 2430 iste
2633 2377 2861 2431 secessit
2917 2377 2984 2431 ad
3040 2374 3332 2439 Francos,
3388 2387 3440 2431 et
3508 2376 3713 2430 auxilio

2138 2482 2327 2521 euntm
2375 2467 2591 2535 adjutus
2622 2475 2676 2521 et
2722 2468 2918 2521 throno
2969 2468 3195 2537 potitus,
3250 2468 3711 2537 Christoplrorum

2140 2557 2357 2624 quidem
2423 2556 2605 2609 vivum
2658 2570 2689 2609 ο
2747 2558 2944 2611 throno
2999 2557 3263 2625 dejiciens
3321 2558 3373 2610 in
3435 2572 3712 2611 carcerem

2142 2647 2413 2710 includit;
2449 2646 2776 2702 Formosum
2805 2658 2985 2702 autem
3008 2647 3121 2718 jam
3157 2658 3429 2703 mortuum
3464 2649 3532 2703 dc
3562 2649 3717 2704 clade

2140 2754 2304 2807 quam
2350 2738 2478 2793 olim
2515 2739 2760 2793 subierat
2790 2739 3048 2808 puniens,
3106 2750 3159 2795 et
3211 2741 3391 2810 ipsum
3435 2744 3507 2795 ob
3556 2757 3711 2796 suam

2141 2831 2515 2900 expulsionem
2567 2831 2965 2891 condemnatis,
3004 2847 3034 2885 e
3080 2833 3335 2902 sepulcro
3388 2830 3710 2886 Formosum

2142 2921 2382 2976 extrahit
2411 2932 2465 2976 et
2496 2922 2550 2975 in
2606 2922 2809 2975 throno
2849 2922 3150 2989 pontificali
3193 2922 3450 2976 vestitum
3491 2922 3714 2989 pentiti-

2142 3013 2332 3067 caliter
2362 3012 2538 3081 capite
2578 3013 2819 3068 truncari
2847 3013 3014 3082 jussit
3036 3023 3089 3068 et
3119 3013 3171 3067 in
3218 3012 3461 3068 Tiberim
3497 3014 3715 3083 projici,

468 3123 715 3193 ῥιφῆναι,
752 3125 845 3176 καὶ
898 3124 1080 3185 πάσας
1131 3122 1231 3184 τὰς
1279 3121 1373 3174 ὑπ’
1419 3121 1585 3174 αὑτοῦ
1632 3120 2037 3188 καθεσταμένας

2145 3120 2447 3174 omnesque
2500 3104 2569 3159 ab
2620 3119 2686 3159 eo
2732 3106 3060 3160 constitutas
3104 3106 3397 3175 dignitates
3448 3107 3714 3161 amoveri.

464 3215 652 3278 τάξεις
678 3212 1084 3285 άποὸληθῆναι.
1115 3214 1350 3281 Λέγεται
1378 3213 1435 3266 δὲ
1472 3214 1590 3284 μετ’
1616 3214 1676 3267 οὐ
1715 3214 1848 3268 πολὺ
1884 3214 2037 3284 παρὰ

465 3309 666 3363 ἁλιέων
724 3307 1028 3378 εὑρημένον
1071 3307 1375 3377 Φόρμοσον,
1415 3311 1508 3359 καὶ
1548 3308 1607 3359 ἐν
1653 3309 1715 3376 τῇ
1771 3308 2038 3378 ἐκκλησίᾳ

464 3402 562 3455 τοῦ
592 3402 868 3471 μακαρίου
917 3400 1124 3469 Πέτρου
1156 3398 1403 3462 τεθέντα,
1437 3399 1670 3467 ὀφθῆναι
1713 3399 1930 3461 εἰκόνας
1960 3417 2040 3451 τι-

464 3497 574 3549 νῶν
616 3496 790 3562 ἁγίων
818 3492 1230 3565 προσκυνούσας
1264 3493 1356 3545 καὶ
1391 3492 1626 3561 ἐντίμως
1655 3491 2036 3561 ὑπαγορευού-

467 3603 569 3651 σας
602 3587 790 3649 αὐτὸν,
814 3586 908 3638 καὶ
939 3584 1099 3638 τοῦτο
1128 3570 1288 3651 δῆλον
1319 3582 1532 3645 πολλοῖς
1565 3584 1780 3651 γέγονε.

539 3678 695 3731 Μετὰ
748 3676 973 3745 Σέργιον
1032 3674 1383 3736 ’Λνπστάσιος
1438 3673 1850 3744 ἀρχιερατεύει,
1884 3675 2039 3740 γένος

467 3767 568 3836 μὲν
608 3764 900 3834 Ῥωμαῖος,
955 3766 1151 3834 κρατεί
1191 3763 1248 3817 δὲ
1295 3764 1395 3832 τῆς
1440 3762 1767 3832 Ἐκκλησίας
1814 3764 2041 3833 χρῦνους

464 3854 561 3908 δύο
588 3855 684 3907 καὶ
718 3857 896 3923 μῆνας
937 3853 1049 3915 δύο,
1084 3850 1200 3906 εἶτα
1243 3852 1501 3923 τελευτᾷ·
1541 3853 1765 3923 χηρεύει
1798 3852 1853 3907 δὲ
1889 3852 1983 3907 καὶ
2012 3853 2039 3905 ὁ

464 3948 654 4018 θρόνος
684 3948 896 4018 ἡμέρας
929 3947 1011 4012 ἓξ.

538 4040 695 4095 Μετὰ
738 4039 1094 4092 ’Δναστάσιον
1147 4037 1374 4099 Λοῦνδος
1429 4038 1575 4105 γένει
1622 4036 1892 4105 Ῥωμαῖος
1944 4038 2038 4092 καὶ

465 4132 627 4193 αὐτὸς
674 4131 862 4193 πάπας
888 4131 1098 4198 γίνεται
1135 4131 1308 4201 μῆνας
1339 4130 1398 4193 ἐξ
1424 4147 1437 4161 ·
1489 4128 1741 4200 σχολάζει
1784 4130 1967 4182 δεικαὶ
2001 4131 2033 4200 ἠ

476 4224 778 4294 Ἐκκλησία
812 4223 1025 4293 ἡμέρας
1054 4219 1165 4286 κς·’.

536 4316 695 4370 Μετὰ
738 4312 929 4366 τοῦτον
968 4312 1352 4384 ἀρχιερατεύει
1397 4313 1646 4379 Ἰωάννης
1695 4313 1919 4382 χρόνους
1944 4317 2032 4379 ιγ’,

470 4404 645 4474 μῆνας
672 4400 737 4473 β’,
763 4402 975 4472 ἡμέρας
1017 4401 1089 4470 γ’.
1131 4400 1295 4465 Οὗτος
1328 4403 1443 4466 υἱὸς
1483 4404 1707 4472 Σεργίου
1751 4405 1908 4457 πάπα
1944 4405 2036 4457 καὶ

2146 3196 2353 3252 Dicitur
2380 3213 2508 3253 vero
2542 3212 2648 3252 non
2684 3198 2856 3250 multo
2892 3206 3013 3266 post
3052 3213 3080 3251 a
3117 3198 3483 3267 piscatoribus
3512 3199 3711 3252 inven.

2141 3298 2255 3344 tum
2280 3286 2601 3342 Formosum
2627 3286 2753 3341 etin
2785 3286 3015 3340 ecclesia
3061 3286 3212 3341 beati
3241 3284 3386 3340 Petri
3407 3287 3711 3355 depositum

2140 3395 2282 3444 esse,
2332 3386 2463 3433 tunc
2491 3379 2633 3434 visas
2666 3393 2789 3432 esse
2830 3378 3095 3448 imagines
3126 3378 3436 3447 aliquorum
3492 3388 3712 3432 sancto-

2143 3489 2263 3527 rum
2294 3474 2588 3527 adorantes
2633 3471 2785 3525 illum
2818 3482 2872 3526 et
2906 3486 3027 3525 cum
3076 3471 3286 3525 honore
3329 3470 3671 3539 alloqucntes
3697 3508 3712 3531 .

2141 3577 2194 3618 ct
2225 3565 2327 3618 hoc
2357 3579 2542 3618 coram
2576 3563 2760 3617 multis
2788 3562 3058 3616 evenisse.

2214 3655 2344 3711 Post
2385 3656 2634 3726 Sergium
2685 3655 3008 3709 Anastasius
3059 3669 3333 3709 summum
3378 3652 3712 3721 pontiﬁcium

2141 3748 2367 3817 adeptus
2417 3757 2518 3813 est,
2567 3762 2766 3817 genere
2800 3747 3102 3810 Romanus,
3141 3746 3392 3816 regitque
3417 3744 3711 3799 Ecclesium

2144 3857 2317 3897 annos
2379 3841 2540 3904 duos,
2590 3850 2642 3895 et
2694 3856 2911 3895 menses
2974 3839 3148 3905 duos;
3198 3839 3394 3894 deinde
3458 3838 3714 3896 moritur.

2142 3948 2299 3991 vacat
2329 3944 2508 3989 autem
2542 3935 2776 3989 thronus
2807 3932 2999 3987 diebus
3034 3948 3151 3986 sex.

2213 4027 2341 4082 Post
2369 4027 2724 4082 Anastasium
2764 4026 2990 4079 Lumlus
3032 4038 3231 4093 genere
3268 4023 3551 4078 Romanus
3579 4039 3712 4093 papa

2141 4124 2200 4175 lit
2241 4121 2521 4175 mensibus
2550 4134 2669 4182 sex,
2704 4126 2859 4171 vacat
2887 4130 3015 4170 vero
3051 4115 3291 4170 Ecclesia
3322 4115 3513 4170 diebus
3542 4132 3633 4171 sex
3666 4126 3716 4167 ct

2142 4212 2353 4283 viginti.

2211 4313 2344 4369 Post
2390 4328 2513 4367 cum
2568 4310 2942 4382 pontiﬁcatum
2994 4319 3212 4364 exercet
3256 4304 3493 4361 Joannes
3540 4321 3715 4360 annos

2145 4407 2400 4463 tredecim
2432 4446 2445 4469 ,
2514 4420 2729 4459 menses
2786 4403 2926 4458 duos
2968 4411 3022 4456 et
3065 4401 3181 4456 dies
3228 4411 3357 4454 tres.
3406 4398 3513 4454 iste
3571 4399 3715 4452 ﬁlius

465 4499 764 4558 ἐπίσκοπος
810 4492 1104 4563 Ῥαῖέννης
1134 4495 1207 4557 ὠς
1235 4494 1335 4564 μέν
1358 4512 1439 4547 τοι
1466 4497 1747 4567 ἐπιϐήτωρ
1778 4498 1877 4565 τῆς
1919 4498 2037 4550 Ἐκ-

2146 4500 2318 4569 Sergii
2375 4513 2525 4568 papa:
2565 4506 2619 4550 et
2670 4496 2959 4565 cpiscopus
3003 4492 3299 4555 Ravenna},
3352 4501 3410 4547 ut
3456 4490 3715 4546 Ecclesia:

467 4587 698 4658 κλησιας
747 4586 955 4639 ἐκεῖθεν
1001 4585 1095 4639 καὶ
1124 4586 1232 4638 ἀπὸ
1281 4586 1480 4648 παντὸς
1525 4586 1616 4639 τοῦ
1665 4587 1794 4639 λαοῦ
1850 4587 1942 4640 τοῦ
1978 4589 2035 4641 ἐν

479 4680 741 4752 Ῥαϐέννῃ
773 4677 1115 4731 ἐκϐάλλεται.
1147 4677 1350 4732 Τούτου
1379 4681 1443 4749 τῇ
1494 4680 1655 4750 βουλῇ
1692 4681 1785 4734 καὶ
1817 4684 1880 4752 τῇ
1911 4682 2037 4751 βοη-

470 4775 590 4843 θείᾳ
632 4774 681 4826 οἱ
738 4772 1048 4841 Σαρίακηνοὶ
1090 4772 1139 4823 οἱ
1194 4771 1543 4840 κυριεύοντες
1592 4772 1822 4834 Ἰταλίας
1871 4775 2037 4841 ἐγγὺς

480 4865 701 4934 Ῥώμης
748 4864 1032 4933 ἥττηνται.
1082 4858 1217 4915 Εἶτα
1263 4862 1423 4925 αὐτὸς
1458 4864 1486 4914 6
1531 4863 1720 4926 πάπας
1783 4864 2037 4932 Ἰωάννης

470 4957 609 5028 μετὰ
657 4956 984 5025 Μαρκίωνος
1048 4954 1365 5023 Ἀλϐερίκου
1423 4955 1757 5018 εἰσελθόντες
1804 4957 1885 5020 είς
1939 4955 2037 5025 τὴν

475 5049 768 5105 Ἀπουλίαν
803 5048 945 5101 κατὰ
992 5047 1323 5119 Σαρακηνῶν
1374 5048 1525 5119 παρᾶ
1562 5049 1906 5119 Γαριλιανὺν,
1942 5052 2037 5102 καὶ

466 5142 873 5213 συμϐάλλοντες
905 5142 1019 5203 τοῖς
1063 5141 1398 5211 Σαρακηνοῖς
1442 5140 1700 5212 ἐνίκησαν
1744 5143 1839 5196 καὶ
1877 5142 2038 5196 πάλιν

462 5234 662 5297 αὐτοὺς
696 5232 840 5287 κατὰ
872 5230 1097 5302 κράτος.
1127 5228 1259 5284 Εἶτα
1291 5232 1629 5296 εἰσελθόντες
1655 5233 1712 5287 ἐν
1746 5236 1809 5304 τῇ
1847 5234 2035 5304 Ῥώμῃ

461 5328 612 5398 mpii
642 5324 846 5386 παντὸς
894 5323 990 5377 τοῦ
1022 5322 1152 5376 λαοῦ
1187 5325 1244 5376 ἐν
1270 5325 1418 5396 χαρᾷ
1464 5327 1559 5379 καὶ
1594 5329 1727 5397 τιμῇ
1776 5327 2035 5397 προσεὸές

463 5420 705 5488 χθησαν·
758 5414 878 5469 ἀλλ’
927 5413 1157 5478 ὕστερον
1191 5414 1491 5483 διαφωνίας
1544 5418 1931 5489 ἐπισυμϐάσης
1977 5422 2035 5472 ἐν

461 5509 817 5580 ἀμφοτέροις,
848 5510 876 5560 6
918 5507 1188 5576 Μαρκίων
1224 5506 1508 5570 ἐξωθεῖται
1543 5511 1639 5580 τῆς
1676 5513 1904 5575 πόλεως,
1941 5512 2036 5563 καὶ

460 5600 779 5656 διαστέλλιόν
822 5615 874 5650 τι
920 5599 1093 5670 ὄνομα
1123 5599 1294 5666 "Opta
1346 5605 1644 5674 κρατήσας,
1688 5607 1804 5656 ἐκεῖ
1840 5605 2033 5657 ἑαυτὸν

2146 4593 2309 4661 hujus
2358 4599 2653 4660 usurpator
2684 4589 2749 4641 ab
2791 4587 2942 4640 omni
2985 4584 3331 4641 Ravennensi
3361 4585 3514 4652 plebe
3560 4583 3710 4649 ejici-

2144 4693 2254 4739 tnr.
2312 4682 2443 4753 Ejus
2507 4681 2736 4736 consilio
2780 4688 2835 4733 et
2881 4695 2981 4748 0pc
3036 4677 3294 4734 Saraceni
3363 4677 3456 4744 qui
3510 4675 3713 4729 Italiam

2143 4775 2464 4831 obtinebant
2530 4775 2675 4827 circa
2741 4769 2970 4825 Romam
3037 4770 3234 4824 devicti
3295 4779 3443 4823 sunt.
3514 4766 3716 4821 Deinde

2139 4869 2257 4938 ipse
2288 4882 2423 4938 papa
2465 4864 2703 4920 Joannes
2748 4875 2805 4919 et
2834 4864 3076 4917 marebio
3128 4862 3408 4916 Albericus
3445 4859 3714 4913 inlrnnlrs

2141 4961 2195 5014 in
2228 4960 2479 5030 Apuliam
2514 4967 2705 5013 contra
2739 4957 3047 5011 Saracenos
3077 4955 3231 5024 juxta
3260 4953 3624 5009 Garilianum,
3661 4962 3713 5003 et

2141 5068 2265 5108 cum
2302 5052 2383 5106 eis
2415 5067 2608 5105 manus
2636 5052 3041 5104 committentes
3069 5047 3266 5101 iterum
3293 5061 3385 5099 eos
3416 5042 3543 5096 totis
3586 5057 3708 5093 cum

2138 5146 2353 5201 viribus
2408 5143 2688 5199 fuderunt.
2744 5141 2941 5196 Postea
2988 5138 3219 5193 Romam
3294 5136 3582 5190 redeuntes
3644 5132 3714 5185 ab

2139 5238 2286 5293 omni
2333 5237 2535 5307 populo
2590 5236 2643 5290 in
2693 5235 2890 5306 gaudio
2921 5242 2976 5287 et
3022 5233 3232 5286 honore
3284 5224 3497 5296 excepti
3546 5233 3711 5288 sunt;

2140 5330 2232 5386 sed
2275 5329 2473 5384 deinde
2503 5327 2776 5382 discordia
2813 5326 2953 5380 inter
2990 5324 3112 5377 illos
3158 5328 3434 5389 surgente,
3467 5315 3709 5371 marclrio

2139 5422 2209 5476 ab
2242 5422 2376 5476 urbe
2405 5421 2716 5489 expellitur,
2742 5427 2796 5473 et
2821 5417 3045 5473 castello
3065 5413 3195 5469 Orta
3223 5410 3445 5465 nomine
3479 5409 3709 5478 potitus,

2142 5514 2249 5568 illic
2286 5528 2344 5568 se
2385 5514 2610 5578 detinet,
2665 5512 2832 5565 mittit
2872 5519 3050 5563 autem
3088 5507 3291 5573 legatos
3329 5503 3395 5556 ad
3433 5501 3707 5571 llungros,

2142 5613 2197 5659 nt
2232 5604 2453 5658 veniant
2500 5611 2554 5657 et
2601 5601 2915 5673 possideant
2945 5598 3316 5651 Romanorum
3365 5601 3579 5659 terras;
3617 5589 3711 5659 qui

474 5759 483 5768 '
531 5757 609 5830 (ὃ)
632 5754 934 5829 Utramque
974 5761 1341 5816 narrationem
1375 5760 1440 5816 dc
1472 5775 1684 5817 carcere
1713 5770 1765 5816 et
1792 5760 1857 5815 de
1893 5759 2221 5815 monacltatu
2286 5755 2664 5829 Christophori
2693 5754 2857 5811 refert
2890 5753 3051 5809 etiam
3086 5752 3414 5809 Bernardus.
