4088 6208
391 320 448 383 4⁸
469 320 492 384 1
1428 318 1715 378 BASILII
1757 318 2339 382 NEOPATRENSIS
2377 322 2620 384 EPISC.
3550 319 3656 385 412

391 435 669 489 venientes
713 448 929 489 omnem
979 432 1235 489 Tusciam
1269 433 1696 502 perlustrat-unt,
1731 444 1785 487 et
1821 449 1956 502 pue-

2084 439 2358 490 ῑιανέπαυε
2380 453 2396 470 ο
2431 437 2644 508 πέμπει
2671 437 2730 490 δὲ
2756 438 2851 490 καὶ
2881 437 3139 508 πρέσϐεις
3169 436 3303 508 πρὸς
3334 435 3647 506 Οῦγγρους,

393 541 484 580 ros
531 539 596 578 ac
652 525 937 587 mulieres,
1001 537 1054 578 et
1109 523 1376 592 quidquid
1430 521 1650 576 auferre
1697 532 1970 591 poterant,

2087 529 2174 581 ἵνα
2213 528 2421 582 ἔλθοιεν
2465 528 2561 582 καὶ
2597 530 2909 599 κτήσωνται
2954 528 3053 598 τὴν
3093 531 3196 597 γῆν
3240 528 3564 597 Ῥωμαίων
3609 529 3660 582 οἳ

395 617 670 686 capientes
717 617 770 670 in
814 614 1160 685 llungariam
1193 610 1561 668 abduxerunt.
1585 615 1709 668 Ideo
1740 614 1973 670 Romani

2084 619 2333 683 ἐλθόντες
2361 622 2544 673 πᾶσαν
2570 619 2670 690 τὴν
2707 619 2978 673 Τουσκίαν
3013 619 3378 688 κατέδραμον,
3413 619 3508 672 καὶ
3535 621 3662 671 παῖ-

397 712 480 765 Ιιὶε
522 709 750 778 permoti
781 709 986 762 dictum
1042 708 1415 761 marchionem
1451 707 1790 760 occiderunt.
1825 706 1976 760 llnn-

2084 712 2177 774 δας
2201 715 2298 766 καὶ⁸
2329 716 2620 782 γυναῖκας,
2657 714 2748 767 καὶ
2779 715 2832 767 εἷ
2857 731 2909 765 τι
2936 713 3120 783 ἕτερον
3153 714 3340 783 φέρειν
3371 712 3657 781 ἠδύναντο,

399 801 515 871 μιτί
551 801 714 871 igitur
748 810 930 868 postea
967 816 1111 852 anno
1143 813 1361 868 quoque
1392 813 1487 866 per
1520 799 1736 867 longum
1763 809 1976 868 tempus

2084 803 2340 868 λαϐόντες
2373 808 2453 868 εἰς
2486 806 2768 876 Οὑγγρίαν
2823 807 3128 876 ἀπήγαγον.
3176 806 3267 857 Διὸ
3313 804 3360 855 οι
3402 805 3665 872 Ῥωμαῖοι

397 896 701 949 latrociniis
741 893 1019 946 Romanos
1065 893 1201 945 male
1234 893 1560 945 tractabant.
1599 889 1840 945 Joannes
1883 907 1977 944 au-

2084 897 2449 965 ταραχθέντες
2497 900 2589 950 ἐπὶ
2638 897 2815 968 τούτῳ
2861 898 2952 950 τὸν
3005 898 3298 967 εἰρημένον
3353 896 3660 965 Μαρκίωνα

401 997 510 1041 tem
545 989 722 1040 dictus
754 1003 890 1056 papa
933 1002 962 1040 a
998 985 1268 1047 militibus
1312 984 1768 1052 comprehensus,
1824 993 1874 1038 et
1919 983 1971 1037 in

2084 989 2454 1060 διεχρήσαντο.
2511 991 2576 1042 Οἱ
2605 990 2706 1059 μέν
2751 1006 2836 1042 τοι
2889 987 3130 1057 Οὖγγροι
3166 987 3396 1056 ὕστερον
3446 987 3658 1054 ἑκάστῳ

399 1080 702 1132 custodiam
745 1080 996 1147 injectus,
1033 1078 1103 1130 ibi
1143 1077 1357 1129 tandem
1404 1084 1695 1130 mactatur.

2084 1076 2192 1132 ἔτει
2226 1083 2366 1132 κατὰ
2385 1080 2610 1140 πολλοὺς
2632 1079 2689 1131 δὲ
2716 1079 2944 1149 χρόνους
2965 1077 3325 1149 λῃστεύοντες
3357 1074 3656 1144 Ῥωμαίους

399 1169 587 1231 κακῶς
631 1168 869 1221 διέθεντο
896 1186 909 1200 ·
967 1169 1221 1238 Ἰωάννης
1269 1167 1327 1220 δὲ
1379 1169 1406 1219 ὁ
1456 1167 1748 1237 εἰρημένος
1791 1167 2006 1233 πάπας,
2051 1167 2155 1222 ὑπὸ
2186 1170 2538 1240 στρατιωτῶν
2579 1169 2930 1240 συλληφθεὶς,
2973 1170 3069 1222 καὶ
3130 1170 3210 1232 εἰς
3249 1165 3497 1235 φυλακὴν
3530 1164 3660 1235 βλη-

401 1259 534 1324 θεὶς,
555 1263 671 1314 ἐκεῖ
695 1261 920 1332 ὕστερον
949 1261 1343 1329 διαφθείρεται.

479 1351 839 1406 Snbstituitur
885 1353 937 1404 in
987 1352 1105 1420 ejus
1155 1353 1332 1406 locum
1381 1351 1515 1404 alter
1544 1348 1974 1414 Joannes;cutn

2169 1347 2578 1417 Ἀντεισάγεται
2623 1349 2682 1402 δὲ
2738 1351 2820 1411 εἰς
2869 1349 2961 1401 τδν
3012 1349 3200 1401 τούτου
3253 1348 3420 1400 τόπον
3475 1347 3663 1418 ἕτερος

2098 1441 2353 1510 Ἰωάννης
2375 1457 2388 1472 ·
2424 1442 2546 1494 ἐπεὶ
2575 1442 2632 1494 δὲ
2681 1442 2869 1502 κακῶς
2902 1441 3001 1512 τὴν
3030 1442 3206 1511 ἀρχὴν
3240 1441 3509 1509 εἰσῆλθεν,
3559 1442 3662 1494 αὑ-

2083 1533 2212 1584 τίκα
2239 1533 2296 1585 δὲ
2323 1533 2418 1585 καὶ
2442 1531 2707 1602 ἐξεϐλήθη
2730 1547 2743 1560 ·
2767 1532 2857 1586 διὰ
2877 1531 3037 1584 τοῦτο
3057 1536 3152 1585 καὶ
3181 1535 3239 1585 ὲν
3264 1532 3342 1602 τῷ
3366 1531 3659 1602 καταλόγῳ

2084 1622 2194 1676 τῶν
2225 1624 2532 1694 ἀρχιερέων
2571 1624 2632 1677 οὐ
2666 1623 2896 1677 τίθεται.

403 1457 531 1494 vero
579 1441 717 1494 ir’alc
803 1442 1163 1511 principatum
1232 1442 1504 1505 obtinuit,
1558 1456 1677 1494 mox
1737 1441 1978 1510 deiectus

403 1538 518 1593 est;
557 1530 628 1585 ob
653 1546 769 1584 eam
799 1547 910 1586 rem
945 1532 996 1584 itt
1045 1532 1286 1600 catalogo
1319 1535 1632 1602 pontilicutn
1670 1548 1776 1585 non
1810 1546 1981 1602 app0--

404 1618 574 1672 nitur.

1668 2018 1838 2062 ANNO
1880 2017 2107 2062 DOMINI
2148 2019 2397 2063 CMXXX.

646 2176 992 2337 ΤΟΥ
1093 2173 2438 2310 ΜΑΚΑΡΙΩΤΑΤΟΥ
2539 2173 3431 2312 ΒΑΣΙΛΕΙΟΥ

1417 2411 1968 2467 ΜΗΤΡΟΠΟΛΙΤΟΥ
2005 2409 2195 2467 ΝΕΩΝ
2251 2410 2532 2464 ΠΑΤΡΩΝ
2571 2410 2645 2482 (Ι)

952 2575 1144 2627 ΠΡΟΛ
1158 2572 1351 2627 ΟΓΟΣ
1392 2575 1533 2626 THE
1569 2573 1979 2627 EPMHNEIA!

2084 2572 2184 2627 ΏΝ
2209 2571 2432 2625 APION
2460 2570 2553 2624 IB'
2587 2570 2836 2624 ΠΡΟΦΗ
2846 2570 2985 2623 ΤΩΝ
3018 2568 3116 2639 (2).

1077 2929 2171 3090 BEATISSIMI
2283 2929 2990 3089 BASIL’II

1494 3223 2007 3282 METROPOLITAS
2047 3223 2577 3280 NEOPATRENSIS

693 3464 696 3467 .
765 3405 1170 3469 PROLOGUS
1210 3404 1968 3466 INTERPRETATIONIS
2012 3401 2485 3492 SANCTORUM
2533 3400 2649 3462 XII
2691 3399 3306 3462 PROPHETARUM.

1454 3563 1572 3626 (Mn
1605 3563 1738 3613 Nora
1774 3563 1904 3616 Bibl.
1937 3565 2070 3615 Patr.
2106 3571 2224 3614 tom.
2252 3563 2361 3626 Vll,
2401 3579 2451 3627 p.
2473 3563 2606 3627 540.)

475 3896 529 3952 1.
563 3892 695 3960 Quae
724 3892 942 3964 quidem
979 3891 1164 3948 divina
1200 3893 1395 3961 gratia‘
1422 3906 1658 3963 superne
1707 3909 1804 3964 per
1841 3893 1979 3950 divi-

2156 3891 2228 3949 α’.
2271 3894 2338 3948 Ἀ
2385 3893 2482 3964 μὲν
2528 3893 2561 3962 ἡ
2603 3889 2724 3946 θεία
2779 3892 2940 3962 χάρις
2995 3888 3202 3945 ἄνωθεν
3261 3891 3665 3963 φρυκτωροῦσσ

405 4003 533 4043 num
566 3987 827 4056 Spiritum
851 3984 1138 4040 etiundens
1161 3985 1212 4038 in
1243 3983 1392 4040 hisce
1414 3985 1698 4054 inspiratis
1727 4002 1758 4040 a
1788 3986 1898 4044 Deo
1927 3997 1979 4044 et

2088 3987 2218 4057 θείῳ
2283 3985 2561 4054 Πνεύματι
2626 3983 2803 4037 τοῖσδε
2862 3985 2921 4036 ἐν
3004 3985 3116 4048 τοῖς
3192 3983 3515 4056 θεολήπτοις
3574 3988 3662 4039 καὶ

405 4078 740 4134 beatissimis
766 4077 1044 4146 prophetis
1097 4077 1600 4146 prmmanitestavit,
1649 4080 1767 4150 ipsa
1797 4092 1979 4135 autem

2089 4081 2538 4152 μακαριωτάτοις
2583 4075 2866 4148 προῦφηνε
2919 4077 3254 4148 προφήταις,
3308 4078 3447 4149 αὑτὴ
3516 4079 3572 4133 δὲ
3632 4080 3665 4143 ἠ

405 4185 596 4224 rursus
627 4185 749 4224 vere
775 4169 956 4224 divina
988 4169 1080 4223 Dei
1109 4169 1161 4222 in
1189 4181 1379 4225 sancto
1425 4169 1631 4240 Spiritu
1659 4173 1830 4243 gratia
1875 4188 1978 4228 no-

403 4267 489 4323 bis
529 4267 851 4332 butnilibus,
914 4267 1148 4321 illucens
1176 4265 1394 4334 aperuit
1447 4264 1630 4319 divina
1694 4265 1977 4336 mysteria.

405 4373 515 4412 non
539 4358 866 4414 cessandum
902 4359 1118 4412 videtur
1141 4358 1288 4411 clara
1319 4357 1776 4426 interpretatione
1805 4358 1980 4426 expli-

404 4463 549 4504 care.
602 4449 759 4516 Quod
817 4450 964 4504 enim
1016 4448 1252 4518 simplici
1287 4459 1553 4518 quantum
1596 4451 1650 4504 in
1704 4450 1864 4506 nobis
1896 4457 1980 4505 est

407 4556 682 4601 sermone.
721 4541 801 4594 vel
836 4549 894 4594 ut
926 4541 1106 4595 verius
1137 4541 1447 4610 loquamur,
1489 4541 1635 4610 quod
1666 4541 1981 4611 operatione

404 4632 606 4686 Christi
632 4631 722 4685 Dei
747 4639 799 4685 et
823 4631 950 4686 boni
968 4631 1266 4688 Salvatoris
1288 4633 1462 4688 nostri
1487 4633 1671 4688 datum
1697 4641 1779 4689 est
1800 4634 1979 4702 nobis,

404 4739 528 4778 cum
551 4724 884 4795 gratitudine
907 4725 1262 4795 excipientes,
1282 4725 1398 4780 haec
1422 4726 1758 4794 interpretati
1786 4741 1979 4781 sumus

405 4826 460 4868 et
485 4815 863 4885 exposuimus,
901 4814 966 4869 ad
988 4816 1444 4872 abundantiorem
1474 4816 1759 4871 scientiam
1793 4826 1847 4870 et
1885 4831 1980 4871 co-

404 4907 699 4977 gnitionem
751 4923 940 4963 eorum
986 4910 1079 4980 qui
1115 4909 1258 4965 circa
1294 4925 1391 4964 nos
1429 4908 1682 4978 legerint.
1715 4905 1852 4962 Nam
1880 4907 1980 4962 ob-

401 5016 564 5056 scura
610 5017 733 5056 cum
755 5002 864 5056 sint
889 5011 942 5057 et
963 4989 1171 5072 aperta,
1193 5003 1338 5057 velut
1357 5001 1695 5057 cernentium
1724 4999 1862 5054 male
1880 5016 1979 5056 ex-

403 5089 638 5158 planatae
673 5091 1053 5158 cogitationes.
1086 5102 1139 5146 et
1162 5092 1346 5147 multis
1366 5089 1782 5159 inintelligibilia
1813 5089 1978 5144 simul

403 5190 456 5232 ct
486 5182 1062 5252 incomprehensibilia
1101 5192 1361 5252 tanquam
1417 5198 1447 5237 a
1482 5183 1665 5237 divina
1713 5190 1979 5252 potestate

2085 4175 2256 4238 ὅντως
2308 4174 2404 4228 καὶ
2457 4167 2525 4228 αῦ
2577 4172 2699 4225 θεία
2742 4171 2879 4224 Θεοῦ
2915 4172 2973 4224 ὲν
3014 4171 3159 4241 ἁγίῳ
3195 4170 3472 4241 Πνεύματι
3509 4173 3664 4242 χάρις

2086 4271 2221 4340 ἡμῖν
2269 4269 2385 4328 τοῖς
2439 4266 2718 4324 ταπεινοῖς
2767 4263 3130 4332 ὲπιλάμψασα
3195 4263 3495 4332 διεσάφησε
3546 4264 3661 4316 θεῖα

2090 4359 2402 4431 μυστήρια.
2464 4356 2564 4410 οὐκ
2608 4354 2868 4424 ὀκνητέον
2928 4355 3154 4421 γέγονεν
3207 4357 3289 4416 εἰς
3339 4356 3656 4426 τούμφανὲς

2083 4449 2522 4521 ἐνσημήνασθαι.
2579 4447 2744 4499 Ὅσον
2797 4446 2908 4516 γὰρ
2969 4447 3030 4498 τὸ
3079 4447 3205 4500 καθ’
3253 4448 3400 4518 ἡμᾶς
3455 4447 3662 4519 μετρίῳ

2081 4543 2246 4612 λόγῳ,
2283 4540 2483 4611 μᾶλλον
2513 4540 2569 4593 δὲ
2597 4537 2834 4608 τάληθὲς
2864 4539 3063 4602 εἰπεῖν,
3095 4538 3220 4592 ὅσον
3250 4541 3325 4609 ζτῇ
3369 4539 3662 4610 συνεργείᾳ.

2081 4632 2320 4705 Χριστοῦ
2340 4632 2432 4686 τοῦ
2463 4630 2598 4685 Θεοῦ
2629 4632 2723 4684 καὶ
2757 4629 2964 4698 ἀγαθοῦ
3007 4629 3261 4700 Σωτῆρος
3311 4629 3467 4698 ἡμῶν
3501 4629 3657 4698 ἐδόθη

2081 4730 2238 4798 ἡμῖν,
2275 4727 2334 4778 ὲν
2367 4724 2662 4792 ἐπιγνώσει
2705 4723 2985 4787 λαϐόντες,
3018 4720 3190 4775 ταῦτα
3233 4722 3327 4774 xui.
3379 4719 3658 4790 ἡρμηνεῦ-

2084 4836 2258 4887 σαμεν
2291 4818 2384 4871 καὶ
2408 4817 2768 4885 τεθείκαμεν,
2793 4817 2872 4879 εἰς
2899 4813 3296 4886 περισσοτέραν
3335 4814 3539 4882 εἴδησιν
3565 4810 3658 4864 καὶ

2080 4908 2283 4978 γνῶσιν
2339 4908 2449 4961 τῶν
2491 4907 2616 4960 καθ’
2652 4909 2802 4978 ἡμᾶς
2850 4905 3272 4974 ἐντευξομένων.
3337 4903 3656 4974 Ἀσνμφανῆ

2081 5003 2189 5072 γὰρ
2242 4991 2375 5054 ὄντα
2420 5002 2513 5054 καὶ
2543 5000 2750 5069 ἀσαφῆ,
2783 4998 2858 5062 ὡς
2899 4998 3019 5051 λίαν
3053 4999 3110 5050 δὲ
3137 4997 3523 5068 δῦστέκμαρτα
3553 4996 3658 5049 τῶν

2083 5093 2388 5162 βλεπόντων
2417 5092 2485 5144 τὰ
2513 5092 2789 5162 νοήματα,
2826 5091 2920 5142 καὶ
2965 5091 3077 5152 τοῖς
3117 5089 3334 5152 πολλοῖς
3377 5088 3660 5158 δύσληπτα

2080 5185 2169 5238 ὅτε
2199 5185 2294 5237 καὶ
2341 5184 2600 5252 ἀκίχητα,
2646 5181 2834 5252 ὥσπερ
2893 5182 2999 5234 ὑπὸ
3047 5181 3194 5242 θείας
3237 5181 3544 5250 δυνάμεως,
3585 5176 3661 5239 ὡς

403 5282 544 5343 orta,
576 5284 638 5332 ut
676 5292 865 5331 verum
917 5279 1143 5334 omnino
1187 5289 1272 5333 est
1321 5279 1467 5349 quod
1511 5277 1719 5332 dictum
1763 5286 1867 5340 est,
1907 5276 1979 5329 ita

2086 5272 2318 5344 ἀτρεκὲς
2371 5275 2434 5329 τὸ
2481 5273 2796 5344 λεγόμενον,
2825 5272 2998 5336 οὕτως
3028 5270 3390 5342 ὲνηχηθέντες
3428 5268 3660 5333 ἄνωθεν,

477 5426 732 5501 (l)__Attte
769 5433 918 5489 hunc
961 5429 1538 5501 prologumscrihitur
1571 5429 1828 5500 anonymi
1876 5429 1982 5501 hoc

406 5499 590 5570 Basilii
619 5499 1006 5570 Neopatrensis
1039 5517 1179 5569 opus
1205 5499 1644 5570 commendantis
1673 5499 1980 5570 admonitio

408 5569 629 5640 praevia!
667 5568 789 5638 quae
821 5573 1010 5640 incipit
1048 5568 1162 5628 :"0
1196 5568 1519 5636 ὺπερούσιος
1571 5571 1660 5621 καὶ
1703 5568 1979 5640 ἀνενδεὴς.

481 5637 555 5704 (2)
603 5637 700 5692 Dei
732 5641 834 5694 hoc
889 5637 1241 5695 sanetissimo
1293 5641 1548 5707 epismpo
1602 5639 1840 5691 nondum
1886 5637 1984 5692 nos

410 5707 708 5780 quidquam
745 5709 945 5780 liquide
971 5707 1602 5780 comperimus.HEtenim
1637 5723 1862 5780 nequea
1885 5707 1986 5762 Lc-

412 5777 599 5845 quinio
626 5778 724 5833 Or.
755 5776 846 5835 cli.
878 5776 944 5833 Τ.
979 5778 1043 5836 ιι.
1074 5776 1127 5847 pl
1166 5779 1291 5846 177,
1329 5779 1455 5846 178,
1502 5781 1554 5833 in
1587 5776 1856 5848 ερὶεόορίε
1883 5794 1983 5836 no—

2084 5443 2275 5482 varum
2305 5428 2585 5482 Patrarum
2623 5425 3098 5497 (Thessalicarum;
3126 5432 3387 5497 ponitur;
3417 5438 3590 5497 neque
3614 5439 3655 5497 _a

2085 5497 2302 5552 Labbeo
2338 5499 2391 5552 in
2423 5499 2600 5566 primo
2632 5495 2889 5566 apparatu
2930 5496 3293 5566 conciliorum
3328 5495 3470 5566 inter
3501 5495 3651 5566 Basia

2085 5569 2190 5638 tios,
2243 5562 2530 5638 episcopos
2583 5562 2936 5638 recensetur._
2975 5564 3356 5638 Vel-titi'ttatnen
3404 5562 3651 5638 l.equ‘it_t_ii

2087 5632 2396 5707 Labbeique
2423 5632 2676 5706 catalogi,
2706 5652 2867 5705 quam
2890 5636 3005 5707 _sint
3041 5633 3336 5707 imperfecti
3366 5676 3381 5700 ,
3409 5632 3656 5704 'quotidle

2088 5705 2492 5775 cognoséimus,
2523 5705 2650 5760 dum
2679 5723 2744 5761 ex
2779 5705 2933 5762 novis
2968 5705 3335 5761 monumentis
3391 5719 3530 5761 nova
3552 5719 3654 5760 no~

2090 5779 2236 5833 mina
2270 5779 2475 5848 passim
2528 5777 2768 5834 elucent.
2803 5824 2816 5832 .
