4088 6208
335 287 446 401 tta

1468 348 1552 410 IN
1591 349 2045 412 PROPHETAS
2091 355 2464 420 MINORES.

3491 354 3597 420 ιιι

333 449 432 504 καὶ
467 445 546 517 τῷ
577 445 696 504 ϐντι
735 448 910 505 εἰπεῖν
937 451 1143 521 νοερῶς
1185 454 1607 527 ἐπιτραπέντες,
1640 458 1738 511 καὶ
1786 459 1903 527 δρι-

2035 477 2246 531 uperne
2269 465 2448 520 edocti
2473 474 2528 521 et
2563 467 2744 538 reipsa
2794 468 3075 541 sapienter
3122 468 3274 538 loqui
3319 470 3598 526 conlidens

333 539 556 603 σθέντες
583 539 722 610 πρὸς
757 541 915 606 Θεοῦ,
954 543 1128 597 ταῦτα
1159 547 1242 608 εἰς
1274 546 1554 616 προῦπτον
1589 548 1913 620 λευκότερον

333 631 770 700 ἐσαφηνίσαμεν.
808 634 872 687 Oi
903 633 1011 706 γὰρ
1039 633 1146 704 πρὸ
1165 637 1325 706 ήμῶν
1355 638 1622 693 θειότατοι
1665 641 1759 694 καὶ
1791 641 1913 695 θεο-

335 724 494 794 φόροι
526 724 792 794 Πατέρες,
848 727 904 778 ἐν
937 728 1245 798 καταλήψει
1302 730 1457 784 ταῦτ’
1507 731 1758 802 ἔχοντες,
1816 735 1914 804 οὐχ

271 873 277 878 ,
337 814 555 869 ἃπαντα
599 813 1037 886 διηρμήνευσαμν,
1088 819 1236 874 ἔστιν
1297 823 1496 889 εἰπεῖν,
1539 825 1686 896 nam
1728 825 1817 879 διὰ
1853 827 1914 879 τὸ

339 906 690 976 πολυπληθές
733 909 845 962 τῶν
888 910 1177 981 νοημάτων
1209 913 1280 968 τὰ
1305 915 1476 968 πολλὰ
1511 919 1911 986 παρεάσαντες,

339 999 374 1071 ἦ
398 999 481 1052 ὅτι
513 999 636 1053 θεία
691 1019 778 1065 τις
820 1002 913 1055 καὶ
939 1005 1077 1073 πρὸς
1097 1005 1158 1058 τδ
1187 1007 1365 1078 τέρμα
1391 1008 1544 1062 τοῦδε
1579 1011 1674 1063 τοῦ
1707 1012 1912 1079 κόσμου

338 1091 690 1162 ταμιεύσασα
745 1095 1018 1164 τετήρηκε
1071 1096 1193 1150 Θεία
1245 1099 1428 1169 χάρις,
1485 1101 1572 1155 διὰ
1619 1102 1680 1154 τὸ
1714 1103 1808 1157 καὶ
1848 1104 1915 1157 τὰ

339 1181 462 1234 καθ’
494 1183 641 1252 ἡμᾶς
666 1183 766 1253 ἢδη
798 1185 971 1255 πέρας
1021 1185 1186 1255 ἔχειν,
1221 1190 1318 1242 καὶ
1366 1191 1502 1260 πρὸς
1535 1191 1707 1247 αἰῶνα
1739 1193 1916 1247 νεύειν

338 1275 432 1327 τδν
457 1275 849 1346 ἐπερχόμενον.
879 1278 1013 1332 Οὑδέ
1042 1280 1151 1351 γὰρ
1181 1281 1302 1352 εἰκῇ
1351 1282 1443 1335 τὸν
1475 1283 1706 1353 τυχόντα
1754 1285 1916 1340 πόνον

339 1366 436 1418 καὶ
459 1366 660 1437 ἱδρῶτα
714 1368 864 1422 τόνδε
899 1371 992 1424 τὸν
1021 1372 1348 1444 ὀνησιφόρον
1369 1375 1808 1448 κατεϐαλόμεθα,
1836 1379 1918 1444 εἰς

337 1459 480 1530 ἀέρα
513 1461 673 1532 μόνον
697 1463 790 1517 τὸν
819 1464 942 1518 νοῦν
966 1466 1022 1520 δέ
1031 1469 1236 1536 ροντες.

408 1552 475 1621 β’.
511 1552 652 1608 Ἀλλ’
673 1557 864 1627 ἐπειδὴ
883 1558 1146 1629 ἑωρῶμεν
1162 1560 1288 1624 τοὺς
1304 1561 1619 1632 ἀλιτηρῖους
1635 1561 1920 1633 Ἐϐραίους

345 1645 485 1712 μετὰ
508 1646 782 1709 τοσαύτας
807 1649 1056 1714 παιδείας
1085 1651 1182 1705 καὶ
1221 1651 1617 1720 ἐξωκειλαντας
1645 1654 1738 1708 τοῦ
1778 1657 1922 1723 ἀγα-

343 1735 462 1803 θοῦ,
497 1741 593 1792 καὶ
615 1739 697 1793 ἐτι
725 1741 1157 1812 τληπαθοῦντας,
1185 1749 1281 1799 καὶ
1313 1745 1456 1800 πάνυ
1489 1763 1552 1814 γε
1585 1746 1922 1818 κερτομοῦν-

1971 580 1984 584 -
2015 565 2121 618 tes,
2151 566 2205 610 et
2248 572 2312 611 ex
2348 557 2457 614 Deo
2483 560 2824 627 deﬁnientes,
2865 563 2979 618 haec
3011 562 3064 617 in
3097 561 3460 631 limpidiorem
3485 565 3600 618 cla-

2013 647 2228 702 ritatem
2265 652 2674 720 pr0posuimus.
2712 653 2815 720 Qui
2848 656 2992 709 enim
3036 662 3162 709 ante
3196 670 3297 709 nos
3361 656 3601 711 sanctis-

2015 737 2137 792 simi
2201 749 2254 794 et
2287 740 2457 795 divini
2501 741 2689 798 Patres
2711 746 2906 801 horum
2943 747 3361 816 intelligentiam
3399 747 3605 800 habue-

2017 834 2164 891 runt,
2198 843 2304 881 non
2347 831 2533 884 omnia
2570 831 2910 902 interpretati
2947 845 3097 900 sunt,
3141 836 3192 889 id
3225 844 3327 894 est.
3359 836 3441 888 vel
3474 837 3601 904 quia

2015 916 2407 970 sententiarum
2473 921 2872 976 multitudinem
2931 924 3251 992 plerumque
3300 925 3603 992 prater-mi-

2016 1016 2227 1071 serunt,
2298 1009 2380 1063 vel
2440 1013 2570 1080 quia
2618 1014 2805 1069 divina
2868 1017 3116 1086 qttredam
3161 1016 3214 1070 in
3267 1016 3452 1069 mundi
3485 1015 3602 1083 ejus
3677 1009 3688 1018 ’

2015 1098 2308 1151 terminum
2345 1114 2617 1169 seponens
2653 1104 2826 1174 gratia
2874 1108 3218 1171 reservavit,
3271 1107 3432 1163 rebus
3481 1120 3602 1174 quae

2016 1186 2162 1242 circa
2188 1203 2288 1242 nos
2318 1201 2446 1245 sunt
2476 1193 2635 1247 linem
2681 1210 2809 1249 mox
2858 1195 3207 1261 habentibus,
3258 1205 3313 1251 et
3342 1198 3408 1252 ad
3453 1197 3601 1251 futu-

2017 1293 2137 1332 rum
2185 1281 2438 1336 saeculum
2471 1285 2840 1342 tendentibus.
2880 1287 2998 1344 Non
3036 1290 3180 1343 enim
3229 1299 3430 1344 temere
3462 1306 3601 1360 pra:-

2019 1378 2228 1426 sentem
2273 1373 2512 1429 laborem
2546 1385 2600 1430 et
2643 1378 2873 1434 sudores
2930 1380 3065 1435 istos
3109 1383 3376 1436 salutares
3407 1396 3600 1436 susce-

2021 1462 2219 1534 pimus,
2253 1464 2305 1520 in
2337 1481 2516 1522 aerem
2557 1477 2762 1523 tantum
2813 1482 3045 1527 mentem
3082 1472 3433 1542 dissipantes.

2089 1554 2145 1608 2.
2182 1555 2286 1611 Sed
2316 1559 2572 1626 quoniam
2608 1560 2845 1617 vidimus
2900 1561 3140 1617 nefarios
3191 1562 3450 1620 llebrmos
3480 1572 3603 1636 post

2022 1653 2131 1698 tam
2158 1645 2360 1702 multas
2393 1648 2785 1717 castigationes
2815 1665 3036 1707 aversos
3056 1667 3085 1705 a
3116 1652 3284 1717 bono,
3317 1662 3370 1708 et
3395 1653 3448 1707 in
3485 1654 3600 1723 ipsa

2023 1737 2198 1791 adhuc
2225 1752 2386 1806 paena
2422 1739 2655 1794 multum
2709 1740 3060 1806 insultantes,
3108 1742 3406 1812 linguaque
3438 1742 3602 1796 etfre-

340 1845 461 1895 τας,
524 1831 938 1905 ἀθυροστόμους
989 1853 1049 1890 τε
1095 1836 1544 1909 βρενθυομένους,
1586 1815 1680 1894 καλ
1723 1840 1776 1893 εἴ
1817 1858 1919 1895 που

2035 1838 2152 1882 nata
2185 1829 2582 1898 superbientes,
2622 1840 2677 1885 et
2709 1833 2754 1886 si
2796 1831 2888 1902 qui
2924 1832 3272 1886 occurrerint
3306 1832 3610 1886 modestio-

341 1922 556 1992 τύχοιεν
584 1925 712 1988 τοὺς
757 1925 1154 1998 ἀφελεστέρους
1210 1929 1621 2000 φενακίζοντας,
1664 1933 1759 1986 καὶ
1809 1933 1922 1986 δει-

343 2014 450 2076 νῶς
487 2016 965 2088 διατεινομένους,
1017 2023 1115 2074 καὶ
1170 2023 1589 2091 ἀντιλέγοντας,
1648 2025 1722 2088 ὡς
1770 2023 1922 2077 οῦπω

344 2105 467 2157 κατ’
497 2108 696 2170 αὐτοὺς
747 2110 774 2161 6
799 2111 1038 2181 Χριστὸς
1066 2107 1194 2184 ἧκε,
1238 2116 1701 2186 προσδεχομένους
1736 2133 1794 2170 τε
1827 2117 1921 2170 καὶ

345 2199 790 2269 καραδοκοῦντας
827 2205 908 2266 εἰς
944 2205 1152 2274 μάταια
1195 2205 1288 2260 τὸν
1340 2207 1710 2278 ’Λντὶχριστον
1738 2210 1922 2272 αὐτοῖς

345 2291 566 2346 ἔσεσθαι
595 2294 654 2346 τὸ
689 2295 883 2348 δοκοῦν
910 2297 1001 2350 τὸν
1057 2298 1291 2368 δυσσεϐῆ
1342 2301 1434 2353 καὶ
1483 2303 1717 2355 πλάνονο
1753 2301 1923 2356 πολλὰ

345 2383 522 2438 δὲκαὶ
576 2385 711 2439 άλλα
765 2387 1049 2459 δεινότερα
1094 2391 1236 2442 κατὰ
1281 2392 1379 2461 τῆς
1431 2393 1735 2462 ἀμωμήτου
1765 2393 1924 2464 ήμῶν

348 2478 457 2531 τῶν
480 2479 822 2551 Χριστιανῶν
844 2481 1080 2546 πίστεως
1103 2481 1442 2554 βλασφήμως
1476 2486 1924 2555 ἐρεσχελοῦντας,

350 2571 445 2624 καὶ
497 2573 579 2632 εἰς
631 2572 794 2633 κενὰς
845 2571 1070 2635 ἐλπίδας
1125 2575 1425 2644 κεχηνότας
1473 2576 1600 2638 τοὺς
1657 2576 1924 2646 ἄφρονας,

349 2663 486 2715 ἀλλὰ
538 2664 632 2716 καὶ⁹
697 2664 807 2716 τῶν
864 2665 988 2719 κατ’
1027 2666 1227 2730 αὐτοὺς
1271 2667 1485 2720 ἀσεϐῶν
1535 2669 1826 2738 αἰρετικῶν
1858 2671 1924 2724 τὰ

355 2749 936 2825 βλάσφημαιστόματα
967 2758 1083 2827 μετ’
1105 2758 1286 2811 αὐτῶν
1319 2758 1426 2812 τῶν
1451 2761 1653 2829 ὁμοίων
1689 2764 1752 2832 τῇ
1789 2761 1925 2816 Θεοῦ

355 2848 648 2918 συνεργεξᾳ
673 2848 952 2918 ἐμφράξαι
980 2849 1316 2920 βουλόμενοι,
1352 2851 1446 2903 καὶ
1465 2851 1656 2918 δεῖξαι,
1679 2853 1773 2906 καὶ
1807 2856 1929 2906 πεῖ⁸

355 2953 467 3002 σαι,
515 2938 588 3001 ὡς
618 2933 722 3011 ἧκε
775 2941 1011 3010 Χριστὸς
1058 2943 1154 2994 καὶ
1201 2940 1372 2994 ἔπαθε
1408 2945 1750 3013 σαρκοφόρος
1777 2945 1928 3012 γενό-

358 3047 538 3098 μενος,
568 3033 661 3084 καὶ
693 3032 923 3103 τέθνηκε
964 3035 1055 3087 καὶ
1078 3036 1304 3106 ἀνέστη,
1339 3036 1433 3089 καὶ
1474 3037 1752 3108 ἀνελήφθη
1791 3039 1926 3108 πρὸς

353 3125 445 3176 τὸν
479 3124 700 3195 Πατέρα
745 3127 826 3191 εἰς
877 3127 1138 3197 οὐρανοὺς
1191 3129 1328 3200 μετὰ
1363 3129 1638 3198 σώματος,
1673 3133 1767 3184 καὶ
1809 3131 1926 3202 ⁴⁹ἡξει

353 3218 519 3272 πάλιν
547 3219 576 3270 6
605 3218 767 3282 αὐτὸς
801 3218 874 3280 ὡς
911 3218 1264 3289 θεάνθρωπος
1292 3217 1368 3272 ὣν
1420 3221 1559 3291 μετὰ
1584 3223 1681 3291 τῆς
1716 3221 1931 3293 ἀφθάρ-

352 3326 450 3362 του
500 3311 701 3381 σαρκὸς
757 3311 924 3365 αὐτοῦ
955 3329 970 3344 ’
1009 3313 1105 3365 καὶ
1166 3313 1248 3366 ὅτι
1287 3307 1446 3376 οὗτός
1499 3315 1648 3367 ἐστιν
1678 3314 1706 3366 6
1749 3315 1878 3378 Θεὸς
1903 3315 1932 3368 6

355 3403 549 3467 ἀῖδιος.
609 3403 791 3458 Ταῦτα
868 3406 1042 3474 δεῖξαι
1117 3407 1432 3478 βουλόμενοι
1485 3411 1564 3473 εἰς
1639 3409 1977 3482 κατάλυσιν⁵

357 3498 467 3551 τῶν
531 3498 766 3562 ἀσεϐῶν,
823 3500 919 3554 καὶ
977 3503 1057 3565 εἰς
1112 3503 1453 3576 ἀνακαινισιν
1513 3502 1621 3555 τῶν
1670 3490 1930 3569 εὐσεϐῶν,

356 3589 432 3651 ὡς
480 3589 540 3642 ἐν
618 3591 927 3660 προφήταις
983 3591 1284 3662 ὁμοφώνως
1348 3593 1688 3663 δηλούμενα,
1764 3593 1936 3647 ταῦτα

355 3680 727 3753 διεξήλθομεν,
763 3683 874 3736 πᾶν
923 3683 1102 3754 νόημα
1153 3685 1252 3755 τῆς
1302 3686 1462 3754 ἁγίας
1518 3686 1742 3754 Γραφῆς
1794 3687 1936 3739 κατὰ

361 3774 576 3828 Παῦλον
641 3775 730 3827 τὸν
785 3777 958 3845 μέγαν
1005 3776 1304 3830 ἀπόστολον
1375 3776 1464 3828 ἐπ’
1518 3777 1754 3849 ὠφελείᾳ
1827 3779 1936 3831 τῶν

357 3864 668 3918 ἀκουόντων
714 3863 1001 3936 εἰρημένον
1032 3868 1110 3928 εἰς
1145 3867 1376 3936 Χριστὸν
1411 3867 1933 3938 αἰχμαλωτίζοντες.

434 3956 507 4027 γ’.
535 3959 644 4014 Καί
673 3977 762 4029 μοι
784 3961 874 4014 τὸν
911 3960 1034 4013 ναῦν
1059 3961 1299 4025 εὐσεϐῶς
1332 3962 1666 4032 ἐπιστήσατε
1696 3963 1810 4015 ὅσοι
1840 3966 1936 4032 τῆς

365 4051 648 4124 μακαρίας
694 4052 842 4122 ζωῆς
895 4057 952 4107 ἐν
1009 4055 1224 4124 μεθέξει
1282 4055 1539 4123 γενέσθαι
1594 4056 1836 4126 ἐφίεσθε,
1869 4058 1936 4110 ἵν’

362 4145 514 4216 ῑδητε
571 4145 688 4208 πῶς
741 4140 886 4199 οἶδεν
926 4147 983 4199 ἐν
1026 4147 1242 4217 ὀργάνῳ
1291 4147 1533 4217 πενιχρῷ
1561 4147 1800 4216 ταπεινῷ
1846 4147 1939 4200 καὶ

367 4233 588 4305 σμικρῷ
619 4237 646 4288 6
674 4235 806 4299 θεὸς
861 4236 1043 4289 λαλεῖν
1075 4237 1144 4290 τὰ
1189 4236 1352 4289 αὑτοῦ
1373 4251 1387 4264 '
1445 4236 1632 4306 μηδεὶς
1662 4235 1939 4304 ἀντιλογος

367 4325 530 4392 ἔστω,
583 4327 958 4399 φιλόχριστοι·
1014 4329 1111 4398 οὐχ
1173 4327 1446 4399 ἡμέτερον
1489 4328 1549 4381 τὸ
1600 4330 1804 4400 δρᾶμα,
1845 4329 1940 4383 τοῦ

369 4416 504 4471 Θεοῦ
539 4418 650 4489 γὰρ
682 4421 715 4488 ή
758 4419 938 4488 χάρις,
968 4419 1237 4491 ἵναιδείξῃ
1285 4419 1366 4472 ὅτι
1419 4419 1486 4472 τὰ
1541 4418 1940 4490 ἐξουθενημένα

2030 1933 2120 1975 res
2175 1921 2526 1990 pertinaciter
2577 1923 2904 1987 obstinatos,
2937 1924 3398 1988 contradicentes,
3447 1923 3604 1994 quasi

2029 2014 2268 2068 nondum
2298 2015 2552 2071 Christus
2611 2017 2750 2086 apud
2802 2017 2925 2071 illos
2972 2019 3201 2083 venerit,
3229 2027 3510 2086 sperantes
3556 2026 3609 2070 et

2028 2117 2408 2177 exspectantes
2438 2110 2491 2162 in
2537 2123 2736 2162 vanum
2782 2109 3180 2166 Antichristum
3219 2111 3326 2166 illis
3364 2111 3606 2165 futurum

2029 2213 2173 2261 esse,
2202 2215 2311 2269 quo
2338 2199 2609 2255 videbitur
2635 2201 2835 2271 impius
2865 2214 2919 2257 et
2947 2203 3176 2257 mendax
3215 2220 3230 2268 ;
3267 2203 3432 2256 multa
3468 2219 3610 2274 quo-

2032 2308 2136 2361 que
2170 2292 2276 2346 alia
2302 2293 2539 2347 truciora
2575 2293 2629 2347 in
2679 2304 2921 2349 nostram
2962 2293 3400 2349 Christianorum
3427 2295 3611 2349 ineor-

2032 2394 2244 2454 ruptam
2291 2386 2448 2440 iidem
2494 2402 2618 2440 cum
2674 2386 3030 2456 hlasphemiis
3081 2388 3420 2455 cavillantes,
3467 2389 3612 2443 etin

2032 2492 2183 2547 spem
2214 2479 2430 2532 inanem
2463 2487 2521 2532 ut
2551 2479 2748 2534 stultos
2778 2479 3016 2544 hiantes,
3045 2479 3296 2532 volumus
3323 2481 3611 2549 impiorum

2035 2570 2175 2623 inter
2206 2569 2328 2623 illos
2360 2578 2414 2623 et
2441 2570 2824 2624 haereticorum
2857 2571 3287 2640 blasphemantia
3323 2587 3416 2626 ora
3450 2571 3613 2640 ipsis-

2036 2671 2143 2714 ιιιοι
2186 2660 2463 2716 similibus
2495 2661 2801 2717 rationibus
2830 2659 2941 2717 Deo
2975 2662 3272 2732 adjuvante
3299 2663 3613 2726 occludere,

2034 2753 2322 2807 ostendere
2350 2761 2405 2806 et
2436 2754 2781 2822 persuadere,
2827 2753 3106 2809 Christum
3167 2757 3280 2824 jam
3316 2757 3532 2812 venisse
3561 2767 3616 2811 et

2035 2859 2254 2912 passum
2288 2858 2409 2900 esse
2439 2845 2491 2898 in
2525 2860 2689 2900 carne
2739 2846 2964 2912 factum,
3022 2858 3302 2903 mortuum
3347 2863 3504 2914 esse,
3532 2865 3615 2904 re-

2036 2937 2366 3001 surrexisse,
2431 2937 2744 2992 ascendisse
2803 2939 2870 2993 ad
2929 2937 3143 2994 Patrem
3192 2941 3246 2994 in
3278 2941 3445 2996 caelos
3487 2956 3615 2996 cum

2037 3041 2264 3096 corpore
2319 3042 2440 3091 suo,
2489 3038 2545 3082 et
2599 3039 2887 3085 venturum
2928 3047 3051 3087 esse
3109 3032 3302 3086 iterum
3359 3034 3610 3088 eumdem

2036 3119 2208 3174 Deum
2261 3119 2420 3174 simul
2477 3129 2531 3175 et
2565 3122 2839 3176 hominem
2897 3138 3019 3177 cum
3072 3139 3170 3178 sua
3210 3124 3613 3193 incorruptibili

2038 3227 2223 3276 carne,
2251 3212 2480 3267 ethunc
2527 3211 2697 3266 Deum
2741 3229 2864 3270 esse
2916 3227 3178 3269 aeternum
3211 3232 3225 3268 :
3255 3217 3372 3270 haec
3422 3225 3615 3272 osten-

2038 3303 2173 3357 dere
2206 3302 2451 3357 volentes
2485 3303 2538 3357 in
2569 3304 3002 3360 destructionem
3047 3307 3336 3374 impiorum
3377 3317 3430 3362 et
3451 3323 3624 3361 reno-
3712 3341 3716 3346 -

2037 3395 2310 3449 vationem
2351 3395 2585 3464 piorum,
2613 3405 2669 3451 ut
2699 3395 2841 3466 apud
2878 3398 3176 3468 prophetas
3213 3398 3457 3452 unanimi
3485 3413 3624 3450 cou-

2037 3503 2201 3543 sensu
2241 3487 2609 3544 manifestata.
2647 3488 2774 3544 llaec
2802 3491 3180 3560 exposuimus,
3225 3505 3444 3543 omnem
3485 3504 3620 3543 san-

2038 3591 2152 3636 ctae
2185 3581 2486 3650 Scriptura:
2539 3583 2864 3637 sententiam
2891 3583 3047 3654 juxta
3099 3583 3324 3638 Paulum
3360 3599 3618 3654 magnum

2038 3673 2363 3742 Apostolutn
2398 3675 2438 3737 ',
2480 3673 2547 3729 ad
2603 3676 2892 3730 utilitatem
2954 3677 3292 3731 audientium
3350 3675 3624 3742 prolatam»

2048 3765 2103 3820 in
2139 3767 2416 3823 Christum
2441 3767 2801 3837 captivantes.

2110 3959 2162 4011 5.
2185 3955 2508 4026 Mihiligitur
2523 3967 2752 4010 mentem
2778 3955 2864 4025 pie
2887 3956 3157 4020 adhébete,
3175 3958 3624 4028 quotquotbeatte

2041 4049 2162 4102 vit-.e
2186 4058 2469 4104 consortes
2496 4048 2610 4102 ﬁeri
2640 4049 2859 4117 cupitis,
2904 4057 2962 4101 ut
2987 4049 3212 4104 videntis
3244 4053 3518 4119 quomodo
3553 4054 3606 4103 in

2042 4155 2250 4211 organo
2273 4140 2459 4205 debili,
2493 4140 2680 4193 humili
2714 4150 2767 4195 et
2793 4155 2960 4210 parvo
2991 4136 3211 4195 sciverit
3234 4140 3374 4194 Deus
3395 4157 3490 4197 sua
3512 4143 3626 4195 elo-

2042 4239 2134 4305 qui
2172 4251 2187 4298 ;
2220 4233 2403 4287 nullus
2458 4233 2818 4296 contradicat,
2884 4233 3092 4286 Christi
3155 4242 3474 4286 amatores:
3513 4249 3624 4287 non

2043 4341 2290 4382 nostrum
2319 4336 2400 4381 est
2438 4341 2615 4394 Opus;
2653 4325 2742 4378 Dei
2789 4325 2933 4379 enim
2975 4325 3147 4394 gratia
3174 4334 3280 4388 est,
3343 4333 3403 4378 ut
3435 4333 3626 4378 osten-

2043 4422 2205 4475 datur
2233 4419 2656 4488 contemptibilia
2675 4427 2724 4471 et
2745 4417 2968 4471 humilia
2991 4433 3020 4471 a
3065 4416 3174 4471 Deo
3211 4417 3387 4471 electa
3416 4431 3536 4471 esse
3558 4416 3626 4469 ad

370 4510 467 4563 xui
523 4510 593 4562 τὰ
647 4511 880 4563 ταπεινὰ
909 4509 1192 4574 ἐξελέξατο
1235 4513 1262 4563 6
1303 4510 1456 4576 Θεδς,
1486 4511 1575 4564 ἵνα
1602 4513 1931 4582 καταισχύνῃ

2046 4513 2490 4569 confundendum
2525 4510 2686 4565 fortia
2718 4513 2760 4565 ’.
2792 4510 2894 4576 Qui
2928 4511 3075 4565 enim
3123 4525 3222 4580 ego
3252 4525 3395 4572 sunt,
3426 4525 3631 4578 parvus

368 4601 441 4654 τὰ
470 4603 688 4672 ἰσχυρά.
731 4601 828 4665 Τίς
874 4602 980 4673 γάρ
1038 4600 1150 4669 ἐγὼ
1187 4606 1216 4656 6
1260 4605 1455 4673 μικρὸς
1484 4604 1575 4657 καὶ⁷
1607 4605 1821 4674 πτωχὸς
1846 4608 1942 4659 καὶ

368 4693 694 4765 ἁμαρτωλὸς
737 4693 1044 4765 ἄνθρωπος,
1081 4695 1168 4748 ἵνα
1213 4695 1280 4748 τὰ
1324 4695 1464 4748 αὐτὰ
1505 4697 1582 4759 εἰς
1615 4696 1742 4748 νοῦν
1767 4696 1949 4750 λαϐὼν

368 4787 483 4847 τοῖς
532 4785 671 4856 ἐμοῦ
728 4785 1000 4856 ἐξείποιμι
1049 4787 1394 4855 κρείττοσινς
1452 4788 1574 4841 ὅθεν
1611 4788 1824 4841 εἰσεσθε
1857 4790 1952 4842 καὶ

370 4875 548 4945 αὖθις,
600 4879 701 4932 οὐκ
737 4878 796 4943 ἐξ
831 4879 988 4949 ἐμοῦ,
1043 4879 1180 4932 ἀλλὰ
1211 4877 1348 4931 Θεοῦ
1393 4878 1454 4932 τὸ
1501 4879 1693 4950 δῶρον.
1729 4880 1820 4950 Μὴ
1860 4879 1953 4933 οῦν

370 4971 460 5026 διὰ
489 4972 550 5024 τὸ
584 4969 831 5033 meum
864 4970 1044 5024 καὶού
1071 4971 1246 5041 πάντη
1302 4970 1649 5040 καταληπτὸν
1683 4971 1782 5040 τὴν
1815 4973 1955 5040 άγα-

371 5064 473 5134 θὴν
498 5063 703 5133 ταύτην
735 5062 940 5133 εἴδησίν
964 5079 1047 5125 τις
1084 5064 1480 5134 ἐκμυκτηριεῖο
1503 5063 1635 5116 Θεοῦ
1687 5065 1794 5132 γάρ
1823 5066 1938 5116 ἐστι

377 5157 538 5224 μόνου
589 5157 652 5209 τὺ
703 5158 812 5208 πᾶν
855 5155 1170 5220 ἀπταίστως
1246 5157 1786 5226 καταλαμϐάνεσθαι.
1855 5157 1948 5210 Διὸ

376 5246 629 5315 δυσωπῶ,
693 5247 995 5319 σκοπητέον
1039 5246 1180 5300 ἔστω
1230 5250 1341 5312 τοῖς
1371 5248 1663 5317 φιλοοέοις,
1711 5249 1784 5320 μὴ
1831 5252 1947 5313 τοῖς

381 5338 640 5400 ἐναντίοις
663 5355 715 5390 τι
746 5339 854 5392 τῶν
883 5338 1062 5392 καλῶν
1094 5339 1380 5410 προέσθαι,
1413 5339 1550 5394 ἀλλὰ
1600 5341 1863 5411 νουνεχῶς
1888 5357 1948 5394 τε

381 5430 473 5482 καὶ
509 5431 953 5500 ἐπιστημονικῶς
984 5433 1041 5485 ἐν
1075 5433 1332 5504 ἀκριϐείᾳ
1363 5433 1540 5487 ταῦτα
1584 5435 1947 5503 διαλέγεσθαι,

381 5523 458 5592 μὴ
522 5523 926 5593 παροδευτικῶς
980 5524 1114 5594 μηδέ⁹
1176 5525 1519 5594 φιλονείκως,
1583 5529 1674 5597 ἀφ’
1719 5522 1780 5583 οῦ
1827 5530 1948 5583 οὐδὲ

376 5612 665 5684 λυσιτελὴς
702 5615 735 5685 ή
763 5615 1024 5683 ὠφέλεια,
1059 5615 1193 5669 ἀλλὰ
1223 5617 1486 5686 φιλοοέως
1525 5620 1618 5674 καὶ
1650 5637 1950 5690 πνευματι-

470 5778 484 5808 ¹
516 5777 537 5833 l
570 5776 712 5833 Tim.
750 5788 830 5843 ιιι,
866 5775 950 5830 16.
1027 5779 1046 5809 ³
1079 5773 1097 5829 1
1125 5775 1250 5832 Cor.
1287 5791 1324 5842 ι,
1353 5775 1441 5830 27.

2050 4619 2103 4662 et
2161 4605 2441 4660 mendicus
2478 4613 2532 4658 et
2560 4613 2811 4668 peccator
2839 4603 3025 4667 homo,
3066 4612 3124 4656 ut
3147 4602 3333 4656 eadem
3358 4602 3412 4656 in
3447 4611 3629 4656 mente

2050 4699 2388 4770 perspiciens
2413 4697 2733 4752 melioribus
2777 4712 2864 4750 me
2909 4696 3201 4751 enarrem?
3230 4694 3410 4761 Quare
3442 4694 3632 4750 sciatis

2050 4793 2271 4858 iterum,
2325 4791 2378 4846 id
2429 4806 2535 4844 non
2581 4805 2646 4844 ex
2688 4805 2772 4844 me
2802 4805 2944 4856 esse,
3002 4788 3095 4843 sed
3137 4788 3228 4842 Dei
3291 4788 3522 4843 donum.
3554 4787 3634 4842 Ne

2053 4885 2220 4955 igitur
2249 4892 2472 4953 propter
2499 4881 2770 4936 defectum
2802 4890 2896 4935 aut
2927 4879 3392 4944 insullicientiam,
3426 4880 3629 4932 bonam

2058 4977 2201 5032 hanc
2250 4974 2557 5029 doctrinam
2599 4974 2798 5044 aliquis
2831 4974 3098 5028 irrideat:
3133 4973 3227 5026 Dei
3273 4972 3418 5027 enim
3459 4970 3632 5024 solius

2057 5076 2140 5123 est
2197 5077 2367 5122 totum
2412 5065 2766 5122 ininllibiliter
2813 5065 3297 5134 comprehendere.
3350 5062 3471 5115 Ideo
3503 5074 3632 5126 rogo

2057 5170 2115 5215 ut
2143 5159 2266 5213 talis
2306 5159 2377 5213 sit
2412 5155 2501 5212 Dei
2558 5159 2752 5214 amicis
2790 5173 3011 5226 scopus,
3038 5173 3104 5210 ne
3135 5157 3282 5208 velut
3330 5149 3631 5206 adversarii

2059 5251 2264 5319 aliquid
2330 5250 2453 5304 boni
2502 5250 2938 5319 prazternnittant,
2994 5251 3086 5303 sed
3117 5257 3175 5301 ut
3233 5245 3524 5315 prudenter
3577 5247 3633 5292 et

2059 5344 2336 5414 sapienter
2369 5357 2491 5395 cum
2519 5341 2796 5412 diligentia
2843 5340 2957 5394 hare
2989 5347 3261 5402 tractent;
3305 5349 3410 5388 non
3435 5345 3633 5401 prope-

2058 5435 2232 5492 rando
2293 5450 2470 5505 neque
2536 5435 2878 5498 aemulando,
2939 5431 3082 5487 unde
3149 5429 3296 5488 nulla
3369 5423 3633 5480 salutaris

2061 5529 2269 5583 utilitas
2313 5529 2510 5591 oritur,
2559 5526 2652 5582 sed
2693 5541 2817 5582 cum
2859 5523 2952 5580 Dei
2996 5535 3181 5577 amore
3210 5528 3264 5575 et
3320 5518 3374 5572 in
3421 5516 3630 5586 Spiritu

2060 5637 2186 5677 cum
2211 5621 2478 5679 modestia
2502 5621 2616 5680 haec
2643 5620 2889 5690 accipite,
2916 5626 2968 5674 et
2993 5614 3289 5686 explorate,
3319 5621 3378 5670 ut
3405 5625 3500 5669 vos
3526 5623 3633 5664 nta-
