4088 6208
521 332 628 394 415

1262 335 1552 397 BASILII
1595 333 1974 399 NEOPATR.
2012 335 2131 398 ΕΡ.
2174 337 2253 397 IN
2294 335 2744 398 PROPHE-TAS
2786 337 2952 396 MIN.

3652 330 3752 391 6:16

511 445 602 513 jus
651 443 861 496 lucrum
915 441 1177 505 eﬂieiatis,
1228 453 1279 495 et
1329 445 1420 510 qui
1489 443 1753 497 docentur
1801 444 2079 498 meliorem

2192 446 2294 509 κῶς
2326 447 2384 498 ὲν
2421 446 2692 516 ἐπιεικείᾳ
2739 443 2914 498 ταῦτα
2937 441 3354 512 διαλαμϐάνετε,
3403 440 3498 494 καὶ
3547 440 3754 510 διεξέρ-

517 531 803 585 utilitatem
827 532 1143 600 percipiant.
1166 531 1323 586 Certe
1349 534 1577 586 nmltum
1604 533 1871 602 imprimis
1895 549 2082 588 curam

516 621 770 673 eximiam
806 621 1125 675 adhibentes
1151 662 1165 685 ,
1195 633 1247 677 et
1294 640 1413 692 qua:
1445 640 1508 676 ex
1554 639 1612 677 sc
1658 621 2086 694 interpretabilia

513 720 640 764 sunt
668 711 810 778 apud
857 713 1148 782 prOphetas
1182 731 1211 767 a
1263 716 1370 769 Deo
1408 717 1727 783 inspiratos,
1759 727 1812 771 et
1841 735 1964 786 quae
1997 735 2087 773 oc-

512 803 732 858 casione
780 819 956 858 rerum
1003 809 1372 876 quarumlibet
1439 809 1714 864 intellectu
1756 809 1900 865 facili
1942 813 2083 868 dicta

511 893 673 944 verba
713 894 766 946 in
825 893 1180 951 fundamento
1235 915 1378 960 esse,
1425 911 1483 952 ut
1537 901 1690 954 decet
1727 942 1744 968 ,
1799 904 2084 960 sinamus:

513 999 633 1050 quae
689 1000 818 1036 vero
867 996 997 1039 sunt
1053 987 1284 1043 difﬁcilis
1338 991 1732 1060 intelligentiae,
1793 996 2088 1066 multisque

511 1074 745 1129 obscura
780 1085 833 1128 et
859 1092 1050 1146 parum
1075 1082 1388 1148 explanata,
1419 1085 1580 1137 etiam
1605 1095 1786 1139 autem
1811 1095 1865 1140 et
1889 1099 2089 1156 mystc-

512 1165 594 1218 ria
630 1182 750 1234 qua:
786 1169 1013 1223 tendunt
1045 1173 1110 1224 ad
1139 1171 1377 1226 divinam
1404 1175 1602 1230 Christi
1635 1179 2083 1246 incarnationem,

517 1267 573 1310 ut
593 1273 783 1312 eorum
809 1261 1188 1317 obscuriorum
1216 1264 1624 1335 intelligentiam
1665 1269 2084 1334 illustraremus,

517 1349 896 1417 multipliciter
926 1363 979 1406 et
1032 1354 1221 1408 multis
1257 1357 1432 1411 modis
1486 1359 1539 1412 in
1595 1360 1684 1414 illa
1747 1363 2086 1430 explananda

515 1439 690 1495 solum
742 1443 1115 1511 incubuimus,
1181 1449 1473 1504 multarum
1525 1454 1915 1509 sententiarum
1979 1457 2086 1510 vim

515 1543 896 1602 congerentes,
918 1546 970 1590 et
991 1537 1042 1591 in
1071 1541 1543 1596 continuationem
1571 1546 1842 1598 dictorum
1868 1558 2088 1618 propter

517 1622 820 1680 invidentes
867 1637 920 1681 et
952 1628 1153 1684 invidia
1203 1634 1667 1700 contradicentes,
1703 1638 2016 1692 testimonia
2056 1655 2087 1694 ο

516 1715 702 1770 multis
741 1731 1020 1789 assumpta
1071 1723 1409 1788 adducimus,
1448 1727 1716 1784 stabilitas
1758 1738 1811 1783 et
1855 1731 1940 1799 pie
1989 1733 2088 1786 ob-

2187 536 2364 605 χεσθε,
2391 537 2470 598 είς
2500 536 2561 588 τὸ
2591 536 2685 588 καὶ¹
2709 535 2853 604 ὑμᾶς
2882 551 2933 585 τι
2965 532 3125 586 πλέον
3154 532 3460 600 κερδανεῖν,
3490 530 3584 583 καὶ
3628 533 3753 592 τοὺς

2188 627 2662 696 μαθητευομένους
2718 625 2899 687 καλῶς
2937 625 3284 692 ὠφελεῖσθαι.
3354 623 3571 694 ’Λμέλει
3627 623 3755 692 περὶ

2188 719 2384 772 πολλοῦ
2418 720 2650 786 μάλιστα
2685 717 2916 787 σπουδὴν
2949 717 3160 784 ἀγαθὴν
3201 718 3498 786 τιθέμενοι,
3524 717 3626 768 ὅσα
3658 715 3755 784 μὲν

2187 811 2603 880 αὐθερμήνευτα
2633 812 2745 871 τοῖς
2775 809 3052 878 θεοσόφοις
3083 809 3388 877 προφήταις
3410 823 3422 836 ·
3453 807 3552 859 ὅσα
3584 805 3641 857 δὲ
3677 806 3754 859 είς

2187 919 2348 954 τινων
2381 903 2566 964 ἁπλῶς
2626 901 2970 971 πραγμάτων
3003 900 3132 952 ὄντα
3183 897 3451 967 εὔληπτον
3488 897 3754 964 πρόφασιν

2191 997 2410 1066 ῥήματα
2437 993 2515 1063 τῷ
2544 994 2778 1062 θεμελίῳ
2834 989 2973 1046 εἶναι
3016 992 3092 1053 ὡς
3147 981 3446 1060 προσῆκεν,
3484 989 3749 1056 ὲάσαμεν-’

2188 1089 2288 1140 ὅσα
2317 1089 2372 1140 δὲ
2400 1089 2474 1149 είς
2509 1085 2804 1155 ἁσυμφανῆ
2856 1085 2956 1155 τὴν
2992 1085 3304 1152 διάγνωσιν,
3355 1083 3447 1136 καὶ
3481 1085 3590 1144 τοῖς
3623 1082 3750 1134 πολ-

2188 1179 2299 1241 λοῖς
2316 1179 2524 1248 ἀσαφῆ.
2553 1180 2648 1232 καὶ
2665 1178 3052 1248 δυστέκμαρτα
3080 1178 3226 1240 ὄντα,
3256 1177 3336 1229 ἔτι
3357 1176 3412 1229 δὲ
3437 1181 3528 1229 καὶ
3555 1176 3631 1237 είς
3657 1174 3750 1243 τὴν

2191 1269 2330 1322 κατά
2360 1271 2536 1338 σάρκα
2572 1269 2722 1320 θείαν
2767 1267 3084 1336 οἰκονομίαν
3122 1267 3356 1337 Χριστοῦ
3413 1266 3754 1318 συντείνοντα

2193 1365 2488 1432 μυστήρια,
2512 1361 2604 1416 ἆτε
2627 1362 2692 1431 δὴ
2729 1362 2824 1415 ἆτε
2853 1363 2962 1412 τῶν
2999 1360 3384 1430 λαφυροτέρων
3421 1361 3519 1427 τὴν
3550 1359 3758 1411 ἔννοιαν

2192 1454 2615 1524 ἐμφανίζοντες,
2658 1453 2976 1524 πολυμερῶς
3013 1471 3087 1506 -τε
3154 1455 3248 1506 καὶ
3293 1453 3649 1522 πολυτρόπως
3702 1453 3760 1503 ἐν

2192 1551 2315 1616 τῇδε
2347 1547 2680 1614 διασαφῆσαι
2716 1546 2873 1614 μόνον
2919 1545 3173 1614 ἐθέμεθα,
3226 1544 3435 1598 πολλῶν
3469 1543 3758 1612 νοημάτων

2193 1641 2546 1710 ἀθροίσαντες
2580 1638 2830 1707 δύναμιν,
2873 1640 2965 1692 καὶ
3013 1642 3093 1700 εἰς
3126 1637 3416 1707 βεϐαίωσιν
3442 1637 3550 1688 τῶν
3570 1635 3762 1688 λαλου-

2197 1732 2374 1800 μένων
2427 1729 2514 1782 διὰ
2572 1729 2800 1792 πολλοὺς
2840 1730 2967 1791 τοὺς
3001 1729 3392 1798 βασκαίνοντας
3429 1727 3524 1780 καὶ
3552 1727 3764 1781 άντιλέυ

517 1807 760 1864 firmatas
787 1811 1268 1880 interpretationes
1298 1817 1639 1880 colligentes,
1683 1833 1736 1875 et
1766 1839 1829 1875 ex
1859 1824 2086 1894 antiquo

2192 1839 2382 1890 γοντας
2407 1822 2609 1890 φθόνῳ,
2633 1823 2731 1882 τὰς
2773 1823 2836 1873 ἐκ
2863 1820 3074 1873 πολλῶν
3101 1821 3405 1890 μαρτυρίας
3429 1819 3763 1888 χρησάμενοι

515 1900 720 1965 Moyse,
761 1903 869 1957 filio
909 1904 1074 1972 Nave,
1112 1906 1235 1972 Job,
1287 1908 1452 1964 David
1493 1923 1546 1965 et
1594 1913 1906 1979 Salomone,
1941 1927 1994 1970 et
2024 1933 2089 1972 ex

517 1995 832 2062 apos1olicis
869 2008 922 2052 et
969 2002 1300 2069 evangelicis
1346 2007 1584 2061 oraculis
1615 2010 1904 2062 concordia
1938 2011 2090 2064 testi-

517 2090 698 2142 monia
734 2092 1098 2159 proferentes.

2199 1916 2657 1987 προτεθείκαμεν,
2684 1916 3084 1986 ἐρηρεισμένας
3113 1914 3206 1966 καὶ
3224 1913 3462 1975 εὐσεϐῶς
3487 1911 3762 1982 ἡδρασμέο

2197 2025 2293 2070 νας
2322 2009 2417 2069 τὰς
2450 2005 2749 2077 ἑρμηνείας
2800 2005 3186 2069 συντάξαντες,
3221 2004 3284 2056 ἐκ
3312 2021 3372 2056 τε
3413 2002 3505 2055 τοῦ
3533 2003 3762 2054 παλαιοῦ

2195 2102 2472 2162 Μωΰσέως
2499 2117 2558 2150 τε
2591 2099 2684 2152 καὶ
2712 2098 2805 2150 τοῦ
2840 2099 2996 2166 Ναυῆ
3029 2097 3208 2166 γόνου,
3251 2096 3369 2148 Ίώϐ
3399 2113 3480 2159 τε,
3520 2095 3682 2148 Δαϐίδ
3708 2111 3764 2147 τε

517 2176 609 2230 καὶ
644 2177 1008 2246 Σολομῶντος,
1044 2186 1416 2240 ἀποστολικῶν
1441 2206 1498 2241 τε
1522 2190 1617 2242 καὶ
1649 2190 2024 2258 εὐαγγελικῶν
2047 2192 2437 2260 θεσπισμάτων
2463 2191 2562 2252 τὰς
2611 2190 2936 2258 συμφώνους
2974 2189 3262 2258 ὁμολογίας
3317 2188 3760 2257 παρατιθέμενοι·

587 2269 641 2323 4.
676 2269 824 2326 llanc
856 2274 1018 2342 igitur
1047 2277 1216 2330 aciem
1252 2281 1535 2346 habentes,
1568 2294 1643 2347 et,
1682 2293 1738 2337 ut
1776 2287 1957 2340 verius
1996 2286 2084 2339 di-

517 2375 660 2426 cam,
692 2363 833 2418 hanc
862 2366 1260 2433 defensionem,
1287 2389 1352 2426 ne
1378 2374 1686 2439 timeamus,
1716 2377 2082 2432 dilectissimi.

515 2453 738 2508 auribus
773 2456 1062 2526 impiorum
1099 2462 1346 2516 intonare
1373 2503 1388 2528 ,
1420 2481 1607 2519 eorum
1638 2469 1925 2522 stultitiam
1957 2485 2087 2523 con-

518 2544 831 2617 fundamus,
859 2560 913 2606 et
942 2554 1183 2610 nitamur
1214 2571 1308 2612 ens
1365 2561 1636 2614 monendo
1683 2563 1854 2631 magis
1883 2563 2085 2632 alloqui

519 2649 574 2694 ct
603 2643 667 2694 ad
701 2641 980 2716 Christan
1021 2647 1311 2704 adducere.
1359 2651 1435 2704 lta
1469 2653 1615 2705 enim
1649 2655 1740 2722 qni
1777 2656 2088 2711 innumeras

522 2743 708 2800 gentes
741 2735 793 2789 in
845 2739 1163 2792 servitutem
1201 2741 1451 2811 redigunt
1503 2745 1710 2798 strenui
1749 2746 1968 2809 milites,
2006 2749 2088 2800 in-

518 2828 833 2881 strumentis
859 2829 1070 2884 bellicis
1089 2839 1141 2884 et
1163 2833 1355 2900 gladiis
1375 2835 1579 2897 nsi,eos
1603 2836 1818 2902 quidem
1845 2838 2088 2905 capiunt,

518 2922 572 2966 et
597 2916 766 2983 spolia
801 2930 1079 2974 sinuentes
1114 2923 1350 2989 pra-miis
1406 2936 1759 2987 exornantur,
1787 2928 2088 2996 subjectos-

520 3019 626 3071 quc
676 3007 774 3059 sibi
841 3021 1121 3065 servantes
1167 3013 1233 3066 ad
1280 3030 1458 3082 regem
1525 3016 1731 3071 ducunt
1754 3031 1805 3074 et
1834 3019 2088 3076 laudibus

523 3094 898 3164 honorantur;
933 3101 1283 3160 adversantes
1311 3117 1490 3161 autem
1517 3149 1530 3173 ,
1562 3111 1644 3164 vel
1669 3127 1808 3166 saeve
1837 3120 1890 3166 et
1925 3115 2090 3182 perti-

520 3187 724 3242 naciter
755 3203 1056 3259 pugnantes
1092 3197 1202 3251 cito
1235 3199 1542 3256 destruunt.
1573 3201 1716 3257 Idem
1753 3214 1806 3259 et
1849 3222 1947 3260 nos
1978 3207 2087 3272 jam

521 3276 806 3348 faciemus,
832 3286 1033 3340 bellum
1059 3290 1344 3357 spirituale
1369 3293 1419 3346 in
1456 3295 1798 3351 adversarios
1814 3313 2087 3364 geremus.

521 3367 790 3427 Habemus
821 3392 968 3431 arma
991 3395 1096 3434 tere
1121 3381 1306 3436 divino
1332 3383 1618 3452 fabricata,
1643 3387 1914 3441 sexdecim
1964 3406 2090 3444 san-

523 3471 608 3511 eia
689 3462 1051 3518 instrumenta
1116 3469 1306 3524 bellica
1375 3486 1569 3541 prmler
1619 3478 1765 3530 mille
1847 3481 2089 3550 clypeos,

520 3559 696 3615 scuta,
731 3555 960 3622 gladios,
993 3557 1239 3627 lanceas,
1283 3566 1510 3631 sagittas
1547 3577 1600 3620 ct
1648 3571 1750 3622 tela
1775 3612 1788 3632 ,
1823 3581 1876 3624 et
1903 3584 2090 3629 contra

528 3640 650 3694 illos
699 3644 948 3710 pluribus
995 3650 1117 3702 aliis
1161 3661 1398 3720 utemur,
1456 3657 1722 3726 imprimis
1769 3671 1848 3739 ter
1883 3663 2092 3732 fulgen-

521 3740 630 3784 tem
679 3742 732 3786 et
765 3737 978 3792 unicam
1029 3741 1203 3796 lucem
1249 3745 1300 3798 in
1354 3749 1612 3802 auxilium
1661 3737 1940 3819 habentes,
1974 3758 2092 3812 illos

518 3825 764 3894 captivos
797 3843 1053 3898 agemus:
1097 3851 1236 3904 quos
1267 3837 1480 3906 quidem
1519 3843 1649 3895 mihi
1698 3847 1882 3898 animo
1918 3847 2093 3915 subji-

517 3917 724 3972 cientes
753 3935 810 3974 se
843 3923 1160 3994 viderimus,
1198 3929 1282 3984 his
1314 3946 1621 3998 pareamus,
1663 3951 1837 4005 neque
1883 3954 1977 4006 per
2005 3955 2091 3992 ar-

518 4009 822 4072 rogantiam
853 4017 1252 4080 proculcemus.
1283 4036 1315 4073 ο
1346 4020 1644 4076 fortissime
1677 4023 1765 4078 Dei
1796 4029 2090 4094 exercitus;

519 4099 613 4152 sed
651 4103 931 4168 capiamus
970 4107 1131 4161 vitam
1165 4111 1360 4164 animae
1403 4113 1661 4169 dantibus
1698 4119 1896 4182 verbis,
1945 4128 1996 4173 ct
2025 4121 2090 4174 ad

519 4189 716 4244 Christi
752 4194 1135 4251 universorum
1182 4201 1342 4270 Regis
1372 4204 1538 4273 pedes
1577 4197 1964 4262 sulunitt‘amus
1991 4251 2004 4273 ,
2034 4221 2092 4265 ut

518 4285 585 4337 ab
609 4300 676 4338 co
703 4287 1149 4357 houorilicemur,
1177 4305 1230 4347 et
1255 4295 1309 4348 in
1331 4311 1398 4349 eo
1417 4297 1709 4352 salvemur.
1731 4303 1878 4365 Quos
1905 4311 2084 4356 autem

519 4385 882 4444 repugnantes
926 4381 1258 4444 viderimus,
1319 4402 1496 4455 neque
1551 4389 1687 4442 bene
1752 4391 2084 4456 obedientes,

518 4465 896 4532 destruamus,
932 4475 1205 4530 caulamus
1261 4493 1376 4539 eos,
1428 4491 1484 4531 ut
1537 4480 1860 4538 Madianitas
1908 4486 2092 4539 divino

521 4556 758 4624 Spiritus
777 4563 975 4628 gladio.
1006 4564 1256 4622 Nitamur
1278 4587 1404 4640 ergo
1430 4585 1693 4640 quantum
1724 4577 1775 4628 in
1804 4578 1959 4632 nobis
1984 4591 2084 4644 est,

519 4647 881 4713 dilectissimi,
930 4669 1122 4723 capere
1148 4658 1230 4726 pie
1283 4662 1517 4729 praedam
1578 4663 1683 4717 Deo
1710 4664 2008 4731 jucundam
2040 4677 2093 4724 et

521 4747 730 4806 gratam
767 4744 980 4799 animas
1014 4764 1201 4803 eorum
1255 4753 1346 4820 qui
1409 4755 1710 4812 salvantur.
1759 4757 1855 4812 Sin
1909 4773 2090 4813 autem

519 4830 571 4884 id
604 4832 672 4885 ab
704 4834 825 4891 aliis
861 4848 920 4892 ut
963 4839 1362 4898 infructuosum
1393 4845 1710 4916 despicitur,
1741 4860 1794 4903 et
1822 4866 1926 4903 non
1963 4867 2092 4920 pos-

517 4923 675 4978 sibile
705 4937 788 4980 est
831 4944 1024 4998 capere
1057 4933 1257 5004 aliquid
1300 4953 1366 4992 ex
1418 4939 1500 4992 his
1528 4941 1618 5007 qui
1667 4941 1862 4996 nolunt
1895 4944 1944 4996 in
1981 4942 2090 4997 Deo

521 5017 745 5083 salvnri,
777 5030 1015 5077 attamen
1053 5043 1152 5081 nos
1185 5028 1333 5098 ipsos
1363 5046 1752 5088 conservemus
1787 5034 1836 5086 in
1868 5033 1972 5088 fide
2001 5035 2088 5088 di-

519 5113 644 5164 vina
671 5111 960 5181 loquendo,
982 5126 1034 5171 et
1068 5119 1152 5188 pie
1187 5131 1240 5174 et
1267 5123 1472 5177 utiliter
1495 5125 1763 5188 vivamus,
1801 5135 1858 5180 ut
1888 5137 2089 5181 aeterna

521 5204 662 5255 bona
709 5205 1078 5274 adipiscamur
1117 5210 1170 5262 in
1209 5211 1430 5267 Christo
1457 5213 1586 5268 Jesu
1619 5216 1843 5270 Domino
1879 5226 2087 5272 nostro.

519 5291 691 5348 liabet
720 5307 901 5351 autem
935 5299 1014 5353 sic
1038 5303 1332 5370 expositio.
1360 5303 1596 5360 Textura
1621 5307 1800 5363 omnis
1831 5323 1954 5362 cum
2007 5309 2092 5362 iu-

520 5388 902 5453 terpretatione
949 5389 1007 5443 41
1051 5411 1064 5448 :
1110 5411 1127 5443 ι
1177 5395 1240 5448 Et
1285 5395 1424 5449 dixit
1479 5397 1744 5454 Dominus
1799 5400 1864 5453 ad
1911 5399 2088 5456 Osce:

521 5475 687 5531 Sume
718 5481 812 5534 tibi
843 5483 1127 5539 mulierem
1161 5487 1204 5550 ³,
1244 5507 1260 5538 ι
1295 5499 1404 5542 etc.

2261 2283 2322 2338 δ’.
2356 2283 2622 2336 Τοσοῦτον
2643 2279 2736 2335 οὖν
2773 2281 2990 2350 ἔχοντες
3025 2280 3426 2350 συνασπισμὸν,
3463 2281 3659 2350 μᾶλλον
3710 2281 3763 2333 δὲ

2192 2375 2421 2445 τάληθὲς
2456 2377 2631 2427 εἰπεῖν
2656 2371 3098 2443 ὑπερασπισμὸν,
3151 2372 3226 2441 μὴ
3253 2372 3598 2441 ὀκνήσωμεν,
3640 2374 3764 2440 ἀγα·

2194 2468 2380 2537 πητοὶ,
2415 2467 2522 2518 τῶν
2549 2465 2760 2519 ἀσεϐῶν
2814 2464 3249 2534 καταϐροντῆσαι
3307 2463 3374 2516 τὰ
3401 2458 3514 2516 ὦτα
3545 2481 3558 2494 ο
3588 2464 3761 2532 πάσης

2195 2555 2449 2624 εὐηθείας
2484 2554 2663 2606 αὐτῶν
2717 2554 3098 2621 κα-ταγνῶμεν,
3152 2553 3242 2605 καὶ
3294 2553 3617 2623 σπεύσωμεν
3644 2570 3765 2606 νου-

2198 2647 2560 2716 θετικώτερον
2585 2647 2779 2708 αὐτοὺς
2807 2645 3105 2710 διαλαϐεῖν,
3152 2645 3242 2698 καὶ
3283 2647 3362 2707 είς
3393 2646 3623 2716 Χριστὸν
3643 2647 3764 2714 tm;-

2198 2739 2533 2792 σπάσασθαι.
2557 2737 2712 2790 Οὕτω
2745 2737 2851 2807 γάρ
2879 2739 2927 2789 οί
2955 2737 3446 2806 αἰχμαλωτίζοντες
3476 2737 3600 2806 ἔθνη
3637 2737 3761 2791 ἀλό-

2195 2845 2356 2895 γιστα
2406 2828 2643 2897 ἀνδρεῖοι
2680 2830 2981 2898 στρατηγοὶ
3019 2829 3193 2892 ὄντες,
3240 2829 3489 2898 ὀργάνοις
3516 2830 3760 2898 ἁμυντη·

2199 2918 2332 2985 ρίοις
2361 2921 2451 2970 καὶ
2480 2918 2660 2986 ξίφεσι
2705 2920 3000 2989 χρώμενοι,
3041 2921 3133 2973 καὶ
3167 2919 3257 2980 οὓς
3305 2921 3400 2989 μὲν
3439 2921 3766 2990 λαφυραγω-

2117 3011 2161 3069 C
2195 3008 2440 3076 γοῦντες,
2469 3010 2640 3062 σκύλα
2654 3027 2710 3062 τε
2734 3011 3101 3080 λαμϐάνοντες
3127 3011 3250 3074 τοὺς
3280 3011 3467 3075 δλϐους
3495 3013 3764 3066 ἐπικτῶν-

2195 3120 2306 3164 ται,
2341 3104 2466 3164 τοὺς
2506 3103 2921 3166 ὑποκύπτοντας
2967 3105 3053 3171 ἐφ’
3093 3106 3321 3166 ἑαυτοὺς
3368 3105 3760 3174 λαμϐάνοντες,

2195 3199 2386 3264 ἄγουσι
2421 3196 2498 3264 τῷ
2524 3196 2752 3266 βασιλεῖ,
2781 3198 2876 3250 καὶ
2899 3199 3176 3251 ὲπαινετοὶ
3201 3197 3571 3267 καθεστήκασι
3597 3213 3612 3228 ⁸
3638 3197 3762 3260 τοὺς

2195 3287 2650 3349 ἁντιστατοῦντας
2696 3288 2775 3351 δὲ,
2809 3287 2841 3358 ἢ
2879 3289 2972 3360 καὶ
3020 3289 3205 3350 κακῶς
3237 3289 3330 3340 καὶ
3369 3287 3556 3351 δεινῶς
3593 3305 3760 3356 μαχο-

2198 3381 2394 3448 μένους
2456 3380 2651 3432 θᾶττον
2711 3380 3082 3453 ἀναιροῦντες.
3113 3379 3283 3432 Τοῦτο
3323 3381 3416 3432 καὶ
3464 3380 3622 3448 ἡμεῖς
3661 3380 3758 3449 ἤδη

2199 3472 2519 3540 ποιήσομεν,
2577 3471 2812 3541 πόλεμον
2870 3470 3247 3539 πνευματικὸν
3315 3472 3428 3532 τοῖς
3472 3469 3760 3531 ἀντιδίκοις

2195 3564 2598 3632 ἐπιδειξόμεθα.
2635 3567 2871 3635 Ἐχομεν
2905 3567 2972 3619 τὰ
3027 3567 3164 3619 ὅπλα
3193 3566 3261 3618 τὰ
3287 3565 3669 3634 θεοχάλκευτα,
3703 3565 3762 3628 ἒξ

2196 3659 2289 3709 καὶ
2334 3657 2462 3709 δέκα
2507 3659 2636 3724 ἆγια
2665 3660 2979 3730 άμυντήρια
3011 3660 3150 3728 ὑπὲρ
3201 3659 3468 3730 μυριάδας
3510 3657 3758 3720 ἀσπίδας,

2195 3747 2287 3798 καὶ
2319 3746 2543 3816 θυρεοὺς
2594 3747 2847 3814 φάσγανά
2895 3765 2952 3799 τε
3007 3750 3099 3801 καὶ
3128 3748 3329 3818 δόρατα
3373 3748 3463 3799 καὶ
3503 3745 3631 3812 τόξα
3671 3747 3764 3799 καὶ

2197 3837 2356 3907 βέλη·
2385 3839 2478 3891 καὶ
2537 3837 2672 3909 πρὸς
2728 3839 2926 3900 αὐτοὺς
2964 3839 3057 3892 καὶ
3098 3839 3277 3902 ἄλλοις
3319 3837 3530 3889 πλείοσι
3563 3838 3760 3907 χρησόο

2200 3931 2341 4000 μεθα
2363 3947 2374 3960 ·
2405 3932 2603 4001 μᾶλλον
2649 3932 2704 3983 δὲ
2741 3933 2801 3983 τὸ
2830 3931 3138 4002 τριλαμπὲς
3167 3933 3260 3984 καὶ
3293 3932 3494 3982 ἐνιαῖον
3531 3929 3646 3999 φῶς
3681 3931 3761 3991 είς

2197 4024 2514 4093 συμμαχίαν
2573 4023 2808 4094 ἔχοντες,
2870 4025 3069 4088 αὐτοὺς
3127 4023 3619 4095 προνομεύσομεν·
3669 4019 3761 4082 οὓς

2199 4118 2294 4186 μὲν
2321 4115 2689 4186 ἡπιογνώμως
2717 4116 3106 4184 ὑποκύψαντας
3157 4117 3383 4184 ἴδοιμεν,
3420 4113 3760 4182 φεισὼμεθα,

2201 4210 2273 4279 μὴ
2299 4209 2576 4278 ἀνελῶμεν
2627 4210 2892 4282 ἀκρασίᾳ,
2927 4209 2971 4262 ὦ
3013 4211 3391 4279 ἀνδρειότατον
3432 4210 3574 4261 θεῖον
3600 4205 3765 4274 στράοι

2197 4319 2370 4371 τευμα
2391 4319 2403 4333 ·
2433 4301 2686 4370 λάϐωμεν
2717 4303 2772 4354 δὲ
2801 4302 3273 4371 ζωοψυχοσώμως,
3316 4303 3409 4355 καὶ
3438 4301 3658 4371 Χριστῷ
3687 4301 3764 4370 τῷ

2194 4393 2531 4461 παμϐασιλεῖ
2562 4393 2778 4462 άξωμεν
2812 4393 2915 4445 ὑπὸ
2939 4394 3125 4459 πόδας,
3163 4394 3248 4447 ἵνα
3287 4393 3378 4464 καὶ
3419 4392 3766 4460 δοξασθῶμεν

2193 4483 2286 4536 ὑπ’
2318 4482 2505 4546 αὐτοῦ,
2535 4485 2628 4536 καὶ
2666 4484 2753 4534 ἐπ’
2778 4483 2925 4554 αὐτῷ
2960 4486 3356 4553 σωθησὼμεθα.
3390 4485 3494 4545 Οὓς
3523 4483 3578 4536 δὲ
3615 4485 3766 4535 ἀντι-

2196 4575 2504 4644 μαχοῦντας
2541 4574 2764 4644 ἴδοιμεν,
2803 4576 3002 4645 καὶμὴ
3051 4577 3376 4640 ὑπείκοντας
3401 4577 3601 4638 καλῶς,
3635 4576 3760 4627 ἀνέ-

2193 4666 2394 4736 λωμεν,
2424 4666 2750 4735 πατάξωμεν
2790 4666 3007 4728 αὐτοὺς,
3032 4669 3106 4728 ὼς
3125 4670 3214 4720 καὶ
3245 4670 3368 4730 τοὺς
3402 4667 3764 4729 Μαδιαναίους

2195 4763 2259 4829 τῇ
2304 4759 2424 4826 θείᾳ
2465 4759 2784 4829 παραξιφίδι
2831 4758 2924 4812 τοῦ
2976 4759 3310 4828 Πνεύματος.
3365 4758 3762 4827 Σπουδάσωμεν

2195 4852 2288 4905 οὖν
2349 4853 2408 4903 τὸ
2480 4852 2700 4921 μᾶλλον,
2762 4851 3060 4921 ἀγαπητοὶ,
3136 4851 3228 4904 τοῦ
3278 4852 3542 4923 θηρεῦσαι
3583 4853 3756 4921 θήραν

2194 4942 2435 5005 εὐσεϐῶς
2480 4941 2556 5009 τῷ
2605 4940 2723 5010 Θεῷ
2779 4943 3070 5012 εὐάρεστον
3093 4941 3190 4995 καὶ
3230 4943 3493 5011 ἐράσμιον
3523 4943 3620 5003 τὰς
3652 4942 3757 4992 τῶν

2196 5037 2518 5105 σωζομένων
2548 5036 2744 5106 ψυχάς.
2780 5038 2839 5089 Ei
2873 5037 2928 5090 δέ
2973 5055 3031 5104 γε
3057 5037 3216 5089 τοῦτο
3246 5037 3556 5100 ἀλυσιτελὲς
3580 5036 3757 5097 ἄλλοις

2192 5129 2468 5198 παροφθῇ,
2528 5135 2620 5181 καὶ
2665 5131 2766 5198 οὐχ
2820 5124 2928 5182 οἶόν
2978 5130 3037 5182 τέ
3082 5132 3194 5183 ἐστι
3226 5132 3411 5184 λαϐεῖν
3453 5149 3504 5184 τι
3546 5131 3650 5183 τῶν
3685 5129 3758 5198 μη

2193 5220 2534 5290 βουλομένων
2588 5218 2860 5282 σώζεσθαι
2905 5223 2998 5274 ἐπὶ
3051 5223 3172 5293 Θεῷ
3197 5239 3210 5253 ·
3242 5222 3346 5274 κᾶν
3376 5224 3604 5283 ἑαυτοὺς
3631 5219 3761 5286 γοῦν

2193 5315 2622 5383 συντηρήσωμεν
2662 5317 2728 5384 τῇ
2760 5313 2880 5384 θείᾳ
2935 5315 3113 5366 πίστει
3154 5314 3515 5383 φραξάμενοι,
3546 5311 3639 5364 καὶ
3669 5311 3762 5362 εὑ-

2194 5406 2365 5468 σεϐῶς
2405 5407 2497 5458 καὶ
2554 5406 2805 5476 χρηστῶς
2867 5405 3338 5475 πολιτευσώμεθα,
3375 5404 3462 5455 ἵνα
3501 5404 3597 5455 καὶ
3650 5401 3760 5453 τῶν

2193 5494 2423 5547 αἰωνίων
2469 5495 2691 5562 ἀγαθῶν
2719 5495 3064 5564 ἐπιτύχωμεν
3110 5497 3166 5541 δυ
3209 5493 3430 5564 Χριστῷ
3475 5491 3651 5564 Ἰηροῦ
3683 5492 3762 5560 τῷ

522 5569 711 5641 Κυρίῳ
732 5574 909 5644 ἡμῶν.
955 5579 1111 5649 Ἔχει
1151 5582 1206 5634 δὲ
1257 5583 1433 5648 οὕτως
1478 5585 1788 5657 ὴδήλωσις.
1842 5587 1914 5641 Τὸ
1989 5587 2122 5653 ὕφος
2163 5589 2306 5644 ἅπαν
2359 5589 2496 5660 μετὰ
2538 5589 2831 5662 ἑρμηνείας
2868 5587 2974 5658 μα’.
3014 5608 3030 5641 ι
3099 5590 3206 5643 Καὶ
3243 5585 3362 5642 εἷπε
3395 5588 3598 5662 Κύριος
3626 5585 3762 5657 πρὸς

534 5663 694 5736 Ὧσηέ
720 5680 735 5697 ⁸
767 5669 911 5722 Λάϐε
940 5674 1149 5744 σεαυτῷ
1175 5679 1428 5744 γυναῖκα,
1461 5697 1480 5730 ι
1520 5697 1569 5733 κ.
1602 5697 1652 5733 τ.
1686 5680 1736 5734 λ.

597 5785 618 5816 ⁸
647 5786 785 5843 Osce
816 5803 851 5846 ι,
886 5791 942 5844 ‘2.
