4088 6208
486 313 588 377 419

1650 294 2032 361 GREGORII
2070 289 2549 354 PRESBYTERI

3637 278 3743 336 lt'Z'J

491 428 3714 485 ___________________________________.____.

1624 598 2604 741 ΓΡΗΓΟΡΙΟΥ

893 850 1694 949 ΠΡΕΣΒΥΤΕΡΟΥ
1772 836 2426 986 ΚΑΙΣΑΡΕΙΑΣ
2517 797 3381 923 ΚΑΠΠΑΔΟΚΙᾹΣ

2019 1024 2229 1076 ΛΟΓΟΣ

506 1196 630 1250 ΕΙΣ
674 1192 857 1247 ΤΟΥΣ
893 1187 1163 1240 ΟΣῘΟΥΣ
1227 1185 1365 1238 TIH'
1405 1177 1846 1235 ΘΕΟΦΟΡΟΥΣ
1885 1174 2248 1236 ΠΑΤΕΡΑΣ,
2290 1171 2427 1223 ΚΑΙ
2488 1169 2617 1223 ΕΙΣ
2653 1163 3216 1221 ΚΩΝΣΤΔΝΤΙΝΟΝ
3268 1160 3407 1216 ΤΟΝ
3448 1162 3755 1215 ΕΥΣΕΒΕ-

1795 1270 1932 1323 ΣΤΑ
1945 1268 2077 1322 ΊῸΝ
2126 1266 2350 1319 ΒΑΣΙΛ
2363 1266 2479 1317 EA.

1676 1599 2607 1763 GBEGORII

1012 1897 1757 1993 PRESBYTERI
1840 1888 2432 1986 CZESAREE
2507 1882 3289 1980 CAPPADOCIIE

2011 2079 2252 2133 ORATlO

519 2253 623 2318 IN
651 2246 1026 2315 SANCTOS
1071 2238 1576 2307 TRECENIOS
1616 2233 1928 2297 DECEM
1973 2231 2097 2293 ET
2131 2228 2351 2291 OCTO
2386 2226 2813 2289 DEIFEROS
2868 2224 3224 2288 PATRES.
3269 2225 3394 2286 ET
3424 2224 3527 2287 IN
3585 2224 3780 2288 CON-

1217 2340 1736 2411 STANTINUM
1764 2332 2230 2402 PIISSIMUM
2260 2329 2912 2394 IMPERATOREM
2951 2327 3061 2409 (1).

1630 2501 1908 2566 (Combetis.
1944 2500 2150 2550 Auctar.
2183 2511 2301 2549 nov.
2338 2507 2453 2548 tom.
2490 2495 2555 2559 Il,
2586 2510 2636 2559 p.
2662 2495 2794 2556 σιτ.)

612 2816 936 2889 Praepositis
977 2813 1200 2870 obedire
1242 2811 1431 2881 jussus
1481 2814 1736 2863 monente
1779 2803 2038 2874 Apostolo
2068 2801 2110 2867 ι,

2290 2795 2586 2852 Πείθεσθαι
2634 2795 2749 2854 τοῖς
2798 2791 3131 2861 ἡγουμένοις
3176 2791 3242 2843 ὲκ
3288 2790 3384 2854 τῆς
3418 2792 3788 2863 ἀποστολικῆς

529 2932 563 2969 o
594 2909 914 2980 Theophile,
943 2921 1006 2960 ac
1041 2920 1177 2958 mea:
1217 2903 1367 2956 velut
1430 2900 1635 2954 oblitus
1696 2893 2106 2954 imbecillitatis,

2210 2888 2540 2959 ἐπιτραπεὶς
2573 2885 2972 2957 παραινέσεως,
2998 2877 3042 2937 ὦ
3069 2882 3306 2951 θεόφι).ε,
3343 2885 3436 2937 καὶ
3469 2885 3656 2956 ὥσπερ
3685 2886 3783 2955 τῆς

531 2974 893 3070 neglectaque
944 2992 1157 3048 dicendi
1224 2989 1516 3058 elegantia,
1582 2985 1742 3056 parui
1798 2980 2109 3037 venerando

2232 2980 2421 3043 ιίκείας
2452 2978 2688 3050 ἐμαυτὸν
2714 2975 3107 3045 ἐπιλαθόμενος
3145 2974 3453 3039 ἀσθενείας,
3513 2977 3575 3029 τό
3606 2994 3663 3029 τε
3691 2975 3785 3032 τοῦ

534 3068 711 3156 Patri,
782 3085 1147 3158 proponenti,
1209 3092 1268 3136 ttt
1318 3081 1554 3136 breviter
1608 3079 1675 3133 de
1744 3082 2108 3131 trecentorum

2232 3076 2377 3146 ιόγου
2426 3071 2700 3142 ὑπεριδὼν
2734 3068 2990 3135 ἀκαλλὲς,
3044 3068 3325 3138 ὑπετάγην
3373 3069 3538 3137 τιμίῳ
3594 3071 3787 3141 [lat-pi,

532 3186 723 3241 decem
782 3191 836 3235 et
881 3189 1006 3235 octo
1039 3188 1350 3232 sanctorum
1402 3174 1623 3228 Patrum
1676 3169 1817 3239 apud
1875 3165 2114 3220 Nicaeam

536 3286 807 3334 conventu
854 3274 1172 3334 scriberem,
1219 3270 1444 3338 ejusque
1510 3266 1637 3319 huic
1661 3271 1861 3319 sancta:
1890 3260 2117 3314 Nica-na‘.

536 3367 816 3429 Ecclesiae,
874 3364 1141 3417 traderem
1176 3379 1187 3412 :
1226 3368 1287 3413 ut
1333 3372 1565 3426 quorum
1618 3354 1820 3408 meruit
1852 3353 1959 3405 frui
1990 3365 2117 3403 cor-

538 3458 713 3530 porali
790 3454 1115 3525 prmsentia,
1188 3464 1377 3503 eorum
1459 3460 1679 3516 quoque
1732 3441 2118 3497 decertationis

538 3550 778 3615 scriptas
810 3544 1004 3598 habeat
1040 3540 1403 3594 narrationes.
1455 3539 1532 3589 Ac
1575 3549 1603 3587 a
1635 3548 1722 3587 me
1751 3533 1994 3601 quidem,
2024 3544 2122 3600 pro

541 3641 681 3694 meis
716 3638 923 3689 viribus
958 3635 1125 3696 dicta,
1182 3639 1242 3683 ut
1296 3643 1484 3683 eorum
1542 3625 1933 3695 magnitudinis
1980 3623 2122 3677 ratio

544 3732 832 3791 habeatur,
868 3742 986 3795 quae
1020 3740 1049 3778 a
1095 3722 1346 3777 Patribtts
1375 3729 1527 3775 recte
1565 3728 1617 3773 et
1646 3734 1711 3771 ex
1743 3718 1940 3769 virtute
1975 3726 2123 3783 gesta

541 3831 695 3889 sunt,
726 3822 870 3875 tenui
901 3835 1000 3889 ego
1040 3817 1147 3871 rori
1180 3830 1304 3869 cum
1337 3813 1563 3867 marinis
1594 3817 1848 3865 conserto
1868 3808 2124 3862 ﬂuctibus

545 3916 726 3969 dicam
758 3913 980 3967 similia.
1020 3910 1205 3964 Fuerit
1236 3916 1418 3962 autem
1470 3906 1617 3959 illius
1663 3900 2042 3972 perfectionis,
2068 3910 2129 3955 ut

543 4022 655 4063 non
688 4006 975 4060 verborum
996 3996 1323 4073 qualitatem
1352 3996 1616 4060 attendat,
1650 3996 1742 4051 sed
1771 4002 2034 4065 prompta:
2064 4008 2128 4047 ac

2219 3167 2645 3253 προϐαλλομένῳ
2677 3181 2768 3233 μοι
2796 3164 3109 3237 συγγράψαι
3133 3164 3224 3217 διὰ
3256 3164 3507 3235 βραχέων
3536 3167 3664 3233 περὶ
3691 3167 3784 3237 τῆς

2218 3263 2328 3314 τῶν
2379 3262 2553 3327 ἁγίων
2602 3258 2935 3329 τριακοσίων
2995 3258 3128 3310 δέκα
3188 3259 3283 3311 καὶ
3344 3257 3489 3311 ὀκτὼ
3539 3260 3793 3330 Πατέρων

2220 3355 2368 3407 κατὰ
2407 3353 2643 3406 Νίκαιαν
2700 3349 3109 3416 συνελεύσεως,
3162 3351 3409 3406 ἐκδοῦναι
3466 3371 3526 3405 τε
3572 3357 3635 3423 τῇ
3675 3354 3795 3407 κατ’

2222 3449 2384 3502 αὐτὸν
2432 3449 2490 3498 ὲν
2536 3444 2745 3513 Νικαίᾳ
2780 3444 3063 3514 ἁγιωτάτῃ
3110 3445 3406 3517 Ἐκκλησία
3427 3464 3440 3478 ο
3473 3447 3557 3500 ἵνα
3586 3441 3660 3501 ὧν
3692 3449 3793 3518 τῆς

2223 3543 2280 3593 ἐν
2328 3538 2540 3609 σώματι
2590 3538 2877 3605 ἀπήλαυσε
2929 3538 3254 3609 παρουσίας,
3306 3540 3515 3591 τούτων
3564 3542 3657 3594 καὶ
3696 3542 3796 3610 τῆς

2225 3632 2608 3701 πνευματικῆς
2654 3631 2898 3700 ἀγωνίας
2940 3631 3273 3699 ἀνάγραπτοι
3306 3633 3461 3701 φέροι
3505 3635 3572 3687 τὰ
3602 3634 3796 3705 διηγή-

2229 3743 2399 3794 ματα.
2432 3726 2543 3777 Καὶ
2592 3723 2660 3776 τὰ
2716 3723 2814 3792 μὲν
2872 3722 2996 3791 ἐμοὶ
3043 3723 3185 3775 κατὰ
3229 3723 3327 3793 τὴν
3357 3725 3494 3795 ἐμὴν
3541 3726 3802 3797 εἰρημένα

2225 3817 2455 3886 δύναμιν
2483 3817 2620 3886 πρὸς
2656 3815 2718 3867 τὸ
2753 3814 2851 3884 τῆς
2900 3814 3156 3885 ἐναρέτου
3204 3816 3312 3869 τῶν
3345 3818 3605 3887 Πατέρων
3649 3819 3801 3872 πολι-

2228 3910 2379 3972 τείας
2412 3909 2719 3978 ὑπέρογκον
2766 3907 2957 3977 δρόσου
2992 3907 3284 3978 λεπτότητι
3318 3910 3486 3980 φαίην
3516 3911 3583 3965 ἂν
3635 3911 3804 3965 ἐοικέ-

2230 4018 2316 4054 ναι
2360 4000 2641 4067 πελαγίοις
2693 3999 3054 4071 ἁμιλλωμένη
3090 3999 3299 4070 κύμασι
3325 4017 3340 4032 ·
3385 4003 3485 4070 τῆς
3526 4004 3734 4057 ἐκείνου
3760 4004 3806 4057 δ’

542 4101 713 4155 alacri
779 4099 845 4152 ad
918 4093 1329 4165 obsequendum
1404 4088 1710 4153 voluntati,
1780 4087 2125 4141 ambitiosam

2233 4091 2300 4144 ἂν
2340 4092 2424 4162 εἴη
2474 4091 2817 4160 τελειότητος
2878 4090 2955 4162 μὴ
3015 4093 3339 4162 πηλικότητι
3377 4094 3487 4147 τῶν
3516 4095 3804 4164 ὀνομάτων

545 4208 670 4248 com
678 4191 993 4264 passionem
1028 4187 1309 4258 rependat.

604 4376 760 4430 Cum
786 4371 1172 4431 Maximianus,
1201 4366 1572 4436 Liciniusque,
1602 4376 1654 4420 et
1680 4362 2009 4427 Maxentius,
2033 4361 2125 4429 qui

553 4469 742 4523 Romae
800 4465 963 4533 impie
1012 4465 1368 4532 imperarunt,
1425 4470 1479 4514 et
1534 4459 1763 4523 multos,
1822 4457 1915 4526 qui
1972 4464 2128 4509 erant

552 4558 883 4614 Christiana:
910 4556 1058 4620 fidei,
1084 4554 1424 4609 dannonibus
1453 4553 1763 4607 sacrificare
1786 4558 2128 4611 recusantes,

557 4649 840 4718 suppliciis
868 4656 923 4702 et
944 4656 1120 4700 morte
1144 4646 1466 4705 affecerunt,
1492 4644 1687 4701 insano
1711 4642 2131 4697 simulacrorum

558 4740 709 4794 cultu
752 4739 975 4806 dignum
1016 4735 1355 4789 invenissent
1402 4733 1654 4797 exitium,
1698 4732 2041 4793 mirabiliter,
2070 4744 2133 4782 ac

556 4845 712 4901 spem
746 4829 998 4883 vincente
1021 4836 1245 4891 eventu,
1276 4824 1345 4880 ab
1367 4825 1664 4880 Occidente
1692 4825 1867 4879 instar
1895 4822 2134 4878 Luciferi

636 4948 653 4977 ί
694 4946 860 5001 Hebr.
891 4960 984 5000 xm
1048 4946 1132 4997 l7.

2232 4182 2595 4252 προσανέχειν
2636 4183 2728 4237 τὸν
2771 4182 2923 4251 νοῦν,
2971 4182 3050 4253 τῷ
3112 4184 3169 4236 δὲ
3204 4184 3473 4258 προθύμῳ
3513 4186 3615 4254 τῆς
3663 4188 3807 4242 ὑπα-

2231 4274 2363 4343 κοῆς
2421 4273 2483 4326 τὸ
2537 4275 2636 4344 τῆς
2677 4262 3025 4351 συμπαθείας
3068 4275 3462 4347 ἀντιμετρῆσαι
3506 4277 3810 4350 φιλότιμον.

2299 4364 2648 4433 Μαξιμιανοῢ
2679 4366 2775 4418 καὶ
2809 4366 3089 4420 Λικιννίου
3126 4370 3222 4420 καὶ
3254 4369 3563 4434 Μαξεντίου
3603 4372 3718 4424 τῶν
3748 4375 3806 4426 ἐν

2242 4457 2432 4529 Ῥώμῃ
2469 4457 2746 4520 δυσσεϐῶς
2783 4457 3276 4527 βεϐασιλευκότων,
3310 4463 3405 4515 καὶ
3439 4463 3673 4528 πολλοὺς
3706 4465 3807 4534 τῆς

2232 4549 2339 4602 τῶν
2371 4548 2723 4620 Χριστιανῶν
2748 4550 2985 4613 πίστεως
3037 4550 3185 4606 θύειν
3241 4537 3654 4624 ἀρνησαμένους
3695 4558 3806 4619 τοῖς

2240 4640 2510 4711 δαίμοσιν,
2578 4644 2860 4711 αἰκισμοῖς
2924 4644 3020 4696 καὶ
3103 4643 3319 4715 θανάτῳ
3393 4646 3818 4712 ὑποϐαλόντων,

2242 4733 2397 4798 ἀξίαν
2432 4752 2492 4787 τε
2531 4736 2630 4804 τῆς
2679 4736 3069 4805 είδωλομανίας
3118 4736 3217 4807 τὴν
3266 4738 3662 4809 καταστροφὴν
3717 4740 3813 4793 τοῦ

2243 4824 2362 4895 βίου
2384 4826 2730 4897 εὑραμένων,
2767 4827 3086 4896 παραδόξως
3111 4830 3174 4881 ὲκ
3206 4829 3316 4884 τῶν
3355 4830 3657 4900 Ἐσπερίων
3690 4832 3789 4885 ἀνέ

1835 5042 1939 5101 Fr.
1982 5040 2345 5105 Combeﬁsii
2377 5053 2561 5106 nom.

639 5166 715 5237 (l)
758 5165 998 5237 Videtur
1044 5164 1343 5237 Gregorius
1395 5164 1483 5237 hic
1530 5163 1690 5237 medii
1749 5167 1848 5218 αξνί
1881 5168 2137 5234 scriptor,

566 5233 661 5309 qui
692 5233 1225 5309 longeuabfuerita
1276 5236 1511 5309 concilio
1562 5233 1804 5298 Nicaeno,
1840 5233 2143 5309 rOgatnque

565 5305 808 5378 episcopi
850 5305 1076 5368 Nicazni,
1115 5306 1458 5378 historicam_
1488 5305 2030 5378 Itanc__narrationem
2075 5322 2143 5359 ex

463 5392 467 5395 '
570 5373 812 5446 antiquis
837 5376 1225 5438 monumentis,
1249 5376 1403 5446 circa
1438 5373 1578 5429 forte
1616 5375 1845 5446 lleraclii
1877 5385 2144 5443 tempora,

571 5458 629 5500 et
655 5444 745 5501 ubi
769 5446 972 5508 Persa,
1005 5460 1144 5513 quos
1174 5445 1385 5498 videtur
1419 5459 1613 5497 vocare
1646 5444 1902 5513 Assyrios
1930 5446 2147 5512 imperii

576 5516 806 5586 Comani
840 5518 1132 5586 plerasque
1159 5514 1478 5586 provincias
1496 5514 1893 5586 devastassent,
1925 5515 2149 5586 concin—

576 5582 807 5649 naverit,
838 5582 1127 5654 eidemque
1159 5582 1407 5654 ’Nicaatta:
1440 5582 1721 5654 Ecclesiae,
1757 5599 1921 5652 quam
1951 5582 2139 5638 Patres

578 5654 862 5730 praesentia
896 5653 1297 5730 illustrassent,_
1317 5653 1596 5730 cimelium
1630 5654 1950 5730 przeclarum
1982 5654 2141 5707 tradi-

577 5720 733 5776 derit.
770 5720 918 5791 Opus
949 5724 1226 5794 egregium
1277 5722 1467 5780 Latine
1498 5734 1706 5778 tantum
1740 5723 2003 5779 hactenus
2030 5725 2143 5779 edi-

2240 5177 2351 5249 tum
2378 5187 2392 5234 ;
2418 5170 2598 5249 libuit”
2626 5170 2691 5223 ad
2731 5170 2935 5249 justam
2972 5172 3209 5249 aliquam
3248 5172 3607 5249 quantitatem
3637 5168 3826 5248 nostri

2242 5240 2292 5291 in
2325 5256 2377 5293 Vl
2411 5240 2601 5302 synodi
2646 5250 2767 5295 acta
2815 5239 3134 5302 voluminis,
3187 5250 3418 5305 utraque
3468 5239 3826 5301 submittere,

2241 5323 2361 5362 cum
2414 5310 2535 5389 aliis
2580 5310 2781 5389 synodi
2811 5310 3042 5365 Nicaeum
3098 5310 3234 5389 actis
3263 5309 3577 5376 anonymis,
3618 5307 3829 5389 quib-us

2242 5388 2390 5447 gesta
2426 5379 2479 5431 in
2516 5376 2692 5446 primo
2730 5381 2820 5433 illo
2846 5380 3188 5434 mcumenico
3215 5388 3505 5440 conventu,
3540 5391 3647 5447 noti
3688 5376 3831 5429 nihil

2244 5444 2299 5528 et
2323 5452 2440 5517 ipsa
2466 5444 2723 5528 illustrari
2754 5450 3181 5528 possint.Latina_
3198 5448 3577 5526 componimus
3594 5444 3829 5524 Graecis,

2246 5518 2298 5571 in
2332 5515 2519 5587 paucis
2547 5519 2718 5574 secuti
2755 5515 3471 5587 interpretem,,Lipomani,
3527 5530 3635 5587 non
3684 5515 3831 5569 satis

2245 5587 2302 5710 ist:
2330 5584 2514 5669 inultis
2538 5598 2873 5657 accuratum,
2901 5584 3059 5658 cujus
3091 5584 3270 5657 aliqua
3304 5587 3454 5643 hisce
3519 5584 3667 5641 notis
3694 5599 3830 5656 per-

2305 5674 2589 5710 Πηαιηιιιε.

2250 5672 2589 5727 Sll‘lllglmtls.
