4088 6208
390 310 489 374 421

1544 314 1644 374 DE
1686 315 2044 376 CONSILIO
2084 315 2389 376 NlC/ENO
2430 318 2475 377 Ι.

3540 321 3640 386 42⁸2

389 427 562 494 τειλε,
617 425 773 497 δίκην
818 425 1155 497 Ἑωσφόρου,
1190 429 1605 493 Κωνσταντῐνος
1645 432 1673 483 ό
1715 432 1964 503 φιλοχρι-

2071 442 2303 487 exortus
2365 442 2449 487 est
2509 432 2714 486 Christi
2778 434 3194 490 amantissimus
3254 434 3641 493 Constantinus

388 521 665 586 στότατος,
696 522 726 574 ὁ
764 519 863 589 τῆς
898 520 1189 590 όρθοδόξου
1241 521 1520 586 πολιτείας
1567 524 1827 594 ἀρχηγὸς,
1868 527 1960 578 καλ⁵

386 612 485 681 τῆς
527 609 759 679 ἀμώμου
816 611 1057 674 πίστεως
1110 612 1417 677 πρόϐολος·
1477 614 1535 677 ὃς
1589 613 1708 684 ἅμα
1759 616 1838 685 τῷ
1890 616 1961 669 τὰ

390 701 647 771 σκῆπτρα
694 703 757 754 ὲκ
798 702 907 755 τῶν
961 703 1263 773 Ἐσπερίων
1317 705 1412 756 ἐπὶ
1466 704 1568 777 τὴν
1618 705 1737 758 Ἕω
1790 723 1961 776 μετα-

388 793 636 863 ποιῆσαι,
669 794 746 860 τῷ
802 793 933 863 θείῳ
974 795 1117 863 φωτὶ
1144 795 1245 865 τὴν
1285 796 1468 867 ψυχὴν
1512 798 1958 867 καταυγάζεται·

388 886 479 939 καὶ
516 889 583 957 τῇ
624 885 874 956 εὐσεϐείᾳ
905 888 1005 956 τὴν
1051 887 1295 941 διάνοιαν
1329 888 1699 959 ἀλειψάμενος
1740 891 1958 959 πρῶτον

387 977 572 1045 ἀγῶνα
626 980 763 1047 πρὸς
808 979 899 1030 τὸν
943 978 1191 1032 διάϐολον
1239 978 1578 1033 ἀποδύεται’
1627 982 1725 1035 καὶ
1774 982 1959 1051 τίθησι

387 1069 527 1119 κατὰ
551 1065 714 1119 τόπον
751 1067 1092 1137 Χριστιανῶν
1140 1068 1455 1139 ἐλευθερίας
1501 1070 1921 1141 προγράμματα
1948 1088 1960 1102 ·

387 1157 503 1212 λύει
550 1160 649 1226 τὴν
694 1160 759 1211 ὲκ
792 1158 900 1210 τῶν
935 1160 1155 1228 ἀνόμων
1204 1163 1317 1223 τοῖς
1351 1167 1566 1225 πιστοῖς
1600 1164 1958 1233 ὲνσκήψασαν

389 1250 690 1317 κατήφειαν
714 1265 727 1280 ·
756 1250 1085 1323 καταϐάλλει
1114 1251 1223 1303 τῶν
1248 1252 1484 1305 εἰδώλων
1511 1254 1579 1305 τὰ
1604 1252 1923 1323 σεϐάσματα
1940 1271 1956 1286 ·

390 1338 709 1407 Θριαμϐεύει
733 1339 824 1391 τοῦ
853 1322 1079 1409 ψεύδους
1106 1343 1168 1393 τὸ
1188 1342 1539 1412 ἀνύπαρκτον
1564 1358 1579 1373 ⁸
1612 1348 1840 1415 φανεροῖ
1861 1346 1960 1414 τῆς

390 1429 644 1498 ἀληθείας
682 1430 741 1481 τὸ
776 1430 1073 1501 κήρυγμα·
1110 1433 1435 1499 μεταδίδωσι
1462 1435 1631 1504 τιμῆς
1674 1440 1770 1489 καὶ
1818 1439 1962 1509 παρ·

391 1521 585 1591 ρησίας
631 1526 744 1585 τοῖς
786 1524 1110 1592 τετιμηκόσι
1139 1525 1234 1578 τὸν
1266 1525 1474 1595 Κύριον
1499 1542 1513 1557 ·
1545 1527 1962 1599 άναρῤώννυται

391 1613 620 1681 σώματα
658 1614 862 1667 πιστῶν
911 1616 1279 1685 κεκακωμένα
1330 1619 1455 1681 ταῖς
1495 1619 1720 1687 μάστιξι
1745 1636 1759 1650 ο
1797 1638 1959 1691 στρε-

388 1704 584 1757 ϐλώσει
618 1706 710 1757 καὶ
744 1704 980 1776 ἑξορίαις
1020 1706 1417 1763 ὑποϐάλλονται
1474 1711 1524 1763 oi
1569 1714 1959 1783 προσκείμενοι

385 1794 622 1865 δαίμοσι.
650 1798 755 1850 Καὶ
874 1798 999 1851 ἰδεῖν
1025 1799 1134 1851 τῶν
1168 1817 1227 1853 τε
1260 1801 1469 1855 πιστῶν
1492 1803 1558 1857 ὲκ
1588 1771 1682 1857 τοῦ
1710 1771 1955 1876 διωγμοῦ
1992 1771 2036 1830 Β

386 1886 482 1957 τὴν
521 1889 817 1958 ἀνάκλησιν
842 1931 857 1956 ,
896 1893 990 1944 καὶ
1023 1891 1131 1945 τῶν
1162 1893 1227 1945 ἐκ
1257 1894 1357 1962 τῆς
1380 1893 1708 1967 δαιμονικῆς
1746 1897 1957 1968 πλάνης

386 1982 482 2051 τὴν
512 1980 800 2052 ἀνάνηψιν,
834 1984 1028 2053 ὁμοίαν
1058 1986 1326 2057 άγγελικῇ
1352 1990 1713 2059 χοροστασίᾳ,
1735 1989 1959 2043 πάντων

390 2073 446 2126 ὲν
478 2074 765 2145 παρρησίᾳ
794 2074 1227 2143 δοξολογούντων
1251 2078 1341 2131 τὸν
1375 2080 1603 2151 Κύριον.

463 2262 723 2335 Ἐχαιρεν
765 2258 863 2315 οὖν
894 2264 922 2315 ό
953 2263 1278 2327 πιστότατος
1309 2264 1565 2334 βασιλεὺς
1597 2266 1694 2319 ἐπὶ
1726 2268 1791 2336 τῇ
1821 2266 1956 2320 καθ-

387 2354 603 2426 ημέραν
674 2354 963 2426 προσθήκῃ
996 2354 1107 2408 τῶν
1148 2356 1519 2425 Χριστιανῶν,
1564 2356 1860 2424 συμϐαλὼν
1902 2361 1961 2414 ὲν

389 2447 458 2515 τῇ
494 2445 700 2515 διανοίᾳ
731 2445 896 2500 αὑτοῦ
947 2446 1097 2509 Θείας
1128 2442 1270 2500 εἶναι
1299 2449 1359 2499 τὸ
1382 2449 1490 2501 πᾶν
1524 2448 1829 2517 ἐνεργείας,
1857 2449 1959 2519 τῆς

388 2538 447 2588 ὲν
469 2536 637 2606 ὀλίγῳ
687 2538 748 2590 τὸ
807 2538 1050 2607 ὑπήκοον
1076 2537 1228 2608 αὐτῷ
1280 2538 1418 2607 πρὸς
1463 2540 1563 2609 τὴν
1613 2539 1711 2592 τοῦ
1746 2540 1957 2610 Κυρίου

402 2628 579 2697 Ἰησοῦ
615 2630 854 2699 Χριστοῦ
908 2629 1289 2701 ὲλκυσαμένης
1337 2630 1655 2699 ἐπίγνωσιν.
1692 2626 1817 2686 Οἷον
1850 2631 1962 2703 γὰρ

380 2723 610 2774 κάκεῖνο
642 2724 755 2785 τοῖς
788 2723 1031 2791 φθάσασι
1072 2725 1417 2794 συνέδραμε;
1455 2724 1577 2777 Τῶν
1620 2724 1730 2795 γὰρ
1770 2741 1959 2795 παρα-

390 2814 660 2885 κειμένων
709 2815 899 2881 ἐθνῶν,
946 2816 1043 2869 ἅτε
1092 2815 1160 2870 τὰ
1219 2816 1462 2869 σπονδῶν
1509 2816 1623 2887 [γρ.
1654 2817 1960 2885 ἀσπόνόων,

390 2908 467 2961 rel
498 2922 562 2961 ea:
588 2905 712 2976 Lip.
738 2908 805 2961 τὰ
836 2907 1081 2960 σπονδῶν
1113 2908 1190 2978 μὴ
1226 2906 1490 2979 ἐχόντων]
1517 2912 1629 2973 τοῖς
1656 2909 1764 2980 πρὸ
1791 2910 1956 2963 αὑτοῦ

392 2999 676 3070 βασιλεῦσι
724 2998 1202 3069 ἐπανισταμένων,
1233 3001 1329 3053 καὶ
1361 3000 1470 3053 τῶν
1502 3001 1783 3069 ἐμφυλίων
1830 3001 1963 3055 στά-

2065 527 2381 596 imperator,
2415 526 2733 579 orthodoxa:
2787 526 3101 596 reipubliraa
3139 536 3333 581 auctor
3388 544 3451 581 ac
3495 529 3631 598 prin-

2063 634 2197 689 ceps
2228 618 2327 689 (2),
2362 629 2416 673 et
2452 619 2745 687 inculpata:
2780 618 2901 673 fidei
2951 627 3327 688 propugnator
3362 636 3374 671 :
3411 620 3457 672 is
3485 622 3643 673 simul

2060 722 2227 779 atque
2260 721 2474 780 sceptra
2508 728 2574 766 ex
2606 712 2905 766 Occidente
2950 712 3004 765 in
3040 710 3316 766 Orientem
3350 712 3644 779 transtulit,

2064 803 2245 858 divina
2325 805 2448 857 luce
2517 805 2701 857 animo
2768 803 3153 872 perfunditur;
3230 804 3645 873 instructusque

2063 896 2299 965 pietate,
2360 896 2596 963 primum
2666 896 2931 949 adversus
3018 894 3293 948 diabolum
3365 906 3643 950 certamen

2064 988 2317 1049 instituit,
2345 997 2505 1055 atque
2531 986 2747 1055 publica
2782 1002 2880 1053 pro
2903 985 3343 1039 Christianorum
3368 984 3641 1050 libertate,

2064 1081 2239 1135 edicta
2275 1079 2548 1149 proponit.
2580 1079 2754 1144 Quam
2800 1077 2951 1147 impii
2984 1077 3295 1131 molestiam
3326 1077 3645 1147 ingerebant

2068 1172 2363 1237 ﬁdelibus,
2437 1171 2694 1240 depellit;
2778 1170 3012 1224 destruit
3066 1170 3333 1223 idolorum
3395 1168 3641 1234 cultum;

2064 1265 2282 1319 inanem
2345 1263 2467 1318 falsi
2523 1262 2940 1318 consistentiam
2969 1261 3046 1332 ('5)
3090 1261 3357 1322 traducit;
3400 1260 3644 1314 veritatis

2063 1353 2505 1426 praedicationem
2554 1355 2609 1407 in
2668 1352 2844 1421 palam
2905 1351 3069 1417 facit;
3134 1366 3228 1407 eos
3277 1353 3369 1419 qui
3414 1351 3644 1406 Domino

2065 1448 2328 1501 honorem
2361 1446 2783 1516 impendissent,
2818 1445 3026 1498 honore
3062 1460 3127 1497 ac
3170 1444 3427 1497 libertate
3456 1443 3641 1497 allicit.

2064 1540 2463 1601 lnstaurantur,
2516 1553 2579 1591 ac
2620 1538 2767 1592 vires
2816 1537 3089 1606 recipiunt
3137 1535 3279 1589 male
3323 1534 3643 1590 verberibus

2065 1629 2387 1685 aliectorum
2438 1630 2676 1683 fidelium
2726 1644 2955 1698 corpora
2991 1628 3275 1681 tormentis
3326 1628 3403 1696 (4)
3462 1635 3515 1680 et
3544 1641 3641 1679 ex-

2065 1723 2204 1778 siliis
2268 1722 2662 1791 subjiciuntur,
2702 1722 2795 1790 qui
2848 1722 3187 1775 daemonibus
3242 1720 3422 1774 devoti
3451 1719 3637 1773 adhae-

2062 1824 2247 1869 rerent
2276 1832 2289 1868 :
2326 1829 2389 1867 ac
2423 1815 2608 1867 videre
2652 1824 2791 1878 erat,
2817 1829 2941 1868 cum
2978 1812 3161 1867 fideles
3202 1827 3229 1866 ο
3262 1812 3641 1881 persecutione

2060 1904 2262 1959 liberos
2294 1903 2453 1964 effici.
2501 1914 2611 1957 tum
2639 1919 2757 1968 eos,
2794 1904 2887 1973 qui
2915 1918 3104 1958 errore
3127 1903 3436 1957 daemonum
3472 1902 3644 1970 impli-

2059 1999 2163 2051 cati
2189 1997 2442 2061 fuissent,
2471 1998 2537 2051 ad
2571 1998 2780 2067 frugem
2817 1998 3097 2052 meliorem
3134 1996 3367 2051 reverti:
3406 2010 3527 2065 quae
3554 2009 3641 2047 res

2058 2090 2320 2159 angelica:
2366 2090 2578 2145 cbureze
2607 2091 2847 2160 speciem
2884 2090 3179 2158 quamdam
3213 2086 3471 2157 praferre
3499 2086 3644 2139 vide-

2060 2180 2243 2246 batur,
2278 2195 2402 2235 cum
2435 2180 2605 2235 Deum
2643 2195 2835 2235 omnes
2862 2181 3033 2235 libere
3070 2180 3461 2249 gIOrificarenl.

2132 2270 2319 2341 Itaque
2368 2272 2653 2327 laetabatur
2706 2272 3059 2326 fidelissimus
3114 2272 3410 2339 imperator
3454 2268 3639 2338 quoti-

2061 2361 2226 2416 diano
2283 2362 2721 2416 Christianorum
2781 2370 3097 2431 augmento,
3132 2376 3315 2414 secum
3355 2360 3540 2413 animo
3565 2374 3643 2413 re-

2060 2463 2283 2519 putans,
2324 2453 2377 2506 id
2409 2461 2581 2506 totum
2614 2454 2815 2507 divina:
2845 2453 3185 2522 operationis
3230 2467 3372 2511 esse.
3417 2467 3537 2519 qua:
3563 2452 3641 2505 sic

2061 2546 2258 2617 exiguo
2281 2554 2548 2615 tempore,
2593 2546 2868 2613 subjectos
2917 2547 2984 2599 ad
3026 2545 3238 2598 Domini
3274 2544 3401 2597 Jesu
3435 2543 3640 2597 Christi

2061 2638 2393 2705 agnitionem
2447 2636 2728 2691 traxisset.
2788 2637 2999 2690 Etenim
3058 2636 3187 2705 quid
3241 2634 3510 2701 ejusmodi
3573 2634 3641 2687 iis

2062 2730 2335 2796 convenit,
2381 2730 2473 2799 qui
2524 2731 2964 2799 pmcesserunt?
3014 2729 3154 2784 Cum
3209 2728 3354 2783 enim
3398 2726 3642 2780 finitima:

2063 2830 2271 2892 gentes,
2303 2822 2707 2890 velutperfidaa,
2743 2821 3009 2875 adversus
3040 2822 3252 2889 priores
3282 2821 3641 2887 imperatores

2063 2914 2259 2969 crebro
2298 2913 2646 2977 rebellarent,
2684 2928 2781 2967 nec
2810 2912 3146 2967 seditionum
3178 2911 3418 2965 civilium
3449 2908 3644 2962 tumul-

2063 3015 2173 3070 tus,
2208 3007 2436 3061 alternis
2490 3007 2749 3072 cxdibus,
2786 3005 3031 3073 requiem
3097 3005 3261 3058 ullam
3312 3002 3640 3071 praeberent,

393 3110 534 3145 σεων
582 3093 705 3157 ταῖς
750 3091 1168 3164 ἀλληλοφονξαις
1202 3094 1278 3164 μὴ
1330 3092 1723 3164 παρεχομένων
1770 3095 1959 3158 αὐτοῖς

2066 3099 2157 3153 ubi
2195 3114 2322 3152 mox
2361 3096 2758 3152 Constantinus
2810 3110 2907 3166 per
2956 3094 3257 3149 Salvatoris
3307 3091 3477 3148 nostri
3512 3092 3640 3147 Jesu

388 3184 492 3253 τὴν
520 3184 849 3250 ἀνάπαυσιν,
883 3186 1048 3256 ἡνίκα
1093 3185 1503 3249 Κωνσταντίνος
1533 3185 1622 3241 διὰ
1646 3185 1741 3239 τοῦ
1770 3187 1961 3257 Σωτῆ-

392 3295 488 3349 ρος
541 3279 699 3350 ἡμῶν
759 3278 1000 3350 Χριστοῦ
1068 3280 1130 3332 τὸ
1180 3280 1279 3349 τῆς
1335 3279 1613 3349 βασιλείας
1673 3280 1962 3347 ἀνεδέξατο

394 3374 620 3444 κράτος,
664 3374 828 3436 εὐθὺς
885 3374 961 3436 ὠς
1002 3376 1066 3427 ὲκ
1103 3374 1558 3443 προστάγματος,
1599 3375 1691 3427 καὶ⁵
1731 3375 1801 3429 τά
1851 3375 1963 3429 τῶν

391 3466 563 3520 ἐθνῶν
592 3467 742 3519 δεινὰ
772 3466 1151 3533 κατελώφησε,
1186 3466 1282 3519 καὶ
1316 3466 1377 3518 τὸ
1400 3466 1641 3536 ὑπήκοον
1665 3468 1765 3535 τὴν
1806 3468 1964 3537 είρήο

392 3574 491 3626 νην
531 3558 840 3626 ἠσπάσατο.
875 3557 935 3610 ’0
966 3557 1023 3609 δὲ
1051 3555 1346 3627 μισόκαλος
1376 3556 1571 3626 ἐχθρὸς
1602 3558 1723 3610 οὐδὲ
1753 3562 1961 3624 ταύτην

391 3649 594 3719 ἤνεγκε
628 3650 729 3720 τὴν
754 3650 848 3702 ἐπὶ
891 3648 960 3703 τὰ
1002 3648 1289 3719 κρείττονα
1342 3649 1450 3701 τῶν
1494 3648 1803 3719 ἀνθρώπων
1837 3650 1960 3703 ἐπί-

391 3757 629 3809 γνωσιν·
671 3740 787 3794 ἀλλ’
820 3740 1010 3808 ὥσπερ
1064 3741 1232 3793 πάλαι
1277 3739 1358 3810 τῷ
1413 3742 1830 3811 πρωτοπλάστῳ
1860 3742 1960 3811 τῆς

391 3836 599 3889 ἀπόνου
660 3836 806 3904 ζωῆς
854 3834 1198 3904 διεφθόνησε,
1246 3836 1341 3887 καὶ
1388 3834 1478 3887 διά
1532 3835 1624 3888 τοῦ
1673 3836 1855 3904 ὄφεως
1893 3839 1959 3906 τῇ

390 3930 533 3998 ἀκοῇ
566 3929 665 3999 τὴν
702 3928 990 3999 παρακοήν
1025 3927 1126 3995 τῆς
1170 3927 1390 3995 ἐντολῆς
1422 3928 1736 3999 ἐνέσπειρεν
1763 3968 1778 3992 ,
1820 3929 1965 3982 οὕτω

395 4021 493 4074 καὶ
521 4022 643 4072 τότε
674 4020 1015 4090 σπαραχθεὶς
1048 4021 1145 4073 ἐπὶ
1170 4022 1234 4090 τῇ
1264 4020 1373 4073 τῶν
1414 4020 1474 4085 ἐξ
1504 4020 1964 4091 είδωλολατρείας

392 4112 533 4182 πρὸς
579 4112 712 4164 Θεὸν
762 4114 1097 4183 ἐπιστροφῇ,
1154 4112 1363 4182 ἐγείρει
1410 4110 1631 4180 πνεῦμα
1684 4111 1965 4176 Πύθωνος.

398 4205 619 4274 ’Δρειος
644 4203 699 4256 δὲ
722 4198 789 4274 ἦν
826 4198 981 4265 οὗτος
1005 4219 1022 4233 ο
1061 4203 1390 4274 Χριστιανὸς
1432 4204 1532 4272 μὲν
1560 4205 1659 4272 τὴν
1691 4220 1968 4275 προσηγο-

2063 3187 2270 3244 Christi
2306 3191 2539 3259 gratiam
2592 3187 2885 3257 imperium
2936 3189 3197 3253 suscepit,
3254 3200 3352 3240 ceu
3392 3186 3643 3255 jussione

2063 3279 2270 3343 divina,
2324 3289 2437 3333 tum
2481 3279 2621 3333 mala
2650 3286 2957 3343 cessarunt,
2987 3277 3031 3332 si
3069 3292 3172 3346 qua
3218 3286 3375 3330 erant
3407 3292 3436 3329 a
3469 3276 3643 3344 genti-

2063 3371 2188 3432 bus,
2227 3370 2538 3439 subditique
2584 3369 2770 3439 populi
2806 3383 2994 3437 pacem
3030 3367 3268 3436 amplexi
3299 3376 3447 3420 sunt.
3474 3364 3641 3419 Caete-

2063 3458 2183 3515 rum
2235 3460 2363 3513 boni
2398 3474 2526 3513 osor
2575 3457 2771 3519 hostis,
2801 3472 2976 3524 neque
3031 3471 3150 3509 eam
3189 3456 3470 3508 hominum
3516 3468 3643 3525 pro-

2062 3552 2364 3606 vectionem
2413 3551 2478 3603 ad
2532 3550 2813 3603 meliorem
2845 3548 3213 3617 cognitionem
3249 3546 3390 3599 ferre
3418 3547 3639 3614 potuit;

2063 3645 2195 3714 quin
2232 3644 2252 3674 ¹
2286 3644 2417 3709 imo,
2455 3642 2601 3696 velut
2651 3641 2779 3695 olim
2839 3642 3079 3709 primum
3136 3639 3355 3693 condito
3424 3638 3641 3691 homini

2061 3746 2229 3799 vitam
2284 3745 2529 3799 laborum
2586 3744 2857 3798 vacuitate
2888 3741 3104 3797 felicem
3160 3741 3380 3803 invidit,
3415 3740 3645 3809 ejusque

2062 3849 2157 3902 per
2197 3842 2529 3901 serpentem,
2560 3842 2621 3886 ut
2667 3848 2735 3886 ne
2784 3840 3055 3899 praecepto
3102 3832 3368 3892 obediret,
3415 3832 3643 3885 auribus

2065 3929 2258 3981 inseVit
2289 3930 2344 3991 ';
2379 3930 2460 3979 sic
2502 3940 2721 3993 quoque
2748 3939 2844 3993 per
2876 3925 2925 3976 id
2962 3934 3198 3992 tempus,
3228 3925 3642 3978 idololatrarum

2065 4022 2129 4076 all
2163 4020 2330 4072 Deum
2353 4018 2712 4072 conversione
2742 4015 3108 4079 exulceratus,
3134 4014 3363 4069 suscitat
3390 4017 3641 4084 Spiritum

2065 4112 2349 4185 Pythonis.
2426 4108 2553 4163 Fuit
2608 4108 2657 4162 is
2716 4107 2881 4161 Arius
2937 4120 2952 4158 :
3011 4106 3355 4160 Christianus
3420 4106 3641 4176 quidem

2065 4205 2316 4268 nomine,
2384 4217 2448 4257 ac
2517 4199 2774 4255 Ecclesia:
2851 4196 3237 4251 Alexandrina:
3308 4198 3643 4267 presbyteris

2066 4298 2336 4360 allectus;
2391 4293 2481 4349 cui
2547 4292 2960 4361 Scripturarum
3015 4288 3323 4343 divinarum
3354 4289 3643 4358 aintcrprc-

398 4295 550 4365 ρίαν,
590 4294 686 4347 καὶ
714 4295 791 4364 τῷ
821 4292 1203 4363 πρεσϐυτερίῳ
1246 4291 1348 4361 τῆς
1390 4290 1790 4361 Ἀλεξανδρέων
1836 4293 1965 4346 Ἐκ-

400 4386 630 4456 κλησίας
662 4386 1118 4455 καταλεγόμενος·
1148 4374 1249 4452 τήν
1286 4400 1346 4436 τε
1375 4383 1484 4437 τῶν
1515 4383 1675 4437 θείων
1705 4384 1745 4435 Γ
1752 4384 1964 4455 ραφῶν,

2066 4388 2201 4443 talio
2274 4386 2469 4441 fuisset
2523 4384 2799 4450 mandata,
2871 4390 3034 4451 atque
3077 4379 3283 4433 utinam
3352 4395 3459 4432 non
3506 4379 3677 4435 fuis-.

399 4480 475 4543 ὡς
526 4481 630 4533 οὐκ
671 4478 895 4546 ὄφελον,
952 4475 1385 4546 πεπιστευμένος
1435 4476 1745 4546 ὑφήγησιν·
1807 4494 1963 4531 κενο-

2074 4488 2193 4545 set,
2231 4479 2380 4533 inani
2410 4478 2573 4531 homo
2634 4476 2806 4547 gloria
2839 4514 2853 4539 ,
2897 4488 2963 4527 ac
3012 4473 3277 4538 avaritia,
3328 4472 3499 4543 patris
3559 4472 3642 4527 sui

400 4570 551 4642 ϐοείᾳ
586 4587 645 4623 τε
692 4572 787 4622 καὶ
838 4569 1195 4639 φιλαργυρίᾳ,
1223 4570 1339 4631 τοῖς
1386 4568 1571 4630 ὅπλοις
1616 4568 1709 4621 τοῦ
1759 4569 1964 4638 πατρὸς

2069 4572 2273 4628 diaboli
2298 4570 2487 4635 armis,
2527 4583 2841 4638 possessus.
2883 4565 3019 4621 Cum
3072 4580 3238 4634 porro
3272 4575 3396 4627 post
3422 4563 3642 4617 Petrum

402 4663 571 4717 αὐτοῦ
610 4660 705 4714 τοῦ
746 4661 1021 4725 διαϐόλου,
1076 4660 1443 4731 κατεχόμενος
1470 4676 1485 4691 ⁸
1518 4660 1575 4723 ὃς
1634 4660 1964 4730 θεασάμενος

2070 4664 2213 4718 inter
2250 4672 2519 4732 martyres
2575 4661 2811 4714 victoria
2862 4657 3157 4722 illustrem,
3192 4671 3256 4711 ac
3290 4656 3430 4711 inter
3464 4659 3643 4726 ponti-

398 4757 475 4820 ὠς
510 4755 650 4826 μετὰ
685 4755 891 4824 Πέτρον
924 4753 1018 4806 τὸν
1050 4752 1108 4806 ὲν
1143 4754 1385 4824 μάρτυσι
1426 4754 1722 4824 νικηφόρον
1748 4792 1762 4817 ,
1794 4753 1887 4805 καὶ
1912 4752 1964 4805 ὲν

2073 4752 2203 4808 lices
2242 4758 2563 4807 consertum
2609 4747 2900 4819 apostolis,
2948 4746 3331 4817 Acbillamque
3358 4745 3479 4816 ejus
3510 4762 3644 4824 suav

496 4874 517 4903 ³
558 4870 695 4926 Gen.
716 4886 797 4934 nt,
828 4870 882 4924 5.

1664 4961 1764 5022 Fr.
1809 4960 2169 5025 Combefisii
2204 4968 2387 5024 notua.

2085 5086 2423 5139 dicalionem.
2454 5083 2621 5137 Planc
2647 5078 2999 5143 consistebat,
3042 5086 3167 5133 ante
3189 5074 3529 5133 Constantini
3564 5073 3645 5127 fe-

2083 5157 2209 5209 licia
2244 5165 2509 5223 tempora,
2566 5168 2667 5206 nec
2698 5152 2889 5223 majori
2950 5164 3185 5223 unquam
3234 5151 3444 5223 _vigore_
3478 5160 3639 5223 quam

2086 5228 2189 5279 Sub
2222 5216 2604 5279 decessuribus
2652 5216 2923 5291 tyrannis.
2973 5216 3643 5291 praedicatioChrist'tanae

2080 5296 2347 5357 veritatis,
2379 5310 2442 5346 ac
2463 5288 2727 5362 κήρυγμα
2752 5305 3031 5362 nunquam
3062 5288 3429 5362 ἀνύπαρκτον.

2156 5365 2233 5433 (4)
2279 5352 2589 5417 Tormentis.
2620 5352 3073 5429 'Exagger'atione
3127 5352 3371 5433 dictum,
3399 5368 3512 5433 _nec
3576 5352 3641 5407 ad

2084 5422 2432 5489 Constantini
2496 5422 2837 5486 referendum
2892 5438 3180 5495 tempora,
3238 5422 3505 5492 siquidem
3561 5434 3649 5476 est

2078 5520 2258 5559 sermo
2284 5508 2346 5559 tle
2382 5503 2640 5564 ethnicis,
2674 5501 2874 5568 quibus
2907 5497 3119 5568 interitu
3147 5496 3378 5568 multum
3410 5502 3550 5554 erat,
3569 5508 3642 5568 Διιι

2076 5575 2327 5631 nefandis
2353 5576 2524 5628 sacris
2546 5563 2983 5641 prohiberentur,
3006 5565 3392 5641 clauderentur
3417 5563 3639 5634 templa,

2076 5645 2193 5702 sive
2223 5645 2412 5711 etiam,
2446 5636 2570 5701 cum
2609 5655 2695 5696 res
2728 5639 2957 5702 ferebat,
2988 5636 3422 5693 destruerentur.

476 5086 554 5156 (Ξ)
629 5084 949 5139 Orthodoxw
1007 5082 1309 5156 reipublica:
1363 5093 1548 5136 auctor
1610 5099 1671 5135 ac
1712 5084 1976 5156 princeps.

398 5160 566 5213 Velut
598 5158 689 5224 qui
718 5158 927 5223 primus
962 5169 1047 5207 res
1079 5155 1516 5207 Christianorum
1548 5167 1610 5224 ac
1637 5155 1981 5207 orthodoxo-

406 5245 551 5287 rum,
596 5223 927 5294 provexerit,
961 5234 1017 5277 ut
1052 5224 1162 5290 jam
1217 5224 1525 5290 respublica
1573 5223 1881 5276 ChriSIiana
1918 5238 1981 5276 ac

408 5299 733 5355 orthodoxa,
769 5295 935 5345 libera
976 5294 1257 5361 religione,
1290 5308 1353 5345 ac
1398 5296 1732 5361 compressis
1763 5295 1974 5345 errori-

412 5370 531 5428 bus,
584 5373 770 5433 pOsset
807 5364 933 5415 dici.
969 5361 1196 5429 luterpr.
1233 5362 1443 5433 Lipomj.
1511 5361 1828 5417 Ort/iodoxw
1852 5364 1972 5417 vitae

412 5432 636 5487 instituti
669 5436 925 5499 princeps.
951 5432 1095 5501 quod
1119 5446 1227 5483 non
1256 5432 1476 5499 placuit.

475 5507 552 5573 (5)
597 5504 819 5555 Inanem
875 5500 997 5570 falsi
1041 5503 1455 5573 consistentiam.
1498 5500 1707 5571 Quippe
1744 5502 1970 5557 menda-

404 5569 547 5629 cium
588 5569 954 5626 inconsistctts
1000 5581 1105 5625 est.
1136 5572 1354 5625 Absone
1393 5569 1673 5639 Lipumaui
1715 5573 1877 5626 inter.
1908 5573 1969 5625 τὸ

401 5648 751 5713 ἀνύπαρκτον
775 5644 843 5697 ad
873 5656 1105 5713 sequens
1129 5642 1408 5713 κήρυγμα
1442 5643 1606 5696 refert
1648 5642 1822 5713 :Qua:
1846 5659 1969 5695 con-

403 5711 719 5770 sistere—non
755 5722 980 5781 poterat,
1013 5711 1161 5780 efﬁcit
1200 5711 1535 5782 manifestam
1573 5712 1804 5768 veritatis
1829 5727 1967 5782 pra:-
