4088 6208
406 338 515 402 425

406 541 461 594 οἳ
507 538 585 608 τῷ
619 537 796 609 καιρῷ
827 538 1024 606 ἐκείνῳ
1083 539 1150 607 τῇ
1208 537 1520 607 προγνώσει
1565 537 1971 601 τοῦζωοπνιιοῦ

406 631 727 700 Πνεὺμτος
779 627 1115 698 τηρηθέντες
1170 630 1483 692 ἐπίσκοποι,
1551 629 1645 680 καὶ
1696 628 1760 681 ὲκ
1809 631 1973 691 ποίας

399 725 632 786 ἕκαστος
658 721 766 774 τῶν
789 721 1152 774 συνελθόντων
1187 719 1482 789 παροικίας
1515 719 1766 791 ὥρμητο,
1788 723 1816 774 ό
1843 722 1972 791 παρ’

399 817 580 870 αὐτῶν
617 814 864 877 ἐκτεθεὶς
916 815 1079 884 τόμος
1117 813 1396 876 συνοδικὸς
1431 814 1799 884 παραστήσει,
1860 817 1973 877 τοῖς

398 909 705 979 φιλοπόνως
735 909 1170 980 ἐντυγχάνουσιν.
1196 908 1258 962 Οί
1290 907 1388 978 μὲν
1413 902 1506 960 οὖν
1536 906 1682 974 ano;
1707 907 1970 974 Πατέρες,

403 1004 501 1059 ἅτε
529 1002 784 1066 μέλισσαί
813 1019 960 1062 τινες
1003 1000 1306 1070 ἐργάτιδες,
1329 999 1518 1070 ὥσπερ
1556 1001 1620 1052 ὲκ
1656 998 1974 1052 πολυάνθων

400 1095 705 1167 λειμώνων,
741 1095 852 1146 τῶν
909 1093 1125 1146 οἰκείων
1176 1093 1406 1154 ἕκαστος
1453 1091 1760 1161 ἐκκλησιῶν
1815 1092 1962 1143 ἀπα-

398 1188 697 1248 ναστάντες
719 1184 952 1238 Νίκαιαν
1006 1184 1066 1236 τὸ
1106 1182 1500 1252 συμϐολοποιὸν
1526 1183 1623 1250 τῆς
1661 1181 1972 1248 ὀρθοδοξίας

398 1281 762 1349 κατειλήξασι
796 1277 1018 1347 χωρίον.
1063 1277 1120 1329 ’0
1151 1275 1207 1328 δὲ
1241 1275 1382 1336 θεῖος
1415 1277 1847 1336 Κωνσταντῖνος,
1872 1273 1971 1343 τὴν

399 1374 552 1443 ίερὶν
585 1371 682 1424 καὶ
718 1369 971 1438 ἀγγέλοις
1003 1368 1284 1436 αἰδέσιμον
1317 1367 1425 1419 τῶν
1469 1367 1641 1433 ἁγίων
1706 1365 1970 1435 Πατὲρων

395 1465 554 1533 ἣκειν
613 1461 853 1523 ἀκούσας
893 1460 1219 1530 παρουσίαν,
1269 1457 1431 1517 εὐθὺς
1479 1461 1542 1510 ἐκ
1593 1456 1966 1528 προπυλαίων,

395 1558 516 1618 ταῖς
562 1551 903 1625 πρεπούσαις
935 1549 1306 1619 ὲπιθαυμάξει
1337 1552 1546 1619 τιμαῖς,
1571 1549 1665 1602 καί
1687 1565 1840 1610 τινας
1872 1548 1972 1614 τῆς

397 1647 551 1716 ίερᾶς
603 1643 912 1712 συγκλήτου
963 1640 1434 1712 προαποστείλας,
1478 1641 1564 1693 διὰ
1626 1640 1724 1710 τῆς
1777 1641 1968 1707 ἐπιτη-

393 1737 690 1807 δειότητος,
730 1735 823 1788 καὶ
866 1737 930 1802 τῇ
967 1733 1290 1804 καταλλήλῳ
1331 1732 1432 1800 τῆς
1462 1731 1650 1801 χρείας
1702 1730 1963 1792 ἐπιδόσει,

1574 341 1672 400 DE
1711 340 2067 401 CONCILIO
2107 340 2408 402 NICIENO
2449 343 2497 402 Ι.

471 445 691 501 Τούτων
718 439 813 500 οὖν
845 444 987 499 οὕτω
1017 443 1464 516 προϐεϐηκότων,
1499 446 1644 509 τίνες
1667 446 1974 517 εὑρέθησαν
2007 455 2048 510 Α

3542 337 3648 402 ιὲό

2155 445 2250 502 llis
2302 448 2374 500 ita
2421 448 2716 515 provectis,
2781 447 3000 517 quinam
3039 447 3130 503 illo
3165 457 3407 518 tempore
3441 449 3645 506 inventi

2078 536 2190 590 sint
2212 537 2409 588 vivifici
2436 535 2672 605 Spiritus
2693 538 3031 606 praescientia
3055 540 3357 593 conservati
3381 541 3644 610 episcopi,

2078 643 2178 680 nec
2209 642 2316 680 non
2349 643 2414 680 ex
2447 643 2680 697 quanam
2714 632 2945 699 quisque
2977 632 3215 699 patmcia
3248 633 3522 700 profectus
3552 635 3645 696 sit,

2076 719 2324 772 ostendet
2372 736 2533 788 quem
2565 721 2853 775 ediderunt
2896 731 3079 777 tomus
3107 725 3402 794 synodicus
3447 727 3548 792 (6),
3589 739 3649 780 ut

2077 810 2200 876 quis
2230 808 2474 864 studiose
2501 811 2679 880 legere
2710 813 2858 866 velit.
2891 814 3072 867 Sancti
3103 830 3233 883 ergo
3264 815 3470 880 Patres,
3503 818 3647 871 haud

2078 915 2237 954 secus
2279 917 2340 954 ac
2371 913 2775 969 argumentosa:
2811 905 3056 973 qumdam
3089 922 3237 974 apes,
3269 923 3331 960 ex
3364 924 3459 960 sua
3495 909 3650 978 quis-

2076 1005 2183 1058 que
2245 988 2506 1053 Ecclesia,
2550 992 2694 1045 velut
2751 1009 2813 1046 ex
2855 996 3023 1062 pratis
3073 993 3285 1049 ﬂoridis
3340 1007 3647 1066 surgentes,

2076 1077 2350 1133 Nicaznam
2384 1096 2478 1134 seu
2512 1081 2809 1135 alvearium
2839 1083 3134 1151 quoddam.
3176 1096 3335 1140 recta:
3368 1087 3488 1139 ﬁdei
3521 1103 3651 1142 con-

2077 1169 2270 1223 dendis
2304 1169 2470 1233 favis,
2504 1183 2792 1226 venerunt.
2819 1172 3043 1226 Divinos
3072 1189 3197 1227 vero
3235 1174 3650 1240 Constantinus,

2077 1271 2136 1313 ut
2164 1275 2377 1313 sacram
2425 1275 2488 1313 ac
2529 1263 2880 1315 reverendam
2926 1263 3136 1331 angelis
3188 1265 3429 1318 audisset
3458 1267 3652 1321 adesse

2076 1359 2388 1404 sanctorqu
2444 1348 2666 1404 Patrum
2721 1352 3087 1420 priesentiam,
3141 1353 3324 1406 statim
3390 1370 3420 1408 a
3470 1356 3646 1423 p:itno

2078 1443 2344 1496 vestibulo
2370 1445 2629 1510 congruis
2683 1459 2778 1497 eos
2824 1444 3124 1499 honoribus
3155 1449 3542 1515 prosequitur;
3584 1464 3647 1500 ac

2077 1535 2372 1601 pra-missis
2397 1534 2724 1603 quibusdam
2755 1549 2784 1588 e
2815 1550 2974 1588 sacro
3003 1547 3218 1596 senatu,
3245 1539 3650 1605 opportunitate

2078 1639 2141 1678 ac
2163 1641 2340 1679 rerum
2362 1625 2786 1680 necessariarum
2819 1627 3164 1681 convenienti
3195 1629 3649 1698 suppeditatioiw,

2079 1717 2316 1786 quietem
2347 1719 2428 1771 eis
2460 1728 2736 1787 procurat,
2765 1734 2826 1772 ac
2860 1735 2927 1772 ne
2971 1706 3205 1772 habeant
3245 1719 3651 1774 necesse'sulli-

397 1826 772 1896 περιποιεῖται
826 1825 1026 1884 αὐτοὺς
1092 1821 1207 1894 [γρ.
1265 1822 1483 1883 αὐτοῖς·
1539 1820 1601 1888 ἢ,
1658 1817 1860 1889 αὐτῶν]
1918 1819 1975 1869 τὸ

2081 1807 2318 1860 citudiue
2348 1809 2602 1862 distrahi.
2639 1809 2925 1873 Caeterum,
2984 1811 3070 1862 ubi
3123 1817 3402 1880 cognovit,
3438 1831 3497 1867 ea
3532 1814 3653 1882 ejus

395 1919 826 1987 ἀπερῖσπαστον.
861 1915 1018 1967 Ἐπεὶ
1052 1915 1108 1966 δὲ
1157 1912 1296 1981 ἔγνω
1337 1912 1519 1974 καλῶς
1541 1912 1686 1982 ἔχειν
1721 1909 1869 1978 αὐτῷ
1899 1910 1966 1962 τὰ

395 2009 493 2076 τῆς
544 2008 624 2069 είς
687 2007 812 2068 τοὺς
870 2005 1120 2074 Πατέρας
1176 2003 1462 2074 προνοίας.
1516 2001 1822 2072 τηνικαῦτα
1872 2002 1972 2070 τὴν

393 2098 600 2151 οἰκείαν
632 2100 698 2165 τῇ
737 2097 946 2166 Νικαίᾳ
997 2095 1303 2166 παρουσίαν
1347 2094 1552 2154 δίδωσι,
1591 2091 1840 2161 λογισμῷ
1877 2110 1972 2160 νηο

398 2191 583 2258 φαλέῳ
662 2192 772 2240 τῶν
824 2187 1024 2251 ἔξωθεν
1089 2186 1280 2238 ἑαυτὸν
1332 2183 1640 2253 ἀπαγαγὼν
1699 2183 1971 2253 θορύϐων,

399 2272 597 2349 οἷάπερ
636 2279 766 2347 περὶ
812 2276 956 2329 θείου
992 2277 1340 2345 πράγματος,
1388 2273 1507 2326 καί·
1524 2273 1625 2343 τῆς
1672 2274 1753 2336 εἰς
1793 2272 1973 2343 ψυχὴν

394 2368 608 2440 ὁρώσης
646 2367 948 2438 σωτηρίας,
983 2367 1060 2436 τῷ
1107 2363 1400 2436 πρακτικῷ
1433 2362 1544 2436 [ῐσ.
1582 2361 1968 2434 πνευματικῴ]

395 2460 505 2513 τῶν
545 2461 714 2528 ἁγίων
752 2460 1014 2530 Πατέρων
1046 2457 1440 2524 ὲντευξάμενος
1486 2455 1823 2523 συστήματι.
1860 2455 1972 2506 Καὶ

396 2556 505 2626 γὰρ
535 2551 676 2623 ἦσαν
707 2568 849 2614 τινες
884 2550 985 2619 μὲν
1014 2548 1192 2602 αὐτῶν
1224 2546 1602 2608 ἀποστολικοίς
1640 2545 1974 2614 διαπρέπον-

396 2662 488 2708 τες
516 2645 876 2715 χαρίσμασιν,
909 2640 1064 2694 ἄλλοι
1092 2639 1150 2694 δὲ
1189 2638 1258 2693 τὰ
1291 2639 1570 2707 στίγματα
1600 2639 1694 2689 τοῦ
1730 2635 1971 2705 Χριστοῦ

399 2740 457 2791 ὲν
502 2738 576 2806 τῷ
624 2737 838 2807 σώματι
888 2734 1069 2788 αὐτῶν
1122 2731 1537 2802 περιφέροντες,
1586 2729 1646 2794 ἐξ
1685 2725 1760 2782 ὦν
1813 2729 1973 2796 ὀλίγα

399 2829 703 2896 παραθήσω
734 2826 871 2895 πρὸς
907 2825 1008 2894 τὴν
1057 2823 1164 2877 τῶν
1195 2822 1640 2892 ἐντυγχανόντων
1680 2821 1809 2890 περὶ
1838 2823 1969 2884 τοὺς

397 2918 552 2987 ἁγίου
565 2940 579 2979 _;
624 2919 1000 2989 πληροφορίαν
1045 2917 1138 2970 καὶ
1168 2914 1410 2985 ψυχικὴν
1436 2912 1722 2982 ὠφέλειαν.
1779 2912 1836 2964 Ὀ
1869 2913 1969 2981 μὲν

398 3008 494 3064 οὖν
545 3015 690 3074 ὅσιος
737 3012 998 3074 Ἰάκιυῦος
1055 3012 1082 3063 ὁ
1138 3009 1239 3078 τῆς
1304 3005 1652 3077 Νισσιόηνῶν
1707 3006 1973 3075 πρόεδρος

402 3103 630 3166 πολλοὺς
669 3104 769 3174 μὲν
810 3103 1154 3174 ἠλευθέρωσε
1190 3099 1517 3170 νοσημάτων
1541 3114 1555 3128 ’
1608 3100 1968 3169 μαρτυρεῖται

2073 1911 2235 1965 opera
2294 1907 2439 1952 recte
2490 1898 2662 1952 fuisse
2718 1899 2971 1953 Patribus
3022 1902 3326 1968 provisum,
3365 1912 3480 1956 tum
3537 1906 3654 1973 ipse

2074 2000 2230 2038 Suam
2260 1984 2450 2039 Nicaea!
2476 1987 2633 2040 offert
2668 1988 3033 2055 praesentiam,
3062 1991 3240 2042 sobria
3274 2007 3334 2044 se
3365 2003 3542 2046 tuente
3590 2009 3654 2046 ac

2075 2076 2325 2144 prudenti
2353 2077 2581 2131 consilio
2613 2078 2681 2130 ab
2721 2079 2963 2133 externis
2997 2095 3059 2133 ac
3086 2098 3266 2135 rerum
3305 2084 3652 2139 sarculartum

2073 2165 2400 2220 tumultibus
2452 2169 2754 2232 abduce-ns,
2820 2179 3008 2238 utpote
3063 2169 3130 2224 de
3177 2173 3361 2225 divino
3416 2176 3652 2242 negotio,

2074 2257 2300 2326 ipsaque
2337 2258 2568 2328 spiritali
2628 2277 2692 2315 ac
2749 2263 2914 2315 animi
2963 2262 3160 2328 salute,
3189 2279 3424 2334 gnavum
3487 2265 3652 2320 rebus

2071 2351 2340 2418 ejusmodi
2417 2351 2515 2406 SS.
2590 2353 2811 2407 Patrum
2879 2356 3224 2410 allocuturus
3294 2368 3645 2412 conventum.

2072 2445 2282 2510 Quippe
2339 2455 2498 2496 erant
2556 2445 2777 2514 quidam
2833 2461 2896 2500 ex
2952 2447 3120 2515 ipsis,
3178 2450 3268 2519 qui
3335 2449 3652 2519 apostolicis

2073 2534 2266 2602 gratiis
2304 2535 2484 2586 ornati
2522 2547 2746 2600 essent,
2812 2537 2904 2589 alii
2948 2540 3040 2607 qui
3075 2539 3275 2593 Christi
3318 2543 3566 2610 stigmata
3598 2542 3649 2593 iu

2072 2628 2398 2696 corporibus
2455 2629 2570 2684 suis
2631 2632 3072 2698 circumferrem,
3114 2653 3176 2688 ex
3231 2637 3430 2704 quibus
3478 2654 3649 2705 pauca

2076 2720 2500 2788 reprazsentabo,
2528 2735 2637 2789 quo
2669 2731 2720 2774 ct
2746 2721 3040 2777 lectoribus
3065 2725 3325 2793 majorem
3356 2727 3421 2780 de
3446 2729 3652 2781 Stttlt5ll8

2079 2809 2279 2863 faciam
2315 2810 2501 2875 fidem,
2542 2811 2934 2881 conferamque
2977 2814 3181 2884 aliquid
3235 2816 3300 2869 ad
3343 2799 3649 2869 animorum

2075 2902 2330 2956 salutem.
2363 2901 2598 2959 Sanctus
2631 2907 2811 2974 itaque
2832 2904 3073 2961 Jacobus
3105 2908 3486 2962 Nisibenorum
3519 2926 3654 2980 prte-

2076 2997 2183 3060 sul,
2211 2999 2410 3052 multos
2452 2997 2673 3068 quidem
2728 3016 2757 3053 a
2815 3001 3018 3055 morbis
3066 3000 3348 3068 liberavit;
3385 3013 3654 3057 testantur

2076 3106 2229 3154 vero,
2257 3092 2419 3144 etiam
2470 3102 2716 3145 mortuos
2757 3093 3074 3148 suscitasse.
3131 3093 3494 3158 Necczesareaa
3525 3097 3652 3150 item

399 3196 456 3248 δὲ
489 3204 584 3248 καὶ
613 3197 842 3265 νεκροὺς
876 3195 1180 3264 ἀναστῆσαι
1207 3210 1217 3221 ·
1248 3193 1275 3246 ὅ
1320 3211 1378 3245 τε
1413 3191 1841 3264 Νεοκαισαρείας
1871 3190 1969 3257 τῆς

2079 3183 2454 3253 Euphratesia:
2507 3185 2798 3254 episcopus
2853 3196 3080 3240 sanctus
3132 3185 3356 3251 Paulus,
3401 3189 3654 3257 genitalia

401 3289 790 3359 Εὐφρατησίας
834 3287 1133 3349 ἐπίσκοπος
1163 3287 1306 3348 ὅσιος
1341 3286 1554 3346 Παῦλος
1583 3285 1652 3339 τὰ
1678 3285 1976 3354 γεννητικὰ

399 3380 509 3433 τῶν
565 3379 769 3450 μορίων
829 3379 918 3432 διὸ.
973 3379 1142 3446 πυρὸς
1194 3376 1521 3442 ἀπεόάλετο,
1574 3379 1672 3446 τῆς
1731 3377 1977 3428 Λικινίου

405 3473 599 3541 μανίας
647 3471 938 3540 γενόμενος
985 3471 1266 3536 παίγνιον·
1323 3468 1657 3536 Παφνούτιὸς
1716 3485 1775 3520 τε
1816 3467 1844 3519 ό
1879 3469 1975 3520 Ai-

403 3561 826 3632 γύπτιος,ἁνὴρ
891 3560 1280 3631 σημειοφόρος,
1339 3561 1436 3612 καὶ
1489 3560 1665 3628 ἕτεροι
1727 3557 1972 3618 πλείονες

401 3654 514 3708 τῶν
550 3655 724 3721 ἁγίων
755 3653 962 3706 τούτων
986 3693 1001 3714 ,
1043 3653 1092 3705 ot
1135 3653 1236 3722 μὲν
1271 3651 1586 3719 ὀφθαλμοὺς
1616 3649 1970 3718 ὲκκέντηντο,

403 3749 554 3803 ἄλλοι
584 3747 826 3815 ἀγκύλας
859 3747 1211 3815 διετέτμηντο
1240 3761 1252 3772 ·
1303 3744 1482 3815 ἕτεροι
1525 3744 1716 3812 χεῖρας
1749 3743 1842 3792 καὶ
1877 3741 1984 3799 πόο,

402 3838 640 3901 δαςώπδ
669 3837 885 3906 δεσμῶν
915 3837 1020 3890 τῶν
1053 3837 1110 3902 ἐξ
1139 3835 1307 3904 ὠμῶν
1361 3830 1604 3903 ἱμάντων
1643 3831 1974 3902 ἐϐλάϐησαν.

414 3931 475 3982 '0
503 3929 560 3983 δὲ
585 3929 692 3982 τῶν
723 3927 942 3995 ἀγαθῶν
991 3927 1285 3989 ἀντίπαλος
1332 3926 1432 3995 τὴν
1480 3925 1735 3992 οὐράνιον
1769 3922 1976 3991 ταύτην

400 4022 513 4076 τῶν
549 4020 719 4088 ἁγίων
746 4019 837 4071 ἐπὶ
868 4020 970 4090 γῆς
1009 4019 1341 4090 θεασάμενος
1373 4016 1614 4087 χορείαν,
1646 4016 1705 4068 οὐ
1742 4013 1978 4083 συνεχώ-

405 4130 544 4186 ρησε
590 4113 764 4184 πάντη
810 4112 920 4165 τῶν
975 4112 1192 4165 οἰκείων
1227 4110 1470 4180 κέντρων
1513 4109 1697 4178 μένειν
1740 4109 1978 4176 ἀπείρα-

406 4220 569 4258 στον·
607 4205 722 4258 ἀλλ’
757 4205 946 4276 ὥσπερ
993 4206 1085 4257 τὸν
1137 4204 1337 4258 Ἰούδαν
1392 4207 1450 4255 ὲν
1500 4203 1613 4262 τοῖς
1655 4199 1980 4261 ἀποστόλοις

405 4297 672 4366 προδότην
724 4296 817 4349 τοῦ
878 4297 1150 4348 Δεσπότου
1203 4296 1564 4364 κατέστησεν,
1597 4291 1743 4344 οὕτω
1778 4292 1873 4344 καὶ
1901 4291 1978 4360 τῷ

2077 3276 2321 3331 membra
2361 3278 2470 3347 igni
2518 3278 2724 3339 amisit,
2777 3277 2970 3332 Licinii
3026 3280 3250 3333 insania:
3303 3280 3474 3334 lactus
3514 3283 3656 3334 ludi-

2077 3370 2252 3423 brium
2305 3388 2317 3422 :
2365 3369 2702 3438 Paphnutius
2764 3385 2983 3439 quoque
3042 3369 3330 3440 AZgyptius
3377 3372 3456 3424 vir
3485 3372 3655 3440 signi-

2083 3459 2161 3513 fer
2204 3461 2308 3529 (7),
2337 3476 2400 3514 ac
2434 3459 2650 3514 Domini
2685 3461 2942 3531 stigmata
2983 3462 3224 3526 inustus,
3281 3477 3378 3517 nec
3421 3480 3525 3515 non
3561 3463 3652 3515 alii

2085 3554 2268 3622 plures
2289 3570 2350 3607 ex
2386 3553 2451 3607 iis
2484 3556 2711 3618 sanctis,
2769 3570 3003 3623 quorum
3039 3554 3161 3608 altis
3192 3555 3407 3625 quidem
3444 3557 3657 3610 fuerant

2083 3646 2298 3701 suffossi
2358 3646 2568 3711 oculis,
2634 3648 2757 3700 aliis
2829 3647 3002 3703 excisi
3071 3650 3340 3719 poplites,
3411 3664 3476 3705 ac
3535 3650 3656 3704 aliis

2078 3738 2314 3808 denique
2363 3737 2498 3793 diris
2559 3738 2726 3793 loreis
2782 3740 3020 3795 vinculis
3077 3741 3285 3795 vitiatae
3333 3748 3528 3796 m’anns
3590 3757 3657 3796 ac.

2081 3831 2266 3900 pedes.
2317 3829 2546 3896 Verum,
2605 3832 2697 3900 qui
2756 3832 2918 3886 bonis
2977 3833 3322 3899 adversatur,
3377 3835 3652 3890 caelestem

2064 3921 2222 3974 hanc
2251 3920 2510 3975 clioream
2547 3921 2600 3975 in
2638 3931 2781 3976 terra
2807 3921 2994 3977 videns
3018 3923 3162 3977 haud
3189 3925 3412 3978 omnino
3436 3926 3655 3979 aculeo-

2082 4027 2200 4064 rmn
2238 4026 2464 4064 suorum
2519 4011 2770 4082 permisit
2823 4027 2945 4067 esse
2978 4013 3310 4082 inexpertem
3345 4032 3360 4070 :
3396 4019 3656 4085 quemad—

2082 4104 2306 4158 modum
2345 4118 2472 4158 vero
2505 4103 2558 4158 in
2585 4104 2852 4173 apostolis
2883 4103 3082 4159 Jutlam
3131 4105 3256 4161 fecit
3289 4107 3499 4163 Domini
3531 4125 3659 4178 pro-

2083 4197 2312 4250 ditorem
2343 4236 2358 4260 ,
2420 4195 2499 4251 sic
2553 4197 2720 4248 etiam
2783 4205 3099 4251 sanctorum
3156 4198 3234 4251 illi
3286 4213 3444 4254 sacro
3485 4201 3657 4255 choro

2084 4289 2239 4359 lupos
2285 4290 2494 4345 Arabes
2526 4290 2602 4361 (8)
2628 4332 2643 4356 ,
2681 4291 2864 4345 ovium
2917 4291 3152 4361 pellibus
3192 4301 3362 4347 tectos
3413 4295 3653 4356 invexit;

1684 4417 1785 4475 Fr.
1818 4413 2178 4477 Combeﬁsii
2209 4423 2395 4477 notae.

480 4541 556 4608 (6)
607 4544 795 4595 Tantus
841 4545 1147 4613 synodicus.
1180 4547 1452 4613 luterpres
1482 4544 1600 4612 Lip.
1653 4543 1860 4597 Decisio
1887 4559 1978 4610 sy-
2016 4548 2058 4602 ι)
2089 4544 2254 4613 nique
2284 4545 2599 4599 eorumdem
2649 4546 3021 4599 tnembrorum
3057 4545 3355 4609 luvattone,
3390 4561 3451 4598 ex
3488 4562 3653 4599 tun-.a

407 4613 618 4664 nadica.
677 4614 798 4678 Quo
853 4617 1014 4668 etiam
1078 4618 1238 4668 modo
1295 4617 1348 4668 in
1399 4616 1754 4684 sequentibus
1810 4631 1822 4666 :
1888 4613 1984 4667 Est

409 4695 591 4736 tomus
636 4683 851 4750 proprie
887 4684 1100 4738 libellus
1147 4683 1509 4747 dogmaticus,
1547 4685 1726 4752 qualis
1779 4684 1981 4750 passim

408 4763 638 4805 vocatur
669 4753 865 4808 Leonis
906 4755 1140 4823 Epistula
1185 4758 1249 4806 :ul
1281 4753 1622 4808 Flavianum.
1670 4752 1808 4806 Male
1841 4753 1980 4823 idem

408 4823 587 4875 reddit
622 4825 764 4890 quod
816 4821 1000 4878 statiin
1043 4824 1308 4891 sequitur,
1352 4826 1441 4876 καί
1488 4840 1641 4885 τινας
1695 4823 1792 4889 τῆς
1827 4821 1983 4891 ἱερᾶς

409 4892 722 4958 συγκλήτου
778 4895 1257 4963 προαποστεί).ας’
1311 4895 1643 4958 Quibusdam
1691 4893 1981 4959 prremissis

405 4976 474 5012 ex
503 4977 660 5014 sacro
702 4975 982 5024 conventu,
1019 4979 1136 5032 pro,
1165 4979 1230 5016 ea:
1258 4980 1411 5017 sacro
1435 4975 1640 5016 senatu.
1685 4963 1818 5032 lllml
1853 4965 1978 5014 item

408 5034 782 5104 περιποιεῖται
841 5031 1029 5093 αὺτοῖςί
1071 5035 1130 5086 τὸ
1181 5033 1590 5104 ἀπερίσπαστον
1617 5046 1628 5059 ⁸
1669 5031 1978 5104 -Ρννοσιινξαι,

408 5115 470 5151 ne
488 5101 719 5174 [rubeant
742 5118 944 5156 necesse
960 5104 1214 5167 recedere,
1237 5099 1333 5174 pro
1355 5102 1579 5156 distrahi
1598 5099 1978 5174 sollicitudine.

479 5171 558 5238 (7)
583 5168 706 5242 “Vir
738 5174 977 5242 signifer.
1039 5176 1197 5226 tilara
1237 5168 1505 5242 allusionc
1549 5173 1616 5224 ad
1658 5171 1787 5224 illud
1827 5170 1978 5242 Pauli

406 5239 526 5293 Gal.
573 5239 684 5308 Ego
740 5239 886 5295 enim
925 5244 1173 5312 stigmata
1220 5244 1428 5296 Domini
1469 5240 1620 5312 Iesu,
1654 5250 1802 5312 etc"
1834 5241 1979 5308 quod

407 5313 768 5380 sequentibus
824 5310 1010 5367 verbis
1049 5315 1221 5382 magis
1273 5310 1698 5382 expressit.jlila
1725 5311 1980 5382 stigmata

408 5396 470 5433 ac
502 5391 662 5434 notas
693 5383 893 5437 Christi
921 5380 1296 5438 conlessbrum
1323 5380 1374 5435 lli
1409 5380 1592 5435 tribus
1613 5380 1762 5449 ponit
1794 5392 1981 5433 noster

407 5450 726 5520 Gregorius,
760 5453 813 5506 in
840 5454 1135 5508 eﬂ‘ossione
1163 5453 1472 5514 oculorum,
1526 5466 1816 5505 nervorum
1851 5465 1978 5504 suc-

407 5523 638 5592 cisione,
675 5537 782 5591 qua
825 5539 1020 5578 manus
1065 5539 1130 5577 ac
1185 5522 1347 5592 pedes
1400 5522 1610 5576 inutilia
1665 5521 1877 5585 flerent,
1912 5535 1977 5574 ac

405 5590 702 5664 praecipue
743 5595 880 5648 alter
928 5595 1126 5664 pedum
1181 5590 1299 5664 ejus
1345 5595 1532 5649 exciso
1583 5592 1805 5664 poplite,
1862 5605 1972 5660 quo

406 5662 588 5713 adhuc
647 5666 819 5735 vegeti
881 5663 1016 5734 pede
1070 5661 1241 5718 altero
1288 5679 1352 5718 ac
1399 5661 1665 5718 manibus
1690 5661 1756 5715 ad
1807 5675 1970 5735 opera

411 5733 772 5797 tuarmorutn,
805 5736 1018 5804 aliaque
1072 5735 1405 5804 huiusmodi,
1459 5742 1758 5787 manerent.
1789 5746 1853 5786 ac
1882 5733 1974 5784 de-

736 5837 1003 5897 PATuOL.
1042 5836 1161 5894 Gn.
1207 5833 1366 5896 CXI.

2085 4616 2428 4669 distensione
2473 4631 2538 4669 ac
2581 4615 2936 4670 contorsione
2978 4616 3312 4670 immanibus
3348 4616 3454 4669 illis
3502 4619 3653 4679 loris.

2081 4686 2228 4756 quod
2291 4685 2543 4738 ultimum
2610 4686 2749 4740 male
2805 4689 3075 4756 expressit
3123 4691 3390 4755 interpres
3440 4685 3654 4755 Lipom.

2081 4755 2218 4825 .lliis
2277 4771 2396 4808 vero
2447 4756 2680 4808 iit-utilati
2741 4755 3111 4825 sunt'pcdes,
3173 4767 3275 4809 etc.
3345 4756 3480 4810 forte
3526 4759 3660 4810 ἐλώ-

2083 4823 2294 4892 6ησαν*
2360 4826 2504 4894 quod
2561 4838 2744 4879 tamen
2792 4841 2855 4878 ex
2906 4823 3148 4893 Sttbjecta
3190 4827 3414 4879 materia
3462 4827 3657 4881 fuiSset

2083 4896 2467 4960 exponendum
2505 4897 2696 4948 eodem
2731 4910 2894 4949 sensu
2936 4912 3000 4950 ac
3033 4908 3280 4949 nostrmn
3318 4896 3655 4965 ὲόλάϐησαν.

2087 4965 2254 5018 Plane
2317 4966 2576 5018 distentio
2625 4965 2893 5028 ejusmodi
2927 4982 2992 5020 ac
3033 4968 3286 5032 ditorsio,
3334 4982 3530 5018 manus
3560 4967 3658 5018 de-

2091 5033 2288 5087 format
2319 5044 2415 5088 ant
2443 5039 2626 5106 pedes,
2661 5035 2934 5102 laedilque,
2963 5046 3021 5088 ut
3052 5053 3158 5089 non
3192 5037 3404 5106 possint
3431 5037 3653 5102 exsequi

2091 5115 2352 5176 coitsueta
2406 5105 2613 5176 munia,
2659 5121 2764 5157 non
2794 5122 2918 5176 vero
2961 5107 3222 5176 diseerpit
3269 5123 3331 5160 ac
3391 5116 3654 5176 amputat.

2091 5172 2161 5223 ita
2199 5183 2255 5226 ut
2288 5174 2366 5226 sic
2397 5175 2703 5242 discerptus
2734 5175 2903 5242 possit
2935 5180 3115 5230 vivere
3141 5172 3158 5238 ζ
3186 5192 3249 5229 ac
3284 5173 3492 5228 Domini
3526 5173 3654 5227 Jesu

2093 5242 2349 5308 stigmata
2383 5245 2468 5296 Illa
2501 5243 2880 5298 circumferre.
2918 5245 3144 5300 Videnti.
3179 5246 3374 5299 Galon.

2162 5313 2236 5380 (8)
2279 5312 2450 5381 Lupos
2501 5315 2718 5366 Arabes.
2757 5314 2901 5368 Nihil
2947 5318 3194 5370 crebrius
3243 5316 3383 5380 apud
3443 5310 3654 5378 Patres,

2086 5381 2153 5436 tle
2211 5386 2454 5451 quojatn
2510 5383 2575 5436 ad
2611 5385 2846 5449 Amphil.
2898 5401 2961 5439 ac
3003 5395 3280 5438 auctorem
3332 5381 3464 5435 Vita!
3513 5383 3655 5450 ejus,

2086 5455 2242 5505 nobis
2280 5453 2544 5507 hactenus
2589 5453 3030 5521 Metapbrastem,
3083 5456 3172 5508 sed
3210 5453 3404 5523 Allatio
3447 5467 3656 5523 anOny-

2084 5535 2229 5576 tuum
2265 5523 2421 5592 longe
2463 5525 2557 5577 illo
2585 5524 2972 5594 antiquiorem,
3009 5539 3078 5578 ex
3117 5539 3227 5593 quo
3259 5521 3656 5592 Metaphrastes

2081 5595 2338 5662 pleraque
2372 5602 2658 5648 mutuatus
2677 5593 2780 5659 est,
2801 5593 3184 5661 antiquissimo
3200 5595 3340 5663 apud
3367 5609 3490 5663 eum
3509 5597 3658 5663 codi-

2079 5678 2162 5724 ce,
2189 5678 2252 5733 ei;
2279 5678 2388 5731 quo
2413 5664 2568 5718 nobis
2599 5666 2957 5718 cltarissimus
2983 5662 3268 5733 συνόμιλος
3303 5664 3366 5716 Β.
3402 5662 3462 5716 ιδ.
3497 5662 3656 5717 Jac-o-

2077 5733 2179 5787 bus
2208 5731 2352 5788 Goar
2393 5735 2664 5804 exscripta
2696 5735 2785 5787 illa
2817 5738 2948 5788 Acta
2977 5731 3149 5790 “orna
3187 5733 3397 5796 detulit,
3424 5734 3514 5788 ubi
3538 5733 3654 5804 jam

3273 5829 3348 5894 14
