4088 6208
457 361 561 423 427

1635 348 2008 408 GilEGO-Rll
2065 344 2539 405 PRESBYTERI

3595 342 3702 404 4‘38

458 485 675 540 nempe,
727 465 1139 535 Menophantem
1183 459 1504 532 Ephesium,
1553 468 1607 511 et
1656 455 2030 523 Patrophil-um

2140 454 2307 524 θιάσῳ
2353 454 2462 505 τῶν
2507 450 2678 518 ἁγίων
2749 450 3133 520 συνεισήνεγκε
3189 449 3386 512 λύκους
3457 451 3704 521 ’Ἄραϐας

457 559 992 634 Scythopolitanum,
1011 571 1075 609 ac
1093 553 1376 608 Theonam
1409 549 1888 606 Marmarieanmn.
1903 561 2026 599 cum

457 655 585 708 aliis
655 653 842 722 paucis
900 648 1129 704 insania!
1187 644 1300 699 Arii
1360 641 1667 711 disripulis,
1715 641 1782 693 de
1831 638 2030 708 quibus

456 747 655 800 dicturi
713 757 906 797 sumus
966 741 1019 793 iu
1082 736 1462 806 sequentibus.
1525 733 1796 798 Quoniam
1842 741 2029 786 antem

459 837 606 905 quod
641 836 921 887 veritatem
978 830 1208 892 ferebat,
1244 843 1417 896 eaque
1469 826 1613 877 Vrlut
1668 823 1836 877 fetum
1889 833 2029 886 erat,

459 925 812 998 inquisitione
858 923 1070 992 egebat,
1103 931 1372 990 aptusque
1419 917 1574 970 locus
1615 915 2028 984 dispiciebatur,

460 1035 570 1090 quo
617 1017 768 1072 ﬁeret
805 1015 1026 1068 Patrum
1061 1020 1384 1073 conventus,
1420 1007 1746 1062 abscindens
1795 1007 2032 1074 optimus

467 1116 764 1182 imperator
797 1124 826 1162 a
859 1108 1061 1178 palatio
1091 1104 1236 1174 quod
1281 1103 1391 1157 illic
1435 1112 1570 1182 erat,
1604 1100 1827 1155 domum
1860 1097 2034 1151 maxi-

458 1221 628 1268 mam,
699 1200 1066 1271 imperialiuni
1099 1195 1473 1252 cub‘iculorum
1534 1175 1626 1262 ['ut
1675 1191 1748 1244 ita
1805 1187 2033 1259 loquar]

457 1297 679 1350 oculum
715 1293 1030 1363 quemdam,
1056 1290 1221 1358 cujus
1243 1289 1410 1343 decus
1443 1300 1505 1339 ac
1534 1283 1935 1353 magniﬁcentia
1968 1281 2034 1334 ad

458 1399 700 1443 nostram
737 1400 910 1454 usque.
943 1392 1156 1438 tetatetn
1203 1380 1424 1434 Patrum
1473 1386 1786 1447 legumento
1815 1388 2035 1428 conser-

460 1492 578 1532 vata
611 1489 714 1541 est,
747 1474 1020 1537 eamdem,
1051 1488 1146 1526 seu
1180 1469 1328 1524 illius
1362 1468 1628 1538 primitias
1659 1465 1839 1533 regiaz.
1875 1477 2034 1516 sacro

459 1569 665 1624 addixit
693 1567 949 1623 concilio.
981 1564 1054 1616 lio
1091 1563 1212 1616 loco
1269 1561 1505 1629 :equales
1549 1572 1776 1610 numero
1808 1553 2032 1606 Patrum

457 1661 616 1716 sedes
650 1660 829 1730 parari
879 1655 1065 1726 jussit,
1103 1668 1208 1708 una
1257 1653 1521 1706 rationem
1573 1649 1779 1702 habens
1835 1644 2034 1716 quietis

457 1770 672 1816 senum,
726 1766 789 1804 ac
843 1747 1208 1803 sacerdotium
1255 1743 1457 1795 honore
1508 1753 1866 1810 prosequens.
1897 1736 2032 1791 Cum

2131 548 2312 618 δοραῖς
2339 545 2628 616 προϐάτων
2655 544 3142 616 ὲγκεκρυμμένους
3159 561 3172 573 °
3198 543 3538 613 Μηνὸφαντά
3559 559 3705 612 φημι

2132 641 2225 692 τὸν
2263 641 2534 709 Ἐφέσιον,
2581 639 2671 691 καὶ
2724 637 3070 707 Πατρὸφιλον
3108 637 3202 688 τὸν
3259 637 3370 688 ἀπὸ
3417 635 3703 688 Σκυθοπό-

2133 731 2291 793 λεως,
2315 731 2409 782 καὶ
2430 730 2649 782 Θεωνᾶν
2665 728 2757 781 τὸν
2779 729 2843 780 ὲκ
2863 728 2960 796 τῆς
2983 727 3358 798 Μαρμαρικῆς
3386 729 3484 780 σὺν
3506 728 3708 798 ἑτέροις

2134 821 2338 888 ὀλίγοις
2381 820 2651 890 μαθηταῖς
2677 819 2776 890 τῆς
2817 819 3029 887 Ἀρείου
3082 817 3417 888 ἀφροσύνης,
3456 820 3586 888 περὶ
3635 812 3710 871 ὦν

2134 915 2193 964 ἐν
2236 914 2346 973 τοῖς
2393 912 2519 978 ἑξῆς
2573 911 2893 981 ῥηθήσεται.
2935 909 3086 961 Ἐπεὶ
3133 908 3192 960 δὲ
3245 908 3304 960 τὸ
3352 909 3568 977 κυῆσαν
3612 910 3708 978 τὴν

2133 1004 2395 1074 ἆλήθειαν
2449 1004 2619 1056 ἐδεῖτο
2667 1004 2971 1073 ζητήσεως,
3035 1002 3130 1056 καὶ
3197 1001 3362 1064 τόπος
3420 1003 3705 1054 ἐσκοπεῖτο

2137 1097 2272 1164 πρὸς
2303 1096 2615 1148 συνέλευσιν
2656 1095 2987 1164 ἐπιτήδειος,
3013 1092 3309 1162 ἀποτεμὼν
3346 1095 3374 1146 ὁ
3415 1094 3702 1163 κράτιστος

2140 1189 2390 1259 βασιλεὺς
2435 1187 2530 1242 τοῦ
2585 1190 2766 1241 ἐκεῖσε
2823 1187 3087 1242 παλατίου
3146 1183 3298 1240 οἷκον
3349 1186 3704 1256 παμμεγέθη,

2136 1281 2226 1332 τὸν
2261 1280 2544 1350 ὀφθαλμὸν
2583 1281 2656 1342 ὡς
2679 1282 2856 1332 εἰπεῖν
2895 1280 3003 1332 τῶν
3051 1279 3352 1350 βασιλικῶν
3406 1280 3708 1343 κοιτώνων,

2137 1367 2197 1424 οὑ
2226 1373 2286 1423 τδ
2315 1371 2636 1441 περικαλλὲς
2666 1371 2760 1424 καὶ
2791 1371 2923 1438 κόσελ
2939 1387 3018 1424 ιον
3055 1371 3248 1441 μέχρις
3269 1369 3424 1440 ἡμῶν
3444 1373 3508 1440 τῇ
3533 1371 3711 1439 σκέπῃ

2138 1462 2248 1515 τῶν
2314 1463 2476 1515 ὁσίων
2544 1463 2804 1532 Πατέρων
2877 1453 3203 1532 τετήρηται,
3264 1462 3454 1515 τοῦτον
3516 1462 3710 1531 ὥσπερ

2141 1555 2398 1624 ἀπαρχὴν
2443 1555 2553 1606 τῶν
2598 1554 2888 1623 βασιλείων
2935 1558 3001 1626 τῇ
3048 1554 3181 1625 ἁγίᾳ
3211 1555 3447 1608 ἀπέθετο
3477 1554 3706 1625 συνόδῳ,

2151 1647 2280 1700 ἔνθα
2311 1648 2521 1709 θώκους
2554 1647 2878 1718 ἰσαρίθμους
2914 1647 3240 1717 προτεθῆναι
3269 1649 3381 1710 τοῖς
3431 1647 3710 1716 Πατράσιν

2144 1741 2401 1792 ἐκέλευσε
2431 1756 2442 1766 ·
2499 1739 2592 1792 τοῦ
2623 1727 2910 1811 τεγὴρως
2957 1739 3055 1809 τὴν
3091 1741 3423 1805 ἀνάπαυσιν,
3467 1737 3563 1791 καὶ
3610 1738 3710 1806 τῆς

454 1844 566 1911 jam
603 1801 784 1910 itaque
809 1841 842 1892 ii
869 1837 1081 1907 appulsi
1119 1845 1324 1898 essent,
1353 1833 1468 1902 ipse
1493 1846 1708 1901 quoque
1738 1831 2034 1899 imperator

2141 1833 2442 1904 ἱερωσύνης
2498 1801 2744 1904 στέργων
2781 1801 2862 1886 ’τὸ
2894 1801 3120 1902 ῖτίμίον.
3179 1801 3522 1901 Προϐαλοῦσι
3579 1801 3710 1895 γούν

462 1933 809 2003 ingreditur:
849 1945 1024 1998 neque
1055 1943 1183 1983 vero
1216 1925 1488 1996 arroganti
1554 1935 1608 1978 et
1651 1924 1815 1985 elato,
1856 1921 2034 1991 regio-

458 2041 564 2094 que
618 2022 836 2076 intuens
889 2023 1063 2084 vultu,
1126 2017 1221 2074 sed
1286 2024 1571 2072 contracto
1623 2013 1945 2084 supercilio,
1981 2021 2034 2065 et

461 2116 705 2169 modesto
736 2115 950 2167 incessu
988 2110 1220 2173 accedit,
1256 2126 1317 2162 ac
1354 2119 1576 2164 sanctos
1609 2107 1824 2160 obviam
1863 2103 2033 2157 factos

459 2207 824 2277 amplectitur,
857 2205 1160 2272 blandeque
1197 2213 1251 2256 et
1303 2205 1544 2271 gratiose
1596 2199 1933 2269 alloquitur;
1971 2211 2034 2250 ac

459 2299 564 2354 leni
595 2302 830 2368 quodam
857 2299 991 2362 risu,
1024 2294 1298 2350 comitatis
1326 2294 1510 2347 liorem
1532 2290 1836 2359 proferens,
1861 2288 2034 2342 laetam

459 2390 626 2444 animi
681 2389 1132 2444 constitutiomuu
1185 2402 1282 2455 pro
1331 2394 1644 2437 sanctorum
1684 2391 1829 2437 statu
1862 2388 2037 2433 coelu-

457 2498 564 2552 que
613 2481 874 2535 ostendit.
939 2480 1104 2532 Suam
1171 2491 1352 2532 autem
1444 2480 1494 2528 in
1567 2473 1733 2528 Deum
1800 2471 2037 2541 prodidit

461 2573 848 2636 humilitatem,
879 2586 1257 2640 summamque
1290 2573 1339 2622 in
1374 2569 1564 2622 Patres
1585 2566 2034 2627 submissionem,

458 2665 604 2732 quod
660 2664 802 2717 inter
857 2664 1016 2716 sedes
1079 2661 1419 2732 episcopales
1486 2675 1648 2714 suum
1716 2656 2038 2714 subtniserit

461 2755 806 2809 subsellium.

531 2947 668 3001 Cum
727 2946 902 3001 sancti
937 2959 1068 3015 ergo
1123 2945 1356 3014 piusque
1406 2943 1706 3011 imperator
1757 2943 2040 2996 consedis-

460 3021 617 3105 sent:
665 3039 981 3093 Eustathius
1048 3037 1422 3091 Antiocltcnus
1487 3035 1574 3106 (ei
1635 3037 1782 3090 enim
1845 3036 2040 3090 annuit

2138 1926 2323 1987 αὐτοῖς
2353 1926 2380 1977 6
2415 1926 2710 1994 κράτιστος
2755 1925 3141 1993 ἐπεισέρχεται
3191 1921 3449 1990 βασιλεύς
3473 1937 3488 1952 ·
3527 1923 3589 1973 οὑ
3622 1935 3712 1971 σο-

2137 2017 2290 2086 ϐαρῴ
2322 2035 2424 2069 τινι
2473 2018 2566 2069 καὶ
2610 2016 2998 2086 ὑπερκειμένη)
3055 2015 3149 2067 καὶ
3200 2013 3468 2084 βασιλικῷ
3499 2011 3711 2082 βλέπων

2137 2107 2392 2178 νεύματι,
2455 2109 2567 2160 ἀλλ’
2612 2109 2777 2177 ὀφρύϊ
2823 2107 3258 2176 συνεσταλμένῃ,
3296 2109 3388 2158 καὶ
3443 2107 3600 2174 πράῳ
3633 2103 3712 2174 τῷ

2139 2201 2346 2272 βήματι
2405 2200 2692 2269 πρύσεισι·
2758 2201 2853 2254 καὶ
2914 2201 3040 2262 τοὺς
3098 2200 3289 2267 ἁγίους
3349 2198 3712 2259 ὑπαντῶντας

2138 2290 2468 2354 ἀσπάζεται,
2495 2292 2590 2344 καὶ
2622 2293 2918 2361 χαριέντως
2954 2290 3295 2363 προσομιλεῖ·
3336 2293 3432 2343 καὶ
3459 2290 3714 2361 ὴρεμαίῳ

2138 2385 2245 2436 τινὶ
2275 2384 2592 2452 μειδιάματι
2627 2384 2687 2436 τὸ
2727 2384 2829 2446 τῆς
2869 2384 3176 2446 ἐπιεικείας
3204 2383 3366 2446 ἄνθος
3408 2381 3712 2453 προϐαλλό-

2143 2493 2323 2545 μενος,
2347 2476 2581 2545 φαιδρὰν
2604 2477 2696 2528 ἐπὶ
2721 2477 2784 2546 τῇ
2815 2475 2923 2528 τῶν
2951 2476 3122 2543 ἁγίων
3187 2476 3446 2529 συστάσει
3473 2475 3712 2528 δείκνυσι

2140 2569 2239 2637 τῆς
2269 2569 2446 2638 ψυχῆς
2477 2571 2576 2637 τὴν
2608 2569 2970 2621 κατάστασιν.
3003 2567 3248 2638 Δηλώσει
3293 2567 3350 2620 δὲ
3388 2566 3450 2620 τό
3480 2585 3539 2620 τε
3575 2567 3713 2636 πρὸς

2140 2661 2270 2724 τοὺς
2290 2661 2540 2730 [Ιατέρας
2565 2661 2664 2730 τῆς
2688 2660 3153 2728 συγκαταϐάσεως
3182 2660 3404 2731 ὑψηλὸν,
3427 2661 3484 2713 τὸ
3509 2658 3713 2730 μεταξὺ

2141 2753 2250 2805 τῶν
2279 2752 2655 2805 ὲπισκοπικῶν
2678 2751 2884 2822 δίφρων
2913 2751 3254 2822 ὑποϐεϐηκὸς
3277 2751 3528 2804 ἐντεῦθεν
3560 2749 3714 2821 αὑτῷ

2145 2844 2486 2912 σκιμπόδιον.

2211 2938 2332 2989 Τῶν
2373 2933 2464 2991 οὖν
2504 2937 2666 2990 ὁσίων
2697 2937 2791 2990 καὶ
2823 2936 2917 2990 τοῦ
2949 2935 3237 2999 θεοσεϐοῦς
3273 2934 3540 3006 βασιλέως
3568 2936 3714 3005 ἱδρυ-

2145 3030 2344 3098 μένων,
2400 3029 2700 3092 Εὑστάθιος
2746 3029 2774 3078 ὁ
2813 3028 2911 3096 τῆς
2959 3028 3317 3096 Ἀντιοχέων·
3372 3025 3548 3098 τούτῳ
3599 3026 3710 3096 γὰρ

462 3141 646 3189 sancta
680 3130 944 3202 synodus,
973 3139 1033 3184 ut
1060 3129 1225 3184 verba
1262 3128 1463 3183 faceret
1495 3127 1559 3180 ad
1589 3127 1998 3198 imperatorem)
2028 3160 2035 3194 ε

2151 3123 2276 3183 τοὺς
2322 3120 2455 3191 πρὸς
2509 3121 2598 3172 τὸν
2653 3120 2882 3190 βασιλέα
2935 3119 3127 3187 λόγους
3185 3119 3457 3172 ποιεῖσθαι
3508 3121 3540 3190 ἠ
3586 3119 3714 3187 ἁγία

463 3242 483 3274 ι
524 3224 632 3277 Deo
683 3222 881 3294 inquit,
916 3221 1124 3292 gratias
1178 3226 1413 3291 agimus,
1463 3224 1666 3290 optime
1720 3223 2035 3290 imperator,

460 3315 553 3385 qui
591 3325 868 3370 terrenum
907 3314 1001 3368 tibi
1059 3313 1347 3382 imperium
1405 3311 1592 3381 dirigit
1626 3327 1638 3363 :
1669 3311 1763 3378 qui
1811 3311 2038 3364 simula-

461 3422 678 3460 crorum
709 3419 953 3461 errorem
994 3419 1086 3474 per
1115 3413 1164 3456 te
1197 3402 1454 3462 abolevit,
1482 3416 1545 3454 ac
1583 3416 1772 3471 aequos
1802 3400 2036 3456 fidelium

463 3499 674 3550 animos
709 3497 764 3550 in
800 3495 1047 3548 libertate
1074 3493 1383 3546 collocavit.
1423 3491 1673 3546 Cessavit
1726 3492 2038 3545 daemonum

465 3589 662 3642 nidor:
699 3585 986 3655 multiplici
1041 3583 1134 3638 Dei
1185 3585 1337 3637 cultu
1382 3597 1574 3636 eversa
1630 3591 1714 3638 est
1753 3582 2037 3652 gentilium

463 3679 806 3752 superstitio.
859 3675 1216 3744 Expellantur
1247 3673 1484 3728 tenebrze
1535 3674 1868 3744 impietatis;
1906 3674 2036 3728 illu-

464 3779 671 3825 stratur
710 3769 860 3823 orbis
897 3781 1164 3822 terrarum
1198 3766 1319 3822 luce
1350 3767 1548 3822 divina:
1576 3767 1840 3822 scientiae.
1879 3767 2042 3824 Pater

464 3862 836 3932 gloriﬁcatur;
895 3859 1065 3913 Filius
1121 3859 1285 3913 simul
1333 3861 1628 3925 aduratur;
1683 3861 2040 3915 annuntiatur

465 3951 705 4023 Spiritus
753 3963 1017 4014 sanctus,
1063 3949 1309 4006 Trinitas
1361 3953 1871 4019 consubstantialis,
1933 3971 2040 4009 una

469 4046 733 4099 Dirinitas
765 4046 819 4098 in
852 4044 1028 4099 tribus
1073 4045 1323 4114 personis
1354 4053 1408 4098 et
1438 4045 1822 4116 hypostasibus
1851 4047 2042 4117 praedi-

463 4145 642 4190 catur.
676 4135 779 4191 Per
812 4151 954 4203 eam,
1013 4137 1336 4206 imperator,
1388 4139 1632 4192 munitur
1686 4151 1792 4192 tua:
1822 4141 2040 4208 pietatis

464 4229 809 4298 imperium;-
848 4245 967 4282 eam
1042 4228 1196 4283 nobis
1255 4245 1412 4284 serva
1460 4231 1794 4285 inviolatam.
1850 4230 2040 4286 Nullus

466 4321 759 4374 literetieus
787 4322 838 4372 iu
869 4318 1164 4374 licelesiam
1197 4321 1518 4374 subintraus
1565 4337 1732 4375 unum
1777 4323 1979 4393 aliquid
2009 4339 2038 4376 a

464 4411 732 4464 'l‘riuitate
762 4410 996 4472 aul'erat,
1027 4410 1147 4464 sine
1191 4411 1422 4474 honore,
1481 4411 1846 4484 all‘eetutnque
1883 4415 2039 4482 igno-

466 4504 628 4555 minia
665 4503 1000 4570 relinquens,
1024 4503 1166 4571 quod
1199 4512 1283 4557 est
1328 4503 1622 4574 reliquum.
1653 4505 1818 4559 Arius
1857 4508 2036 4571 nobis,

464 4596 555 4663 qui
588 4609 617 4646 a
647 4593 834 4646 lurore
860 4609 1058 4646 nomen
1091 4596 1324 4663 accepit,
1356 4597 1624 4650 orationis
1653 4613 1816 4651 causa
1857 4608 1941 4653 est
1985 4609 2035 4652 et

465 4693 808 4746 conventus,
861 4683 959 4752 qui
1028 4685 1214 4737 nescio
1283 4686 1595 4753 quomodo,
1665 4689 1715 4739 iu
1786 4687 2039 4742 Ecclesia:

463 4775 846 4828 Alexandrinae
894 4776 1291 4845 presbyterium
1356 4778 1611 4839 allectus,
1662 4779 2038 4833 nescientibus

467 4861 646 4928 nobis,
687 4865 898 4920 alienus
945 4881 974 4920 a
1027 4866 1274 4919 doctrina
1320 4867 1762 4922 beatissimorum
1799 4871 2039 4939 prophe-

466 4971 643 5013 tarum
699 4967 753 5012 et
798 4957 1168 5027 apostolorum
1202 4959 1458 5013 iuventus
1506 4958 1626 5013 fuit.
1683 4959 2036 5030 Uuigenitum

465 5051 611 5106 enim
635 5047 830 5103 Filium
857 5059 910 5103 et
940 5047 1173 5104 Verbum
1201 5049 1379 5104 Patris
1402 5065 1508 5104 non
1551 5060 1768 5105 veretur
1797 5053 2039 5118 ejusdem

470 5160 596 5200 eum
644 5142 804 5196 Patre
837 5142 1160 5197 substantia:
1206 5145 1486 5197 consortio
1517 5144 1754 5212 privare,
1803 5146 2043 5200 etCrea-

470 5247 664 5301 torem,
687 5245 952 5290 creatura:
975 5236 1171 5299 cultor,
1197 5235 1481 5288 contendit
1503 5235 1702 5289 creatis
1727 5251 2037 5290 accensere.

472 5327 605 5382 Eunt
659 5338 842 5383 autem
896 5328 1251 5397 persuaseris,
1300 5328 1619 5397 imperator.
1679 5339 1884 5382 mutata
1917 5345 2040 5382 seu-

471 5421 634 5474 tentia
670 5439 774 5475 non
806 5436 1109 5491 repugnare
1157 5421 1479 5489 apostolicis
1522 5421 1827 5487 doctrinis;
1865 5429 1960 5475 aut
1991 5421 2035 5474 si

2147 3213 2404 3264 ἐπένευσε
2441 3211 2682 3274 σύνοδος
2716 3231 2733 3263 ι
2783 3209 3243 3281 Ιείὑχαριστοῦμεν,
3271 3210 3396 3278 ἔφη,
3430 3209 3718 3282 Θεῷ,κράο

2142 3322 2289 3357 τιστε
2325 3305 2567 3374 βμ.οιλεῦ,
2605 3304 2682 3376 τῷ
2711 3306 2811 3375 τὴν
2843 3306 3089 3372 ἐπίγειον
3129 3303 3466 3358 συνιθύνοντιί
3509 3322 3592 3356 σοι
3623 3305 3718 3374 βα-

2146 3395 2346 3447 σιλείαν
2371 3411 2384 3424 ο
2408 3395 2485 3464 τῷ
2517 3396 2614 3465 τὴν
2657 3395 2862 3466 πλάνην
2894 3393 3003 3448 τῶν
3036 3394 3273 3448 εἰδώλων
3304 3395 3392 3447 διὰ
3432 3393 3526 3446 σού
3577 3399 3722 3448 κατέ

2143 3487 2446 3556 αργήσαντι
2477 3527 2492 3548 ,
2553 3489 2646 3540 καὶ
2727 3485 2836 3538 τῶν
2903 3487 3111 3539 πιστῶν
3200 3488 3604 3557 καταστήσαντι
3659 3489 3717 3539 ἐν

2145 3577 2429 3645 παρρησία
2453 3577 2514 3626 τὸ
2544 3575 2802 3647 εὔθυμον.
2836 3577 3120 3629 Πέπαυται
3154 3577 3356 3629 κνίσσα
3398 3577 3672 3646 δαιμόνων
3697 3591 3712 3605 ·

2143 3667 2504 3721 καταλέλυται
2564 3670 2854 3732 πολυθεῖας
2909 3669 3232 3740 Ἑλληνικῆς
3269 3673 3336 3722 τὰ
3379 3669 3715 3739 σεϐάσματα.

2143 3760 2216 3812 Τὸ
2276 3761 2376 3830 τῆς
2445 3761 2720 3828 ἀγνωσίας
2783 3761 3147 3814 ἀπελαύνεται
3213 3762 3434 3825 σκότος’
3487 3761 3560 3832 τῷ
3619 3762 3718 3833 τῆς

2145 3855 2476 3922 θεογνωσίας
2535 3858 2675 3926 φωτὶ
2713 3858 2746 3924 ή
2795 3855 3090 3926 οἰκουμένη
3138 3857 3718 3924 καταυγάζεται.·ῐ]α-

2141 3947 2246 4016 τὴρ
2274 3945 2634 4016 δθξθλογεῖται
2668 3965 2680 3976 ’
2711 3948 2834 4011 Υἱὸς
2857 3950 3374 4019 συμπροσκυνεῖται·
3405 3948 3466 4002 τὸ
3499 3949 3718 4018 Πνεῦμα

2142 4040 2202 4092 τὸ
2233 4039 2386 4106 ἄγνον
2423 4040 2880 4108 καταγγέλλεται.
2922 4041 3094 4111 Τριὰς
3119 4041 3425 4110 ὁμοούσιος,
3463 4042 3561 4111 μία
3598 4040 3719 4094 θεύ-

2141 4148 2240 4201 της
2271 4132 2328 4183 ἐν
2365 4132 2511 4200 τρισὶ
2541 4133 2850 4212 προσώποις
2883 4135 2975 4187 καὶ
3009 4135 3336 4188 ὑποστάσεσι
3365 4135 3715 4205 κηρύττεται.

2141 4224 2326 4294 Ταύτῃ
2373 4225 2695 4294 τειχίζεται,
2731 4225 2978 4294 βασιλεύ,
3019 4226 3078 4279 τ’)
3126 4227 3225 4296 τῆς
3275 4226 3560 4284 εὐσεϐείας
3616 4244 3713 4279 σου

2143 4317 2376 4386 κράτος·
2419 4317 2621 4386 ταύτην
2666 4320 2801 4388 ἡμῖν
2858 4319 3057 4372 ἄσυλον
3099 4318 3453 4388 διαφύλαττε.
3509 4320 3714 4390 Μηδεὶς

2142 4409 2421 4479 αἱρετικος
2471 4409 2674 4472 ὑποδὺς
2724 4410 2823 4480 τὴν
2885 4410 3216 4482 Ἐκκλησίαν
3258 4409 3316 4462 ἕν
3365 4429 3419 4462 τι
3477 4410 3710 4480 Τριάδος

2075 4493 2117 4548 D
2149 4501 2475 4570 ἁφαιρείτω,
2530 4501 2963 4570 καταλιμπάνων
3021 4502 3083 4555 τὸ
3131 4501 3455 4573 λειπόμενον
3499 4503 3720 4573 ἄτιμον.

2149 4595 2367 4663 ’Ἄρειος
2426 4596 2557 4664 ἡμῖν
2590 4595 2618 4646 ὀ
2665 4594 2766 4663 τῆς
2819 4595 3018 4664 μανίας
3066 4594 3377 4665 ἐπώνυμος,
3421 4595 3520 4649 τοῦ
3558 4597 3720 4665 λόγου

2147 4685 2240 4737 καὶ
2269 4685 2365 4755 τῆς
2394 4685 2760 4748 συνελεύσεω;
2790 4689 2959 4750 αἴτιος
2981 4703 2995 4718 ·
3019 4687 3101 4750 ὃς,
3133 4689 3208 4750 ὡς
3247 4688 3346 4741 οὐκ
3387 4689 3546 4758 ίσμεν
3571 4690 3721 4753 ὅπως

2146 4777 2228 4846 τῷ
2275 4779 2653 4847 πρεσϐυτερίῳ
2709 4782 2805 4848 τῆς
2863 4779 3266 4850 Ἀλεξανδρέων
3326 4781 3720 4850 ἐγκαταλεγεὶς

2161 4867 2512 4936 Ἐκκλιςσίας,
2549 4870 2842 4924 ἐλάνθανεν
2883 4873 3052 4939 ἡμᾶς,
3085 4872 3189 4941 τῆς
3245 4871 3356 4926 τῶν
3401 4889 3720 4942 τρισμακα-

2153 4960 2282 5030 ρίων
2307 4960 2594 5032 προφητῶν
2621 4962 2712 5013 καὶ
2735 4962 3052 5014 ἀποστόλων
3077 4963 3434 5028 διδασκαλίας
3458 4965 3716 5035 ὑπάρχων

2147 5051 2446 5123 ἀλλότριος.
2488 5053 2593 5104 Τὸν
2644 5053 2750 5124 γὰρ
2806 5055 3078 5123 μονογενῆ
3112 5055 3241 5109 Υίὸν
3291 5057 3385 5110 καλ⁴
3427 5057 3596 5121 Λόγον
3624 5054 3716 5108 τοῦ

2149 5141 2360 5210 Ιῖατρὸς
2395 5141 2719 5210 ἀποστερεῖν
2765 5141 2866 5210 τῆς
2909 5145 3333 5213 ὁμοουσιότητος
3373 5146 3467 5198 τοῦ
3510 5145 3720 5216 [ἰατρὸς

2143 5236 2242 5286 οὑκ
2273 5235 2618 5304 ἐντρέπεται,
2646 5237 2740 5287 καί
2770 5238 2835 5304 τῇ
2865 5235 3039 5289 κτίσει
3069 5238 3160 5289 τὸν
3186 5239 3426 5306 Κτίστην
3451 5240 3480 5291 ὁ
3503 5255 3720 5290 κτιστο-

2142 5328 2368 5396 λάτρης,
2408 5328 2772 5398 συναριθμείν
2820 5329 3128 5396 ἐπείγεται.
3193 5329 3399 5382 Τοῦτον
3471 5331 3538 5383 ἂν
3595 5331 3722 5383 πεί-

2147 5436 2316 5484 σειας,
2357 5419 2721 5490 αὐτοκράτορ,
2784 5418 3262 5491 μεταφρονοῦντα,
3313 5423 3426 5483 τοῖς
3471 5423 3714 5475 ἁποστο·

1735 5561 1834 5620 Fr.
1873 5557 2234 5621 Combefisii
2271 5565 2456 5620 uotae.

468 5703 655 5755 vaden'.
697 5718 755 5754 ex
813 5704 997 5773 llegio,
1056 5715 1105 5757 et
1161 5717 1277 5771 ipso
1328 5704 1574 5772 antiquo,
1636 5705 2019 5758 edidissemus.

472 5775 638 5826 l‘orro
697 5773 890 5826 allusio
935 5784 1017 5825 est
1055 5776 1120 5827 ad
1167 5773 1293 5826 illud
1341 5773 1591 5829 llabacue
1619 5792 1683 5829 -l:
1734 5774 2021 5828 i’clociorcs

2131 5705 2267 5773 lupis
2298 5707 2623 5774 vespertinis,
2653 5705 2791 5760 LXX
2821 5726 2833 5760 :
2865 5705 3023 5772 Lupis
3055 5706 3288 5769 Arabiw,
3318 5707 3432 5762 sola
3459 5707 3714 5762 nitnirum

2134 5777 2186 5828 in
2214 5777 2436 5829 Hebraeo
2467 5791 2792 5845 punetoruni
2833 5779 3150 5830 mutatione.
