4088 6208
422 275 531 338 433

1595 283 1692 343 DE
1733 275 2088 342 CONClLIO
2128 280 2427 344 NICiENO
2468 285 2517 343 ῐ.

3556 274 3626 335 4⁸3
3635 269 3675 332 ἳ-

508 382 649 437 ⁹Αλλ’
678 384 815 454 ὅπερ
863 386 921 437 ἐν
943 389 1056 450 τοῖς
1085 386 1400 462 ἔμπροσθεν
1442 390 1844 460 παρελείπομεν
1866 432 1880 453 ,
1910 391 1991 458 τῆς

2183 391 2471 448 Enimvero
2501 393 2666 464 (quod
2699 393 2985 448 omisimus
3033 391 3086 444 in
3122 386 3515 459 superioribus)
3541 401 3666 440 cum

432 476 653 544 ’Δρεέου
695 479 790 530 τοῦ
843 478 1115 550 θεομάχοι)
1153 482 1500 552 βλασφημίας
1552 483 1700 552 παρα
1757 485 1822 552 τῇ
1871 482 2003 552 ἁγίᾳ

419 568 625 633 συνόδῳ
673 569 1151 641 θριαμϐευομένης
1223 574 1455 626 ἐπέϐαλε
1521 575 1620 642 τῆς
1677 573 2001 643 Ἑλληνικῆς

421 661 745 731 θρησκείας,
787 663 1079 735 φιλόσοφος
1104 683 1116 696 ·
1149 667 1604 736 ἀντιποιούμενος
1653 668 1815 736 δῆθεν
1845 671 1999 737 φιλο-

421 755 618 815 νείκως
665 756 760 806 καὶ
804 755 866 807 ού
900 758 1238 828 φιλαλήθως,
1269 759 1368 830 τῆς
1412 760 1623 830 Ἀρείου
1665 761 1955 824 κακονοίας
1982 779 1997 792 ·

416 849 507 900 ὅτε
553 852 646 903 καὶ
690 850 1079 921 Μηνόφαντος,
1135 855 1473 925 Πατρόςριλός
1519 873 1576 908 τε
1633 857 1724 910 καὶ
1755 857 1996 921 Θεωνᾶς,

425 940 521 991 καὶ
553 941 734 1009 ἕτεροι
784 942 912 1011 περὶ
957 935 1039 994 ὧν
1085 945 1342 1014 ἀνωτέρω
1379 946 1618 1016 εἴρηται,
1652 949 1764 1010 τοῖς
1813 947 1999 999 συλλο-

419 1033 644 1099 γισμοῖς
683 1031 777 1084 τοῦ
815 1034 1110 1102 φιλοσόφου
1167 1037 1673 1106 ἁναπτερωθέντες,
1727 1037 1998 1092 ἀνεκάλυ-

414 1120 525 1188 ψαν
554 1121 616 1174 τὺ
643 1122 874 1185 δυσῶδες
903 1124 1134 1194 τραῦμα
1166 1127 1265 1195 τῆς
1317 1127 1526 1196 Ἀρείου
1563 1128 1866 1198 βδελυρίας,
1903 1130 1997 1181 καὶ

414 1213 496 1281 τῷ
529 1213 804 1283 φιλοσόφῳ
839 1215 1223 1284 προστίθενται
1264 1219 1404 1271 κατὰ
1431 1219 1532 1287 τῆς
1571 1220 1828 1290 ἀληθείας
1861 1221 1996 1290 θρα-

419 1305 730 1373 συνόμενοι.
807 1306 950 1358 Ἀλλ’
1003 1309 1031 1360 ὁ
1079 1307 1189 1361 τῶν
1248 1310 1449 1364 ἁλιέων
1490 1311 1711 1375 ἁλιεὺς,
1757 1313 1851 1365 καὶ
1900 1311 1995 1366 τοῦ

415 1395 643 1450 διώκτου
691 1397 903 1468 Σωτὴρ,
948 1405 1258 1454 καινοποιεῖ
1289 1419 1339 1455 τι
1378 1403 1658 1456 κάνταῦθα
1709 1405 1818 1456 τῶν
1849 1405 1996 1459 ἰδίων

416 1491 724 1557 τεραστίων
742 1489 914 1554 ἄξιον.
941 1491 1048 1546 Τοῦ
1083 1493 1190 1564 γὰρ
1217 1494 1510 1564 φιλοσόφου
1538 1496 1646 1550 τῶν
1677 1499 1995 1568 προτάσεων

413 1578 477 1628 τό
508 1577 692 1648 δύσερι
729 1582 792 1649 τῇ
848 1580 942 1634 τοῦ
991 1580 1154 1649 λόγου
1201 1587 1379 1655 σιωπῇ
1445 1587 1814 1656 καταλυθῆναι
1867 1588 1994 1643 θαυ-

417 1669 724 1734 ματουργεῖ
748 1683 761 1696 ·
793 1668 888 1721 καί
912 1687 1034 1723 τινα
1072 1670 1180 1722 τῶν
1220 1672 1413 1740 ἁγίων,
1449 1675 1511 1727 ού
1544 1678 1610 1746 τῇ
1659 1676 1755 1730 τοῦ
1783 1678 1990 1748 κόσμου

415 1753 613 1824 σοφίᾳ,
633 1756 770 1809 ἁλλὰ
817 1761 886 1830 τῇ
935 1759 1202 1831 ἁγγελικῇ
1253 1761 1502 1834 πολιτείᾳ
1549 1767 1988 1834 κεκοσμημένον,

414 1853 742 1918 χειροτονεῖ,
767 1849 846 1920 τῷ
869 1850 965 1918 τῆς
997 1850 1316 1923 Ἑλληνικῆς
1347 1855 1534 1916 ἀοεῖας
1571 1856 1664 1910 καὶ
1703 1859 1989 1928 αἳρετικῆς

416 1939 773 2011 βλασφημίας
813 1944 1120 2014 συνηγόρῳ,
1154 1945 1465 1998 ἀντίπαλον.
1521 1942 1709 2012 Οὗτος,
1757 1951 1857 2020 τὴν
1889 1953 1988 2002 Δεο

415 2033 686 2095 σποτικὴν
718 2033 948 2104 ἀπειλὴν
983 2037 1370 2106 μιμησάμενος
1394 2080 1408 2103 ,
1523 2040 1676 2094 κατὰ·
1727 2042 1836 2096 τῶν
1870 2043 1988 2096 6m..-

418 2121 598 2191 μόνων
639 2125 865 2194 καὶτῆς
907 2126 1185 2197 θαλάσσης
1241 2131 1269 2181 ό
1327 2133 1531 2200 Κύριος
1561 2133 1816 2201 φαίνεται⁹
1852 2153 1990 2207 χρηι-

413 2213 675 2282 σὰμενος,
697 2217 833 2287 όμοῦ
866 2236 925 2270 τε
955 2221 1216 2291 προσᾴδει
1249 2221 1324 2290 τῷ
1347 2223 1622 2295 φιλοσόφῳ
1648 2227 1986 2297 προσειπὼν,

560 2308 570 2321 .
844 2309 854 2326 ,
1295 2312 1319 2325 -
1366 2313 1380 2327 .

417 2323 438 2355 ι
477 2305 685 2368 Σιωπα,
723 2325 1034 2379 πεφιμωσο,
1073 2329 1091 2362 ι
1129 2312 1223 2364 καὶ
1253 2329 1329 2382 τῳ
1366 2314 1510 2384 Λόγῳ
1567 2317 1660 2368 τὸν
1693 2317 1990 2385 πολύλογον

411 2394 700 2460 ἀπέδειξεν
719 2397 915 2467 ἄλογον
935 2417 949 2430 ο
977 2401 1053 2464 ὡς
1083 2402 1400 2472 παραυτίκα
1431 2404 1528 2474 τὴν
1551 2407 1798 2474 ἀφωνίαν
1827 2410 1989 2462 αὐτὸν

363 2570 370 2576 ἢ
414 2487 736 2549 ὑπελθόντα.
767 2491 954 2563 τρόμῳ
981 2495 1076 2546 καὶ
1107 2495 1218 2549 δέει
1249 2497 1569 2566 προσελθεῖν
1590 2499 1670 2568 τῷ
1703 2500 1848 2569 χορῷ
1883 2503 1989 2554 τῶν

413 2579 610 2647 ἁγίων,
643 2586 814 2638 αἰτεῖν
845 2603 902 2638 τε
940 2587 1034 2640 τοῦ
1059 2587 1258 2658 δεσμοῦ
1305 2590 1405 2661 τὴν
1429 2589 1604 2657 λύσιν,
1647 2595 1741 2645 καὶ
1770 2593 1869 2663 τὴν
1896 2596 1989 2647 τοῦ

414 2673 574 2740 ἁγίου
631 2675 1010 2747 βαπτίσματος
1045 2680 1274 2750 δωρεάν.
1310 2683 1499 2747 Οῦτως
1526 2685 1553 2736 ὁ
1591 2685 1700 2737 τῶν
1744 2687 1990 2756 σημείων

418 2765 621 2835 Κύριος
682 2770 904 2823 πανοικὶ
957 2772 1048 2825 τὸν
1095 2772 1392 2842 φιλόσοφον
1439 2775 1532 2828 ἐπὶ
1569 2774 1667 2845 τὴν
1711 2776 1989 2846 σωτηρίαν

412 2859 642 2914 ἐκάλεσε
665 2877 678 2891 ⁸
710 2863 805 2916 καὶ
857 2863 948 2917 τὸν
1000 2864 1126 2934 χθὲς
1158 2867 1257 2936 τῆς
1306 2866 1619 2937 όρθοδοξίας
1657 2869 1985 2940 κατήγορον,

415 2956 718 3024 συνήγορον
747 2955 848 3024 τῆς
888 2956 1144 3024 ἀληθείας
1197 2959 1455 3025 ἀνέδειξε.
1503 2961 1692 3028 Τούτῳ
1729 2962 1823 3014 καὶ
1863 2963 1990 3024 τοὺς

2105 488 2184 540 sic
2235 485 2331 541 Pei
2361 487 2551 556 {hostis
2597 487 2706 539 Arii
2760 483 3147 552 blasphemiam
3201 489 3385 536 sancta
3431 479 3671 549 synodus

2106 576 2379 645 triumpho
2397 586 2599 646 ageret,
2618 576 2839 646 appetiit
2853 573 3068 646 gentilis
3087 571 3454 643 philosophus,
3471 569 3562 638 qui
3582 569 3670 622 ni-

2105 667 2321 730 mirum,
2342 667 2706 722 contentionis
2725 666 2926 731 studio,
2949 681 3056 719 non
3071 661 3335 722 veritatis.
3361 674 3664 730 perversam

2103 761 2426 815 sententiam
2446 761 2556 815 Arii
2581 760 2910 825 defenderet,
2933 761 3152 828 quando
3173 766 3224 810 et
3243 752 3630 821 Menophantcs
3647 787 3664 812 .

2101 850 2576 920 Patrophilusque,
2629 850 2904 916 Theonas,
2953 861 3007 905 et
3053 849 3181 911 alii,
3238 857 3468 914 quorum
3505 848 3660 894 antea

2103 943 2450 997 meminimus
2474 983 2488 1005 ,
2521 943 2830 1013 philosdphi
2872 938 3387 999 rationibus-erecti,
3417 933 3675 989 Mdu"!-

2101 1033 2298 1085 vnlnns
2329 1031 2754 1100 abominationis
2799 1031 2910 1084 Arii
2946 1030 3238 1098 detegunt,
3272 1037 3443 1092 sequo
3486 1018 3690 1072 eideim

2101 1124 2426 1194 philosopho
2477 1125 2780 1192 petulanter
2825 1122 3056 1176 audaces
3091 1113 3682 1173 adversus-veritatem.

2099 1219 2422 1287 adjungunt.
2467 1217 2662 1271 Verum
2695 1219 2786 1286 qui
2832 1218 3126 1286 piscatores
3162 1213 3401 1282 piscatus
3431 1216 3548 1270 est,
3597 1218 3664 1258 ac

2102 1309 2350 1364 Salvator
2383 1321 2464 1363 cst
2513 1309 2910 1379 persecutoris,
2948 1307 3036 1360 hic
3080 1317 3296 1374 quoque
3327 1313 3526 1354 novum
3559 1294 3663 1349 ali-

2097 1398 2225 1468 quid
2271 1398 2490 1450 molitur
2521 1396 2638 1450 suis
2681 1395 2942 1466 prodigiis
2975 1393 3220 1463 dignum.
3247 1387 3455 1456 Quippe
3485 1381 3664 1438 nodos.

2096 1485 2340 1541 diii‘rcilcs
2369 1485 2796 1554 propositionum
2833 1479 3159 1553 philosophi,
3190 1475 3462 1532 sermonis
3491 1471 3656 1526 silen-

2098 1580 2173 1633 tio
2206 1578 2530 1631 miraculose
2581 1575 2850 1637 dissolvit,
2896 1584 3175 1638 unumque
3209 1568 3440 1637 aliquem
3470 1579 3500 1618 e
3531 1575 3663 1614 san-.

2095 1670 2200 1724 etis
2226 1683 2330 1722 non
2358 1667 2628 1721 mundana
2651 1664 2935 1734 sapientia,
2967 1663 3058 1717 sed
3086 1660 3324 1728 angelica
3358 1655 3465 1707 vita
3494 1664 3658 1706 orna-

2095 1771 2230 1822 tum,
2267 1759 2543 1830 gentilitiae
2575 1755 2862 1825 impietatis
2893 1770 2955 1807 ac
2992 1753 3259 1807 hare-tice:
3306 1741 3656 1814 blasphemia:

2094 1862 2322 1919 patrono
2349 1847 2722 1903 adversarium
2752 1844 2998 1914 praeﬁcit.
3032 1842 3130 1896 Hic
3150 1843 3324 1895 minas
3353 1830 3666 1889 Dominicas

2093 1945 2374 2006 imitatus,
2413 1941 2612 2009 quibus
2653 1938 2935 1993 Dominus.
2962 1936 3226 1990 adversus
3273 1931 3550 1984 daemones
3597 1940 3674 1977 ac-

2093 2048 2241 2089 mare
2271 2032 2512 2087 cernitur
2547 2044 2700 2095 usus,
2732 2037 2790 2083 ut
2821 2044 2942 2082 mox
2976 2027 3208 2097 quodam
3246 2022 3391 2078 velut
3421 2017 3662 2074 carmine

2093 2124 2473 2195 phii050phun'i
2511 2123 2814 2191 alloquens,
2850 2120 2924 2174 ait
2959 2135 2973 2173 :
3011 2109 3584 2180 t'l'ace,‘compescere'
3614 2127 3661 2165 νσ

2092 2217 2382 2271 verbosum
2428 2215 2704 2269 hominem
2736 2213 2899 2267 verbo
2928 2218 3138 2264 mutum
3168 2205 3343 2261 cn‘ecit
3371 2223 3384 2259 :
3418 2203 3554 2256 adeo
3581 2208 3660 2258 ut.-

2091 2325 2214 2364 cum
2247 2310 2293 2364 ei
2327 2308 2509 2362 statim
2536 2323 2637 2360 vox
2667 2305 2974 2368 defecisset,
3003 2317 3126 2357 cum
3158 2310 3392 2352 tremore
3422 2309 3486 2348 ac
3516 2299 3658 2344 metu

2090 2401 2156 2454 ad
2193 2409 2500 2454 sanctorum
2529 2398 2756 2451 chorum
2789 2393 3100 2454 accesserit,
3144 2387 3462 2454 petieritquc
3488 2422 3502 2443 ,
3535 2395 3659 2434 cum

2090 2492 2309 2546 vinculo
2343 2489 2586 2551 absolvi,
2614 2497 2726 2542 tum
2761 2501 2918 2542 sacro
2961 2482 3283 2552 baptismate
3317 2473 3529 2530 donari.
3573 2471 3664 2522 Sic

2091 2584 2366 2654 signorum
2423 2580 2686 2634 Dominus
2739 2576 3120 2646 philosophum
3155 2586 3278 2626 cum
3314 2577 3423 2620 tota
3457 2561 3657 2617 familia

2093 2673 2304 2726 vocavit
2340 2671 2405 2724 ad
2452 2671 2716 2732 salutem;
2759 2675 2812 2720 ct
2855 2680 3016 2725 eum,
3072 2662 3158 2716 cui
3209 2658 3322 2712 heri
3377 2661 3664 2709 accusator

2091 2775 2208 2820 erat
2268 2763 2580 2818 orthodoxae
2638 2758 2960 2818 sententiae,
3024 2753 3364 2820 defensorem
3423 2742 3665 2830 veritatis

2094 2856 2240 2910 fecit.
2273 2855 2385 2909 Hoc
2415 2853 2680 2907 miraculo
2714 2850 2864 2904 aiunt
2902 2847 3316 2917 Mei-.ophantem
3372 2823 3513 2896 cnnf
3550 2837 3665 2894 suis

2095 2945 2557 3015 obstupefactum,
2592 2944 2769 3000 visum
2803 2959 2923 2998 esse
2972 2956 3070 2995 sua
3122 2948 3313 3008 sponte
3340 2941 3542 2990 sanclzr
3569 2947 3664 3000 sy-

415 3048 548 3116 περὶ
586 3022 923 3115 λίηνόςαντα
978 3022 1364 3115 ἐκπλαγέντας
1387 3022 1490 3119 αξξ)
1530 3022 1796 3119 θαύματι,
1833 3022 1989 3118 λόγος

2096 3041 2240 3096 nodo
2268 3037 2607 3100 censenti-re,
2642 3035 2883 3090 feriendo
2918 3035 3262 3087 anathemate
3306 3026 3471 3096 impio
3514 3022 3664 3087 Ario,

413 3137 596 3190 ἑκοντὶ
622 3139 770 3202 δόξαι
804 3143 1078 3193 σνναινεῖν
1099 3142 1163 3210 τῇ
1190 3141 1322 3214 ἁγίᾳ
1355 3143 1580 3215 συνόδῳ,
1625 3143 1718 3197 ἐπὶ
1751 3143 1829 3215 τῷ
1860 3143 1991 3197 ἀνα-

413 3231 744 3302 θεματισμῷ
777 3233 872 3287 τοῦ
896 3233 1192 3294 δυσσεϐοῦς
1231 3236 1471 3308 ’Λρείου,
1509 3239 1605 3290 καὶ
1635 3236 1743 3291 τῶν
1781 3239 1990 3291 ἐκείνου

409 3323 705 3393 δογμάτων
731 3341 745 3355 ·
790 3327 929 3396 μετὰ
960 3326 1017 3380 δὲ
1070 3326 1265 3393 ταῦτα,
1324 3329 1467 3383 κατὰ
1508 3331 1638 3393 τοὺς
1683 3329 1994 3394 λυττῶντας

409 3416 522 3469 τῶν
560 3416 760 3483 κυνῶν,
795 3417 890 3470 ἐπὶ
916 3419 1005 3471 τὸν
1035 3420 1168 3472 ἴδιον
1207 3421 1402 3489 ἔμετον
1433 3423 1774 3494 ἀνακάμψαι.

487 3509 599 3577 Τῆς
629 3507 727 3561 οῦν
756 3509 919 3578 ἁγίας
951 3510 1170 3563 συνόδου
1207 3511 1316 3564 τῶν
1362 3513 1700 3582 τριακοσίων
1723 3513 1857 3570 δέκα
1898 3516 1992 3569 καὶ

409 3601 560 3654 ὀκτὼ
612 3603 783 3671 ἁγίων
839 3604 1124 3673 ιιατέρων,
1170 3605 1344 3672 πέρας
1392 3606 1477 3673 ἐφ’
1533 3599 1578 3671 ᾧ
1633 3607 1991 3676 συνήθροιστο

409 3692 740 3762 δεξαμένης,
775 3697 870 3747 καὶ
905 3695 996 3748 τοῦ
1034 3695 1242 3766 χρόνου
1290 3696 1423 3767 πρδς
1462 3696 1561 3766 τὴν
1601 3699 1860 3752 ἐπάνοδον
1895 3700 1992 3752 αὐ-

409 3789 541 3849 τοὺς
568 3788 908 3854 ἐπείγοντος,
963 3792 989 3840 ό
1043 3789 1275 3858 εὐσεϐὴς
1303 3791 1719 3853 Κωνσταντῖνος
1750 3793 1990 3862 ὁμοτρα-

412 3882 615 3943 πέζους
641 3881 942 3948 ἀμοιϐαδὸν
994 3882 1194 3942 αὐτοὺς
1243 3881 1636 3950 ποιησάμενος,
1679 3885 1771 3935 καὶ
1810 3883 1992 3949 λόγοις

415 3978 830 4038 παραιγετικοϊς
893 3977 1274 4042 χρησάμενος,

411 4065 597 4116 αὐτῶν
653 4065 830 4127 ἐνδεὲς
890 4064 1275 4134 θεραπεύσας,

1353 3974 1484 4026 τότε
1542 3976 1650 4027 τῶν
1686 3976 1992 4046 ἐκκλησιῶν

1349 4066 1718 4135 νοσοκομείων
1786 4085 1845 4119 τε
1899 4068 1992 4120 καὶ

415 4155 874 4225 πτωχοτροφείων
903 4156 1212 4224 σιτηρέσεις
1241 4157 1546 4226 ἑκασταχοῦ
1579 4157 1987 4226 δωρησάμενος,

413 4249 528 4306 τοῖς
555 4247 855 4317 ἐξιτηρίοις
883 4248 944 4299 τὸ
1005 4247 1186 4299 κοινὸν
1215 4248 1396 4301 αὐτῶν
1436 4248 1615 4314 λόγοις
1646 4247 1986 4312 ἐδεξιώσατο’

418 4361 434 4391 ι
491 4340 688 4408 Ὁρᾶτε
721 4339 911 4402 εἰπὼν,
945 4339 1045 4408 τὴν
1077 4340 1216 4409 ἐμὴν
1247 4341 1376 4410 περὶ
1427 4341 1486 4392 τὸ
1519 4341 1675 4393 Θεῖον
1703 4344 1823 4402 ταῖς
1851 4342 1985 4408 ὑμε-

413 4430 603 4500 τέραις
677 4430 1014 4499 κατηχήσεσι
1076 4429 1358 4500 λατρείαν,
1395 4431 1484 4484 καὶ
1542 4431 1691 4492 ὅπως
1734 4429 1988 4499 ἐκθύμως

413 4521 513 4589 τὴν
571 4519 670 4589 μὲν
699 4521 808 4574 τῶν
834 4520 1072 4573 εἰδώλων
1115 4521 1412 4575 κατάλυσιν
1441 4522 1763 4592 εἴργασμαι,
1790 4522 1888 4590 τὴν
1932 4521 1988 4574 δὲ

413 4615 521 4666 τῶν
580 4615 925 4686 Χριστιανῶν
965 4614 1147 4667 πίστιν
1193 4614 1476 4681 πανταχοῦ
1517 4613 1987 4681 καταγγέλλεσθαι

411 4706 802 4771 διεσπούδακα,
851 4707 930 4770 ὡς
1009 4705 1280 4776 μηδεμίαν
1339 4705 1646 4775 ἐτερόδοξον
1691 4705 1989 4776 θρησκείας

418 4706 802 4771 διεσπούδακα,
851 4707 930 4770 ὡς
1009 4705 1280 4776 μηδεμίαν
1339 4705 1646 4775 ἐτερόδοξον
1763 4706 1989 4775 ησκεξας

418 4800 564 4852 ἰδέαν
588 4801 722 4868 ἡμῖν
748 4798 1170 4864 ἀπολείπεσθαι,
1205 4797 1237 4868 ἢ
1286 4705 1867 4886 μόνουςΧριστιἍψ
1890 4795 1990 4867 τὴν

413 4892 576 4960 ἁγίαν
648 4891 742 4944 καὶ
792 4890 1079 4958 όμοούσιον
1145 4889 1355 4958 Τριάδα
1406 4889 1736 4960 προσκυνεῑρι
1786 4893 1864 4940 τε*
1891 4889 1986 4943 καὶ

415 4892 576 4960 ἁγίαν
648 4891 742 4944 καὶ
792 4890 1079 4958 όμοούσιον
1145 4889 1355 4958 Τριάδα
1406 4883 1864 5050 «positum-2w?
1891 4889 1984 4943 καὶ

415 4982 782 5047 ἀσπάζεσθαι.
830 4979 1050 5052 Ταύτην
1076 4980 1205 5050 ὑμῖν
1235 4981 1477 5051 σήμερον
1505 4981 1737 5050 εἰλικριν
1806 4997 1984 5055 παρα-

357 5115 360 5118 ι
416 5077 632 5144 δίδωμι.
664 5075 776 5145 Τῆς
830 5073 887 5127 δὲ
945 5074 1216 5145 ὑμετέρας
1268 5072 1430 5142 εὐχῆς
1470 5074 1554 5143 εἴη
1602 5074 1698 5126 καὶ
1733 5061 1986 5144 μελέτης,

415 5171 554 5241 πρὸς
605 5168 703 5239 τὴν
755 5168 876 5220 καθ’
931 5168 1148 5238 ἡμέραν
1195 5165 1290 5218 τοῦ
1333 5167 1541 5236 Κυρίου
1597 5166 1990 5236 συνεργοῦντος

415 5262 712 5332 ἀναγωγὴν
749 5260 864 5333 [των.
896 5259 1218 5331 ἀναγαγεῖν]
1251 5261 1346 5322 καὶ
1392 5258 1718 5328 ἐπαύξησιν.
1751 5279 1770 5310 ι
1801 5259 1992 5314 Ταῦτα

417 5356 516 5409 καὶ
547 5355 620 5407 τὰ
668 5353 883 5416 τούτοις
940 5353 1158 5406 ἐοικότα
1203 5351 1541 5421 προσειπὼν,
1577 5352 1670 5405 καὶ
1715 5353 1843 5416 τοὺς
1890 5352 1990 5423 μὲν

418 5445 602 5499 αὐτῶν
626 5445 1080 5515 ὀφθαλμοκόπους
1117 5444 1278 5508 ἰδὼν,
1325 5445 1478 5506 τινὰς
1522 5444 1580 5497 δέ
1627 5445 1828 5515 χειρῶν
1857 5445 1994 5498 ἁπο-

415 5537 722 5608 νιρκὼσεις
756 5537 1156 5608 ὑπομείναντας
1179 5577 1192 5602 ,
1234 5536 1428 5599 ἄλλους
1460 5535 1698 5606 σπασμῷ
1725 5535 1832 5591 τῶν
1871 5533 1989 5588 νεύ-

497 5695 518 5724 ¹
542 5695 709 5748 Marc.
737 5708 811 5761 tv,
842 5694 928 5748 39.

2097 3150 2161 3188 ac
2209 3133 2330 3202 ejus
2383 3132 2680 3201 dogmatis;
2719 3135 2905 3198 postea
2957 3133 3161 3186 autem,
3211 3120 3350 3176 haud
3402 3132 3560 3174 secus
3600 3130 3665 3168 ac

2095 3240 2260 3283 canes
2293 3224 2531 3286 rabidos,
2567 3222 2631 3275 ad
2662 3235 2822 3276 suum
2847 3217 3108 3273 vomitum
3137 3213 3380 3269 rediisse.

2167 3530 2300 3584 Cum
2334 3528 2515 3599 itaque
2547 3536 2734 3581 sancta
2759 3521 2997 3594 synodus
3021 3525 3376 3574 trecentorum
3405 3514 3588 3568 decem
3613 3519 3666 3564 et

2095 3631 2217 3676 octo
2250 3620 2469 3674 Patrum
2497 3618 2709 3684 ,linem
2759 3615 2918 3684 cujus
2963 3611 3498 3681 gratiaucongregata
3549 3610 3669 3658 erat

2095 3715 2420 3784 accepisset,
2447 3712 2668 3782 jamque
2692 3718 2906 3776 tempus
2935 3705 2999 3758 ad
3030 3702 3256 3759 reditum
3289 3706 3502 3770 urgeret
3523 3737 3538 3757 ,
3571 3695 3662 3748 ubi

2094 3821 2190 3858 eos
2223 3805 2344 3872 pius
2385 3800 2778 3856 Constantinus
2830 3796 3069 3852 vicisSim
3108 3809 3291 3849 mensa
3339 3790 3660 3858 excepisset;

2097 3893 2387 3960 verbisque
2423 3889 2816 3944 adhortatoriis
2859 3886 2926 3940 ad
2965 3901 3056 3940 eos
3084 3899 3214 3939 usus
3248 3890 3407 3947 esset,
3443 3895 3504 3933 ac
3539 3894 3663 3947 pro-

2095 3983 2318 4037 vidisset
2352 3980 2705 4035 ecclesiarum
2742 3977 2971 4046 inopiae,
3002 3975 3324 4042 alendisque
3352 3971 3568 4042 aegrOIis
3599 3985 3663 4025 ac

2097 4073 2426 4143 pauperibus
2478 4072 2684 4140 ubique
2737 4077 3102 4123 commeatum
3159 4067 3432 4127 donasset,
3485 4061 3664 4116 verbis

2095 4164 2428 4234 cjuscemodi
2459 4162 2746 4216 abeuntem
2769 4175 2956 4212 eorum
2982 4166 3181 4210 emtum
3206 4161 3524 4223 prosecutus
3547 4163 3660 4205 est:

2099 4278 2116 4307 ι
2163 4256 2410 4320 Videtis,
2463 4253 2672 4322 inquit,
2710 4251 2862 4305 vobis
2905 4246 3331 4308 instruentilms,
3384 4259 3557 4297 meam
3610 4245 3664 4296 in

2098 4350 2266 4404 Deum
2325 4347 2638 4416 religionem
2666 4383 2681 4405 ,
2714 4358 2986 4410 quamque
3033 4357 3096 4392 ex
3138 4338 3321 4391 animo
3375 4335 3664 4390 evertenda

2098 4442 2240 4497 idola
2291 4437 2635 4497 curaverint,
2695 4450 2758 4487 ac
2813 4431 3052 4485 dederint
3111 4443 3331 4498 operam
3391 4436 3448 4480 ut
3501 4425 3663 4479 Chris-

2101 4533 2402 4588 stianorum
2434 4527 2565 4582 lides
2596 4527 2798 4592 ubique
2824 4522 3260 4582 annuntiaretur,
3287 4517 3420 4571 adeo
3446 4516 3663 4570 utnulla

2105 4622 2264 4677 nobis
2311 4620 2501 4674 aliena:
2537 4617 2816 4686 religionis
2865 4614 3074 4683 species
3106 4613 3309 4680 reliqua
3351 4610 3440 4675 sit,
3471 4607 3576 4663 nisi
3607 4614 3667 4662 ut

2100 4715 2202 4772 soli
2250 4728 2350 4768 nos
2378 4709 2690 4766 Christiani.
2740 4716 2985 4762 sanctum
3035 4720 3098 4760 ac
3147 4699 3664 4758 consubstantialem

2101 4806 2420 4860 Trinitatem
2451 4803 2741 4856 adoremus
2775 4813 2838 4852 ac
2885 4797 3294 4866 amplectamur.
3331 4791 3484 4844 Ilane
3515 4788 3666 4843 vobis

2098 4896 2258 4951 hodie
2288 4909 2478 4966 puram
2523 4907 2587 4946 ac
2621 4891 2892 4945 sinceram
2928 4888 3100 4941 trado.
3140 4885 3453 4939 Vestrarum
3482 4890 3662 4934 autem

2097 4989 2261 5044 fuerit
2285 5001 2502 5056 precqu
2524 4992 2576 5039 et
2600 4981 2890 5053 diligentim
2909 4992 3121 5037 curare,
3141 4985 3198 5029 ut
3218 4975 3327 5028 Deo
3347 4972 3657 5040 adjuvante.

2101 5078 2400 5149 majoribus
2447 5076 2499 5130 in
2544 5074 2658 5130 dies
2688 5069 3040 5127 incrementis
3069 5072 3402 5136 promoveat.
3436 5081 3452 5111 ι
3485 5059 3661 5114 Porro

2096 5171 2221 5224 dum
2251 5169 2365 5221 haec
2416 5176 2580 5235 atque
2603 5166 2667 5218 iis
2687 5169 3045 5218 consentanea
3073 5158 3319 5220 dixisset,
3345 5153 3661 5222 vidensque,

2095 5262 2218 5317 aliis
2269 5257 2489 5328 quidem
2536 5254 2765 5310 clTossos
2820 5255 3049 5319 oculos,
3106 5250 3228 5304 aliis
3279 5255 3458 5300 autem
3511 5244 3659 5312 gravi

2094 5350 2340 5408 cruciatu
2392 5346 2730 5417 obtorpuisse
2762 5359 2977 5409 manus,
3010 5342 3150 5408 aliis]
3179 5354 3306 5394 vero
3369 5351 3660 5390 nervorum

2097 5441 2426 5499 distentione
2459 5438 2749 5492 incurvum
2787 5448 3008 5502 corpus,
3043 5431 3164 5486 aliis
3195 5429 3412 5484 demum
3445 5427 3660 5482 excisas

2094 5549 2263 5605 agone
2289 5539 2468 5605 partes
2501 5528 2785 5602 genitales,
2820 5525 3130 5594 sciensque,
3159 5536 3283 5578 cum
3313 5530 3533 5577 strenue
3563 5533 3678 5589 pro.
