4088 6208
395 235 499 293 413

1851 233 2201 294 ΑΝΟΝΥΜΙ

3547 233 3654 293 ΔΗ

398 344 588 412 patriae
627 345 807 399 solum
854 345 937 399 vis
991 345 1324 400 redimendae
1361 361 1528 400 causa
1579 345 1970 415 relinquentes,

2110 345 2362 415 ἱκήτορες
2410 344 2633 406 πάντες,
2668 344 2739 396 τδ-
2782 344 2938 412 φίλον
2983 345 3083 412 τῆς
3132 345 3392 415 πατρίδος
3452 345 3654 415 ἔδαφος

400 435 815 504 transmigrant,
841 450 906 488 ac
935 451 1030 502 per
1055 437 1303 489 diversas
1345 437 1546 505 singuli
1582 438 1976 505 disperguntur

402 531 588 590 urbes,
622 529 810 584 matris
839 529 962 582 loco
995 529 1319 583 adhibentes
1352 546 1616 584 novercas
1642 549 1656 584 :
1687 541 1852 599 atque
1883 530 1974 583 alii

401 622 625 690 quidem
651 621 934 691 Cecropis,
964 623 1054 676 alii
1096 622 1336 691 Pelopis,
1363 625 1553 677 Cadmi
1592 624 1706 691 alii,
1732 625 1978 691 aliasque

403 713 496 768 alii
556 713 809 784 regiones
858 729 921 767 ac
975 713 1095 768 loca
1155 726 1510 786 occupantes,
1566 715 1620 770 in
1680 715 1764 771 eis
1821 715 1979 770 sedes

404 809 567 876 (igere
600 804 956 876 cogebantur.

479 1082 656 1138 Divini
707 1085 892 1154 itaque
967 1085 1130 1140 Lucae
1195 1086 1321 1150 avi,
1379 1085 1445 1140 ad
1502 1087 1805 1153 Phocidis,
1865 1091 1981 1146 sive

407 1175 604 1244 Chrysi
659 1176 999 1245 provinciam
1050 1178 1498 1248 commigrantes,
1532 1179 1600 1232 ad
1647 1180 1979 1234 maritimum

409 1267 700 1337 quemdam
735 1278 994 1334 montem,
1025 1267 1256 1323 Joannis
1290 1270 1642 1339 appellatum,
1690 1272 1776 1326 sui
1829 1273 1984 1328 inco-

413 1360 554 1416 latus
615 1361 963 1415 tabernacula
1020 1361 1273 1416 lixerunt.
1345 1361 1486 1428 Quia
1535 1374 1716 1418 tamen
1769 1381 1866 1435 per
1929 1365 1980 1420 id

413 1439 648 1523 tempus,
691 1454 889 1522 quibus
926 1454 972 1508 is
1017 1454 1234 1523 iudieiis
1272 1457 1442 1518 nevit,
1484 1459 1638 1525 cujus
1689 1470 1816 1514 sunt
1846 1480 1864 1511 ι
1899 1460 1986 1530 ju-

415 1545 555 1599 dicia
588 1546 818 1614 abyssus
860 1547 1027 1599 multa
1054 1549 1091 1612 ',
1133 1565 1152 1597 ι
1189 1548 1475 1601 [sntiat-lita:
1522 1565 1671 1603 mare
1718 1551 1985 1606 infestan-

416 1645 518 1700 tes,
549 1637 806 1705 omnique
841 1638 986 1702 sinu,
1019 1649 1196 1704 portu,
1229 1654 1292 1693 ac
1322 1655 1415 1692 ora
1446 1641 1852 1710 latrocinantes,
1874 1642 1983 1713 jam

2087 437 2223 506 πρὸς
2280 436 2400 505 βίαν
2455 435 2839 500 ἀπολιπόντες,
2890 436 3222 505 μετανάσται
3269 437 3512 504 γίνονται
3564 444 3657 491 καὶ

2088 529 2220 598 πρὸς
2245 529 2536 598 διαφόρους
2577 528 2800 581 ἕκαστοι
2835 528 3245 596 διασπείρονται
3297 529 3508 591 πόλεις,
3554 549 3655 582 χι-

2090 624 2267 692 θάπερ
2300 623 2422 675 ἀντὶ
2473 621 2683 692 μητρὸς
2729 623 2929 673 ἐκεῖνοι
2960 623 3079 683 ταῖς
3114 622 3407 691 μητρυιαῖς
3443 622 3659 690 χρησά-

2092 729 2265 784 μενον
2306 713 2400 766 καὶ
2425 714 2474 766 οἱ
2507 715 2604 783 μὲν
2647 713 2747 783 τὴν
2779 713 3085 781 Κέκροπος,
3113 715 3162 764 οἱ
3199 713 3254 765 δὲ
3298 712 3396 783 τὴν
3429 713 3522 764 τοῦ
3557 715 3660 766 Πέ-

2089 808 2273 870 λοπος,
2309 805 2489 875 ἕτεροι
2521 805 2620 875 τὴν
2651 805 2745 858 τοῦ
2780 804 3024 874 Κάδμου.
3058 807 3152 857 καὶ
3185 805 3350 866 ἄλλας
3377 803 3526 859 ἄλλοι
3559 823 3661 856 κα·-

2087 897 2441 962 ταλαϐόντες,
2468 898 2525 949 ὲν
2555 897 2748 959 αὑταῖς
2775 896 2918 965 ἔχειν
2954 895 3329 964 ἠναγκάζοντο
3373 896 3475 959 τάς
3506 897 3664 966 οίκὴ·

2091 1006 2226 1052 σεις.

2159 1084 2221 1136 Ui
2271 1081 2455 1151 μέντοι
2490 1081 2587 1135 τοῦ
2634 1081 2780 1135 θείου
2818 1083 3004 1135 Λουκᾶ
3048 1079 3309 1150 πρόγονοι
3369 1077 3512 1131 κατὰ
3566 1078 3666 1146 τὴν

2093 1174 2195 1242 τῆς
2233 1175 2494 1239 Φωκίδος,
2542 1173 2723 1226 εῖτουν
2752 1173 2845 1226 τοῦ
2869 1173 3085 1243 Χρυσοὖ
3118 1172 3456 1240 μεταϐάντες
3491 1174 3663 1240 ἐπαρ-

2090 1269 2237 1339 χίαν,
2271 1269 2407 1338 πρός
2440 1285 2492 1321 τι
2521 1267 2784 1339 παράλιον
2828 1267 2974 1337 ὅρος,
3020 1265 3266 1318 Ἰωάννου
3307 1263 3664 1333 καλούμενον,

2091 1362 2190 1424 τὰς
2219 1362 2317 1430 τῆς
2345 1361 2638 1430 παροικίας
2665 1360 2869 1428 σκηνὰς
2901 1358 3195 1427 ἐπήξαντο.
3233 1357 3374 1408 ’.ἁλλ’
3396 1357 3519 1408 ἐπεὶ
3546 1355 3662 1407 κατ’

2093 1454 2270 1504 ἐκεῖνο
2301 1450 2494 1520 καιροῦ
2549 1451 2817 1519 κρίματιν
2865 1443 2947 1512 οἷς
2989 1443 3155 1514 οἶδεν,
3197 1441 3287 1501 «οὗ
3325 1447 3559 1510 ἄϐυσσος
3599 1447 3665 1498 τά

2095 1543 2337 1612 κρίματα
2368 1541 2588 1611 πολ>.ὴ,ι
2621 1539 3191 1610 θαλασσοκρατοῦντες
3212 1539 3258 1590 οἱ
3283 1537 3376 1590 τοῦ
3421 1535 3666 1605 ’ῐσμαὴλ,

2097 1635 2190 1686 καὶ
2229 1635 2362 1686 πᾶσι
2411 1632 2651 1694 κόλποις,
2708 1631 2980 1699 αἰγιαλοῖς
3009 1648 3066 1682 τε
3109 1631 3201 1682 καὶ
3238 1631 3435 1691 ἀκταῖς
3474 1645 3667 1696 πειρα-

414 1744 671 1799 quoque,
726 1731 856 1799 proh
919 1731 1107 1784 dolor!
1161 1746 1280 1784 eam
1334 1743 1540 1800 partem
1593 1711 1986 1799 incursabant;

2104 1729 2362 1793 ιεὺοντες,
2389 1729 2490 1799 ἤδη
2526 1728 2620 1780 καὶ
2659 1727 2801 1780 κατά
2841 1725 3177 1794 τοῦτσ,ιρεῦἓ
3213 1725 3272 1776 τὸ
3310 1723 3472 1794 μέρος
3503 1739 3670 1790 προσ-

418 1838 610 1878 rursus
646 1823 762 1876 loco
792 1823 982 1876 cedere
1061 1839 1284 1878 necesse
1324 1826 1650 1880 habuerunt.
1688 1825 1987 1892 Quemdam

426 1913 607 1982 itaque
635 1925 846 1982 portum
877 1913 1082 1985 Bathyn
1121 1915 1340 1970 nomine
1369 1917 1518 1971 auris
1546 1918 1892 1973 commodum
1914 1920 1990 1988 (I)

425 2020 488 2059 ac
523 2007 873 2074 tranquillum
928 2016 1193 2075 petentes,
1247 2007 1584 2062 domicilium
1622 2022 1871 2079 ponunt:
1903 2011 1994 2064 ubi

425 2107 640 2164 tem-pus
711 2113 818 2150 non
879 2099 1152 2153 modicum
1221 2100 1590 2166 commorati,
1653 2100 1992 2155 admirabilis

423 2189 584 2245 Luca:
613 2202 820 2260 patrem
855 2193 1076 2261 gignere
1107 2204 1490 2262 promerentur
1518 2208 1536 2246 :
1560 2210 1816 2264 eumque,
1850 2211 1995 2248 mar-

422 2292 599 2353 tyrum
631 2283 793 2353 primi
827 2285 1050 2338 nomine
1099 2286 1474 2350 honestantes,
1508 2301 1750 2357 congrue
1804 2287 1994 2358 utique

423 2376 626 2430 nomini
667 2375 1008 2430 educandum
1040 2388 1323 2432 curarunt.
1361 2377 1562 2433 Verum
1599 2380 1726 2434 hinc
1752 2395 1992 2450 quoque,

423 2467 490 2521 ad
518 2469 772 2536 oppidum
803 2470 1098 2538 quoddam.
1125 2470 1438 2524 Castorium
1478 2474 1698 2526 nomine
1726 2473 1803 2543 (‘2)
1847 2489 1996 2527 com.

426 2558 741 2625 migrantes,
781 2559 891 2611 illic
943 2559 1278 2614 habitarunt.
1319 2559 1415 2614 llic
1459 2577 1621 2630 porro
1671 2564 1995 2619 nonnullum

422 2650 640 2703 errandi
699 2650 858 2705 ﬁnem
910 2650 1211 2717 facientes,
1287 2654 1467 2707 solatii
1525 2655 1729 2722 aliquid
1781 2672 1879 2726 pro
1932 2673 1996 2710 eo

425 2742 640 2806 exsilio,
671 2758 780 2810 quo
808 2755 960 2796 extra
1011 2744 1238 2812 patriam
1273 2745 1447 2812 vagati
1476 2755 1684 2810 essent,
1717 2749 2000 2818 percipere

426 2831 529 2887 visi
561 2841 710 2886 sunt.
743 2831 924 2902 thue
964 2834 1016 2887 id
1067 2850 1172 2887 non
1205 2844 1336 2889 tunc
1383 2838 1586 2902 statim,
1639 2838 1781 2892 haud
1817 2849 1996 2892 tamen

431 2925 660 2992 longiori
712 2926 976 2993 temporis
1024 2926 1342 2995 interposita
1393 2943 1545 2982 mora
1596 2931 1871 2997 evenit...;
1894 2929 2001 2996 Qui

2093 1822 2335 1876 ἔϐαλλον
2402 1822 2654 1890 ἀνάγκην
2686 1817 2834 1890 εἶχον
2881 1819 3041 1872 πάλιν
3074 1819 3405 1888 ἀποχωρεῖν.
3457 1817 3674 1883 Λιμένα

2094 1915 2227 1981 γοῦν
2271 1933 2397 1967 τινα
2448 1914 2630 1966 Βαθὺν
2673 1911 2819 1965 οὕτω
2873 1910 3228 1979 καλούμενον,
3283 1909 3454 1979 εὐαρῆ
3491 1910 3548 1961 δὲ
3580 1910 3677 1960 καὶ

2094 2006 2332 2076 γαληνὸν
2355 2005 2485 2057 ὄντα
2515 2005 2908 2075 προσελθόντες
2943 2002 3211 2057 οἰκοῦσιν.
3238 1996 3311 2072 τῼ
3343 2002 3438 2053 καὶ
3485 2003 3675 2070 χρόνον

2093 2098 2475 2167 διατρίψαντες
2495 2098 2556 2150 οὐ
2577 2096 2814 2168 βραχὺν,
2832 2096 2922 2148 τὸν
2941 2095 3036 2149 τοῦ
3067 2095 3214 2149 θείου
3242 2097 3428 2148 Λουκᾶ
3459 2095 3674 2164 πατέρα

2095 2193 2274 2244 τεκεῖν
2309 2189 2612 2255 ἀξιοῦνται·
2647 2190 2741 2242 καὶ
2799 2188 2993 2240 τοῦτον
3048 2189 3277 2252 ὀνόματι
3309 2187 3402 2238 τοῦ
3447 2185 3670 2255 πρώτου

2096 2283 2432 2352 τιμήσαντες
2460 2280 2568 2333 τῶν
2624 2283 2942 2351 μαρτύρων,
2975 2281 3133 2345 ἀξίαν
3178 2279 3382 2350 δηλαδὴ
3424 2279 3524 2332 τοῦι
3556 2278 3678 2331 ὀνό-

2102 2392 2270 2445 ματος
2325 2376 2419 2427 καὶ
2449 2375 2548 2441 τὴν
2573 2374 2667 2426 τοῦ
2706 2373 2892 2435 παιδὸς
2915 2375 3138 2440 ἀγωγὴν
3165 2369 3468 2424 ἐποιοῦντο.
3512 2371 3673 2424 Ἀλλά

2101 2467 2264 2521 πάλιν
2296 2467 2506 2519 ἐκεῖθεν
2539 2464 2895 2535 μεταϐάντες,
2925 2465 3016 2517 ὲπί
3049 2481 3171 2516 τινα
3224 2463 3418 2532 κώμην
3466 2462 3675 2514 Καστό-

2102 2575 2218 2627 ριον
2247 2559 2391 2611 οὕτω
2425 2557 2793 2627 καλουμένην,
2849 2555 2948 2617 τάς
3000 2557 3250 2626 οἰκήσεις
3300 2555 3518 2617 ἔθεντος
3567 2555 3666 2622 τῆς

2101 2639 2497 2720 ἄ).ης’ὲνταῦθα
2527 2650 2723 2718 μικρὸν
2754 2649 3115 2716 παυσάμενοι,
3145 2647 3240 2699 καὶ
3277 2646 3372 2698 τοῦ
3424 2646 3677 2714 ξενισμοῦ

2101 2741 2432 2811 παραψυχὴν
2469 2741 2595 2808 γοῦν
2622 2758 2743 2792 τινα
2785 2740 2967 2792 λαϐεῖν
3012 2741 3270 2808 οἰόμενοι.
3304 2740 3476 2808 Ὅπερ
3503 2739 3550 2789 εί
3583 2737 3678 2790 καὶ

2105 2839 2178 2908 μὴ
2203 2840 2344 2900 τοτε,
2380 2836 2495 2888 ἀλλ’
2535 2829 2629 2888 οὖν
2660 2839 2719 2886 οὗ
2759 2835 2897 2905 μετὰ
2922 2836 3092 2888 πολὺν
3122 2834 3302 2905 ἀπέϐη
3332 2834 3423 2886 τὸν
3454 2835 3674 2903 χρόνον.

2116 2930 2174 2982 '0
2201 2928 2308 2999 γὰρ
2367 2928 2445 2998 τῷ
2487 2927 2680 2981 ’ἰακὼὸ
2720 2927 3140 2996 συγξενιτεύσας
3181 2927 3333 2989 Θεὸς,
3388 2927 3484 2978 καὶ
3515 2923 3681 2977 πλού-

431 3015 576 3068 enim
615 3016 976 3084 peregrinanti
1005 3015 1171 3071 Jaeob
1203 3031 1386 3074 comes
1421 3035 1482 3075 ac
1524 3021 1813 3077 auxiliator
1839 3023 1998 3085 fuit”,

2107 3040 2222 3075 σιον
2249 3023 2371 3076 ἀντὶ
2425 3022 2655 3091 πένητος
2698 3019 3095 3091 ἐργασάμενος·
3153 3020 3247 3070 καὶ
3286 3019 3377 3070 τὸν
3409 3019 3466 3070 ἐν
3499 3018 3680 3088 ῥάϐδῳ

429 3113 594 3172 atque
621 3103 847 3160 divitem
892 3123 1225 3182 eat-paupere
1271 3109 1398 3166 fecit
1427 3131 1440 3166 :
1471 3114 1680 3184 quique
1723 3131 1872 3183 eum,
1909 3118 2002 3186 qui

440 3196 594 3265 prius
647 3198 700 3251 in
761 3199 955 3256 baculo
1005 3200 1260 3259 Jordanis
1325 3204 1526 3261 ﬂuenta
1591 3209 2000 3273 transmisisset,

436 3290 599 3344 boum
659 3294 923 3348 armentis
975 3310 1037 3349 ac
1098 3297 1355 3366 gregibus
1424 3299 1608 3352 ovium
1676 3300 2002 3369 locupletem

431 3385 692 3438 reduxit:
758 3387 875 3454 ipse
927 3387 1088 3454 plane
1141 3389 1332 3442 horum
1394 3406 1617 3460 quoque
1673 3408 1870 3461 pecora
1944 3411 2005 3448 ac

431 3475 792 3528 substantiam
847 3476 1109 3544 reliquam
1163 3478 1341 3546 palam
1391 3479 1742 3547 benedicens,
1789 3498 1856 3536 eo
1911 3499 2006 3538 au-

434 3574 654 3629 gmento
685 3563 931 3628 donavit,
987 3577 1041 3620 ut
1079 3567 1280 3621 nedum
1324 3568 1457 3621 nulli
1489 3570 1815 3626 substantiis
1859 3574 2009 3628 dete-

434 3654 610 3708 riores
658 3655 996 3716 viderentur.
1035 3673 1220 3711 verum
1256 3659 1417 3713 etiam
1453 3661 1520 3716 iis
1574 3663 1858 3734 indigenas
1899 3679 2006 3719 non

435 3759 626 3812 parum
657 3756 1002 3813 superarent.

505 3839 647 3894 Puer
676 3851 856 3894 autem
890 3844 1203 3912 Stephanus
1232 3846 1426 3915 puerili
1459 3848 1690 3904 decursa
1729 3862 1909 3917 mtate,
1946 3869 2009 3908 ac

430 3932 670 4001 juvenile
700 3933 932 4002 adeptus
981 3939 1166 4002 robur,
1199 3955 1324 3993 cum
1354 3942 1463 4009 jatn
1514 3929 1719 4013 nuptiis
1750 3955 2010 4015 opportu-

436 4043 565 4081 num
604 4029 928 4084 accessisset
976 4040 1211 4100 tempus,
1265 4033 1333 4087 ab
1381 4034 1446 4088 iis
1495 4038 1707 4091 mulieri
1757 4039 2008 4108 Euphro-

436 4119 570 4174 sina:
602 4121 821 4175 nomine
873 4124 1225 4178 matrimonio
1271 4125 1481 4180 locatur
1516 4145 1529 4180 :
1562 4127 1749 4181 eadem
1788 4130 2006 4200 quidem

435 4212 680 4265 oriunda:
727 4213 937 4281 patria,
981 4215 1284 4284 eademque.
1339 4218 1600 4271 natalium
1655 4218 2008 4290 ingenuitate.

440 4305 515 4356 lix
571 4320 634 4358 ea
682 4315 888 4373 septem
944 4306 1223 4375 Stephano
1275 4309 1528 4363 oriuntur
1573 4311 1753 4380 proles
1785 4325 1804 4365 ε·
1839 4316 2014 4380 prima

2106 3115 2376 3184 πρότερον
2409 3113 2471 3165 τὸ
2514 3112 2783 3183 Ἰορδάνου
2807 3111 3023 3184 ῥεῖθρον
3056 3109 3466 3181 περαιωθέντα,
3488 3109 3681 3176 πλήθει

2110 3205 2246 3274 βοῶν
2281 3205 2374 3257 καὶ
2402 3206 2668 3272 ποιμνίων
2694 3203 3032 3274 ὑποστρέψαι
3062 3202 3681 3267 παρασκευάσας,αὐτὸς

2108 3300 2213 3370 ἄρα
2256 3298 2349 3351 καὶ
2380 3298 2446 3350 τὰ
2474 3296 2771 3367 θρέμματα
2823 3295 3027 3350 τούτων
3094 3297 3188 3349 καὶ
3243 3299 3341 3366 τὴν
3390 3287 3560 3365 ἄλλην
3589 3295 3681 3346 οὐ-

2110 3390 2234 3443 σίαν
2272 3390 2514 3459 ἀτεχνῶς
2546 3389 2872 3459 εὐλογήσας,
2906 3390 3085 3452 οὕτως
3131 3387 3412 3442 ἐπιδοῦναι
3457 3385 3686 3454 πεποίηο

2110 3498 2226 3545 κεν,
2255 3480 2330 3542 ὡς
2371 3482 2431 3534 οὑ
2471 3483 2630 3552 μόνον
2678 3481 2882 3544 αὐτοὺς
2919 3482 3132 3543 οὐδενὸς
3174 3480 3408 3551 ὁρᾶσθαι
3451 3479 3683 3532 καταδε·

2110 3573 2372 3644 εστέρους
2443 3575 2544 3646 τὴν
2598 3573 2856 3644 ὓπαρξινο
2897 3575 3031 3628 ἀλλὰ
3080 3575 3174 3627 καὶ
3206 3574 3359 3645 παρὰ
3391 3572 3529 3626 πολὺ
3561 3572 3686 3636 τοὺς

2109 3666 2442 3736 αὐτόχθονας
2497 3668 2875 3737 ὑπερϐάλλειν.

2193 3857 2252 3908 '0
2279 3856 2336 3909 at
2372 3859 2499 3918 παῖς
2531 3856 2801 3924 Στέφανος
2857 3855 2956 3926 τὴν
3006 3851 3267 3924 παιδικὴν
3296 3852 3544 3923 ὑπερϐάς
3576 3851 3691 3922 ἡλιο

2110 3948 2258 4013 κίαν,
2288 3949 2386 4001 καὶ
2415 3947 2550 4017 πρὸς
2577 3947 2762 4018 ἀκμὴν
2792 3947 2894 4018 ήδη
2916 3947 3222 4016 ἐληλακὼς,
3256 3946 3380 3998 ἐπεὶ
3422 3945 3517 3996 καὶ
3544 3943 3684 4013 πρὶς

2111 4042 2290 4109 γάμου
2317 4039 2468 4110 ὤραν
2499 4039 2748 4108 ἀφίκετο,
2773 4039 3068 4106 ζεύγνυται
3093 4039 3223 4107 παρ’
3242 4036 3424 4090 αὐτῶν
3447 4038 3691 4103 γυναικὶ,

2116 4132 2358 4204 τοῦνομα
2402 4131 2747 4202 Εὑιρροσύνῃ,
2783 4131 2883 4200 τῆς
2923 4131 3094 4198 αὐτῆς
3152 4130 3251 4200 μὲν
3300 4128 3560 4198 πατρίδος
3594 4129 3690 4196 ὀρθ

2115 4228 2370 4297 μιυμένῃ,
2402 4225 2460 4278 εὖ
2495 4226 2552 4278 δὲ
2586 4226 2680 4278 καὶ
2705 4226 2900 4292 γένους
2928 4223 3132 4293 ὁμοίως
3163 4222 3384 4294 ἐχούσῃ·
3420 4221 3479 4284 ἐξ
3511 4216 3574 4290 ἧς
3614 4218 3692 4288 τῷ

2111 4321 2373 4390 Στεφάνῳ
2425 4318 2616 4380 παῖδες
2658 4318 2799 4371 ἑπτά
2845 4320 3109 4384 γίνονται·
3149 4310 3225 4368 ὧν
3261 4317 3287 4367 δ
3325 4315 3423 4384 μὲν
3479 4313 3693 4381 πρῶτος

436 4392 758 4450 Theodorus
795 4415 808 4450 :
839 4398 887 4450 ei
921 4399 1191 4466 proxima,
1242 4399 1408 4453 Maria
1441 4401 1584 4468 fuit;
1620 4417 1810 4472 quarta
1848 4420 1999 4473 porrc

2113 4409 2470 4478 Θεόδωρος’ή
2509 4409 2564 4461 δὲ
2608 4410 2729 4477 μετ’
2768 4410 3001 4470 ἐκεῖνον,
3046 4407 3257 4476 Μαρία·
3308 4407 3463 4475 Καλὴ
3497 4407 3553 4458 δὲ
3597 4406 3695 4458 καὶ

435 4487 565 4541 Cale
597 4490 919 4557 appellatur,
958 4502 1251 4559 manetque
1291 4494 1389 4546 ista
1422 4510 1678 4562 narrans,
1721 4497 2012 4552 hactenus-

437 4595 545 4647 quc
593 4581 912 4634 tnnnasticte
948 4583 1070 4634 vita:
1119 4587 1378 4639 rxereitia
1431 4587 1600 4641 colit:
1638 4590 1829 4658 quinta
1885 4589 2011 4659 Epi-

437 4671 694 4740 phanius,
725 4674 819 4741 qui
845 4686 898 4727 et
931 4675 1046 4743 ipse
1082 4677 1332 4730 monachi
1361 4679 1527 4732 vitam
1559 4696 1746 4750 agens,
1779 4682 2010 4752 vitasque

441 4762 709 4815 rationem
749 4763 1075 4832 professioni
1121 4779 1545 4834 consentaneam
1597 4771 1907 4835 instituens,
1941 4774 2009 4827 ad

438 4871 562 4909 eum
625 4857 922 4926 migravit,
1002 4877 1163 4929 quem
1227 4861 1534 4917 dilexisset.
1596 4864 1724 4920 Dua:
1785 4867 2011 4936 reliqua:

516 4999 698 5053 Ῥείη.
733 5015 896 5063 xxxv,
931 5001 984 5055 Ἰ.
1059 5004 1080 5034 ³
1106 5001 1242 5058 Gen.
1281 5020 1447 5067 xxxn,
1484 5006 1567 5059 1-0.

2114 4502 2147 4568 ἡ
2177 4501 2413 4570 τετάρτη
2444 4500 2716 4562 καλεῖται,
2751 4501 2786 4569 ἢ
2819 4499 2914 4552 καὶ
2943 4498 3116 4552 ταῦτα
3152 4498 3306 4566 μένει
3328 4497 3692 4567 διηγουμένη,

2119 4597 2214 4649 καὶ
2282 4595 2596 4666 μοναχικῶν
2657 4597 2738 4658 εἰς
2763 4596 2842 4647 ἔτι
2913 4593 3258 4662 ἐπιμελεῖται
3329 4592 3693 4659 σκαμμάτων·

2130 4688 2442 4756 Ἐπιφάνιος
2464 4687 2520 4740 δὲ
2550 4690 2576 4741 ὁ
2603 4687 2876 4757 πέμπτος,
2905 4686 2964 4748 ὃς
2995 4686 3087 4739 καὶ
3122 4686 3287 4742 αὐτὸς
3330 4683 3421 4736 τὸν
3480 4683 3692 4752 μονήρη

2121 4779 2236 4848 βίον
2303 4779 2576 4846 ὑπελθὼν,
2635 4779 2732 4832 καὶ
2801 4779 3134 4850 συνᾴδουσαν
3184 4777 3262 4847 τῷ
3317 4775 3697 4844 ὲπαγγέλματι

2120 4872 2396 4940 μετελθὼν
2437 4870 2741 4936 πολιτείαν,
2778 4871 2984 4941 μετέϐη
3019 4870 3156 4941 πρὸς
3196 4869 3257 4923 ὃν
3287 4869 3566 4940 ἠγάπησε.
3617 4864 3699 4918 Τά

1712 5118 1816 5178 Fr.
1849 5119 2209 5182 Cumbcﬁsii
2247 5131 2428 5184 unite.

515 5269 591 5338 (I)
625 5271 782 5324 Auris
817 5271 1168 5323 commodum.
1207 5269 1366 5323 Velut
1401 5273 1636 5341 propitio
1665 5271 1831 5325 Marte
1864 5282 2018 5324 uten-

443 5349 580 5412 tem,
610 5359 709 5395 ure
741 5344 863 5398 ullis
895 5343 1068 5396 ventis
1098 5342 1419 5396 szevioribus
1461 5344 1750 5412 agitatum.
1788 5341 1900 5395 Vox
1937 5352 2017 5395 est

450 5409 584 5463 nihil
645 5414 780 5466 dura
845 5422 938 5466 aut
1003 5413 1394 5476 iucmnmoda,
1457 5409 1558 5465 etsi
1624 5411 2019 5480 lexirographis

451 5482 656 5551 nostris
703 5483 971 5551 ignorata.
1027 5481 1161 5537 llinc
1213 5483 1351 5535 forte
1399 5498 1594 5535 nomen
1652 5482 1869 5550 Bal/iga,
1921 5497 2016 5534 seu

449 5548 770 5618 profundunt
837 5553 1068 5607 accessit
1120 5571 1132 5606 :
1185 5569 1294 5621 quo
1363 5561 1470 5605 tuta
1525 5570 1552 5602 a
1608 5548 2017 5612 ventis—statio,

454 5628 768 5691 protegente
805 5633 986 5675 tnnnte
1025 5622 1210 5691 aliquo
1251 5633 1344 5676 aut
1386 5624 1546 5683 colle,
1579 5635 1634 5676 ut
1667 5624 1717 5675 in
1749 5622 2018 5690 ejusmodi

451 5690 670 5755 accidit,
725 5690 1143 5760 signiﬁcaretur.
1191 5693 1304 5746 Non
1343 5703 1420 5748 est
1473 5694 1611 5748 idem
1652 5694 1822 5758 locus,
1858 5708 2018 5761 quem

2124 5271 2359 5328 Orlelius
2391 5274 2472 5326 vel
2502 5289 2564 5328 ex
2597 5272 2782 5328 Niceta
2813 5270 2986 5340 ponit.
3019 5269 3101 5323 vel
3129 5284 3192 5322 ex
3225 5267 3371 5340 aliis.

2197 5344 2274 5408 l2)
2305 5344 2610 5396 (Iustorinm
2660 5336 2887 5397 nomine.
2937 5341 3184 5402 Videtur,
3231 5339 3376 5406 quod
3410 5336 3701 5391 Castaldus

2127 5413 2279 5480 ponit
2315 5414 2367 5464 in
2408 5415 2586 5466 tabula
2623 5415 2861 5468 Grzecizr.
2899 5413 3086 5488 _llabet
3135 5421 3360 5488 auctor,_
3395 5409 3541 5488 h_uu_e_
3581 5423 3700 5487 mo-

2127 5479 2253 5535 dum
2304 5493 2496 5537 auctos
2545 5485 2844 5537 substantia
2899 5483 3058 5536 Luca:
3105 5491 3265 5541 avos”,
3313 5481 3380 5530 ab
3432 5479 3703 5544 indigenis

2127 5569 2317 5622 passos
2358 5553 2639 5628 invidiam,
2674 5567 2990 5628 ae_co:u:_tos
3029 5553 3190 5628 adire.
3224 5551 3637 5628 imperatorem,
3661 5562 3705 5628 _a

2125 5639 2236 5692 quo
2270 5625 2572 5693 impetratis
2609 5624 2820 5686 litteris,
2875 5625 3130 5689 deinceps
3181 5622 3232 5675 in
3289 5635 3420 5689 pace
3469 5622 3698 5688 egerint.
