4088 6208
381 274 482 331 4ὶῖ
999 269 1003 272 ’
1507 276 1680 337 VITA
1724 278 1782 336 S.
1812 277 2030 336 LUCJ‘I
2070 279 2456 342 JUNIORIS.

3515 277 3622 338 4-16

383 388 567 456 μέιτοι
596 387 763 454 ἔτερα
787 385 880 437 δύο
909 386 1018 436 τῶν
1041 385 1268 447 τέκνων,
1303 385 1456 438 οῦπω
1480 387 1578 456 τὴν
1603 388 1783 458 ἄωρον
1806 403 1948 456 παρ-

2058 394 2256 460 prulcs,
2290 410 2412 446 cum
2445 395 2675 446 nec-lum
2721 394 3066 454 immaturam
3097 399 3308 445 artatetn
3340 393 3624 446 tnaturiori

380 481 697 544 aniﬁzwz
758 478 1003 547 ἡλικίαν,
1036 479 1128 529 τὸν
1163 478 1290 547 τῇδε
1328 478 1444 544 βίον
1483 480 1845 547 μετήλλαξαν.
1891 483 1978 538 '0‘

378 573 434 624 δὲ
469 571 654 640 τρίτος
679 571 907 633 ἐκεῖνος,
939 563 1094 631 οὗτός
1125 571 1274 622 ἐστιν
1298 570 1327 622 ὁ
1355 570 1634 635 θειότατος
1667 573 1736 626 τὰ
1772 574 1950 629 πάντα

380 667 622 726 Λουκᾶς.

453 756 524 808 To
563 756 619 808 δὲ
645 755 852 818 λοιπὸν,
880 755 1020 824 ἔρως
1046 756 1214 808 αὐτὸν
1239 756 1267 807 ὁ
1295 755 1430 809 Θεοῦ
1462 757 1559 808 καὶ
1593 758 1689 824 τῆς
1719 759 1953 829 ἡσυχίας

382 845 755 912 αὖθιςκὲλὼν,
803 846 1192 917 παρεσκεύασε
1259 849 1478 902 πάντων
1541 850 1953 919 ἐπιλαθόμενον,

380 938 544 991 αὑτοῦ
583 940 745 1007 μόνου
780 939 1058 1005 γενέσθαιο
1109 939 1206 991 καὶ
1247 942 1348 1010 τῆς
1386 941 1594 1010 μητρὸς
1641 934 1769 1011 ᾶρῇ
1818 945 1956 1013 πρὸς

377 1032 538 1083 τοῦτο
571 1030 644 1100 μὴ
681 1031 1061 1099 ἁντειπιύσης,
1114 1031 1528 1102 καταλαμϐάνει
1557 1033 1618 1086 τὸ
1645 1033 1958 1105 προρρηθὲν

379 1121 505 1188 δῳς
545 1122 740 1183 ἐκεῖνο,
795 1120 824 1172 ὃ
859 1121 1009 1190 παρὰ
1040 1122 1148 1174 τῶν
1185 1121 1469 1192 ἐγχωρίων
1515 1123 1813 1192 ἀγροίκως,
1863 1121 1926 1174 οῦ

379 1231 510 1275 τως,
562 1211 878 1276 ’ῐωάννιτζα
923 1213 1287 1281 καλούμενον·
1320 1209 1382 1268 οὗ
1415 1215 1476 1267 τὸ
1505 1216 1642 1284 πρὸς
1673 1214 1957 1268 θάλασσαν

382 1305 551 1376 μέρος
599 1305 928 1376 περιελθὼν,
971 1303 1097 1359 ἔνθα
1133 1308 1229 1359 καὶ
1273 1305 1442 1376 σηκὸς
1483 1307 1594 1359 τῶν
1624 1307 1956 1375 Θαυμαστῶν

381 1395 732 1462 αύταδέλφων
780 1397 995 1465 Κωσμᾶ
1029 1398 1124 1448 καὶ
1173 1397 1470 1467 Δαμιανοῦ·
1527 1399 1585 1452 ὲν
1635 1401 1817 1469 τούτῳ
1858 1399 1960 1469 τὴν

378 1487 688 1557 ἀσκητικὴν
738 1489 900 1550 αὐτὸς
954 1490 1163 1558 σκηνὴν
1205 1491 1644 1558 καταπήγνυσιν.
1696 1491 1858 1552 Οἴους
1900 1491 1958 1544 δὲ

380 1580 508 1637 τοὺς
539 1579 756 1645 ἀγῶνας
793 1580 889 1633 καὶ
933 1581 1061 1641 τοὺς
1103 1582 1301 1643 πόνους
1355 1583 1490 1644 ἐκεῖ,
1557 1585 1651 1634 καὶ
1675 1583 1774 1651 τὴν
1819 1582 1958 1652 πρὸς

379 1670 626 1734 γαστέρα
683 1669 774 1721 καὶ
805 1668 972 1720 ὕπνον
1001 1670 1301 1740 διαμάχην,
1334 1671 1537 1739 μᾶλλον
1567 1672 1624 1723 δὲ
1657 1673 1793 1737 πρὸς
1827 1672 1956 1736 τοὺς

377 1850 610 1914 δείξατο,
643 1849 768 1903 οὗτε
791 1852 972 1920 λέγειν
994 1852 1238 1921 ἀκριϐῶς
1264 1854 1514 1917 δυνατὸν,
1540 1853 1662 1906 οὔτε
1691 1854 1960 1922 λεγόντων

380 1941 688 2008 ἀμφίλογος
751 1941 866 2014 [Im
905 1943 1294 2015 ἁναμφίὸολος]
1351 1947 1710 2016 ἀκολουθήσει
1746 1948 1956 2010 πίστις,

377 2033 466 2087 διὰ
497 2036 598 2104 τὴν
627 2022 939 2107 ὑπερϐολὴν
971 2038 1068 2090 τοῦ
1101 2039 1454 2107 πράγματος.

471 2126 622 2178 Ἐπεὶ
656 2127 711 2178 δὲ
773 2129 869 2180 καὶ
896 2129 994 2196 τῆς
1044 2127 1140 2180 τοῦ
1189 2130 1336 2182 θείου
1386 2131 1480 2184 καὶ
1531 2131 1771 2202 μεγάλου
1825 2134 1958 2203 σχή-

384 2235 556 2289 ματος
586 2222 937 2289 τελειωτικῆς
967 2223 1190 2291 χάριτος
1243 2223 1440 2277 οὔποτε
1484 2225 1803 2295 τετυχηκὼς
1850 2222 1953 2296 ἦν,

380 2314 476 2366 καὶ
515 2313 716 2382 πολλὴν
751 2313 940 2366 ὤδινεν
987 2315 1152 2368 αὑτοῦ
1182 2315 1280 2383 τὴν
1319 2315 1640 2385 ἐπιθυμίαν·
1685 2317 1953 2383 ἀξιοῦται,

382 2405 474 2456 καὶ
513 2404 704 2457 τούτου
739 2405 882 2457 κατὰ
911 2405 1008 2475 τὴν
1035 2406 1128 2458 τοῦ
1166 2407 1380 2473 ἀγαθοῦ
1416 2409 1695 2477 πρόνοιαν.
1748 2409 1958 2474 Ἀξιοῦ-

380 2514 472 2546 ται
510 2495 566 2547 δὲ
598 2495 792 2557 οὕτως.
824 2497 1068 2566 Μοναχοὶ
1092 2497 1185 2549 δύο
1230 2497 1394 2567 πολιᾷ
1433 2499 1803 2567 κοσμούμενοι
1853 2502 1956 2569 γή-

384 2603 514 2653 ρως,
541 2587 709 2656 ἀρετῇ
734 2588 790 2639 δὲ
819 2587 1020 2656 μᾶλλον
1037 2587 1372 2658 κοσμοῦντες
1393 2590 1486 2642 καὶ
1507 2589 1604 2658 τὴν
1623 2589 1832 2650 πολιὰν,
1856 2590 1955 2658 τήν

383 2679 526 2749 πρὸς
557 2680 658 2747 τὴν
680 2681 1063 2750 πρεσῦυτέραν
1105 2680 1324 2750 Ῥώμην
1359 2682 1586 2749 πορείαν
1615 2680 1952 2750 ποιούμενοι,

383 2770 573 2841 ὥσπερ
603 2771 662 2839 ἐξ
684 2774 987 2842 ἀποστολῆς
1016 2791 1181 2837 τινος,
1217 2773 1398 2837 καλῶς
1424 2791 1480 2826 τε
1501 2775 1592 2828 καὶ
1616 2776 1954 2845 φιλοφρόνως

385 2861 624 2928 ξενίσας,
660 2861 780 2918 εἶτα
817 2867 910 2918 καὶ
962 2867 1029 2918 τὰ
1083 2867 1182 2936 τῆς
1237 2865 1463 2936 γνώμης
1525 2868 1824 2930 κοινοῦται,
1858 2870 1956 2921 καὶ

379 2955 503 3008 λίαν
523 2959 650 3026 περὶ
687 2938 782 3010 τοῦ
812 2962 1138 3028 πράγματος
1167 2959 1386 3026 Θερμῶς
1426 2959 1590 3022 ἀξιοῖ.
1631 2960 1696 3012 0i
1729 2960 1804 3020 δὲ,
1859 2960 1955 3012 καὶ

2058 495 2382 543 mutassent.
2432 486 2632 538 hancce
2685 492 3087 538 commutantes
3137 482 3324 543 vitam,
3368 483 3624 539 humanis

2054 583 2427 628 excesserint.
2484 575 2663 628 Tertia
2719 574 2975 644 denique,
3026 573 3112 626 hic
3160 573 3246 626 ille
3301 588 3398 641 per
3443 574 3623 628 omnia

2055 667 2438 721 divinissimus
2472 667 2647 721 Lucas
2677 677 2781 720 est.
3484 675 3491 682 ’

2129 759 2264 813 Cum
2301 761 2517 812 tandem
2543 775 2670 811 vero
2699 758 2788 812 Dei
2825 773 2888 811 ac
2922 757 3120 824 quietis
3153 759 3380 822 repetito
3407 755 3638 824 rapiens

2056 866 2235 911 arnor,
2265 851 2528 905 omnibus-
2550 851 2812 904 obtiviuni
2850 851 3085 914 traditis,
3115 850 3234 916 eius
3261 851 3422 902 unius
3456 858 3626 901 totum

2057 942 2193 1006 fieri,
2239 942 2509 996 eﬂ‘eeisset
2544 982 2558 1004 ,
2620 958 2718 996 nec
2753 943 2865 1011 jam
2925 952 3116 1002 mater.
3177 943 3252 993 rei
3291 941 3632 993 contradice-

2057 1045 2137 1086 ret
2171 1033 2272 1101 t3),
2301 1035 2366 1086 ad
2393 1043 2633 1087 montem
2670 1036 2976 1102 praefatum,
3003 1047 3164 1101 quem
3200 1031 3302 1084 loci
3337 1031 3628 1085 incolmsie

2059 1125 2339 1179 rusticana
2394 1139 2526 1178 voce
2566 1125 2856 1178 Joannitza
2901 1125 3167 1182 vocitant.
3217 1138 3336 1178 sese
3369 1124 3626 1186 confert;

2056 1217 2284 1286 ejusque
2335 1229 2566 1287 partem,
2593 1234 2696 1286 qua
2735 1219 2953 1286 respicit
2999 1233 3166 1278 mare,
3206 1218 3472 1282 lustrans,
3535 1218 3626 1270 ubi

2055 1310 2218 1362 etiam
2266 1310 2505 1378 germani
2540 1309 2736 1363 fratres
2783 1309 3011 1364 Cusmas
3059 1318 3111 1362 et
3147 1308 3444 1361 Damianus
3470 1308 3624 1361 delu-

2058 1401 2216 1455 brum
2256 1401 2479 1466 habent,
2510 1401 2564 1454 in
2593 1417 2658 1456 eo
2685 1400 2997 1454 monasticae
3022 1399 3426 1453 exercitationis
3449 1399 3628 1452 taber-

2058 1492 2312 1546 naculmn
2348 1491 2482 1545 ﬁxit.
2534 1491 2724 1556 Qualia
2777 1505 2907 1544 vero
2942 1505 3008 1544 ac
3045 1499 3248 1558 quanta
3299 1488 3410 1542 illic
3457 1497 3631 1542 certa-

2055 1583 2244 1645 mina,
2305 1582 2630 1652 laboresque
2704 1597 2805 1636 nec
2877 1597 2984 1634 non
3057 1596 3296 1649 pugnam
3371 1578 3632 1633 adversus

2057 1687 2306 1729 ventrem
2335 1691 2398 1729 ac
2420 1689 2700 1738 somnum,
2764 1689 2860 1729 seu
2919 1675 3093 1742 magis
3145 1676 3408 1725 adversus
3455 1685 3632 1724 sa‘vos

378 1759 444 1809 δι’
481 1757 660 1810 αὐτῶν
694 1757 1070 1828 πολεμοῦντας
1099 1761 1246 1829 ἡμᾶς
1278 1761 1502 1823 σκαιοὺς
1531 1761 1796 1832 δαίμονας
1827 1766 1951 1816 ἐπε-

2062 1770 2334 1822 dzcmones
2368 1784 2460 1836 per
2484 1784 2545 1820 ea
2576 1785 2674 1821 nos
2720 1769 3126 1835 impugnantes,
3164 1763 3495 1828 exhibuerit,
3530 1779 3626 1815 ne-

2058 1877 2166 1930 que
2218 1861 2342 1928 quis
2404 1861 2636 1913 dicendo
2682 1859 2897 1928 assequi
2949 1858 3146 1927 possit,
3175 1871 3274 1910 nec
3323 1856 3632 1909 dicentibus

2058 1951 2360 2005 indubitata
2422 1952 2555 2004 fides
2608 1952 2677 2003 ob
2755 1949 2831 2004 rei
2921 1947 3369 2017 exsuperantiam
3469 1960 3632 2000 secu-

2056 2053 2178 2097 tura
2227 2043 2316 2098 sit.

2127 2134 2267 2200 Quia
2326 2149 2458 2186 vero
2515 2132 2745 2186 necdum
2792 2131 2960 2185 divini
3011 2147 3076 2185 ac
3123 2129 3350 2198 maioris
3411 2130 3633 2183 habitus

2057 2235 2531 2280 consummantem
2597 2223 2825 2291 gratiam
2883 2232 3214 2276 consecutus
3264 2229 3404 2282 erat,
3461 2221 3633 2290 pluri-

2059 2332 2321 2384 mumque
2355 2316 2476 2385 ejus
2511 2315 2846 2369 desiderium
2882 2315 3240 2384 parturichat,
3277 2313 3370 2368 Dei
3413 2315 3631 2367 tandem

2061 2407 2424 2476 providentia,
2473 2421 2594 2475 qua:
2639 2407 2757 2473 ejus
2808 2406 3022 2460 bonitas
3066 2415 3170 2469 est,
3214 2405 3442 2459 obtinet.
3481 2404 3635 2458 Hune

2058 2509 2240 2554 autem
2274 2517 2360 2554 res
2389 2499 2608 2553 modum
2639 2500 2849 2552 habuit.
2887 2499 3137 2553 Munachi
3170 2500 3277 2553 duo
3308 2499 3444 2553 senii
3480 2499 3633 2552 cauis

2056 2594 2258 2655 ornati,
2285 2593 2415 2661 quin
2449 2593 2630 2661 potius
2671 2601 2931 2645 ornantes
2978 2600 3031 2644 et
3075 2591 3177 2660 ipsi
3211 2592 3412 2645 virtute
3445 2606 3632 2653 canus,

2057 2685 2334 2738 seniorem
2359 2683 2590 2738 Romam
2623 2683 2857 2752 quadam
2885 2683 3032 2736 velut
3057 2683 3324 2751 legatione
3353 2683 3632 2752 petebant.

2058 2776 2107 2830 Is
2154 2777 2245 2830 ubi
2307 2776 2440 2830 bene
2494 2791 2558 2830 ac
2613 2775 2922 2829 humaniter
3008 2775 3248 2844 hospitio
3301 2775 3626 2844 excepisset.

2057 2871 2466 2923 communicato
2521 2871 2869 2938 postmodum
2922 2869 3186 2934 consilio,
3238 2870 3344 2921 voti
3406 2881 3631 2936 compos

2059 2962 2174 3016 fieri
2211 2963 2427 3016 enixius
2455 2963 2712 3031 postulat.
2749 2962 2828 3016 llli
2870 2978 3016 3024 vero,
3050 2950 3248 3031 quippe
3273 2962 3364 3030 qui
3404 2968 3630 3015 nossent

378 3049 489 3116 γὰρ
527 3049 679 3112 ἄξιον
707 3050 807 3120 τῆς
853 3049 1046 3102 τούτου
1081 3051 1348 3119 ὑποδοχῆς
1394 3051 1455 3103 τὸ
1502 3051 1695 3113 σκεῦος
1742 3051 1951 3122 ἑώρων,

2060 3057 2283 3122 dignum
2317 3067 2438 3108 esse
2477 3070 2572 3106 vas
2597 3055 2736 3122 quod
2787 3054 3108 3121 susciperet,
3144 3054 3279 3106 nihil
3310 3060 3630 3115 morantur;

377 3140 530 3191 οὐδὲν
559 3139 810 3208 ἔμελλον,
843 3140 976 3193 ἀλλὰ
1005 3140 1074 3192 τὰ
1122 3143 1493 3210 νενομισμένα
1527 3144 1667 3194 κατὰ
1717 3142 1954 3212 σπουδὴν

377 3233 466 3285 ἐπ’
522 3231 674 3300 αύτῷ
720 3233 1042 3302 δράσαντες,
1093 3235 1154 3284 τὸ
1209 3233 1570 3286 ἁποστολικὸν
1641 3235 1806 3287 αύτὶν
1860 3236 1955 3288 καὶ

381 3323 658 3392 μακάριον
691 3324 938 3377 ἐνδύουσι
968 3325 1176 3392 σχῆμαο
1215 3323 1308 3375 καὶ
1353 3327 1452 3392 τῆς
1504 3325 1699 3394 στενῆς
1750 3344 1808 3378 τε
1860 3326 1954 3378 καὶ

378 3417 750 3486 τεθλιμμένης
807 3399 949 3480 ὀδοῦ,
987 3418 1163 3469 εῖτουν
1213 3417 1310 3484 τῆς
1369 3417 1504 3485 πρὸς
1556 3417 1703 3488 ζωὴν
1754 3418 1953 3487 φερού-

381 3528 502 3580 σης,
546 3511 614 3562 τὰ
668 3509 921 3577 σύμϐολα
969 3509 1381 3578 περιϐάλλουσν
1438 3511 1641 3574 μᾶλλον
1672 3512 1747 3570 δὲ,
1778 3511 1808 3563 ὃ
1838 3515 1952 3574 τοῖς

380 3602 559 3670 ἔργοις
593 3604 801 3662 ἐκεῖνος
832 3602 1098 3670 πρότερον
1130 3598 1220 3672 ἦν,
1250 3602 1410 3654 τοῦτο
1452 3603 1518 3672 δὴ
1573 3604 1665 3655 καὶ
1711 3603 1801 3656 διὰ
1853 3603 1948 3656 τοῦ

378 3696 658 3764 σχήματος
692 3694 1028 3747 δεικνύουσιν
1061 3694 1188 3747 ῦστε
1201 3713 1314 3762 ρον.

459 3787 600 3838 Ἀλλ’
628 3787 658 3838 ὃ
690 3788 782 3839 καὶ
814 3788 942 3858 περὶ
971 3788 1098 3848 τοὺς
1123 3788 1216 3840 τοῦ
1246 3787 1478 3854 εύαγοῦς
1526 3788 1722 3842 τούτου
1772 3792 1950 3860 πράγ-

381 3895 551 3946 ματος
572 3880 1006 3949 τελεσιουργοὺς,
1044 3881 1171 3943 τοὺς
1205 3883 1478 3949 μοναχοὺς
1518 3881 1686 3948 λέγω,
1729 3883 1946 3951 θαυμα-

375 3972 714 4040 τουργεῖταιί
741 3970 898 4034 λέξω.
942 3971 1247 4042 Ἔστρεφον
1281 3971 1382 4040 μὲν
1410 3972 1520 4042 γὰρ
1553 3973 1778 4025 ἐκεῖνοι·
1807 3973 1944 4024 ἀλλὰ

450 4086 684 4141 ³Μειιιιι.
725 4103 819 4150 vn,
859 4087 946 4173 id.

2057 3147 2152 3200 sed
2212 3147 2447 3216 legitima
2491 3146 2673 3198 omnia
2737 3145 2879 3198 circa
2937 3144 3112 3213 ipsum
3175 3159 3406 3212 propere
3462 3157 3625 3197 exse-

2053 3248 2306 3308 quentes,
2338 3237 2697 3307 apostolicum
2729 3250 2792 3288 ac
2820 3237 3034 3289 beatum
3081 3235 3326 3288 habitum
3360 3235 3628 3299 induunt;
3681 3299 3685 3302 ι

2053 3339 2326 3398 arcusque
2355 3345 2418 3383 ac
2441 3342 2688 3399 angusra:
2719 3330 2841 3392 viae,
2873 3330 2994 3397 ejus
3039 3327 3294 3381 nimirum
3326 3342 3451 3396 quae
3481 3327 3630 3380 ducit

2052 3421 2118 3474 ad
2152 3420 2316 3474 vitam
2345 3419 2388 3482 ⁵,
2422 3419 2666 3490 symbola
2722 3419 3044 3487 imponunt,
3098 3432 3194 3471 seu
3245 3416 3444 3485 potius,
3483 3415 3625 3484 quod

2059 3513 2149 3567 ille
2179 3513 2288 3581 jam
2319 3511 2472 3580 prius
2518 3512 2696 3580 reipsa
2728 3519 2866 3574 erat,
2903 3510 3008 3563 hoc
3048 3524 3172 3562 eum
3223 3507 3298 3561 illi
3329 3523 3396 3562 ex
3439 3505 3625 3561 habitu

2060 3619 2281 3674 quoque
2304 3602 2650 3673 postmodum
2687 3603 3002 3658 ostendunt.

2128 3788 2417 3842 Enimvero
2477 3801 2576 3840 nec
2623 3787 2766 3855 quod
2824 3786 2870 3840 is
2921 3785 3188 3839 miraculo
3258 3784 3403 3839 circa
3456 3799 3628 3839 sacrae

2053 3879 2222 3948 hujus
2245 3880 2321 3932 rei
2357 3887 2832 3933 consummatores
2871 3878 3172 3932 monachos
3205 3876 3390 3944 eﬂicit,
3427 3877 3621 3957 silebo.

2056 3969 2490 4025 ltevertebantur
2537 3969 2658 4036 illi;
2719 3969 2966 4038 exceptis
3011 3978 3193 4023 autem
3251 3969 3627 4033 necessariis,
3702 3986 3706 3991 ‘

1649 4181 1750 4242 Fr.
1795 4179 2151 4242 Combeﬁsii
2185 4187 2367 4240 notae;

449 4304 526 4373 (3i
562 4302 671 4356 Nec
714 4302 829 4369 jam
866 4313 1033 4356 mater
1091 4305 1167 4357 rei
1199 4305 1600 4358 cmttmdiceret.
1630 4303 1800 4358 Omisi
1852 4304 1940 4357 illa

2051 4302 2441 4369 perstringere.
2494 4300 2583 4354 Sic
2612 4314 2741 4369 ergo
2775 4309 3048 4359 reversus.
3108 4314 3208 4354 nec
3232 4337 3247 4361 .
3284 4309 3344 4354 ut
3385 4300 3627 4362 videtur.

383 4370 588 4436 omnia,
617 4390 739 4433 mue
765 4375 828 4425 ad
860 4374 1019 4428 Lucae
1053 4375 1345 4441 primordia
1377 4385 1643 4441 Spectant,
1673 4374 1725 4427 in
1753 4376 1952 4442 quibus
1989 4379 2029 4432 Ι)
2061 4372 2248 4425 habitu
2279 4371 2584 4442 monastico
2607 4382 2825 4442 exutus,
2855 4370 2942 4424 ubi
2975 4379 3187 4442 tempus
3215 4370 3430 4442 aliquod
3461 4375 3627 4427 matri

381 4454 602 4507 auctor,
635 4443 856 4511 jejuniis
903 4459 952 4496 Iv
994 4460 1058 4497 ac
1088 4459 1141 4499 vt
1185 4443 1350 4501 feria}.
1382 4445 1666 4498 Nicolaum
1697 4443 1949 4509 exhibet;

385 4516 582 4581 pietate
618 4513 670 4583 in
707 4529 1004 4581 pauperes.
1049 4515 1224 4567 nudos
1247 4549 1265 4578 ,
1317 4516 1652 4583 peregrinos,
1707 4514 1954 4568 Abraha-

383 4601 554 4648 mum,
616 4582 929 4648 Martinum,
983 4582 1375 4638 Franciscuut:
1419 4583 1486 4638 Ut
1533 4586 1657 4638 item
1716 4585 1950 4651 primum

384 4655 594 4715 fugiens
629 4655 682 4705 in
717 4654 1050 4706 'l’bessaliatn
1084 4653 1541 4707 :mimoimluendi
1583 4653 1950 4716 monachum,

383 4735 637 4791 tanquam
693 4739 884 4776 servus
934 4740 996 4776 ac.
1028 4723 1285 4788 fugitivus
1315 4740 1344 4776 a
1384 4723 1646 4778 militibus
1677 4725 1952 4791 praesidia-

381 4796 478 4846 riis
511 4803 704 4861 captus
731 4833 745 4854 ,
778 4809 840 4846 ac
874 4793 1194 4848 verberibus
1243 4809 1416 4847 caesus
1439 4834 1452 4851 .
1487 4794 1707 4860 agnitus
1735 4794 1948 4847 tandem

379 4863 443 4915 ad
477 4879 607 4916 suos
637 4863 901 4916 remissus
937 4864 1030 4916 sit.
1068 4863 1140 4918 Ut
1183 4863 1344 4916 etiam
1372 4902 1388 4922 .
1415 4863 1628 4917 duobus
1659 4879 1715 4918 se
1755 4878 1950 4915 mona-

379 4933 494 4984 chis
516 4931 684 4985 Roma
707 4933 1076 4996 redeuntibus,
1097 4949 1160 4986 ac
1175 4935 1478 5000 petentibus
1497 4933 1948 5002 Hierosolymam,

380 5003 637 5055 comitem
685 5004 896 5056 dederit
945 5005 1204 5056 mentitus
1253 5003 1335 5055 sui
1368 5004 1589 5056 omnino
1619 5003 1760 5071 juris
1785 5017 1907 5056 esse
1931 5043 1946 5064 ,

380 5088 485 5140 qua
510 5075 674 5125 etiam
703 5073 911 5135 fraude,
932 5087 993 5126 ac
1018 5083 1205 5127 tacens
1232 5072 1429 5126 habere
1449 5081 1674 5126 matrem
1707 5072 1944 5135 viduam,

381 5143 688 5198 monastico
731 5143 915 5196 habitu
973 5143 1202 5196 Athenis
1251 5143 1482 5198 donatus
1537 5142 1626 5205 sit,
1667 5158 1788 5196 cum
1820 5157 1943 5196 eum

380 5214 650 5279 comites,
709 5213 924 5266 cuidam
983 5213 1092 5267 illic
1145 5213 1438 5280 νηοί)οείιο
1495 5212 1945 5268 commendantes

383 5299 406 5333 r
443 5282 757 5349 quuissent,
790 5283 892 5336 iter
926 5291 1161 5350 coeptum
1193 5283 1552 5349 prosecuturi.
1586 5280 1656 5336 Ut
1684 5282 1943 5352 denique,

381 5363 552 5407 matre
588 5355 726 5422 apud
766 5353 932 5405 Deum
963 5353 1376 5420 interpellante.
1413 5370 1478 5408 ac
1511 5369 1604 5421 per
1633 5353 1809 5407 visum
1841 5368 1944 5407 sa:-

378 5425 500 5486 pius
561 5441 588 5475 a
649 5423 937 5491 praeposito
996 5422 1164 5474 lilium
1237 5433 1556 5490 repetente,
1614 5423 1944 5476 monasterio

373 5493 581 5555 eiectus
606 5495 698 5550 sit.
718 5503 770 5547 et
802 5493 864 5547 ad
895 5509 1013 5546 eam
1040 5491 1303 5546 remissus
1327 5511 1340 5544 :
1367 5497 1554 5548 eodem
1587 5494 1942 5546 nihilominus

375 5565 736 5628 cruci-dente,
783 5573 842 5617 ut
891 5563 943 5616 iu
985 5561 1164 5615 vicino
1217 5563 1402 5630 aliquo
1449 5573 1662 5626 monte,
1712 5580 1776 5616 ac
1824 5563 1943 5616 loco

378 5635 666 5687 emunodo
721 5635 951 5687 seorsim
1006 5633 1120 5700 ipse
1170 5635 1456 5686 aseeticam
1509 5634 1687 5687 colere
1738 5642 1938 5700 posset.

379 5705 542 5756 liram
580 5707 691 5758 hzec
731 5705 906 5773 plutes
941 5705 1225 5774 tmpletut'a
1269 5704 1489 5772 paginas
1512 5744 1524 5768 ,
1561 5705 1833 5774 tnaluique
1867 5705 1941 5756 ita

2060 4442 2360 4495 obsecutus
2410 4441 2632 4501 fuisset,
2689 4440 2865 4508 priora
2923 4441 3139 4493 tandem
3193 4440 3489 4504 exercitia,
3525 4457 3622 4495 an-

2059 4522 2277 4571 nuente,
2318 4512 2533 4579 repetit,
2567 4527 2630 4563 ae
2646 4509 2790 4564 serio
2822 4509 3148 4563 monachum
3184 4524 3342 4579 agere
3368 4510 3628 4572 instituit,

2057 4581 2286 4636 Donavit
2341 4583 2431 4635 ille
2484 4580 2707 4633 Athenis
2760 4581 3126 4649 przepositus,
3182 4580 3357 4647 inquit
3404 4592 3620 4649 auctor,

2055 4652 2191 4714 τέως
2224 4651 2378 4719 γοῦν.
2414 4651 2475 4703 τὸ
2503 4650 2613 4703 τῶν
2650 4647 3050 4719 εἰσαγομένων.
3082 4648 3110 4701 ὃ
3151 4651 3247 4702 καὶ
3290 4651 3490 4719 μικρὸν
3514 4647 3623 4704 οἶδε

2055 4721 2241 4774 καλεῖν
2268 4725 2299 4788 ἡ
2335 4721 2629 4788 συνήθειαι
2660 4719 2914 4773 hactenus
2947 4720 3177 4789 quidem,
3229 4736 3407 4773 eurum
3441 4721 3625 4775 habitu

2053 4792 2141 4860 qui
2169 4792 2600 4852 introducantur,
2633 4805 2698 4843 ac
2719 4806 2816 4844 ceu
2855 4801 3105 4857 tyronutn
3170 4805 3234 4843 ac
3267 4790 3625 4860 novitiorum,

2053 4859 2206 4928 quem
2247 4862 2566 4914 consuetudo
2613 4869 2688 4913 est
2740 4860 3006 4927 appellare
3056 4875 3276 4928 parvum
3339 4859 3618 4915 habitum:

2053 4931 2314 4998 majorem
2354 4933 2442 4984 diu
2489 4939 2672 4998 postea
2705 4931 2932 4998 accepit,
2983 4944 3011 4982 a
3058 4929 3273 4982 duobus
3317 4930 3624 4983 senioribus

2053 5003 2338 5055 monachis
2372 5001 2599 5052 liumam
2656 5002 2782 5052 item
2820 5001 2886 5053 ad
2935 5008 3082 5053 certa
3114 4999 3362 5068 quaedam
3405 4999 3622 5064 negotia

2052 5071 2538 5137 proficiscentibus.
2586 5069 2856 5136 lteprobat
2893 5067 3148 5138 magnum
3181 5071 3446 5131 habitum,
3479 5067 3615 5138 San-

2051 5150 2171 5196 ctus
2203 5143 2523 5197 Theodorus
2570 5141 2780 5193 Studita
2813 5143 2867 5193 in
2899 5137 3005 5194 suo
3040 5146 3388 5202 testamento,
3425 5147 3482 5191 ut
3516 5137 3618 5190 Pa-

2052 5219 2194 5281 trum
2253 5212 2453 5281 regulis
2498 5214 2811 5281 adversum,
2848 5226 2911 5264 ac
2969 5221 3078 5262 uno
3123 5223 3312 5262 omnes
3342 5207 3622 5281 communi

2052 5280 2239 5335 habitu
2283 5278 2336 5334 in
2385 5280 2636 5334 eoeuobio
2681 5296 2782 5334 suto
2833 5289 3117 5333 contentos
3167 5291 3288 5332 esse
3335 5279 3529 5330 statuit
3561 5278 3616 5331 in

2049 5353 2283 5418 regulis,
2319 5365 2460 5418 quas
2495 5351 2604 5403 illic
2635 5351 2937 5404 successori
2975 5349 3265 5416 praeposito
3294 5347 3488 5418 tradit.
3518 5345 3618 5400 Ve-

2051 5416 2168 5474 ruin
2205 5416 2414 5476 obtinet
2441 5423 2740 5474 etiamnum
2774 5436 2834 5471 ea
2881 5417 3059 5486 magni
3110 5418 3326 5470 habitus
3374 5416 3621 5477 traditio,

2048 5490 2426 5560 iuduuntque,
2479 5506 2585 5545 non
2628 5491 2829 5558 passim
2880 5501 3093 5560 omnes,
3154 5487 3247 5539 sed
3310 5489 3402 5556 qui
3455 5489 3621 5560 vitam

2047 5557 2423 5624 austeriorem,
2461 5577 2523 5616 ac
2577 5557 2778 5613 uiundo
2808 5557 2982 5625 magis
3014 5563 3328 5628 mortuam,
3362 5558 3621 5628 profiten-

2048 5641 2156 5698 tur,
2187 5649 2248 5687 ac
2277 5634 2581 5707 pecularius
2613 5638 2806 5684 osculu:
2833 5637 2957 5684 sunt
2981 5642 3042 5680 ac
3079 5625 3357 5682 dicuntur.
