4088 6208
369 288 476 352 H9

1501 286 1674 346 VITA
1718 288 1782 346 S.
1823 284 2045 345 LUCA".
2080 281 2466 344 JUNIORIS.

3511 278 3616 342 450

373 399 586 455 καὶτὸν
613 396 799 451 ἄδικον
833 393 1199 456 ἐκκαλύπτεις
1228 393 1411 462 φόνον,
1446 391 1536 445 ἵνα
1569 391 1748 445 καὶτὸ
1778 391 1941 444 Θεῖον

2051 392 2229 460 lingua
2252 431 2268 455 ,
2320 389 2603 452 liiscente;
2666 384 2910 440 subdens
2966 396 3192 439 sanctus
3226 403 3239 438 :
3279 405 3297 437 ι
3326 385 3575 450 Quandiu
3599 417 3617 444 ,

371 491 535 559 φύσει
585 487 950 558 μισοπόνηρον
999 484 1057 537 ὃν
1089 524 1104 549 ,
1173 484 1370 555 μικρὸν
1429 483 1603 546 οὕτως
1663 483 1948 555 ἑξιλεὼσῃ,

371 583 678 648 κατήγορος
717 576 946 630 σεαυτοῦ
975 575 1270 643 γενόμενος
1298 590 1312 639 ;
1347 593 1366 624 ι
1386 574 1444 625 '0
1479 573 1536 625 δὲ
1567 574 1722 642 μόλις
1754 573 1950 626 ἑαυτὸν

371 672 840 739 ἀποϐιασάμενος,
875 671 1091 737 συνεχεῖ
1119 668 1214 720 καὶ
1239 666 1663 736 διακεκομμένῳ
1709 665 1788 736 τῷ
1817 666 1952 722 ἀσθ-

375 777 524 831 ματι·
554 762 652 814 «Τί
677 763 806 830 παρ’
837 761 1013 830 ὴμῶν,
1045 759 1218 826 λέγει,
1251 757 1346 810 τοῦ
1371 759 1506 810 Θεοῦ
1533 757 1808 828 ἄνθρωπε,
1845 776 1953 828 μα-

373 853 484 906 θεῖν
523 853 800 915 ἀπαιτεῖς,
834 855 870 906 ἃ.
901 853 996 904 καὶ
1029 851 1136 922 πρὸ
1170 850 1331 920 ήμῶν
1367 850 1532 913 αὐτὸς
1555 849 1661 902 ὑπὸ
1683 851 1782 919 τῆς
1810 853 1949 902 ἐνοιο

373 942 575 1011 κούσης
610 959 694 994 σοι
731 943 956 1011 χάριτος
982 941 1290 1010 ἐδιδάχθης.
1321 941 1437 993 Οὐκ
1465 939 1675 1009 ἐκρύϐη
1707 940 1815 1009 γὰρ
1841 941 1978 992 ἀπδ”

374 1036 470 1087 σοῦ
500 1033 530 1087 δ
557 1034 839 1103 πεποίηκα
881 1036 939 1087 ἐν
981 1036 1188 1105 κρυφῇ.
1243 1033 1390 1100 Πλὴν
1435 1033 1572 1086 ἀλλὰ
1612 1033 1690 1102 τῷ
1733 1032 1810 1102 σῷ
1852 1050 1948 1084 κε-

371 1127 642 1196 λεύσματι
689 1125 825 1179 εἴκω
869 1127 964 1180 καὶ
995 1125 1159 1194 λέγω,
1193 1126 1290 1180 καὶ
1325 1125 1642 1197 θριαμϐεύω
1675 1123 1737 1177 τδ
1765 1125 1950 1187 κακῶς

373 1218 662 1288 ἐργασθέν.
693 1237 712 1269 ι
748 1216 936 1280 Οὕτως
977 1216 1169 1283 εἰπὼν,
1227 1218 1478 1286 φανερῶς
1523 1218 1624 1289 τὴν
1675 1217 1951 1288 ἁμαρτίαν

374 1310 719 1380 ἐξαγορεύει,
762 1309 985 1362 διελθὼν
1041 1310 1275 1376 ἕκαστα,
1304 1312 1420 1373 πῶς
1467 1328 1527 1362 τε
1561 1313 1654 1363 καὶ
1696 1309 1823 1375 ποῦ,
1855 1309 1950 1361 καὶ

369 1403 436 1455 δι’
471 1405 537 1474 ήν
581 1403 764 1456 αἰτίαν
825 1403 916 1456 τὸν
947 1403 1146 1456 ἐαυτοῦ
1200 1404 1543 1473 συνέκδημον
1579 1404 1948 1456 ἀποκτείνειε.

373 1493 505 1549 Εἶτα
540 1498 876 1567 προσπίπτει
911 1499 1025 1560 τοῖς
1063 1496 1158 1550 τοῦ
1182 1498 1338 1564 ἁγίου
1367 1497 1518 1563 ποσί,
1552 1497 1626 1566 μὴ
1663 1497 1948 1566 παροφθῆη

372 1607 462 1641 ναι
526 1589 801 1658 δεόμενος.
845 1590 906 1642 ὐ
949 1589 1004 1642 δὲ
1061 1590 1157 1643 καὶ
1200 1584 1380 1641 οἶκτον
1428 1589 1593 1641 αὐτοῦ
1658 1587 1950 1658 λαμϐάνει,

369 1681 469 1733 καὶ
499 1680 560 1732 τὺ
583 1680 748 1749 τάχος
779 1680 1054 1751 ἀνίστησι,
1091 1679 1336 1733 νουθετεῖ
1386 1697 1445 1732 τε
1487 1673 1579 1732 καὶ
1612 1678 1945 1747 παρακαλεῖ,

2056 484 2256 553 inquit.
2287 483 2439 546 siles,
2475 496 2576 534 nec
2606 479 2784 549 palam
2829 477 3084 530 omnibus
3121 486 3400 545 peci-atum
3441 480 3622 531 tradu-

2053 577 2152 637 cis.
2185 589 2249 628 ac
2283 575 2522 642 iniquam
2554 573 2764 626 revelas
2798 570 3021 632 caedem,
3059 584 3168 638 quo
3203 577 3253 621 te
3306 569 3419 636 ipse
3457 584 3621 622 accn-

2051 682 2204 731 sans,
2250 665 2494 719 divinum
2551 678 2774 725 numen,
2823 663 2910 717 cui
2951 678 2980 715 a
3022 671 3214 714 natura
3267 660 3394 713 mali
3435 661 3617 714 odium

2051 766 2157 820 est,
2213 754 2490 807 modicum
2566 755 2902 820 aliquantmn
2967 753 3256 820 propitium
3323 751 3492 819 facias
3557 766 3621 805 ac

2051 847 2274 918 places?
2311 867 2330 898 ι
2373 847 2438 900 At
2487 846 2596 910 ille,
2634 847 2716 898 vix
2763 846 2977 900 tandem
3015 848 3121 898 vim
3170 845 3397 907 faciens,
3454 843 3624 896 conti-

2052 955 2162 994 nuo
2211 955 2274 992 ac
2333 939 2590 992 interciso
2659 937 2951 990 anhelitu:
2991 955 3008 988 ι
3047 935 3209 1000 Quid,
3271 936 3468 1004 inquit,
3526 932 3621 987 Dei

2050 1031 2234 1094 homo,
2268 1047 2295 1082 a
2329 1030 2484 1082 nobis
2512 1029 2650 1098 petis
2679 1028 2916 1088 discere,
2946 1043 3066 1095 qua:
3091 1027 3226 1094 ipse,
3260 1026 3444 1080 divina
3479 1026 3531 1078 in
3570 1036 3622 1078 Ie

2051 1123 2333 1176 habitante
2364 1122 2532 1192 gratia
2558 1121 2841 1184 edocente,
2872 1128 2998 1172 ante
3032 1119 3310 1172 didicisti?
3341 1116 3450 1170 Nec
3473 1117 3619 1171 enim

2053 1224 2163 1267 ate
2198 1213 2296 1266 fuit
2327 1213 2683 1274 occultatum,
2730 1212 2874 1279 quod
2903 1210 3002 1262 feci
3053 1211 3106 1262 in
3153 1209 3388 1262 occulto.
3441 1208 3625 1260 Enim-

2053 1321 2182 1360 vero
2211 1304 2425 1374 jubenti
2481 1304 2576 1357 tibi
2625 1318 2829 1356 morem
2894 1317 3046 1372 gero,
3095 1318 3158 1356 ac
3194 1304 3337 1362 dico,
3369 1300 3628 1369 quodque

2053 1397 2196 1451 male
2253 1408 2463 1467 gestum
2525 1394 2650 1455 fuit,
2711 1395 2885 1462 palam
2947 1395 3198 1447 traduco.
3238 1413 3254 1445 ι
3316 1391 3385 1446 lis
3439 1392 3622 1454 dictis,

2053 1488 2230 1556 palam
2297 1497 2581 1555 peccatum
2634 1485 2945 1546 confitetur,
2999 1485 3309 1537 edisserens
3366 1484 3621 1552 singula,

2055 1578 2352 1648 quomodo,
2389 1593 2453 1630 ac
2484 1577 2597 1640 ubi,
2635 1578 3123 1646 qnamobremqne,
3163 1577 3376 1628 itineris
3411 1574 3621 1628 socium

2055 1671 2370 1725 occidisset.
2425 1668 2563 1721 Tum
2598 1668 2772 1722 sancti
2828 1668 3059 1736 pedibus
3119 1650 3474 1728 'advolvitur,
3535 1679 3624 1718 ro-

367 1773 463 1825 καὶ
499 1772 718 1824 κανόσιν
750 1771 1116 1841 ἀσφαλίζεται
1143 1775 1254 1833 τοῖς
1288 1771 1435 1841 αὐτῷ
1469 1775 1754 1842 φορητοῖς,
1786 1770 1946 1823 τοῦτο

2051 1777 2185 1829 gans
2219 1769 2275 1812 nt
2307 1759 2443 1813 nolit
2471 1760 2768 1826 despicere.
2803 1761 2854 1811 ιδ
2888 1768 3091 1822 autem,
3126 1771 3248 1810 eum
3294 1755 3412 1824 ejus
3461 1757 3625 1808 mise-

369 1863 493 1912 κατ’
516 1860 796 1932 ἐξαίρετον
817 1863 1153 1932 ἐπισκήψας·
1185 1863 1264 1926 είς
1288 1865 1379 1915 τὸν
1405 1864 1573 1931 τάφον
1599 1862 1844 1932 οἴχεσθαι
1861 1862 1953 1914 τοῦ

368 1953 794 2022 πεφονευμένου’
819 1953 1030 2024 δάκρυά
1055 1971 1115 2006 τε
1145 1953 1308 2006 αὐτοῦ
1341 1954 1515 2006 πολλά
1543 1956 1946 2018 κατασπεῖσαι,

369 2046 465 2096 καὶ
512 2047 675 2114 τρίτα
730 2046 828 2098 καὶ
877 2047 1076 2101 ἐννατα
1128 2047 1226 2099 καὶ
1281 2049 1702 2112 τεσσαρακοστὰ
1755 2047 1946 2100 τούτου

366 2137 677 2201 πολυτελῶς
727 2141 1027 2194 ἐκτελέσαι·
1095 2140 1338 2210 γονάτων
1397 2141 1606 2203 κλίσεις
1636 2143 1752 2192 ἐκεῖ
1784 2158 1943 2210 ποιη-

372 2228 630 2296 σάμενον,
664 2231 714 2282 εί
747 2229 973 2282 δυνατὸν
1003 2232 1103 2284 οὐκ
1142 2231 1402 2296 ἐλάττους
1443 2233 1555 2285 τῶν
1607 2232 1942 2302 τρισχιλίων·

372 2319 576 2388 μᾶλλον
603 2320 661 2372 δέ
689 2319 776 2374 διὰ
809 2321 926 2390 βίου
957 2323 1056 2390 τὴν
1085 2323 1360 2395 ἁμαρτίαν
1395 2325 1639 2394 θρηνεῖν,
1675 2325 1770 2376 καὶ
1812 2321 1946 2375 ἐνώ-

369 2423 495 2458 πιον
524 2409 694 2478 αὐτὴν
724 2409 888 2479 ἔχειν,
915 2415 1028 2474 τοῖς
1068 2413 1252 2476 πίναξι
1289 2413 1392 2480 τῆς
1451 2413 1632 2482 ψυχῆς
1663 2412 1945 2483 ἐγγραψά-

371 2513 550 2564 μενον.
581 2499 737 2552 Οὕτω
765 2503 1164 2571 παραγγείλας,
1188 2506 1417 2576 ἀφίησιν
1449 2505 1658 2570 οἶκαδε,
1692 2504 1942 2574 καθαρὰν

368 2587 666 2654 ἐπίγνωσιν
709 2594 858 2660 αὑτῷ
887 2597 982 2646 τοῦ
1017 2596 1186 2649 καλοῦ
1231 2597 1327 2650 καὶ
1361 2601 1459 2669 τῆς
1501 2596 1779 2667 ἁμαρτίας
1837 2612 1941 2648 κα⁶

366 2676 645 2743 τάγνωσιν
686 2682 964 2750 ἐμϐαλὼν,
1001 2687 1094 2738 καὶ
1131 2687 1334 2758 πολλὴν
1369 2688 1704 2755 εἰσενεγκεῖν
1762 2687 1941 2753 ἐπαγ-

366 2771 696 2842 γειλάμενον
727 2779 828 2848 τὴν
855 2781 1170 2848 μετάνοιαν.

2055 1863 2227 1914 retur,
2267 1860 2382 1904 tum
2417 1851 2601 1904 statim
2644 1849 2830 1918 erigit,
2877 1847 3245 1914 admenetque
3275 1862 3338 1901 ac
3367 1847 3624 1899 exhorta-

2052 1950 2162 2005 tur,
2222 1942 2571 2011 regulisque,
2630 1956 2726 2008 pro
2781 1956 2846 1992 eo
2916 1948 2974 1992 ut
3026 1938 3247 1994 ferendo
3315 1940 3622 2002 videbatur,

2049 2036 2264 2102 munit;
2300 2034 2350 2088 id
2386 2035 2660 2104 praecipue
2704 2034 3000 2095 mandans,
3036 2043 3095 2086 ut
3137 2033 3203 2086 ad
3235 2032 3405 2086 occisi
3434 2032 3618 2100 sepul-

2053 2141 2206 2180 crum
2269 2127 2492 2190 radens,
2543 2126 2907 2196 lacrytnarmn
2969 2126 3078 2180 illic
3136 2125 3352 2193 comam
3404 2123 3622 2182 libaret,

2052 2221 2278 2286 ejusque
2329 2233 2427 2285 pro
2484 2217 2684 2282 tertia,
2744 2232 2928 2280 nona,
2973 2232 3036 2271 ac
3091 2215 3511 2285 quadragesima
3545 2213 3621 2282 (5)

2053 2308 2335 2378 splendide
2379 2324 2535 2363 sacra
2582 2308 2918 2372 celebraret;
2956 2320 3306 2378 genuumque
3335 2305 3620 2366 ﬂexiones,

2054 2399 2196 2453 haud
2253 2401 2430 2454 tribus
2487 2401 2726 2453 millibus
2777 2401 3100 2468 pauciores,
3170 2398 3214 2451 si
3274 2412 3362 2450 res
3421 2396 3616 2454 ferret,

2053 2489 2296 2558 faceret;
2347 2493 2480 2560 quin
2535 2493 2740 2561 petius.
2799 2493 3064 2560 reliquam
3100 2491 3288 2554 vitam,
3335 2496 3619 2558 peceatum

2051 2583 2312 2647 deﬁeret,
2359 2592 2522 2652 atque
2589 2583 2756 2636 animi
2809 2583 3007 2636 tabulis
3062 2581 3382 2649 inscriptum
3425 2578 3622 2632 obver-

2052 2690 2182 2730 sans
2210 2685 2474 2745 perpetuo
2505 2675 2752 2730 haberet.
2785 2673 2878 2728 His
2910 2674 2975 2727 ad
3002 2689 3125 2727 eum
3156 2671 3300 2725 datis
3328 2669 3619 2732 mandatis,

2050 2766 2272 2824 domum
2328 2763 2577 2829 remittit,
2631 2778 2756 2818 cum
2809 2762 3154 2831 perspicuam
3208 2760 3338 2814 boni
3383 2759 3622 2829 agnitio-

371 2880 518 2932 ιιριιι,
574 2885 640 2924 ac
697 2875 908 2942 peccati
943 2877 1349 2933 damnationem
1408 2879 1596 2935 animo
1680 2879 1981 2949 iniecisset,
2037 2882 2194 2953 isque
2242 2883 2468 2936 multam
2524 2896 2583 2934 se
2635 2879 3007 2948 pmnitentiam
3059 2877 3336 2931 illaturutn
3390 2875 3623 2946 premit-

369 2969 528 3015 teret.

445 3055 716 3125 Ἐσδομον
744 3057 860 3121 ἔτος
904 3060 962 3112 ἐν
1015 3064 1080 3132 τῇ
1115 3063 1258 3116 κατά
1308 3063 1401 3117 τὸν
1441 3063 1782 3135 Ἰωαννίτζην
1814 3067 1940 3137 ἐρή-

2120 3067 2257 3122 Cum
2288 3077 2492 3134 septem
2532 3067 2642 3132 jam
2680 3079 2853 3117 annos
2884 3064 2940 3117 in
2973 3062 3278 3116 Joannitzis
3313 3063 3398 3116 illa
3433 3079 3620 3117 eremo

376 3165 464 3217 μῳ
498 3145 812 3218 πληρώσας,
850 3151 997 3205 ἄκων
1028 3155 1123 3207 καὶ
1163 3155 1328 3220 αὐτὸς
1354 3157 1705 3228 μετανάστης
1732 3159 1942 3227 γίνεται

376 3240 517 3308 μετά
549 3242 790 3295 πάντων.
828 3243 1053 3313 Συμεὼν
1081 3248 1188 3318 γὰρ
1224 3249 1253 3299 ὁ
1284 3249 1379 3301 τοῦ
1421 3249 1689 3304 Σκυθικοῦ
1759 3251 1946 3314 ἔθνους

370 3335 560 3403 ἄρχων
600 3334 967 3406 (Βουλγάρους
1019 3339 1216 3403 αὐτοὺς
1262 3339 1486 3409 οἴδαμεν
1539 3323 1784 3410 συνήθως
1848 3360 1949 3395 κα-

373 3427 533 3495 λεῖν),
566 3427 669 3488 τὰς
701 3428 834 3496 πρὸς
875 3428 1187 3499 Ῥωμαίους
1218 3432 1450 3496 σπονδάς
1473 3434 1768 3504 ἀθετήσας,
1806 3435 1947 3503 ἐχώ-

379 3536 486 3588 ρει,
540 3523 680 3573 κατὰ
737 3524 917 3592 πάσης
984 3523 1241 3592 ἠπείρου,
1297 3524 1397 3587 τὰς
1458 3525 1616 3594 ἡμῶν
1674 3526 1950 3596 ἁμαρτίας

375 3608 678 3679 ἀξιόμαχον
709 3609 899 3680 ὥσπερ
962 3615 1122 3681 χεῖρα
1176 3614 1647 3683 περιζωσάμενος
1685 3616 1949 3684 ἐξανδρα-

376 3700 731 3770 ποδιζόμενίς
753 3721 812 3755 τε
847 3705 942 3756 καὶ
971 3703 1306 3773 ληϊζόμενος,
1343 3707 1438 3757 καὶ
1473 3707 1601 3768 τοὺς
1641 3706 1739 3775 μὲν
1780 3706 1946 3776 ζωῆς,

373 3793 501 3854 τοὺς
527 3791 572 3844 δ’
601 3793 912 3863 ἐλευθερίας
957 3778 1298 3865 ἀποστερῶν,
1344 3797 1441 3848 καὶ
1470 3796 1780 3866 ὑποφόρους
1811 3812 1934 3848 ποι-

376 3884 632 3952 οὐμενος.
678 3887 959 3941 Ἐντεῦθεν
989 3887 1036 3940 οί
1067 3889 1168 3958 μὲν
1224 3888 1298 3950 ὠς
1327 3889 1386 3941 ἐν
1433 3889 1676 3958 εἱρκταῖς
1707 3889 1739 3957 ἢ
1781 3905 1949 3958 φρου-

380 3982 502 4038 aui;
531 3981 652 4041 ταῖς
682 3979 871 4032 πόλεσι
921 3981 1320 4034 κατεκλείοντω
1353 3983 1403 4034 oi
1433 3980 1489 4034 δὲ
1522 3984 1659 4050 πρὸς
1691 3979 1792 4051 τήν
1835 3980 1950 4032 Εὖ-

378 4069 536 4124 6οιάν
572 4089 631 4124 τε
651 4074 744 4126 καὶ
773 4072 875 4144 τὴν
903 4072 998 4126 τοῦ
1031 4073 1273 4136 Πέλοπος
1296 4073 1667 4136 ἁπεσώζοντο.

447 4164 585 4217 Τότε
644 4165 776 4233 γοῦν
831 4167 925 4218 καὶ
953 4165 1161 4239 οἱπερὶ
1192 4166 1284 4220 τὸν
1310 4165 1409 4218 τοῦ
1468 4166 1602 4218 Θεοῦ
1664 4164 1952 4236 ἄνθρωπον

378 4258 680 4327 χωρητικοὶ
736 4257 874 4326 πρὸς
931 4257 1032 4320 τὰς
1081 4261 1145 4309 ἐκ
1204 4257 1460 4327 γειτόνων
1491 4257 1953 4330 διεπορθμεύοντο

381 4350 597 4418 νήσους*
641 4349 688 4401 εί
723 4350 819 4402 καὶ
857 4348 1070 4417 φθάσας
1100 4350 1128 4401 ὁ
1159 4349 1374 4418 φθόνος,
1411 4349 1738 4402 ἀνέλπιστον
1767 4349 1950 4413 αὐτοῖς

382 4441 579 4509 ἐπάγει
633 4441 730 4493 τὸν
781 4441 1055 4497 κίνδυνον.
1119 4442 1310 4495 Αὐτῶν
1350 4443 1457 4511 γὰρ
1491 4443 1589 4494 σὺν
1629 4441 1708 4512 τῷ
1759 4442 1950 4513 δικαίῳ

379 4534 640 4602 ἀσφαλῶς
671 4535 878 4602 διάγειν
920 4535 1204 4604 οἰομένων,
1235 4535 1284 4587 οί
1332 4535 1636 4605 Βούλγαροι
1681 4537 1819 4605 πρὸς
1850 4536 1950 4587 αὐ-

381 4626 505 4688 τοὺς
532 4627 622 4678 διὰ
669 4625 855 4678 πλοίου
899 4627 927 4680 ὃ
971 4627 1158 4696 ἔτυχον
1202 4627 1627 4696 ὑποκλέψαντες,
1683 4628 1948 4696 αἰφνίδιον

381 4717 723 4781 ἐπελθόντες,
754 4719 939 4788 ὀλίγου
967 4719 1098 4787 δεῖν,
1138 4723 1345 4785 πάντας
1403 4721 1716 4786 ἀπώλεσαν,
1750 4721 1949 4789 ὀλίγων

379 4809 543 4860 τινῶν
572 4805 1126 4881 ἐκκολυμϐησάντων,
1159 4813 1278 4884 μεθ’
1321 4807 1398 4867 ὧν
1450 4817 1546 4869 καὶ
1577 4818 1605 4868 ὁ
1655 4815 1830 4885 μέγας
1864 4811 1954 4886 ἦν,

385 4900 478 4951 καὶ
509 4899 655 4953 οὔτω
684 4901 783 4964 τὰς
815 4905 1006 4972 χεῖρας
1051 4906 1231 4958 αὐτῶν
1277 4905 1561 4975 διαφυγεῖν
1595 4906 1954 4977 δυνηθέντων.

387 4992 496 5046 Εἶθ’
531 4994 704 5058 οὕτως
739 4997 1165 5066 ἐπανελθόντων,
1193 5000 1383 5052 πλοίου
1417 4999 1694 5070 ἐπιτυχὼν
1725 5003 1952 5066 ἐκεῖνος,

386 5086 482 5136 σὺν
505 5087 613 5157 ὅλῳ
643 5089 793 5158 γένει
822 5091 917 5142 καὶ
940 5091 1053 5154 τοῖς
1089 5094 1351 5159 γνωστοῖς
1383 5092 1706 5164 περαιοῦται
1741 5095 1821 5156 είς
1848 5093 1954 5145 Κό-

2049 3162 2345 3230 implcsset,
2375 3173 2688 3228 quanquam
2730 3157 2952 3221 invitus,
3006 3172 3110 3210 una
3145 3157 3260 3225 ipse
3307 3172 3372 3211 ac
3425 3158 3620 3226 reliqui

2048 3263 2318 3324 coguntur
2351 3253 2606 3319 migrare.
2645 3253 2881 3320 Symeon
2915 3249 3059 3303 enim
3091 3250 3422 3317 Scytharum
3443 3259 3621 3318 gentis

2051 3347 2325 3415 princeps,
2385 3343 2646 3411 Bnlgaros
2685 3342 2958 3410 appellare
3010 3341 3420 3405 consuevimus,
3478 3343 3621 3394 anti-

2049 3445 2215 3507 quato
2245 3451 2369 3491 cum
2419 3435 2680 3489 Romanis
2723 3434 2953 3494 foedere,
2991 3441 3156 3484 totam
3225 3434 3619 3498 continentem,

2051 3545 2150 3583 ceu
2178 3543 2371 3597 pugna:
2405 3527 2782 3591 idoneamanu
2825 3524 3066 3592 pecratis
3093 3525 3292 3578 nostris
3320 3525 3620 3589 accinctus,

2052 3620 2404 3690 pervadebat,
2441 3618 2696 3672 servituti
2737 3617 3056 3686 maneipans
3089 3632 3153 3670 ac
3184 3618 3528 3685 depraedans,
3561 3632 3624 3670 ac

2051 3714 2189 3766 alios
2224 3711 2442 3780 quidem
2474 3712 2604 3772 vita,
2639 3711 2889 3763 libertate
2921 3709 3059 3762 alios
3092 3708 3332 3778 privans,
3365 3723 3428 3762 ac
3459 3711 3624 3764 vecti-

2051 3805 2200 3874 gales
2266 3804 2523 3857 reddens.
2589 3801 2934 3870 QuaprOpter
2970 3801 3061 3854 alii
3094 3802 3314 3870 quidem
3363 3802 3509 3856 velut
3567 3803 3621 3856 in

2051 3911 2270 3951 carcere
2319 3909 2382 3948 ac
2415 3894 2705 3963 praesidiis,
2753 3894 2969 3945 urbium
3004 3895 3212 3947 ambitu
3263 3894 3622 3947 contineban-

2051 3997 2179 4054 tur;
2222 3987 2311 4041 alii
2357 3987 2482 4058 t'uga
2520 3988 2572 4039 in
2604 3985 2864 4039 Eubmam
2892 3999 2944 4042 et
2974 3991 3430 4063 PeIOponnesum,
3462 3992 3622 4043 saluti

2051 4081 2436 4136 consulebant.

2124 4192 2280 4248 Tunc
2334 4209 2467 4263 ergo
2532 4195 2785 4265 ejusdem
2840 4213 3061 4268 quoque
3114 4198 3218 4252 loci
3278 4198 3470 4266 incolm
3518 4217 3624 4254 una

2055 4300 2176 4339 cum
2242 4285 2358 4339 viro
2397 4285 2514 4350 Dei,
2575 4287 2630 4342 in
2686 4289 2892 4345 vicinas
2951 4289 3159 4344 insulas
3218 4291 3622 4345 transmisere:

1979 4421 2029 4480 Β
2056 4391 2371 4445 quanquam
2413 4391 2691 4446 occupans
2747 4378 2989 4444 invidia,
3051 4380 3481 4448 inexspectatum
3521 4381 3628 4435 illis

2057 4467 2360 4536 periculum
2391 4468 2617 4523 invexit.
2655 4469 2791 4524 Cum
2838 4471 2981 4525 enim
3015 4471 3049 4525 ii
3087 4482 3203 4525 tuto
3233 4486 3292 4525 se
3327 4487 3448 4525 cum
3477 4471 3628 4541 justo

2058 4575 2217 4631 agere
2283 4562 2709 4627 existimarent,
2777 4564 3048 4620 irruentes
3120 4576 3341 4636 repente
3415 4566 3471 4620 in
3532 4581 3626 4619 eos

2058 4651 2295 4720 Bnlgari;
2362 4653 2578 4724 navigio
2605 4654 2751 4725 quod
2814 4654 2976 4710 furati
3012 4665 3216 4718 essent,
3274 4672 3463 4711 omnes
3512 4655 3626 4711 fere

2055 4743 2430 4811 perdiderunt,
2491 4748 2679 4816 paucis
2744 4749 3075 4816 quibusdam
3132 4750 3505 4816 enatantibus,
3561 4751 3616 4803 in

2055 4834 2254 4902 quibus
2275 4837 2358 4889 vir
2393 4853 2612 4908 quoque
2638 4855 2906 4910 magnus,
2948 4851 3108 4910 atque
3148 4841 3201 4894 in
3224 4858 3346 4896 eum
3403 4842 3622 4896 modum

2056 4943 2254 4984 manus
2287 4945 2477 4983 eorum
2533 4934 2915 4987 evadentibus.
2956 4933 3094 4986 Tum
3149 4948 3299 4999 vero,
3341 4934 3448 4987 illis
3475 4950 3626 4987 rece-

2055 5020 2335 5084 dentibus,
2376 5022 2576 5092 navigii
2631 5021 2772 5076 facta
2813 5025 2992 5093 copia,
3027 5039 3152 5078 cum
3186 5033 3302 5079 toto
3331 5040 3526 5095 genere
3561 5039 3625 5078 ac

2057 5113 2240 5174 notis.
2293 5111 2618 5168 Corinthum
2679 5116 3044 5183 transmittit;
3111 5132 3238 5172 cum
3270 5115 3384 5184 jam
3454 5115 3622 5169 barba

1653 5212 1758 5272 Fr.
1798 5217 2166 5286 Combeﬁsii
2205 5233 2390 5289 notae.

455 5350 536 5424 (ὅ)
590 5351 698 5406 Pro
734 5355 912 5419 tertia,
961 5370 1125 5426 noua,
1182 5357 1609 5426 quadragesima.
1641 5361 1813 5416 Etiam
1848 5362 1952 5419 Da-

388 5438 702 5484 mascenns,
753 5441 848 5478 seu
877 5425 1128 5493 quisquis
1161 5437 1352 5479 auctor
1385 5425 1460 5481 est
1505 5435 1775 5487 sermonis
1801 5434 1950 5491 illius

388 5495 636 5571 inscripti
675 5494 748 5547 De
785 5497 850 5547 iis
879 5495 970 5564 qui
1010 5500 1064 5547 in
1112 5496 1218 5571 [ide
1267 5498 1613 5571 dormierunt,
1644 5503 1801 5571 τρίτα
1834 5504 1950 5570 illa,

390 5565 606 5625 ἐννατα,
641 5574 694 5617 et
717 5569 1132 5634 τεσσαρακοστὰ
1168 5570 1534 5630 connuendal.
1568 5565 1949 5630 ceu'Ecclesia}

391 5636 716 5704 ιιιιινειᾟδιὶε
758 5637 1028 5688 constanti
1086 5652 1187 5688 usu
1241 5641 1484 5704 probata.
1532 5641 1763 5696 Sanctus
1820 5647 1946 5698 item

393 5703 564 5757 Nicon
622 5705 802 5759 libello
839 5707 913 5757 De
967 5703 1252 5760 erroribus
1279 5709 1665 5772 Armeniorum.
1705 5722 1834 5767 tom.
1893 5731 1948 5771 ιιι

2056 5369 2196 5424 Bibl.
2239 5372 2350 5426 PP.
2386 5389 2573 5427 eorum
2624 5377 2890 5430 meminit.
2932 5375 3154 5442 Gregor.
3197 5373 3425 5426 Nazian.
3478 5383 3620 5428 orat.

2059 5443 2111 5494 in
2146 5442 2401 5510 Satyrum
2436 5447 2658 5498 fratrem
2691 5448 2790 5510 τάς
2821 5447 2890 5498 δι’
2924 5448 3078 5506 ἔτους
3114 5445 3334 5512 μνήμας
3362 5459 3377 5472 ο
3415 5460 3624 5497 annuas

2055 5528 2150 5580 pro
2187 5513 2447 5581 defunctis
2481 5516 2784 5581 memorias,
2835 5523 3117 5568 memorat.
3163 5511 3625 5582 Perseverantque

2055 5583 2145 5636 illa
2177 5585 2473 5637 etiamnum
2510 5587 2563 5638 in
2596 5585 2852 5650 Ecclesia,
2887 5584 3184 5653 apostolica
3219 5598 3280 5637 ac
3308 5598 3624 5640 sanctorum

2057 5655 2351 5708 traditione
2383 5657 2537 5708 l'nlta.
