4088 6208
470 319 568 383 451

1930 309 2278 368 ΛΝΟΝΥΜΙ

3625 306 3734 371 452

473 442 645 495 genas
681 426 936 495 repleret.
973 427 1304 496 virtutisque
1347 424 1606 494 speciem,
1640 424 1773 476 ﬂore
1812 421 2033 487 juventa

2157 420 2357 490 ρινθον,
2423 421 2549 489 ἄρτι
2600 418 2696 483 τὰς
2737 419 2995 487 σιαγόνας
3061 421 3270 489 γενείου
3331 417 3582 491 πληρῶν,
3639 421 3730 474 καὶ

475 529 808 576 recreantcm
845 520 1066 572 haberet
1099 539 1113 572 :
1142 533 1458 587 quanquam
1489 531 1520 568 Α
1545 525 1668 568 ttcm
1705 513 1837 566 nihil
1864 513 2044 565 minus

473 619 726 680 provecta
758 619 916 664 aetate
964 619 1128 672 esset,
1163 609 1356 677 agebat
1396 606 1756 660 nihilominus
1800 603 2044 672 discipli-

473 718 664 754 narum
695 715 871 766 amor,
932 715 1041 769 quo
1064 700 1170 752 sibi
1223 701 1287 751 ad
1321 699 1729 767 Scripturarum
1756 695 2044 748 lectionem

470 796 677 848 alitum
715 794 972 846 muniret.

539 910 904 974 Quamobrem
938 909 1124 961 ludum
1180 918 1394 977 petens.
1444 921 1565 960 sese
1621 904 1804 958 studio
1848 901 2044 957 dedit:

471 1019 658 1055 verum
695 1001 970 1055 modicum
1002 1002 1130 1069 quid
1181 999 1454 1052 οοιιιιιιοάί
1511 997 1637 1050 inde
1689 1005 2046 1065 percepturus

469 1106 607 1148 erat.
641 1094 838 1147 Videns
862 1094 1005 1145 enim
1037 1109 1234 1161 pueros
1269 1093 1553 1144 inhoneste
1580 1099 1823 1158 agentes,
1847 1088 2046 1156 quique

471 1186 793 1255 disciplinas
830 1185 1049 1255 quidem
1098 1192 1358 1252 caperent
1415 1184 1619 1251 optime
1649 1221 1662 1244 ,
1715 1197 1811 1232 nee
1845 1181 2044 1247 probos

473 1289 650 1331 tamen
706 1279 770 1332 iis
841 1279 1202 1346 suscipiendis
1267 1278 1478 1329 animos
1522 1285 1808 1343 optarent,
1863 1274 2037 1325 hani-

470 1386 741 1438 quaquatn
775 1386 883 1422 rem
939 1368 1144 1433 ferens,
1189 1369 1355 1422 citius
1391 1367 1638 1421 recessit.

541 1483 660 1536 Exit
691 1484 875 1552 itaque
902 1483 952 1537 in
987 1483 1245 1550 Oppidula
1284 1482 1586 1544 rusticana,
1617 1481 1870 1548 quodque
1899 1481 2040 1549 apud

469 1576 660 1630 Patras
686 1577 925 1636 Achaiaa,
953 1577 1243 1629 sublimius
1276 1577 1398 1628 vitae
1443 1592 1616 1643 genus
1668 1588 1885 1628 sectans
1915 1577 2042 1643 quis

468 1671 770 1724 monachus
827 1669 1047 1740 Stylitcs
1100 1669 1414 1730 audiretur,
1471 1668 1732 1734 cogitavit
1794 1684 1852 1724 se
1915 1669 2044 1722 illuc

2147 512 2298 565 ἄνθει
2349 513 2624 581 νεότητος,
2683 513 2891 583 ἀρετῆς
2944 512 3096 582 ὤραν
3145 512 3548 580 ἐπιτρέπουσαν
3601 509 3728 584 [ιες.

2149 603 2432 675 smnpm]
2482 604 2646 673 ἔχων,
2700 604 2794 658 καί
2821 621 2902 657 τοι
2939 605 2995 656 δέ
3035 604 3250 674 ἡλικίας
3283 606 3348 656 ἐν
3410 605 3547 674 τῷδε
3583 606 3736 672 γενδ-

2126 714 2335 774 ,μενον,
2363 699 2514 766 ὅμως
2564 693 2699 768 ἦγεν
2739 699 2906 751 αὑτὸν
2945 699 3286 768 μαθημάτων
3315 699 3478 768 ἔρως,
3502 699 3591 751 δ.ὰ
3633 700 3765 768 τὴν·

2147 788 2256 838 τῶν
2306 789 2465 858 ἱερῶν
2495 789 2694 857 λογίων
2723 789 3054 857 ἀνάγνωσιν.

2219 898 2408 972 Ταύτῃ
2437 916 2516 952 τοι
2551 902 2648 952 καὶ
2671 901 3008 970 διδασκαλίῳ
3044 903 3227 970 φέρων
3275 901 3466 954 ἐαυτθιν
3493 902 3729 955 δίδωσιν·

2149 991 2268 1043 ἀλλ’
2300 991 2460 1058 ὀλίγα
2486 992 2584 1062 τῆς
2613 994 2823 1045 ἐκεῖθεν
2860 993 3134 1061 ὡφελείας
3179 995 3372 1064 ἔμελλε
3428 998 3728 1051 κοινωνεῖν.

2148 1083 2285 1146 Τοὺς
2319 1087 2427 1152 γὰρ
2462 1085 2660 1148 παῖδας
2690 1087 3070 1156 ἀκοσμοῦντας
3103 1088 3259 1151 ίδὼν,
3293 1089 3389 1146 καὶ
3426 1088 3730 1158 μαθήματα

2151 1175 2249 1241 μέν
2309 1175 2572 1227 κάλλιστα
2632 1176 3133 1246 παραδεχομένους,
3185 1177 3244 1228 οὑ
3303 1178 3470 1239 καλὰς
3525 1178 3580 1229 δέ
3631 1178 3734 1238 τὰς

2147 1267 2355 1317 smn?”
2389 1266 2564 1336 ψυχὰς
2603 1269 2682 1328 εἰς
2712 1267 2810 1337 τὴν
2841 1269 2950 1320 τῶν
2984 1269 3254 1321 τοιούτων
3313 1270 3587 1338 ὑποδοχὴν
3641 1272 3732 1321 εὑ-

2146 1358 2525 1426 τρεπίζοντας,
2559 1359 2810 1428 οὐδαμῶς
2843 1361 3095 1431 ἧνεγκεν,
3141 1362 3256 1412 ἀλλ’
3291 1361 3452 1424 εὐθὺς
3488 1364 3722 1431 ἀπέστη.

2223 1469 2431 1535 -Εξεισι
2463 1474 2751 1542 τοιγαροῦν
2781 1475 2918 1542 πρδς
2947 1474 3044 1533 τὰς
3080 1475 3444 1543 κωμοπόλεις.
3476 1479 3569 1528 καὶ
3600 1477 3725 1528 ἐπεὶ

2146 1564 2204 1613 ἐν
2267 1562 2508 1632 Πάτραις
2569 1563 2671 1634 τῆς
2717 1564 2937 1634 Ἀχαΐας
2999 1564 3260 1636 Στυλίτης
3312 1566 3544 1635 ἠκούετο
3609 1567 3724 1636 βίου

2151 1655 2622 1725 μεταποιούμενος
2670 1656 3027 1726 ὑψηλοτέρου,
3070 1657 3332 1727 λογισμὸς
3373 1653 3520 1726 εἶχεν
3564 1660 3726 1711 αὐτὸν

466 1764 736 1827 conferre,
767 1764 993 1831 ejusque
1019 1777 1077 1815 se
1115 1761 1425 1814 ministerio
1458 1761 1738 1813 addicere.
1771 1763 1908 1813 Cum
1941 1777 2033 1813 au-

2147 1749 2326 1799 ἐκεῖσε
2387 1748 2663 1814 γενέσθαι,
2714 1749 2808 1801 καὶ
2842 1748 3016 1816 τούτῳ
3071 1750 3362 1803 διακονεῖν.
3425 1750 3615 1804 Ταῦτα
3667 1752 3725 1804 δὲ

466 1866 574 1908 tem
611 1857 722 1907 inec
755 1855 939 1906 animo
993 1855 1252 1914 Volverct,
1294 1853 1492 1921 legatio
1523 1855 1588 1906 ab
1619 1853 1810 1922 Stylite
1840 1852 2037 1905 Zeme-

469 1947 624 2000 tiensi
658 1949 722 1998 ad
755 1963 881 1998 eum
933 1947 1268 2006 destinatur,
1301 1960 1502 2013 rogans
1533 1948 1595 1996 ad
1629 1947 1804 2014 ipsum
1837 1946 2040 2010 venire,

465 2056 529 2093 ac
559 2041 986 2093 contubernium
1019 2040 1157 2093 inire
1193 2058 1206 2092 :
1238 2049 1404 2107 utque
1435 2055 1544 2091 non
1577 2055 1737 2106 grave
1776 2039 2041 2101 rideatur,

464 2132 566 2186 Sttb
599 2133 716 2200 ipso
750 2147 933 2200 agere,
990 2146 1054 2184 ac
1111 2131 1351 2186 ministri
1399 2147 1588 2186 curam
1650 2133 1950 2198 suscipere.
1995 2131 2041 2183 Is

466 2241 629 2292 porro
660 2225 833 2277 libens
865 2224 1194 2292 legationem
1230 2224 1490 2288 admittit,
1553 2225 1756 2294 quippe
1791 2223 1877 2276 cui
1911 2225 2042 2276 sub-

463 2331 607 2380 esse,
631 2331 793 2385 quam
828 2316 1096 2384 imperare
1119 2315 1396 2383 acceptius
1417 2325 1584 2380 esset,
1609 2331 1834 2383 remque
1852 2314 2040 2382 juveni

466 2407 636 2473 magis
662 2407 970 2458 conducere
1003 2405 1192 2458 sciret.
1212 2404 1435 2472 Alioqui
1484 2420 1636 2468 vero,
1664 2403 1756 2472 qui
1790 2402 2043 2455 sublimis

466 2502 789 2554 humilitatis
813 2501 1183 2568 pi'aastautiam
1212 2513 1553 2569 perspectam
1583 2499 1832 2561 haberet,
1868 2498 2042 2552 libens

462 2589 692 2649 accedit.
729 2605 900 2657 chtlc
941 2599 1050 2642 tota
1108 2589 1382 2642 hilari-tate
1434 2590 1740 2642 ministerio
1768 2589 1992 2655 subjicit
2024 2604 2038 2640 :

464 2681 838 2750 deincepsque
875 2683 1082 2734 nullum
1131 2692 1250 2736 erat
1306 2681 1594 2734 ministerii
1647 2698 1838 2750 genus,
1897 2680 2039 2749 quod

465 2790 571 2827 non
609 2776 722 2843 ipse
774 2790 870 2844 per
899 2775 1139 2843 seipsum
1175 2775 1464 2844 diligenter
1496 2775 1695 2836 obiret,
1743 2774 2038 2826 maximam

463 2869 748 2934 perspicue
776 2868 1073 2932 jacturam,
1125 2881 1219 2918 seu
1250 2867 1414 2919 etiam
1465 2865 1826 2933 ignominiam
1865 2874 2038 2928 ratus,

469 2968 526 3009 ut
562 2959 707 3010 ullus
741 2957 1007 3023 obsequio
1042 2956 1316 3008 addictior
1343 2955 1503 3009 foret.

531 3071 668 3126 Cum
695 3071 744 3124 ei
799 3072 1128 3140 quandoque
1179 3070 1402 3139 quidam
1438 3069 1800 3134 incontinenti
1854 3073 2036 3142 lingua

2150 1841 2452 1926 στρὲεέοντα
2505 1840 2878 1908 διαπέμπεται
2904 1841 3040 1908 πρὶς
3071 1841 3235 1893 αὑτὸν
3274 1840 3540 1911 πρεσϐεία
3575 1843 3724 1910 παρά

2145 1931 2240 1982 τοῦ
2270 1934 2325 1984 ἐν
2355 1933 2576 2001 Ζημένᾳ
2604 1932 2872 1993 στυλίτου,
2908 1933 3164 2000 φοιτῆσαι
3195 1933 3325 2000 παρ’
3352 1934 3512 1984 αὑτὸν
3545 1931 3722 1997 ἁξιοῦο

2148 2041 2235 2084 σα,
2270 2025 2514 2075 σύνοικον
2547 2041 2600 2076 τε
2635 2025 2907 2091 γενέσθαι·
2946 2026 3039 2076 καὶ
3072 2027 3118 2076 εί
3168 2025 3242 2095 μὴ
3296 2026 3573 2094 copim-3v,
3629 2025 3719 2078 ὑπ’

2146 2117 2296 2188 αὐτῷ
2329 2117 2609 2186 τετάχθαι,
2653 2117 2747 2168 καὶ
2790 2118 2849 2168 τὸ
2879 2117 3152 2169 διακονεῖν
3185 2117 3605 2184 καταδέξασθαι.
3661 2120 3723 2175 Ὀ

2143 2210 2198 2262 δέ
2237 2212 2334 2279 τὴν
2367 2211 2664 2281 πρεσϐείαν
2719 2210 2888 2282 ήῗέως
2941 2212 3260 2281 δεξάμενος,
3311 2215 3435 2266 ἐπεὶ
3483 2215 3576 2266 καὶ
3619 2215 3722 2284 ἆρ-

2144 2304 2331 2374 χεσθαι
2367 2305 2622 2375 μᾶλλονῆ
2660 2307 2848 2374 ἄρχειν
2878 2306 3072 2373 ἐφίλει,
3129 2305 3224 2359 ἆτε
3279 2309 3374 2360 καὶ
3422 2309 3529 2378 νέῳ
3568 2307 3723 2360 τοῦτο

2144 2397 2582 2463 λυσιτελέστερον
2621 2392 2761 2449 εἶναι
2804 2396 2960 2459 εἰδὼς
2988 2438 3002 2459 ,
3055 2399 3232 2461 ἄλλως
3280 2417 3339 2451 τε
3395 2401 3488 2451 καὶ
3549 2400 3608 2451 τὸ
3657 2401 3722 2453 ἐκ

2144 2491 2242 2557 τῆς
2282 2489 2496 2558 ὑξηλῆς
2529 2489 2917 2554 ταπεινώσεως
2976 2494 3157 2543 ὁποῖον
3199 2493 3298 2544 οὐκ
3336 2492 3570 2559 ἀγνοῶν,
3625 2494 3722 2545 ἀσ-

2149 2580 2324 2649 μένως
2357 2579 2578 2648 ἔρχεται
2615 2582 2750 2652 πρὸς
2775 2582 2958 2646 αὐτὸν,
2992 2585 3084 2635 καὶ
3117 2583 3214 2653 τὴν
3251 2583 3594 2654 λειτουργίαν
3626 2604 3715 2637 κο-

2148 2671 2275 2740 μιδῆ
2325 2671 2622 2740 προθύμως
2654 2673 2971 2742 ὑπέρχεται’
3009 2674 3102 2726 καὶ
3149 2675 3209 2726 τὸ
3258 2675 3528 2739 ἐντεῦθεν,
3564 2677 3718 2730 οὐδὲν

2143 2757 2208 2831 ἦν
2238 2762 2540 2831 ὑπουργίας
2575 2758 2732 2826 εἶδος,
2763 2764 2791 2815 ὃ
2845 2767 2918 2835 μὴ
2953 2765 3119 2828 αὐτὸς
3157 2768 3361 2828 ἐκεῖνος
3400 2767 3466 2820 δι’
3519 2766 3714 2820 ἑαυτοῦ

2144 2856 2319 2905 ποιεῖν
2373 2855 2624 2916 ἔσπευδε,
2686 2855 2891 2924 ζημίαν
2938 2857 3175 2926 ἀτεχνῶς
3225 2857 3568 2930 μεγίστην,ἧ
3616 2862 3714 2911 καὶ

2143 2949 2368 3016 ἀτιμίαν
2403 2949 2701 3018 ἡγούμενος
2731 2951 2791 3002 τὸ
2829 2951 3090 3019 ἐκστῆναί
3119 2970 3243 3015 τινι,
3278 2953 3544 3015 δουλείας.

2213 3063 2322 3114 Καί
2355 3081 2486 3115 ποτε
2524 3064 2860 3135 διαλοιδορου
2873 3069 3036 3134 μένου
3063 3067 3210 3129 τινὸς
3232 3068 3396 3120 αὑτὸν
3421 3069 3708 3140 ἀκολάστῳ

461 3165 886 3227 couvitiaretur,
923 3179 984 3218 ac
1016 3165 1228 3233 probris
1285 3164 1585 3232 exciperet,
1645 3164 1854 3218 idcirco
1909 3164 2033 3233 quia

2142 3154 2362 3226 γλώσσῃ
2392 3159 2484 3209 καὶ
2529 3157 2945 3226 κωμῳδοῦντος.
2993 3161 3115 3211 ἐπεὶ
3163 3161 3351 3230 παρὼν
3382 3163 3592 3231 ἔτυχεν,
3621 3163 3717 3215 οὖο

461 3273 700 3326 praesens
750 3267 888 3320 erat,
942 3257 1078 3310 adeo
1131 3257 1372 3325 graviter
1403 3258 1547 3319 tulit,
1591 3266 1855 3326 tantoque
1893 3261 2034 3325 zelo,

460 3351 643 3401 animo
704 3350 948 3410 exarsit,
992 3358 1052 3401 ut
1082 3348 1286 3401 silentii
1345 3363 1409 3400 ac
1447 3348 1682 3405 decoris.
1745 3349 2037 3416 multaeque

461 3439 608 3492 illius
644 3438 983 3492 verccundiw
1018 3453 1081 3490 ac
1116 3438 1529 3505 tranquillitatis
1555 3437 1779 3497 oblitus.
1812 3453 2037 3507 cogere-

461 3540 548 3582 tur
582 3531 741 3582 verba
773 3531 1048 3596 asperiora
1098 3529 1149 3579 in
1203 3528 1575 3595 impudentem
1626 3528 1774 3580 ἱΙΙιιιιι
1816 3543 1878 3580 ac
1905 3545 2038 3582 eun.

461 3623 692 3675 riciaudi
757 3621 976 3672 avidum
1032 3634 1330 3687 usurpare;
1387 3619 1650 3687 castigata
1714 3621 1923 3689 lingua,
1972 3637 2034 3675 ac

457 3730 580 3782 quae
613 3723 920 3780 opportune
956 3721 1286 3774 moveretur,
1347 3712 1678 3779 petulantem
1715 3729 1778 3764 ac
1807 3711 2034 3765 maledi-

461 3820 579 3856 cam
616 3805 854 3871 linguam
890 3805 1185 3870 cast'gaus.
1231 3799 1431 3855 Verum
1481 3803 1570 3856 ille
1602 3805 1756 3856 valde
1805 3804 2034 3876 cﬂ'rons,

464 3915 561 3951 nec
589 3897 779 3948 leviter
806 3906 898 3948 aut
923 3896 1069 3950 facili
1105 3895 1171 3948 ad
1217 3896 1484 3948 medelam
1536 3897 1728 3949 morbo
1755 3898 2030 3961 laborans,

455 3986 550 4038 sed
587 3984 797 4037 fortiori
829 4000 992 4053 egens
1023 3985 1408 4054 caetigatione,
1453 3986 1742 4040 confestim
1773 3997 2033 4042 ostensus

458 4087 564 4128 est.
607 4074 724 4128 Non
797 4081 943 4130 enim
1018 4076 1200 4129 ferens
1253 4077 1754 4145 reprehensionem,
1803 4079 2031 4148 profana

463 4185 623 4220 manu
654 4169 828 4221 virum
854 4178 1103 4222 sanctum
1131 4168 1182 4220 iu
1216 4183 1384 4238 genas
1424 4167 1603 4220 czetlit.
1637 4168 1850 4220 Ateuim
1879 4169 2033 4222 affuit

459 4274 739 4316 momento
787 4262 1048 4325 vindicta,
1099 4261 1351 4329 Deusque
1405 4277 1424 4310 ι
1475 4260 1545 4314 de
1596 4261 1738 4315 malo
1786 4262 2030 4315 auditum

454 4356 581 4408 fecit
606 4353 928 4424 judicium,»
963 4354 1221 4406 aclateus
1245 4353 1417 4405 virtus
1442 4353 1493 4405 in
1525 4352 1700 4404 lucem
1737 4353 2028 4422 profertur,

456 4447 668 4514 \irique
702 4445 1022 4514 improbitas
1045 4444 1303 4511 praeclare
1336 4445 1583 4511 punitur.
1626 4442 1721 4496 Vix
1757 4445 1900 4498 enim
1937 4461 2030 4514 per

2141 3264 2248 3310 τως
2280 3249 2478 3318 ῆνεγκε
2512 3249 2746 3329 βαρέως,
2779 3252 2872 3302 καὶ
2919 3250 3162 3322 τοσούτῳ
3217 3253 3364 3323 ζήλῳ
3395 3255 3493 3322 τὴν
3535 3253 3714 3323 ψυχὴν

2139 3338 2428 3407 διεκαύθη,
2461 3341 2535 3404 ώς
2584 3342 2679 3394 τοῦ
2718 3343 2996 3413 σιωπηλοῦ
3029 3345 3125 3397 καὶ
3182 3346 3435 3414 κοσμίου,
3491 3348 3586 3400 καὶ
3613 3347 3714 3416 τῆς

2142 3429 2340 3496 πολλῆς
2388 3432 2603 3500 ἐκείνης
2638 3431 2820 3493 αἰδοῦς
2879 3437 2974 3484 καὶ
3020 3434 3266 3500 γαλήνης
3297 3434 3711 3502 ἐπιλαθόμενον,

2138 3521 2573 3589 ἀναγκασθῆναι,
2627 3525 2720 3576 καὶ
2763 3525 3126 3594 τραχυτέροις
3178 3526 3312 3594 πρὸς
3363 3527 3455 3578 τὸν
3519 3528 3710 3596 ἀναιδῆ

2139 3614 2346 3666 ἐκεῖνον
2379 3618 2472 3665 καὶ
2503 3615 2871 3683 φιλολοίδορον
2920 3619 3232 3686 χρήσασθαι
3261 3619 3466 3685 λόγοις⁶
3519 3621 3712 3673 εὐπαι-

2135 3703 2307 3773 δεύτῳ
2344 3706 2554 3775 γλώττῃ
2586 3707 2682 3758 καὶ
2707 3707 2848 3758 κατὰ
2883 3711 3072 3779 καιρὸν
3104 3711 3421 3781 κινουμένῃ,
3450 3711 3548 3782 τὴν
3577 3729 3710 3780 προ-

2137 3797 2276 3864 πετή
2313 3801 2406 3849 καὶ
2431 3796 2676 3848 διάϐολον
2707 3799 3138 3866 σωφροκπζοντα.
3189 3799 3330 3852 Ἀλλ’
3355 3806 3564 3864 ἐκεῖνος
3589 3802 3711 3857 λίλν

2139 3888 2330 3958 ίταμὸς
2357 3890 2454 3953 ὢν,
2487 3897 2581 3942 καὶ
2625 3892 2684 3942 οὐ
2737 3892 2913 3960 μικρὰ
2963 3893 3134 3944 νοσῶν
3184 3897 3278 3946 καὶ
3319 3895 3538 3963 ἰάσιμα,
3571 3896 3708 3949 ἀλλὰ

2136 3980 2386 4044 παιδείας
2451 3982 2808 4051 ἰσχυροτέρας
2857 3984 3136 4050 δεόμενος,
3193 3985 3475 4037 ἐδείκνυτο
3532 4005 3714 4056 παραο

2134 4073 2338 4142 χρῆμα.
2378 4074 2467 4143 Μὴ
2505 4074 2743 4140 ἐνεγκὼν
2775 4075 2883 4146 γὰρ
2914 4079 3037 4138 τοὺς
3073 4078 3352 4147 ἐλέγχους,
3384 4081 3538 4134 παίει
3568 4083 3707 4134 κατὰ

2133 4170 2232 4234 τῆς
2283 4169 2533 4234 σιαγόνος
2573 4171 2750 4240 μιαρᾷ
2811 4175 2958 4240 χειρί
3006 4174 3098 4224 τὸν
3147 4176 3501 4243 ἡγιασμένον.
3549 4177 3707 4232 Ἀλλὰ

2134 4261 2276 4311 κατὰ.
2303 4261 2469 4320 πόδας
2511 4261 2543 4323 ἡ
2585 4261 2820 4324 ἐκδικία,
2853 4265 2947 4314 καὶ
2975 4267 3002 4316 ὸ
3031 4264 3164 4326 82b;
3196 4285 3214 4315 ι
3247 4268 3312 4317 ἐκ
3336 4267 3434 4319 τοῦ
3463 4268 3701 4339 οὐρανοῦ

2133 4350 2389 4417 among;
2420 4351 2623 4419 κρίσιν,
2665 4370 2682 4401 ι
2719 4354 2810 4404 καὶ
2853 4354 2913 4404 τὸ
2959 4354 3224 4407 λανθάνον
3252 4357 3345 4426 τῆς
3381 4359 3580 4426 ἀρε-τῆς
3623 4362 3705 4422 είς

2135 4439 2250 4502 φῶς
2290 4439 2472 4504 ἤγετο,
2500 4439 2592 4490 καὶ
2624 4441 2654 4509 η
2687 4441 2958 4510 μοχθηρία
2989 4445 3168 4508 καλῶς
3205 4446 3518 4510 ἐκολάζετο.
3549 4449 3703 4517 ’Λμα

452 4540 709 4606 iujuriam
763 4547 1131 4605 percusserat,
1195 4552 1321 4589 cum
1355 4541 1469 4604 ipse
1503 4551 1661 4605 poena
1720 4536 1878 4605 longe
1904 4553 2027 4606 gra-

2138 4533 2235 4596 γαρ
2265 4529 2495 4596 ἐπληξεν
2521 4533 2547 4581 ὁ
2577 4531 2857 4602 ὑϐριστὴς,
2904 4537 3000 4586 καὶ
3051 4536 3215 4599 αὐτὸς
3258 4539 3472 4608 ἐπλήγη
3520 4539 3702 4606 πολλῷ

458 4629 594 4680 viot'i
627 4627 960 4680 daemoniaca
994 4642 1287 4696 percussus
1324 4635 1409 4680 est
1445 4645 1458 4679 :
1494 4628 1754 4697 humique
1781 4639 2026 4694 prostra-

453 4732 543 4772 tus
567 4719 883 4788 jactabatur
906 4758 920 4782 ,
973 4735 1038 4771 ac
1073 4735 1130 4772 se
1183 4719 1570 4786 discerpebat,
1607 4734 1668 4770 ea
1704 4721 1901 4772 miseie
1928 4734 2025 4787 pa-

455 4814 596 4865 tiens
627 4825 746 4880 qua:
771 4810 948 4864 solent
999 4811 1268 4864 obsessia
1325 4810 1595 4862 ihemone.
1654 4809 1862 4874 Quidni
1919 4825 2016 4861 au-

455 4915 559 4954 tetu
605 4901 728 4955 dico
753 4900 898 4970 quod
935 4900 1258 4953 horribilius
1280 4913 1384 4966 est,
1426 4917 1490 4954 ae
1522 4901 1773 4969 pluribus
1819 4902 2020 4954 deflen-

451 4999 579 5046 dum
608 4992 885 5064 lacrymis,
921 5001 1225 5062 potensque
1267 4993 1333 5046 iis
1365 5002 1573 5046 metum
1615 4993 1890 5059 incutere,
1925 4993 2016 5060 qui

453 5085 868 5156 impotentiores
899 5086 1096 5152 lingua:
1127 5100 1236 5136 non
1269 5093 1520 5152 parcunt.
1563 5084 2015 5137 Perseveraritin

450 5194 572 5229 eum
619 5175 838 5228 modum
891 5174 1139 5241 adusque
1174 5174 1332 5226 finem
1366 5190 1384 5222 ι
1429 5173 1663 5225 traditus
1697 5170 1914 5226 Sataua:
1965 5175 2017 5226 in

453 5271 728 5324 interitum
762 5271 970 5331 carnis,
1016 5289 1032 5318 ι
1081 5269 1226 5336 quod
1281 5270 1358 5320 ait
1404 5266 1658 5331 Paulus',
1704 5277 1762 5319 ut
1795 5269 2020 5336 spiritus

452 5359 636 5413 salvus
667 5361 837 5414 fieret.
873 5360 1014 5424 Quid
1041 5359 1114 5412 ita
1147 5360 1320 5413 vero?
1351 5358 1491 5424 Quia
1522 5360 1808 5422 nimirum,
1855 5376 2018 5428 quem

453 5453 622 5518 magis
661 5453 888 5507 decebat
911 5453 1048 5507 alios
1076 5458 1347 5522 castigare
1371 5452 1698 5520 insipienter
1735 5453 2018 5515 habentes,

452 5554 650 5605 quippe
697 5544 788 5608 qui
829 5542 1088 5595 sacerdos
1122 5552 1290 5606 esset,
1341 5543 1617 5611 verboque
1675 5560 1737 5593 ac
1779 5544 1886 5595 vita
1920 5546 2016 5596 ad-

523 5743 541 5769 ⁶
575 5739 713 5792 l‘sal.
747 5757 908 5805 ωιτν,
936 5730 994 5797 ’7.
1068 5748 1085 5775 ⁷
1120 5745 1289 5802 ICor.
1326 5764 1376 5810 ν,
1425 5749 1510 5802 52.

2130 4619 2425 4689 βαρύτερον
2452 4621 2630 4692 πληγῇ
2655 4623 2931 4695 δαιμονία·
2965 4628 3059 4678 καὶ
3091 4628 3171 4691 είς
3218 4630 3321 4697 γῆν
3352 4629 3532 4683 ἔκειτο
3575 4632 3700 4682 κλο-

2127 4712 2386 4780 νούμενός
2419 4730 2478 4766 τε
2531 4720 2626 4767 καὶ
2673 4719 3155 4786 σπαρασσόμενος,
3186 4724 3281 4774 καὶ
3324 4724 3392 4775 τὰ
3442 4723 3550 4776 τῶν
3575 4723 3688 4776 δαιο

2129 4804 2440 4870 μονιώντων
2467 4807 2693 4876 πάσχων
2717 4810 2938 4873 ἀθλίως.
2970 4811 3036 4863 Τί
3075 4814 3150 4882 μὴ
3187 4813 3331 4881 λέγω
3381 4815 3441 4868 τὸ
3487 4832 3694 4886 ςρικω-

2123 4893 2398 4964 δέστερον,
2427 4899 2521 4949 καὶ
2545 4899 2573 4950 ὃ
2605 4899 2814 4952 πολλῶν
2842 4901 3094 4974 δακρύων
3123 4904 3298 4970 ἄξιον,
3335 4907 3429 4958 καὶ
3461 4908 3694 4978 φοϐῆσαι

2125 4988 2349 5042 δυνατὸν
2378 4991 2503 5053 τοὺς
2534 4993 2701 5060 φειδὼ
2736 4994 2981 5064 γλώττης
3019 4997 3103 5069 ¹μ’ίί
3137 5001 3514 5069 ποιουμένους.
3573 5002 3691 5053 Διέ-

2125 5098 2312 5149 μεινεν
2345 5082 2517 5146 οὕτως
2563 5085 2691 5156 ἄχρι
2739 5088 2928 5150 τέλους
2973 5091 3094 5160 ιτῷ
3142 5092 3362 5146 Σατανᾶ
3397 5095 3695 5164 παραδώσ-

2125 5176 2288 5245 μένος
2323 5179 2398 5238 εἰς
2439 5178 2661 5249 ὄλεθρον
2710 5181 2811 5249 τῆς
2871 5184 3095 5253 σαρκὸς,
3151 5204 3169 5236 ι
3213 5187 3241 5238 ὃ
3288 5204 3424 5255 φησι
3462 5189 3692 5252 Παῦλος,

2124 5269 2211 5320 ῖνα
2237 5269 2298 5321 τὸ
2327 5269 2546 5339 πνεῦμα
2589 5273 2757 5344 σωθῇ.
2798 5277 2904 5327 Καὶ
2938 5279 2969 5344 η
3000 5277 3168 5328 αἰτία·
3204 5278 3287 5329 ὅτι
3316 5278 3376 5329 δν
3406 5278 3514 5331 ἔδει
3549 5281 3692 5349 μᾶλ-

2121 5358 2233 5419 λον,
2263 5366 2353 5411 και
2380 5360 2556 5413 ἄλλων
2587 5363 2862 5426 ἀσυνέτως
2905 5365 3264 5435 διακειμένων
3296 5363 3441 5420 εἶναι
3463 5385 3690 5440 σωφρο-

2120 5453 2329 5522 νιστήν·
2367 5453 2542 5526 ἱερεὺς
2571 5458 2680 5525 γὰρ
2715 5452 2784 5526 ἦν
2813 5473 2826 5486 ·
2859 5458 2953 5508 καί
2982 5458 3125 5527 λόγῳ
3147 5462 3240 5511 καὶ
3272 5459 3374 5528 βίῳ
3403 5461 3513 5524 τὰς
3546 5478 3692 5531 παρ-

2123 5545 2357 5607 αινέσεις
2411 5548 2758 5618 ποιούμενον
2812 5552 2840 5601 ὁ
2903 5549 2959 5600 δέ
3015 5552 3274 5614 ἀσύνετος
3323 5547 3415 5623 ἦν’
3466 5553 3541 5616 ὡς
3595 5557 3692 5607 καὶ
