4088 6208
393 267 498 330 ιίὸΊ

1527 266 1699 324 νΙΤΑ
1742 267 1806 324 S.
1847 264 2063 324 LUCzE
2103 261 2486 322 JUNIORIS.

3533 259 3642 322 454

394 385 603 453 ἑτέροις
637 382 715 444 είς
749 379 956 451 βλάὁην
1014 379 1232 434 κεῖσθαι
1275 379 1366 432 καῖ
1413 380 1660 446 φανερὰν
1699 373 1968 444 αἰσχύνην

2083 389 2296 427 mouere
2327 393 2342 437 ;
2377 375 2492 443 ipse
2533 386 2721 430 contra
2753 374 3020 444 insipiens
3053 384 3194 438 erat,
3230 385 3289 430 ut
3337 384 3392 432 et
3434 378 3559 432 aliis
3583 380 3639 434 in

389 475 488 527 τοῦ
517 473 853 540 ἀξιώματος.

459 655 693 717 ,Πάντως
761 653 818 707 δὲ
879 653 1160 723 ἀλλότριον
1217 647 1288 722 ἦν
1341 652 1500 706 τοῦτο
1551 651 1647 704 καὶ
1689 652 1971 714 παντελῶς

396 748 605 818 ἀπᾷδον
639 745 738 814 τῆς
763 745 858 797 τοῦ
898 745 1096 814 ἐχθροῦ
1136 743 1455 814 βασκανίας,
1504 744 1564 796 τὺ
1589 745 1667 804 είς
1697 745 1849 808 τέλος
1881 745 1972 797 id-

400 858 489 894 σαι
524 839 614 891 τὸν
653 837 798 890 θεῖον
823 839 1041 890 Λουκᾶν
1069 836 1173 889 ὑπὸ
1195 837 1275 906 τῷ
1299 835 1526 906 Στυλίτῃ
1552 836 1845 889 διακονείνο
1878 837 1974 888 καὶ

395 933 520 1004 ούχὶ
553 933 766 1002 μᾶλλον
797 930 977 985 πάντα
1011 930 1161 984 λίθον
1199 932 1446 998 κινῆσαι,
1483 930 1627 982 ὥστε
1657 930 1758 999 τὴν
1804 929 1973 998 καλὴν

395 1025 650 1095 ἀειίρξαι
675 1023 882 1094 ταύτην
925 1023 1073 1091 αύτῷ
1120 1021 1527 1094 πραγματείαν.
1579 1021 1799 1075 Οὐκοῦν
1853 1021 1974 1075 οὐδὲ

398 1122 674 1189 ἀπέσχετο
739 1118 916 1170 πάντα
952 1117 1140 1180 ποιῶν,
1197 1115 1300 1176 ἕως
1355 1117 1541 1184 ῆνυσε,
1588 1117 1683 1167 καὶ
1729 1115 1975 1185 ἀλλήλων

399 1214 600 1273 αὐτοὺς
621 1211 924 1278 διέστησεν,
960 1211 988 1261 ὁ
1019 1212 1130 1271 τοῖς
1154 1209 1379 1274 ἀγαθοῖς
1432 1206 1828 1277 ἀντικείμενος.
1879 1206 1976 1268 Τίς

397 1305 455 1358 δὲ
497 1305 592 1357 καὶ
631 1304 664 1372 ἠ
699 1301 796 1355 τοῦ
843 1301 1127 1371 χωρισμοῦ
1171 1302 1445 1370 πρόφασις
1492 1303 1588 1354 καὶ
1634 1301 1731 1370 τῆς
1761 1300 1978 1353 διαστά-

400 1413 566 1460 σεω;;
603 1394 661 1447 '0
692 1392 789 1464 τὴν
821 1393 931 1444 τῶν
964 1392 1199 1460 λιμένων
1223 1391 1543 1461 ἐπιμέλειαν
1565 1389 1978 1460 ἐπιτετραμμέ-

397 1508 513 1550 νος,
556 1489 652 1541 καὶ
707 1487 779 1540 τὰ
816 1485 983 1538 πλοῖα
1041 1485 1117 1555 μὴ
1169 1486 1274 1538 ἐῶν
1341 1485 1433 1537 ἐπὶ
1480 1484 1550 1536 τὰ
1578 1483 1677 1553 τῆς
1727 1483 1978 1547 Ἑλλάδος

399 1577 671 1646 διαπερᾷν
708 1575 855 1644 ὅρια,
877 1574 966 1627 διὰ
988 1575 1088 1636 τὰς
1116 1574 1222 1626 τῶν
1253 1573 1460 1644 ἐχθρῶν
1479 1572 1774 1636 ἐπιθέσεις,
1808 1588 1980 1626 κατα-

399 1667 586 1724 λαΰὼν
634 1667 796 1722 αύτδν
850 1669 910 1719 ἐν
977 1666 1151 1734 πλοίῳ
1217 1663 1576 1735 περαιοῦσθαι
1630 1662 1976 1733 βουλόμενον,

400 1761 700 1831 ἀφορήτοις
732 1756 1312 1826 συγκόπτειπληγαῖς.
1352 1754 1637 1809 Ἐντεῦθεν
1689 1754 1979 1825 τοιγαροῦν

399 1853 625 1922 ¹ἔκρινεν
663 1850 906 1909 ίδιάξειψ
935 1849 1030 1901 καὶ
1055 1848 1116 1900 τὸ
1137 1847 1347 1910 λοιπὸν,
1381 1849 1436 1898 τδ
1459 1846 1553 1898 τοῦ
1587 1845 1732 1898 θείου
1767 1846 1979 1916 μάρτυ-

403 1960 494 2010 ρκς
549 1939 862 2010 Προκοπίου
918 1938 1211 2008 εύκτήριον
1279 1933 1426 2007 εἶχεν
1481 1937 1644 1990 αὐτὸν
1696 1937 1801 1988 ὑπὸ
1863 1937 1983 2006 θεῷ

401 2035 608 2096 ζῶντα,
667 2032 764 2083 καὶ
811 2031 910 2098 τῆς
939 2031 1026 2082 ἀεὶ
1058 2031 1222 2098 φίλης
1273 2030 1671 2098 περισχόμενον
1727 2028 1980 2097 ἡσυχίας.

413 2125 580 2178 Ἀλλὰ
628 2123 884 2177 κάκεῖθεν
920 2123 1075 2184 ὐετῖς
1102 2122 1300 2188 λάϐρος
1341 2122 1732 2189 καταρραγεὶς,
1761 2122 1852 2174 καὶ
1893 2121 1984 2172 τὸν

397 2219 645 2272 οἰκίσκον
701 2221 757 2268 ἐν
825 2210 980 2284 ᾧπερ
1051 2189 1143 2285 ἦν’
1185 2214 1606 2282 καταστρέψας,
1677 2213 1982 2282 ἀποστῆναι

399 2312 569 2364 πάλιν
607 2311 780 2364 ἐποίει
835 2311 931 2362 καὶ
981 2307 1058 2376 μὴ
1101 2305 1444 2376 βουλόμενον·
1493 2306 1586 2358 τοῦ
1629 2305 1766 2360 Θεοῦ
1809 2307 1984 2360 ταῦτα

400 2402 702 2464 λυσιτελῶς
755 2403 886 2464 ἴσως
938 2399 1376 2470 οίκονομοῦντος,
1415 2399 1501 2451 ἵνα
1535 2399 1610 2468 μὴ
1655 2400 1806 2469 παρὰ
1849 2399 1981 2450 πολὺ

401 2497 471 2562 τῇ
527 2493 624 2546 τοῦ
680 2493 918 2554 Πέλοπος
990 2490 1434 2561 ἐμφιλοχωρῶν,
1503 2490 1665 2559 ἀδικῇ
1731 2490 1830 2544 τὴν
1878 2507 1985 2543 πα-

402 2584 587 2655 τρίδα,
642 2584 813 2652 φυτοῦ
871 2582 1077 2637 τοιοῦδε
1135 2581 1456 2650 ἀποστερῶν
1509 2580 1680 2649 αὐτὴν
1730 2581 1822 2633 καὶ
1856 2579 1984 2646 32a-

405 2675 504 2743 στή
515 2692 705 2744 ματος.

472 2768 555 2817 υύ
595 2767 702 2834 γὰρ
760 2764 894 2818 πολὺ
940 2763 1000 2817 τὸ
1037 2765 1096 2816 ἐν
1145 2763 1318 2833 μέσῳ,
1375 2763 1518 2816 καὶὸ
1552 2761 1651 2832 μὲν
1703 2762 1984 2834 ἀλιτήριος

403 2859 651 2928 Συμεὼν,
697 2859 793 2912 καὶ
825 2857 1034 2910 πολλῶν
1068 2857 1323 2925 αίμὰτων
1362 2855 1767 2925 Χριστιανικῶν
1816 2855 1984 2925 ἐκχύ-

410 2964 548 3010 σεως
567 2949 762 3010 αἴτιος,
806 2947 862 3013 ἐξ
892 2946 1192 3016 ἀνθρώπων
1230 2945 1460 3012 γίνεταιο
1487 2945 1777 3015 ἐκδέχεται
1805 2946 1862 2999 δὲ
1887 2946 1986 3016 τὴν

2072 464 2372 530 p-rnieiem
2420 482 2483 519 ac
2512 468 2772 536 probrum
2822 470 3032 524 ordinis
3054 468 3406 524 manifestum
3431 473 3641 540 positus

2071 565 2240 609 esset.

2143 649 2304 703 Plane
2338 665 2464 702 vero
2516 654 2751 709 alienum
2797 657 2924 719 hoc,
2976 657 3315 724 omninoque
3367 658 3438 710 ab
3467 658 3642 712 hostis

2076 738 2277 793 invidia
2322 742 2629 799 abhorrens
2674 761 2791 801 erat
2824 759 2881 802 ut
2919 749 3293 802 adu‘tirabilem
3349 748 3552 803 LUCam
3588 750 3641 804 i-u

2071 829 2235 883 ﬁnem
2271 847 2444 901 usque
2483 836 2584 889 sub
2627 837 2820 906 Stylita
2872 841 3182 893 ministrare
3234 843 3575 908 permitteret
3619 861 3633 896 :

2072 939 2176 978 nec
2208 925 2389 993 potius
2411 942 2627 982 omnem
2665 942 2908 984 nmveret
2940 934 3197 1001 lapidem,
3236 950 3343 1002 quo
3381 936 3518 988 bona
3545 937 3646 990 hac

2073 1028 2200 1066 cum
2232 1015 2602 1078 negotiatione
2657 1019 2989 1085 prohiberet.
3041 1020 3192 1074 Hand
3227 1023 3408 1090 itaque
3437 1026 3647 1078 destitit

2074 1105 2256 1157 omnia
2313 1106 2564 1171 moliens,
2599 1109 2773 1163 donec
2825 1113 3073 1180 perfecit,
3132 1115 3434 1184 amimsqttc
3489 1119 3646 1172 benis

2078 1195 2166 1250 ille
2211 1197 2564 1254 adversarius
2637 1203 2707 1255 ab
2770 1203 2999 1258 invicem
3061 1207 3321 1272 sejnnxit.
3385 1209 3644 1275 Quaenam

2077 1303 2242 1357 porro
2272 1292 2638 1360 separatiouis
2694 1309 2759 1348 ac
2791 1297 3152 1364 sejunctionis
3185 1300 3447 1352 occasio?
3482 1300 3651 1354 Nimi-

2077 1393 2200 1430 rum
2257 1378 2303 1432 is
2358 1382 2444 1434 cui
2507 1382 2751 1438 littorum
2805 1401 2936 1440 cura
2979 1389 3272 1443 commissa
3336 1402 3474 1453 erat,
3525 1408 3648 1446 cum

2079 1477 2302 1536 propter
2337 1469 2576 1525 hostium
2612 1473 2982 1541 incursiones,
3034 1482 3266 1549 navigiis
3299 1485 3364 1535 ad
3411 1483 3648 1538 llrtladis

2083 1557 2216 1613 ﬁnes
2239 1562 2612 1619 transmittere
2644 1576 2876 1628 vetaret,
2915 1569 2964 1622 in
3024 1572 3240 1641 navigio
3277 1575 3648 1629 transmittere

2083 1661 2331 1717 paratum
2399 1653 2722 1722 inveniens,
2801 1659 2974 1728 plagis
3025 1663 3320 1719 dirissimis
3385 1668 3644 1722 concidit.

2083 1741 2290 1797 Idcirco
2324 1744 2491 1814 igitur
2529 1747 2633 1802 sibi
2673 1749 2926 1818 privatim
2956 1755 3140 1814 vivere
3169 1755 3406 1809 decrevit
3440 1775 3453 1810 :
3489 1759 3648 1812 deiu-

2081 1847 2316 1901 cepsque
2369 1836 2472 1888 sub
2520 1835 2630 1890 Deo
2689 1840 2988 1904 viventem,
3047 1857 3109 1896 ac
3145 1845 3386 1899 amicam
3429 1862 3646 1916 semper

2081 1925 2495 1992 antpleetentem
2526 1930 2794 1996 quit-tem,
2830 1935 3076 2000 pra-clari
3103 1939 3357 2003 martyris
3395 1938 3642 2008 Procopii

2081 2017 2383 2069 oratorium
2435 2020 2686 2074 habebat.
2729 2023 2840 2076 Sed
2875 2033 2928 2077 et
2963 2026 3087 2080 inde
3133 2028 3348 2083 irruens
3377 2032 3651 2099 copiosior

2084 2103 2275 2170 imber,
2303 2120 2366 2158 ac
2399 2107 2814 2177 doruuneulam,
2852 2129 2957 2182 qua
2992 2117 3238 2185 degebat,
3264 2130 3534 2186 evertens,
3570 2123 3653 2176 vel

2077 2191 2314 2248 inritum
2347 2213 2537 2251 rursus
2565 2200 2746 2268 abegit
2779 2219 2793 2255 :
2839 2203 2946 2256 Deo
2970 2204 3109 2260 forte
3143 2207 3254 2261 haec
3287 2211 3495 2264 utiliter
3541 2213 3654 2268 dis-

2083 2298 2367 2354 pensante,
2408 2299 2466 2341 ut
2502 2306 2568 2344 ue
2602 2293 2812 2346 diutius
2862 2294 2916 2347 in
2948 2295 3328 2366 Peloponneso
3374 2301 3650 2372 habitans,

2083 2379 2268 2444 patriae
2291 2378 2546 2446 iujnriam
2574 2381 2798 2448 faceret,
2831 2385 2920 2438 tali
2955 2404 3076 2440 eam
3105 2390 3288 2458 planta
3318 2408 3379 2447 ac
3409 2396 3652 2463 genuine

2084 2479 2326 2533 privatis.

2157 2747 2309 2804 llaud
2357 2750 2503 2804 enim
2537 2750 2775 2820 longiori
2829 2753 3117 2822 interiecto
3169 2765 3434 2826 tempore,
3489 2762 3654 2815 miser

2088 2839 2178 2895 ille
2209 2843 2468 2912 Synteon,
2501 2844 2710 2913 quique
2735 2845 2839 2900 fusi
2864 2847 3016 2900 multi
3046 2848 3341 2904 Christiani
3374 2855 3655 2920 sanguinis

2087 2947 2277 2990 auctor
2329 2938 2653 3001 exstitisset,
2717 2941 2786 2992 ab
2827 2940 3084 2995 humanis
3146 2943 3380 3013 migrat,
3424 2945 3655 3016 ejusque

409 3035 606 3088 τούτου
642 3035 816 3106 ἀρχὴν
842 3035 1074 3104 Πέτρος,
1106 3037 1133 3085 ὁ
1171 3031 1340 3086 αὑτοῦ
1384 3032 1483 3102 μὲν
1531 3033 1666 3097 υἱὸς,
1699 3033 1799 3102 ούχ
1832 3035 1980 3096 ὅπως

2085 3026 2378 3093 imperium
2431 3028 2672 3096 capessit
2746 3029 2981 3086 Petrus:
3018 3032 3098 3086 sic
3126 3034 3342 3101 quidem
3395 3035 3564 3101 ﬁlius,
3598 3049 3656 3092 ut

401 3125 462 3176 δὲ
502 3125 601 3194 τῆς
631 3124 786 3192 δόξης
815 3124 906 3176 καὶ
939 3123 1036 3191 τῆς
1070 3121 1282 3185 οὐσίας,
1318 3121 1461 3175 οὕτω
1486 3121 1550 3191 δὴ
1580 3123 1674 3174 καὶ
1703 3123 1800 3192 τῆς
1834 3121 1980 3191 ὠμό-

409 3233 571 3284 τητος
605 3217 700 3269 καὶ
748 3214 1164 3286 μισανθρωπίας
1201 3214 1391 3282 φανεὶς
1430 3213 1768 3284 κληρονόμος
1796 3232 1808 3246 ⁸
1845 3216 1983 3269 ἀλλὰ

405 3306 587 3376 πολλῷ
609 3307 810 3376 ταύτης
839 3306 1123 3374 ἀλλότριος
1143 3321 1156 3333 ·
1195 3307 1289 3358 καί⁵
1323 3304 1384 3358 τό
1413 3321 1476 3370 γε
1513 3307 1598 3369 εἰς
1629 3306 1793 3358 αὐτὴν
1845 3303 1982 3376 ἧκον

405 3397 560 3450 οὐδὲν
581 3398 722 3467 ἔχων
748 3400 960 3449 ἐκείνου
991 3397 1082 3448 τοῦ
1103 3396 1334 3466 αἵματος
1374 3397 1469 3449 καὶ
1503 3396 1608 3466 τῆς
1632 3399 1980 3466 συγγενείας.

412 3491 508 3552 Ὃς
535 3489 697 3552 εὐθὺς
753 3488 964 3558 χαίρειν
1005 3486 1173 3540 εἰπὼν
1211 3489 1404 3558 αἵμασι
1449 3489 1543 3541 καὶ
1573 3490 1829 3559 πολέμοις
1855 3532 1870 3554 ,
1907 3492 1984 3542 εἱ-

409 3587 583 3653 ρήνην
606 3582 704 3651 τὴν
744 3582 862 3651 μεθ’
914 3581 1071 3651 ἡμῶν
1120 3581 1424 3650 ἠσπάσατο·
1475 3582 1563 3634 ὅτε
1607 3582 1849 3651 ῥομφαία
1889 3583 1984 3634 καὶ

409 3676 543 3746 δόρυ
586 3675 683 3727 καὶ
716 3676 822 3726 πᾶν
867 3673 1029 3725 ὅπλον
1079 3673 1295 3742 σιδήρου
1319 3673 1705 3740 πεποιημένον,
1734 3675 1812 3734 εἰς
1860 3672 1986 3742 δρέ-

411 3783 556 3817 πανα
593 3767 688 3817 καὶ
741 3764 1054 3832 σκέπαρνον
1094 3763 1445 3832 προφητικῶς
1475 3763 1640 3830 φάναι
1687 3776 1984 3816 κατεσκευ·

407 3860 622 3920 ἀςοντο·
655 3857 817 3926 ἡνίκα
847 3857 940 3907 καὶ
966 3855 1183 3908 πάντων
1212 3855 1305 3907 ἐπὶ
1343 3855 1440 3917 τὰς
1472 3856 1678 3919 οίκείας
1711 3855 1894 3919 πόλεις
1926 3873 1985 3908 τε

411 3949 509 4002 καὶ
537 3948 751 4017 κώμας,
782 3948 873 4000 καὶ
915 3948 1013 4009 τὰς
1047 3946 1235 4008 ἑστίας
1293 3946 1460 4012 αὐτὰς
1516 3946 1980 4016 ἀνασωζομένων,

405 4042 500 4093 καὶ
529 4042 557 4092 ὀ
596 4041 736 4101 θεῖος
774 4039 986 4100 Λουκᾶς
1036 4039 1115 4101 είς
1175 4037 1274 4108 τὴν
1323 4039 1462 4090 κατὰ
1493 4037 1584 4090 τὸν
1647 4039 1984 4107 Ἰωαννίτζην

405 4131 778 4202 περιπόθητον
823 4130 1059 4201 ἡσυχίαν
1087 4128 1355 4192 ποθεινῶς
1402 4129 1648 4200 ἐπανῄει·
1679 4131 1855 4182 πόνων
1881 4130 1982 4199 μὲν

405 4225 618 4284 ἐκεῖνος
676 4221 786 4274 τῶν
835 4221 1015 4274 αὐτῶν
1074 4221 1106 4290 ἢ
1151 4221 1245 4273 καὶ
1295 4222 1562 4289 ¹μειζόνων
1615 4221 1716 4291 τῆς
1779 4221 1984 4291 ἀρετῆς

409 4315 684 4384 ἐχόμενος·
713 4314 861 4367 λύειν
887 4313 950 4366 δὲ
989 4313 1113 4374 τοὺς
1149 4312 1354 4383 ἐτέρων
1385 4312 1582 4375 πόνους
1607 4355 1623 4379 ,
1655 4314 1751 4366 καὶ
1781 4314 1984 4384 μᾶλλόν

2084 3128 2264 3172 tamen
2310 3133 2680 3188 nequaquam,
2713 3121 2791 3174 uti
2825 3121 3009 3190 gloriae
3055 3139 3118 3178 ac
3164 3125 3504 3190 substantiae,
3575 3129 3649 3182 ita

2075 3224 2300 3277 quoque
2323 3210 2663 3265 crudelitatis
2698 3227 2762 3267 ac
2817 3213 3236 3270 inhumanimtis
3297 3218 3468 3273 breres
3497 3221 3652 3275 virus

2081 3302 2152 3356 sit
2181 3318 2198 3366 ;
2231 3303 2323 3356 sed
2368 3303 2550 3371 plane,
2590 3305 2747 3372 longe
2777 3307 2847 3358 ab
2877 3322 2938 3358 ea
2961 3307 3213 3373 alienus;
3249 3311 3474 3379 quippe,
3506 3315 3652 3381 quod

2077 3396 2147 3446 ad
2185 3395 2360 3462 ipsum
2394 3405 2621 3463 speetat,
2660 3399 2791 3450 nihil
2829 3399 2977 3451 illius
3002 3403 3288 3470 sanguinis
3321 3405 3526 3457 trabeas
3583 3420 3650 3458 ac

2083 3484 2382 3538 alﬁni-tatis.
2450 3485 2496 3540 Is
2551 3488 2734 3540 statim
2802 3490 3100 3557 sanguines
3157 3508 3220 3545 ac
3284 3493 3422 3546 bella
3465 3498 3650 3550 valere

2080 3575 2304 3644 juhens,
2363 3591 2549 3646 pacem
2603 3595 2726 3632 cum
2784 3579 3048 3635 Rotuanis
3099 3584 3193 3634 init
3233 3599 3247 3636 :
3289 3587 3545 3653 quando,
3599 3597 3656 3640 nt

2085 3670 2267 3724 verbis
2291 3672 2574 3741 propheta:
2597 3673 2778 3742 utari',
2812 3674 3024 3742 gladius
3071 3691 3134 3728 ar.
3159 3675 3368 3739 lancea,
3397 3693 3657 3747 armaque

2081 3763 2267 3815 omnia
2301 3762 2443 3816 ferro
2471 3763 2738 3828 confecta,
2771 3765 2839 3828 in_
2859 3767 3051 3820 falcem
3084 3782 3147 3821 ac
3181 3767 3418 3838 ligonem
3448 3771 3656 3824 cordia-

2087 3852 2284 3906 bantur
2317 3855 2578 3922 :quando
2619 3856 2746 3910 item
2785 3857 3084 3920 universis,
3111 3859 3164 3910 in
3203 3861 3450 3926 proprias
3495 3863 3655 3917 urbes

2085 3957 2150 3997 ac
2176 3943 2394 4012 oppida,
2432 3945 2691 4016 ipsosque
2709 3948 2850 4001 lares
2884 3964 3006 4002 cum
3041 3952 3220 4004 salute
3251 3956 3653 4016 remeantibus.

2085 4033 2306 4089 divinus
2335 4049 2555 4104 qucque
2613 4037 2811 4103 Lucas,
2842 4039 2908 4091 ad
2963 4039 3262 4108 impensius
3293 4044 3653 4098 desideratam

2081 4126 2401 4183 Jaannatzis
2421 4130 2769 4185 solitudinem
2791 4132 3171 4187 desideranter
3203 4137 3365 4190 rediit
3391 4155 3526 4193 :eus
3551 4145 3651 4194 tein

2085 4221 2304 4289 quidem
2333 4221 2446 4290 ipse
2480 4231 2576 4276 aut
2617 4223 2780 4278 etiam
2815 4225 3049 4292 majores
3085 4229 3406 4282 consectans
3438 4231 3657 4285 virtutis

2087 4311 2306 4367 labores
2339 4329 2354 4367 :
2389 4322 2448 4366 ut
2480 4324 2660 4367 tamen
2701 4315 2916 4369 labores
2945 4316 3202 4379 aliorum,
3244 4333 3306 4370 ac
3337 4323 3657 4390 cumprimis

407 4425 468 4474 γε
493 4407 620 4468 τοὺς
674 4405 734 4468 ἐξ
761 4404 1070 4476 ὁδοιπορίας
1119 4403 1208 4457 διὰ
1258 4403 1360 4473 τῆς
1398 4403 1784 4475 φιλανθρώπου
1839 4405 1982 4473 φιλο-

2091 4418 2156 4457 ex
2190 4403 2383 4456 itinere
2409 4415 2717 4474 susceptos,
2751 4405 2983 4476 benigna
3012 4408 3379 4478 hospitalitate
3409 4425 3656 4466 recreare

409 4497 586 4562 ξενίας
611 4493 1066 4564 ἐπιμελούμενος.

479 4587 674 4658 Ταύτῃ
697 4603 778 4639 τοι
805 4586 897 4637 καὶ
935 4585 1177 4648 ἀκούσας
1226 4584 1318 4637 τὸν
1371 4585 1468 4656 τῆς
1515 4585 1780 4655 Κορίνθου
1820 4587 1986 4656 πρόε-

407 4679 537 4750 δρον
568 4681 648 4740 εἰς
682 4681 778 4748 τὴν
813 4677 1064 4747 βασιλίδα
1094 4677 1200 4729 τῶν
1234 4677 1442 4729 πόλεων
1473 4680 1713 4741 ἀνιόντα,
1738 4678 1854 4729 ἐκεῖ
1885 4695 1988 4730 που

338 4816 346 4822 .
408 4771 641 4841 πλησίον
672 4769 765 4822 τοῦ
810 4787 870 4822 τε
910 4769 1075 4821 πόνου
1127 4769 1312 4838 λῆξαι,
1358 4769 1453 4821 καὶ
1498 4768 1670 4839 βραχύ
1721 4785 1774 4820 τι
1808 4769 1988 4821 διανα-

411 4865 710 4927 παύεσθαι,
747 4862 1000 4934 προοῄειο
1043 4864 1102 4916 ού
1141 4865 1326 4926 κεναῖς
1381 4865 1590 4933 χερσὶν,
1638 4863 1777 4914 ἀλλὰ
1839 4863 1988 4933 δῶρα

408 4959 611 5026 φέρων·
661 4955 872 5026 σμικρὰ
927 4954 1050 5025 μὲν,
1103 4954 1316 5027 μεγάλῃ
1365 4954 1421 5006 δὲ
1457 4955 1551 5006 καὶ
1611 4954 1882 5024 φιλοτίμῳ
1915 4958 1984 5024 τῇ

406 5048 758 5118 προαιρέσει,
789 5047 926 5099 καθὸ
956 5048 1023 5099 τὰ
1067 5047 1302 5116 μάλιστα
1336 5041 1409 5099 ὦν
1432 5043 1565 5114 εἶχε,
1599 5046 1865 5116 προσῆγε,
1891 5047 1986 5098 καὶ

405 5134 481 5194 ὧν
515 5141 668 5194 οὐδὲν
697 5141 949 5208 κρεῖττον
991 5139 1121 5208 παρ’
1145 5138 1324 5206 ἐαυτῴ
1369 5138 1740 5207 ἀπελίμπανεο
1777 5139 1985 5208 λάχανα

407 5230 500 5283 τοῦ
534 5230 859 5300 πονηθέντος
890 5229 1036 5300 αύτῴ
1062 5229 1392 5300 παραδείσου
1436 5229 1712 5299 πολυειδῆ·
1749 5229 1900 5300 αύτῷ
1931 5247 1989 5282 τε

410 5325 501 5373 ναὶ
540 5324 650 5384 τοῖς
685 5323 781 5373 σὺν
814 5321 960 5392 αύτῴ
984 5323 1263 5391 κληρικοίς
1296 5321 1413 5391 ἃμα
1453 5321 1546 5373 καὶ
1585 5320 1870 5391 ἄρχουσιν·
1897 5323 1988 5390 ὑφ’

408 5407 484 5464 ιῖιν
534 5413 631 5464 καὶ
692 5412 966 5482 διδαχθεὶς
1017 5413 1167 5475 ὅστις
1233 5413 1346 5482 εἴη,
1391 5411 1493 5465 ποῦ
1543 5429 1603 5464 τε
1650 5413 1852 5480 διάγει,
1895 5413 1988 5464 καὶ

409 5502 606 5556 ὁποίαν
636 5503 745 5573 ἄρα
779 5506 876 5574 τὴν
897 5505 1119 5572 ἀγωγὴν
1153 5505 1413 5573 μέτεισιν·
1439 5503 1632 5574 ἀνδρὸς
1686 5502 1985 5572 φιλαρέτου

489 5682 509 5709 ⁸
546 5682 650 5733 lsa.
697 5697 756 5740 ιι,
789 5683 841 5733 .5.

2090 4497 2354 4552 studeret.

2162 4585 2508 4657 Quapropter
2581 4589 2744 4642 etiam
2797 4589 2887 4642 ubi
2921 4589 3168 4644 Corinthi
3223 4591 3537 4661 episcopum
3588 4593 3655 4646 ad

2093 4679 2282 4732 urbem
2337 4680 2544 4746 regiam
2595 4679 3007 4747 ascendentem,
3039 4682 3182 4736 haud
3214 4688 3406 4753 proco!
3458 4686 3659 4740 laboris

2095 4769 2350 4824 inducias
2389 4772 2590 4833 iacere.
2632 4788 2696 4827 ac
2728 4773 3008 4840 paululum
3057 4774 3341 4844 quiescere
3394 4777 3657 4842 audisset,

2101 4876 2226 4914 eum
2259 4862 2413 4925 adiit,
2451 4862 2591 4916 haud
2628 4864 2814 4918 vacuis
2871 4866 3144 4925 manibus.
3192 4881 3381 4920 verum
3436 4883 3658 4921 munera

2095 4951 2368 5014 alicnens,
2421 4953 2512 5005 illa
2561 4953 2779 5021 quidem
2839 4954 3056 5022 exigua,
3099 4971 3292 5025 magna
3353 4966 3531 5010 tamen
3595 4972 3660 5012 ac

2093 5042 2236 5110 larga
2269 5044 2545 5097 voluntate
2581 5061 2596 5098 :
2629 5045 2900 5114 siquidem
2927 5062 2989 5100 ea
3022 5051 3261 5103 maxime
3294 5049 3512 5112 obtulit,
3539 5065 3659 5118 quae

2094 5137 2476 5203 suppetebant,
2529 5151 2594 5190 ac
2647 5138 2852 5204 quibus
2912 5139 3045 5191 nihil
3112 5141 3304 5194 melius
3364 5142 3658 5209 repositum

2103 5227 2374 5284 haberet:
2417 5243 2610 5298 nempe
2668 5230 2870 5284 diversi
2923 5234 3139 5299 generis
3179 5233 3349 5297 olera,
3393 5249 3460 5286 ex
3504 5233 3662 5286 horto

2098 5333 2259 5388 quem
2295 5319 2530 5382 colebat.
2565 5334 2688 5374 cum
2721 5321 2997 5388 episeopo,
3031 5333 3141 5373 tum
3185 5323 3476 5376 comitibus
3503 5322 3662 5376 cleri-

2096 5411 2176 5465 cis
2221 5412 2424 5480 pariter
2470 5426 2535 5465 ac
2560 5412 2690 5468 viris
2719 5412 3017 5465 nobilibus.
3048 5412 3091 5464 Α
3131 5414 3332 5480 quibus
3359 5415 3523 5468 etiam
3566 5415 3662 5467 do-

2095 5513 2217 5556 ctus
2255 5502 2364 5568 ille,
2401 5503 2654 5572 quisnam
2692 5503 2738 5557 is
2766 5511 2934 5564 esset,
2976 5518 3038 5555 ac
3073 5503 3161 5555 ubi
3192 5514 3404 5572 ageret,
3462 5520 3661 5575 qnam-
