4088 6208
462 298 571 360 455

1908 295 2253 356 ΛΝΟΝΥΜῙ
3606 292 3715 355 455

455 426 569 481 que
600 412 721 463 vita:
753 411 1022 465 rationem
1050 420 1262 467 teneret
1283 451 1298 475 ,
1329 426 1442 465 rem
1482 408 1612 464 fecit
1641 409 1741 461 viri
1767 406 2025 474 studiosi,

2140 408 2401 479 καὶπρὸς
2457 408 2526 463 τὰ
2575 409 2695 463 θεῖα
2744 410 3028 481 ἐρωτικῶς
3057 410 3275 479 ἔχοντος
3330 409 3490 479 ἔργον
3513 410 3711 464 ἐποίει.

454 513 620 572 atque
672 505 723 555 in
750 504 931 557 divina
960 514 1207 558 amanter
1236 503 1438 556 aﬂ'ecti.
1477 501 1697 555 Fastum
1731 501 1931 569 quippe
1963 515 2026 554 ac

454 595 738 665 dignitatis
795 598 1015 648 modum
1069 594 1459 664 parvifaciens,
1515 591 1735 661 plurimi
1784 592 2027 645 aestima-

457 688 572 752 bat,
617 697 674 741 ut
714 687 812 739 viri
848 689 1122 755 pauperis,
1160 701 1473 755 quanquam
1517 684 1883 753 spiritualium
1937 699 2027 737 ra-

460 778 605 829 tione
640 791 747 828 non
777 787 895 829 erat
928 792 1156 845 pauper,
1199 777 1476 844 tugurium
1502 775 1724 829 viseret.

531 864 768 919 Veniens
794 867 1002 934 itaque,
1028 869 1258 936 ejusque
1282 865 1464 920 omnia
1498 864 1762 929 lustrans,
1794 863 2033 917 admira-

463 957 599 1009 tioni
668 959 945 1021 habebat,
1003 972 1125 1026 quae
1189 959 1369 1025 reipsa
1438 956 1806 1011 admiratione
1866 955 2031 1024 digna

459 1059 618 1102 erant
652 1067 664 1102 :
696 1065 803 1103 nou
835 1049 1055 1104 divitias
1084 1066 1149 1104 ac
1176 1050 1517 1119 superbiam,
1541 1050 1634 1105 sed
1663 1049 2031 1104 voluntariam

464 1150 835 1211 paupertatem
859 1156 922 1194 ac
949 1141 1090 1195 ultro
1113 1151 1475 1210 assumptam.
1501 1141 1842 1210 Quapropter
1863 1142 2031 1194 etiam

462 1235 658 1289 alacris
702 1235 915 1296 statuit,
974 1248 1109 1287 auro
1160 1235 1422 1303 prosequi
1460 1235 1658 1287 virum.
1702 1234 1793 1286 Sic
1829 1234 2033 1302 quippe

462 1327 636 1381 miors
673 1337 777 1390 est,
811 1338 873 1380 ut
905 1326 1101 1379 nedum
1150 1327 1458 1397 egentibus,
1493 1328 1586 1380 sed
1639 1337 1690 1378 et
1719 1326 1785 1378 iis
1816 1325 1908 1393 qui
1941 1339 2035 1377 su-

464 1420 743 1473 blimiores
775 1430 904 1473 sunt
964 1436 1127 1486 quam
1168 1430 1225 1472 ut
1274 1428 1489 1487 egeant,
1530 1418 1768 1471 alacrius
1812 1431 1875 1469 ac
1910 1430 2036 1485 pro-

463 1509 686 1577 pensius
754 1508 1072 1577 largiantur.
1131 1508 1305 1562 Jussit
1361 1523 1489 1577 ergo
1552 1523 1719 1559 unum
1784 1506 2023 1575 aliquem

460 1617 687 1670 erogare
728 1601 867 1653 inter
912 1601 1242 1654 domesticos
1277 1601 1633 1667 praecipuum.
1685 1595 1882 1651 Verum
1941 1596 2033 1650 ille

462 1695 711 1762 accipere
772 1696 999 1749 renuit:
1044 1712 1060 1743 ι
1106 1692 1561 1760 Haudquaquam,
1610 1689 1825 1759 inquit,
1856 1689 2034 1742 domi-

2134 504 2363 573 Κόμπον
2393 496 2487 556 καὶ
2518 502 2831 572 ἀξιώματος
2883 504 3081 572 μέτρον
3119 502 3321 571 φαῦλον
3371 500 3513 556 εἶναι
3559 506 3717 571 νομί-

2134 614 2254 659 σας,
2324 596 2384 648 ὲν
2453 596 2675 665 μεγάλῳ
2739 595 2949 659 ἐτίθει,
3028 596 3267 664 πένητος
3348 596 3581 666 ἀνδρὸς,
3667 598 3716 648 εί

2130 690 2227 741 καλ⁵
2260 688 2335 759 μὴ
2384 690 2553 758 πένης
2586 685 2655 759 ἦν
2689 688 2760 741 τὰ
2794 688 3166 756 πνευματικὰ,
3193 687 3439 759 καλύϐην
3490 689 3643 741 ἰδεῖν.

2214 874 2417 927 Ἐλθὼν
2474 872 2603 936 οῦν,
2662 877 2756 927 κα)⁵
2811 873 2933 942 ὕψει
2994 873 3064 927 τὰ
3118 872 3327 926 ἐκείνου
3379 873 3718 943 περιλαϐὼν,

2134 965 2508 1036 ἐθαύμαζενᾶ
2544 966 2847 1034 θαυμάζειν
2892 965 3109 1034 ἀληθῶς
3150 965 3323 1029 ἄξιον·
3363 964 3424 1017 οὐ
3489 965 3720 1018 πλοῦτον

2138 1061 2235 1112 καὶ
2264 1057 2642 1128 περιφάνειαν,
2670 1056 2807 1110 ἀλλὰ
2841 1056 3031 1109 πενίαν
3061 1055 3367 1109 ἐθελούσιον
3410 1058 3504 1109 καὶ
3530 1056 3719 1109 αὐθαι-

2136 1166 2312 1221 ρειτον⁸
2344 1150 2423 1201 διὸ
2472 1149 2565 1201 καὶ
2596 1147 2876 1218 πρόθυμος
2921 1148 3179 1216 κατέστη,
3221 1147 3410 1218 χρυσῷ
3458 1147 3720 1214 δεξιώτα-

2136 1242 2262 1296 σθαι
2291 1241 2383 1293 τὸν
2422 1240 2610 1310 ἄνδρα.
2645 1240 2755 1292 Καὶ
2782 1240 2892 1308 γὰρ
2932 1238 3229 1308 εἰώθαμεν,
3273 1239 3336 1291 οὐ
3366 1240 3480 1301 τοῖς
3529 1238 3719 1308 δεομέ-

2134 1349 2246 1394 νοις
2297 1329 2519 1398 μᾶλλον,
2577 1329 2716 1382 ἀλλὰ
2780 1333 2890 1393 τοῖς
2948 1330 3042 1382 τοῦ
3092 1328 3298 1382 δεῖσθαι
3363 1329 3721 1401 ὑψηλοτέροις

2136 1420 2456 1492 χαρίζεσθαι
2503 1419 2933 1490 προθυμότερον.
3011 1420 3069 1471 ’0
3124 1419 3225 1487 μὲν
3287 1414 3383 1472 οῦν
3448 1420 3720 1491 ἐπέτρεπε

2134 1517 2312 1569 δοῦναι
2353 1514 2432 1584 τῷ
2477 1516 2791 1583 οίκειοτέρῳ
2851 1514 2956 1566 τῶν
3007 1514 3339 1567 ἀκολούθων.
3390 1514 3448 1566 '0
3482 1513 3538 1566 δὲ
3562 1513 3722 1565 τοῦτο

2135 1607 2318 1660 λαϐεῖν
2367 1608 2637 1669 ἀνένευεν,
2687 1625 2706 1657 ι
2764 1607 2837 1658 Οὐ
2890 1607 3119 1677 χρυσίον
3143 1607 3337 1674 λέγων,
3378 1599 3423 1657 ὦ
3458 1605 3720 1669 δέσποτα,

2136 1701 2390 1770 δεόμενος
2426 1699 2756 1770 προσῆλθον*
2820 1699 2937 1752 ἀλλ’
2980 1700 3157 1769 εὐχῶν
3208 1701 3303 1752 καὶ⁵
3351 1698 3721 1761 διδασκαλίας.

463 1803 551 1849 ne,
586 1789 704 1839 auri
740 1787 987 1855 indigens
1040 1786 1287 1847 accessi;
1340 1785 1434 1839 sed
1469 1800 1689 1854 precum
1722 1799 1787 1837 ac
1827 1784 2033 1836 doctri-

2140 1793 2203 1844 'l‘t'
2266 1796 2373 1861 γὰρ
2431 1791 2569 1862 πρὸς
2628 1792 2831 1861 ἡμᾶςό
2867 1792 3088 1861 χρυσὸς,
3162 1791 3222 1854 ὃς
3275 1791 3446 1853 οὓτως
3498 1791 3723 1860 εἱλόμην

462 1894 566 1933 nae.
597 1879 733 1942 Quid
796 1879 939 1931 enim
991 1877 1056 1929 ad
1113 1892 1198 1931 me
1229 1892 1424 1929 aurum
1462 1917 1476 1942 ,
1534 1878 1627 1944 qui
1666 1878 1744 1930 sic
1776 1875 2030 1944 elegerim

462 1969 681 2021 vivere?
715 1968 787 2021 Da
824 1985 955 2037 ergo
988 1970 1036 2021 id
1088 1985 1197 2036 quo
1242 1984 1398 2036 egeo,
1457 1984 1521 2021 ac
1559 1970 1719 2038 cujus
1743 1970 1886 2022 acris
1947 1983 2033 2021 me

462 2061 581 2113 sitis
628 2061 808 2123 habet,
845 2062 1031 2111 rudem
1081 2077 1163 2111 me
1196 2076 1260 2113 ac
1314 2061 1583 2113 rusticum
1637 2062 1867 2127 docens,
1916 2075 2026 2127 qua

459 2162 712 2220 oporteat
744 2155 951 2204 ratione
975 2154 1203 2205 salutem
1231 2167 1574 2220 comparare.
1615 2171 1632 2203 ι

539 2242 710 2295 l’orro
758 2242 1005 2295 tristatus
1056 2251 1140 2295 est
1175 2242 1327 2294 valde
1375 2240 1615 2309 pontifex
1652 2256 1748 2309 pro
1785 2242 1909 2294 doni
1945 2257 2038 2295 re-

459 2335 777 2404 pudiatione
814 2356 825 2389 :
865 2350 968 2386 nou
1002 2334 1136 2398 dati,
1196 2336 1289 2386 sed
1343 2336 1427 2386 sui
1483 2333 1663 2401 potius
1700 2335 2031 2399 spretionem

463 2436 634 2488 ratus,
678 2426 823 2492 quod
848 2426 919 2478 ita
948 2435 1157 2494 gestum
1203 2432 1350 2478 esset
1394 2440 1406 2476 :
1447 2439 1511 2477 ac
1547 2436 1805 2493 tanquam
1845 2425 1888 2477 is
1914 2428 2033 2494 qui-

460 2521 580 2573 dein
618 2518 840 2571 haberet
872 2518 1241 2571 necessarium
1291 2532 1508 2581 aurum,
1542 2532 1607 2569 eo
1640 2524 1820 2570 tamen
1851 2518 2033 2571 datum

463 2613 776 2682 repulisset,
802 2612 945 2681 quod
969 2611 1089 2679 ejus
1114 2612 1253 2664 dona
1277 2607 1865 2679 displicet-ent.,ldcii'co
1888 2612 2034 2680 gravi

462 2706 647 2759 cordis
685 2704 876 2758 dolore
914 2714 1091 2758 tactus
1127 2719 1141 2757 :
1178 2721 1197 2754 t
1242 2703 1542 2768 Quorsum,
1574 2704 1775 2773 inquit,
1819 2704 1883 2757 ad
1910 2719 2034 2758 eum

467 2798 716 2861 modum,
777 2813 882 2850 una
918 2812 1043 2851 cum
1104 2796 1271 2861 dono,
1326 2812 1426 2851 nos
1461 2812 1683 2866 quoque
1739 2797 2036 2866 repulisti?

463 2888 597 2943 Nam
634 2900 686 2943 et
709 2904 808 2957 ego
832 2889 1009 2942 ﬁdelis
1062 2904 1205 2950 sum;
1253 2903 1564 2957 quanquam
1597 2896 1886 2956 peccator;
1920 2888 2036 2957 epi-

464 2995 686 3049 scopus,
720 2983 932 3034 tametsi
975 2980 1252 3047 indignus.
1286 2978 1402 3043 Qua
1431 2994 1563 3046 ergo
1593 2980 1804 3033 ratione
1854 2980 1946 3048 qui
1979 2980 2032 3033 in

464 3074 723 3127 omnibus
755 3073 1036 3128 Christum
1074 3073 1276 3128 imitari
1306 3073 1460 3137 velis,
1495 3072 1615 3142 ejus
1641 3072 1692 3125 in
1726 3074 1830 3127 hoc
1856 3074 2035 3126 imita-

463 3170 668 3220 tionem
731 3183 838 3220 non
896 3166 1187 3221 admittis?
1230 3158 1361 3219 Nam
1421 3176 1475 3220 et
1527 3166 1638 3227 ille,
1670 3167 1813 3219 ultro
1866 3180 1896 3219 a
1930 3165 2034 3234 piis

463 3256 772 3310 volentibus
830 3257 1015 3309 oblata
1072 3256 1394 3324 recipiebat,
1444 3255 1675 3323 ejusque
1732 3255 1809 3307 rei
1871 3264 2036 3308 testes

462 3336 669 3400 loculos
696 3347 878 3400 babes.
920 3344 1157 3399 Omnino
1199 3346 1367 3410 enim,
1409 3345 1627 3399 tametsi
1680 3345 1815 3414 ipse,
1846 3345 2035 3398 datum

461 3452 661 3491 munus
691 3438 1057 3491 necessarium
1093 3454 1196 3490 non
1242 3437 1482 3501 habeas;
1535 3446 1589 3489 at
1617 3436 1860 3505 porriges
1891 3437 2035 3489 iudi-

461 3527 714 3594 gentibus
772 3528 916 3581 aliis.
965 3527 1119 3581 Nunc
1170 3535 1371 3588 autem,
1418 3509 1561 3594 quod
1614 3528 1678 3578 ad
1725 3535 1775 3578 te
1806 3536 2033 3593 spectat,

462 3619 695 3671 stultum
746 3620 877 3685 quid
932 3634 996 3670 ae
1036 3618 1362 3670 irrationale
1387 3619 1446 3670 lit
1496 3618 1864 3670 beneficentiae
1897 3632 2037 3686 prat-

456 3722 675 3777 Crptum
696 3747 711 3771 ,
774 3710 965 3776 sicque
992 3709 1159 3761 animi
1190 3710 1369 3762 omnis
1400 3708 1661 3777 religiosi,
1695 3694 1764 3762 ac
1789 3709 2035 3777 benigni—

463 3808 575 3851 tate
614 3800 665 3850 in
722 3799 1007 3867 proximos
1065 3800 1341 3859 habentis,
1408 3800 1805 3867 ingenuitatem
1859 3799 2033 3853 laedis.

460 3892 662 3960 Atque,
702 3901 761 3943 ut
797 3894 961 3944 Verbo
991 3891 1192 3954 dicam,
1244 3906 1355 3943 rrm
1390 3890 1557 3953 tollis,
1583 3906 1687 3959 qua
1730 3891 1892 3943 simul
1918 3907 2039 3960 gra-

466 3985 610 4040 vauti
632 3986 937 4055 paupertati
962 3986 1217 4039 solatium
1239 3984 1485 4039 adhiberi
1504 3986 1694 4055 possit,
1742 3987 2037 4055 multsque

463 4079 545 4131 via
582 4087 764 4147 pateat
798 4079 1015 4131 salutis.
1077 4096 1095 4128 ι

533 4170 629 4225 His
661 4169 881 4236 auditis,
917 4170 1058 4224 haud
1080 4170 1220 4224 ultra
1251 4170 1342 4225 Dei
1376 4172 1539 4225 homo
1570 4169 1814 4225 muneris
1842 4184 2037 4238 accep-

462 4266 666 4319 tiouem
719 4266 1113 4335 repudiandam
1153 4267 1385 4335 putavit,
1429 4278 1485 4320 ut
1523 4280 1589 4319 ne
1629 4266 1731 4318 sibi
1796 4267 1911 4333 ipse
1940 4280 2035 4318 os—

463 4359 837 4421 tentationem,
870 4373 933 4411 ac
957 4358 1190 4411 antistiti
1226 4358 1495 4411 tristitiam
1525 4356 2036 4410 immoderationem

2063 3142 2109 3200 C

2141 1887 2323 1957 βιοῦν;
2363 1888 2461 1948 Δὸς
2503 1884 2795 1952 τοιγαροῦν
2832 1877 2892 1937 οῦ
2922 1885 3116 1954 δέομαι
3172 1887 3267 1938 καὶ
3308 1884 3511 1955 σφόδρα
3561 1882 3721 1952 διψῶ,

2138 1980 2355 2043 διδάξας
2406 1979 2497 2030 τὸν
2558 1975 2749 2046 ἀμαθῆ
2796 1976 2896 2047 ἐμὲ
2950 1978 3043 2029 καὶ
3080 1979 3344 2047 ἄγροικον
3375 1977 3493 2039 πῶς
3535 1975 3617 2027 δεῖ
3659 1990 3724 2043 με

2139 2072 2403 2141 σωθῆναι.
2437 2091 2455 2124 ι

2224 2214 2504 2325 Ἑλυπήθη
2538 2255 2660 2308 λίαν
2690 2257 2783 2310 ἐπὶ
2824 2255 2901 2325 τῷ
2934 2214 3303 2324 ἀ⁸παραδέκτῳ
3334 2253 3432 2323 τῆς
3465 2252 3678 2322 δωρεάς
3700 2253 3728 2305 ὀ

2138 2346 2590 2414 ἀρχιεπίσκοπος,
2618 2349 2679 2400 οὐ
2700 2348 2793 2401 τοῦ
2819 2349 3122 2417 διδομένου,
3154 2344 3271 2398 ἀλλ’
3304 2344 3499 2397 ἑαυτοῦ
3527 2344 3727 2414 μᾶλλον

2143 2438 2447 2507 ὑπεροψίαν
2490 2439 2551 2491 τὸ
2582 2439 2825 2509 πραχθὲν
2875 2438 3248 2508 ἡγησάμενον
3280 2439 3374 2488 καὶ
3401 2436 3476 2497 ὠς
3507 2434 3724 2505 χρῄζων

2140 2528 2323 2588 αὐτός·
2382 2527 2494 2579 ἀλλ’
2541 2527 2618 2590 ὡς
2667 2530 2780 2590 τοῖς
2835 2528 3047 2580 ἐκείνου
3104 2524 3306 2594 μᾶλλον
3343 2526 3417 2594 μὴ
3464 2524 3721 2586 εὐδοκῶν,

2140 2619 2485 2674 ἀπώσασθαι.
2528 2621 2636 2673 Καὶ
2669 2621 2757 2673 διὰ
2799 2619 2959 2672 τοῦτο
2992 2621 3135 2673 πάνυ
3174 2619 3273 2688 τὴν
3304 2619 3534 2685 καρδίαν
3568 2636 3729 2687 περι-

2142 2714 2314 2781 αλγὴς
2344 2712 2440 2779 ῶν,
2493 2732 2511 2763 ι
2556 2714 2685 2766 Ἰνα
2726 2713 2800 2777 τί,
2832 2713 2959 2781 ἔφη,
2992 2711 3161 2774 οὓτως
3192 2711 3398 2763 ἀπώσω
3436 2710 3577 2779 μετὰ
3628 2710 3726 2779 τῆς

2141 2806 2355 2874 δωρεᾶς
2414 2806 2507 2857 καὶ
2559 2806 2746 2873 ἡμᾶς;
2798 2806 2998 2867 Πιστὸς
3051 2804 3159 2874 γὰρ
3208 2805 3303 2855 καὶ
3365 2804 3546 2867 αὐτὸς,
3618 2804 3724 2856 κᾶν

2143 2899 2493 2969 ἁμαρτωλός·
2532 2900 2831 2961 ἐπίσκοπός
2869 2917 2951 2963 τε,
2988 2902 3034 2952 εί
3067 2902 3161 2951 καὶ
3188 2897 3426 2961 ἀνάξιος.
3482 2897 3602 2959 Πῶς
3630 2893 3725 2950 οῦν

2144 2992 2202 3041 ὲν
2242 2990 2374 3042 πᾶσι
2441 2989 2685 3060 μιμητὴς
2738 2989 2937 3041 ἐθέλων
2995 2984 3135 3041 εἶναι
3195 2987 3457 3056 Χριστοῦ,
3499 2988 3613 3060 Ατὴν
3669 2988 3727 3038 ὲν

2140 3082 2317 3151 τούτῳ
2352 3080 2583 3152 μίμησιν
2636 3082 2695 3133 οὐ
2757 3082 2990 3152 προσίῃς
3033 3081 3276 3150 Ἐδέχετο
3304 3082 3397 3133 καὶ
3423 3056 3589 3138 αὐτὸς
3615 3079 3725 3131 τῶν

2142 3173 2387 3226 εὐσεϐῶν
2432 3173 2777 3243 βουλομένων
2827 3172 2926 3235 τὰς
2970 3173 3343 3242 προαιρέσεις,
3400 3173 3497 3224 καὶ
3535 3171 3723 3223 τούτου

2148 3266 2454 3337 μαρτύριον
2494 3265 2744 3334 ἀψευδὲς,
2782 3264 2841 3317 τὸ
2871 3265 3281 3333 γλωσσόκομον.
3317 3264 3543 3325 Πάντως
3594 3263 3725 3333 γὰρ,

2140 3360 2187 3409 εἰ
2219 3357 2314 3410 καὶ
2364 3356 2430 3408 σὺ
2470 3356 2659 3425 μηδενὶ
2720 3355 2834 3426 [γρ.
2868 3356 2944 3425 μὴ
2974 3354 3091 3426 δέῃ]
3120 3355 3213 3407 τοῦ
3256 3354 3561 3424 διδομένου,
3613 3350 3725 3406 ἀλλ’

2140 3451 2349 3516 ἑτέροις
2393 3447 2551 3499 τοῦτο
2592 3446 2866 3516 δεομένοις
2915 3447 3149 3517 ὀρέξεις.
3197 3445 3311 3498 Νῦν
3345 3446 3401 3498 δὲ
3423 3446 3482 3497 τό
3512 3462 3575 3513 γε
3608 3445 3718 3506 σὺν,

2143 3542 2372 3611 μάταιόν
2407 3556 2459 3592 τι
2491 3541 2585 3591 καὶ
2638 3539 2924 3607 ἀλόγιστον
2976 3538 3075 3607 τῆς
3130 3536 3378 3599 εὐποιίας
3423 3539 3455 3605 ἡ
3496 3536 3723 3605 ἐντολή·

2139 3633 2232 3683 καὶ
2259 3632 2454 3699 πηροῖς
2492 3628 2663 3691 οὕτως
2688 3628 2971 3695 εὐγένειαν
2997 3626 3246 3696 γνώμης,
3283 3628 3422 3696 μετὰ
3447 3627 3541 3680 τοῦ
3573 3627 3725 3694 φιλο-

2138 3721 2263 3773 θέου
2298 3724 2392 3773 καὶ
2417 3722 2479 3773 τὸ
2518 3720 2903 3790 φιλάνθρωπον
2952 3719 3207 3788 ἔχουσαν.
3262 3719 3374 3771 Καὶ
3436 3719 3725 3772 συνελόντα

2139 3814 2324 3881 φάναι,
2363 3813 2621 3865 ὑπόθεσιν
2648 3813 2915 3883 ἀναιρεῖς,
2951 3811 3087 3880 ὁμοῦ
3110 3828 3166 3862 τε
3194 3812 3533 3880 παρακαλεῖν
3563 3811 3726 3863 δυνα-

2142 3905 2311 3973 μένην
2335 3904 2527 3966 πενίας
2563 3901 2868 3973 βαρύτητα,
2898 3903 2993 3954 καὶ
3019 3902 3137 3954 ὁδὸν
3171 3902 3385 3966 πολλοῖς
3415 3905 3495 3964 είς
3521 3902 3582 3955 τὸ
3614 3901 3723 3954 σώ-

2137 3995 2330 4059 ζεσθαι
2363 3995 2678 4064 γινομένην.
2713 4013 2731 4045 ι

2212 4180 2433 4234 Τούτων
2483 4180 2559 4243 ὡς
2612 4180 2845 4250 ἤκουσεν
2883 4180 2912 4231 ό
2941 4178 3036 4232 τοῦ
3094 4177 3230 4231 Θεοῦ
3262 4179 3571 4250 ἄνθρωπος,
3623 4178 3725 4231 οὐκ

2140 4275 2281 4341 ἔγνω
2318 4273 2430 4324 δεῖν
2458 4273 2551 4324 ἐπὶ
2582 4270 2746 4324 πλέον
2805 4271 3151 4324 ἀπωθεῖσθαι
3181 4271 3280 4341 τὴν
3314 4271 3496 4340 λῆψιν,
3540 4272 3625 4322 ἵνα
3652 4273 3728 4340 μὴ

2138 4367 2315 4435 οἴησιν
2362 4364 2562 4434 ἐαυτῷ,
2634 4366 2729 4417 καὶ
2783 4363 2861 4433 τῷ
2925 4363 3195 4434 προέδρῳ,
3248 4362 3424 4431 λύπης
3460 4362 3729 4431 ἀμετρίαν

461 4459 694 4505 crearet.
733 4450 941 4517 Accipit
992 4465 1122 4519 ergo
1159 4450 1380 4503 unicum
1412 4450 1678 4503 duntaxat
1726 4463 2032 4515 nummum,

2142 4458 2363 4526 ποιήσῃ.
2401 4454 2679 4524 Λαμσάνει
2709 4454 2999 4524 τοιγαροῦν
3026 4454 3179 4507 οὐδὲν
3204 4454 3387 4519 πλέον,
3413 4454 3727 4525 ῆνόμισμα,

464 4558 527 4595 ac
556 4556 774 4609 precum
805 4542 1025 4595 divitias
1064 4542 1328 4608 rependit.

533 4632 670 4686 Tum
722 4632 975 4700 quaesivit
1020 4632 1088 4684 ah
1149 4633 1581 4702 archiepiscopo,
1638 4647 1802 4686 sensu
1850 4634 2038 4687 admo-

468 4726 591 4778 ilum
608 4723 841 4777 contrito
856 4739 921 4777 ac
939 4724 1130 4776 humili
1151 4740 1165 4777 :
1208 4742 1227 4775 ι
1249 4726 1481 4788 Amabo,
1505 4726 1752 4794 inquit,o
1773 4725 1992 4780 domine
2019 4745 2032 4779 :

467 4832 570 4885 qua
602 4831 702 4870 nos
748 4818 977 4879 ratione,
1006 4816 1098 4885 qui
1134 4828 1354 4885 propter
1389 4818 1552 4870 multa
1598 4827 1817 4886 peccata
1850 4830 2034 4871 nostra

471 4921 682 4962 montes
712 4908 939 4962 colimus
966 4924 1027 4961 ac
1059 4908 1405 4973 solitudines,
1436 4924 1565 4978 qua,
1591 4911 1833 4978 inquam,
1868 4910 2037 4961 ratio-

471 5017 559 5064 ne,
601 5000 871 5054 horrenda
910 5002 1165 5069 mysteria
1197 5002 1477 5070 possimus
1513 4999 1839 5069 percipere?
1875 4998 2036 5053 Vides

467 5095 611 5148 enim
647 5104 704 5145 ut
737 5091 934 5145 nedum
967 5091 1217 5157 collecta,
1257 5092 1349 5145 sed
1383 5107 1558 5161 neque
1614 5090 1873 5144 sacerdos
1908 5105 2038 5158 sup-

470 5196 633 5255 petat.
669 5205 687 5237 »
727 5183 817 5238 Ille
846 5194 1027 5238 autem
1064 5196 1213 5255 grate
1244 5184 1535 5237 admodum
1575 5181 2036 5251 percontationem

469 5280 743 5347 accipiens
779 5294 794 5330 :
831 5293 850 5327 ι
901 5277 1061 5341 liene,
1120 5277 1317 5344 inquit,
1354 5275 1529 5341 Pater,
1577 5277 1750 5344 deque
1804 5274 1946 5329 bona
1983 5290 2039 5328 re

471 5384 534 5422 ac
568 5372 800 5423 maxima
862 5367 1234 5435 interrogaSti.
1287 5365 1418 5419 Nam
1478 5368 1682 5420 bonum
1711 5381 1951 5435 quoque,
1984 5374 2042 5417 ut

472 5460 643 5523 aiunt,
684 5476 790 5515 nou
817 5460 1020 5513 bonum
1058 5468 1164 5522 εει,
1194 5468 1251 5511 ιιι
1283 5472 1389 5511 non
1430 5459 1565 5511 bene
1597 5458 1713 5510 ﬁeri
1740 5458 2039 5524 contingat.

473 5552 652 5605 Primo
690 5554 850 5621 igitur
882 5569 948 5607 ac
1009 5552 1399 5621 principaliter,
1455 5552 1794 5603 sacerdotem
1851 5552 2042 5601 adesse

472 5644 640 5697 decet.
678 5645 895 5706 Quodsi
931 5645 1016 5698 ille
1048 5643 1355 5697 necessaria
1387 5642 1610 5696 omnino
1640 5639 1851 5693 ratione
1879 5640 2041 5702 absit,

476 5735 859 5803 i-apoueudum
927 5752 1093 5793 sacrae
1161 5751 1383 5801 mensae,
1463 5733 2038 5804 piausam-tilicalorum

2139 4547 2231 4599 καὶ
2266 4545 2442 4615 εὐχῶν
2484 4544 2794 4598 ἀντιδίδωσι
2832 4542 3086 4596 πλοῦτον.

2208 4635 2339 4691 Εἶτα
2365 4639 2528 4708 ἤρετο
2558 4636 2649 4688 τὸν
2677 4637 3128 4709 ἀρχιεπίσκοπον·
3169 4633 3288 4703 μεθ’
3314 4634 3446 4702 ὅσης
3467 4632 3533 4685 ἂν
3556 4633 3730 4693 εἴποις

2136 4729 2238 4797 τῆς
2269 4726 2565 4797 συντριϐἧς
2596 4727 2689 4778 τοῦ
2731 4726 3101 4797 φρονήματος⁸
3155 4744 3173 4776 ‹
3216 4724 3346 4777 Είπέ
3385 4740 3495 4793 μοι,
3530 4721 3727 4788 λέγων,

2140 4816 2184 4874 ὦ
2213 4821 2471 4883 δέσποτα,
2532 4819 2648 4881 πῶς
2701 4820 2752 4870 οἱ
2782 4822 2891 4879 τοῖς
2949 4819 3105 4886 ὄρεσι
3165 4818 3262 4869 καὶ
3305 4818 3427 4878 ταῖς
3463 4814 3765 4886 ἐρημίαιςη

2138 4915 2300 4983 ἡμεῖς
2337 4912 2424 4963 διὰ
2473 4910 2677 4977 πλῆθος
2739 4909 3027 4978 ἁμαρτιῶν
3084 4908 3569 4979 προσεδρεύοντες,
3607 4907 3725 4968 πῶς

2139 5006 2205 5056 ἂν
2237 5003 2345 5055 τῶν
2376 5002 2535 5054 θείων
2560 5002 2805 5071 φρικτῶν
2832 5001 3155 5070 μετέχοιμεν
3179 4999 3527 5068 μυστηρίωνς
3568 4997 3729 5064 Ὁρᾷς

2141 5098 2251 5164 γάρ
2279 5096 2360 5147 ὅτι
2405 5092 2479 5165 μὴ
2520 5093 2792 5158 συνάξεως
2816 5092 2999 5155 μόνον,
3051 5090 3190 5143 ἀλλὰ
3225 5091 3322 5144 καὶ
3373 5090 3563 5159 ἱερέως
3597 5089 3732 5139 ἀπό-

2147 5201 2253 5253 ρως
2283 5184 2500 5253 ἔχομεν.
2565 5202 2583 5233 ι
2630 5182 2690 5233 Ὀ
2711 5181 2767 5233 δὲ
2798 5180 2900 5248 τῆς
2931 5180 3217 5249 ζητήσεως
3272 5179 3434 5231 αὐτὸν
3482 5178 3573 5229 καὶ
3610 5176 3730 5229 λίαν

2150 5277 2574 5345 ἀποδεξάμενος·
2623 5292 2642 5324 ε
2682 5274 2899 5338 Καλῶς,
2977 5274 3109 5342 ἔφη,
3176 5272 3381 5334 Πάτερ,
3439 5271 3535 5322 καὶ
3602 5268 3732 5336 περὶ

2142 5367 2312 5420 καλοῦ
2352 5368 2457 5419 καὶ
2518 5365 2780 5434 μεγίστου
2833 5366 3157 5434 πράγματος
3188 5365 3457 5430 συζητεῖς.
3505 5360 3578 5410 Τὸ
3617 5358 3730 5426 γὰρ

2142 5458 2325 5521 καλὸν,
2363 5459 2423 5509 οὐ
2458 5457 2659 5521 καλὸν,
2713 5456 2899 5525 φασιν,
2956 5459 3082 5508 ὅταν
3144 5455 3220 5525 μὴ
3268 5451 3449 5514 καλῶς
3503 5451 3727 5518 γίνοιτο.

2144 5554 2235 5603 Δεῖ
2253 5550 2543 5619 τοιγαροῦν
2568 5550 2990 5619 προηγουμένωέ
3025 5548 3123 5616 μὲν
3155 5548 3405 5614 παρεῖναι
3434 5546 3526 5597 τὸν
3549 5544 3727 5613 ἱερζα·

2147 5644 2356 5694 ἐκείνου
2386 5642 2441 5693 δὲ
2469 5643 2611 5693 κατα
2660 5642 2843 5693 πᾶσαν
2897 5640 3141 5707 ἀνάγκην
3185 5638 3434 5701 ἀπόντος,
3498 5637 3590 5688 ἐπὶ
3629 5634 3731 5701 τῆς

2149 5736 2307 5802 ἁγίας
2364 5734 2641 5802 τραπέζης
2700 5733 2910 5785 τιθέναι
2978 5732 3083 5783 τῶν
3162 5730 3619 5803 προηγεασμένων
3668 5728 3730 5775 τὸ
