4088 6208
422 252 529 315 457

1560 258 1735 316 νιΤΑ
1776 258 1838 317 S.
1886 256 2097 318 LUCKE
2138 256 2521 318 JUNlORlS.

3577 252 3683 317 458

424 368 641 429 σκεῦος.
681 365 776 419 ἐὰν
807 367 1099 437 εὖκτήριον
1147 387 1203 442 η’
1249 371 1383 423 εἰδὲ
1426 370 1660 432 χελλίον,
1704 373 1796 424 ἐπὶ
1825 372 1989 441 σκάμ-

2112 362 2418 436 vascnlum,
2444 373 2713 443 siquidem
2735 382 2818 428 est
2837 373 3134 427 oratorium
3164 392 3176 427 :
3206 374 3289 428 sin
3319 383 3499 429 autem
3524 375 3683 430 cella.

421 477 512 513 νου
548 459 644 512 τοῦ
689 458 1110 529 καθαρωτάτου.
1152 458 1283 515 Εἶτα
1330 463 1716 532 καλυμμάτων
1756 464 2014 531 ὲφαπλὼ·

422 569 546 615 σας,
600 553 656 603 ὲν
696 550 845 620 αὐτῷ
898 552 1194 621 προθήσεις
1247 556 1344 617 τὰς
1394 556 1557 623 ἁγίας
1617 555 1861 625 μεριδαςο
1918 556 2012 608 καὶ

422 641 679 711 θυμίαμα
719 641 951 703 καύσας,
991 644 1118 705 τοὺς
1147 643 1254 696 τῶν
1294 646 1540 699 τυπικῶν
1570 647 1837 715 ψαλμοὺς,
1887 647 1921 717 ἠ
1953 647 2013 699 τὸ

417 736 705 804 τρισάγιον
729 736 979 809 ἔςειιᾴισειςν
1006 737 1147 804 μετά
1179 736 1275 790 τοῦ
1318 738 1590 807 συμϐόλου
1619 739 1717 807 τῆς
1748 740 2008 801 πίστεωςο

421 827 518 878 καὶ
547 827 668 895 τρὶς
694 827 755 878 τὸ
792 828 923 893 γόνυ
960 828 1175 890 κλίνας,
1217 829 1313 890 τὰς
1344 830 1442 898 μὲν
1473 833 1662 899 χεῖρας
1704 828 2006 892 συστελείς,

419 917 665 988 μεθέξεις
704 918 760 970 δὲ
792 919 1042 987 στόματι,
1097 919 1193 971 τοῦ
1230 922 1416 987 τιμίου
1470 921 1727 989 σώματος
1767 919 2007 985 Χριστοῦ

414 1012 512 1065 τοῦ
543 1012 678 1064 Θεοῦ
713 1011 891 1081 ἡμῶν,
922 1012 1098 1077 λέγων
1124 1013 1185 1065 τὸ
1237 1014 1429 1083 Ἀμήν.
1472 1015 1619 1065 ’Λντὶ
1652 1014 1709 1065 δὲ
1735 1014 2004 1082 νάματος,

415 1108 681 1174 ποτήρον
709 1105 855 1157 οῑνου
888 1107 1010 1175 πιῇ.
1072 1102 1144 1156 Τὸ
1172 1105 1360 1173 μέντοι
1392 1106 1656 1175 ποτήριον
1700 1107 1779 1167 εἰς
1818 1105 2007 1175 χρείαν

415 1197 603 1265 ἑτέρου
632 1196 692 1248 τὸ
726 1198 867 1265 μετὰ
904 1196 1097 1259 ταῦτα,
1129 1198 1191 1249 οὐ
1216 1197 1604 1267 κοινωθήσεται
1655 1196 1817 1258 Αὖθις
1848 1196 2006 1264 δὲτῷ

416 1286 783 1356 καλυμματίῳ
842 1287 941 1351 τὰς
999 1288 1324 1351 ἐπιλοίπους
1390 1289 1665 1351 συστελεῑς
1696 1289 1919 1357 μερίδας
1947 1289 2004 1339 ὲν

420 1380 498 1449 τῷ
533 1383 738 1445 σκεύει,
798 1384 979 1435 πᾶσαν
1037 1380 1310 1453 εἰσφέρων
1357 1383 1675 1450 ἀσφάλειαν,
1736 1382 1876 1435 ὥστε
1929 1383 2003 1451 μὴ

410 1476 667 1527 ἐκπεσεῖν
697 1477 1066 1546 μαργαρίτην,
1098 1477 1189 1530 καὶ
1220 1477 1696 1546 καταπατηθῆναι.
1736 1496 1753 1527 ι
1796 1478 2001 1529 Ἤκου-

414 1586 506 1619 σεν
532 1571 558 1621 ὁ
587 1569 783 1637 μέγας,
829 1571 921 1623 καὶ
955 1570 1116 1639 χάριν
1167 1572 1260 1623 ἐπὶ
1298 1570 1511 1631 τούτοις
1569 1569 1997 1635 διωμολόγησεν·

408 1662 438 1712 ὁ
476 1661 574 1729 μὲν
603 1659 697 1712 οὖν
728 1661 828 1729 τῆς
908 1663 1279 1732 προκειμένης
1318 1661 1439 1714 ὀδοῦ
1474 1663 1502 1714 ὁ
1535 1662 1963 1731 ἀρχιεπὶσκοπος
1984 1676 1998 1689 ο

405 1752 435 1803 ὁ
463 1750 521 1802 δὲ
559 1751 667 1803 τῶν
708 1752 885 1821 εὐχῶν
913 1754 1108 1823 εἴχετο,
1144 1754 1359 1823 καὶτῆς
1393 1755 1642 1823 ἡσυχίας.

475 1844 713 1914 Σύνηθες
749 1846 826 1913 τῷ
858 1848 1102 1916 μεγάλῳ,
1137 1847 1279 1899 κατὰ
1326 1847 1425 1916 τὴν
1457 1849 1563 1898 τῶν
1602 1848 1780 1901 Βίτων
1805 1848 2000 1919 ἑορτὴν

406 1936 526 2003 ἅμα
563 1937 728 2004 φωτὶ,
773 1940 906 2008 πρὸς
936 1940 1034 2007 τὴν
1072 1939 1390 2009 ἀκρώρειαν
1429 1930 1639 1993 ἀνιέναι
1676 1940 1769 1993 τοῦ
1812 1941 1996 2011 ὅρους.

404 2028 465 2079 τὸ
500 2028 641 2081 θεῖον
669 2030 762 2081 τοῦ
792 2030 1027 2099 σταυροῦ
1053 2032 1218 2083 ὅπλον
1245 2032 1382 2101 μετὰ
1417 2035 1609 2102 χεῖρας
1658 2033 1875 2111 ἔχοντα,
1907 2039 1999 2091 καὶ

410 2122 612 2188 Κύριε,
642 2121 907 2188 ἐλέησον
928 2123 1258 2177 ἐπιϐοῶντα.
1290 2124 1426 2176 Ποτὲ
1460 2124 1591 2191 γοῦν
1612 2126 1837 2188 ἀνιόντι,
1873 2127 2000 2192 φθο-

409 2215 753 2283 δήσαεότοίς
792 2215 1018 2283 ἀγαθοῖς
1076 2216 1163 2269 ἀεί
1230 2234 1358 2269 ποτε
1426 2218 1734 2285 βασκαίνων
1778 2218 1994 2288 ἐχθρὸς,

404 2308 497 2357 διαὶ
523 2307 723 2376 τρόπον
756 2307 879 2359 τινὰ
920 2307 1205 2376 βονλῃθεὶς
1248 2308 1542 2377 ἐμποδίσαι
1570 2308 1730 2362 τοῦτο
1766 2310 1864 2377 τῆς
1901 2328 1992 2377 φι-

406 2398 595 2451 λοθέου
678 2400 1013 2470 προθέσεως,
1055 2402 1170 2469 ἔχιν
1210 2401 1644 2468 παρασκευάζει
1702 2403 1796 2455 τοῦ
1824 2422 1997 2474 χηρα-

405 2493 509 2560 μοῦ
542 2491 848 2555 ἐξελθόντα,
875 2493 968 2545 τοῦ
1005 2494 1161 2555 ποδὸς
1182 2494 1348 2547 αὐτοῦ
1379 2495 1458 2564 τῷ
1501 2494 1750 2562 δακτύλῳ
1774 2497 1991 2564 ἐνάψαι.

404 2586 512 2638 Καὶ
553 2588 580 2638 ὁ
622 2586 721 2654 μὲν
763 2587 999 2656 πονηρδς
1052 2585 1249 2648 οὕτως·
1302 2586 1378 2650 ὡς
1417 2586 1644 2658 ὀργάνῳ
1670 2588 1747 2657 τῷ
1779 2589 1996 2660 ἑρπετῷ

404 2675 770 2745 χρησάμενος.
842 2676 898 2729 ’0
932 2677 975 2728 δ’
1030 2676 1232 2742 ἀγαθὸς
1296 2677 1447 2740 πώς;
1488 2679 1581 2730 καὶ
1627 2672 1714 2730 οἷα
1775 2678 1863 2730 διὰ
1900 2681 1995 2747 τῆς

402 2771 614 2837 ἀγαθῆς
651 2771 873 2839 ἐνήργει
902 2768 1103 2839 ψυχῆς,
1144 2769 1335 2839 ἀγαθῷ
1364 2771 1457 2823 καὶ
1510 2770 1751 2838 θεοφιλεῖ
1784 2774 1994 2840 προσή-

404 2877 614 2923 κοντας
668 2862 1018 2930 προσκλιθεὶς
1079 2861 1188 2930 γὰρ
1220 2864 1247 2913 ὁ
1284 2864 1455 2930 μέγας
1505 2862 1689 2926 εὐθὺς,
1744 2865 1834 2915 καὶ
1900 2864 1992 2916 τοῦ

407 2954 574 3014 ποδὸς
604 2952 721 3022 ap:
752 2955 845 3005 καὶ
874 2954 965 3005 τοῦ
996 2955 1160 3022 θηρὸς
1201 2954 1479 3023 ἁψάμενος
1503 2972 1514 2983 ·
1560 2975 1576 3005 ι
1602 2957 1761 3027 Miris
1797 2957 1861 3008 σὺ
1894 2959 1994 3025 ἐμὲ

400 3043 700 3115 ἀδικήσῃς,
746 3047 901 3114 φησι,
965 3046 1089 3115 μήτ’
1130 3044 1240 3113 ἐγὼ
1277 3047 1354 3098 σὲ.
1399 3048 1761 3118 Πορευθὼμεν
1809 3051 1994 3120 δὲτὴν

399 3138 611 3190 οἰκείαν
641 3138 757 3190 ὁδὸν
794 3139 1076 3208 iud-capo:
1138 3142 1261 3192 ἐπεὶ
1288 3141 1378 3193 καὶ
1413 3142 1530 3202 ἐνὸς
1564 3143 1867 3212 ἀμφότεροι
1896 3144 1989 3211 δη·

400 3228 1005 3299 μιουργοῦνποιήματα,
1038 3224 1098 3282 οὗ
1133 3232 1435 3293 κωλύοντος
1463 3232 1557 3284 καὶ
1591 3236 1668 3303 μὴ
1727 3234 1989 3303 βουλομέ-

399 3337 518 3387 νου,
555 3321 709 3373 οὐδὲν
737 3317 875 3384 ὃλωξ
916 3323 1077 3392 ἡμεῖς
1105 3324 1352 3393 ἐνεργεῖν
1399 3324 1697 3392 δυνάμεθα.
1752 3347 1768 3375 ι
1803 3327 1991 3387 Οὕτως

2114 482 2341 521 scamno
2373 468 2758 521 mundissimo.
2786 467 2925 520 'l'nm
2953 467 3233 535 explicans
3266 467 3444 520 velum
3477 468 3681 532 minus,

2114 572 2385 626 propones
2414 560 2468 612 in
2505 573 2571 612 eo
2600 574 2785 613 sacras
2816 558 3115 628 particulas
3142 575 3156 623 ;
3197 572 3539 624 accensaque
3561 560 3683 628 thy-

2113 648 2392 713 miamate,
2452 648 2757 719 typicorum
2807 648 3091 717 psalmos,
3155 657 3250 699 aut
3304 647 3565 716 hymnum
3602 656 3685 701 ter

2112 739 2349 795 Sanctus
2383 742 2631 796 cantabis
2658 757 2781 794 cum
2815 740 3072 812 Symbolo
3098 740 3219 794 lidei
3258 758 3272 793 :
3308 741 3560 810 trinaque
3589 756 3682 811 ge-

2113 848 2280 885 nuum
2348 831 2578 886 ﬂexione
2631 832 3129 897 adorans,mauus
3191 832 3408 900 quidem
3472 842 3659 886 contra

2110 925 2206 979 hes
2246 923 2345 994 (6),
2370 940 2465 978 ore
2504 932 2712 988 autem,
2745 940 2960 979 sacrum
3006 924 3229 993 pretiosi
3258 924 3458 978 Christi
3490 939 3552 976 ac
3592 924 3683 978 Dei

2109 1017 2283 1071 nostri
2317 1032 2516 1085 corpus
2551 1031 2739 1071 sumes
2778 1037 2790 1071 :
2825 1017 3056 1071 dicendo
3108 1018 3304 1072 Amen.
3330 1017 3476 1071 Loco
3502 1028 3681 1072 autem
3755 1038 3761 1046 -

2108 1108 2248 1164 sacri
2275 1108 2476 1170 laticis,
2528 1107 2639 1160 viui
2671 1107 2925 1177 poculum
2980 1107 3156 1161 bibes.
3206 1105 3315 1162 Nec
3362 1122 3489 1162 vero
3540 1109 3681 1162 ultra

2108 1199 2355 1262 calicem,
2389 1199 2443 1252 in
2480 1198 2641 1252 alium
2674 1214 2832 1253 usum
2857 1213 3203 1253 communem
3236 1214 3508 1255 assumes.
3538 1200 3683 1254 Rur-

2107 1305 2227 1345 sum
2254 1305 2381 1343 vero
2404 1289 2640 1358 reliquas
2661 1288 2957 1358 particulas
2976 1289 3031 1342 in
3056 1304 3184 1344 vase
3202 1289 3426 1343 linteolo
3442 1290 3685 1361 colliges,

2106 1400 2321 1440 omnem
2354 1386 2691 1455 diligentiam
2728 1385 3013 1449 adhibens,
3055 1395 3115 1439 ut
3146 1402 3214 1439 ne
3246 1387 3537 1455 margarita
3586 1390 3684 1442 de—

2103 1479 2267 1542 cidat,
2303 1494 2367 1533 ac
2390 1480 2768 1534 conculcetur.
2807 1498 2824 1529 ι
2860 1479 3079 1532 Audivit
3114 1479 3472 1548 magnusille,
3495 1496 3559 1535 ac
3588 1496 3685 1550 pro

2105 1570 2437 1626 documento
2463 1573 2664 1643 gratias
2708 1572 2936 1626 hahmt:
2973 1587 3038 1626 ac
3094 1572 3534 1642 archiepiscopus
3564 1591 3658 1644 qui

2105 1661 2226 1715 dem
2259 1663 2601 1732 propositum
2641 1663 2745 1716 iter
2774 1700 2789 1725 ,
2838 1673 3063 1718 sanctus
3096 1678 3224 1717 vero
3255 1678 3444 1731 preces
3469 1680 3533 1719 ac
3555 1667 3684 1721 soli-

2032 1731 2078 1789 Β
2109 1731 2314 1809 tudinis
2348 1731 2531 1823 quieta
2560 1756 2831 1824 repetivit.

2178 1846 2234 1899 ln
2274 1862 2446 1912 more,
2474 1862 2702 1917 magnus
2753 1848 2842 1901 ille
2892 1850 3130 1916 positum
3188 1849 3441 1913 habebat,
3499 1861 3558 1905 ut
3589 1867 3680 1906 so-

2105 1938 2267 1992 lemni
2301 1938 2606 1993 Palmarum
2630 1939 2738 2001 die,
2770 1940 2946 2007 prima
2980 1941 3164 1994 statim
3196 1942 3334 2005 luce,
3378 1944 3430 1996 in
3476 1944 3678 1997 montis

2102 2044 2366 2084 cacumen
2419 2030 2603 2083 crucis
2651 2046 2802 2084 arma
2882 2032 2935 2084 in
2985 2048 3183 2087 manus
3257 2032 3457 2098 ferens,
3515 2045 3678 2104 atque

2104 2120 2234 2175 illud
2273 2140 2288 2178 :
2326 2120 2551 2176 Domine
2574 2163 2588 2184 .
2627 2124 2909 2187 miserere,
2950 2124 3253 2180 inclamans
3287 2165 3301 2187 ,
3339 2129 3676 2184 ascenderet.

2101 2212 2347 2279 Quadam
2383 2229 2515 2284 ergo
2557 2214 2647 2270 die
2702 2216 3020 2270 ascendenti
3080 2217 3349 2281 invidens,
3394 2221 3486 2288 qui
3526 2220 3681 2274 bonis

2102 2323 2318 2376 semper
2362 2307 2536 2363 hostis
2564 2307 2790 2374 invidet,
2824 2309 3127 2379 volensque
3161 2311 3429 2379 religiosae
3482 2317 3682 2368 mentis

2102 2400 2441 2467 propositum
2491 2400 2703 2455 ratione
2731 2401 2966 2469 quadam
3012 2403 3328 2471 prohibt-re,
3372 2405 3611 2473 viperam
3650 2425 3680 2461 e

2102 2507 2204 2544 suo
2237 2491 2510 2545 foramine
2528 2493 2898 2560 egressam,ab
2927 2492 3047 2560 ejus
3080 2495 3229 2562 pedis
3262 2497 3429 2563 digito
3453 2512 3681 2564 suspen-

2099 2583 2196 2635 dit.
2228 2585 2293 2635 At
2330 2584 2544 2651 quidem
2578 2585 2649 2635 ita
2693 2599 2925 2651 nequam
2989 2585 3101 2647 ille,
3136 2595 3297 2640 utens
3330 2588 3503 2656 reptili
3555 2598 3678 2643 tan-

2100 2690 2263 2743 quam
2324 2674 2710 2726 instrumento.
2776 2674 2958 2730 Bonus
3018 2685 3196 2729 autem
3247 2680 3560 2745 quomodo,
3614 2698 3679 2736 ac

2100 2765 2280 2835 qualia
2303 2766 2443 2818 bono
2470 2766 2665 2819 mentis
2699 2766 2975 2835 proposito
3000 2767 3130 2834 egit,
3164 2767 3310 2833 bono
3334 2784 3398 2823 ac
3422 2772 3678 2840 religioso

2102 2858 2307 2911 homini
2342 2856 2836 2927 congrua?Statim
2863 2857 3009 2909 enim
3042 2873 3101 2911 se
3126 2857 3353 2926 Magnus
3380 2860 3486 2913 incl
3514 2877 3677 2924 unus.

2097 2951 2373 3019 simulque
2406 2952 2596 3019 pedem
2634 2965 2700 3003 ac
2737 2948 2906 3003 feram
2967 2952 3327 3019 praehendens
3368 2970 3381 3004 :
3423 2970 3441 3002 ι
3479 2952 3587 3008 Nec
3618 2964 3675 3008 tu

2100 3057 2207 3104 tne,
2243 3040 2442 3110 inquit,
2486 3041 2709 3104 laeseris,
2740 3055 2839 3094 nec
2862 3057 2963 3110 ego
2995 3052 3080 3095 te:
3112 3058 3405 3111 pergamus
3439 3048 3677 3115 quisque

2098 3135 2240 3189 riam
2266 3149 2419 3187 suam
2448 3150 2462 3186 :
2491 3133 2708 3202 quando
2728 3132 2889 3186 etiam
2920 3134 3084 3188 unius
3105 3137 3267 3187 ambo
3297 3137 3675 3204 opiﬁciserea-

2100 3239 2240 3282 turae
2268 3243 2461 3283 sumus
2492 3245 2506 3280 :
2539 3241 2647 3294 quo
2680 3225 3001 3294 prohibente
3026 3241 3090 3279 ac
3119 3227 3353 3294 nolente,
3391 3230 3527 3283 nihil
3551 3248 3681 3300 pas-

2104 3338 2296 3376 sumus
2325 3319 2565 3389 operari.
2609 3336 2628 3367 ›
2668 3317 2738 3371 lis
2768 3318 2948 3380 dictis,
2981 3318 3163 3373 statim
3190 3320 3409 3389 quidem
3434 3322 3615 3391 vipera
3644 3340 3675 3379 a

1676 3445 1776 3504 Fr.
1819 3440 2182 3505 Combeﬁsii
2227 3447 2409 3501 notio.

474 3594 550 3664 (6)
605 3593 799 3648 Manus
832 3596 1039 3657 quidem
1077 3598 1353 3650 contrahes
1375 3639 1389 3661 ,
1434 3608 1539 3651 etc.
1580 3596 1736 3653 Ritus
1769 3600 1857 3652 hic
1880 3637 1893 3659 ,
1926 3607 1983 3649 ut

398 3679 495 3718 ore
547 3667 697 3730 ipso,
734 3682 840 3719 non
892 3681 1050 3719 manu
1093 3668 1172 3719 ori
1208 3670 1507 3723 admovens
1558 3669 1682 3735 quis
1716 3670 1980 3722 Euchari-

397 3735 561 3788 5tiam
605 3736 807 3797 sumat,
845 3736 1199 3799 Latinorum,
1239 3754 1399 3805 quam
1443 3738 1757 3791 Graecorum
1813 3740 1983 3804 magis

396 3806 572 3858 videri
606 3806 795 3873 possit.
832 3804 1003 3859 Graeci
1037 3810 1177 3860 enim
1214 3810 1435 3875 antiqua
1471 3825 1533 3862 ac
1566 3810 1837 3863 constanti
1871 3819 1984 3861 tra-

395 3877 623 3937 ditione,
647 3876 1046 3929 lincharistiain
1081 3876 1132 3929 in
1158 3894 1353 3931 manus
1387 3880 1523 3944 plehi
1554 3879 1983 3932 communicanti

396 3947 920 4005 daiit,conlirmante
952 3946 1161 4014 synodo
1197 3947 1249 4000 in
1278 3946 1638 4003 Trullo.i\'um
1667 3949 1980 4001 Corinthio-

398 4029 519 4085 [um
572 4015 661 4066 ille
710 4016 1001 4083 episcOpus
1029 4017 1236 4079 docuit,
1268 4020 1413 4085 quod
1443 4028 1590 4072 esset
1641 4035 1671 4071 e
1729 4020 1832 4071 ritu
1864 4032 1977 4070 sua:

398 4084 693 4150 Ecclesiae;
754 4103 875 4153 quae
925 4086 1049 4153 quia
1112 4084 1373 4140 Romanae
1427 4090 1720 4151 dimcesis,
1766 4089 1818 4140 in
1876 4088 1977 4139 hoe

399 4170 615 4225 quoque
640 4156 932 4209 licelesiam
962 4156 1262 4208 Romanam
1296 4167 1352 4209 nt
1378 4169 1607 4211 matrem
1634 4158 1977 4225 Sequeretur?

399 4224 551 4296 [laud
580 4237 727 4279 certe
749 4225 1159 4279 Corinthiorum
1192 4228 1505 4296 episc0pns,
1535 4240 1627 4280 aut
1662 4224 1802 4281 nllus
1833 4228 1975 4280 alius

401 4293 658 4348 Romanis
679 4297 1071 4349 tuneditecesis
1091 4297 1141 4347 in
1163 4293 1662 4351 OI'ieote'Trullano
1680 4299 1973 4350 conventui

403 4363 667 4427 interfuit,
721 4366 1186 4433 aulsuhscripsit,
1230 4368 1303 4418 uti
1360 4384 1460 4421 nt-c
1500 4369 1826 4436 patriarchae
1860 4366 1972 4428 alii,

399 4448 629 4500 quorum
685 4436 1017 4489 diteeesibus
1071 4448 1389 4489 manserunt
1445 4437 1689 4490 'l‘rnllaui
1734 4452 1977 4490 canones

397 4505 615 4576 obscuri
654 4520 669 4535 ·
703 4506 764 4556 τὸ
810 4504 979 4576 νάμα,
1026 4521 1090 4558 ac
1129 4520 1283 4559 sacer
1330 4507 1491 4567 latex.
1536 4510 1695 4576 cujus
1726 4508 1845 4561 lot:o
1880 4508 1987 4558 sini

397 4572 651 4627 haustum
672 4574 1035 4629 adhibendum
1055 4584 1201 4629 decet
1216 4577 1315 4637 nit,
1333 4588 1416 4630 est
1438 4572 1751 4631 Dominicns
1769 4578 1990 4643 sanguis

394 4646 553 4711 cujus
578 4645 717 4706 loco,
738 4662 835 4699 ceu
870 4644 1101 4709 quadam
1133 4647 1217 4713 pia
1246 4646 1568 4709 lietione,et
1594 4650 1658 4698 ad
1695 4654 1984 4714 quamdam

396 4715 591 4782 integri
622 4717 763 4782 epuli
794 4755 807 4776 ,
838 4717 999 4783 quale
1034 4714 1299 4769 Dominus
1338 4717 1593 4781 instituit,
1630 4727 1987 4784 repraesenta-

396 4785 625 4847 tionem,
661 4787 770 4838 vini
805 4789 894 4838 ille
937 4791 1166 4838 haustus
1194 4788 1461 4840 succedit.
1500 4787 1591 4840 Sic
1623 4787 1722 4855 ipsi
1760 4787 1986 4838 adhibe-

398 4868 523 4906 mus
572 4869 623 4907 γι
660 4856 793 4909 l'eria
824 4855 877 4907 in
926 4854 1246 4920 Parusceve,
1297 4872 1406 4925 qua
1460 4872 1566 4909 una
1618 4854 1845 4910 solemni
1878 4856 1984 4907 ritu

396 4926 601 4976 utimur
628 4925 1114 4994 prwsanctiticatis,
1149 4925 1331 4979 infuso
1364 4930 1427 4978 de
1455 4941 1607 4979 more
1638 4926 1764 4978 vino
1799 4926 1983 4984 calici,

399 4994 705 5063 haustuque
731 5012 744 5048 :
770 4997 961 5063 sicque
986 4996 1048 5047 ad
1074 5005 1256 5048 nostra
1292 4996 1402 5049 fere
1426 5007 1690 5063 tempora,
1710 5010 1736 5047 a
1769 5005 1985 5062 smnpto

398 5061 683 5118 DominiCo
728 5061 955 5133 corpore
995 5065 1342 5133 propinatum
1380 5076 1464 5119 est
1497 5061 1604 5117 vini
1650 5066 1851 5133 aliquid
1885 5061 1981 5116 een

397 5134 449 5186 3c.
495 5138 817 5188 memoriam
878 5136 1139 5187 Dominici
1220 5137 1540 5205 sanguinis,
1581 5149 1644 5188 ac
1718 5133 1981 5188 subtracti

395 5206 549 5257 lancis
608 5206 798 5258 inclita
856 5206 1253 5259 consuetudine
1336 5208 1551 5275 mystici
1599 5205 1821 5267 calicis;
1886 5221 1983 5257 nec

394 5276 566 5326 solum
606 5277 671 5325 ad
718 5291 830 5328 ous
866 5275 1010 5328 velut
1056 5275 1439 5331 ablutionem.
1472 5277 1751 5344 quomodo
1789 5276 1981 5326 etiam-

396 5362 546 5404 num,
593 5346 889 5397 nonnullos
921 5346 1025 5396 vini
1065 5344 1515 5398 sorbitiunculam
1564 5361 1592 5397 a
1640 5360 1794 5399 saera
1828 5358 1978 5398 com«

395 5430 656 5466 munione
687 5415 933 5483 accipere
970 5414 1148 5467 video.
1187 5413 1278 5467 Sic
1312 5426 1505 5468 nostro
1554 5418 1743 5469 codice
1775 5431 1878 5467 ms.
1925 5418 1976 5466 in

368 5476 749 5546 huemhranis,
777 5476 863 5537 ubi
897 5495 1014 5551 post
1050 5486 1209 5537 ritum
1237 5487 1471 5553 ungendi
1494 5487 1791 5545 inlirmum,
1827 5500 1978 5536 sacra

393 5557 716 5605 communio
751 5554 1242 5623 congruentissnno
1270 5558 1462 5609 ordine
1490 5594 1504 5618 ,
1538 5557 1819 5622 prazmissa
1852 5556 1978 5607 item

394 5628 814 5688 cntitessinne,si
836 5640 1054 5677 necesse
1080 5627 1572 5685 l'ucrit,exhibenda
1590 5624 1977 5693 prteseribitur,

396 5704 650 5760 porrecto
688 5696 799 5761 jam
858 5694 1138 5745 Dominico
1176 5711 1402 5761 corpore
1456 5697 1555 5749 sub
1595 5697 1701 5747 illis
1749 5694 1927 5746 verbis
1962 5712 1974 5745 :

719 5795 981 5850 i’n'ttoL.
1017 5792 1133 5849 tia.
1169 5789 1332 5847 CXL

2094 3592 2299 3660 Corpus
2337 3591 2549 3645 Domini
2581 3590 2747 3660 nostri
2782 3586 2912 3660 Jresu
2942 3586 3162 3660 Christi,
3201 3589 3445 3654 proﬁciat
3481 3592 3575 3643 ι’ύὶ
3603 3594 3673 3645 ad

2091 3658 2339 3725 salutent,
2361 3673 2410 3715 et
2429 3678 2533 3714 non
2556 3661 2623 3711 ad
2648 3659 2935 3725 judicium,
2965 3658 3054 3709 sed
3078 3658 3145 3709 ad
3176 3661 3455 3725 remedium
3483 3664 3675 3715 animi:

2095 3743 2220 3797 tuw,
2249 3743 2296 3785 et
2330 3733 2583 3800 perducat
2614 3741 2661 3781 te
2687 3732 2735 3781 iu
2765 3730 2925 3781 ritam
2950 3738 3221 3800 wternam.
3256 3729 3295 3778 Α
3309 3747 3443 3782 men.
3479 3732 3672 3785 Stutm

2092 3799 2384 3870 sequitur:
2429 3820 2445 3850 ι
2479 3804 2711 3870 Arci-pta
2744 3799 3131 3870 communimie
3180 3799 3319 3870 dans
3371 3800 3416 3870 ei
3486 3803 3672 3855 vinum

2093 3866 2241 3925 dicat
2274 3891 2288 3925 :
2324 3892 2339 3923 ι
2402 3871 2634 3937 Sanguis
2691 3868 2900 3919 Domini
2953 3869 3120 3917 nostri
3163 3866 3293 3920 Jesu
3346 3869 3569 3930 Christi,
3606 3873 3674 3923 ad

2091 3942 2313 3995 salutem
2348 3944 2414 3994 sit
2456 3941 2570 4003 tibi,
2610 3950 2658 3991 et
2691 3953 2791 3991 non
2827 3938 2895 3989 ad
2910 3938 3175 4004 judicium
3240 3939 3431 3991 (niimm
3462 3950 3586 4005 tute,
3627 3953 3673 3995 et

2077 4013 2333 4079 perducat
2389 4023 2435 4063 te
2477 4014 2531 4060 in
2582 4011 2741 4061 vitam
2778 4020 3056 4079 ceterorum.
3108 4006 3291 4061 Amen.
3331 4007 3383 4060 Id
3420 4011 3575 4073 plane
3609 4013 3674 4063 de

2078 4077 2196 4150 ipso
2228 4084 2352 4135 vino
2388 4082 2439 4134 in
2506 4091 2711 4149 typum.
2750 4093 2812 4129 ac
2843 4077 2964 4150 afri.
2998 4078 3261 4150 νάματος,
3290 4087 3557 4132 υιςιιιςιυι-
3592 4081 3673 4133 lo-

2077 4146 2286 4221 quitur.
2322 4146 2608 4221 propitiato
2637 4166 2648 4200 :
2682 4157 2740 4200 ut.
2772 4160 2821 4221 et
2855 4146 3101 4221 Rubricze
3134 4147 3291 4198 verba
3323 4149 3583 4221 indicant,
3610 4166 3675 4205 ac

2078 4216 2293 4290 tempus
2324 4216 2523 4275 suadet
2573 4234 2684 4286 quo
2719 4216 2889 4290 codex
2940 4216 3181 4282 Scriptus
3232 4226 3331 4290 est.
3366 4216 3472 4270 Nec
3527 4224 3671 4272 enim

2076 4285 2211 4346 adeo
2237 4293 2495 4358 antiquus
2516 4285 2618 4353 est,
2650 4296 2707 4339 ut
2734 4288 2961 4358 necdum
2998 4296 3126 4358 tunc
3151 4285 3432 4358 utriusque
3474 4290 3671 4352 Speriei

2086 4365 2224 4416 ritus
2260 4364 2310 4414 in
2342 4356 2603 4413 laicnruin
2639 4356 3024 4409 communione
3056 4356 3290 4406 abolitus
3323 4372 3499 4420 esset;
3536 4360 3672 4412 adde

2091 4434 2234 4501 quod
2289 4432 2378 4483 illc
2424 4444 2522 4497 pro
2566 4430 2796 4501 inﬁrmis
2830 4440 3104 4501 nunquam
3143 4425 3448 4501 ohtinnit,_
3475 4441 3539 4501 ac
3570 4443 3671 4482 nec

2095 4496 2257 4555 modo
2291 4496 2500 4552 obtinet
2532 4500 2674 4566 apud
2711 4498 2931 4551 Graecos
2958 4535 2972 4559 ,
3015 4496 3106 4563 qui
3139 4497 3283 4549 solas
3311 4497 3609 4564 particulas
3639 4514 3669 4551 v

2094 4574 2227 4626 feria
2265 4574 2315 4623 in
2350 4570 2518 4623 Coma
2576 4568 2788 4620 Domini
2830 4574 3178 4620 consecratas
3226 4566 3459 4620 inhrmis
3495 4583 3671 4621 reser-

2092 4654 2241 4705 vant,
2300 4640 2399 4693 le\i
2437 4648 2643 4691 tantum
2681 4638 2997 4706 aspersiooe
3035 4651 3127 4687 seu
3164 4637 3437 4690 inlusione
3461 4639 3667 4699 calieis,

2092 4724 2221 4765 tunc
2249 4711 2467 4780 quando
2498 4718 2889 4780 consecrantur
2909 4721 3057 4780 ._pro
3098 4707 3287 4758 innlito
3320 4723 3472 4762 more
3500 4710 3668 4761 intin-

2090 4777 2353 4852 gelidi—ac
2398 4778 2755 4852 perfundendi
2794 4777 3078 4846 mysticum
3126 4792 3354 4842 panem,
3409 4779 3671 4852 intinctas

2088 4850 2152 4906 ac
2187 4852 2396 4905 infusus
2421 4889 2434 4911 ,
2477 4851 2935 4917 postmodumque
2966 4851 3199 4917 siccatas
3228 4863 3241 4899 :
3278 4862 3401 4914 quae
3428 4850 3666 4909 siceitas,

2090 4915 2652 4976 necessariumhlinm
2698 4933 2855 4971 usum
2886 4932 2980 4970 seu
3019 4915 3147 4975 vini.
3182 4932 3275 4969 seu
3309 4933 3465 4984 aqua:
3502 4919 3667 4969 indu.

2088 4995 2152 5045 cit
2168 5002 2247 5053 ,nt
2269 4992 2527 5044 nimirum
2554 4990 2763 5057 liquore
2782 4986 3049 5055 ejusmodi
3071 4988 3341 5051 emollitos,
3361 4989 3429 5039 ab
3450 4989 3665 5039 inlirmo

2087 5062 2371 5115 commode
2393 5059 2669 5113 absorberi
2700 5057 3066 5126 [)055llll.iiillti
3084 5058 3667 5126 καλυμμάτιονιίιιιρο-

2089 5134 2196 5184 lum
2226 5141 2329 5191 est,
2360 5131 2522 5182 veluti
2544 5131 2686 5196 quod
2722 5127 2916 5180 Latino
2942 5140 3069 5189 ritu,
3096 5130 3379 5193 torporale
3404 5129 3661 5185 dicimus,

2090 5204 2141 5255 in
2177 5202 2322 5271 quod
2369 5200 2741 5271 explicatum,
2779 5199 2860 5249 vel
2899 5214 2949 5248 in
2997 5197 3178 5271 altari,
3228 5196 3305 5271 vel
3350 5196 3401 5271 in
3439 5211 3665 5249 scamno

2089 5266 2488 5331 mundissimo,
2543 5270 2704 5320 docet
2752 5282 3046 5335 episcopus
3092 5266 3416 5319 ell'undenda
3466 5282 3496 5318 e
3528 5281 3665 5333 prae-

2086 5343 2547 5395 sanctilicatoruin
2596 5353 2721 5391 vase
2757 5334 2850 5390 seu
2887 5334 3079 5412 pyside
3123 5334 3452 5412 particulas,
3488 5352 3664 5412 exque

2085 5413 2274 5465 eodem
2328 5420 2542 5477 sumpta
2575 5424 2673 5478 pro
2702 5407 3089 5462 communione
3122 5407 3329 5467 hostia,
3385 5407 3577 5458 iterum
3610 5410 3660 5458 in

2088 5485 2229 5536 idem
2264 5481 2654 5541 rel‘undendas,
2696 5480 2842 5531 nullo
2892 5478 3105 5529 interim
3156 5484 3515 5542 piteterquam
3550 5478 3662 5529 OIiS

2086 5553 2400 5606 immediate
2455 5558 2733 5610 contactu,
2787 5563 2882 5613 pro
2943 5548 3275 5597 sacramenti
3332 5547 3659 5610 reverentia,

2084 5639 2251 5691 quam
2288 5620 2518 5674 Latinus
2549 5621 2687 5671 ritus
2721 5619 2978 5682 majorem
3017 5616 3250 5683 pricl'ert.

3168 5773 3236 5833 15
