4088 6208
454 279 563 344 459

1893 277 2201 339 ANONYM
2210 280 2236 338 Ι

3585 272 3689 337 ιδο

458 391 716 456 abeessit,
766 391 972 461 iterque
1006 404 1197 445 versus
1254 388 1494 444 foramen
1556 405 1712 444 suum
1772 388 2014 442 institit:

2124 389 2389 452 εἰπόντος,
2433 390 2459 442 ὁ
2492 390 2589 459 μὲν
2619 389 2733 460 ἔχις
2771 390 2966 445 αὐτίκα
3004 391 3096 446 τοῦ
3138 392 3297 455 ποδός
3326 408 3386 445 τε
3428 389 3695 458 ἀφίστατο

456 482 794 537 admirabilis
835 490 1014 536 autem
1045 481 1149 545 vir,
1181 480 1315 533 nihil
1354 481 1577 533 omnino
1607 480 1732 533 mali
1766 495 1793 532 a
1827 494 2013 533 morsu

453 586 671 643 passus,
702 571 987 626 incolumis
1017 569 1271 640 perstitit.

524 755 750 810 Mittitur
782 753 963 823 regius
990 752 1206 822 quidam
1235 754 1310 822 (7)
1340 752 1403 805 ad
1441 762 1621 821 partes
1679 752 1896 813 Africae,
1944 752 2014 806 ab

454 846 665 915 imperii
699 842 927 899 Romani
959 852 1172 912 sceptra
1208 843 1537 897 moderante.
1576 840 1675 896 Ubi
1710 842 1874 911 igitur
1901 842 2012 911 jam

453 938 774 992 Corinthum
806 935 1059 999 venisset,
1099 932 1310 987 furatur
1359 933 1577 1002 aliquis,
1610 949 1771 1003 quam
1813 934 1900 987 ille
1926 948 2015 987 re-

453 1028 656 1095 galium
677 1026 1104 1081 ministeriorum
1130 1040 1314 1091 causa,
1335 1026 1451 1079 auri
1478 1040 1745 1079 summam
1769 1025 2013 1079 vehebat.

453 1120 607 1185 Quod
639 1130 817 1173 autem
867 1117 1133 1187 profunda
1171 1129 1330 1170 nocte
1372 1124 1584 1185 patrato
1617 1114 1780 1180 furto,
1831 1115 2015 1185 iniqua

454 1210 661 1264 molitio
691 1210 921 1263 obscura
955 1216 1118 1269 esset,
1158 1207 1234 1261 uti
1271 1206 1429 1277 plane
1464 1208 1516 1260 in
1546 1206 1813 1275 ejusmodi
1856 1206 2014 1269 solet,

453 1302 879 1372 exquirebantur
910 1300 1048 1354 bivia
1082 1339 1096 1363 ,
1153 1299 1581 1368 exquirebantur
1611 1298 1842 1367 plataeze,
1891 1313 2016 1353 sus-

453 1392 594 1461 pecti
632 1406 822 1446 omnes
856 1392 908 1444 in
950 1391 1302 1459 quaestionem
1368 1390 1721 1445 vocabantur.
1774 1390 2017 1444 Tandem

454 1494 635 1539 autem
665 1483 757 1538 ubi
816 1485 1072 1537 omnibus
1124 1484 1326 1537 frustra
1396 1484 1634 1548 tentatis,
1692 1484 1838 1538 nulla
1893 1499 2017 1553 spes

454 1577 791 1632 invenienda:
824 1577 1067 1646 pecuniae
1105 1576 1313 1645 reliqua
1337 1576 1630 1637 videretur,
1666 1577 1850 1646 gravis
1878 1591 2016 1631 moe-

453 1685 544 1725 ror
563 1669 831 1724 hominem
869 1669 1119 1736 angebat.
1154 1666 1279 1719 Post
1304 1667 1413 1719 alia
1447 1677 1529 1718 sat
1560 1666 1749 1721 multa.
1782 1666 1879 1721 Ubi
1905 1665 2013 1733 jam

2120 481 2214 532 καὶ
2247 480 2342 549 τῆς
2369 481 2605 551 ἀγούσης
2637 484 2717 543 είς
2770 483 2859 533 τὸν
2898 483 3105 535 ἐκείνου
3137 483 3385 553 χηραμὸν
3432 482 3634 551 εἴχετο·
3666 486 3694 533 ὁ

2120 572 2176 624 δὲ
2213 572 2356 635 θεῖος
2394 573 2531 642 ἀνὴρ
2561 572 2830 643 διέμεινεν
2866 574 3077 643 ἀσινὴς,
3101 575 3251 628 οὐδὲν
3292 574 3428 636 ὅλως
3468 574 3574 626 ὑπο
3598 572 3692 625 τοῦ

2118 664 2393 733 δήγματος
2424 663 2611 716 παθὼν
2644 682 2778 733 πονη
2790 667 2898 733 ράν.

2190 755 2473 824 Πέμπεταί
2534 772 2615 817 τις
2648 755 2921 825 βασιλικὸς
2988 756 3124 825 πρός
3172 773 3234 822 γε
3282 757 3351 808 τά
3402 756 3541 825 μέρη
3594 756 3696 824 τῆς

2132 847 2414 916 Ἀφρικῆς,
2455 849 2604 915 παρά
2626 848 2718 901 τοῦ
2756 850 2824 900 τά
2854 848 3099 919 βασίλεια
3124 850 3394 911 διέποντος
3420 849 3691 918 σκῆπτρα.

2132 937 2283 989 Ἐπεὶ
2313 933 2405 990 οὖν
2439 939 2539 1007 ἤδη
2562 938 2663 1009 τὴν
2688 940 2953 1009 Κόρινθον
3002 940 3132 1001 τῖλε,
3168 940 3228 992 τὸ
3261 940 3479 1009 χρυσίον
3508 940 3536 992 ὃ
3566 940 3697 1008 ἐπή-

2118 1040 2245 1089 γετο
2277 1024 2570 1093 βασιλικῶν
2598 1026 2757 1095 χάριν
2793 1028 3145 1097 λειτουργιῶν
3171 1027 3267 1081 κλέ
3281 1043 3485 1079 πτεται.
3539 1027 3696 1097 Παρά

2118 1131 2209 1167 του
2239 1115 2377 1168 κατὰ
2407 1116 2607 1188 πολλὴν
2634 1116 2803 1170 νύκτα
2830 1121 2923 1171 κα)⁵
2958 1119 3183 1183 ἀδηλίαν
3234 1116 3329 1169 τοῦ
3388 1120 3696 1187 κακουργή-

2122 1223 2310 1275 ματος,
2349 1206 2539 1276 ὥσπερ
2595 1204 2687 1260 οὖν
2747 1210 2805 1259 ὲν
2861 1212 2971 1273 τοῖς
3022 1208 3285 1270 τοιούτοις
3326 1208 3496 1275 φίλον,
3528 1209 3693 1278 ᾕρευ-

2120 1298 2289 1350 νῶντο
2330 1298 2583 1367 άμφοδοι·
2614 1302 2947 1369 ἡρευνῶντο,
2991 1301 3270 1353 πλατεῖαι*
3310 1300 3360 1351 οί
3395 1300 3455 1352 ὲν
3492 1298 3697 1368 ὑποψίᾳ

2121 1392 2320 1453 πάντες
2335 1392 2591 1461 ἐτασμοῖς
2612 1391 2887 1463 [Ionis/:2.
2907 1393 3281 1445 ὲπεὸάλλοντο·
3306 1391 3365 1459 ἦ.
3380 1394 3437 1444 ὲν
3454 1390 3693 1460 ἑτασμ.].

2131 1483 2217 1546 Ὠς
2282 1484 2339 1536 δὲ
2397 1486 2637 1552 ἀνήνυτα
2688 1485 2951 1553 ἠλέγχετο
3009 1487 3211 1547 πάντα,
3274 1486 3367 1536 καὶ
3406 1487 3439 1554 ἡ
3480 1484 3695 1552 εὕρεσις

2118 1575 2439 1636 ἀνέλπιστος
2466 1572 2555 1643 ἦν,
2591 1576 2796 1643 ἀθυμία
2821 1579 2911 1629 τὸν
2961 1578 3251 1644 ἄνθρωπον
3284 1572 3395 1646 εἶχε
3458 1576 3652 1645 βαρεῖα
3676 1591 3689 1603 ·

2121 1668 2256 1721 Μετ’
2291 1669 2447 1721 ἄλλα
2501 1667 2699 1720 ἱκανά.
2759 1668 2843 1730 Ὠς
2880 1670 2987 1737 γὰρ
3019 1670 3120 1739 ἤδη
3152 1669 3244 1721 καὶ
3276 1668 3698 1738 τροφῆςίκανῶς

398 1745 409 1756 ’
452 1777 582 1832 ergo
612 1762 824 1816 abunde
854 1763 986 1814 satis
1026 1758 1224 1828 epulati
1249 1767 1454 1824 essent,
1500 1757 1699 1828 Deique
1734 1758 2015 1823 memoria,

2124 1762 2393 1829 μετεῖχον,
2453 1762 2546 1811 καὶ
2607 1762 2797 1831 μνήμῃ
2837 1736 3059 1829 Θεού,ἦ
3110 1736 3219 1822 τοῖς
3270 1736 3555 1829 βρώμασιν
3614 1760 3699 1810 ὲν-

452 1868 615 1922 supra
642 1867 803 1921 quam
828 1852 969 1905 escis
994 1848 1236 1904 deliciari
1270 1858 1545 1919 pararent,
1579 1850 1784 1918 apertis
1836 1848 2020 1904 subito

455 1956 685 2010 magnus
710 1940 797 1994 ille
817 1938 1013 2002 oculis,
1040 1939 1202 2007 inque
1230 1953 1397 1991 unum
1449 1939 1683 2008 aliquem
1728 1938 2017 1992 astantium

454 2032 764 2093 intendens,
795 2043 860 2083 ex
893 2028 1113 2083 nomine
1156 2029 1221 2082 ad
1276 2044 1335 2084 se
1385 2030 1691 2083 accersivit.
1720 2027 1857 2081 Tum
1892 2030 2017 2098 quia

455 2121 597 2175 haud
631 2118 816 2189 procul
848 2126 1002 2171 erat:
1036 2135 1053 2167 ι
1109 2116 1333 2185 thuid,
1356 2117 1530 2185 inquit
1562 2118 1626 2170 ad
1657 2132 1782 2171 eum
1809 2117 2016 2181 videns,

452 2224 575 2264 cum
607 2209 703 2263 tibi
732 2215 983 2270 mortem,
1022 2214 1135 2260 tum
1162 2205 1461 2275 perieulum
1494 2205 1738 2271 domino,
1778 2207 1832 2258 in
1866 2220 2020 2274 rega-

453 2305 532 2357 les
566 2310 769 2355 temere
817 2298 1076 2368 pecunias
1135 2298 1468 2361 ininvolans,
1515 2298 1789 2352 asciturus
1822 2296 2019 2352 fuisti?

454 2390 610 2445 Nunc
627 2398 806 2443 autem
836 2390 1015 2442 statim
1044 2386 1253 2451 abiens,
1282 2386 1348 2439 ad
1373 2401 1471 2440 nos
1494 2392 1688 2440 aurum
1706 2386 1857 2442 defer
1872 2389 2017 2457 quod

457 2494 613 2536 terra:
651 2478 917 2535 inlodisti.
955 2476 1221 2546 siquidem
1260 2476 1685 2530 misericordiam
1729 2488 1893 2548 atque
1924 2493 2017 2534 ve—

454 2574 597 2627 niam
628 2570 890 2639 consequi
923 2569 1098 2636 cupis.
1139 2586 1157 2619 ι
1193 2568 1416 2623 Audivit
1469 2567 1582 2632 ille,
1635 2582 1699 2623 ac
1760 2580 2016 2638 tanquam

454 2663 713 2734 compede
739 2662 1018 2715 revinctus
1036 2659 1298 2729 linguam,
1329 2673 1432 2712 nec
1451 2660 1673 2712 omnino
1695 2659 1848 2713 valen
1883 2674 2017 2714 con-

453 2756 816 2816 tradicere,ut
861 2752 949 2805 cui
989 2751 1319 2806 conscientia
1342 2752 1548 2805 crimen
1598 2760 2016 2818 contestaretur,

454 2846 795 2901 tenebrarqu
819 2858 956 2912 opus
986 2842 1313 2911 poenitentia;
1332 2842 1451 2896 luce
1472 2842 1761 2896 emendare
1794 2853 2019 2896 conten—

454 2937 553 3000 dit,
593 2950 827 3003 moxque
862 2933 1168 3001 procidens,
1204 2924 1423 2987 sanctos
1453 2932 1800 3001 contingebat
1828 2933 2014 3002 pedes,

2118 1853 2332 1921 τρυφᾷν
2378 1852 2656 1904 ἕσπευδσνο
2737 1853 2931 1922 διάρας
2978 1855 3005 1904 ὁ
3055 1851 3227 1921 μέγας
3266 1854 3420 1918 ἄφνω
3470 1852 3597 1912 τοὺς
3645 1851 3698 1901 ὀ-

2122 1940 2422 2009 φθαλμοὺς,
2480 1942 2573 1993 καὶ
2624 1942 2877 2009 προσχὼν
2921 1958 3025 1993 τινι
3086 1940 3193 1991 τῶν
3256 1940 3697 2010 παρισταμένων,

2120 2033 2307 2085 ἐκάλει
2337 2050 2395 2084 τε
2424 2032 2587 2084 αὑτὸν
2623 2032 2682 2095 ἑξ
2707 2034 2995 2100 ὀνόματος,
3028 2033 3118 2084 καὶ
3175 2030 3526 2101 μετεκαλείτο
3562 2032 3699 2100 πρὸς

2120 2127 2332 2179 ἑαυτόν.
2363 2127 2466 2179 Τὸν
2495 2126 2540 2178 δ’
2564 2129 2685 2179 ἐπεὶ
2722 2128 2966 2196 παρέστη
2997 2126 3243 2197 πλησίον·
3283 2146 3299 2177 ι
3327 2127 3416 2179 ἵνα
3440 2126 3513 2191 τί,
3543 2127 3698 2196 φησί,

2121 2219 2256 2286 πρὸς
2298 2218 2459 2271 αὐτὸν
2494 2221 2523 2271 ὁ
2551 2218 2786 2286 βλέπων,
2849 2219 3064 2287 σεαυτῷ
3120 2218 3369 2281 θάνατον,
3398 2218 3493 2271 καὶ
3515 2217 3594 2287 τῷ
3622 2216 3698 2285 σῷ

2120 2310 2292 2378 κυρίῳ
2321 2309 2565 2363 κίνδυνον
2592 2308 2815 2377 ἔμελλες
2848 2311 3151 2378 προξενεῖν,
3184 2310 3484 2379 χρημάτων
3524 2328 3695 2361 κατα-

2117 2398 2394 2467 τολμήσας
2418 2398 2748 2467 βασιλικῶν;
2786 2398 2919 2451 άλλά
2953 2399 3014 2449 σύ
3066 2415 3128 2465 γε
3172 2400 3303 2469 πρὸς
3336 2400 3499 2469 τάχος
3526 2401 3694 2453 ἀπελ-

2122 2488 2251 2551 θὼν,
2290 2489 2318 2540 ὃ
2346 2489 2670 2557 κατώρυξας
2717 2492 2939 2558 χρυσίον
2971 2490 3046 2554 ώς
3098 2494 3244 2561 ἡμᾶς
3276 2492 3489 2561 ἔνεγκε,
3534 2496 3588 2546 εί
3616 2480 3701 2547 σοι

2123 2581 2272 2649 μέλει
2312 2580 2406 2632 καὶ
2443 2582 2622 2633 οἴκτου
2654 2583 2748 2632 καὶ
2772 2583 3103 2651 συγγνώμης
3130 2586 3336 2653 τυχεῖν.
3376 2604 3392 2637 ι
3425 2586 3697 2637 ’Ἤκουσεν

2120 2676 2348 2737 ἐκεῖνος,
2380 2674 2471 2726 καὶ
2518 2670 2608 2727 οἷα
2636 2676 2773 2747 πέδῃ
2802 2675 2899 2744 τὴν
2929 2675 3174 2743 γλῶτταν
3214 2676 3411 2740 δεθεὶς,
3450 2679 3544 2729 καὶ
3573 2678 3699 2747 μηδ’

2125 2768 2403 2819 ἀντειπεῖν
2428 2766 2561 2827 ὅλως
2595 2766 2865 2836 δυνηθεὶς,
2898 2767 2991 2818 ἀτε
3042 2767 3135 2818 καὶ
3178 2768 3238 2819 τὸ
3267 2768 3498 2830 συνειδὸς
3549 2769 3697 2837 αὐτῷ

2121 2855 2552 2926 συμμαρτυροῦν
2611 2857 2748 2926 ἔχων
2811 2859 2904 2910 καὶ
2956 2858 3476 2929 συμφθεγγόμενον,
3507 2859 3565 2913 τὸ
3597 2860 3690 2912 τοῦ

2122 2948 2345 3010 σκότους
2383 2947 2543 3019 ἔργον
2588 2950 2731 3017 φωτὶ
2785 2952 3077 3017 μετανοίας
3144 2950 3392 3020 διορθοῦν
3440 2951 3691 3004 ἔσπευδε·

451 3029 597 3082 velut
628 3027 769 3079 l'urto
790 3024 1017 3078 lwdatas
1040 3038 1234 3078 manus
1250 3022 1676 3078 contrectatione
1694 3023 2012 3078 mundaret:

2124 3040 2213 3092 καὶ
2242 3038 2423 3092 πεσὼν
2452 3041 2636 3104 εὐθὺς,
2668 3041 2844 3093 ποδῶν
2882 3042 3085 3111 ἥπτετο
3120 3043 3232 3097 ,τῶν
3290 3044 3484 3110 ἁγίων,
3508 3045 3695 3113 χεῖρας

450 3124 704 3193 quodque
736 3121 873 3174 male
902 3118 1254 3173 commissum
1319 3126 1455 3181 erat,
1507 3117 1889 3183 conﬁtebatur,
1952 3133 2013 3171 ac

452 3215 663 3269 Veniam
705 3212 909 3266 fervide
954 3210 1320 3277 deposcebat;
1380 3224 1611 3278 eantque
1663 3219 2011 3274 consecutus,

452 3306 504 3360 id
528 3305 674 3359 enim
708 3304 851 3357 illius
879 3301 1046 3356 animi
1079 3311 1217 3363 erat,
1252 3310 1310 3353 ut
1338 3300 1535 3353 nedum
1575 3300 1777 3354 vulnus
1829 3310 2013 3354 osten-

453 3399 623 3459 deret,
654 3394 748 3450 sed
790 3403 842 3448 et
885 3407 1047 3463 quam
1090 3392 1196 3446 cito
1226 3391 1490 3445 medelam
1525 3390 1810 3445 adhiberet
1844 3408 1858 3444 :
1904 3392 2015 3445 abit

452 3489 657 3551 statim,
691 3501 755 3540 ac
778 3486 881 3539 sub
907 3484 1150 3538 omnium
1186 3482 1381 3548 oculis,
1408 3483 1663 3551 sospitem
1700 3485 1817 3536 auri
1866 3500 2014 3539 sum-

400 3614 403 3617 -
454 3594 596 3632 mam
630 3585 895 3645 reportat.

519 3666 655 3721 Cum
696 3674 876 3719 autem
923 3679 989 3718 eo
1044 3664 1166 3717 loco
1217 3663 1438 3727 multas,
1463 3664 1621 3721 abiis
1682 3666 1776 3735 qui
1832 3667 2014 3737 plures

452 3755 694 3826 quotidie
730 3754 1087 3819 ventitabant,
1125 3763 1440 3823 gratamque
1470 3755 1703 3824 quietem
1754 3772 1815 3810 ac
1866 3768 2013 3811 tran-

452 3849 773 3918 quillitatem
834 3847 1146 3912 turbabant,
1214 3850 1491 3902 moleStias
1551 3849 1737 3913 ferret,
1804 3852 2016 3907 volebat

452 3940 672 4012 quidem
701 3939 827 3993 inde
853 3938 1126 4005 recedere,
1151 3948 1315 4009 atque
1340 3940 1406 3993 ad
1432 3940 1547 3994 loca
1568 3942 1740 4011 inagis
1771 3944 2013 3998 solitaria

454 4032 706 4103 migrare,
729 4030 869 4083 haud
891 4027 1074 4084 tameti
1098 4030 1163 4085 iis
1190 4044 1248 4086 se
1268 4030 1691 4099 cogitationibus
1710 4035 2015 4103 obsequen-

454 4126 645 4180 tiorem
670 4121 963 4191 praebebat,
980 4122 1071 4189 qui
1098 4120 1329 4190 propria:
1349 4122 1611 4176 voluntati
1641 4126 2016 4181 contradicere

451 4217 633 4279 sciret,
666 4228 729 4267 ac
764 4226 1043 4281 nunquam
1077 4222 1279 4267 temere
1300 4214 1633 4268 consentire.
1667 4215 1857 4283 Opera:
1890 4234 2015 4286 pre-

451 4308 587 4361 tium
617 4318 747 4373 ergo
772 4303 942 4367 duxit,
977 4312 1036 4355 ut
1066 4301 1463 4358 ministrantem
1522 4307 1848 4361 monachum
1880 4307 2015 4364 Ger-

2122 3131 2288 3183 οίονεὶ
2322 3131 2600 3201 καθαίρων
2662 3132 2835 3202 κλοπῇ
2876 3133 3263 3201 μολυνθείσαςο
3306 3135 3401 3187 καὶ
3427 3135 3486 3187 τὸ
3508 3133 3696 3196 κακῶς

2122 3220 2365 3289 πραχθὲν
2433 3220 2845 3288 ἐξωμολογεῖτο,
2915 3222 3011 3273 καὶ⁵
3096 3222 3431 3293 συγγνώμην
3478 3222 3695 3294 θερμῶς

2121 3315 2319 3381 ᾐτεῖτο·
2351 3307 2416 3381 ἦς
2447 3313 2542 3364 καὶ
2562 3312 2759 3383 τυχών
2785 3313 2947 3366 τοῦτο
2983 3316 3088 3384 γὰρ
3123 3314 3221 3383 τῆς
3247 3316 3460 3368 ἐκείνου
3493 3316 3693 3386 ψυχῆς,

2124 3407 2209 3457 ἴνα
2248 3404 2321 3473 μὴ
2349 3406 2444 3473 τὴν
2488 3405 2703 3476 πληγὴν
2725 3405 2870 3477 δείξῃ
2905 3410 3085 3475 μόνον,
3112 3407 3247 3460 ἀλλά
3277 3410 3371 3460 καὶ
3390 3410 3486 3479 τὴν
3538 3409 3698 3479 θερα-

2122 3494 2279 3546 πείαν
2310 3496 2384 3557 ὡς
2435 3495 2595 3564 τάχος
2625 3495 2817 3565 ὀρέξῃ
2857 3498 3072 3550 ἄπεισιν
3106 3498 3325 3559 εὐθέως⁵
3359 3504 3453 3553 καὶ
3479 3499 3538 3551 τὸ
3564 3516 3696 3569 χρυ·

2123 3587 2233 3640 σίον
2264 3588 2366 3639 ὑπὸ
2406 3591 2566 3641 πᾶσιν
2589 3589 2883 3658 ὀφθαλμοῖς
2906 3590 3071 3661 ὁρῶσι
3098 3631 3112 3654 ,
3141 3591 3275 3643 σῶον
3317 3592 3694 3660 μετακομίζει.

2198 3678 2404 3741 Πολλὰς
2438 3678 2494 3731 δὲ
2523 3677 2619 3741 τὰς
2654 3680 2712 3731 ὲν
2734 3680 2927 3747 ἐκείνῳ
2944 3679 3021 3748 τῷ
3049 3680 3198 3750 τόπῳ
3222 3681 3401 3751 φέρων
3426 3681 3695 3751 ὀχλήσεις,
3780 3742 3795 3753 κ

2121 3772 2207 3824 διὰ
2231 3772 2289 3824 τὸ
2344 3772 2438 3824 καὶ
2463 3771 2689 3833 πολλοὺς
2728 3768 2871 3824 εἶναι
2917 3774 3043 3834 τοὺς
3074 3773 3342 3842 ὁσημέραι
3370 3773 3694 3841 φοιτῶντας,

2122 3867 2216 3918 καὶ
2239 3864 2298 3917 τὸ
2330 3863 2622 3935 φιλήσυχον
2650 3864 2796 3933 αύτῴ
2827 3865 2921 3916 καὶ
2969 3863 3199 3934 γαληνὸν
3227 3864 3659 3935 ὑποφθείροντας
3679 3880 3693 3893 ’

2121 3957 2373 4011 ἐϐούλετο
2424 3956 2522 4025 μὲν
2552 3955 2760 4007 ἐκεῖθεν
2789 3959 3117 4026 ἀναχωρεῖν,
3159 3956 3254 4009 καὶ
3304 3959 3441 4027 πρὸς
3494 3961 3695 4029 ὲρημι-

2122 4050 2396 4117 κωτέρους
2443 4046 2746 4117 μεταϐῆναι
2787 4048 3005 4107 τόπους·
3072 4050 3134 4102 οὐ
3195 4050 3303 4119 μὴν
3372 4050 3694 4120 πειθόμενον

2125 4144 2316 4197 ἑαυτὸν
2351 4142 2579 4209 παρεῖχε
2610 4141 2723 4201 τοῖς
2754 4140 3058 4210 Myrenen,
3101 4140 3194 4194 ἆτε
3224 4143 3300 4211 τῷ
3324 4143 3507 4212 οίκείῳ
3540 4143 3699 4214 θελή-

2126 4253 2255 4305 ματι
2301 4233 2644 4287 ἀντιπίπτειν
2684 4232 2859 4297 εἰδὼς,
2903 4238 2996 4285 καὶ
3028 4234 3344 4303 συμϐαίνειν
3392 4236 3575 4297 ἁπλῶς
3603 4238 3695 4288 ού·

2126 4326 2339 4378 δέποτε.
2410 4323 2596 4394 Ταύτῃ
2660 4341 2741 4376 τοι
2793 4324 2888 4376 καὶ
2946 4326 3037 4377 τὸν
3088 4327 3501 4395 διακονούμενον
3546 4326 3697 4393 αύτῷ

398 4390 405 4395 ’
454 4412 672 4451 manum
728 4395 966 4455 nomine,
1022 4393 1343 4447 Corinthum
1404 4395 1656 4460 mitteret,
1719 4398 1785 4452 ad
1840 4401 2012 4455 virum

2124 4419 2354 4488 μοναχὴν
2404 4390 2685 4485 Γερμανδν
2723 4416 2913 4486 ὄνομα,
2950 4419 3029 4480 εἰς
3062 4390 3509 4487 Κόρινθον-ἔγνω
3561 4390 3697 4489 πέμ-

453 4490 667 4543 virtutis
720 4486 877 4539 laude
906 4484 1361 4550 celeberrimum;
1397 4486 1715 4555 sapientem,
1764 4491 2010 4560 inquam,

455 4576 943 4647 Theophylactum,
1002 4574 1094 4643 qui
1160 4572 1403 4642 profanae
1460 4576 1740 4644 sapientiae
1800 4582 2011 4645 doctor,

455 4669 802 4725 nihilominus
854 4668 1106 4721 virtutem
1160 4668 1476 4743 amantibus
1512 4670 1747 4735 honesti,
1776 4674 1845 4727 ab
1890 4691 2017 4743 ope-

458 4764 606 4815 ribus
636 4764 890 4813 traderet.
936 4760 1011 4811 Ad
1034 4740 1169 4812 eum~
1214 4759 1395 4828 itaque
1437 4762 1676 4826 mittens,
1738 4740 2018 4833 qua-rebat

454 4850 633 4905 doceri
675 4850 802 4919 quid
838 4849 983 4903 facto
1012 4863 1151 4917 opus
1176 4848 1432 4903 haberet?
1467 4851 1551 4905 hic
1589 4859 2009 4926 tnatiere,inque

454 4960 577 4995 eum
601 4943 841 5003 modum,
868 4941 1099 5009 plurium
1123 4942 1394 4996 molestias
1419 4941 1590 5008 ferre;
1610 4959 1675 4996 an
1696 4944 1810 4999 loca
1836 4951 2020 5006 multis

459 5034 626 5096 invia,
699 5042 862 5100 atque
926 5034 1115 5100 paucis
1169 5034 1451 5086 hominum
1509 5033 1808 5103 frequentia
1863 5054 2017 5097 ante-

456 5127 636 5180 ferre?
672 5124 852 5177 Atille
888 5142 901 5177 :
944 5142 961 5174 ι
1001 5122 1341 5187 Tenendum,
1392 5126 1598 5192 inquit,
1637 5130 1777 5194 quod
1814 5134 2016 5199 optime

456 5216 702 5278 haberet,
735 5218 946 5270 Arsenii
979 5217 1294 5270 consilium.
1333 5236 1349 5267 ι
1384 5217 1429 5270 Is
1460 5220 1604 5271 enim
1635 5238 1651 5269 ι
1690 5219 1916 5291 Fugere,
1942 5229 2017 5281 ait

2120 4525 2245 4561 πειν
2275 4507 2409 4576 πρὸς
2432 4508 2523 4560 τὸν
2557 4508 2677 4560 τότε
2701 4509 2801 4577 τὴν
2833 4511 3036 4578 ἀρετὴν
3090 4510 3443 4580 περιϐόητον·
3488 4512 3699 4581 Θεοφύ-

2122 4601 2321 4661 λακτος
2386 4594 2540 4661 οὗτος
2593 4595 2659 4669 ἧν
2692 4599 2927 4667 ὁσοφδς,
2977 4598 3034 4662 ὃς
3073 4603 3171 4670 τῆς
3216 4600 3448 4670 θύραθεν
3506 4604 3696 4670 σοφίας

2123 4690 2440 4752 διδάσκαλος
2464 4689 2560 4755 ῶν,
2594 4690 2745 4742 οὐδὲν
2775 4685 2938 4760 ἧττον
2969 4690 3076 4743 ἀπὸ
3115 4692 3220 4743 τῶν
3257 4693 3436 4763 ἔργων
3464 4695 3558 4745 καὶ
3585 4698 3697 4757 τοῖς

2124 4783 2377 4850 ἐρασταῖς
2424 4780 2529 4832 τῶν
2594 4781 2772 4833 καλῶν
2813 4782 2911 4851 τὴν
2949 4783 3150 4852 ἀρετὴν
3194 4785 3506 4854 παρεδίδου.
3554 4785 3695 4854 Πρὸς

2122 4871 2311 4924 τοῦτον
2336 4870 2628 4941 τοιγαροῦν
2676 4872 2987 4941 ἐκπέμψας,
3012 4873 3062 4925 τί
3094 4876 3347 4942 ποιητέον
3377 4874 3559 4945 ἐζήτει
3596 4893 3697 4944 μα-

2122 4963 2254 5015 θεῖν·
2288 4962 2513 5030 πότερον
2535 4962 2767 5016 ἐνταῦθα
2822 4963 3007 5032 μένειν
3033 4966 3125 5017 καὶ
3171 4965 3315 5018 οὕτω
3373 4966 3560 5035 φέρειν
3594 4966 3696 5017 ὑπὸ

2124 5053 2335 5105 πολλῶν
2367 5053 2724 5123 ὀχλούμενον
2767 5055 2957 5125 ἥτοὺς
3007 5055 3243 5119 ἀϐάτους
3299 5060 3411 5119 τοῖς
3462 5057 3692 5119 πολλοῖς,

2120 5147 2213 5196 καὶ
2241 5144 2548 5207 ἀνθρώπων
2588 5145 2945 5209 σπανίζοντας
2998 5147 3317 5201 ἀνθελέσθαι
3362 5148 3583 5210 τόπους.
3640 5148 3696 5198 ’0

2122 5236 2199 5297 δὲ,
2240 5255 2255 5285 ι
2296 5236 2369 5289 Τὸ
2400 5236 2493 5288 τοῦ
2525 5235 2693 5298 θείου,
2739 5237 2946 5303 ἔλεγεν,
2991 5240 3286 5307 Ἀρσενίου,
3318 5240 3517 5309 ἄριστα
3554 5241 3695 5312 ἔχον,

1713 5335 1814 5396 Fr.
1855 5342 2214 5409 Combeﬁsii
2256 5359 2437 5409 noue.

527 5452 889 5527 (7)-M_ittitur
948 5452 1119 5522 regius
1163 5451 1396 5519 quidam.
1455 5451 1741 5518 Πέμπεταί
1794 5473 1874 5518 τις
1922 5460 2021 5527 βα.

458 5520 681 5584 σιλικός.
706 5522 823 5577 Vox
854 5532 937 5578 est
965 5520 1283 5591 generatim,
1311 5533 1407 5572 nec
1440 5536 1634 5574 nuinus
1663 5534 1754 5576 aut
1779 5520 2013 5584 oliicinm

456 5593 553 5661 ui
590 5595 858 5658 peculiare
883 5589 1140 5645 declarat.
1178 5589 1392 5661 thuis
1424 5593 1521 5642 viri
1560 5595 1832 5660 proprium
1869 5603 2012 5661 Velit,

457 5658 596 5711 haud
648 5664 875 5713 multum
908 5661 1239 5729 rel'ragabor.
1268 5658 1466 5714 Fusius
1505 5658 1796 5717 narrantur
1830 5658 2012 5723 detec4

2133 5469 2261 5548 tioni
2284 5472 2551 5548 pecunia:
2586 5475 2815 5548 prtevia,
2850 5477 3048 5548 κιονίτί
3087 5477 3257 5530 sancti
3294 5477 3507 5530 vocatio
3531 5518 3543 5537 .
3574 5496 3699 5548 quze
3749 5524 3757 5531 .

2133 5540 2296 5592 malui
2351 5540 2627 5599 brevitatis
2679 5547 2857 5599 studio
2880 5583 2893 5609 ,
2929 5546 3069 5599 haud
3103 5548 3174 5601 ita
3210 5551 3539 5613 necessaria,
3580 5540 3698 5605 arn-

2127 5621 2336 5676 putare.
