4088 6208
406 304 507 368 461

1532 304 1711 364 VlTA
1753 303 1813 362 S.
1856 302 2072 362 LUC.’E
2109 301 2496 363 JUNIORIS.

3547 301 3658 365 462

409 421 630 478 κρατεῖν
684 417 783 469 δεῖε
831 433 850 468 ι
892 417 1116 484 φεύγειν
1174 417 1284 487 γὰρ
1320 395 1526 480 ἐκεῖνος
1579 417 1706 480 τοὺς
1769 417 1983 488 ἀνθρώ-

2116 418 2361 480 ininines,
2395 427 2446 471 et
2490 416 2706 470 salvari.
2751 435 2799 482 ι,
2834 418 2911 471 Ac
2947 416 3142 471 iterum
3174 435 3187 470 :
3227 437 3243 468 ι
3283 417 3449 489 Fuge,
3520 431 3661 487 tace,

408 528 546 574 πους
566 513 692 579 ἔφη,
731 509 826 563 καὶ
849 496 1142 572 σώζεσθαιο
1189 503 1489 574 καὶ⁴αὖθις,
1520 529 1538 561 ι
1567 510 1762 577 Φεῦγε,
1783 509 1984 575 σιώπα,

410 603 670 673 ἡσύχαζε.
711 619 730 652 ι

479 695 705 746 Τουτων
734 695 763 747 ὀ
804 692 1111 762 Θαυμάσιος
1162 693 1404 754 ἀκούσας
1455 695 1694 755 Λουκᾶς,
1743 694 1854 744 τῶν
1895 692 1989 746 τοὺ

423 784 768 848 Ἰωαννίτζου
805 784 990 854 μερῶν
1021 783 1340 853 ἀφίσταται,
1381 784 1477 836 καὶ
1522 784 1658 854 πρὸς
1691 802 1744 836 τι
1792 784 1991 854 χωρίον

425 877 702 930 Καλάϐιον
756 875 930 938 οὕτως
1005 876 1319 945 ἐπιχωρίως
1385 875 1752 943 καλούμενον,
1831 894 1994 945 μεταο

411 967 617 1020 σαίνειο
649 968 678 1021 ὃ
731 967 805 1037 μὴ
879 968 1040 1037 μόνον
1095 963 1155 1019 εὖ
1211 967 1333 1037 ἔχον
1389 969 1644 1036 ἡσυχίας,
1708 967 1845 1018 ἀλλὰ
1899 971 1994 1022 καὶ

414 1060 576 1126 ἀέρος
615 1060 674 1110 ὲν
701 1057 855 1127 καλῷ
879 1057 1157 1125 κείμενον,
1201 1056 1412 1126 σφόδρα
1451 1058 1629 1108 ἐκεῖσε
1682 1057 1990 1125 ἠσπάσατοο

412 1153 472 1201 ὲν
503 1150 651 1219 αὒτῷ
681 1166 739 1202 τε
773 1149 977 1215 διάγων
1008 1148 1278 1218 ἠγάλλετο
1325 1148 1424 1217 τὴν
1467 1147 1665 1218 ψυχήν.

489 1242 687 1312 Τρίτον
738 1241 859 1303 ἔτος
925 1239 1162 1293 ἐνταῦθα
1209 1240 1555 1312 διαγενέσθαι
1611 1239 1686 1309 τῷ
1742 1240 1996 1310 μακαρίῳ

416 1333 606 1401 φασίνο
663 1328 784 1386 εἶτα
817 1331 910 1384 τοῦ
939 1332 1126 1394 ἔθνους
1163 1331 1274 1384 τῶν
1317 1331 1578 1401 Τούρκων
1607 1335 1707 1402 τὴν
1769 1333 1996 1386 Ἐλλάδα

416 1423 882 1492 κατατρεχόντων,
934 1426 1016 1486 είς
1066 1426 1126 1476 τὸ
1181 1422 1482 1493 πλησιάζον
1513 1425 1699 1492 νησίον
1755 1425 1852 1478 σὺν
1883 1425 1997 1493 ἅμα

413 1521 528 1578 τοῖς
554 1516 742 1584 κύκλῳ
798 1517 1022 1584 χωρίοις
1086 1517 1180 1568 καὶ
1251 1515 1414 1578 αὐτὸς
1471 1515 1811 1585 εἰσέρχεται,
1861 1516 1998 1584 ὅπερ

429 1605 715 1677 Ἀμπελὼν
741 1607 839 1676 μὲν
888 1608 1129 1674 λέγεται·
1167 1605 1282 1658 ἔστι
1314 1606 1370 1658 δὲ
1425 1606 1666 1676 ἐσχάτως
1715 1605 1998 1674 αὐχμηρόν

415 1719 475 1754 τε
516 1701 610 1754 καὶ
641 1699 890 1769 ἄνυδρον.
913 1699 1137 1752 ,Γίνεται
1177 1695 1270 1751 οὖν
1328 1697 1486 1751 τοῦτο
1534 1699 1834 1767 γυμνάσιον
1868 1701 1998 1766 ἀρε-

415 1793 516 1856 τῆς
582 1791 660 1860 τῷ
716 1791 975 1860 γενναίῳ,
1015 1792 1108 1844 καὶ¹
1168 1789 1428 1858 πρόξενον
1476 1791 1704 1860 καρπῶν
1755 1790 1999 1852 ἀγαθῶν.

430 1878 634 1932 Ἀπιὼν
658 1879 767 1948 γὰρ
803 1879 1060 1945 ἑκάστης,
1091 1881 1182 1933 καὶ
1210 1879 1354 1946 ὓδωρ
1394 1879 1802 1949 μετακομίζων,
1831 1879 2001 1932 ἐδίδου

415 1971 530 2030 τοῖς
580 1969 779 2039 ὄχλοις.
839 1971 951 2040 Οὐχ
988 1968 1179 2030 ὕδατος
1229 1970 1284 2022 δὲ
1325 1970 1508 2039 μόνον,
1557 1969 1693 2024 ἀλλὰ
1724 1970 1820 2025 καὶ
1860 1971 2003 2024 οἴνου

420 2063 516 2114 καὶ
543 2065 727 2116 σιτξων
759 2063 849 2115 ὅτε
899 2065 1085 2132 παρῆν
1120 2062 1304 2124 αὐτοῖς
1340 2061 1620 2116 ἐκοινώνει
1649 2079 1663 2093 ’
1701 2061 1884 2114 ἔστιδ’
1917 2063 2004 2115 ὃῑε

419 2154 516 2204 καὶ
556 2152 812 2219 ἁλιεύων,
863 2154 1018 2223 ἰχθῦς
1066 2155 1272 2224 προῖκα
1325 2157 1578 2224 παρεῖχε.
1652 2153 1758 2207 Τοῦ
1820 2153 2006 2223 μέντοι

418 2244 549 2296 λαοῦ
579 2245 958 2312 περαιωθῆναι
1006 2245 1332 2316 βουλομένου
1368 2246 1504 2316 πρὸς
1520 2249 1618 2312 τὴν
1645 2247 1907 2309 Πέλοπος,
1933 2247 2007 2308 ὡς

419 2333 732 2403 οὐκέτιτῆς
773 2335 1021 2398 Ἑλλάδος
1051 2335 1366 2406 ἐλευθερίαν
1388 2337 1487 2406 τὴν
1528 2337 1634 2389 ἀπὸ
1677 2337 1786 2390 τῶν
1836 2337 2008 2390 ἐθνῶν

363 2481 366 2483 λ
421 2422 653 2490 ὄψεσθαι
683 2425 1148 2495 προσδοκωμένης
1205 2427 1413 2490 αὐτοῖς,
1455 2428 1718 2498 ἀπεῖργεν
1777 2429 2005 2490 ἐκεῖνος’

428 2531 448 2563 ι
501 2513 751 2583 Ἐαρινὺν
772 2516 834 2567 τὸ
858 2515 1045 2584 νέφος,
1082 2516 1322 2582 ἀδελφοὶ,
1356 2516 1552 2584 λέγων,
1579 2519 1678 2570 καὶ
1707 2519 1832 2572 ὅσον
1856 2517 2010 2572 οὔπω

425 2605 841 2675 διαλυθήσεται,
900 2608 1053 2676 καὶὴ
1103 2607 1290 2678 αἰθρία
1333 2607 1687 2678 φαιδρότερον
1719 2603 2010 2678 ἡμῖν’ὲπι-

425 2696 654 2767 λάμψει.
696 2699 764 2750 Εἴ
777 2715 838 2766 γε
869 2698 1046 2769 δήκαὶ
1080 2699 1154 2769 μὴ
1207 2700 1388 2752 τέλεον
1435 2701 1598 2770 ἁνεθῇ
1632 2699 1699 2752 τὰ
1747 2699 2012 2766 Ἐσπέρια

436 2787 658 2857 βαθείας
689 2788 1011 2842 ἀπώνασθαι
1038 2792 1134 2861 τῆς
1170 2789 1437 2860 γαλήνης,
1466 2789 1602 2843 ἀλλὰ
1644 2789 1843 2843 ταύτὸν
1895 2791 2013 2841 πεί-

435 2895 561 2929 σετε
590 2880 703 2940 τοῖς
743 2878 1129 2948 Ἰσραηλίταις
1183 2875 1258 2932 ὦν
1319 2880 1380 2932 τὸ
1431 2881 1566 2950 πρὸς
1608 2882 1806 2935 κακίαν
1862 2881 2014 2950 εὐχε-

429 2968 522 3038 ρὲς
563 2971 656 3024 καὶ
735 2970 1010 3034 δυσκόλως
1087 2972 1350 3040 ἰάσιμον,
1421 2973 1507 3025 ἵνα
1575 2974 1651 3042 μὴ
1712 2973 1853 3040 λέγω
1919 2977 2015 3026 καὶ

2093 509 2331 575 quiesce.
2371 530 2386 558 ν

2147 690 2271 748 lleec
2301 707 2464 760 porro
2494 693 2591 747 tibi
2619 692 2956 748 admirabilis
2983 691 3157 748 Lucas
3185 692 3446 757 audisset,
3474 695 3664 750 absce-

2094 785 2170 838 dit
2197 785 2264 838 ab
2293 784 2598 839 Joannitzis
2625 786 2895 854 partibus,
2924 794 3088 855 atque
3120 787 3186 839 ad
3219 786 3399 844 locum
3457 787 3526 842 ab
3577 789 3666 842 in-

2095 876 2230 930 colis
2258 877 2880 945 appellatnmCalabium
2904 879 3122 941 transit,
3147 892 3308 946 quem
3332 878 3444 940 ille,
3465 880 3665 934 nedum

2095 968 2267 1038 quieti
2296 969 2665 1030 commodum,
2696 969 2792 1021 sed
2825 978 2877 1022 et
2904 971 3047 1023 aeris
3103 972 3362 1038 temperie
3415 971 3670 1028 humanis

2097 1068 2278 1126 aptum
2315 1058 2526 1120 usibus,
2560 1058 2852 1126 plurimum
2886 1059 2994 1113 illic
3027 1061 3474 1129 amplectebatur,
3508 1065 3672 1134 inque

2097 1166 2162 1203 eo
2187 1164 2372 1219 agens,
2394 1150 2578 1203 animo
2607 1151 2931 1204 exsultabat.

2167 1241 2370 1295 Ferunt
2400 1243 2616 1295 beatum
2648 1244 2821 1296 Virmn
2845 1255 2954 1298 tres
2985 1245 3090 1298 illic
3118 1260 3290 1300 annos
3313 1249 3488 1316 egisse
3525 1261 3672 1305 :tum

2103 1347 2230 1384 vero
2260 1332 2563 1386 Turcorum
2601 1341 2758 1401 gente
2795 1333 2871 1403 (8)
2932 1335 3246 1390 incursante
3301 1338 3559 1401 Atticam,
3619 1341 3672 1394 in

2102 1423 2336 1475 vicinam
2375 1439 2433 1476 se
2464 1423 2678 1489 recepit
2707 1424 2956 1490 exiguam
2987 1426 3218 1479 insulam
3251 1428 3678 1500 dictauiAmpea

2103 1515 2236 1577 lum,
2283 1530 2388 1567 una
2415 1529 2537 1568 cum
2581 1515 2648 1570 iis
2677 1517 2766 1584 qui
2821 1517 2996 1569 locum
3033 1520 3352 1573 circumfusi
3400 1523 3674 1576 colebant.

2106 1605 2274 1658 Porro
2307 1621 2368 1658 ea
2403 1607 2576 1659 insula
2609 1617 2849 1661 extreme
2878 1611 3132 1676 squalens
3161 1623 3262 1674 est,
3295 1627 3357 1666 ac
3391 1614 3546 1681 aquis
3580 1615 3676 1668 de-

2107 1697 2316 1752 stituta.
2358 1696 2440 1749 Fit
2475 1712 2604 1766 ergo
2635 1698 2726 1751 illa
2767 1699 2880 1751 viro
2912 1709 3139 1755 strenuo
3194 1706 3537 1771 gymnasium
3570 1707 3679 1762 vir-

2107 1787 2262 1847 tutis,
2293 1800 2356 1839 ac
2392 1787 2666 1841 fructuutn
2697 1788 2961 1842 bonorum
2990 1791 3228 1845 occasio.
3252 1794 3504 1856 Quotidie
3525 1811 3682 1848 nam-

2107 1890 2212 1942 que
2239 1875 2455 1939 abiens,
2493 1891 2554 1929 ac
2581 1875 2840 1930 hauriens
2869 1893 3091 1945 aquam.
3148 1880 3322 1934 llll'bia
3359 1881 3541 1934 dabat.
3571 1882 3683 1937 Nec

2108 1982 2247 2034 aqua
2271 1967 2473 2029 solum,
2503 1967 2594 2020 sed
2623 1978 2676 2020 et
2699 1969 2913 2031 vino,et
2945 1970 3102 2034 cibis,
3127 1971 3172 2025 si
3195 1971 3415 2039 quando
3435 1975 3681 2035 aderant,

2109 2056 2456 2126 impertiebat
2485 2074 2498 2110 :
2533 2058 2858 2126 quandoque
2887 2060 3050 2112 etiam
3076 2063 3336 2128 piscatus,
3377 2064 3543 2130 gratis
3571 2065 3685 2132 pis-

2109 2161 2201 2200 ces
2229 2147 2522 2215 praebebat.
2549 2149 2684 2202 Cum
2719 2162 2895 2206 autem
2924 2154 3155 2220 populus
3181 2154 3230 2206 in
3255 2155 3684 2223 Peloponnesum

2111 2235 2269 2290 vellet
2298 2236 2568 2304 trajicere,
2598 2248 2657 2291 ut
2691 2241 2783 2308 qui
2833 2239 3068 2294 Atticam
3102 2256 3130 2294 a
3171 2243 3424 2310 gentibus
3458 2244 3684 2299 liberam

2111 2328 2325 2382 visuros
2385 2344 2444 2382 se
2495 2346 2776 2399 nunquam
2831 2342 3140 2399 sperarent,
3203 2335 3482 2402 prohibuit
3550 2337 3683 2392 ille:

2117 2438 2132 2469 ι
2179 2419 2364 2483 Verni,
2392 2422 2587 2489 inquit,
2621 2422 2840 2485 fratres.
2880 2426 3140 2492 temporis
3170 2427 3344 2482 nubes
3371 2439 3474 2491 est,
3506 2429 3686 2482 brevi-

2109 2527 2216 2580 que
2233 2502 2594 2580 dissipabitur,
2613 2529 2674 2566 ac
2697 2515 2851 2568 nobis
2866 2518 3133 2570 serenitas
3157 2517 3358 2571 clarius
3383 2519 3684 2575 illucescet.

2112 2605 2264 2668 Quod
2291 2604 2338 2656 si
2357 2618 2484 2657 vero
2509 2601 2781 2672 Hesperiae
2803 2616 2980 2673 partes
3004 2608 3100 2676 (9),
3124 2608 3266 2660 haud
3299 2610 3686 2676 permittantur

2119 2693 2389 2763 profunda
2458 2693 2561 2748 frui
2615 2711 2766 2764 pace,
2823 2697 3060 2766 idipsum
3126 2699 3482 2755 nihilominus
3525 2710 3690 2770 atque

2113 2784 2370 2846 lsraelitis
2407 2788 2558 2842 vobis
2584 2788 2810 2842 accidet.
2843 2789 2942 2853 Qui
2965 2789 3106 2844 enim
3128 2791 3486 2845 omnianovit
3516 2791 3685 2859 Deus,

2114 2893 2305 2949 eorum
2335 2878 2389 2931 in
2431 2879 2631 2934 malum
2671 2879 2994 2946 pronitatem
3025 2878 3410 2951 difﬁcilemque
3468 2891 3683 2947 curatn,

2118 2980 2172 3024 ut
2207 2986 2272 3028 ne
2296 2971 2520 3028 omnino
2542 2969 3138 3040 quoqueinésanabilem
3164 2971 3364 3038 dicam,
3399 2975 3688 3028 morosita-

429 3064 712 3130 παντελῶς
744 3065 985 3127 ἀνίατον,
1015 3066 1042 3116 ὁ
1074 3066 1254 3118 πάντα
1294 3065 1446 3128 εἰδὼς
1497 3067 1882 3136 ἐπιστάμενος,
1913 3068 2011 3119 οὐκ

2121 3074 2226 3118 tem
2261 3074 2594 3132 perspectam
2628 3063 2855 3128 habens,
2909 3080 3013 3118 non
3070 3064 3216 3129 sivit,
3251 3075 3308 3118 ut.
3356 3067 3499 3120 [ilius
3534 3064 3682 3120 Nave

428 3155 608 3224 ἀφῆκε
661 3157 750 3212 τὸν
807 3156 902 3209 τοῦ
958 3158 1111 3226 Ναυῆ
1176 3158 1245 3210 τὰ
1304 3160 1690 3227 παρακείμενα
1751 3161 1816 3230 τῇ
1875 3159 2013 3212 Σιὼν

433 3244 565 3316 ἔθνη
594 3247 943 3304 παντάπασιν
965 3247 1252 3315 ἀπολέσαι,
1300 3250 1364 3301 ἵν’
1399 3249 1572 3316 ἔχοιεν
1612 3250 2016 3320 ἁμαρτάνοντες

430 3341 528 3394 ἐπὶ
559 3339 751 3410 θύραις
796 3342 981 3405 αὐτοῖς
1010 3344 1138 3409 τοὺς
1178 3346 1577 3414 σωφρονιστάςο
1627 3343 1727 3412 οὐχ
1766 3343 1840 3406 ὡς
1883 3345 2015 3398 ἀπο-

436 3435 662 3506 ροῦντος
722 3436 892 3504 ἄλλης
949 3436 1043 3488 τοῦ
1102 3436 1236 3488 Θεοῦ
1316 3436 1584 3498 παιδείας·
1654 3436 1770 3490 ἀλλ’
1813 3437 1887 3500 ὡς
1950 3437 2017 3492 ἂν

433 3529 830 3599 ὲπηρτημένην
857 3529 943 3580 ἀεὶ
967 3530 1067 3597 τὴν
1104 3528 1345 3598 μάστιγα
1388 3527 1743 3598 θεωροῦντες,
1789 3529 2018 3598 ἀσφαλέ-

435 3634 630 3688 στερον
660 3617 947 3682 διαζῶσιν.
987 3638 1004 3669 ι

513 3707 573 3759 Ὀ
606 3709 792 3770 μέντοι
846 3706 938 3762 τοῦ
975 3707 1109 3761 Θεοῦ
1157 3709 1464 3781 ἄνθρωπος,
1508 3713 1599 3766 ἐπὶ
1654 3712 1804 3784 τρισὶ
1841 3711 2008 3767 πάλιν

433 3800 655 3872 χρόνοις
692 3803 749 3854 ὲν
775 3802 854 3875 τῷ
885 3804 1057 3874 νησίῳ
1100 3802 1276 3869 τούτῳ
1335 3801 1537 3867 διαζῶν
1569 3798 1658 3871 ἦν.
1695 3803 1754 3854 οὐ
1809 3803 2014 3871 τρυφῆς

436 3894 732 3960 πολλάκις,
793 3897 930 3952 ἀλλὰ
981 3898 1074 3948 καὶ
1117 3895 1282 3948 αὑτοῦ
1340 3895 1433 3948 τοῦ
1504 3893 1698 3958 ὓδατος
1759 3895 2017 3967 στέρησιν

441 3989 756 4058 ὑπομένων.
782 3991 851 4043 Εἰ
871 3991 1136 4058 ποτεγὰρ
1167 3991 1383 4058 ἀνέμων
1416 3988 1622 4057 ἀγρίων
1661 3989 2020 4042 ἐπιπνευσάν-

438 4099 573 4143 των,
615 4083 867 4145 ἄπλωτος
924 4083 958 4152 ὴ
1014 4082 1264 4137 θάλασσα
1299 4077 1388 4154 ἦν,
1443 4081 1517 4151 μὴ
1549 4083 1762 4151 ἐφιεῖσα
1793 4079 2019 4132 διελθεῖν

439 4175 592 4244 αὐτῷ
659 4177 748 4228 καὶ
791 4175 1176 4244 ὑδρεύσασθαι,
1227 4175 1477 4244 διέμενεν
1528 4172 1702 4235 οὕτως
1738 4174 1832 4226 ἐπὶ
1883 4172 2017 4224 πολὺ

441 4268 520 4338 τῷ
549 4267 694 4336 δίψει
725 4267 1153 4338 διατηκόμενος.
1200 4266 1275 4318 Οὐ
1333 4265 1438 4338 μὴν
1486 4265 1622 4317 ἀλλὰ
1669 4265 1762 4316 καὶ
1805 4263 2020 4333 ἄλληνὸ

441 4361 638 4429 ἐχθρὸς
672 4357 822 4427 αὑτῴ
852 4357 1070 4427 πληγὴν
1096 4355 1422 4431 ἐξευρίσκειο
1465 4357 1521 4407 ἐν
1548 4357 1656 4422 γὰρ
1692 4357 1805 4417 τοῖς
1838 4355 2022 4406 παιδο-

443 4449 620 4514 γόνοις
679 4447 845 4500 αὑτοῦ
907 4447 1119 4516 μορίοις
1182 4444 1408 4515 κνισμὸν
1475 4443 1759 4498 ἐπιϐάλλει
1794 4485 1809 4508 ,

444 4541 679 4610 χαλεπόν
697 4557 756 4592 τε
816 4541 909 4594 καὶ
968 4540 1180 4608 ἄγριον,
1217 4538 1291 4601 ὡς
1330 4536 1512 4604 ὀλίγου
1561 4540 1670 4591 δεῖν
1719 4539 2020 4606 ἐκκοπῆναι

444 4632 616 4684 ταῦτα
668 4630 1109 4702 παρασκευάσαι.
1157 4629 1253 4692 Τίς
1307 4626 1398 4682 οὖν
1434 4626 1752 4703 ᾗέκέχρητο
1799 4628 1933 4696 πρὸς
1966 4629 2025 4680 τὸ

2122 3154 2276 3211 Sioni
2324 3157 2530 3212 vicinas
2565 3165 2751 3224 gentes
2799 3155 3045 3211 funditus
3075 3157 3298 3220 deleret,
3333 3175 3444 3228 quo
3497 3158 3531 3212 ii
3563 3173 3690 3228 pce-

2118 3257 2325 3308 cantes.
2361 3248 2412 3300 in
2447 3246 2655 3302 foribus
2695 3247 2958 3302 baberent
3008 3251 3101 3318 qui
3151 3253 3522 3321 castigarem:
3582 3270 3688 3307 non

2117 3339 2274 3407 quasi
2302 3338 2406 3394 alia
2431 3337 2687 3406 puniendi
2719 3338 2858 3392 ratio
2887 3342 3068 3396 minus
3107 3340 3215 3395 Deo
3241 3354 3569 3410 suppeteret,
3595 3344 3689 3398 sed

2121 3441 2179 3484 ut
2213 3432 2504 3486 imminens
2533 3445 2747 3500 semper
2765 3429 3033 3501 ﬂagellum
3072 3435 3530 3504 contemplantes,
3553 3452 3688 3491 cau-

2119 3523 2224 3576 tius
2251 3523 2516 3578 viverent.
2562 3539 2580 3572 ι

2196 3708 2284 3762 Dei
2322 3710 2503 3778 itaque
2533 3708 2698 3764 homo
2728 3709 2793 3764 ad
2837 3719 2946 3766 tres
2983 3726 3199 3766 rursum
3253 3713 3474 3770 circiter
3517 3732 3693 3772 annos

2120 3799 2174 3852 in
2205 3814 2271 3853 eo
2325 3801 2520 3856 insulae
2549 3801 2738 3855 vivens
2789 3803 3010 3870 angulo,
3066 3804 3264 3857 nedum
3311 3820 3509 3875 saepius
3547 3809 3694 3871 cibo,

2120 3887 2211 3941 sed
2241 3896 2293 3940 et
2331 3904 2468 3955 aqua
2499 3889 2565 3944 ad
2609 3898 2794 3957 potum
2823 3890 3034 3959 egebat.
3070 3890 3352 3960 Siquando
3390 3897 3536 3951 enim
3564 3896 3696 3954 furis

2121 3978 2378 4032 flantibus
2435 3979 2612 4032 ventis
2654 3991 3038 4046 exasperatum
3093 3997 3262 4046 mare,
3332 3987 3698 4057 innavigabile

2122 4069 2468 4132 reddebatur,
2503 4068 2790 4136 trajectum
2826 4084 3030 4138 negans
3063 4088 3125 4124 ac
3149 4075 3596 4144 adaquationeni,
3625 4083 3693 4135 ad

2121 4161 2352 4217 multum
2385 4170 2598 4230 tempus
2628 4161 2698 4214 ita
2726 4161 3086 4216 manebatsiti
3113 4167 3526 4225 contabescens.
3551 4172 3695 4240 Quin

2122 4253 2283 4306 aliam
2315 4268 2532 4321 quoque
2575 4253 2785 4321 plagam
2841 4253 2893 4304 in
2921 4268 3043 4310 eum
3087 4255 3259 4312 hostis
3314 4261 3694 4331 machinatur;

2125 4346 2400 4408 nimirum,
2432 4345 2482 4396 iu
2508 4344 2768 4400 membris
2802 4345 3125 4414 genitalibus
3146 4388 3160 4412 ,
3207 4364 3424 4419 gravem
3467 4355 3605 4412 adeo
3635 4372 3700 4411 ac

1873 4442 2020 4495 οὕτω
2055 4428 2095 4480 Ι)
2127 4437 2308 4490 dirmn
2355 4439 2625 4504 prun-itum
2658 4437 2924 4502 immittit,
2970 4447 3027 4492 ut
3059 4456 3251 4509 parum
3289 4444 3442 4498 abest
3473 4447 3603 4516 quin
3630 4451 3696 4504 ad

2128 4533 2498 4586 exscindenda
2534 4532 2835 4600 impulerit.
2869 4532 3024 4597 Quod
3057 4549 3187 4604 ergo
3217 4537 3517 4593 remedium
3549 4550 3700 4596 tanto

2134 4624 2277 4677 malo
2312 4624 2558 4676 curando
2581 4624 2869 4680 adhibuit?
2898 4625 3090 4695 Utique
3108 4629 3397 4684 continuas
3426 4634 3493 4685 ad
3531 4632 3699 4692 Deum

1710 4742 1812 4802 Fr.
1856 4740 2216 4801 Combelisn
2251 4748 2430 4803 notae.

520 4871 602 4940 (8)
656 4868 789 4924 Tum
839 4886 959 4923 vero
1008 4869 1294 4923 Turcorum
1340 4876 1508 4940 gente.
1558 4863 1755 4940 Narrat
1783 4864 2032 4940 _perinde

450 4933 811 5012 Cu'ropalatcs
838 4979 861 5012 ,ν
917 4943 1161 5012 Itomano
1214 4933 1744 5012 imperio“infestos~
1782 4933 2027 4994 Tlll't'OS,

449 5007 617 5080 quem
675 5011 940 5062 Baronius
992 5007 1154 5080 refert
1217 5023 1369 5080 ann._
1411 5007 1556 5063 958.
1605 5020 1669 5080 ac
1731 5007 2031 5080 imperante

450 5073 742 5136 Constant.
771 5094 891 5137 vni,
914 5093 974 5130 ac
1001 5077 1135 5131 forte
1161 5091 1322 5146 quam
1352 5075 1522 5146 Lucas
1556 5077 1850 5146 redituram
1883 5073 2028 5146 brevi

450 5153 801 5208 serenitatem
842 5143 1198 5215 praenuntiat,
1233 5151 1345 5213 ipsa
1387 5145 1494 5209 sit,
1545 5160 1702 5212 quam
1741 5145 1877 5215 idem
1920 5143 2031 5194 Uu-

451 5224 622 5288 ropal.
650 5213 1120 5288 Bolesndeeorum
1151 5217 1288 5270 duce
1327 5229 1592 5288 converso
1627 5229 1692 5266 ae
1737 5213 2029 5288 baptizata,

450 5281 793 5356 subindeque
825 5287 981 5357 Gyla,
1004 5286 1202 5340 iactant
1237 5297 1442 5357 narrat.
1466 5283 1730 5357 Videntur
1759 5283 1809 5334 lii
1838 5281 2031 5334 'l‘urere

462 5363 555 5413 alii
589 5362 658 5412 ab
697 5352 758 5411 iis
784 5352 889 5424 qui
911 5361 1256 5424 postmodum
1290 5356 1468 5424 parsis
1499 5354 1666 5424 initiis
1702 5352 2026 5407 immensum

451 5440 782 5483 crescentes.
804 5422 1100 5496 imperium
1144 5422 1448 5479 liomanum
1484 5425 1537 5496 in
1566 5422 1787 5496 Oriente
1815 5424 2028 5496 penitus

453 5492 908 5556 exstinxerunt,‘
948 5498 1232 5564 eidemque
1283 5497 1336 5548 iu
1379 5494 1672 5564 Occidente
1727 5492 2026 5545 horrendas

451 5571 755 5639 intulerunt
781 5566 984 5639 clades,
1015 5568 1400 5630 t0parcharum
1429 5563 1724 5639 praesertim
1757 5576 2021 5639 acreguin

452 5638 732 5701 dissidiis,
769 5635 1135 5703 maioresque,
1168 5648 1304 5703 quas
1351 5643 1556 5684 avet-tat
1591 5634 1749 5694 Deus,
1791 5632 1922 5684 nihil
1957 5632 2022 5681 iis

454 5706 929 5766 concordioribus,
963 5708 1264 5758 minantur.
1300 5703 1395 5756 Est
1433 5704 1576 5756 velut
1607 5715 1894 5755 commune
1925 5714 2022 5752 uo-

2135 4879 2297 4926 men,
2335 4863 2401 4918 iis
2455 4880 2591 4932 quos
2637 4866 2927 4929 nomadcs,
2981 4883 3044 4921 ac
3087 4878 3448 4928 armentarius
3484 4885 3700 4937 vocant,

2127 4949 2268 5002 quos
2300 4937 2608 5011 'prfrcipue
2639 4939 2814 5011 modo
2847 4938 3290 5011 agunt_'l‘artari,
3323 4953 3484 5011 atque
3534 4945 3585 4997 in
3636 4949 3702 4998 iis

2128 5019 2266 5072 quos
2300 5003 2524 5074 lfuionia
2563 5005 2770 5058 vicinos
2796 5003 2997 5074 jngiter
3028 5003 3341 5066 infestantes
3376 5003 3556 5067 liabet.

2203 5075 2278 5150 l9)
2299 5072 2562 5141 Hesperia:
2587 5072 3104 5150 partes._Qi_tEa_nqnam
3141 5080 3416 5150 Ἐσπέρια,
3435 5085 3513 5136 vel
3537 5085 3704 5140 Italiae

2131 5143 2417 5218 videantur
2465 5155 2662 5213 partes.
2709 5147 2817 5218 vel‘
2845 5145 3150 5218 Hispalim,
3188 5143 3320 5218 qua!
3350 5143 3430 5205 est
3479 5155 3703 5208 ulterior

2135 5212 2417 5289 Hesperia,
2441 5212 2502 5289 ac
2531 5227 2773 5289 respectu
2804 5214 2986 5276 Italiae,
3017 5219 3087 5270 uti
3115 5212 3260 5273 Italia
3280 5231 3525 5289 respectu
3549 5223 3700 5279 Grae-

2138 5285 2236 5336 cia:
2269 5301 2281 5336 :
2322 5283 2411 5335 Itie
2441 5284 2793 5338 nihilominus
2839 5295 3030 5339 auctor
3062 5304 3128 5342 eo
3171 5283 3391 5345 nomine
3435 5290 3702 5349 Graeciam

2132 5354 2584 5424 ipsmnpintelligit
2611 5393 2624 5412 .
2663 5364 2715 5406 ut
2752 5365 2802 5408 et
2841 5355 3271 5424 PeIOponnesum
3297 5398 3314 5424 ,
3349 5370 3406 5414 ut
3439 5364 3574 5418 satis
3604 5379 3702 5419 ex-

2131 5426 2280 5503 ponit
2313 5422 2364 5472 in
2405 5424 2760 5503 sequi-utilius
2811 5425 2899 5475 ubi
2952 5422 3019 5478 de
3053 5427 3264 5503 crinito
3299 5422 3436 5503 dato
3473 5434 3525 5486 in
3562 5449 3700 5503 pra:-

2130 5498 2325 5566 l'ci-ium
2385 5493 2456 5566 i_l|i
2514 5495 2834 5566 provinciae,
2860 5511 3054 5566 quem,
3109 5498 3301 5566 inquit,
3364 5501 3499 5557 Deus
3553 5493 3700 5559 uellet

2126 5564 2296 5639 adhuc
2349 5562 2798 5639 τώειωεσπερίιυν.
2857 5563 3124 5639 Nimirum
3173 5562 3580 5639 comparatione
3633 5577 3700 5629 ad

2123 5635 2327 5690 Asiam.
2365 5647 2424 5686 ac
2457 5633 2660 5687 'l'ltema
2694 5634 2746 5685 in
2783 5648 2842 5685 ea
2879 5635 3174 5690 Ut‘ientale.
