4088 6208
387 309 491 370 463

1840 290 2038 352 ANON
2053 289 2202 348 YML

3443 294 3458 306 ·
3541 276 3648 337 464

390 437 602 503 preces,
625 437 690 477 ac
709 426 978 482 sanctum,
1003 413 1159 485 cujus
1179 412 1287 484 illic
1309 419 1424 466 erat
1446 421 1647 477 corpus
1665 403 1959 474 sepultum.

2093 399 2266 453 ὀιόνδε
2302 398 2470 452 κακὸν
2533 395 2834 468 θεραπείας
2869 395 3003 465 εὐχή
3043 391 3292 463 συνεχής,
3332 389 3468 461 πρδς
3517 388 3650 441 Θεόν

392 494 440 577 is
467 520 544 574 illi
576 517 632 571 in
664 512 872 569 somnis
903 521 1192 578 apparens,
1249 503 1474 558 herbam
1508 497 1766 558 ostendit,
1797 509 1864 548 ac
1894 494 1966 548 ita

390 612 629 669 affatur:
673 625 692 658 ι
737 603 841 658 Per
898 602 1039 654 hanc
1090 596 1333 666 quidem,
1395 589 1661 645 medelam
1723 585 1968 641 invenies

389 707 510 776 ejus
537 690 1204 772 quod.illigit.Caaterum
1241 684 1527 756 perspicue
1577 679 1820 743 noveris,
1855 676 1969 731 fore

390 771 452 854 u't
481 771 755 866 patient-iac
806 783 1050 856 praemio,
1078 783 1197 848 ejus
1225 777 1545 834 certaminis
1567 774 1740 845 gratia
1764 771 1968 832 debito,

393 862 643 962 priveris.
671 902 688 934 ι
712 879 852 934 Tum
879 877 966 930 ille
997 890 1028 929 a
1061 888 1257 928 somno
1275 872 1568 933 excitatus,
1596 863 1740 919 haud
1762 862 1966 916 malum

396 955 453 1039 se
485 980 778 1038 arbitrum,
809 966 1102 1041 ejus-quod
1135 962 1483 1019 conducibile
1509 967 1678 1018 esset.
1704 955 1970 1010 electione

391 1071 666 1136 uStcudit;
704 1082 807 1122 nec
833 1065 948 1134 ejus
981 1058 1124 1131 quod
1162 1055 1466 1112 molestiam
1495 1053 1722 1113 faceret,
1759 1050 1827 1103 ad
1857 1064 1970 1101 mo-

395 1169 577 1221 dicutn
637 1169 851 1227 tempus
912 1149 1318 1208 remissionem,
1369 1153 1586 1198 aeterna:
1620 1137 1969 1196 retributioni

397 1253 686 1328 praeposuit
711 1266 724 1301 :
754 1246 885 1316 quin
910 1242 1073 1311 elegit
1103 1239 1184 1294 sic
1218 1238 1352 1308 pati,
1392 1237 1564 1290 donec
1595 1237 1642 1287 is
1666 1232 1760 1302 qui
1788 1231 1969 1286 scien-

398 1323 595 1404 iiarum
632 1343 919 1402 Dominus,
960 1335 1241 1391 destinatae
1280 1330 1381 1384 soli
1437 1327 1700 1381 voluntati
1737 1323 1971 1378 actionis

395 1435 927 1496 consummationem
982 1425 1232 1487 ascribit,
1263 1439 1384 1477 cum
1419 1421 1656 1490 plagam,
1685 1433 1788 1488 qua
1823 1415 1974 1469 novit

395 1539 510 1606 ipse
542 1532 773 1588 ratione,
814 1522 1048 1584 curavit,
1086 1530 1197 1573 tum
1229 1513 1472 1588 perfecta
1500 1513 1717 1566 athletae
1747 1508 1971 1578 pra-mia

397 1632 450 1683 in
490 1626 732 1680 futurum
760 1616 1026 1687 reposuit.

468 1721 708 1786 Tempus
738 1726 867 1766 vero
897 1721 977 1762 est
1020 1716 1077 1759 ut
1111 1705 1178 1758 de
1213 1701 1332 1770 ejus
1362 1698 1487 1753 inde
1539 1694 1865 1766 migratione
1915 1693 1970 1746 in

2069 507 2130 544 τε
2157 490 2250 544 καὶ
2277 491 2369 544 τὸν
2403 491 2583 542 ἐκεῖσε
2613 487 2894 558 σαρκικῶς
2920 488 3073 554 ἅγιον
3105 486 3380 553 κείμενονο
3414 481 3474 544 ὃς
3521 481 3652 548 δναρ

2056 585 2217 656 αὐτῷ
2247 585 2555 653 ἐπιφανεὶς,
2594 582 2829 654 βοτάνην
2857 578 3222 633 ὑποδεικνύειν
3258 597 3276 629 ι
3310 575 3407 628 Διά
3425 574 3653 643 ταύτης,

2071 677 2269 746 λέγων,
2300 675 2393 730 τοῦ
2452 677 2553 746 μὲν
2610 673 2910 736 λυποῦντος
2971 671 3226 743 εὑρήσεις
3289 669 3452 723 ῐασιψ
3513 667 3655 736 πλὴν

2070 770 2186 827 ἀλλ’
2228 769 2334 822 ίσθι
2367 769 2553 837 σαφῶς
2578 769 2656 820 ὅτι
2683 765 2775 820 τοῦ
2811 764 3060 820 ἐντεῦθεν
3087 762 3440 833 όφειλομένου
3460 756 3657 830 μισθοῦ

2072 863 2174 933 τῆς
2200 861 2482 932 ὑπομονῆς
2507 859 2805 932 άποτεὺξῃ.
2852 879 2870 910 ι
2899 853 3033 910 Εἶτα
3062 853 3364 924 διεγερθεὶς
3423 853 3652 914 ἐκεῖνος,

2073 957 2135 1009 οὑ
2177 955 2345 1016 κακὸς
2377 952 2550 1024 ἐφάνη
2584 952 2715 1023 περὶ⁵
2743 951 2843 1021 τὴν
2876 949 3090 1021 αἵρεσιν
3114 945 3210 999 τοῦ
3241 945 3655 1006 λυσιτελοῦντος

2071 1046 2378 1117 διαιτητήςο
2406 1045 2514 1098 οὐδ’
2547 1045 2730 1097 άνεσιν
2755 1042 2849 1094 τοῦ
2886 1041 3022 1110 πρὸς
3050 1038 3248 1109 μικρὸν
3271 1036 3420 1106 αὑτῷ
3447 1037 3660 1106 διοχλή-

2075 1155 2283 1201 σοντος,
2322 1137 2548 1199 αἰωνιας
2581 1135 2903 1208 προέκρινεν
2933 1132 3256 1193 ἀντιδόσεως
3284 1147 3297 1162 ’
3329 1128 3457 1183 ³άλλ’
3490 1129 3664 1182 εἵλετο

2073 1231 2307 1300 πάσχειν
2368 1229 2562 1291 οὑτως,
2622 1228 2727 1290 ἓως
2756 1228 2786 1280 ό
2825 1225 2936 1278 τῶν
2982 1224 3238 1292 γνώσεων
3301 1220 3524 1288 Κύριος,
3568 1221 3662 1273 καὶ

2078 1322 2335 1393 προθέσει
2374 1321 2511 1392 μόνῃ
2543 1319 2800 1389 πράξεως
2827 1318 3140 1370 συντέλειαν
3186 1314 3536 1384 ἐπιγράφων,
3571 1315 3664 1366 καὶ

2075 1414 2177 1482 τήν
2233 1411 2579 1482 πληγὴν,ὼς
2655 1406 2822 1475 οἶδεν,
2859 1409 3074 1472 ἰάσατο,
3147 1407 3241 1459 καὶ
3305 1404 3544 1466 τελείους
3585 1404 3664 1473 τῷ

2076 1505 2285 1574 ἀθλητῇ
2362 1505 2492 1566 τοὺς
2568 1501 2795 1573 μισθοὺς
2871 1502 2952 1562 εἰς
3017 1498 3077 1552 τὸ
3143 1498 3337 1566 μέλλον
3405 1496 3665 1568 ἐταμιεύ-

2080 1615 2233 1652 σατο.

2150 1690 2293 1761 Ὥρα
2320 1689 2378 1744 δὲ
2416 1689 2510 1742 καὶ
2542 1687 2670 1759 περὶ
2697 1687 2799 1756 τῆς
2840 1683 3008 1738 αὑτοῦ
3044 1684 3406 1754 μεταϐάσεως
3465 1681 3559 1736 νῦν
3589 1683 3667 1736 εί-

2362 1505 2492 1566 τοὺς

480 1759 708 1786 μων..-
752 1759 862 1766 εν--
931 1759 973 1762 π
1243 1759 1258 1770 ,
1619 1759 1646 1766 ,

400 1807 813 1883 prmseutiarum
843 1801 1119 1858 dicamus;
1149 1804 1314 1862 atque
1366 1801 1424 1843 ut
1470 1789 1536 1853 is,
1580 1786 1768 1842 relicta
1800 1799 1864 1839 ea
1897 1784 1978 1837 in-

2093 1784 2228 1834 nsiv'
2280 1782 2375 1835 καὶ
2408 1782 2557 1843 ὅπως
2607 1781 2727 1833 τόδε
2778 1779 2838 1832 τὸ
2881 1779 3068 1848 νησίον
3125 1775 3427 1840 ἀπολιπὼν,
3471 1775 3551 1828 εἰς
3577 1775 3668 1827 τὸν

403 1877 518 1957 sula
578 1900 631 1952 in
666 1897 844 1949 locum
880 1887 1178 1947 transierit,
1214 1884 1308 1953 qui
1366 1890 1420 1935 et
1471 1879 1792 1934 morientem
1828 1877 1978 1942 vidit,

405 1997 630 2066 ejusque
663 1991 824 2042 tnolo
851 1981 1114 2052 reliquias
1147 1977 1408 2048 possidet.
1459 1974 1563 2040 Qui
1621 1983 1813 2026 sancto
1865 1971 1982 2023 viro

401 2062 541 2155 luga:
570 2081 704 2137 socii
749 2080 981 2137 fuerant,
1013 2089 1078 2126 ac
1113 2070 1338 2124 multam
1385 2068 1454 2120 ab
1489 2081 1552 2120 eo
1590 2066 1642 2117 in
1692 2078 1752 2118 ea
1807 2062 1979 2116 insula

403 2176 740 2233 curationem
770 2167 1058 2234 ofﬁciaque
1090 2167 1468 2232 perceperant,
1502 2157 1537 2208 ii
1575 2155 1764 2224 utique
1815 2155 1983 2221 probe

405 2270 581 2342 gnari,
615 2279 779 2335 quam
819 2260 920 2314 viri
955 2264 1195 2328 spectata
1231 2254 1404 2308 virtus
1447 2257 1614 2312 esset,
1648 2262 1711 2301 ac
1761 2246 1984 2315 propin-

403 2338 571 2434 quum
610 2359 809 2414 habere
841 2353 1106 2412 volentes,
1141 2348 1207 2400 ad
1240 2361 1366 2400 eum
1389 2342 1678 2397 accedunt.
1716 2338 1858 2402 Quid
1887 2351 1984 2390 au-

406 2431 510 2510 tem
564 2451 645 2505 vel
687 2463 792 2502 nou
849 2445 1116 2503 dicentes,
1156 2438 1240 2493 vel
1299 2445 1559 2506 praestare
1621 2431 1981 2512 negligentes,

407 2561 596 2603 eorum
657 2541 859 2612 quibus
909 2535 1126 2591 animus
1182 2529 1420 2585 assuetis
1473 2524 1729 2581 delectari
1791 2520 1985 2575 solitus

406 2660 467 2697 ac
494 2643 718 2694 moleste
751 2631 977 2688 omnino
1010 2628 1257 2681 locorum
1297 2619 1627 2675 mutationes
1658 2614 1864 2678 ferens,
1899 2612 1984 2665 iu-

407 2731 548 2786 llecti
572 2743 640 2798 po
654 2742 735 2780 sse
760 2717 1139 2776 videretur.ad
1172 2715 1355 2769 locum
1381 2711 1679 2769 adducunt,
1715 2704 1986 2758 hactenus

407 2791 628 2893 quidem
665 2815 786 2884 ejus
818 2819 1029 2865 tantum
1061 2814 1425 2874 spectatorem
1455 2799 1699 2853 futurum
1731 2811 1744 2848 :
1778 2808 1842 2846 ac
1883 2791 1986 2846 nisi

405 2885 470 2970 ex
504 2912 687 2965 animo
721 2905 1016 2965 videretur,
1043 2899 1109 2952 ad
1147 2894 1348 2966 prioris
1382 2893 1579 2946 iterutu
1635 2885 1742 2939 loci
1774 2891 1985 2938 secreta

408 3011 772 3057 reversurum.
808 2993 947 3045 Tum
972 2991 1148 3043 virum
1168 2987 1586 3040 circumstantes
1619 2993 1633 3030 :
1665 2995 1682 3028 ι
1711 2972 1984 3040 Quandiu,

2082 1875 2271 1939 τόπον,
2298 1873 2357 1935 ὃς
2409 1875 2506 1926 καὶ
2565 1871 2795 1925 θανόντα
2837 1870 3027 1923 τοῦτον
3073 1868 3306 1939 ἑώρακε,
3364 1866 3458 1920 καὶ
3480 1865 3574 1919 νῦν
3610 1867 3671 1919 τὸ

2089 1968 2235 2038 ἱερὸν
2287 1965 2453 2020 αὑτοῦ
2521 1965 2746 2018 πλουτεῖ
2792 1963 3063 2032 λείψανον,
3105 1961 3448 2031 μεταδαίνει.
3493 1960 3556 2012 Οἱ
3591 1959 3672 2026 τῷ

2092 2059 2237 2128 ἁγίῳ
2271 2057 2370 2125 τῆς
2404 2055 2587 2126 φυγῆς
2635 2055 3089 2123 κοινωνήσαντες,
3120 2051 3320 2122 πολλῆς
3346 2069 3406 2103 τε
3426 2055 3524 2122 τῆς
3542 2038 3674 2121 παρ’

2086 2148 2256 2205 αὑτοῦ
2286 2149 2586 2219 θεραπείας
2621 2147 2678 2200 έν
2713 2163 2776 2214 γε
2812 2149 2876 2216 τῇ
2928 2147 3077 2215 νήσῳ
3112 2145 3286 2215 ταύτῃ
3337 2144 3676 2214 μετεσχηκόο

2090 2259 2204 2306 τες,
2231 2233 2386 2324 οξτοι
2414 2238 2618 2309 δηλαδὴ
2653 2238 2918 2308 μαθόντες
2952 2232 3062 2300 οἷος
3090 2240 3298 2300 ἐκεῖνος
3323 2236 3676 2308 τὴνάρετὴν,

2087 2333 2181 2385 καὶ
2210 2330 2530 2401 βουλόμενοι
2553 2330 2745 2383 τοῦτον
2780 2331 3080 2398 ἐγγίζοντα
3125 2329 3291 2399 ἔχειν,
3345 2326 3676 2397 προσελθόν-

2086 2441 2197 2489 τες,
2230 2423 2323 2475 καὶ
2354 2423 2408 2475 τί
2440 2421 2540 2490 μὲν
2561 2423 2662 2474 οὑκ
2686 2421 2959 2486 εἰπόντες,
2985 2424 3037 2472 τί
3073 2420 3130 2473 δὲ
3159 2421 3220 2472 οὑ
3251 2409 3548 2492 δράσαντες
3568 2420 3674 2472 τῶν

2087 2519 2270 2600 πεῖσαι
2304 2515 2623 2583 δυναμένων
2656 2513 2992 2584 φιλοσυνήθη
3019 2513 3232 2584 ψυχὴν,
3269 2515 3482 2576 καὶτὰς
3511 2531 3680 2582 μετα-

2088 2609 2282 2669 ϐάσεις
2307 2606 2570 2669 επιεικῶς
2590 2607 3078 2677 δυσχεραίνουσαν,
3107 2607 3385 2674 ἀπάγουσι
3432 2607 3568 2676 πρὸς
3592 2607 3682 2659 τὸν

2086 2701 2276 2766 τόπον,
2318 2699 2393 2763 ὡς
2449 2700 2508 2751 τό
2567 2715 2630 2766 γε
2689 2698 2785 2750 νῦν
2831 2699 2973 2768 ἔχον,
3037 2697 3233 2769 θεατὴν
3289 2698 3448 2768 μόνον
3519 2697 3680 2751 αὑτοῦ

2089 2797 2366 2866 ἐσόμενον·
2393 2795 2488 2848 καὶ
2521 2797 2568 2848 εί
2605 2795 2679 2865 μή
2708 2797 2850 2848 κατὰ
2909 2796 3139 2867 γνώμην
3187 2798 3354 2861 δοκεῖ,
3390 2796 3553 2850 πάλιν
3602 2799 3683 2859 είς

2088 2890 2185 2960 τήν
2209 2888 2488 2958 προτέραν
2523 2888 2866 2958 έπανήξοντα
2897 2891 3214 2960 παροικίαν.
3238 2887 3362 2944 Εἶτα
3386 2890 3684 2961 περιστάν-

2087 2995 2200 3040 τεςο
2263 2998 2282 3030 ι
2333 2979 2511 3049 Μέχρι
2552 2980 2720 3044 τίνος,
2781 2979 2988 3048 ἔλεγον,
3039 2982 3507 3053 ἐμφιλοχωρήσεις
3562 2985 3684 3046 ταῖς

408 3095 646 3155 aiebant,
685 3083 956 3142 habitabis
987 3083 1041 3136 in
1074 3080 1211 3134 locis
1237 3073 1551 3137 maritimis,
1588 3070 1812 3124 multam
1838 3081 1867 3119 a
1888 3078 1986 3118 na-

2093 3070 2415 3142 παραλίοις,
2493 3069 2709 3134 πολλοῖς
2799 3072 2900 3140 μὲν
2973 3074 3087 3136 τοῖς
3149 3075 3213 3128 ὲκ
3289 3075 3395 3128 τῶν
3449 3075 3676 3129 πλοίωνο

411 3208 429 3240 \
446 3190 567 3241 ibus
593 3181 926 3248 multamque
957 3189 987 3228 a
1005 3170 1466 3245 praetereuntibus
1491 3164 1796 3219 molestiam
1824 3157 1984 3213 habi-

2093 3161 2308 3224 πολλοῖς
2373 3163 2431 3215 δὲ
2509 3163 2604 3214 καὶ⁵
2672 3162 2782 3216 τῶν
2868 3166 3422 3234 παραπορευομένων
3502 3166 3686 3236 ὀχλού-

411 3277 606 3337 turns?
637 3275 798 3329 Vides
820 3269 1156 3342 qualislocus
1185 3265 1256 3319 sit
1287 3258 1634 3331 irrquostas?
1661 3255 1822 3321 Quali
1847 3253 1989 3309 aeris

411 3369 706 3440 temperie?
745 3365 919 3432 Quam
949 3355 1312 3420 delectabilis,
1345 3362 1507 3420 atque
1535 3351 1604 3402 ab
1649 3347 1796 3400 omni
1830 3346 1988 3398 turba

412 3468 567 3527 liber,
599 3463 797 3528 vixque
825 3471 932 3510 non
971 3449 1291 3523 hominibus
1329 3443 1546 3499 invius?
1584 3441 1810 3494 Accedit
1835 3453 1992 3507 aquae

415 3553 808 3622 limpidissimae
839 3544 995 3614 cepia
1043 3555 1163 3610 qum
1193 3537 1328 3591 satis
1362 3533 1579 3596 habeat,
1611 3545 1734 3584 eum
1772 3529 1839 3583 ad
1873 3529 1994 3583 sitis

417 3620 601 3709 ltili—Ill,
632 3655 743 3696 tum
777 3640 842 3693 ad
872 3633 1147 3705 irriganda
1183 3630 1334 3683 olera
1363 3643 1427 3681 ac
1462 3626 1697 3695 plantas.
1722 3620 1868 3675 Nihil
1899 3631 1993 3674 tuo

417 3737 692 3794 desiderio
730 3731 815 3785 vel
848 3744 954 3781 non
988 3722 1287 3781 suilicieus,
1327 3721 1411 3772 vel
1443 3720 1625 3771 minus
1653 3715 1878 3783 dignum
1907 3713 1994 3766 in-

421 3832 611 3887 venies
647 3843 660 3880 :
697 3825 788 3878 sed
824 3831 878 3876 et
925 3835 1022 3874 nos
1050 3819 1116 3872 ad
1155 3830 1316 3870 omne
1353 3811 1638 3868 ministerii
1671 3805 1995 3877 obsequium

417 3930 703 3994 promptos
735 3933 799 3974 ac
847 3914 1060 3968 alacres
1103 3909 1390 3964 habiturus
1424 3921 1504 3960 es.
1548 3923 1565 3955 ι

495 4113 693 4167 Libens
719 4112 901 4176 itaque
927 4103 1122 4159 beatus
1163 4099 1342 4154 Lucas
1371 4112 1496 4153 eum
1530 4110 1718 4150 eorum
1753 4093 2003 4146 volunta-

422 4215 529 4258 tem
585 4199 793 4261 habuit,
833 4205 946 4250 tum
984 4193 1087 4247 loci
1139 4193 1302 4245 situm
1356 4197 1613 4256 tanquam
1646 4193 1926 4240 ostensum
1968 4197 2000 4234 a

428 4294 558 4358 Deo,
594 4288 868 4347 adamavit
901 4284 1123 4355 pariter,
1158 4291 1322 4349 atque
1353 4279 1406 4332 in
1451 4291 1516 4332 eo
1543 4275 1802 4344 deinceps
1843 4271 2002 4325 habi-

426 4395 543 4440 tare
574 4382 782 4439 statuit.
813 4378 1038 4441 Adhzee,
1064 4380 1257 4442 aquam
1289 4369 1598 4424 obnubente
1628 4366 1760 4420 silva
1788 4365 2002 4417 nudans

2097 3269 2255 3324 μενος
2301 3254 2414 3314 τοῖς
2465 3250 2755 3321 θορύϐοιςς
2820 3252 2979 3326 Ὁρᾷς
3021 3250 3133 3319 οἷος
3163 3257 3250 3310 ὅδε
3304 3258 3478 3328 χῶρος
3514 3261 3598 3326 ἐφ’
3628 3258 3686 3311 ὃν

2092 3343 2475 3413 ἓστηκας;ὡς
2495 3345 2788 3414 εὑκρατὴς,
2839 3345 2916 3409 ὡς
2967 3333 3294 3418 ἐπιτερπής,
3328 3349 3560 3419 θορύϐου
3615 3367 3673 3403 τε

2091 3438 2300 3499 παντὸς
2357 3435 2667 3506 ἐλεύθερος,
2716 3439 2812 3490 καὶ⁵
2860 3439 3175 3508 ἀνθρώποις
3209 3442 3400 3510 σχεδὸν
3449 3443 3682 3510 ἅϐατοςε

2100 3528 2308 3591 Ἄλλως
2341 3545 2399 3580 τε
2419 3529 2476 3580 δὲ
2509 3530 2604 3580 καὶ
2633 3527 2825 3592 ὓδατος
2848 3531 3101 3602 εὐπορῶν
3130 3531 3227 3586 τοῦ
3253 3505 3684 3605 καθαρωτάτουῖ

2096 3621 2232 3691 ὁμοῦ
2264 3621 2402 3690 πρός
2434 3635 2492 3671 τε
2523 3619 2714 3690 χρείαν
2746 3621 2930 3692 δίψης,
2961 3627 3055 3678 καὶ
3085 3625 3224 3694 πρὸς
3250 3625 3476 3695 ἀρδείαν
3520 3627 3689 3698 λαχά-

2099 3731 2204 3766 νων
2234 3713 2331 3766 καὶ
2381 3712 2572 3780 φυτῶν
2633 3714 2839 3777 ἱκανῶς
2898 3715 3137 3786 ἔχοντος.
3201 3718 3368 3771 Οὐδὲν
3427 3719 3530 3788 τῆς
3588 3721 3688 3789 σῆς

2101 3805 2402 3874 ἐπιθυμίας
2449 3803 2666 3878 ἐλλιπὲς
2724 3805 2982 3877 εὑρήσεις
3033 3806 3066 3877 ῆ
3113 3807 3354 3875 ἀνάξιον·
3419 3809 3554 3865 ἀλλὰ
3597 3811 3692 3865 καὶ

2101 3900 2248 3968 ἡμᾶς
2276 3898 2417 3963 ἕξεις
2475 3895 2820 3965 εὑπρὸθυμόν
2871 3915 2955 3953 σοι
2999 3901 3178 3954 πᾶσαν
3242 3901 3690 3972 ὑπηρετήσοντας

2100 3994 2464 4060 λειτουργίαν.

2186 4091 2614 4162 Ἀποδεξάμενος
2645 4091 2781 4160 γοῦν
2812 4091 3006 4155 αὑτούς
3039 4108 3097 4144 τε
3129 4093 3222 4145 καὶ⁵
3249 4093 3349 4162 τῆς
3378 4092 3690 4162 προθέσεως

2103 4187 2131 4237 ὁ
2172 4186 2409 4249 Λουκᾶς,
2443 4185 2538 4237 καὶ
2586 4185 2676 4237 τὸν
2731 4186 2912 4255 χῶρον
2963 4185 3061 4254 τῆς
3121 4184 3322 4247 θέσεως
3385 4185 3492 4237 ὑπὸ
3539 4185 3676 4237 θεοῦ

2103 4277 2420 4345 δειχθέντα,
2463 4275 2717 4346 ήγάπησέ
2773 4294 2833 4328 τε
2881 4279 2976 4330 καὶ
3005 4279 3063 4330 ὲν
3109 4276 3262 4344 αὑτῷ
3306 4278 3594 4346 παρο.κεῖν
3624 4278 3686 4328 τὸ

2107 4367 2296 4420 λοιπὸν
2335 4367 2649 4437 ᾑρετίσατο.
2678 4369 2914 4422 Ἔπειτα
2941 4368 3001 4420 τὸ
3027 4367 3169 4438 ὕδωρ
3197 4376 3300 4438 τῆς
3339 4369 3688 4441 παρακειμέ-

428 4476 790 4544 Iimpidiorem
847 4467 1011 4523 simul
1035 4480 1102 4519 ac
1150 4463 1514 4533 copiosiorem
1577 4472 1801 4512 manare
1855 4455 1981 4508 fecit

2111 4477 2209 4529 νης
2273 4459 2403 4528 ὕλης
2455 4461 2884 4530 ἀπογυμνώσας,
2937 4463 3323 4533 διαυγέστερον
3361 4465 3499 4534 ὁμοῦ
3543 4466 3691 4518 νάειν

426 4568 529 4623 Per
546 4564 786 4634 singulas
810 4569 990 4614 autem
1027 4557 1190 4610 horas
1218 4557 1396 4608 locum
1419 4553 1605 4606 colens
1627 4565 1692 4604 ac
1711 4549 2002 4610 inundans,

428 4657 686 4724 omnique
715 4653 971 4705 arborum
1017 4660 1217 4716 genere
1244 4660 1558 4708 conserens,
1591 4652 1845 4710 tauquam
1881 4639 2008 4692 hor-

430 4758 545 4802 tum
596 4741 1050 4814 pulcherrimum,
1100 4739 1300 4792 nedum
1351 4736 1556 4806 gustui,
1603 4735 1698 4788 sed
1741 4743 1790 4787 et
1831 4730 2006 4787 oculis

429 4838 647 4909 egregie
679 4836 1007 4906 placentem,
1045 4830 1304 4886 ostendit.
1349 4827 1613 4882 Cellnlam
1644 4834 1850 4888 autem,
1897 4837 2004 4876 non

431 4947 599 5002 prope
633 4915 851 4983 hortum
891 4940 956 4980 ac
991 4923 1226 4986 fontem,
1261 4923 1356 4975 sed
1394 4921 1569 4988 magis
1596 4919 1751 4984 longe
1797 4915 2004 4984 procul,

431 5042 494 5080 ac
536 5027 676 5078 inter
709 5021 952 5082 dumeta,
995 5026 1053 5070 ut
1086 5032 1152 5070 ue
1185 5014 1342 5068 facile
1383 5013 1570 5067 multis
1603 5011 1818 5079 cognita
1849 5008 2006 5071 foret,

433 5116 627 5172 erexit.
656 5112 868 5181 Quippe
911 5110 1095 5162 animo
1140 5105 1498 5162 constitutum
1540 5111 1679 5165 erat,
1729 5110 1788 5154 ut
1831 5099 2009 5154 inanis

433 5223 646 5278 semper
681 5204 866 5276 gloria:
909 5199 1231 5256 occasiones
1263 5203 1610 5265 amputaret,
1652 5202 1818 5262 utque
1863 5207 2010 5246 mor-

436 5311 562 5355 tmts
591 5299 775 5368 potius
806 5307 970 5364 quam
1001 5278 1284 5358 vivus,_iis
1309 5287 1636 5357 quibuscum
1672 5295 2004 5344 versaretur,

437 5402 578 5446 esset
617 5389 819 5460 pariter
855 5401 919 5442 ac
949 5390 1255 5455 putaretur.

506 5570 728 5635 Puthus,
755 5587 917 5641 quem
952 5581 1156 5626 norunt
1186 5579 1398 5632 omnes,
1429 5566 1520 5635 qui
1552 5574 1604 5617 et
1635 5563 1826 5616 Atticae
1874 5577 2012 5631 pra:-

439 5663 727 5728 l'eeturatn,
772 5673 956 5731 utpote
997 5673 1196 5732 praetor
1240 5658 1613 5714 concreditum
1671 5655 1900 5719 habuit;
1965 5656 2012 5706 is

437 5753 638 5809 Thebis
690 5754 965 5818 habitans,
1029 5755 1282 5825 conjugis
1337 5762 1392 5809 et
1452 5753 1565 5819 ipSe
1632 5749 1797 5816 iacto,
1833 5749 2012 5818 magni

2109 4551 2204 4603 καὶ
2251 4550 2633 4621 ἀφθονώτερον
2696 4552 3135 4622 παρεσκεύασεν.
3197 4554 3367 4608 ’⁷οσαι
3431 4555 3488 4607 δὲ
3540 4551 3682 4624 ὧραι

2111 4641 2418 4709 φιλοκαλῶν
2477 4644 2572 4697 καὶ
2629 4645 2938 4714 καθαίρων,
2989 4652 3083 4699 καὶ
3153 4650 3388 4700 παντοῖα
3440 4647 3683 4716 φυτεύω.

2109 4736 2273 4801 φυτά,
2330 4735 2657 4804 παράδεισον
2708 4731 2820 4790 οἷον
2879 4739 3166 4807 ἀπέδειξεν
3232 4741 3587 4810 ὡραιότατον,
3623 4742 3688 4792 οὐ

2110 4826 2296 4893 γεύσει
2351 4829 2532 4896 μόνον,
2565 4827 2700 4881 άλλά
2735 4831 2828 4882 καὶ
2857 4830 3158 4900 ὀφθαλμοῖς
3209 4833 3548 4902 χαριζόμενά
3576 4831 3689 4902 [ῖσ.

2115 4919 2520 4991 χαριζόμενον].
2558 4922 2631 4974 Τὸ
2663 4923 2852 4991 μέντοι
2887 4924 3122 4990 κελλίον,
3149 4926 3209 4976 οὺ
3240 4926 3470 4993 πλησίον
3496 4924 3691 4977 τούτου

2111 5011 2328 5080 καὶτῆς
2363 5016 2540 5083 πηγῆς
2569 5031 2578 5042 ·
2616 5013 2690 5076 ὡς
2725 5017 3064 5086 πορρωτάτω
3120 5017 3177 5070 δὲ
3222 5017 3426 5086 μᾶλλον
3458 5019 3552 5070 καὶ
3595 5035 3692 5088 με·

2116 5101 2248 5166 ταξὺ
2275 5103 2382 5155 τῶν
2425 5105 2725 5174 θαμνωδῶν
2767 5107 2950 5174 φυτῶν
2991 5106 3251 5177 ἔστησεν
3301 5108 3444 5162 ὥστε
3477 5110 3550 5179 μὴ
3595 5113 3693 5178 ῥέε·

2117 5197 2242 5258 δίως
2267 5202 2380 5260 τοῖς
2416 5201 2628 5263 πολλοῖς
2661 5203 2913 5272 ἐπίδηλον
2945 5200 3104 5257 εἶναι.
3150 5206 3360 5267 Σκοπὸς
3397 5206 3506 5274 γὰρ
3536 5205 3686 5274 αὑτῴ

2118 5290 2216 5350 ’τάξ
2247 5292 2348 5360 τῆς
2384 5292 2548 5361 κενῆς
2577 5287 2738 5364 δόξης
2769 5297 3030 5365 ἀφορμάς
3061 5298 3147 5348 ἀεὶ
3188 5314 3566 5366 περικιιπτειν,
3596 5297 3694 5349 καὶ

2119 5379 2192 5442 ὡς
2223 5381 2500 5451 τεθνηκὼς
2535 5385 2739 5452 μᾶλλον
2779 5389 2894 5450 τοῖς
2931 5388 3218 5458 παροῦσιν,
3252 5388 3284 5458 ἢ
3319 5388 3426 5450 ζῶν
3455 5385 3600 5440 εἷναί
3629 5407 3688 5442 τε

2118 5474 2210 5523 καὶ
2240 5474 2575 5542 νομίζεσθαι.

2190 5563 2380 5627 Πόθος,
2411 5565 2470 5616 ὃν
2501 5568 2648 5620 ἴσασι
2677 5569 2904 5636 πάντες,
2937 5571 2995 5632 ὃς
3033 5573 3125 5624 καὶ
3154 5571 3255 5640 τήν
3303 5573 3402 5642 τῆς
3439 5571 3696 5636 Ἑλλάδος

2120 5657 2294 5727 ἀρχὴν
2333 5651 2418 5710 οἷα
2467 5663 2770 5730 στρατηγὸς
2819 5663 2975 5734 ἔτυχε
3035 5664 3389 5727 πιστευθείςο
3433 5661 3590 5728 οὗτος
3635 5667 3695 5716 ἐν

2123 5748 2332 5819 Θήϐαις
2365 5749 2461 5812 τὰς
2501 5751 2785 5822 διατριϐὰς
2835 5745 2997 5824 ἔχων,
3050 5756 3196 5825 ἔργῳ
3251 5758 3344 5809 καὶ
3393 5757 3550 5815 αὑτὸς
3602 5757 3697 5819 τῆς
