  <div class='ocr_page' id='page_1' title='image "/cluster/home/n/w/nwhite01/storage/ocr_20150623/111/hvd.32044073502288/255.png"; bbox 0 0 4088 6208; ppageno 0'>
   <div class='ocr_carea' id='block_1_1' title="bbox 442 335 548 396">
    <p class='ocr_par' dir='ltr' id='par_1_1' title="bbox 442 335 548 396">
     <span class='ocr_line' id='line_1_1' title="bbox 442 335 548 396; baseline 0 -1"><span class='ocrx_word' id='word_1_1' title='bbox 442 335 548 396; x_wconf 67' lang='grc'><strong>107</strong></span> 
     </span>
    </p>
   </div>
   <div class='ocr_carea' id='block_1_2' title="bbox 1876 341 2222 402">
    <p class='ocr_par' dir='ltr' id='par_1_2' title="bbox 1876 341 2222 402">
     <span class='ocr_line' id='line_1_2' title="bbox 1876 341 2222 402; baseline 0 -3"><span class='ocrx_word' id='word_1_2' title='bbox 1876 341 2222 402; x_wconf 80' lang='grc' dir='ltr'><strong>ΑΝΟΝΥΜΙ</strong></span> 
     </span>
    </p>
   </div>
   <div class='ocr_carea' id='block_1_3' title="bbox 3566 340 3668 407">
    <p class='ocr_par' dir='ltr' id='par_1_3' title="bbox 3566 340 3668 407">
     <span class='ocr_line' id='line_1_3' title="bbox 3566 340 3668 407; baseline 0.029 -3"><span class='ocrx_word' id='word_1_3' title='bbox 3566 340 3668 407; x_wconf 70' lang='grc'><strong>468</strong></span> 
     </span>
    </p>
   </div>
   <div class='ocr_carea' id='block_1_4' title="bbox 439 449 2009 528">
    <p class='ocr_par' dir='ltr' id='par_1_4' title="bbox 439 453 1992 526">
     <span class='ocr_line' id='line_1_4' title="bbox 439 453 1992 526; baseline 0.004 -21"><span class='ocrx_word' id='word_1_4' title='bbox 439 468 562 520; x_wconf 68' lang='lat' dir='ltr'><strong>quae</strong></span> <span class='ocrx_word' id='word_1_5' title='bbox 587 453 653 506; x_wconf 90' lang='lat' dir='ltr'><strong>de</strong></span> <span class='ocrx_word' id='word_1_6' title='bbox 677 454 846 509; x_wconf 91' lang='lat' dir='ltr'><strong>sancti</strong></span> <span class='ocrx_word' id='word_1_7' title='bbox 892 455 1055 511; x_wconf 87' lang='lat' dir='ltr'><strong>rebus</strong></span> <span class='ocrx_word' id='word_1_8' title='bbox 1105 467 1292 526; x_wconf 80' lang='lat' dir='ltr'><strong>gestis,</strong></span> <span class='ocrx_word' id='word_1_9' title='bbox 1343 472 1436 511; x_wconf 86' lang='lat' dir='ltr'><strong>seu</strong></span> <span class='ocrx_word' id='word_1_10' title='bbox 1478 458 1652 511; x_wconf 83' lang='lat' dir='ltr'><strong>mavis</strong></span> <span class='ocrx_word' id='word_1_11' title='bbox 1699 456 1992 519; x_wconf 83' lang='lat' dir='ltr'><strong>miraculis,</strong></span> 
     </span>
    </p>
   </div>
   <div class='ocr_carea' id='block_1_5' title="bbox 2113 449 3670 528">
    <p class='ocr_par' dir='ltr' id='par_1_5' title="bbox 2113 449 3670 528">
     <span class='ocr_line' id='line_1_5' title="bbox 2113 449 3670 528; baseline 0.001 -20"><span class='ocrx_word' id='word_1_12' title='bbox 2113 457 2394 528; x_wconf 60' lang='grc' dir='ltr'>θαυμάτων</span> <span class='ocrx_word' id='word_1_13' title='bbox 2445 456 2642 521; x_wconf 77' lang='grc' dir='ltr'>εἰπεῖν,</span> <span class='ocrx_word' id='word_1_14' title='bbox 2679 454 2747 510; x_wconf 67' lang='grc' dir='ltr'>τὰ</span> <span class='ocrx_word' id='word_1_15' title='bbox 2789 449 2904 510; x_wconf 85' lang='grc' dir='ltr'><strong>ῶτα</strong></span> <span class='ocrx_word' id='word_1_16' title='bbox 2939 453 3333 526; x_wconf 75' lang='grc' dir='ltr'><strong>ὑποπλησθεὶς,</strong></span> <span class='ocrx_word' id='word_1_17' title='bbox 3363 454 3444 517; x_wconf 88' lang='grc' dir='ltr'><strong>είς</strong></span> <span class='ocrx_word' id='word_1_18' title='bbox 3493 453 3670 523; x_wconf 76' lang='grc' dir='ltr'>ἔρωτα</span> 
     </span>
    </p>
   </div>
   <div class='ocr_carea' id='block_1_6' title="bbox 443 545 1997 618">
    <p class='ocr_par' dir='ltr' id='par_1_6' title="bbox 443 545 1997 618">
     <span class='ocr_line' id='line_1_6' title="bbox 443 545 1997 618; baseline 0.001 -20"><span class='ocrx_word' id='word_1_19' title='bbox 443 548 582 598; x_wconf 81' lang='lat' dir='ltr'><strong>fama</strong></span> <span class='ocrx_word' id='word_1_20' title='bbox 620 545 956 610; x_wconf 70' lang='lat' dir='ltr'><strong>ferebantur,</strong></span> <span class='ocrx_word' id='word_1_21' title='bbox 986 564 1147 602; x_wconf 92' lang='lat' dir='ltr'><strong>aures</strong></span> <span class='ocrx_word' id='word_1_22' title='bbox 1174 551 1358 618; x_wconf 89' lang='lat' dir='ltr'><strong>plenas</strong></span> <span class='ocrx_word' id='word_1_23' title='bbox 1383 551 1625 609; x_wconf 88' lang='lat' dir='ltr'><strong>haberet,</strong></span> <span class='ocrx_word' id='word_1_24' title='bbox 1654 548 1819 603; x_wconf 87' lang='lat' dir='ltr'><strong>subiit</strong></span> <span class='ocrx_word' id='word_1_25' title='bbox 1844 565 1997 601; x_wconf 88' lang='lat' dir='ltr'><strong>antor</strong></span> 
     </span>
    </p>
   </div>
   <div class='ocr_carea' id='block_1_7' title="bbox 440 638 1997 702">
    <p class='ocr_par' dir='ltr' id='par_1_7' title="bbox 440 638 1997 702">
     <span class='ocr_line' id='line_1_7' title="bbox 440 638 1997 702; baseline 0.001 -12"><span class='ocrx_word' id='word_1_26' title='bbox 440 639 586 692; x_wconf 89' lang='lat' dir='ltr'><strong>illius</strong></span> <span class='ocrx_word' id='word_1_27' title='bbox 611 639 849 702; x_wconf 81' lang='lat' dir='ltr'><strong>videndi,</strong></span> <span class='ocrx_word' id='word_1_28' title='bbox 883 654 945 692; x_wconf 88' lang='lat' dir='ltr'><strong>ac</strong></span> <span class='ocrx_word' id='word_1_29' title='bbox 971 655 1279 692; x_wconf 84' lang='lat' dir='ltr'><strong>sermonem</strong></span> <span class='ocrx_word' id='word_1_30' title='bbox 1311 655 1434 692; x_wconf 88' lang='lat' dir='ltr'><strong>cum</strong></span> <span class='ocrx_word' id='word_1_31' title='bbox 1474 655 1541 694; x_wconf 91' lang='lat' dir='ltr'><strong>eo</strong></span> <span class='ocrx_word' id='word_1_32' title='bbox 1577 639 1860 693; x_wconf 82' lang='lat' dir='ltr'><strong>miscendi.</strong></span> <span class='ocrx_word' id='word_1_33' title='bbox 1900 638 1997 692; x_wconf 87' lang='lat' dir='ltr'><strong>Ubi</strong></span> 
     </span>
    </p>
   </div>
   <div class='ocr_carea' id='block_1_8' title="bbox 439 723 1998 792">
    <p class='ocr_par' dir='ltr' id='par_1_8' title="bbox 439 723 1998 792">
     <span class='ocr_line' id='line_1_8' title="bbox 439 723 1998 792; baseline 0.001 -14"><span class='ocrx_word' id='word_1_34' title='bbox 439 727 624 792; x_wconf 90' lang='lat' dir='ltr'><strong>itaque</strong></span> <span class='ocrx_word' id='word_1_35' title='bbox 670 725 783 792; x_wconf 88' lang='lat' dir='ltr'><strong>jam</strong></span> <span class='ocrx_word' id='word_1_36' title='bbox 833 726 978 778; x_wconf 81' lang='lat' dir='ltr'><strong>circa</strong></span> <span class='ocrx_word' id='word_1_37' title='bbox 1039 723 1257 779; x_wconf 86' lang='lat' dir='ltr'><strong>Thebas</strong></span> <span class='ocrx_word' id='word_1_38' title='bbox 1304 736 1470 789; x_wconf 80' lang='lat' dir='ltr'><strong>esset,</strong></span> <span class='ocrx_word' id='word_1_39' title='bbox 1526 727 1705 780; x_wconf 80' lang='lat' dir='ltr'><strong>statim</strong></span> <span class='ocrx_word' id='word_1_40' title='bbox 1756 727 1998 786; x_wconf 88' lang='lat' dir='ltr'><strong>mittens.</strong></span> 
     </span>
    </p>
   </div>
   <div class='ocr_carea' id='block_1_9' title="bbox 439 816 2004 887">
    <p class='ocr_par' dir='ltr' id='par_1_9' title="bbox 439 816 2004 887">
     <span class='ocr_line' id='line_1_9' title="bbox 439 816 2004 887; baseline 0.004 -19"><span class='ocrx_word' id='word_1_41' title='bbox 439 817 588 869; x_wconf 86' lang='lat' dir='ltr'><strong>illum</strong></span> <span class='ocrx_word' id='word_1_42' title='bbox 623 817 930 871; x_wconf 76' lang='lat' dir='ltr'><strong>accersivit.</strong></span> <span class='ocrx_word' id='word_1_43' title='bbox 966 816 1058 871; x_wconf 87' lang='lat' dir='ltr'><strong>Ille</strong></span> <span class='ocrx_word' id='word_1_44' title='bbox 1087 832 1248 887; x_wconf 87' lang='lat' dir='ltr'><strong>porro</strong></span> <span class='ocrx_word' id='word_1_45' title='bbox 1291 820 1407 872; x_wconf 91' lang='lat' dir='ltr'><strong>sine</strong></span> <span class='ocrx_word' id='word_1_46' title='bbox 1450 833 1601 872; x_wconf 88' lang='lat' dir='ltr'><strong>mora</strong></span> <span class='ocrx_word' id='word_1_47' title='bbox 1651 819 1874 873; x_wconf 80' lang='lat' dir='ltr'><strong>missum</strong></span> <span class='ocrx_word' id='word_1_48' title='bbox 1923 817 2004 874; x_wconf 86' lang='lat' dir='ltr'><strong>fa-</strong></span> 
     </span>
    </p>
   </div>
   <div class='ocr_carea' id='block_1_10' title="bbox 437 911 2000 974">
    <p class='ocr_par' dir='ltr' id='par_1_10' title="bbox 437 911 2000 974">
     <span class='ocr_line' id='line_1_10' title="bbox 437 911 2000 974; baseline 0.002 -14"><span class='ocrx_word' id='word_1_49' title='bbox 437 911 645 962; x_wconf 92' lang='lat' dir='ltr'><strong>mulum</strong></span> <span class='ocrx_word' id='word_1_50' title='bbox 691 920 935 974; x_wconf 86' lang='lat' dir='ltr'><strong>secutus,</strong></span> <span class='ocrx_word' id='word_1_51' title='bbox 996 912 1270 965; x_wconf 81' lang='lat' dir='ltr'><strong>hominem</strong></span> <span class='ocrx_word' id='word_1_52' title='bbox 1341 913 2000 967; x_wconf 85' lang='lat' dir='ltr'><strong>mens:ediscumbentem</strong></span> 
     </span>
    </p>
   </div>
   <div class='ocr_carea' id='block_1_11' title="bbox 440 1001 2003 1072">
    <p class='ocr_par' dir='ltr' id='par_1_11' title="bbox 440 1001 2003 1072">
     <span class='ocr_line' id='line_1_11' title="bbox 440 1001 2003 1072; baseline 0 -18"><span class='ocrx_word' id='word_1_53' title='bbox 440 1003 668 1055; x_wconf 85' lang='lat' dir='ltr'><strong>invenit.</strong></span> <span class='ocrx_word' id='word_1_54' title='bbox 702 1001 834 1056; x_wconf 88' lang='lat' dir='ltr'><strong>Nam</strong></span> <span class='ocrx_word' id='word_1_55' title='bbox 867 1013 984 1056; x_wconf 89' lang='lat' dir='ltr'><strong>erat</strong></span> <span class='ocrx_word' id='word_1_56' title='bbox 1027 1005 1235 1072; x_wconf 77' lang='lat' dir='ltr'><strong>prandii</strong></span> <span class='ocrx_word' id='word_1_57' title='bbox 1291 1012 1523 1071; x_wconf 86' lang='lat' dir='ltr'><strong>tempus.</strong></span> <span class='ocrx_word' id='word_1_58' title='bbox 1585 1003 1723 1056; x_wconf 86' lang='lat' dir='ltr'><strong>Tum</strong></span> <span class='ocrx_word' id='word_1_59' title='bbox 1773 1003 1864 1055; x_wconf 89' lang='lat' dir='ltr'><strong>illo</strong></span> <span class='ocrx_word' id='word_1_60' title='bbox 1903 1015 2003 1054; x_wconf 82' lang='lat' dir='ltr'><strong>au-</strong></span> 
     </span>
    </p>
   </div>
   <div class='ocr_carea' id='block_1_12' title="bbox 439 1091 2004 1162">
    <p class='ocr_par' dir='ltr' id='par_1_12' title="bbox 439 1091 2004 1162">
     <span class='ocr_line' id='line_1_12' title="bbox 439 1091 2004 1162; baseline 0.003 -20"><span class='ocrx_word' id='word_1_61' title='bbox 439 1091 624 1144; x_wconf 71' lang='lat' dir='ltr'><strong>dit-nte</strong></span> <span class='ocrx_word' id='word_1_62' title='bbox 657 1107 718 1144; x_wconf 90' lang='lat' dir='ltr'><strong>ac</strong></span> <span class='ocrx_word' id='word_1_63' title='bbox 746 1093 993 1160; x_wconf 73' lang='lat' dir='ltr'><strong>jubetzte,</strong></span> <span class='ocrx_word' id='word_1_64' title='bbox 1033 1094 1146 1161; x_wconf 86' lang='lat' dir='ltr'><strong>ipse</strong></span> <span class='ocrx_word' id='word_1_65' title='bbox 1179 1109 1396 1162; x_wconf 89' lang='lat' dir='ltr'><strong>quoque</strong></span> <span class='ocrx_word' id='word_1_66' title='bbox 1433 1094 1753 1162; x_wconf 72' lang='lat' dir='ltr'><strong>ingreditur,</strong></span> <span class='ocrx_word' id='word_1_67' title='bbox 1780 1109 1841 1146; x_wconf 86' lang='lat' dir='ltr'><strong>ac</strong></span> <span class='ocrx_word' id='word_1_68' title='bbox 1864 1108 2004 1147; x_wconf 91' lang='lat' dir='ltr'><strong>unus</strong></span> 
     </span>
    </p>
   </div>
   <div class='ocr_carea' id='block_1_13' title="bbox 442 1183 2003 1251">
    <p class='ocr_par' dir='ltr' id='par_1_13' title="bbox 442 1183 2003 1251">
     <span class='ocr_line' id='line_1_13' title="bbox 442 1183 2003 1251; baseline 0.003 -17"><span class='ocrx_word' id='word_1_69' title='bbox 442 1183 499 1236; x_wconf 85' lang='lat' dir='ltr'><strong>fit</strong></span> <span class='ocrx_word' id='word_1_70' title='bbox 547 1183 927 1244; x_wconf 80' lang='lat' dir='ltr'><strong>convivarum,</strong></span> <span class='ocrx_word' id='word_1_71' title='bbox 989 1185 1268 1251; x_wconf 80' lang='lat' dir='ltr'><strong>surgitque</strong></span> <span class='ocrx_word' id='word_1_72' title='bbox 1330 1201 1452 1238; x_wconf 89' lang='lat' dir='ltr'><strong>cum</strong></span> <span class='ocrx_word' id='word_1_73' title='bbox 1509 1186 1651 1249; x_wconf 86' lang='lat' dir='ltr'><strong>aliis,</strong></span> <span class='ocrx_word' id='word_1_74' title='bbox 1705 1201 1768 1239; x_wconf 90' lang='lat' dir='ltr'><strong>ac</strong></span> <span class='ocrx_word' id='word_1_75' title='bbox 1810 1186 2003 1239; x_wconf 89' lang='lat' dir='ltr'><strong>reverti</strong></span> 
     </span>
    </p>
   </div>
   <div class='ocr_carea' id='block_1_14' title="bbox 441 1273 2004 1344">
    <p class='ocr_par' dir='ltr' id='par_1_14' title="bbox 441 1273 2004 1344">
     <span class='ocr_line' id='line_1_14' title="bbox 441 1273 2004 1344; baseline 0.003 -20"><span class='ocrx_word' id='word_1_76' title='bbox 441 1273 652 1340; x_wconf 83' lang='lat' dir='ltr'><strong>int&#39;ipit,</strong></span> <span class='ocrx_word' id='word_1_77' title='bbox 685 1289 809 1326; x_wconf 91' lang='lat' dir='ltr'><strong>cum</strong></span> <span class='ocrx_word' id='word_1_78' title='bbox 861 1275 932 1326; x_wconf 92' lang='lat' dir='ltr'><strong>ita</strong></span> <span class='ocrx_word' id='word_1_79' title='bbox 982 1290 1109 1328; x_wconf 77' lang='lat' dir='ltr'><strong>casu</strong></span> <span class='ocrx_word' id='word_1_80' title='bbox 1159 1275 1387 1338; x_wconf 83' lang='lat' dir='ltr'><strong>ferente,</strong></span> <span class='ocrx_word' id='word_1_81' title='bbox 1433 1293 1499 1331; x_wconf 88' lang='lat' dir='ltr'><strong>ne</strong></span> <span class='ocrx_word' id='word_1_82' title='bbox 1543 1278 1825 1330; x_wconf 89' lang='lat' dir='ltr'><strong>minimum</strong></span> <span class='ocrx_word' id='word_1_83' title='bbox 1874 1275 2004 1344; x_wconf 91' lang='lat' dir='ltr'><strong>quid</strong></span> 
     </span>
    </p>
   </div>
   <div class='ocr_carea' id='block_1_15' title="bbox 441 1363 2009 1430">
    <p class='ocr_par' dir='ltr' id='par_1_15' title="bbox 441 1363 2009 1430">
     <span class='ocr_line' id='line_1_15' title="bbox 441 1363 2009 1430; baseline 0.003 -16"><span class='ocrx_word' id='word_1_84' title='bbox 441 1363 749 1416; x_wconf 78' lang='lat' dir='ltr'><strong>collocutus</strong></span> <span class='ocrx_word' id='word_1_85' title='bbox 773 1372 942 1424; x_wconf 83' lang='lat' dir='ltr'><strong>esset,</strong></span> <span class='ocrx_word' id='word_1_86' title='bbox 975 1365 1064 1430; x_wconf 89' lang='lat' dir='ltr'><strong>qtti</strong></span> <span class='ocrx_word' id='word_1_87' title='bbox 1101 1372 1252 1417; x_wconf 65' lang='lat' dir='ltr'><strong>tanto</strong></span> <span class='ocrx_word' id='word_1_88' title='bbox 1285 1365 1482 1418; x_wconf 87' lang='lat' dir='ltr'><strong>ardore</strong></span> <span class='ocrx_word' id='word_1_89' title='bbox 1516 1375 1779 1419; x_wconf 83' lang='lat' dir='ltr'><strong>vocasset.</strong></span> <span class='ocrx_word' id='word_1_90' title='bbox 1820 1366 1890 1418; x_wconf 87' lang='lat' dir='ltr'><strong>Ea</strong></span> <span class='ocrx_word' id='word_1_91' title='bbox 1920 1379 2009 1418; x_wconf 75' lang='lat' dir='ltr'><strong>res</strong></span> 
     </span>
    </p>
   </div>
   <div class='ocr_carea' id='block_1_16' title="bbox 440 1454 2009 1526">
    <p class='ocr_par' dir='ltr' id='par_1_16' title="bbox 440 1454 2009 1526">
     <span class='ocr_line' id='line_1_16' title="bbox 440 1454 2009 1526; baseline 0.002 -20"><span class='ocrx_word' id='word_1_92' title='bbox 440 1464 688 1506; x_wconf 85' lang='lat' dir='ltr'><strong>sanctum</strong></span> <span class='ocrx_word' id='word_1_93' title='bbox 719 1454 942 1507; x_wconf 83' lang='lat' dir='ltr'><strong>moleste</strong></span> <span class='ocrx_word' id='word_1_94' title='bbox 999 1454 1207 1516; x_wconf 87' lang='lat' dir='ltr'><strong>habuit,</strong></span> <span class='ocrx_word' id='word_1_95' title='bbox 1238 1472 1342 1509; x_wconf 90' lang='lat' dir='ltr'><strong>non</strong></span> <span class='ocrx_word' id='word_1_96' title='bbox 1373 1465 1589 1526; x_wconf 82' lang='lat' dir='ltr'><strong>prepter</strong></span> <span class='ocrx_word' id='word_1_97' title='bbox 1634 1457 1850 1525; x_wconf 90' lang='lat' dir='ltr'><strong>ipsum;</strong></span> <span class='ocrx_word' id='word_1_98' title='bbox 1887 1457 2009 1523; x_wconf 89' lang='lat' dir='ltr'><strong>quis</strong></span> 
     </span>
    </p>
   </div>
   <div class='ocr_carea' id='block_1_17' title="bbox 441 1543 2010 1614">
    <p class='ocr_par' dir='ltr' id='par_1_17' title="bbox 441 1543 2010 1614">
     <span class='ocr_line' id='line_1_17' title="bbox 441 1543 2010 1614; baseline 0.003 -21"><span class='ocrx_word' id='word_1_99' title='bbox 441 1543 582 1594; x_wconf 81' lang='lat' dir='ltr'><strong>enim</strong></span> <span class='ocrx_word' id='word_1_100' title='bbox 629 1558 692 1596; x_wconf 89' lang='lat' dir='ltr'><strong>eo</strong></span> <span class='ocrx_word' id='word_1_101' title='bbox 760 1545 994 1611; x_wconf 89' lang='lat' dir='ltr'><strong>amplius</strong></span> <span class='ocrx_word' id='word_1_102' title='bbox 1068 1545 1306 1614; x_wconf 72' lang='lat' dir='ltr'><strong>ingloria:</strong></span> <span class='ocrx_word' id='word_1_103' title='bbox 1359 1547 1589 1600; x_wconf 84' lang='lat' dir='ltr'><strong>amans?</strong></span> <span class='ocrx_word' id='word_1_104' title='bbox 1637 1553 1734 1600; x_wconf 88' lang='lat' dir='ltr'><strong>sed</strong></span> <span class='ocrx_word' id='word_1_105' title='bbox 1789 1556 2010 1614; x_wconf 78' lang='lat' dir='ltr'><strong>propter</strong></span> 
     </span>
    </p>
   </div>
   <div class='ocr_carea' id='block_1_18' title="bbox 440 1633 2008 1698">
    <p class='ocr_par' dir='ltr' id='par_1_18' title="bbox 440 1633 2008 1698">
     <span class='ocr_line' id='line_1_18' title="bbox 440 1633 2008 1698; baseline 0.003 -13"><span class='ocrx_word' id='word_1_106' title='bbox 440 1633 614 1698; x_wconf 91' lang='lat' dir='ltr'><strong>illum,</strong></span> <span class='ocrx_word' id='word_1_107' title='bbox 661 1648 726 1688; x_wconf 90' lang='lat' dir='ltr'><strong>ac</strong></span> <span class='ocrx_word' id='word_1_108' title='bbox 783 1636 1141 1688; x_wconf 77' lang='lat' dir='ltr'><strong>venerabilem</strong></span> <span class='ocrx_word' id='word_1_109' title='bbox 1194 1637 1582 1690; x_wconf 85' lang='lat' dir='ltr'><strong>monachorum</strong></span> <span class='ocrx_word' id='word_1_110' title='bbox 1635 1637 1884 1690; x_wconf 87' lang='lat' dir='ltr'><strong>habitum</strong></span> <span class='ocrx_word' id='word_1_111' title='bbox 1944 1653 2008 1690; x_wconf 92' lang='lat' dir='ltr'><strong>ac</strong></span> 
     </span>
    </p>
   </div>
   <div class='ocr_carea' id='block_1_19' title="bbox 443 1725 2007 1800">
    <p class='ocr_par' dir='ltr' id='par_1_19' title="bbox 443 1725 2007 1800">
     <span class='ocr_line' id='line_1_19' title="bbox 443 1725 2007 1800; baseline 0.003 -23"><span class='ocrx_word' id='word_1_112' title='bbox 443 1741 662 1788; x_wconf 87' lang='lat' dir='ltr'><strong>nomen,</strong></span> <span class='ocrx_word' id='word_1_113' title='bbox 700 1725 780 1780; x_wconf 91' lang='lat' dir='ltr'><strong>sic</strong></span> <span class='ocrx_word' id='word_1_114' title='bbox 827 1727 880 1779; x_wconf 91' lang='lat' dir='ltr'><strong>in</strong></span> <span class='ocrx_word' id='word_1_115' title='bbox 931 1743 995 1781; x_wconf 92' lang='lat' dir='ltr'><strong>eo</strong></span> <span class='ocrx_word' id='word_1_116' title='bbox 1035 1736 1425 1798; x_wconf 87' lang='lat' dir='ltr'><strong>contemptum.</strong></span> <span class='ocrx_word' id='word_1_117' title='bbox 1458 1727 1720 1796; x_wconf 86' lang='lat' dir='ltr'><strong>Egressus</strong></span> <span class='ocrx_word' id='word_1_118' title='bbox 1759 1744 1888 1800; x_wconf 80' lang='lat' dir='ltr'><strong>ergo</strong></span> <span class='ocrx_word' id='word_1_119' title='bbox 1943 1730 2007 1781; x_wconf 89' lang='lat' dir='ltr'><strong>ad</strong></span> 
     </span>
    </p>
   </div>
   <div class='ocr_carea' id='block_1_20' title="bbox 2103 543 3670 619">
    <p class='ocr_par' dir='ltr' id='par_1_20' title="bbox 2103 543 3670 619">
     <span class='ocr_line' id='line_1_20' title="bbox 2103 543 3670 619; baseline 0 -19"><span class='ocrx_word' id='word_1_120' title='bbox 2103 546 2234 619; x_wconf 79' lang='grc' dir='ltr'>ἦλθε</span> <span class='ocrx_word' id='word_1_121' title='bbox 2293 551 2393 619; x_wconf 82' lang='grc' dir='ltr'>τῆς</span> <span class='ocrx_word' id='word_1_122' title='bbox 2425 549 2634 602; x_wconf 75' lang='grc' dir='ltr'>ἐκείνου</span> <span class='ocrx_word' id='word_1_123' title='bbox 2687 545 2816 610; x_wconf 89' lang='grc' dir='ltr'>θέας</span> <span class='ocrx_word' id='word_1_124' title='bbox 2876 548 2968 600; x_wconf 88' lang='lat' dir='ltr'><strong>xui</strong></span> <span class='ocrx_word' id='word_1_125' title='bbox 3019 549 3254 618; x_wconf 78' lang='grc' dir='ltr'>ὁμιλίας.</span> <span class='ocrx_word' id='word_1_126' title='bbox 3303 548 3394 610; x_wconf 84' lang='grc' dir='ltr'>Ὠς</span> <span class='ocrx_word' id='word_1_127' title='bbox 3442 543 3536 600; x_wconf 84' lang='grc' dir='ltr'><strong>οῦν</strong></span> <span class='ocrx_word' id='word_1_128' title='bbox 3569 547 3670 618; x_wconf 68' lang='grc' dir='ltr'><strong>ήδη</strong></span> 
     </span>
    </p>
   </div>
   <div class='ocr_carea' id='block_1_21' title="bbox 2105 635 3670 711">
    <p class='ocr_par' dir='ltr' id='par_1_21' title="bbox 2105 635 3670 711">
     <span class='ocr_line' id='line_1_21' title="bbox 2105 635 3670 711; baseline -0.003 -17"><span class='ocrx_word' id='word_1_129' title='bbox 2105 643 2233 709; x_wconf 82' lang='grc' dir='ltr'>περὶ</span> <span class='ocrx_word' id='word_1_130' title='bbox 2261 642 2359 703; x_wconf 69' lang='grc' dir='ltr'>τὰς</span> <span class='ocrx_word' id='word_1_131' title='bbox 2391 641 2575 710; x_wconf 74' lang='grc' dir='ltr'>Θήϐας</span> <span class='ocrx_word' id='word_1_132' title='bbox 2617 635 2708 711; x_wconf 80' lang='grc' dir='ltr'><strong>ἦν,</strong></span> <span class='ocrx_word' id='word_1_133' title='bbox 2741 639 2941 693; x_wconf 85' lang='grc' dir='ltr'>αὐτίκα</span> <span class='ocrx_word' id='word_1_134' title='bbox 2991 641 3126 710; x_wconf 67' lang='grc' dir='ltr'>πρὸς</span> <span class='ocrx_word' id='word_1_135' title='bbox 3169 640 3330 692; x_wconf 84' lang='grc' dir='ltr'>αὐτὸν</span> <span class='ocrx_word' id='word_1_136' title='bbox 3356 639 3670 708; x_wconf 76' lang='grc' dir='ltr'><strong>ἐκπέμψας,</strong></span> 
     </span>
    </p>
   </div>
   <div class='ocr_carea' id='block_1_22' title="bbox 2106 728 3672 799">
    <p class='ocr_par' dir='ltr' id='par_1_22' title="bbox 2106 728 3672 799">
     <span class='ocr_line' id='line_1_22' title="bbox 2106 728 3672 799; baseline -0.001 -17"><span class='ocrx_word' id='word_1_137' title='bbox 2106 731 2542 799; x_wconf 75' lang='grc' dir='ltr'><strong>μετακαλεῖται·</strong></span> <span class='ocrx_word' id='word_1_138' title='bbox 2602 733 2698 782; x_wconf 79' lang='grc' dir='ltr'>καὶ</span> <span class='ocrx_word' id='word_1_139' title='bbox 2757 731 2834 793; x_wconf 87' lang='grc' dir='ltr'><strong>ῶς</strong></span> <span class='ocrx_word' id='word_1_140' title='bbox 2897 730 3051 782; x_wconf 80' lang='grc' dir='ltr'>οὐδὲν</span> <span class='ocrx_word' id='word_1_141' title='bbox 3122 728 3530 797; x_wconf 80' lang='grc' dir='ltr'><strong>ὑπερθέμενος,</strong></span> <span class='ocrx_word' id='word_1_142' title='bbox 3593 728 3672 798; x_wconf 81' lang='grc' dir='ltr'>τῷ</span> 
     </span>
    </p>
   </div>
   <div class='ocr_carea' id='block_1_23' title="bbox 2104 820 3673 892">
    <p class='ocr_par' dir='ltr' id='par_1_23' title="bbox 2104 820 3673 892">
     <span class='ocr_line' id='line_1_23' title="bbox 2104 820 3673 892; baseline 0 -18"><span class='ocrx_word' id='word_1_143' title='bbox 2104 824 2410 891; x_wconf 83' lang='grc' dir='ltr'><strong>πεμφθέντι</strong></span> <span class='ocrx_word' id='word_1_144' title='bbox 2464 821 2868 892; x_wconf 86' lang='grc' dir='ltr'>συνηκολούθει.</span> <span class='ocrx_word' id='word_1_145' title='bbox 2929 820 3191 892; x_wconf 77' lang='grc' dir='ltr'>Εὑρίσκει</span> <span class='ocrx_word' id='word_1_146' title='bbox 3243 821 3536 890; x_wconf 81' lang='grc' dir='ltr'><strong>τοιγαροῦν</strong></span> <span class='ocrx_word' id='word_1_147' title='bbox 3580 823 3673 874; x_wconf 73' lang='grc' dir='ltr'>ἐπὶ</span> 
     </span>
    </p>
   </div>
   <div class='ocr_carea' id='block_1_24' title="bbox 2103 912 3670 984">
    <p class='ocr_par' dir='ltr' id='par_1_24' title="bbox 2103 912 3670 984">
     <span class='ocr_line' id='line_1_24' title="bbox 2103 912 3670 984; baseline -0.001 -18"><span class='ocrx_word' id='word_1_148' title='bbox 2103 915 2384 984; x_wconf 77' lang='grc' dir='ltr'><strong>τραπέζης</strong></span> <span class='ocrx_word' id='word_1_149' title='bbox 2427 913 2590 967; x_wconf 76' lang='grc' dir='ltr'>αὑτὸν</span> <span class='ocrx_word' id='word_1_150' title='bbox 2631 913 3102 982; x_wconf 79' lang='grc' dir='ltr'>ἀνακεκλιμένον’</span> <span class='ocrx_word' id='word_1_151' title='bbox 3140 912 3263 965; x_wconf 74' lang='grc' dir='ltr'>ἐπεὶ</span> <span class='ocrx_word' id='word_1_152' title='bbox 3297 913 3390 964; x_wconf 80' lang='grc' dir='ltr'>καὶ</span> <span class='ocrx_word' id='word_1_153' title='bbox 3441 912 3670 981; x_wconf 88' lang='grc' dir='ltr'>ἀρίστου</span> 
     </span>
    </p>
   </div>
   <div class='ocr_carea' id='block_1_25' title="bbox 2105 1001 3670 1076">
    <p class='ocr_par' dir='ltr' id='par_1_25' title="bbox 2105 1001 3670 1076">
     <span class='ocr_line' id='line_1_25' title="bbox 2105 1001 3670 1076; baseline -0.001 -18"><span class='ocrx_word' id='word_1_154' title='bbox 2105 1007 2298 1076; x_wconf 81' lang='grc' dir='ltr'>καιρὸς</span> <span class='ocrx_word' id='word_1_155' title='bbox 2329 1002 2416 1075; x_wconf 81' lang='grc' dir='ltr'><strong>ἦν.</strong></span> <span class='ocrx_word' id='word_1_156' title='bbox 2446 1001 2578 1058; x_wconf 81' lang='grc' dir='ltr'>Εῐτα</span> <span class='ocrx_word' id='word_1_157' title='bbox 2607 1006 2866 1075; x_wconf 84' lang='grc' dir='ltr'><strong>μαθόντος</strong></span> <span class='ocrx_word' id='word_1_158' title='bbox 2895 1004 3104 1059; x_wconf 80' lang='grc' dir='ltr'>ἐκείνου</span> <span class='ocrx_word' id='word_1_159' title='bbox 3133 1005 3226 1057; x_wconf 85' lang='grc' dir='ltr'>καὶ</span> <span class='ocrx_word' id='word_1_160' title='bbox 3255 1004 3670 1074; x_wconf 78' lang='grc' dir='ltr'>ἐπιτρέψαντος,</span> 
     </span>
    </p>
   </div>
   <div class='ocr_carea' id='block_1_26' title="bbox 2106 1091 3672 1164">
    <p class='ocr_par' dir='ltr' id='par_1_26' title="bbox 2106 1091 3672 1164">
     <span class='ocr_line' id='line_1_26' title="bbox 2106 1091 3672 1164; baseline -0.001 -17"><span class='ocrx_word' id='word_1_161' title='bbox 2106 1096 2301 1149; x_wconf 75' lang='grc' dir='ltr'><strong>εἴσεισι</strong></span> <span class='ocrx_word' id='word_1_162' title='bbox 2333 1097 2428 1150; x_wconf 86' lang='lat' dir='ltr'><strong>xui</strong></span> <span class='ocrx_word' id='word_1_163' title='bbox 2451 1097 2635 1161; x_wconf 74' lang='grc' dir='ltr'>αὐτὸς,</span> <span class='ocrx_word' id='word_1_164' title='bbox 2674 1097 2770 1149; x_wconf 82' lang='grc' dir='ltr'>καὶ</span> <span class='ocrx_word' id='word_1_165' title='bbox 2799 1091 2881 1160; x_wconf 71' lang='grc' dir='ltr'><strong>εἷς</strong></span> <span class='ocrx_word' id='word_1_166' title='bbox 2911 1096 3022 1149; x_wconf 92' lang='grc' dir='ltr'><strong>τῶν</strong></span> <span class='ocrx_word' id='word_1_167' title='bbox 3055 1095 3406 1164; x_wconf 78' lang='grc' dir='ltr'><strong>ἑστιωμένων</strong></span> <span class='ocrx_word' id='word_1_168' title='bbox 3433 1095 3672 1161; x_wconf 86' lang='grc' dir='ltr'>γίνεται,</span> 
     </span>
    </p>
   </div>
   <div class='ocr_carea' id='block_1_27' title="bbox 2106 1184 3672 1254">
    <p class='ocr_par' dir='ltr' id='par_1_27' title="bbox 2106 1184 3672 1254">
     <span class='ocr_line' id='line_1_27' title="bbox 2106 1184 3672 1254; baseline -0.001 -17"><span class='ocrx_word' id='word_1_169' title='bbox 2106 1188 2197 1237; x_wconf 71' lang='lat' dir='ltr'><strong>xui.</strong></span> <span class='ocrx_word' id='word_1_170' title='bbox 2234 1186 2532 1238; x_wconf 80' lang='grc' dir='ltr'>ἀναστᾶσιν</span> <span class='ocrx_word' id='word_1_171' title='bbox 2556 1185 2963 1246; x_wconf 88' lang='grc' dir='ltr'>συνανίσταται,</span> <span class='ocrx_word' id='word_1_172' title='bbox 2996 1185 3089 1236; x_wconf 85' lang='lat' dir='ltr'><strong>xui.</strong></span> <span class='ocrx_word' id='word_1_173' title='bbox 3124 1185 3472 1254; x_wconf 75' lang='grc' dir='ltr'>ὑποστροφῆς</span> <span class='ocrx_word' id='word_1_174' title='bbox 3504 1184 3672 1237; x_wconf 79' lang='grc' dir='ltr'>ἄπτε-</span> 
     </span>
    </p>
   </div>
   <div class='ocr_carea' id='block_1_28' title="bbox 2105 1273 3671 1345">
    <p class='ocr_par' dir='ltr' id='par_1_28' title="bbox 2105 1273 3671 1345">
     <span class='ocr_line' id='line_1_28' title="bbox 2105 1273 3671 1345; baseline -0.001 -19"><span class='ocrx_word' id='word_1_175' title='bbox 2105 1292 2231 1327; x_wconf 85' lang='grc' dir='ltr'>ται·</span> <span class='ocrx_word' id='word_1_176' title='bbox 2269 1276 2404 1343; x_wconf 78' lang='grc' dir='ltr'>μηδὲ</span> <span class='ocrx_word' id='word_1_177' title='bbox 2432 1275 2891 1345; x_wconf 64' lang='grc' dir='ltr'>λόγουᾞραχέως,</span> <span class='ocrx_word' id='word_1_178' title='bbox 2917 1275 3062 1327; x_wconf 80' lang='grc' dir='ltr'>οὕτω</span> <span class='ocrx_word' id='word_1_179' title='bbox 3104 1273 3342 1342; x_wconf 69' lang='grc' dir='ltr'>συμϐὰν,</span> <span class='ocrx_word' id='word_1_180' title='bbox 3391 1273 3543 1342; x_wconf 84' lang='grc' dir='ltr'><strong>παρά</strong></span> <span class='ocrx_word' id='word_1_181' title='bbox 3575 1273 3671 1325; x_wconf 89' lang='grc' dir='ltr'><strong>τοῦ</strong></span> 
     </span>
    </p>
   </div>
   <div class='ocr_carea' id='block_1_29' title="bbox 2109 1363 3676 1434">
    <p class='ocr_par' dir='ltr' id='par_1_29' title="bbox 2109 1363 3676 1434">
     <span class='ocr_line' id='line_1_29' title="bbox 2109 1363 3676 1434; baseline -0.001 -18"><span class='ocrx_word' id='word_1_182' title='bbox 2109 1363 2326 1434; x_wconf 78' lang='grc' dir='ltr'>θερμῶς</span> <span class='ocrx_word' id='word_1_183' title='bbox 2380 1364 2500 1418; x_wconf 88' lang='grc' dir='ltr'>λίαν</span> <span class='ocrx_word' id='word_1_184' title='bbox 2557 1365 2888 1427; x_wconf 85' lang='grc' dir='ltr'>καλέσαντος</span> <span class='ocrx_word' id='word_1_185' title='bbox 2937 1363 3314 1429; x_wconf 83' lang='grc' dir='ltr'>καταξιωθείς.</span> <span class='ocrx_word' id='word_1_186' title='bbox 3367 1363 3527 1433; x_wconf 87' lang='grc' dir='ltr'>Λύπη</span> <span class='ocrx_word' id='word_1_187' title='bbox 3584 1366 3676 1415; x_wconf 72' lang='grc' dir='ltr'>τὸν</span> 
     </span>
    </p>
   </div>
   <div class='ocr_carea' id='block_1_30' title="bbox 2109 1455 3674 1528">
    <p class='ocr_par' dir='ltr' id='par_1_30' title="bbox 2109 1455 3674 1528">
     <span class='ocr_line' id='line_1_30' title="bbox 2109 1455 3674 1528; baseline -0.003 -17"><span class='ocrx_word' id='word_1_188' title='bbox 2109 1457 2266 1524; x_wconf 78' lang='grc' dir='ltr'>ἅγιον</span> <span class='ocrx_word' id='word_1_189' title='bbox 2317 1459 2378 1510; x_wconf 78' lang='grc' dir='ltr'><strong>ὲν</strong></span> <span class='ocrx_word' id='word_1_190' title='bbox 2421 1457 2596 1524; x_wconf 87' lang='grc' dir='ltr'>τούτῳ</span> <span class='ocrx_word' id='word_1_191' title='bbox 2643 1458 2938 1527; x_wconf 78' lang='grc' dir='ltr'><strong>συνέσχεν·</strong></span> <span class='ocrx_word' id='word_1_192' title='bbox 2969 1458 3067 1528; x_wconf 76' lang='grc' dir='ltr'><strong>οὐχ</strong></span> <span class='ocrx_word' id='word_1_193' title='bbox 3117 1456 3259 1526; x_wconf 74' lang='grc' dir='ltr'>ὑπὲρ</span> <span class='ocrx_word' id='word_1_194' title='bbox 3309 1455 3546 1509; x_wconf 77' lang='grc' dir='ltr'>ἑαυτοῦο</span> <span class='ocrx_word' id='word_1_195' title='bbox 3591 1455 3674 1516; x_wconf 89' lang='grc' dir='ltr'><strong>τίς</strong></span> 
     </span>
    </p>
   </div>
   <div class='ocr_carea' id='block_1_31' title="bbox 2109 1543 3677 1621">
    <p class='ocr_par' dir='ltr' id='par_1_31' title="bbox 2109 1543 3677 1621">
     <span class='ocr_line' id='line_1_31' title="bbox 2109 1543 3677 1621; baseline -0.004 -17"><span class='ocrx_word' id='word_1_196' title='bbox 2109 1551 2217 1621; x_wconf 86' lang='grc' dir='ltr'><strong>γάρ</strong></span> <span class='ocrx_word' id='word_1_197' title='bbox 2277 1549 2461 1604; x_wconf 90' lang='grc' dir='ltr'>τούτου</span> <span class='ocrx_word' id='word_1_198' title='bbox 2513 1549 2718 1618; x_wconf 80' lang='grc' dir='ltr'>μᾶλλον</span> <span class='ocrx_word' id='word_1_199' title='bbox 2764 1547 3000 1619; x_wconf 75' lang='grc' dir='ltr'>ιραστὴς</span> <span class='ocrx_word' id='word_1_200' title='bbox 3066 1545 3329 1612; x_wconf 75' lang='grc' dir='ltr'>ἀδοξίαςς</span> <span class='ocrx_word' id='word_1_201' title='bbox 3383 1544 3498 1598; x_wconf 80' lang='grc' dir='ltr'>ἀλλ’</span> <span class='ocrx_word' id='word_1_202' title='bbox 3539 1543 3677 1609; x_wconf 82' lang='grc' dir='ltr'>ὑπὲρ</span> 
     </span>
    </p>
   </div>
   <div class='ocr_carea' id='block_1_32' title="bbox 2109 1638 3678 1709">
    <p class='ocr_par' dir='ltr' id='par_1_32' title="bbox 2109 1638 3678 1709">
     <span class='ocr_line' id='line_1_32' title="bbox 2109 1638 3678 1709; baseline -0.004 -14"><span class='ocrx_word' id='word_1_203' title='bbox 2109 1643 2340 1706; x_wconf 77' lang='grc' dir='ltr'>ἐκείνου,</span> <span class='ocrx_word' id='word_1_204' title='bbox 2377 1641 2471 1694; x_wconf 85' lang='lat' dir='ltr'><strong>xui.</strong></span> <span class='ocrx_word' id='word_1_205' title='bbox 2504 1639 2598 1694; x_wconf 90' lang='grc' dir='ltr'><strong>τοῦ</strong></span> <span class='ocrx_word' id='word_1_206' title='bbox 2635 1639 2936 1709; x_wconf 86' lang='grc' dir='ltr'>σεϐασμίου</span> <span class='ocrx_word' id='word_1_207' title='bbox 2968 1639 3078 1691; x_wconf 90' lang='grc' dir='ltr'><strong>τῶν</strong></span> <span class='ocrx_word' id='word_1_208' title='bbox 3110 1638 3363 1708; x_wconf 86' lang='grc' dir='ltr'>μοναχῶν</span> <span class='ocrx_word' id='word_1_209' title='bbox 3396 1638 3678 1706; x_wconf 83' lang='grc' dir='ltr'>σχήματος</span> 
     </span>
    </p>
   </div>
   <div class='ocr_carea' id='block_1_33' title="bbox 2114 1729 3676 1804">
    <p class='ocr_par' dir='ltr' id='par_1_33' title="bbox 2114 1729 3676 1804">
     <span class='ocr_line' id='line_1_33' title="bbox 2114 1729 3676 1804; baseline -0.004 -15"><span class='ocrx_word' id='word_1_210' title='bbox 2114 1737 2206 1789; x_wconf 66' lang='grc' dir='ltr'>καὶ</span> <span class='ocrx_word' id='word_1_211' title='bbox 2245 1735 2531 1804; x_wconf 88' lang='grc' dir='ltr'>ὀνόματος,</span> <span class='ocrx_word' id='word_1_212' title='bbox 2579 1733 2755 1796; x_wconf 74' lang='grc' dir='ltr'>οὕτως</span> <span class='ocrx_word' id='word_1_213' title='bbox 2802 1731 2899 1784; x_wconf 74' lang='grc' dir='ltr'><strong>ἐπ’</strong></span> <span class='ocrx_word' id='word_1_214' title='bbox 2935 1729 3087 1801; x_wconf 85' lang='grc' dir='ltr'>αύτῷ</span> <span class='ocrx_word' id='word_1_215' title='bbox 3141 1729 3676 1801; x_wconf 86' lang='grc' dir='ltr'>περιφρονουμένου.</span> 
     </span>
    </p>
   </div>
   <div class='ocr_carea' id='block_1_34' title="bbox 441 1796 2009 1896">
    <p class='ocr_par' dir='ltr' id='par_1_34' title="bbox 441 1796 2007 1890">
     <span class='ocr_line' id='line_1_34' title="bbox 441 1796 2007 1890; baseline 0.004 -22"><span class='ocrx_word' id='word_1_216' title='bbox 441 1831 611 1869; x_wconf 85' lang='lat' dir='ltr'><strong>unum</strong></span> <span class='ocrx_word' id='word_1_217' title='bbox 663 1819 954 1885; x_wconf 83' lang='lat' dir='ltr'><strong>quemdam</strong></span> <span class='ocrx_word' id='word_1_218' title='bbox 1004 1796 1548 1886; x_wconf 22' lang='lat' dir='ltr'><strong>praetoris‘famulum</strong></span> <span class='ocrx_word' id='word_1_219' title='bbox 1583 1838 1595 1872; x_wconf 90' lang='lat'><strong>:</strong></span> <span class='ocrx_word' id='word_1_220' title='bbox 1629 1837 1646 1870; x_wconf 78' lang='grc' dir='ltr'><strong>ι</strong></span> <span class='ocrx_word' id='word_1_221' title='bbox 1677 1820 1777 1885; x_wconf 87' lang='lat' dir='ltr'><strong>Ita,</strong></span> <span class='ocrx_word' id='word_1_222' title='bbox 1809 1796 2007 1890; x_wconf 77' lang='lat' dir='ltr'><strong>inquit,</strong></span> 
     </span>
    </p>
   </div>
   <div class='ocr_carea' id='block_1_35' title="bbox 2113 1796 3680 1896">
    <p class='ocr_par' dir='ltr' id='par_1_35' title="bbox 2123 1821 3680 1896">
     <span class='ocr_line' id='line_1_35' title="bbox 2123 1821 3680 1896; baseline -0.004 -16"><span class='ocrx_word' id='word_1_223' title='bbox 2123 1827 2314 1894; x_wconf 84' lang='grc' dir='ltr'>Ἐξιὼν</span> <span class='ocrx_word' id='word_1_224' title='bbox 2337 1828 2518 1880; x_wconf 87' lang='grc' dir='ltr'>τοίνυν</span> <span class='ocrx_word' id='word_1_225' title='bbox 2552 1826 2690 1896; x_wconf 87' lang='grc' dir='ltr'>πρός</span> <span class='ocrx_word' id='word_1_226' title='bbox 2733 1842 2855 1878; x_wconf 86' lang='grc' dir='ltr'>τινα</span> <span class='ocrx_word' id='word_1_227' title='bbox 2905 1823 3013 1878; x_wconf 91' lang='grc' dir='ltr'><strong>τῶν</strong></span> <span class='ocrx_word' id='word_1_228' title='bbox 3049 1823 3126 1892; x_wconf 85' lang='grc' dir='ltr'>τῷ</span> <span class='ocrx_word' id='word_1_229' title='bbox 3170 1821 3461 1892; x_wconf 81' lang='grc' dir='ltr'>στρατηγῷ</span> <span class='ocrx_word' id='word_1_230' title='bbox 3501 1821 3680 1874; x_wconf 74' lang='grc' dir='ltr'>διακοο</span> 
     </span>
    </p>
   </div>
   <div class='ocr_carea' id='block_1_36' title="bbox 441 1906 2012 1977">
    <p class='ocr_par' dir='ltr' id='par_1_36' title="bbox 441 1906 2012 1977">
     <span class='ocr_line' id='line_1_36' title="bbox 441 1906 2012 1977; baseline 0.003 -19"><span class='ocrx_word' id='word_1_231' title='bbox 441 1906 551 1959; x_wconf 77' lang='lat' dir='ltr'><strong>vita</strong></span> <span class='ocrx_word' id='word_1_232' title='bbox 598 1907 750 1974; x_wconf 86' lang='lat' dir='ltr'><strong>juvet</strong></span> <span class='ocrx_word' id='word_1_233' title='bbox 793 1922 856 1960; x_wconf 87' lang='lat' dir='ltr'><strong>ac</strong></span> <span class='ocrx_word' id='word_1_234' title='bbox 895 1908 1075 1973; x_wconf 87' lang='lat' dir='ltr'><strong>salus;</strong></span> <span class='ocrx_word' id='word_1_235' title='bbox 1117 1909 1248 1962; x_wconf 91' lang='lat' dir='ltr'><strong>nihil</strong></span> <span class='ocrx_word' id='word_1_236' title='bbox 1314 1911 1528 1977; x_wconf 89' lang='lat' dir='ltr'><strong>penitus</strong></span> <span class='ocrx_word' id='word_1_237' title='bbox 1583 1911 1910 1964; x_wconf 83' lang='lat' dir='ltr'><strong>subtrahens</strong></span> <span class='ocrx_word' id='word_1_238' title='bbox 1948 1925 2012 1963; x_wconf 88' lang='lat' dir='ltr'><strong>ac</strong></span> 
     </span>
    </p>
   </div>
   <div class='ocr_carea' id='block_1_37' title="bbox 441 1999 2009 2069">
    <p class='ocr_par' dir='ltr' id='par_1_37' title="bbox 441 1999 2009 2069">
     <span class='ocr_line' id='line_1_37' title="bbox 441 1999 2009 2069; baseline 0.002 -18"><span class='ocrx_word' id='word_1_239' title='bbox 441 2000 626 2051; x_wconf 87' lang='lat' dir='ltr'><strong>celans</strong></span> <span class='ocrx_word' id='word_1_240' title='bbox 678 1999 856 2052; x_wconf 55' lang='lat' dir='ltr'><strong>lia’cce</strong></span> <span class='ocrx_word' id='word_1_241' title='bbox 907 2000 1167 2054; x_wconf 89' lang='lat' dir='ltr'><strong>annuntia</strong></span> <span class='ocrx_word' id='word_1_242' title='bbox 1227 2003 1438 2069; x_wconf 52' lang='lat' dir='ltr'><strong>praetori</strong></span> <span class='ocrx_word' id='word_1_243' title='bbox 1475 2020 1488 2055; x_wconf 90' lang='lat'><strong>:</strong></span> <span class='ocrx_word' id='word_1_244' title='bbox 1529 2003 1596 2057; x_wconf 90' lang='lat' dir='ltr'><strong>Ut</strong></span> <span class='ocrx_word' id='word_1_245' title='bbox 1648 2002 1775 2069; x_wconf 90' lang='lat' dir='ltr'><strong>quid</strong></span> <span class='ocrx_word' id='word_1_246' title='bbox 1827 2001 2009 2055; x_wconf 89' lang='lat' dir='ltr'><strong>relicta</strong></span> 
     </span>
    </p>
   </div>
   <div class='ocr_carea' id='block_1_38' title="bbox 443 2093 2011 2166">
    <p class='ocr_par' dir='ltr' id='par_1_38' title="bbox 443 2093 2011 2166">
     <span class='ocr_line' id='line_1_38' title="bbox 443 2093 2011 2166; baseline 0.003 -22"><span class='ocrx_word' id='word_1_247' title='bbox 443 2107 562 2145; x_wconf 80' lang='lat' dir='ltr'><strong>mea</strong></span> <span class='ocrx_word' id='word_1_248' title='bbox 593 2093 804 2152; x_wconf 88' lang='lat' dir='ltr'><strong>cellula,</strong></span> <span class='ocrx_word' id='word_1_249' title='bbox 845 2096 950 2149; x_wconf 85' lang='lat' dir='ltr'><strong>huc</strong></span> <span class='ocrx_word' id='word_1_250' title='bbox 983 2111 1068 2150; x_wconf 91' lang='lat' dir='ltr'><strong>me</strong></span> <span class='ocrx_word' id='word_1_251' title='bbox 1099 2098 1282 2151; x_wconf 89' lang='lat' dir='ltr'><strong>venire</strong></span> <span class='ocrx_word' id='word_1_252' title='bbox 1310 2097 1521 2151; x_wconf 78' lang='lat' dir='ltr'><strong>fecisti?</strong></span> <span class='ocrx_word' id='word_1_253' title='bbox 1549 2097 1613 2151; x_wconf 90' lang='lat' dir='ltr'><strong>Ut</strong></span> <span class='ocrx_word' id='word_1_254' title='bbox 1645 2097 1774 2166; x_wconf 89' lang='lat' dir='ltr'><strong>qttid</strong></span> <span class='ocrx_word' id='word_1_255' title='bbox 1813 2099 2011 2152; x_wconf 80' lang='lat' dir='ltr'><strong>frustra</strong></span> 
     </span>
    </p>
   </div>
   <div class='ocr_carea' id='block_1_39' title="bbox 442 2187 2009 2243">
    <p class='ocr_par' dir='ltr' id='par_1_39' title="bbox 442 2187 2009 2243">
     <span class='ocr_line' id='line_1_39' title="bbox 442 2187 2009 2243; baseline 0.001 -6"><span class='ocrx_word' id='word_1_256' title='bbox 442 2194 521 2238; x_wconf 85' lang='lat' dir='ltr'><strong>tot</strong></span> <span class='ocrx_word' id='word_1_257' title='bbox 562 2187 710 2239; x_wconf 81' lang='lat' dir='ltr'><strong>mibi&#39;</strong></span> <span class='ocrx_word' id='word_1_258' title='bbox 738 2188 982 2242; x_wconf 85' lang='lat' dir='ltr'><strong>laborum</strong></span> <span class='ocrx_word' id='word_1_259' title='bbox 1019 2201 1206 2242; x_wconf 89' lang='lat' dir='ltr'><strong>auctor</strong></span> <span class='ocrx_word' id='word_1_260' title='bbox 1231 2190 1531 2243; x_wconf 75' lang='lat' dir='ltr'><strong>exstitisti?</strong></span> <span class='ocrx_word' id='word_1_261' title='bbox 1557 2189 1669 2242; x_wconf 91' lang='lat' dir='ltr'><strong>Cur</strong></span> <span class='ocrx_word' id='word_1_262' title='bbox 1697 2203 1826 2240; x_wconf 85' lang='lat' dir='ltr'><strong>veto</strong></span> <span class='ocrx_word' id='word_1_263' title='bbox 1881 2187 2009 2241; x_wconf 86' lang='lat' dir='ltr'><strong>soli-</strong></span> 
     </span>
    </p>
   </div>
   <div class='ocr_carea' id='block_1_40' title="bbox 445 2269 2010 2348">
    <p class='ocr_par' dir='ltr' id='par_1_40' title="bbox 445 2269 2010 2348">
     <span class='ocr_line' id='line_1_40' title="bbox 445 2269 2010 2348; baseline 0.001 -18"><span class='ocrx_word' id='word_1_264' title='bbox 445 2269 648 2330; x_wconf 83' lang='lat' dir='ltr'><strong>&#39;tulinis</strong></span> <span class='ocrx_word' id='word_1_265' title='bbox 695 2288 990 2342; x_wconf 90' lang='lat' dir='ltr'><strong>amantem,</strong></span> <span class='ocrx_word' id='word_1_266' title='bbox 1023 2279 1208 2332; x_wconf 88' lang='lat' dir='ltr'><strong>urbem</strong></span> <span class='ocrx_word' id='word_1_267' title='bbox 1245 2280 1450 2348; x_wconf 82' lang='lat' dir='ltr'><strong>ingredi</strong></span> <span class='ocrx_word' id='word_1_268' title='bbox 1487 2279 1753 2346; x_wconf 84' lang='lat' dir='ltr'><strong>coegisti?</strong></span> <span class='ocrx_word' id='word_1_269' title='bbox 1783 2275 1900 2331; x_wconf 85' lang='lat' dir='ltr'><strong>Non</strong></span> <span class='ocrx_word' id='word_1_270' title='bbox 1953 2294 2010 2331; x_wconf 85' lang='lat' dir='ltr'><strong>es</strong></span> 
     </span>
    </p>
   </div>
   <div class='ocr_carea' id='block_1_41' title="bbox 442 2364 2009 2435">
    <p class='ocr_par' dir='ltr' id='par_1_41' title="bbox 442 2364 2009 2435">
     <span class='ocr_line' id='line_1_41' title="bbox 442 2364 2009 2435; baseline 0.001 -18"><span class='ocrx_word' id='word_1_271' title='bbox 442 2364 698 2435; x_wconf 75' lang='lat' dir='ltr'><strong>dignatus</strong></span> <span class='ocrx_word' id='word_1_272' title='bbox 751 2383 837 2420; x_wconf 89' lang='lat' dir='ltr'><strong>me</strong></span> <span class='ocrx_word' id='word_1_273' title='bbox 885 2368 1117 2435; x_wconf 84' lang='lat' dir='ltr'><strong>alloqui;</strong></span> <span class='ocrx_word' id='word_1_274' title='bbox 1151 2383 1258 2421; x_wconf 91' lang='lat' dir='ltr'><strong>non</strong></span> <span class='ocrx_word' id='word_1_275' title='bbox 1311 2368 1559 2422; x_wconf 83' lang='lat' dir='ltr'><strong>osculum</strong></span> <span class='ocrx_word' id='word_1_276' title='bbox 1591 2369 1816 2431; x_wconf 81' lang='lat' dir='ltr'><strong>dedisti;</strong></span> <span class='ocrx_word' id='word_1_277' title='bbox 1874 2367 2009 2419; x_wconf 90' lang='lat' dir='ltr'><strong>nihil</strong></span> 
     </span>
    </p>
   </div>
   <div class='ocr_carea' id='block_1_42' title="bbox 445 2458 2010 2528">
    <p class='ocr_par' dir='ltr' id='par_1_42' title="bbox 445 2458 2010 2528">
     <span class='ocr_line' id='line_1_42' title="bbox 445 2458 2010 2528; baseline 0.004 -22"><span class='ocrx_word' id='word_1_278' title='bbox 445 2471 671 2524; x_wconf 79' lang='lat' dir='ltr'><strong>prorsus</strong></span> <span class='ocrx_word' id='word_1_279' title='bbox 714 2474 899 2512; x_wconf 90' lang='lat' dir='ltr'><strong>eorum</strong></span> <span class='ocrx_word' id='word_1_280' title='bbox 951 2458 1242 2526; x_wconf 70' lang='lat' dir='ltr'><strong>praestitisti</strong></span> <span class='ocrx_word' id='word_1_281' title='bbox 1286 2475 1406 2528; x_wconf 72' lang='lat' dir='ltr'><strong>qua:</strong></span> <span class='ocrx_word' id='word_1_282' title='bbox 1453 2461 1569 2512; x_wconf 91' lang='lat' dir='ltr'><strong>viro</strong></span> <span class='ocrx_word' id='word_1_283' title='bbox 1625 2461 1893 2521; x_wconf 88' lang='lat' dir='ltr'><strong>studioso,</strong></span> <span class='ocrx_word' id='word_1_284' title='bbox 1947 2473 2010 2512; x_wconf 89' lang='lat' dir='ltr'><strong>ac</strong></span> 
     </span>
    </p>
   </div>
   <div class='ocr_carea' id='block_1_43' title="bbox 443 2547 2004 2619">
    <p class='ocr_par' dir='ltr' id='par_1_43' title="bbox 443 2547 2004 2619">
     <span class='ocr_line' id='line_1_43' title="bbox 443 2547 2004 2619; baseline 0.001 -22"><span class='ocrx_word' id='word_1_285' title='bbox 443 2547 712 2600; x_wconf 84' lang='lat' dir='ltr'><strong>tantillum</strong></span> <span class='ocrx_word' id='word_1_286' title='bbox 749 2550 1003 2616; x_wconf 86' lang='lat' dir='ltr'><strong>pietatem</strong></span> <span class='ocrx_word' id='word_1_287' title='bbox 1036 2552 1258 2613; x_wconf 83' lang='lat' dir='ltr'><strong>colenti,</strong></span> <span class='ocrx_word' id='word_1_288' title='bbox 1292 2550 1598 2619; x_wconf 69' lang='lat' dir='ltr'><strong>praestanda</strong></span> <span class='ocrx_word' id='word_1_289' title='bbox 1633 2549 2004 2603; x_wconf 68' lang='lat' dir='ltr'><strong>videbantur.»</strong></span> 
     </span>
    </p>
   </div>
   <div class='ocr_carea' id='block_1_44' title="bbox 516 2733 2010 2806">
    <p class='ocr_par' dir='ltr' id='par_1_44' title="bbox 516 2733 2010 2806">
     <span class='ocr_line' id='line_1_44' title="bbox 516 2733 2010 2806; baseline 0.001 -20"><span class='ocrx_word' id='word_1_290' title='bbox 516 2733 639 2788; x_wconf 65' lang='lat' dir='ltr'><strong>&quot;ac</strong></span> <span class='ocrx_word' id='word_1_291' title='bbox 663 2752 891 2804; x_wconf 85' lang='lat' dir='ltr'><strong>magnus</strong></span> <span class='ocrx_word' id='word_1_292' title='bbox 920 2737 1008 2790; x_wconf 87' lang='lat' dir='ltr'><strong>ille</strong></span> <span class='ocrx_word' id='word_1_293' title='bbox 1034 2737 1243 2796; x_wconf 90' lang='lat' dir='ltr'><strong>dicens.</strong></span> <span class='ocrx_word' id='word_1_294' title='bbox 1267 2738 1575 2806; x_wconf 89' lang='lat' dir='ltr'><strong>jubensque</strong></span> <span class='ocrx_word' id='word_1_295' title='bbox 1596 2737 1787 2790; x_wconf 86' lang='lat' dir='ltr'><strong>iterum</strong></span> <span class='ocrx_word' id='word_1_296' title='bbox 1816 2746 2010 2790; x_wconf 84' lang='lat' dir='ltr'><strong>cuneta</strong></span> 
     </span>
    </p>
   </div>
   <div class='ocr_carea' id='block_1_45' title="bbox 443 2824 2010 2892">
    <p class='ocr_par' dir='ltr' id='par_1_45' title="bbox 443 2824 2010 2892">
     <span class='ocr_line' id='line_1_45' title="bbox 443 2824 2010 2892; baseline 0.001 -17"><span class='ocrx_word' id='word_1_297' title='bbox 443 2824 660 2890; x_wconf 74' lang='lat' dir='ltr'><strong>przetori</strong></span> <span class='ocrx_word' id='word_1_298' title='bbox 713 2824 994 2892; x_wconf 81' lang='lat' dir='ltr'><strong>explicari,</strong></span> <span class='ocrx_word' id='word_1_299' title='bbox 1043 2825 1152 2878; x_wconf 80' lang='lat' dir='ltr'><strong>exit</strong></span> <span class='ocrx_word' id='word_1_300' title='bbox 1195 2826 1260 2878; x_wconf 89' lang='lat' dir='ltr'><strong>ad</strong></span> <span class='ocrx_word' id='word_1_301' title='bbox 1316 2825 1706 2878; x_wconf 88' lang='lat' dir='ltr'><strong>monasterium</strong></span> <span class='ocrx_word' id='word_1_302' title='bbox 1763 2825 1905 2892; x_wconf 88' lang='lat' dir='ltr'><strong>quod</strong></span> <span class='ocrx_word' id='word_1_303' title='bbox 1957 2826 2010 2877; x_wconf 92' lang='lat' dir='ltr'><strong>in</strong></span> 
     </span>
    </p>
   </div>
   <div class='ocr_carea' id='block_1_46' title="bbox 445 2915 2012 2984">
    <p class='ocr_par' dir='ltr' id='par_1_46' title="bbox 445 2915 2012 2984">
     <span class='ocr_line' id='line_1_46' title="bbox 445 2915 2012 2984; baseline 0 -16"><span class='ocrx_word' id='word_1_304' title='bbox 445 2915 704 2969; x_wconf 85' lang='lat' dir='ltr'><strong>suburbio</strong></span> <span class='ocrx_word' id='word_1_305' title='bbox 743 2924 860 2969; x_wconf 87' lang='lat' dir='ltr'><strong>erat</strong></span> <span class='ocrx_word' id='word_1_306' title='bbox 889 2917 952 2968; x_wconf 89' lang='lat' dir='ltr'><strong>ad</strong></span> <span class='ocrx_word' id='word_1_307' title='bbox 988 2917 1286 2968; x_wconf 84' lang='lat' dir='ltr'><strong>Antonium</strong></span> <span class='ocrx_word' id='word_1_308' title='bbox 1314 2917 1661 2969; x_wconf 86' lang='lat' dir='ltr'><strong>monachum.</strong></span> <span class='ocrx_word' id='word_1_309' title='bbox 1690 2915 1790 2969; x_wconf 93' lang='lat' dir='ltr'><strong>Ubi</strong></span> <span class='ocrx_word' id='word_1_310' title='bbox 1830 2917 2012 2984; x_wconf 85' lang='lat' dir='ltr'><strong>itaque</strong></span> 
     </span>
    </p>
   </div>
   <div class='ocr_carea' id='block_1_47' title="bbox 445 3006 2012 3075">
    <p class='ocr_par' dir='ltr' id='par_1_47' title="bbox 445 3006 2012 3075">
     <span class='ocr_line' id='line_1_47' title="bbox 445 3006 2012 3075; baseline 0.001 -18"><span class='ocrx_word' id='word_1_311' title='bbox 445 3006 696 3058; x_wconf 88' lang='lat' dir='ltr'><strong>universa</strong></span> <span class='ocrx_word' id='word_1_312' title='bbox 755 3007 867 3059; x_wconf 67' lang='lat' dir='ltr'><strong>haec</strong></span> <span class='ocrx_word' id='word_1_313' title='bbox 913 3007 1231 3059; x_wconf 82' lang='lat' dir='ltr'><strong>annuntiata</strong></span> <span class='ocrx_word' id='word_1_314' title='bbox 1271 3016 1475 3069; x_wconf 83' lang='lat' dir='ltr'><strong>essent,</strong></span> <span class='ocrx_word' id='word_1_315' title='bbox 1509 3006 1650 3075; x_wconf 86' lang='lat' dir='ltr'><strong>quod</strong></span> <span class='ocrx_word' id='word_1_316' title='bbox 1698 3021 1881 3058; x_wconf 87' lang='lat' dir='ltr'><strong>revera</strong></span> <span class='ocrx_word' id='word_1_317' title='bbox 1933 3006 2012 3058; x_wconf 84' lang='lat' dir='ltr'><strong>vir</strong></span> 
     </span>
    </p>
   </div>
   <div class='ocr_carea' id='block_1_48' title="bbox 2111 1914 3681 1987">
    <p class='ocr_par' dir='ltr' id='par_1_48' title="bbox 2111 1914 3681 1987">
     <span class='ocr_line' id='line_1_48' title="bbox 2111 1914 3681 1987; baseline -0.004 -17"><span class='ocrx_word' id='word_1_318' title='bbox 2111 1921 2388 1987; x_wconf 85' lang='grc' dir='ltr'>νουμένων</span> <span class='ocrx_word' id='word_1_319' title='bbox 2414 1935 2428 1950; x_wconf 77' lang='grc' dir='ltr'><strong>ο</strong></span> <span class='ocrx_word' id='word_1_320' title='bbox 2465 1937 2484 1969; x_wconf 84' lang='lat' dir='ltr'><strong>t</strong></span> <span class='ocrx_word' id='word_1_321' title='bbox 2533 1916 2718 1978; x_wconf 81' lang='grc' dir='ltr'>Οῦτως</span> <span class='ocrx_word' id='word_1_322' title='bbox 2749 1915 2912 1969; x_wconf 84' lang='grc' dir='ltr'>ῶναιε</span> <span class='ocrx_word' id='word_1_323' title='bbox 2938 1953 2955 1980; x_wconf 93' lang='grc'><strong>,</strong></span> <span class='ocrx_word' id='word_1_324' title='bbox 2988 1917 3141 1984; x_wconf 75' lang='grc' dir='ltr'>φησὶ,</span> <span class='ocrx_word' id='word_1_325' title='bbox 3170 1914 3315 1982; x_wconf 74' lang='grc' dir='ltr'>ζωῆς</span> <span class='ocrx_word' id='word_1_326' title='bbox 3346 1931 3406 1966; x_wconf 88' lang='grc' dir='ltr'><strong>τε</strong></span> <span class='ocrx_word' id='word_1_327' title='bbox 3451 1914 3546 1966; x_wconf 88' lang='lat' dir='ltr'><strong>xui</strong></span> <span class='ocrx_word' id='word_1_328' title='bbox 3578 1931 3681 1965; x_wconf 85' lang='grc' dir='ltr'>σω-</span> 
     </span>
    </p>
   </div>
   <div class='ocr_carea' id='block_1_49' title="bbox 2109 2007 3682 2082">
    <p class='ocr_par' dir='ltr' id='par_1_49' title="bbox 2109 2007 3682 2082">
     <span class='ocr_line' id='line_1_49' title="bbox 2109 2007 3682 2082; baseline -0.004 -16"><span class='ocrx_word' id='word_1_329' title='bbox 2109 2013 2328 2082; x_wconf 80' lang='grc' dir='ltr'>τηρίας,</span> <span class='ocrx_word' id='word_1_330' title='bbox 2377 2012 2546 2080; x_wconf 82' lang='grc' dir='ltr'>μηδὲν</span> <span class='ocrx_word' id='word_1_331' title='bbox 2593 2011 2734 2072; x_wconf 80' lang='grc' dir='ltr'>ὅλως</span> <span class='ocrx_word' id='word_1_332' title='bbox 2805 2007 3127 2070; x_wconf 77' lang='grc' dir='ltr'>ὑποσταλεὶς</span> <span class='ocrx_word' id='word_1_333' title='bbox 3179 2008 3512 2075; x_wconf 81' lang='grc' dir='ltr'>ἀπάγγειλον</span> <span class='ocrx_word' id='word_1_334' title='bbox 3557 2007 3682 2060; x_wconf 80' lang='grc' dir='ltr'>τάδε</span> 
     </span>
    </p>
   </div>
   <div class='ocr_carea' id='block_1_50' title="bbox 2109 2098 3680 2173">
    <p class='ocr_par' dir='ltr' id='par_1_50' title="bbox 2109 2098 3680 2173">
     <span class='ocr_line' id='line_1_50' title="bbox 2109 2098 3680 2173; baseline -0.003 -18"><span class='ocrx_word' id='word_1_335' title='bbox 2109 2105 2185 2173; x_wconf 80' lang='grc' dir='ltr'>τῷ</span> <span class='ocrx_word' id='word_1_336' title='bbox 2214 2101 2504 2172; x_wconf 80' lang='grc' dir='ltr'>στρατηγῷ</span> <span class='ocrx_word' id='word_1_337' title='bbox 2526 2116 2540 2130; x_wconf 88' lang='grc'>·</span> <span class='ocrx_word' id='word_1_338' title='bbox 2587 2100 2638 2152; x_wconf 90' lang='grc' dir='ltr'><strong>τί</strong></span> <span class='ocrx_word' id='word_1_339' title='bbox 2665 2100 2863 2170; x_wconf 84' lang='grc' dir='ltr'>δήποτε</span> <span class='ocrx_word' id='word_1_340' title='bbox 2892 2100 2952 2151; x_wconf 83' lang='grc' dir='ltr'><strong>τὸ</strong></span> <span class='ocrx_word' id='word_1_341' title='bbox 2985 2098 3197 2151; x_wconf 88' lang='grc' dir='ltr'>κελλίον</span> <span class='ocrx_word' id='word_1_342' title='bbox 3227 2098 3566 2150; x_wconf 79' lang='grc' dir='ltr'><strong>ἀπολιπόντα</strong></span> <span class='ocrx_word' id='word_1_343' title='bbox 3613 2114 3680 2166; x_wconf 85' lang='grc' dir='ltr'><strong>με</strong></span> 
     </span>
    </p>
   </div>
   <div class='ocr_carea' id='block_1_51' title="bbox 2109 2188 3680 2264">
    <p class='ocr_par' dir='ltr' id='par_1_51' title="bbox 2109 2188 3680 2264">
     <span class='ocr_line' id='line_1_51' title="bbox 2109 2188 3680 2264; baseline -0.005 -17"><span class='ocrx_word' id='word_1_344' title='bbox 2109 2197 2170 2247; x_wconf 78' lang='grc' dir='ltr'><strong>τὸ</strong></span> <span class='ocrx_word' id='word_1_345' title='bbox 2203 2195 2334 2264; x_wconf 62' lang='grc' dir='ltr'>έμδιν</span> <span class='ocrx_word' id='word_1_346' title='bbox 2391 2192 2812 2262; x_wconf 77' lang='grc' dir='ltr'>παρεσκεύασας</span> <span class='ocrx_word' id='word_1_347' title='bbox 2851 2188 3084 2242; x_wconf 71' lang='grc' dir='ltr'>ἐνταῦθα</span> <span class='ocrx_word' id='word_1_348' title='bbox 3127 2189 3495 2252; x_wconf 74' lang='grc' dir='ltr'>καταλαϐεῖνς</span> <span class='ocrx_word' id='word_1_349' title='bbox 3539 2189 3591 2241; x_wconf 88' lang='grc' dir='ltr'><strong>τί</strong></span> <span class='ocrx_word' id='word_1_350' title='bbox 3623 2188 3680 2240; x_wconf 83' lang='grc' dir='ltr'><strong>δέ</strong></span> 
     </span>
    </p>
   </div>
   <div class='ocr_carea' id='block_1_52' title="bbox 2113 2281 3679 2357">
    <p class='ocr_par' dir='ltr' id='par_1_52' title="bbox 2113 2281 3679 2357">
     <span class='ocr_line' id='line_1_52' title="bbox 2113 2281 3679 2357; baseline -0.005 -18"><span class='ocrx_word' id='word_1_351' title='bbox 2113 2306 2202 2357; x_wconf 81' lang='grc' dir='ltr'><strong>μοι</strong></span> <span class='ocrx_word' id='word_1_352' title='bbox 2226 2289 2408 2339; x_wconf 75' lang='grc' dir='ltr'>κόπων</span> <span class='ocrx_word' id='word_1_353' title='bbox 2437 2284 2706 2337; x_wconf 79' lang='grc' dir='ltr'>τοσούτων</span> <span class='ocrx_word' id='word_1_354' title='bbox 2731 2283 2985 2351; x_wconf 76' lang='grc' dir='ltr'>πρόξενος</span> <span class='ocrx_word' id='word_1_355' title='bbox 3016 2282 3107 2334; x_wconf 71' lang='grc' dir='ltr'><strong>ἐπὶ</strong></span> <span class='ocrx_word' id='word_1_356' title='bbox 3133 2283 3348 2350; x_wconf 82' lang='grc' dir='ltr'>ματαίῳ</span> <span class='ocrx_word' id='word_1_357' title='bbox 3377 2281 3646 2350; x_wconf 80' lang='grc' dir='ltr'>κατέστης</span> <span class='ocrx_word' id='word_1_358' title='bbox 3665 2322 3679 2344; x_wconf 87' lang='grc'><strong>,</strong></span> 
     </span>
    </p>
   </div>
   <div class='ocr_carea' id='block_1_53' title="bbox 2110 2372 3679 2448">
    <p class='ocr_par' dir='ltr' id='par_1_53' title="bbox 2110 2372 3679 2448">
     <span class='ocr_line' id='line_1_53' title="bbox 2110 2372 3679 2448; baseline -0.005 -17"><span class='ocrx_word' id='word_1_359' title='bbox 2110 2379 2161 2430; x_wconf 88' lang='grc' dir='ltr'><strong>τί</strong></span> <span class='ocrx_word' id='word_1_360' title='bbox 2191 2379 2246 2430; x_wconf 81' lang='grc' dir='ltr'><strong>δὲ</strong></span> <span class='ocrx_word' id='word_1_361' title='bbox 2271 2377 2371 2448; x_wconf 78' lang='grc' dir='ltr'><strong>τὴν</strong></span> <span class='ocrx_word' id='word_1_362' title='bbox 2395 2376 2548 2428; x_wconf 90' lang='grc' dir='ltr'>πόλιν</span> <span class='ocrx_word' id='word_1_363' title='bbox 2577 2374 2750 2427; x_wconf 77' lang='grc' dir='ltr'>ἐλθεῖν</span> <span class='ocrx_word' id='word_1_364' title='bbox 2780 2375 2869 2426; x_wconf 71' lang='grc' dir='ltr'><strong>τὸν</strong></span> <span class='ocrx_word' id='word_1_365' title='bbox 2891 2372 3192 2442; x_wconf 80' lang='grc' dir='ltr'>φιλέρημον</span> <span class='ocrx_word' id='word_1_366' title='bbox 3221 2373 3679 2442; x_wconf 84' lang='grc' dir='ltr'>κατηνάγκασας;</span> 
     </span>
    </p>
   </div>
   <div class='ocr_carea' id='block_1_54' title="bbox 2111 2463 3678 2536">
    <p class='ocr_par' dir='ltr' id='par_1_54' title="bbox 2111 2463 3678 2536">
     <span class='ocr_line' id='line_1_54' title="bbox 2111 2463 3678 2536; baseline -0.004 -14"><span class='ocrx_word' id='word_1_367' title='bbox 2111 2471 2186 2522; x_wconf 87' lang='grc' dir='ltr'><strong>Οὐ</strong></span> <span class='ocrx_word' id='word_1_368' title='bbox 2217 2469 2376 2536; x_wconf 85' lang='grc' dir='ltr'>λόγου</span> <span class='ocrx_word' id='word_1_369' title='bbox 2415 2484 2480 2536; x_wconf 90' lang='grc' dir='ltr'><strong>με</strong></span> <span class='ocrx_word' id='word_1_370' title='bbox 2511 2466 2854 2536; x_wconf 80' lang='grc' dir='ltr'>κατηξίωσας</span> <span class='ocrx_word' id='word_1_371' title='bbox 2881 2465 2980 2517; x_wconf 77' lang='grc' dir='ltr'><strong>οὐκ</strong></span> <span class='ocrx_word' id='word_1_372' title='bbox 3003 2463 3298 2531; x_wconf 81' lang='grc' dir='ltr'>ἀσπασμοῦ</span> <span class='ocrx_word' id='word_1_373' title='bbox 3333 2464 3642 2532; x_wconf 82' lang='grc' dir='ltr'>μετέδωκας</span> <span class='ocrx_word' id='word_1_374' title='bbox 3663 2503 3678 2523; x_wconf 90' lang='grc'><strong>,</strong></span> 
     </span>
    </p>
   </div>
   <div class='ocr_carea' id='block_1_55' title="bbox 2111 2551 3678 2627">
    <p class='ocr_par' dir='ltr' id='par_1_55' title="bbox 2111 2551 3678 2627">
     <span class='ocr_line' id='line_1_55' title="bbox 2111 2551 3678 2627; baseline -0.004 -15"><span class='ocrx_word' id='word_1_375' title='bbox 2111 2561 2212 2612; x_wconf 73' lang='grc' dir='ltr'><strong>οὐκ</strong></span> <span class='ocrx_word' id='word_1_376' title='bbox 2251 2560 2379 2614; x_wconf 83' lang='grc' dir='ltr'>ἄλλο</span> <span class='ocrx_word' id='word_1_377' title='bbox 2405 2576 2458 2610; x_wconf 89' lang='grc' dir='ltr'><strong>τι</strong></span> <span class='ocrx_word' id='word_1_378' title='bbox 2497 2559 2749 2627; x_wconf 77' lang='grc' dir='ltr'>ἔδρασας,</span> <span class='ocrx_word' id='word_1_379' title='bbox 2790 2551 2864 2609; x_wconf 87' lang='grc' dir='ltr'>ῶν</span> <span class='ocrx_word' id='word_1_380' title='bbox 2903 2555 3007 2608; x_wconf 79' lang='grc' dir='ltr'>ἔδει</span> <span class='ocrx_word' id='word_1_381' title='bbox 3039 2555 3330 2623; x_wconf 80' lang='grc' dir='ltr'>φιλάρετον</span> <span class='ocrx_word' id='word_1_382' title='bbox 3359 2553 3550 2624; x_wconf 84' lang='grc' dir='ltr'>ἀνδρα,</span> <span class='ocrx_word' id='word_1_383' title='bbox 3583 2553 3678 2606; x_wconf 78' lang='grc' dir='ltr'>καὶ</span> 
     </span>
    </p>
   </div>
   <div class='ocr_carea' id='block_1_56' title="bbox 2114 2645 3336 2717">
    <p class='ocr_par' dir='ltr' id='par_1_56' title="bbox 2114 2645 3336 2717">
     <span class='ocr_line' id='line_1_56' title="bbox 2114 2645 3336 2717; baseline -0.006 -14"><span class='ocrx_word' id='word_1_384' title='bbox 2114 2651 2294 2713; x_wconf 76' lang='grc' dir='ltr'>ποσῶς</span> <span class='ocrx_word' id='word_1_385' title='bbox 2322 2649 2608 2710; x_wconf 85' lang='grc' dir='ltr'>εὐλαϐείας</span> <span class='ocrx_word' id='word_1_386' title='bbox 2638 2647 3101 2717; x_wconf 79' lang='grc' dir='ltr'>μεταποιούμενον</span> <span class='ocrx_word' id='word_1_387' title='bbox 3131 2645 3282 2715; x_wconf 79' lang='grc' dir='ltr'>δρᾷν.</span> <span class='ocrx_word' id='word_1_388' title='bbox 3318 2663 3336 2696; x_wconf 73' lang='grc' dir='ltr'><strong>ι</strong></span> 
     </span>
    </p>
   </div>
   <div class='ocr_carea' id='block_1_57' title="bbox 2181 2735 3677 2808">
    <p class='ocr_par' dir='ltr' id='par_1_57' title="bbox 2181 2735 3677 2808">
     <span class='ocr_line' id='line_1_57' title="bbox 2181 2735 3677 2808; baseline -0.003 -16"><span class='ocrx_word' id='word_1_389' title='bbox 2181 2740 2366 2792; x_wconf 85' lang='grc' dir='ltr'>Ταῦτα</span> <span class='ocrx_word' id='word_1_390' title='bbox 2399 2741 2427 2792; x_wconf 87' lang='grc' dir='ltr'><strong>ό</strong></span> <span class='ocrx_word' id='word_1_391' title='bbox 2463 2739 2635 2808; x_wconf 88' lang='grc' dir='ltr'>μέγας</span> <span class='ocrx_word' id='word_1_392' title='bbox 2665 2737 2858 2801; x_wconf 81' lang='grc' dir='ltr'>εἰπὼν,</span> <span class='ocrx_word' id='word_1_393' title='bbox 2900 2737 3210 2806; x_wconf 63' lang='grc' dir='ltr'>ἐπισκήψας</span> <span class='ocrx_word' id='word_1_394' title='bbox 3260 2754 3317 2789; x_wconf 90' lang='grc' dir='ltr'><strong>τε</strong></span> <span class='ocrx_word' id='word_1_395' title='bbox 3368 2735 3526 2797; x_wconf 76' lang='grc' dir='ltr'>αὖθις</span> <span class='ocrx_word' id='word_1_396' title='bbox 3559 2735 3677 2788; x_wconf 89' lang='grc' dir='ltr'>δια-</span> 
     </span>
    </p>
   </div>
   <div class='ocr_carea' id='block_1_58' title="bbox 2115 2825 3676 2897">
    <p class='ocr_par' dir='ltr' id='par_1_58' title="bbox 2115 2825 3676 2897">
     <span class='ocr_line' id='line_1_58' title="bbox 2115 2825 3676 2897; baseline -0.001 -17"><span class='ocrx_word' id='word_1_397' title='bbox 2115 2830 2356 2897; x_wconf 69' lang='grc' dir='ltr'>σαξρῆσαι</span> <span class='ocrx_word' id='word_1_398' title='bbox 2382 2827 2562 2880; x_wconf 77' lang='grc' dir='ltr'>πάντα</span> <span class='ocrx_word' id='word_1_399' title='bbox 2589 2827 2666 2896; x_wconf 82' lang='grc' dir='ltr'>τῷ</span> <span class='ocrx_word' id='word_1_400' title='bbox 2691 2826 3002 2896; x_wconf 82' lang='grc' dir='ltr'>στρατηγῷ,</span> <span class='ocrx_word' id='word_1_401' title='bbox 3047 2829 3126 2888; x_wconf 81' lang='grc' dir='ltr'><strong>είς</strong></span> <span class='ocrx_word' id='word_1_402' title='bbox 3157 2828 3216 2879; x_wconf 74' lang='grc' dir='ltr'>τὸ</span> <span class='ocrx_word' id='word_1_403' title='bbox 3249 2825 3345 2879; x_wconf 88' lang='grc' dir='ltr'><strong>τοῦ</strong></span> <span class='ocrx_word' id='word_1_404' title='bbox 3376 2825 3676 2894; x_wconf 81' lang='grc' dir='ltr'>προάστεος</span> 
     </span>
    </p>
   </div>
   <div class='ocr_carea' id='block_1_59' title="bbox 2112 2916 3674 2986">
    <p class='ocr_par' dir='ltr' id='par_1_59' title="bbox 2112 2916 3674 2986">
     <span class='ocr_line' id='line_1_59' title="bbox 2112 2916 3674 2986; baseline 0 -17"><span class='ocrx_word' id='word_1_405' title='bbox 2112 2918 2279 2981; x_wconf 79' lang='grc' dir='ltr'>ἔξεισι</span> <span class='ocrx_word' id='word_1_406' title='bbox 2362 2919 2611 2984; x_wconf 87' lang='grc' dir='ltr'>σεμνεῖον</span> <span class='ocrx_word' id='word_1_407' title='bbox 2685 2916 2821 2984; x_wconf 73' lang='grc' dir='ltr'>πρὸς</span> <span class='ocrx_word' id='word_1_408' title='bbox 2895 2917 2985 2968; x_wconf 66' lang='grc' dir='ltr'><strong>τὸν</strong></span> <span class='ocrx_word' id='word_1_409' title='bbox 3063 2917 3298 2986; x_wconf 60' lang='grc' dir='ltr'>μοναχὴν</span> <span class='ocrx_word' id='word_1_410' title='bbox 3369 2916 3674 2969; x_wconf 82' lang='grc' dir='ltr'>Ἀντώνιον.</span> 
     </span>
    </p>
   </div>
   <div class='ocr_carea' id='block_1_60' title="bbox 2124 3008 3680 3078">
    <p class='ocr_par' dir='ltr' id='par_1_60' title="bbox 2124 3008 3680 3078">
     <span class='ocr_line' id='line_1_60' title="bbox 2124 3008 3680 3078; baseline -0.003 -15"><span class='ocrx_word' id='word_1_411' title='bbox 2124 3011 2377 3064; x_wconf 83' lang='grc' dir='ltr'>Ἐκείνων</span> <span class='ocrx_word' id='word_1_412' title='bbox 2431 3008 2720 3078; x_wconf 78' lang='grc' dir='ltr'>τοιγαροῦν</span> <span class='ocrx_word' id='word_1_413' title='bbox 2781 3010 2997 3062; x_wconf 79' lang='grc' dir='ltr'>πάντων</span> <span class='ocrx_word' id='word_1_414' title='bbox 3045 3009 3532 3076; x_wconf 84' lang='grc' dir='ltr'>ἀπαγγελθέντων,</span> <span class='ocrx_word' id='word_1_415' title='bbox 3556 3010 3680 3061; x_wconf 74' lang='grc' dir='ltr'>ἐπεὶ</span> 
     </span>
    </p>
   </div>
   <div class='ocr_carea' id='block_1_61' title="bbox 448 3094 2009 3170">
    <p class='ocr_par' dir='ltr' id='par_1_61' title="bbox 448 3094 2009 3164">
     <span class='ocr_line' id='line_1_61' title="bbox 448 3094 2009 3164; baseline 0.001 -16"><span class='ocrx_word' id='word_1_416' title='bbox 448 3094 724 3149; x_wconf 85' lang='lat' dir='ltr'><strong>modestus</strong></span> <span class='ocrx_word' id='word_1_417' title='bbox 755 3109 818 3148; x_wconf 88' lang='lat' dir='ltr'><strong>ac</strong></span> <span class='ocrx_word' id='word_1_418' title='bbox 852 3095 1075 3148; x_wconf 88' lang='lat' dir='ltr'><strong>humilis</strong></span> <span class='ocrx_word' id='word_1_419' title='bbox 1107 3103 1272 3159; x_wconf 82' lang='lat' dir='ltr'><strong>esset,</strong></span> <span class='ocrx_word' id='word_1_420' title='bbox 1316 3111 1481 3164; x_wconf 88' lang='lat' dir='ltr'><strong>seque</strong></span> <span class='ocrx_word' id='word_1_421' title='bbox 1517 3097 1656 3150; x_wconf 87' lang='lat' dir='ltr'><strong>male</strong></span> <span class='ocrx_word' id='word_1_422' title='bbox 1688 3095 1863 3150; x_wconf 78' lang='lat' dir='ltr'><strong>ofﬁcio</strong></span> <span class='ocrx_word' id='word_1_423' title='bbox 1914 3095 2009 3149; x_wconf 88' lang='lat' dir='ltr'><strong>de-</strong></span> 
     </span>
    </p>
   </div>
   <div class='ocr_carea' id='block_1_62' title="bbox 2113 3094 3680 3170">
    <p class='ocr_par' dir='ltr' id='par_1_62' title="bbox 2115 3100 3680 3170">
     <span class='ocr_line' id='line_1_62' title="bbox 2115 3100 3680 3170; baseline -0.003 -13"><span class='ocrx_word' id='word_1_424' title='bbox 2115 3107 2236 3167; x_wconf 86' lang='grc' dir='ltr'>ταῖς</span> <span class='ocrx_word' id='word_1_425' title='bbox 2268 3103 2554 3170; x_wconf 78' lang='grc' dir='ltr'>ἀληθείαις</span> <span class='ocrx_word' id='word_1_426' title='bbox 2585 3103 2837 3169; x_wconf 79' lang='grc' dir='ltr'>ἐπιεικὴς</span> <span class='ocrx_word' id='word_1_427' title='bbox 2881 3101 2974 3154; x_wconf 76' lang='grc' dir='ltr'><strong>καὶ</strong></span> <span class='ocrx_word' id='word_1_428' title='bbox 3043 3101 3261 3168; x_wconf 86' lang='grc' dir='ltr'>μέτριος</span> <span class='ocrx_word' id='word_1_429' title='bbox 3311 3103 3340 3153; x_wconf 86' lang='grc' dir='ltr'>ὁ</span> <span class='ocrx_word' id='word_1_430' title='bbox 3387 3101 3550 3170; x_wconf 81' lang='grc' dir='ltr'>ἀνὴρ,</span> <span class='ocrx_word' id='word_1_431' title='bbox 3585 3100 3680 3152; x_wconf 70' lang='grc' dir='ltr'><strong>καὶ</strong></span> 
     </span>
    </p>
   </div>
   <div class='ocr_carea' id='block_1_63' title="bbox 447 3187 2008 3259">
    <p class='ocr_par' dir='ltr' id='par_1_63' title="bbox 447 3187 2008 3259">
     <span class='ocr_line' id='line_1_63' title="bbox 447 3187 2008 3259; baseline 0.001 -19"><span class='ocrx_word' id='word_1_432' title='bbox 447 3189 687 3241; x_wconf 83' lang='lat' dir='ltr'><strong>functum</strong></span> <span class='ocrx_word' id='word_1_433' title='bbox 703 3187 1043 3259; x_wconf 87' lang='lat' dir='ltr'><strong>intelligeret,</strong></span> <span class='ocrx_word' id='word_1_434' title='bbox 1078 3189 1241 3243; x_wconf 90' lang='lat' dir='ltr'><strong>multa</strong></span> <span class='ocrx_word' id='word_1_435' title='bbox 1265 3205 1321 3244; x_wconf 91' lang='lat' dir='ltr'><strong>se</strong></span> <span class='ocrx_word' id='word_1_436' title='bbox 1343 3189 1668 3258; x_wconf 81' lang='lat' dir='ltr'><strong>negligentia</strong></span> <span class='ocrx_word' id='word_1_437' title='bbox 1692 3189 1743 3242; x_wconf 88' lang='lat' dir='ltr'><strong>in</strong></span> <span class='ocrx_word' id='word_1_438' title='bbox 1761 3189 1826 3243; x_wconf 78' lang='lat' dir='ltr'><strong>iis</strong></span> <span class='ocrx_word' id='word_1_439' title='bbox 1852 3203 2008 3243; x_wconf 89' lang='lat' dir='ltr'><strong>usum</strong></span> 
     </span>
    </p>
   </div>
   <div class='ocr_carea' id='block_1_64' title="bbox 446 3280 2010 3351">
    <p class='ocr_par' dir='ltr' id='par_1_64' title="bbox 446 3280 2010 3351">
     <span class='ocr_line' id='line_1_64' title="bbox 446 3280 2010 3351; baseline 0.002 -17"><span class='ocrx_word' id='word_1_440' title='bbox 446 3280 725 3349; x_wconf 82' lang='lat' dir='ltr'><strong>agnoscit,</strong></span> <span class='ocrx_word' id='word_1_441' title='bbox 765 3298 885 3351; x_wconf 75' lang='lat' dir='ltr'><strong>qua:</strong></span> <span class='ocrx_word' id='word_1_442' title='bbox 929 3282 1109 3336; x_wconf 91' lang='lat' dir='ltr'><strong>studio</strong></span> <span class='ocrx_word' id='word_1_443' title='bbox 1151 3283 1387 3336; x_wconf 89' lang='lat' dir='ltr'><strong>curanda</strong></span> <span class='ocrx_word' id='word_1_444' title='bbox 1430 3282 1726 3336; x_wconf 87' lang='lat' dir='ltr'><strong>habuisset.</strong></span> <span class='ocrx_word' id='word_1_445' title='bbox 1773 3280 2010 3337; x_wconf 80' lang='lat' dir='ltr'><strong>Festinat</strong></span> 
     </span>
    </p>
   </div>
   <div class='ocr_carea' id='block_1_65' title="bbox 449 3373 2006 3442">
    <p class='ocr_par' dir='ltr' id='par_1_65' title="bbox 449 3373 2006 3442">
     <span class='ocr_line' id='line_1_65' title="bbox 449 3373 2006 3442; baseline 0.002 -17"><span class='ocrx_word' id='word_1_446' title='bbox 449 3389 580 3442; x_wconf 89' lang='lat' dir='ltr'><strong>ergo</strong></span> <span class='ocrx_word' id='word_1_447' title='bbox 629 3373 791 3428; x_wconf 82' lang='lat' dir='ltr'><strong>celeri</strong></span> <span class='ocrx_word' id='word_1_448' title='bbox 829 3375 1144 3442; x_wconf 66' lang='lat' dir='ltr'><strong>paenitentia</strong></span> <span class='ocrx_word' id='word_1_449' title='bbox 1195 3389 1388 3428; x_wconf 89' lang='lat' dir='ltr'><strong>sanare</strong></span> <span class='ocrx_word' id='word_1_450' title='bbox 1433 3373 1572 3442; x_wconf 90' lang='lat' dir='ltr'><strong>quod</strong></span> <span class='ocrx_word' id='word_1_451' title='bbox 1618 3388 1713 3442; x_wconf 90' lang='lat' dir='ltr'><strong>per</strong></span> <span class='ocrx_word' id='word_1_452' title='bbox 1741 3374 2006 3428; x_wconf 90' lang='lat' dir='ltr'><strong>incuriam</strong></span> 
     </span>
    </p>
   </div>
   <div class='ocr_carea' id='block_1_66' title="bbox 448 3463 2008 3534">
    <p class='ocr_par' dir='ltr' id='par_1_66' title="bbox 448 3463 2008 3534">
     <span class='ocr_line' id='line_1_66' title="bbox 448 3463 2008 3534; baseline 0 -16"><span class='ocrx_word' id='word_1_453' title='bbox 448 3474 724 3531; x_wconf 76' lang='lat' dir='ltr'><strong>peccatum</strong></span> <span class='ocrx_word' id='word_1_454' title='bbox 802 3463 1026 3528; x_wconf 77' lang='lat' dir='ltr'><strong>fuisset,</strong></span> <span class='ocrx_word' id='word_1_455' title='bbox 1074 3480 1308 3533; x_wconf 80' lang='lat' dir='ltr'><strong>moxque</strong></span> <span class='ocrx_word' id='word_1_456' title='bbox 1357 3479 1659 3518; x_wconf 86' lang='lat' dir='ltr'><strong>conscenso</strong></span> <span class='ocrx_word' id='word_1_457' title='bbox 1716 3479 1892 3534; x_wconf 90' lang='lat' dir='ltr'><strong>equo,</strong></span> <span class='ocrx_word' id='word_1_458' title='bbox 1941 3465 2008 3519; x_wconf 88' lang='lat' dir='ltr'><strong>ad</strong></span> 
     </span>
    </p>
   </div>
   <div class='ocr_carea' id='block_1_67' title="bbox 447 3556 2010 3624">
    <p class='ocr_par' dir='ltr' id='par_1_67' title="bbox 447 3556 2010 3624">
     <span class='ocr_line' id='line_1_67' title="bbox 447 3556 2010 3624; baseline 0.001 -16"><span class='ocrx_word' id='word_1_459' title='bbox 447 3567 695 3608; x_wconf 88' lang='lat' dir='ltr'><strong>sanctum</strong></span> <span class='ocrx_word' id='word_1_460' title='bbox 728 3572 786 3610; x_wconf 87' lang='lat' dir='ltr'><strong>se</strong></span> <span class='ocrx_word' id='word_1_461' title='bbox 811 3556 1047 3610; x_wconf 83' lang='lat' dir='ltr'><strong>confert.</strong></span> <span class='ocrx_word' id='word_1_462' title='bbox 1103 3556 1180 3609; x_wconf 85' lang='lat' dir='ltr'><strong>Ac</strong></span> <span class='ocrx_word' id='word_1_463' title='bbox 1219 3557 1453 3624; x_wconf 87' lang='lat' dir='ltr'><strong>primum</strong></span> <span class='ocrx_word' id='word_1_464' title='bbox 1499 3556 1738 3623; x_wconf 86' lang='lat' dir='ltr'><strong>quidem,</strong></span> <span class='ocrx_word' id='word_1_465' title='bbox 1797 3558 2010 3611; x_wconf 83' lang='lat' dir='ltr'><strong>fervore</strong></span> 
     </span>
    </p>
   </div>
   <div class='ocr_carea' id='block_1_68' title="bbox 447 3646 2006 3716">
    <p class='ocr_par' dir='ltr' id='par_1_68' title="bbox 447 3646 2006 3716">
     <span class='ocr_line' id='line_1_68' title="bbox 447 3646 2006 3716; baseline 0.003 -18"><span class='ocrx_word' id='word_1_466' title='bbox 447 3662 509 3699; x_wconf 88' lang='lat' dir='ltr'><strong>ac</strong></span> <span class='ocrx_word' id='word_1_467' title='bbox 534 3646 820 3716; x_wconf 89' lang='lat' dir='ltr'><strong>diligenter</strong></span> <span class='ocrx_word' id='word_1_468' title='bbox 851 3661 1144 3708; x_wconf 87' lang='lat' dir='ltr'><strong>excusans,</strong></span> <span class='ocrx_word' id='word_1_469' title='bbox 1169 3647 1274 3700; x_wconf 88' lang='lat' dir='ltr'><strong>cito</strong></span> <span class='ocrx_word' id='word_1_470' title='bbox 1301 3661 1515 3715; x_wconf 84' lang='lat' dir='ltr'><strong>quoque</strong></span> <span class='ocrx_word' id='word_1_471' title='bbox 1542 3647 1751 3699; x_wconf 82' lang='lat' dir='ltr'><strong>veniam</strong></span> <span class='ocrx_word' id='word_1_472' title='bbox 1782 3647 2006 3702; x_wconf 85' lang='lat' dir='ltr'><strong>obtinet.</strong></span> 
     </span>
    </p>
   </div>
   <div class='ocr_carea' id='block_1_69' title="bbox 446 3736 2010 3805">
    <p class='ocr_par' dir='ltr' id='par_1_69' title="bbox 446 3736 2010 3805">
     <span class='ocr_line' id='line_1_69' title="bbox 446 3736 2010 3805; baseline 0.003 -17"><span class='ocrx_word' id='word_1_473' title='bbox 446 3736 583 3790; x_wconf 83' lang='lat' dir='ltr'><strong>Tum</strong></span> <span class='ocrx_word' id='word_1_474' title='bbox 620 3737 961 3805; x_wconf 77' lang='lat' dir='ltr'><strong>verojubens</strong></span> <span class='ocrx_word' id='word_1_475' title='bbox 981 3745 1223 3790; x_wconf 88' lang='lat' dir='ltr'><strong>astantes</strong></span> <span class='ocrx_word' id='word_1_476' title='bbox 1251 3739 1524 3799; x_wconf 66' lang='lat' dir='ltr'><strong>recedere,</strong></span> <span class='ocrx_word' id='word_1_477' title='bbox 1552 3738 1702 3791; x_wconf 89' lang='lat' dir='ltr'><strong>solus</strong></span> <span class='ocrx_word' id='word_1_478' title='bbox 1733 3753 1856 3791; x_wconf 90' lang='lat' dir='ltr'><strong>eum</strong></span> <span class='ocrx_word' id='word_1_479' title='bbox 1895 3739 2010 3792; x_wconf 92' lang='lat' dir='ltr'><strong>solo</strong></span> 
     </span>
    </p>
   </div>
   <div class='ocr_carea' id='block_1_70' title="bbox 446 3829 2008 3898">
    <p class='ocr_par' dir='ltr' id='par_1_70' title="bbox 446 3829 2008 3898">
     <span class='ocr_line' id='line_1_70' title="bbox 446 3829 2008 3898; baseline 0.002 -20"><span class='ocrx_word' id='word_1_480' title='bbox 446 3829 894 3897; x_wconf 67' lang='lat' dir='ltr'><strong>colloquebantur</strong></span> <span class='ocrx_word' id='word_1_481' title='bbox 916 3869 930 3893; x_wconf 97' lang='lat'><strong>,</strong></span> <span class='ocrx_word' id='word_1_482' title='bbox 979 3837 1252 3898; x_wconf 90' lang='lat' dir='ltr'><strong>protracto</strong></span> <span class='ocrx_word' id='word_1_483' title='bbox 1285 3833 1349 3882; x_wconf 88' lang='lat' dir='ltr'><strong>ad</strong></span> <span class='ocrx_word' id='word_1_484' title='bbox 1385 3845 1556 3898; x_wconf 84' lang='lat' dir='ltr'><strong>usque</strong></span> <span class='ocrx_word' id='word_1_485' title='bbox 1580 3844 1858 3898; x_wconf 87' lang='lat' dir='ltr'><strong>vesperam</strong></span> <span class='ocrx_word' id='word_1_486' title='bbox 1888 3845 2008 3884; x_wconf 89' lang='lat' dir='ltr'><strong>ser-</strong></span> 
     </span>
    </p>
   </div>
   <div class='ocr_carea' id='block_1_71' title="bbox 447 3935 626 3974">
    <p class='ocr_par' dir='ltr' id='par_1_71' title="bbox 447 3935 626 3974">
     <span class='ocr_line' id='line_1_71' title="bbox 447 3935 626 3974; baseline -0.006 -2"><span class='ocrx_word' id='word_1_487' title='bbox 447 3935 626 3974; x_wconf 87' lang='lat' dir='ltr'><strong>mone.</strong></span> 
     </span>
    </p>
   </div>
   <div class='ocr_carea' id='block_1_72' title="bbox 516 4011 2006 4080">
    <p class='ocr_par' dir='ltr' id='par_1_72' title="bbox 516 4011 2006 4080">
     <span class='ocr_line' id='line_1_72' title="bbox 516 4011 2006 4080; baseline 0.001 -16"><span class='ocrx_word' id='word_1_488' title='bbox 516 4011 655 4076; x_wconf 85' lang='lat' dir='ltr'><strong>Quid</strong></span> <span class='ocrx_word' id='word_1_489' title='bbox 688 4026 850 4080; x_wconf 89' lang='lat' dir='ltr'><strong>porro</strong></span> <span class='ocrx_word' id='word_1_490' title='bbox 888 4013 1011 4066; x_wconf 89' lang='lat' dir='ltr'><strong>inde</strong></span> <span class='ocrx_word' id='word_1_491' title='bbox 1048 4012 1314 4066; x_wconf 82' lang='lat' dir='ltr'><strong>eﬂicitur?</strong></span> <span class='ocrx_word' id='word_1_492' title='bbox 1343 4012 1517 4067; x_wconf 85' lang='lat' dir='ltr'><strong>Tanto</strong></span> <span class='ocrx_word' id='word_1_493' title='bbox 1561 4013 1869 4068; x_wconf 61' lang='lat' dir='ltr'><strong>dilectionis</strong></span> <span class='ocrx_word' id='word_1_494' title='bbox 1901 4015 2006 4068; x_wconf 84' lang='lat' dir='ltr'><strong>fer-</strong></span> 
     </span>
    </p>
   </div>
   <div class='ocr_carea' id='block_1_73' title="bbox 447 4103 2010 4173">
    <p class='ocr_par' dir='ltr' id='par_1_73' title="bbox 447 4103 2010 4173">
     <span class='ocr_line' id='line_1_73' title="bbox 447 4103 2010 4173; baseline 0.003 -18"><span class='ocrx_word' id='word_1_495' title='bbox 447 4119 592 4165; x_wconf 84' lang='lat' dir='ltr'><strong>vore,</strong></span> <span class='ocrx_word' id='word_1_496' title='bbox 628 4111 816 4158; x_wconf 84' lang='lat' dir='ltr'><strong>sancto</strong></span> <span class='ocrx_word' id='word_1_497' title='bbox 843 4103 1109 4173; x_wconf 80' lang='lat' dir='ltr'><strong>jungitur,</strong></span> <span class='ocrx_word' id='word_1_498' title='bbox 1134 4114 1191 4158; x_wconf 92' lang='lat' dir='ltr'><strong>ut</strong></span> <span class='ocrx_word' id='word_1_499' title='bbox 1218 4105 1336 4170; x_wconf 84' lang='lat' dir='ltr'><strong>ejus</strong></span> <span class='ocrx_word' id='word_1_500' title='bbox 1364 4107 1543 4158; x_wconf 87' lang='lat' dir='ltr'><strong>anima</strong></span> <span class='ocrx_word' id='word_1_501' title='bbox 1579 4118 1698 4170; x_wconf 82' lang='lat' dir='ltr'><strong>post</strong></span> <span class='ocrx_word' id='word_1_502' title='bbox 1726 4122 1850 4161; x_wconf 88' lang='lat' dir='ltr'><strong>cum</strong></span> <span class='ocrx_word' id='word_1_503' title='bbox 1881 4123 2010 4160; x_wconf 90' lang='lat' dir='ltr'><strong>con—</strong></span> 
     </span>
    </p>
   </div>
   <div class='ocr_carea' id='block_1_74' title="bbox 446 4197 2009 4266">
    <p class='ocr_par' dir='ltr' id='par_1_74' title="bbox 446 4197 2009 4266">
     <span class='ocr_line' id='line_1_74' title="bbox 446 4197 2009 4266; baseline 0.002 -18"><span class='ocrx_word' id='word_1_504' title='bbox 446 4198 707 4266; x_wconf 71' lang='lat' dir='ltr'><strong>glutinata</strong></span> <span class='ocrx_word' id='word_1_505' title='bbox 745 4208 909 4261; x_wconf 85' lang='lat' dir='ltr'><strong>csset,</strong></span> <span class='ocrx_word' id='word_1_506' title='bbox 945 4209 1003 4250; x_wconf 92' lang='lat' dir='ltr'><strong>ut</strong></span> <span class='ocrx_word' id='word_1_507' title='bbox 1035 4197 1164 4251; x_wconf 91' lang='lat' dir='ltr'><strong>illud</strong></span> <span class='ocrx_word' id='word_1_508' title='bbox 1197 4199 1360 4251; x_wconf 86' lang='lat' dir='ltr'><strong>David</strong></span> <span class='ocrx_word' id='word_1_509' title='bbox 1400 4215 1652 4266; x_wconf 86' lang='lat' dir='ltr'><strong>usurpem</strong></span> <span class='ocrx_word' id='word_1_510' title='bbox 1684 4201 1727 4262; x_wconf 85' lang='grc'>⁹,</span> <span class='ocrx_word' id='word_1_511' title='bbox 1761 4215 1858 4253; x_wconf 86' lang='lat' dir='ltr'><strong>nec</strong></span> <span class='ocrx_word' id='word_1_512' title='bbox 1890 4215 2009 4251; x_wconf 84' lang='lat' dir='ltr'><strong>om-</strong></span> 
     </span>
    </p>
   </div>
   <div class='ocr_carea' id='block_1_75' title="bbox 449 4290 2009 4360">
    <p class='ocr_par' dir='ltr' id='par_1_75' title="bbox 449 4290 2009 4360">
     <span class='ocr_line' id='line_1_75' title="bbox 449 4290 2009 4360; baseline 0.003 -20"><span class='ocrx_word' id='word_1_513' title='bbox 449 4291 576 4343; x_wconf 89' lang='lat' dir='ltr'><strong>nino</strong></span> <span class='ocrx_word' id='word_1_514' title='bbox 606 4290 671 4342; x_wconf 90' lang='lat' dir='ltr'><strong>ad</strong></span> <span class='ocrx_word' id='word_1_515' title='bbox 711 4290 980 4342; x_wconf 86' lang='lat' dir='ltr'><strong>modicum</strong></span> <span class='ocrx_word' id='word_1_516' title='bbox 1017 4306 1234 4358; x_wconf 87' lang='lat' dir='ltr'><strong>quoque</strong></span> <span class='ocrx_word' id='word_1_517' title='bbox 1286 4301 1497 4360; x_wconf 86' lang='lat' dir='ltr'><strong>tempus</strong></span> <span class='ocrx_word' id='word_1_518' title='bbox 1531 4292 1647 4356; x_wconf 85' lang='lat' dir='ltr'><strong>ejus</strong></span> <span class='ocrx_word' id='word_1_519' title='bbox 1685 4291 1857 4346; x_wconf 86' lang='lat' dir='ltr'><strong>libens</strong></span> <span class='ocrx_word' id='word_1_520' title='bbox 1911 4292 2009 4345; x_wconf 87' lang='lat' dir='ltr'><strong>ab-</strong></span> 
     </span>
    </p>
   </div>
   <div class='ocr_carea' id='block_1_76' title="bbox 445 4381 2007 4451">
    <p class='ocr_par' dir='ltr' id='par_1_76' title="bbox 445 4381 2007 4451">
     <span class='ocr_line' id='line_1_76' title="bbox 445 4381 2007 4451; baseline 0.004 -17"><span class='ocrx_word' id='word_1_521' title='bbox 445 4382 676 4436; x_wconf 81' lang='lat' dir='ltr'><strong>sentiam</strong></span> <span class='ocrx_word' id='word_1_522' title='bbox 707 4381 886 4435; x_wconf 85' lang='lat' dir='ltr'><strong>ferrct.</strong></span> <span class='ocrx_word' id='word_1_523' title='bbox 927 4383 1188 4450; x_wconf 83' lang='lat' dir='ltr'><strong>Denique,</strong></span> <span class='ocrx_word' id='word_1_524' title='bbox 1220 4387 1284 4437; x_wconf 91' lang='lat' dir='ltr'><strong>ad</strong></span> <span class='ocrx_word' id='word_1_525' title='bbox 1309 4386 1427 4451; x_wconf 89' lang='lat' dir='ltr'><strong>ejus</strong></span> <span class='ocrx_word' id='word_1_526' title='bbox 1449 4401 1638 4440; x_wconf 88' lang='lat' dir='ltr'><strong>onmes</strong></span> <span class='ocrx_word' id='word_1_527' title='bbox 1670 4389 2007 4440; x_wconf 79' lang='lat' dir='ltr'><strong>necessarios</strong></span> 
     </span>
    </p>
   </div>
   <div class='ocr_carea' id='block_1_77' title="bbox 447 4459 2088 4541">
    <p class='ocr_par' dir='ltr' id='par_1_77' title="bbox 447 4459 2088 4541">
     <span class='ocr_line' id='line_1_77' title="bbox 447 4459 2088 4541; baseline 0.003 -19"><span class='ocrx_word' id='word_1_528' title='bbox 447 4489 580 4526; x_wconf 86' lang='lat' dir='ltr'><strong>usus</strong></span> <span class='ocrx_word' id='word_1_529' title='bbox 642 4487 706 4524; x_wconf 88' lang='lat' dir='ltr'><strong>ac</strong></span> <span class='ocrx_word' id='word_1_530' title='bbox 759 4471 1018 4540; x_wconf 88' lang='lat' dir='ltr'><strong>obsequia</strong></span> <span class='ocrx_word' id='word_1_531' title='bbox 1079 4473 1479 4541; x_wconf 88' lang='lat' dir='ltr'><strong>promptissime</strong></span> <span class='ocrx_word' id='word_1_532' title='bbox 1533 4474 1892 4534; x_wconf 84' lang='lat' dir='ltr'><strong>inserviebat,</strong></span> <span class='ocrx_word' id='word_1_533' title='bbox 1947 4459 2088 4527; x_wconf 79' lang='lat' dir='ltr'><strong>acD</strong></span> 
     </span>
    </p>
   </div>
   <div class='ocr_carea' id='block_1_78' title="bbox 447 4563 2007 4633">
    <p class='ocr_par' dir='ltr' id='par_1_78' title="bbox 447 4563 2007 4633">
     <span class='ocr_line' id='line_1_78' title="bbox 447 4563 2007 4633; baseline -0.001 -17"><span class='ocrx_word' id='word_1_534' title='bbox 447 4563 761 4616; x_wconf 84' lang='lat' dir='ltr'><strong>oonferebat</strong></span> <span class='ocrx_word' id='word_1_535' title='bbox 811 4574 1080 4630; x_wconf 88' lang='lat' dir='ltr'><strong>sumptus,</strong></span> <span class='ocrx_word' id='word_1_536' title='bbox 1116 4565 1190 4616; x_wconf 89' lang='lat' dir='ltr'><strong>uti</strong></span> <span class='ocrx_word' id='word_1_537' title='bbox 1227 4566 1381 4632; x_wconf 88' lang='lat' dir='ltr'><strong>plane</strong></span> <span class='ocrx_word' id='word_1_538' title='bbox 1433 4567 1713 4633; x_wconf 84' lang='lat' dir='ltr'><strong>potissima</strong></span> <span class='ocrx_word' id='word_1_539' title='bbox 1759 4567 2007 4629; x_wconf 86' lang='lat' dir='ltr'><strong>contulit,</strong></span> 
     </span>
    </p>
   </div>
   <div class='ocr_carea' id='block_1_79' title="bbox 446 4652 2011 4724">
    <p class='ocr_par' dir='ltr' id='par_1_79' title="bbox 446 4652 2011 4724">
     <span class='ocr_line' id='line_1_79' title="bbox 446 4652 2011 4724; baseline 0.003 -19"><span class='ocrx_word' id='word_1_540' title='bbox 446 4653 736 4705; x_wconf 76' lang='lat' dir='ltr'><strong>excitando</strong></span> <span class='ocrx_word' id='word_1_541' title='bbox 773 4652 1002 4720; x_wconf 84' lang='lat' dir='ltr'><strong>insignis</strong></span> <span class='ocrx_word' id='word_1_542' title='bbox 1032 4654 1259 4706; x_wconf 88' lang='lat' dir='ltr'><strong>victoria</strong></span> <span class='ocrx_word' id='word_1_543' title='bbox 1291 4655 1543 4724; x_wconf 82' lang='lat' dir='ltr'><strong>martyris</strong></span> <span class='ocrx_word' id='word_1_544' title='bbox 1574 4655 1824 4709; x_wconf 68' lang='lat' dir='ltr'><strong>Barbara:</strong></span> <span class='ocrx_word' id='word_1_545' title='bbox 1855 4670 2011 4709; x_wconf 88' lang='lat' dir='ltr'><strong>sacro</strong></span> 
     </span>
    </p>
   </div>
   <div class='ocr_carea' id='block_1_80' title="bbox 445 4745 1832 4798">
    <p class='ocr_par' dir='ltr' id='par_1_80' title="bbox 445 4745 1832 4798">
     <span class='ocr_line' id='line_1_80' title="bbox 445 4745 1832 4798; baseline -0.001 0"><span class='ocrx_word' id='word_1_546' title='bbox 445 4745 694 4798; x_wconf 86' lang='lat' dir='ltr'><strong>delubro.</strong></span> <span class='ocrx_word' id='word_1_547' title='bbox 1825 4745 1832 4753; x_wconf 89' lang='lat'>&#39;</span> 
     </span>
    </p>
   </div>
   <div class='ocr_carea' id='block_1_81' title="bbox 518 4836 2010 4908">
    <p class='ocr_par' dir='ltr' id='par_1_81' title="bbox 518 4836 2010 4908">
     <span class='ocr_line' id='line_1_81' title="bbox 518 4836 2010 4908; baseline 0.001 -21"><span class='ocrx_word' id='word_1_548' title='bbox 518 4836 654 4899; x_wconf 79' lang='lat' dir='ltr'><strong>Quia</strong></span> <span class='ocrx_word' id='word_1_549' title='bbox 701 4852 828 4888; x_wconf 84' lang='lat' dir='ltr'><strong>vero</strong></span> <span class='ocrx_word' id='word_1_550' title='bbox 888 4838 1051 4890; x_wconf 87' lang='lat' dir='ltr'><strong>etiam</strong></span> <span class='ocrx_word' id='word_1_551' title='bbox 1106 4839 1421 4906; x_wconf 80' lang='lat' dir='ltr'><strong>Byzantium</strong></span> <span class='ocrx_word' id='word_1_552' title='bbox 1471 4839 1648 4892; x_wconf 85' lang='lat' dir='ltr'><strong>redire</strong></span> <span class='ocrx_word' id='word_1_553' title='bbox 1702 4839 2010 4908; x_wconf 79' lang='lat' dir='ltr'><strong>Oportebat,</strong></span> 
     </span>
    </p>
   </div>
   <div class='ocr_carea' id='block_1_82' title="bbox 449 4929 2008 4998">
    <p class='ocr_par' dir='ltr' id='par_1_82' title="bbox 449 4929 2008 4998">
     <span class='ocr_line' id='line_1_82' title="bbox 449 4929 2008 4998; baseline 0 -16"><span class='ocrx_word' id='word_1_554' title='bbox 449 4938 632 4998; x_wconf 72' lang='lat' dir='ltr'><strong>utpote</strong></span> <span class='ocrx_word' id='word_1_555' title='bbox 678 4931 786 4998; x_wconf 89' lang='lat' dir='ltr'><strong>jam</strong></span> <span class='ocrx_word' id='word_1_556' title='bbox 857 4929 968 4982; x_wconf 88' lang='lat' dir='ltr'><strong>fere</strong></span> <span class='ocrx_word' id='word_1_557' title='bbox 1025 4933 1298 4997; x_wconf 86' lang='lat' dir='ltr'><strong>provincia</strong></span> <span class='ocrx_word' id='word_1_558' title='bbox 1359 4932 1698 4993; x_wconf 88' lang='lat' dir='ltr'><strong>defunctum,</strong></span> <span class='ocrx_word' id='word_1_559' title='bbox 1759 4942 2008 4984; x_wconf 83' lang='lat' dir='ltr'><strong>sanctum</strong></span> 
     </span>
    </p>
   </div>
   <div class='ocr_carea' id='block_1_83' title="bbox 447 5021 2010 5091">
    <p class='ocr_par' dir='ltr' id='par_1_83' title="bbox 447 5021 2010 5091">
     <span class='ocr_line' id='line_1_83' title="bbox 447 5021 2010 5091; baseline 0 -18"><span class='ocrx_word' id='word_1_560' title='bbox 447 5021 657 5085; x_wconf 85' lang='lat' dir='ltr'><strong>adiens,</strong></span> <span class='ocrx_word' id='word_1_561' title='bbox 688 5023 807 5088; x_wconf 79' lang='lat' dir='ltr'><strong>ejus</strong></span> <span class='ocrx_word' id='word_1_562' title='bbox 858 5036 1045 5088; x_wconf 88' lang='lat' dir='ltr'><strong>preces</strong></span> <span class='ocrx_word' id='word_1_563' title='bbox 1077 5021 1176 5073; x_wconf 66' lang='lat' dir='ltr'><strong>via}</strong></span> <span class='ocrx_word' id='word_1_564' title='bbox 1207 5024 1431 5075; x_wconf 86' lang='lat' dir='ltr'><strong>comites</strong></span> <span class='ocrx_word' id='word_1_565' title='bbox 1482 5026 1726 5090; x_wconf 80' lang='lat' dir='ltr'><strong>arcipch</strong></span> <span class='ocrx_word' id='word_1_566' title='bbox 1769 5023 2010 5091; x_wconf 80' lang='lat' dir='ltr'><strong>rogabat,</strong></span> 
     </span>
    </p>
   </div>
   <div class='ocr_carea' id='block_1_84' title="bbox 448 5103 2011 5179">
    <p class='ocr_par' dir='ltr' id='par_1_84' title="bbox 448 5103 2011 5179">
     <span class='ocr_line' id='line_1_84' title="bbox 448 5103 2011 5179; baseline 0.003 -17"><span class='ocrx_word' id='word_1_567' title='bbox 448 5128 510 5165; x_wconf 89' lang='lat' dir='ltr'><strong>ac</strong></span> <span class='ocrx_word' id='word_1_568' title='bbox 557 5128 622 5165; x_wconf 90' lang='lat' dir='ltr'><strong>ne</strong></span> <span class='ocrx_word' id='word_1_569' title='bbox 679 5112 725 5164; x_wconf 87' lang='lat' dir='ltr'><strong>is</strong></span> <span class='ocrx_word' id='word_1_570' title='bbox 773 5123 892 5179; x_wconf 83' lang='lat' dir='ltr'><strong>post</strong></span> <span class='ocrx_word' id='word_1_571' title='bbox 937 5127 1207 5165; x_wconf 77' lang='lat' dir='ltr'><strong>recessum</strong></span> <span class='ocrx_word' id='word_1_572' title='bbox 1254 5103 1510 5166; x_wconf 75' lang='lat' dir='ltr'><strong>oblivioni</strong></span> <span class='ocrx_word' id='word_1_573' title='bbox 1561 5120 1818 5174; x_wconf 90' lang='lat' dir='ltr'><strong>traderet,</strong></span> <span class='ocrx_word' id='word_1_574' title='bbox 1853 5115 2011 5166; x_wconf 87' lang='lat' dir='ltr'><strong>obse-</strong></span> 
     </span>
    </p>
   </div>
   <div class='ocr_carea' id='block_1_85' title="bbox 449 5205 2014 5272">
    <p class='ocr_par' dir='ltr' id='par_1_85' title="bbox 449 5205 2014 5272">
     <span class='ocr_line' id='line_1_85' title="bbox 449 5205 2014 5272; baseline -0.001 -16"><span class='ocrx_word' id='word_1_575' title='bbox 449 5206 656 5258; x_wconf 77' lang='lat' dir='ltr'><strong>crabat.</strong></span> <span class='ocrx_word' id='word_1_576' title='bbox 708 5205 784 5257; x_wconf 83' lang='lat' dir='ltr'><strong>Ad</strong></span> <span class='ocrx_word' id='word_1_577' title='bbox 821 5220 978 5272; x_wconf 87' lang='lat' dir='ltr'><strong>quem</strong></span> <span class='ocrx_word' id='word_1_578' title='bbox 1026 5205 1153 5257; x_wconf 86' lang='lat' dir='ltr'><strong>ilic:</strong></span> <span class='ocrx_word' id='word_1_579' title='bbox 1189 5224 1206 5254; x_wconf 77' lang='grc' dir='ltr'><strong>ι</strong></span> <span class='ocrx_word' id='word_1_580' title='bbox 1247 5205 1556 5270; x_wconf 83' lang='lat' dir='ltr'><strong>Enimvero,</strong></span> <span class='ocrx_word' id='word_1_581' title='bbox 1606 5207 1813 5271; x_wconf 87' lang='lat' dir='ltr'><strong>inquit,</strong></span> <span class='ocrx_word' id='word_1_582' title='bbox 1851 5205 2014 5256; x_wconf 85' lang='lat' dir='ltr'><strong>haud-</strong></span> 
     </span>
    </p>
   </div>
   <div class='ocr_carea' id='block_1_86' title="bbox 452 5281 2012 5364">
    <p class='ocr_par' dir='ltr' id='par_1_86' title="bbox 452 5281 2012 5364">
     <span class='ocr_line' id='line_1_86' title="bbox 452 5281 2012 5364; baseline -0.001 -18"><span class='ocrx_word' id='word_1_583' title='bbox 452 5312 725 5364; x_wconf 85' lang='lat' dir='ltr'><strong>quaquam</strong></span> <span class='ocrx_word' id='word_1_584' title='bbox 759 5295 918 5348; x_wconf 89' lang='lat' dir='ltr'><strong>modo</strong></span> <span class='ocrx_word' id='word_1_585' title='bbox 950 5296 1136 5349; x_wconf 88' lang='lat' dir='ltr'><strong>urbem</strong></span> <span class='ocrx_word' id='word_1_586' title='bbox 1165 5299 1366 5362; x_wconf 86' lang='lat' dir='ltr'><strong>regiam</strong></span> <span class='ocrx_word' id='word_1_587' title='bbox 1395 5281 1619 5350; x_wconf 63' lang='lat' dir='ltr'><strong>videbis.</strong></span> <span class='ocrx_word' id='word_1_588' title='bbox 1657 5296 1846 5347; x_wconf 83' lang='lat' dir='ltr'><strong>Adhuc</strong></span> <span class='ocrx_word' id='word_1_589' title='bbox 1871 5295 2012 5346; x_wconf 89' lang='lat' dir='ltr'><strong>enim</strong></span> 
     </span>
    </p>
   </div>
   <div class='ocr_carea' id='block_1_87' title="bbox 454 5385 2015 5456">
    <p class='ocr_par' dir='ltr' id='par_1_87' title="bbox 454 5385 2015 5456">
     <span class='ocr_line' id='line_1_87' title="bbox 454 5385 2015 5456; baseline -0.001 -18"><span class='ocrx_word' id='word_1_590' title='bbox 454 5399 504 5440; x_wconf 88' lang='lat' dir='ltr'><strong>te</strong></span> <span class='ocrx_word' id='word_1_591' title='bbox 552 5388 692 5442; x_wconf 88' lang='lat' dir='ltr'><strong>Deus</strong></span> <span class='ocrx_word' id='word_1_592' title='bbox 744 5387 1130 5456; x_wconf 87' lang='lat' dir='ltr'><strong>llesperiorum</strong></span> <span class='ocrx_word' id='word_1_593' title='bbox 1185 5390 1358 5456; x_wconf 90' lang='lat' dir='ltr'><strong>cupit.</strong></span> <span class='ocrx_word' id='word_1_594' title='bbox 1394 5408 1410 5439; x_wconf 77' lang='grc' dir='ltr'>ι</span> <span class='ocrx_word' id='word_1_595' title='bbox 1468 5389 1542 5441; x_wconf 88' lang='lat' dir='ltr'><strong>ita</strong></span> <span class='ocrx_word' id='word_1_596' title='bbox 1590 5389 1732 5440; x_wconf 86' lang='lat' dir='ltr'><strong>fatus</strong></span> <span class='ocrx_word' id='word_1_597' title='bbox 1779 5397 1876 5439; x_wconf 86' lang='lat' dir='ltr'><strong>est.</strong></span> <span class='ocrx_word' id='word_1_598' title='bbox 1920 5385 2015 5437; x_wconf 84' lang='lat' dir='ltr'><strong>ille</strong></span> 
     </span>
    </p>
   </div>
   <div class='ocr_carea' id='block_1_88' title="bbox 454 5475 2013 5549">
    <p class='ocr_par' dir='ltr' id='par_1_88' title="bbox 454 5475 2013 5549">
     <span class='ocr_line' id='line_1_88' title="bbox 454 5475 2013 5549; baseline -0.001 -20"><span class='ocrx_word' id='word_1_599' title='bbox 454 5487 633 5532; x_wconf 88' lang='lat' dir='ltr'><strong>autem</strong></span> <span class='ocrx_word' id='word_1_600' title='bbox 675 5491 891 5549; x_wconf 88' lang='lat' dir='ltr'><strong>arrepto</strong></span> <span class='ocrx_word' id='word_1_601' title='bbox 918 5480 1126 5540; x_wconf 80' lang='lat' dir='ltr'><strong>itinere,</strong></span> <span class='ocrx_word' id='word_1_602' title='bbox 1155 5495 1276 5531; x_wconf 79' lang='lat' dir='ltr'><strong>eum</strong></span> <span class='ocrx_word' id='word_1_603' title='bbox 1303 5479 1414 5546; x_wconf 84' lang='lat' dir='ltr'><strong>jam</strong></span> <span class='ocrx_word' id='word_1_604' title='bbox 1452 5478 1724 5530; x_wconf 85' lang='lat' dir='ltr'><strong>Larissam</strong></span> <span class='ocrx_word' id='word_1_605' title='bbox 1759 5475 2013 5537; x_wconf 85' lang='lat' dir='ltr'><strong>venisset,</strong></span> 
     </span>
    </p>
   </div>
   <div class='ocr_carea' id='block_1_89' title="bbox 454 5564 2011 5632">
    <p class='ocr_par' dir='ltr' id='par_1_89' title="bbox 454 5564 2011 5632">
     <span class='ocr_line' id='line_1_89' title="bbox 454 5564 2011 5632; baseline -0.003 -10"><span class='ocrx_word' id='word_1_606' title='bbox 454 5570 738 5624; x_wconf 77' lang='lat' dir='ltr'><strong>reflectens</strong></span> <span class='ocrx_word' id='word_1_607' title='bbox 805 5574 936 5632; x_wconf 77' lang='lat' dir='ltr'><strong>iter,</strong></span> <span class='ocrx_word' id='word_1_608' title='bbox 991 5571 1146 5622; x_wconf 82' lang='lat' dir='ltr'><strong>fidem</strong></span> <span class='ocrx_word' id='word_1_609' title='bbox 1191 5569 1353 5622; x_wconf 86' lang='lat' dir='ltr'><strong>dictis</strong></span> <span class='ocrx_word' id='word_1_610' title='bbox 1388 5570 1526 5620; x_wconf 88' lang='lat' dir='ltr'><strong>haud</strong></span> <span class='ocrx_word' id='word_1_611' title='bbox 1575 5567 1793 5620; x_wconf 87' lang='lat' dir='ltr'><strong>dubiam</strong></span> <span class='ocrx_word' id='word_1_612' title='bbox 1865 5564 2011 5618; x_wconf 90' lang='lat' dir='ltr'><strong>fecit.</strong></span> 
     </span>
    </p>
   </div>
   <div class='ocr_carea' id='block_1_90' title="bbox 459 5656 2015 5729">
    <p class='ocr_par' dir='ltr' id='par_1_90' title="bbox 459 5656 2015 5729">
     <span class='ocr_line' id='line_1_90' title="bbox 459 5656 2015 5729; baseline -0.001 -18"><span class='ocrx_word' id='word_1_613' title='bbox 459 5658 648 5712; x_wconf 87' lang='lat' dir='ltr'><strong>S:atim</strong></span> <span class='ocrx_word' id='word_1_614' title='bbox 711 5663 853 5713; x_wconf 86' lang='lat' dir='ltr'><strong>enim</strong></span> <span class='ocrx_word' id='word_1_615' title='bbox 917 5664 1138 5714; x_wconf 86' lang='lat' dir='ltr'><strong>veniens</strong></span> <span class='ocrx_word' id='word_1_616' title='bbox 1197 5661 1468 5729; x_wconf 77' lang='lat' dir='ltr'><strong>imperiale</strong></span> <span class='ocrx_word' id='word_1_617' title='bbox 1521 5660 1750 5723; x_wconf 78' lang='lat' dir='ltr'><strong>scitum,</strong></span> <span class='ocrx_word' id='word_1_618' title='bbox 1807 5656 2015 5710; x_wconf 66' lang='lat' dir='ltr'><strong>militize</strong></span> 
     </span>
    </p>
   </div>
   <div class='ocr_carea' id='block_1_91' title="bbox 529 5769 1082 5840">
    <p class='ocr_par' dir='ltr' id='par_1_91' title="bbox 529 5769 1082 5840">
     <span class='ocr_line' id='line_1_91' title="bbox 529 5769 1082 5840; baseline 0.004 -16"><span class='ocrx_word' id='word_1_619' title='bbox 529 5773 550 5803; x_wconf 88' lang='grc'><strong>¹’</strong></span> <span class='ocrx_word' id='word_1_620' title='bbox 586 5769 650 5826; x_wconf 89' lang='lat' dir='ltr'><strong>ill</strong></span> <span class='ocrx_word' id='word_1_621' title='bbox 682 5770 809 5840; x_wconf 71' lang='lat' dir='ltr'><strong>Reg.</strong></span> <span class='ocrx_word' id='word_1_622' title='bbox 849 5787 998 5835; x_wconf 76' lang='lat' dir='ltr'><strong>xvut,</strong></span> <span class='ocrx_word' id='word_1_623' title='bbox 1037 5773 1082 5826; x_wconf 86' lang='lat' dir='ltr'><strong>l.</strong></span> 
     </span>
    </p>
   </div>
   <div class='ocr_carea' id='block_1_92' title="bbox 2122 3190 3680 3264">
    <p class='ocr_par' dir='ltr' id='par_1_92' title="bbox 2122 3190 3680 3264">
     <span class='ocr_line' id='line_1_92' title="bbox 2122 3190 3680 3264; baseline -0.003 -16"><span class='ocrx_word' id='word_1_624' title='bbox 2122 3197 2319 3264; x_wconf 79' lang='grc' dir='ltr'>συνῆκε</span> <span class='ocrx_word' id='word_1_625' title='bbox 2359 3195 2431 3264; x_wconf 82' lang='grc' dir='ltr'>μὴ</span> <span class='ocrx_word' id='word_1_626' title='bbox 2460 3195 2520 3246; x_wconf 81' lang='grc' dir='ltr'><strong>τὸ</strong></span> <span class='ocrx_word' id='word_1_627' title='bbox 2551 3193 2667 3245; x_wconf 81' lang='grc' dir='ltr'>δέον</span> <span class='ocrx_word' id='word_1_628' title='bbox 2695 3190 3032 3261; x_wconf 86' lang='grc' dir='ltr'>πεποιηκὼς,</span> <span class='ocrx_word' id='word_1_629' title='bbox 3064 3192 3266 3260; x_wconf 83' lang='grc' dir='ltr'>πολλὴν</span> <span class='ocrx_word' id='word_1_630' title='bbox 3299 3191 3478 3262; x_wconf 79' lang='grc' dir='ltr'>ἑαυτῷ</span> <span class='ocrx_word' id='word_1_631' title='bbox 3519 3209 3680 3244; x_wconf 87' lang='grc' dir='ltr'>κατε-</span> 
     </span>
    </p>
   </div>
   <div class='ocr_carea' id='block_1_93' title="bbox 2113 3281 3681 3354">
    <p class='ocr_par' dir='ltr' id='par_1_93' title="bbox 2113 3281 3681 3354">
     <span class='ocr_line' id='line_1_93' title="bbox 2113 3281 3681 3354; baseline -0.004 -15"><span class='ocrx_word' id='word_1_632' title='bbox 2113 3286 2353 3353; x_wconf 63' lang='grc' dir='ltr'>γίνωσκε</span> <span class='ocrx_word' id='word_1_633' title='bbox 2406 3285 2534 3354; x_wconf 74' lang='grc' dir='ltr'>περὶ</span> <span class='ocrx_word' id='word_1_634' title='bbox 2559 3283 2625 3336; x_wconf 58' lang='lat' dir='ltr'><strong>ea</strong></span> <span class='ocrx_word' id='word_1_635' title='bbox 2671 3283 2909 3352; x_wconf 80' lang='grc' dir='ltr'>σπουδῆς</span> <span class='ocrx_word' id='word_1_636' title='bbox 2956 3281 3083 3346; x_wconf 80' lang='grc' dir='ltr'>ἄξια</span> <span class='ocrx_word' id='word_1_637' title='bbox 3130 3281 3423 3354; x_wconf 79' lang='grc' dir='ltr'>ρᾳθυμίαν.</span> <span class='ocrx_word' id='word_1_638' title='bbox 3454 3282 3681 3334; x_wconf 83' lang='grc' dir='ltr'>Σπεύδει</span> 
     </span>
    </p>
   </div>
   <div class='ocr_carea' id='block_1_94' title="bbox 2118 3373 3680 3446">
    <p class='ocr_par' dir='ltr' id='par_1_94' title="bbox 2118 3373 3680 3446">
     <span class='ocr_line' id='line_1_94' title="bbox 2118 3373 3680 3446; baseline -0.003 -17"><span class='ocrx_word' id='word_1_639' title='bbox 2118 3377 2247 3446; x_wconf 83' lang='grc' dir='ltr'>γοῦν</span> <span class='ocrx_word' id='word_1_640' title='bbox 2283 3376 2500 3444; x_wconf 79' lang='grc' dir='ltr'>ὀξύτητι</span> <span class='ocrx_word' id='word_1_641' title='bbox 2527 3373 2838 3443; x_wconf 83' lang='grc' dir='ltr'>μετανοίας,</span> <span class='ocrx_word' id='word_1_642' title='bbox 2874 3374 2934 3426; x_wconf 78' lang='grc' dir='ltr'>τὸ</span> <span class='ocrx_word' id='word_1_643' title='bbox 2962 3374 3029 3426; x_wconf 80' lang='grc' dir='ltr'><strong>δι’</strong></span> <span class='ocrx_word' id='word_1_644' title='bbox 3058 3373 3392 3443; x_wconf 78' lang='grc' dir='ltr'>ἀπροσεξίαν</span> <span class='ocrx_word' id='word_1_645' title='bbox 3427 3375 3680 3442; x_wconf 83' lang='grc' dir='ltr'>ἁμαρτη-</span> 
     </span>
    </p>
   </div>
   <div class='ocr_carea' id='block_1_95' title="bbox 2119 3465 3682 3529">
    <p class='ocr_par' dir='ltr' id='par_1_95' title="bbox 2119 3465 3682 3529">
     <span class='ocr_line' id='line_1_95' title="bbox 2119 3465 3682 3529; baseline -0.003 -8"><span class='ocrx_word' id='word_1_646' title='bbox 2119 3469 2211 3522; x_wconf 77' lang='grc' dir='ltr'>θὲν</span> <span class='ocrx_word' id='word_1_647' title='bbox 2269 3466 2557 3520; x_wconf 74' lang='grc' dir='ltr'>ἰάσασθαι·</span> <span class='ocrx_word' id='word_1_648' title='bbox 2610 3466 2704 3518; x_wconf 81' lang='lat' dir='ltr'><strong>xui</strong></span> <span class='ocrx_word' id='word_1_649' title='bbox 2759 3466 2927 3518; x_wconf 83' lang='grc' dir='ltr'>ἵππου</span> <span class='ocrx_word' id='word_1_650' title='bbox 2987 3465 3149 3528; x_wconf 75' lang='grc' dir='ltr'>εὐθὺς</span> <span class='ocrx_word' id='word_1_651' title='bbox 3206 3465 3424 3529; x_wconf 82' lang='grc' dir='ltr'>ὲπιϐἀς,</span> <span class='ocrx_word' id='word_1_652' title='bbox 3460 3466 3551 3518; x_wconf 73' lang='grc' dir='ltr'><strong>ἐπὶ</strong></span> <span class='ocrx_word' id='word_1_653' title='bbox 3591 3465 3682 3516; x_wconf 76' lang='grc' dir='ltr'>τὸν</span> 
     </span>
    </p>
   </div>
   <div class='ocr_carea' id='block_1_96' title="bbox 2119 3555 3676 3628">
    <p class='ocr_par' dir='ltr' id='par_1_96' title="bbox 2119 3555 3676 3628">
     <span class='ocr_line' id='line_1_96' title="bbox 2119 3555 3676 3628; baseline -0.008 -15"><span class='ocrx_word' id='word_1_654' title='bbox 2119 3561 2272 3626; x_wconf 82' lang='grc' dir='ltr'>ἆγιον</span> <span class='ocrx_word' id='word_1_655' title='bbox 2328 3556 2582 3628; x_wconf 80' lang='grc' dir='ltr'>ἔρχεται·</span> <span class='ocrx_word' id='word_1_656' title='bbox 2635 3558 2728 3609; x_wconf 76' lang='grc' dir='ltr'><strong>καὶ</strong></span> <span class='ocrx_word' id='word_1_657' title='bbox 2783 3555 2976 3624; x_wconf 89' lang='grc' dir='ltr'>πρῶτα</span> <span class='ocrx_word' id='word_1_658' title='bbox 3033 3555 3134 3624; x_wconf 84' lang='grc' dir='ltr'>μὲν</span> <span class='ocrx_word' id='word_1_659' title='bbox 3180 3555 3276 3609; x_wconf 89' lang='grc' dir='ltr'><strong>τοῦ</strong></span> <span class='ocrx_word' id='word_1_660' title='bbox 3337 3555 3676 3625; x_wconf 72' lang='grc' dir='ltr'>σφάλματος,</span> 
     </span>
    </p>
   </div>
   <div class='ocr_carea' id='block_1_97' title="bbox 2119 3647 3682 3718">
    <p class='ocr_par' dir='ltr' id='par_1_97' title="bbox 2119 3647 3682 3718">
     <span class='ocr_line' id='line_1_97' title="bbox 2119 3647 3682 3718; baseline -0.001 -16"><span class='ocrx_word' id='word_1_661' title='bbox 2119 3649 2327 3718; x_wconf 76' lang='grc' dir='ltr'>θερμὴν</span> <span class='ocrx_word' id='word_1_662' title='bbox 2372 3649 2468 3699; x_wconf 86' lang='lat' dir='ltr'><strong>xui.</strong></span> <span class='ocrx_word' id='word_1_663' title='bbox 2517 3648 2906 3716; x_wconf 85' lang='grc' dir='ltr'>πεπονημένην</span> <span class='ocrx_word' id='word_1_664' title='bbox 2945 3647 3069 3709; x_wconf 80' lang='grc' dir='ltr'>δοὺς</span> <span class='ocrx_word' id='word_1_665' title='bbox 3099 3647 3199 3717; x_wconf 81' lang='grc' dir='ltr'>τὴν</span> <span class='ocrx_word' id='word_1_666' title='bbox 3230 3647 3550 3714; x_wconf 83' lang='grc' dir='ltr'>ἀπολογίαν,</span> <span class='ocrx_word' id='word_1_667' title='bbox 3587 3663 3682 3700; x_wconf 86' lang='grc' dir='ltr'>τα-</span> 
     </span>
    </p>
   </div>
   <div class='ocr_carea' id='block_1_98' title="bbox 2117 3733 3682 3808">
    <p class='ocr_par' dir='ltr' id='par_1_98' title="bbox 2117 3733 3682 3808">
     <span class='ocr_line' id='line_1_98' title="bbox 2117 3733 3682 3808; baseline -0.003 -18"><span class='ocrx_word' id='word_1_668' title='bbox 2117 3738 2268 3808; x_wconf 84' lang='grc' dir='ltr'>χείας</span> <span class='ocrx_word' id='word_1_669' title='bbox 2313 3735 2560 3801; x_wconf 76' lang='grc' dir='ltr'>ἀξιοῦται</span> <span class='ocrx_word' id='word_1_670' title='bbox 2596 3739 2689 3788; x_wconf 77' lang='grc' dir='ltr'><strong>καὶ</strong></span> <span class='ocrx_word' id='word_1_671' title='bbox 2732 3735 2831 3805; x_wconf 84' lang='grc' dir='ltr'>τῆς</span> <span class='ocrx_word' id='word_1_672' title='bbox 2879 3737 3233 3806; x_wconf 85' lang='grc' dir='ltr'>συγγνώμης.</span> <span class='ocrx_word' id='word_1_673' title='bbox 3271 3736 3503 3788; x_wconf 85' lang='grc' dir='ltr'>Ἔπειτα</span> <span class='ocrx_word' id='word_1_674' title='bbox 3551 3733 3682 3796; x_wconf 78' lang='grc' dir='ltr'>τοὺς</span> 
     </span>
    </p>
   </div>
   <div class='ocr_carea' id='block_1_99' title="bbox 2118 3811 3683 3902">
    <p class='ocr_par' dir='ltr' id='par_1_99' title="bbox 2118 3811 3683 3902">
     <span class='ocr_line' id='line_1_99' title="bbox 2118 3811 3683 3902; baseline -0.003 -18"><span class='ocrx_word' id='word_1_675' title='bbox 2118 3811 2476 3902; x_wconf 68' lang='grc' dir='ltr'>παρεστῶτας</span> <span class='ocrx_word' id='word_1_676' title='bbox 2505 3831 2771 3900; x_wconf 78' lang='grc' dir='ltr'>ἐκχωρεῖν</span> <span class='ocrx_word' id='word_1_677' title='bbox 2805 3830 3125 3900; x_wconf 66' lang='grc' dir='ltr'>ἐπιτρέψας,</span> <span class='ocrx_word' id='word_1_678' title='bbox 3164 3830 3324 3898; x_wconf 82' lang='grc' dir='ltr'>μόνος</span> <span class='ocrx_word' id='word_1_679' title='bbox 3353 3829 3487 3900; x_wconf 79' lang='grc' dir='ltr'>πρὸς</span> <span class='ocrx_word' id='word_1_680' title='bbox 3517 3829 3683 3897; x_wconf 86' lang='grc' dir='ltr'>μόνον</span> 
     </span>
    </p>
   </div>
   <div class='ocr_carea' id='block_1_100' title="bbox 2117 3919 3257 3990">
    <p class='ocr_par' dir='ltr' id='par_1_100' title="bbox 2117 3919 3257 3990">
     <span class='ocr_line' id='line_1_100' title="bbox 2117 3919 3257 3990; baseline -0.002 -18"><span class='ocrx_word' id='word_1_681' title='bbox 2117 3920 2406 3987; x_wconf 81' lang='grc' dir='ltr'>διελέγετο,</span> <span class='ocrx_word' id='word_1_682' title='bbox 2442 3921 2776 3988; x_wconf 82' lang='grc' dir='ltr'>παρατείνας</span> <span class='ocrx_word' id='word_1_683' title='bbox 2799 3919 2959 3988; x_wconf 79' lang='grc' dir='ltr'>ἄχρις</span> <span class='ocrx_word' id='word_1_684' title='bbox 2991 3919 3257 3990; x_wconf 76' lang='grc' dir='ltr'>ἑσπέρας.</span> 
     </span>
    </p>
   </div>
   <div class='ocr_carea' id='block_1_101' title="bbox 2189 4009 3683 4079">
    <p class='ocr_par' dir='ltr' id='par_1_101' title="bbox 2189 4009 3683 4079">
     <span class='ocr_line' id='line_1_101' title="bbox 2189 4009 3683 4079; baseline -0.003 -15"><span class='ocrx_word' id='word_1_685' title='bbox 2189 4013 2253 4064; x_wconf 84' lang='grc' dir='ltr'><strong>Τί</strong></span> <span class='ocrx_word' id='word_1_686' title='bbox 2300 4010 2394 4064; x_wconf 80' lang='grc' dir='ltr'>οὖν</span> <span class='ocrx_word' id='word_1_687' title='bbox 2449 4010 2699 4061; x_wconf 74' lang='grc' dir='ltr'>ἐντεῦθεν</span> <span class='ocrx_word' id='word_1_688' title='bbox 2737 4010 2983 4078; x_wconf 70' lang='grc' dir='ltr'>γίνεται;</span> <span class='ocrx_word' id='word_1_689' title='bbox 3043 4011 3383 4063; x_wconf 81' lang='grc' dir='ltr'>Συνάπτεται</span> <span class='ocrx_word' id='word_1_690' title='bbox 3431 4010 3507 4078; x_wconf 81' lang='grc' dir='ltr'>τῷ</span> <span class='ocrx_word' id='word_1_691' title='bbox 3542 4009 3683 4079; x_wconf 86' lang='grc' dir='ltr'>ἁγίῳ</span> 
     </span>
    </p>
   </div>
   <div class='ocr_carea' id='block_1_102' title="bbox 2119 4100 3683 4174">
    <p class='ocr_par' dir='ltr' id='par_1_102' title="bbox 2119 4100 3683 4174">
     <span class='ocr_line' id='line_1_102' title="bbox 2119 4100 3683 4174; baseline -0.003 -17"><span class='ocrx_word' id='word_1_692' title='bbox 2119 4104 2252 4174; x_wconf 68' lang='grc' dir='ltr'>πρὸς</span> <span class='ocrx_word' id='word_1_693' title='bbox 2285 4105 2507 4172; x_wconf 83' lang='grc' dir='ltr'>ἀγάπην</span> <span class='ocrx_word' id='word_1_694' title='bbox 2557 4101 2699 4154; x_wconf 76' lang='grc' dir='ltr'>οὕτω</span> <span class='ocrx_word' id='word_1_695' title='bbox 2745 4102 2976 4171; x_wconf 84' lang='grc' dir='ltr'>θερμὴν,</span> <span class='ocrx_word' id='word_1_696' title='bbox 3005 4100 3080 4164; x_wconf 88' lang='grc' dir='ltr'><strong>ῶς</strong></span> <span class='ocrx_word' id='word_1_697' title='bbox 3109 4101 3473 4170; x_wconf 85' lang='grc' dir='ltr'>κεκολλῆσθαι</span> <span class='ocrx_word' id='word_1_698' title='bbox 3504 4103 3683 4154; x_wconf 83' lang='grc' dir='ltr'>ὀπίσω</span> 
     </span>
    </p>
   </div>
   <div class='ocr_carea' id='block_1_103' title="bbox 2119 4193 3681 4264">
    <p class='ocr_par' dir='ltr' id='par_1_103' title="bbox 2119 4193 3681 4264">
     <span class='ocr_line' id='line_1_103' title="bbox 2119 4193 3681 4264; baseline -0.002 -17"><span class='ocrx_word' id='word_1_699' title='bbox 2119 4195 2266 4262; x_wconf 80' lang='grc' dir='ltr'>αὐτῷ</span> <span class='ocrx_word' id='word_1_700' title='bbox 2317 4195 2414 4262; x_wconf 77' lang='grc' dir='ltr'>τὴν</span> <span class='ocrx_word' id='word_1_701' title='bbox 2470 4193 2670 4264; x_wconf 75' lang='grc' dir='ltr'>ψυχὴν,</span> <span class='ocrx_word' id='word_1_702' title='bbox 2710 4194 2796 4246; x_wconf 77' lang='grc' dir='ltr'><strong>ἵνα</strong></span> <span class='ocrx_word' id='word_1_703' title='bbox 2848 4193 2908 4244; x_wconf 89' lang='grc' dir='ltr'><strong>τὸ</strong></span> <span class='ocrx_word' id='word_1_704' title='bbox 2949 4193 3044 4246; x_wconf 83' lang='grc' dir='ltr'><strong>τοῦ</strong></span> <span class='ocrx_word' id='word_1_705' title='bbox 3101 4194 3267 4246; x_wconf 75' lang='grc' dir='ltr'>Δαϐὶδ</span> <span class='ocrx_word' id='word_1_706' title='bbox 3317 4195 3552 4262; x_wconf 73' lang='grc' dir='ltr'>εἴποιμι,</span> <span class='ocrx_word' id='word_1_707' title='bbox 3588 4195 3681 4245; x_wconf 77' lang='grc' dir='ltr'><strong>καὶ</strong></span> 
     </span>
    </p>
   </div>
   <div class='ocr_carea' id='block_1_104' title="bbox 2123 4282 3682 4354">
    <p class='ocr_par' dir='ltr' id='par_1_104' title="bbox 2123 4282 3682 4354">
     <span class='ocr_line' id='line_1_104' title="bbox 2123 4282 3682 4354; baseline -0.003 -19"><span class='ocrx_word' id='word_1_708' title='bbox 2123 4285 2258 4352; x_wconf 78' lang='grc' dir='ltr'>μηδὲ</span> <span class='ocrx_word' id='word_1_709' title='bbox 2309 4283 2483 4354; x_wconf 83' lang='grc' dir='ltr'>βραχύ</span> <span class='ocrx_word' id='word_1_710' title='bbox 2531 4301 2579 4334; x_wconf 93' lang='grc' dir='ltr'><strong>τι</strong></span> <span class='ocrx_word' id='word_1_711' title='bbox 2641 4284 2834 4352; x_wconf 80' lang='grc' dir='ltr'>καιροῦ</span> <span class='ocrx_word' id='word_1_712' title='bbox 2887 4285 3055 4354; x_wconf 73' lang='grc' dir='ltr'>χωρὶς</span> <span class='ocrx_word' id='word_1_713' title='bbox 3106 4283 3272 4336; x_wconf 83' lang='grc' dir='ltr'>αὑτοῦ</span> <span class='ocrx_word' id='word_1_714' title='bbox 3314 4284 3375 4336; x_wconf 85' lang='grc' dir='ltr'><strong>τὸ</strong></span> <span class='ocrx_word' id='word_1_715' title='bbox 3419 4282 3682 4352; x_wconf 80' lang='grc' dir='ltr'>παράπαν</span> 
     </span>
    </p>
   </div>
   <div class='ocr_carea' id='block_1_105' title="bbox 2118 4371 3680 4444">
    <p class='ocr_par' dir='ltr' id='par_1_105' title="bbox 2118 4371 3680 4444">
     <span class='ocr_line' id='line_1_105' title="bbox 2118 4371 3680 4444; baseline -0.002 -19"><span class='ocrx_word' id='word_1_716' title='bbox 2118 4371 2256 4427; x_wconf 65' lang='grc' dir='ltr'>εἶναι</span> <span class='ocrx_word' id='word_1_717' title='bbox 2295 4375 2600 4443; x_wconf 82' lang='grc' dir='ltr'>βούλεσθαι.</span> <span class='ocrx_word' id='word_1_718' title='bbox 2649 4374 2867 4442; x_wconf 83' lang='grc' dir='ltr'>Ἀμέλει</span> <span class='ocrx_word' id='word_1_719' title='bbox 2919 4376 3014 4427; x_wconf 80' lang='grc' dir='ltr'>καὶ</span> <span class='ocrx_word' id='word_1_720' title='bbox 3063 4376 3198 4444; x_wconf 82' lang='grc' dir='ltr'>πρὸς</span> <span class='ocrx_word' id='word_1_721' title='bbox 3239 4376 3422 4429; x_wconf 80' lang='grc' dir='ltr'>πᾶσαν</span> <span class='ocrx_word' id='word_1_722' title='bbox 3467 4373 3680 4426; x_wconf 74' lang='grc' dir='ltr'>ἐκείνου</span> 
     </span>
    </p>
   </div>
   <div class='ocr_carea' id='block_1_106' title="bbox 2116 4465 3678 4538">
    <p class='ocr_par' dir='ltr' id='par_1_106' title="bbox 2116 4465 3678 4538">
     <span class='ocr_line' id='line_1_106' title="bbox 2116 4465 3678 4538; baseline -0.001 -20"><span class='ocrx_word' id='word_1_723' title='bbox 2116 4469 2306 4538; x_wconf 82' lang='grc' dir='ltr'>χρείαν</span> <span class='ocrx_word' id='word_1_724' title='bbox 2335 4467 2557 4535; x_wconf 74' lang='grc' dir='ltr'>δηλαδὴ,</span> <span class='ocrx_word' id='word_1_725' title='bbox 2589 4465 2682 4518; x_wconf 77' lang='grc' dir='ltr'>καὶ</span> <span class='ocrx_word' id='word_1_726' title='bbox 2718 4467 3023 4536; x_wconf 82' lang='grc' dir='ltr'>ὑπηρεσίαν</span> <span class='ocrx_word' id='word_1_727' title='bbox 3058 4470 3449 4536; x_wconf 77' lang='grc' dir='ltr'>προθυμότατα</span> <span class='ocrx_word' id='word_1_728' title='bbox 3495 4466 3678 4518; x_wconf 86' lang='grc' dir='ltr'>διακο-</span> 
     </span>
    </p>
   </div>
   <div class='ocr_carea' id='block_1_107' title="bbox 2115 4559 3679 4629">
    <p class='ocr_par' dir='ltr' id='par_1_107' title="bbox 2115 4559 3679 4629">
     <span class='ocr_line' id='line_1_107' title="bbox 2115 4559 3679 4629; baseline -0.002 -18"><span class='ocrx_word' id='word_1_729' title='bbox 2115 4561 2219 4611; x_wconf 89' lang='grc' dir='ltr'>νῶν</span> <span class='ocrx_word' id='word_1_730' title='bbox 2265 4560 2478 4627; x_wconf 71' lang='grc' dir='ltr'>ὑπῆρχε</span> <span class='ocrx_word' id='word_1_731' title='bbox 2541 4560 2634 4611; x_wconf 78' lang='lat' dir='ltr'><strong>xui.</strong></span> <span class='ocrx_word' id='word_1_732' title='bbox 2677 4559 2972 4610; x_wconf 77' lang='grc' dir='ltr'><strong>δαπανῶν⁴</strong></span> <span class='ocrx_word' id='word_1_733' title='bbox 3014 4559 3204 4629; x_wconf 80' lang='grc' dir='ltr'>ῶσπερ</span> <span class='ocrx_word' id='word_1_734' title='bbox 3244 4561 3338 4614; x_wconf 80' lang='grc' dir='ltr'>οὖν</span> <span class='ocrx_word' id='word_1_735' title='bbox 3366 4561 3458 4612; x_wconf 67' lang='grc' dir='ltr'>καὶ</span> <span class='ocrx_word' id='word_1_736' title='bbox 3491 4559 3582 4610; x_wconf 75' lang='grc' dir='ltr'><strong>ἐπὶ</strong></span> <span class='ocrx_word' id='word_1_737' title='bbox 3611 4559 3679 4625; x_wconf 81' lang='grc' dir='ltr'>τῇ</span> 
     </span>
    </p>
   </div>
   <div class='ocr_carea' id='block_1_108' title="bbox 2117 4648 3680 4722">
    <p class='ocr_par' dir='ltr' id='par_1_108' title="bbox 2117 4648 3680 4722">
     <span class='ocr_line' id='line_1_108' title="bbox 2117 4648 3680 4722; baseline -0.001 -20"><span class='ocrx_word' id='word_1_738' title='bbox 2117 4653 2400 4720; x_wconf 77' lang='grc' dir='ltr'>ἀνεγέρσει</span> <span class='ocrx_word' id='word_1_739' title='bbox 2448 4649 2539 4702; x_wconf 80' lang='grc' dir='ltr'><strong>τοῦ</strong></span> <span class='ocrx_word' id='word_1_740' title='bbox 2576 4650 2702 4702; x_wconf 85' lang='grc' dir='ltr'>ναοῦ</span> <span class='ocrx_word' id='word_1_741' title='bbox 2733 4651 2829 4719; x_wconf 77' lang='grc' dir='ltr'><strong>τῆς</strong></span> <span class='ocrx_word' id='word_1_742' title='bbox 2863 4653 3174 4704; x_wconf 77' lang='grc' dir='ltr'>καλλινίκου</span> <span class='ocrx_word' id='word_1_743' title='bbox 3227 4653 3508 4722; x_wconf 85' lang='grc' dir='ltr'>μάρτυρος</span> <span class='ocrx_word' id='word_1_744' title='bbox 3539 4648 3680 4717; x_wconf 84' lang='grc' dir='ltr'>Βαρ-</span> 
     </span>
    </p>
   </div>
   <div class='ocr_carea' id='block_1_109' title="bbox 2115 4743 3172 4810">
    <p class='ocr_par' dir='ltr' id='par_1_109' title="bbox 2115 4743 3172 4810">
     <span class='ocr_line' id='line_1_109' title="bbox 2115 4743 3172 4810; baseline 0.001 -16"><span class='ocrx_word' id='word_1_745' title='bbox 2115 4744 2308 4810; x_wconf 75' lang='grc' dir='ltr'>ϐαρας,</span> <span class='ocrx_word' id='word_1_746' title='bbox 2346 4743 2413 4793; x_wconf 72' lang='grc' dir='ltr'><strong>τὰ</strong></span> <span class='ocrx_word' id='word_1_747' title='bbox 2446 4743 2788 4810; x_wconf 72' lang='grc' dir='ltr'>καιριώτατα</span> <span class='ocrx_word' id='word_1_748' title='bbox 2829 4744 3172 4796; x_wconf 72' lang='grc' dir='ltr'>συνεϐάλετο.</span> 
     </span>
    </p>
   </div>
   <div class='ocr_carea' id='block_1_110' title="bbox 2199 4834 3678 4904">
    <p class='ocr_par' dir='ltr' id='par_1_110' title="bbox 2199 4834 3678 4904">
     <span class='ocr_line' id='line_1_110' title="bbox 2199 4834 3678 4904; baseline -0.005 -16"><span class='ocrx_word' id='word_1_749' title='bbox 2199 4838 2350 4888; x_wconf 74' lang='grc' dir='ltr'>Ἐπεὶ</span> <span class='ocrx_word' id='word_1_750' title='bbox 2379 4835 2434 4887; x_wconf 77' lang='grc' dir='ltr'><strong>δὲ</strong></span> <span class='ocrx_word' id='word_1_751' title='bbox 2482 4834 2576 4886; x_wconf 76' lang='grc' dir='ltr'><strong>καὶ</strong></span> <span class='ocrx_word' id='word_1_752' title='bbox 2611 4835 2932 4904; x_wconf 84' lang='grc' dir='ltr'>ἀνατρέχειν</span> <span class='ocrx_word' id='word_1_753' title='bbox 2965 4835 3068 4885; x_wconf 73' lang='grc' dir='ltr'>ἔδει</span> <span class='ocrx_word' id='word_1_754' title='bbox 3103 4835 3238 4904; x_wconf 77' lang='grc' dir='ltr'>πρὸς</span> <span class='ocrx_word' id='word_1_755' title='bbox 3265 4835 3325 4886; x_wconf 83' lang='grc' dir='ltr'>τὸ</span> <span class='ocrx_word' id='word_1_756' title='bbox 3361 4834 3678 4897; x_wconf 73' lang='grc' dir='ltr'>Βυζάντιον,</span> 
     </span>
    </p>
   </div>
   <div class='ocr_carea' id='block_1_111' title="bbox 2116 4922 3678 4996">
    <p class='ocr_par' dir='ltr' id='par_1_111' title="bbox 2116 4922 3678 4996">
     <span class='ocr_line' id='line_1_111' title="bbox 2116 4922 3678 4996; baseline -0.003 -17"><span class='ocrx_word' id='word_1_757' title='bbox 2116 4929 2209 4980; x_wconf 75' lang='grc' dir='ltr'><strong>ἅτε</strong></span> <span class='ocrx_word' id='word_1_758' title='bbox 2265 4927 2358 4977; x_wconf 84' lang='lat' dir='ltr'><strong>xui.</strong></span> <span class='ocrx_word' id='word_1_759' title='bbox 2391 4925 2491 4994; x_wconf 76' lang='grc' dir='ltr'>τῆς</span> <span class='ocrx_word' id='word_1_760' title='bbox 2537 4926 2713 4994; x_wconf 82' lang='grc' dir='ltr'>ἀρχῆς</span> <span class='ocrx_word' id='word_1_761' title='bbox 2751 4926 2900 4994; x_wconf 83' lang='grc' dir='ltr'>αύτῷ</span> <span class='ocrx_word' id='word_1_762' title='bbox 2935 4926 3037 4996; x_wconf 74' lang='grc' dir='ltr'><strong>ἤδη</strong></span> <span class='ocrx_word' id='word_1_763' title='bbox 3093 4929 3228 4993; x_wconf 63' lang='grc' dir='ltr'>πρὸς</span> <span class='ocrx_word' id='word_1_764' title='bbox 3264 4925 3434 4994; x_wconf 83' lang='grc' dir='ltr'>πέρας</span> <span class='ocrx_word' id='word_1_765' title='bbox 3472 4922 3678 4990; x_wconf 71' lang='grc' dir='ltr'>ἰούσης,</span> 
     </span>
    </p>
   </div>
   <div class='ocr_carea' id='block_1_112' title="bbox 2117 5015 3679 5086">
    <p class='ocr_par' dir='ltr' id='par_1_112' title="bbox 2117 5015 3679 5086">
     <span class='ocr_line' id='line_1_112' title="bbox 2117 5015 3679 5086; baseline -0.004 -17"><span class='ocrx_word' id='word_1_766' title='bbox 2117 5017 2432 5086; x_wconf 58' lang='grc' dir='ltr'>προσελθὼν</span> <span class='ocrx_word' id='word_1_767' title='bbox 2464 5016 2542 5082; x_wconf 81' lang='grc' dir='ltr'><strong>τῷ</strong></span> <span class='ocrx_word' id='word_1_768' title='bbox 2595 5015 2756 5084; x_wconf 84' lang='grc' dir='ltr'>ἁγίῳ,</span> <span class='ocrx_word' id='word_1_769' title='bbox 2795 5016 2957 5085; x_wconf 74' lang='grc' dir='ltr'>εὐχάς</span> <span class='ocrx_word' id='word_1_770' title='bbox 2991 5034 3051 5069; x_wconf 90' lang='grc' dir='ltr'><strong>τε</strong></span> <span class='ocrx_word' id='word_1_771' title='bbox 3109 5018 3293 5085; x_wconf 80' lang='grc' dir='ltr'>ᾐτεῖτο</span> <span class='ocrx_word' id='word_1_772' title='bbox 3342 5017 3440 5076; x_wconf 82' lang='grc' dir='ltr'>τὰς</span> <span class='ocrx_word' id='word_1_773' title='bbox 3470 5015 3679 5066; x_wconf 80' lang='grc' dir='ltr'>ἐκείνου</span> 
     </span>
    </p>
   </div>
   <div class='ocr_carea' id='block_1_113' title="bbox 2117 5105 3680 5178">
    <p class='ocr_par' dir='ltr' id='par_1_113' title="bbox 2117 5105 3680 5178">
     <span class='ocr_line' id='line_1_113' title="bbox 2117 5105 3680 5178; baseline -0.004 -16"><span class='ocrx_word' id='word_1_774' title='bbox 2117 5109 2528 5176; x_wconf 70' lang='grc' dir='ltr'>συνοδοιπόρους</span> <span class='ocrx_word' id='word_1_775' title='bbox 2570 5108 2777 5171; x_wconf 87' lang='grc' dir='ltr'>λαϐεῖν,</span> <span class='ocrx_word' id='word_1_776' title='bbox 2823 5112 2916 5160; x_wconf 73' lang='grc' dir='ltr'><strong>καὶ</strong></span> <span class='ocrx_word' id='word_1_777' title='bbox 2972 5112 3110 5178; x_wconf 70' lang='grc' dir='ltr'>πρὸς</span> <span class='ocrx_word' id='word_1_778' title='bbox 3155 5109 3249 5161; x_wconf 89' lang='grc' dir='ltr'><strong>τοῦ</strong></span> <span class='ocrx_word' id='word_1_779' title='bbox 3307 5110 3382 5177; x_wconf 81' lang='grc' dir='ltr'>μὴ</span> <span class='ocrx_word' id='word_1_780' title='bbox 3413 5106 3551 5178; x_wconf 80' lang='grc' dir='ltr'>λήθῃ</span> <span class='ocrx_word' id='word_1_781' title='bbox 3595 5105 3680 5156; x_wconf 85' lang='grc' dir='ltr'>δο-</span> 
     </span>
    </p>
   </div>
   <div class='ocr_carea' id='block_1_114' title="bbox 2117 5198 3671 5268">
    <p class='ocr_par' dir='ltr' id='par_1_114' title="bbox 2117 5198 3671 5268">
     <span class='ocr_line' id='line_1_114' title="bbox 2117 5198 3671 5268; baseline -0.004 -15"><span class='ocrx_word' id='word_1_782' title='bbox 2117 5203 2272 5266; x_wconf 70' lang='grc' dir='ltr'>θῆναι</span> <span class='ocrx_word' id='word_1_783' title='bbox 2327 5202 2462 5266; x_wconf 83' lang='grc' dir='ltr'>μετὰ</span> <span class='ocrx_word' id='word_1_784' title='bbox 2509 5199 2605 5266; x_wconf 82' lang='grc' dir='ltr'><strong>τὴν</strong></span> <span class='ocrx_word' id='word_1_785' title='bbox 2639 5199 2984 5268; x_wconf 83' lang='grc' dir='ltr'>ἀναχώρησιν</span> <span class='ocrx_word' id='word_1_786' title='bbox 3031 5201 3206 5268; x_wconf 70' lang='grc' dir='ltr'>ἠξίου.</span> <span class='ocrx_word' id='word_1_787' title='bbox 3245 5201 3306 5252; x_wconf 84' lang='grc' dir='ltr'>Ὀ</span> <span class='ocrx_word' id='word_1_788' title='bbox 3337 5200 3416 5262; x_wconf 84' lang='grc' dir='ltr'><strong>δέ,</strong></span> <span class='ocrx_word' id='word_1_789' title='bbox 3455 5219 3472 5248; x_wconf 72' lang='grc' dir='ltr'><strong>ι</strong></span> <span class='ocrx_word' id='word_1_790' title='bbox 3509 5198 3671 5250; x_wconf 68' lang='grc' dir='ltr'>Ἀλλὰ</span> 
     </span>
    </p>
   </div>
   <div class='ocr_carea' id='block_1_115' title="bbox 2120 5290 3677 5360">
    <p class='ocr_par' dir='ltr' id='par_1_115' title="bbox 2120 5290 3677 5360">
     <span class='ocr_line' id='line_1_115' title="bbox 2120 5290 3677 5360; baseline -0.003 -15"><span class='ocrx_word' id='word_1_791' title='bbox 2120 5292 2184 5345; x_wconf 87' lang='grc' dir='ltr'><strong>σύ</strong></span> <span class='ocrx_word' id='word_1_792' title='bbox 2241 5310 2326 5358; x_wconf 88' lang='grc' dir='ltr'><strong>γε,</strong></span> <span class='ocrx_word' id='word_1_793' title='bbox 2382 5293 2558 5358; x_wconf 64' lang='grc' dir='ltr'>φησι,</span> <span class='ocrx_word' id='word_1_794' title='bbox 2621 5290 2719 5360; x_wconf 86' lang='grc' dir='ltr'>τὴν</span> <span class='ocrx_word' id='word_1_795' title='bbox 2767 5290 3155 5359; x_wconf 75' lang='grc' dir='ltr'>βασιλεύουσαν</span> <span class='ocrx_word' id='word_1_796' title='bbox 3211 5292 3305 5344; x_wconf 88' lang='grc' dir='ltr'>νῦν</span> <span class='ocrx_word' id='word_1_797' title='bbox 3357 5291 3460 5342; x_wconf 82' lang='grc' dir='ltr'><strong>οὐκ</strong></span> <span class='ocrx_word' id='word_1_798' title='bbox 3511 5291 3677 5359; x_wconf 73' lang='grc' dir='ltr'>ὄψει·</span> 
     </span>
    </p>
   </div>
   <div class='ocr_carea' id='block_1_116' title="bbox 2086 5381 3681 5452">
    <p class='ocr_par' dir='ltr' id='par_1_116' title="bbox 2086 5381 3681 5452">
     <span class='ocr_line' id='line_1_116' title="bbox 2086 5381 3681 5452; baseline -0.003 -15"><span class='ocrx_word' id='word_1_799' title='bbox 2086 5387 2195 5437; x_wconf 59' lang='grc' dir='ltr'>ἔτι</span> <span class='ocrx_word' id='word_1_800' title='bbox 2226 5385 2334 5450; x_wconf 81' lang='grc' dir='ltr'><strong>γάρ</strong></span> <span class='ocrx_word' id='word_1_801' title='bbox 2385 5400 2442 5434; x_wconf 90' lang='grc' dir='ltr'><strong>σε</strong></span> <span class='ocrx_word' id='word_1_802' title='bbox 2494 5381 2602 5435; x_wconf 88' lang='grc' dir='ltr'><strong>τῶν</strong></span> <span class='ocrx_word' id='word_1_803' title='bbox 2661 5383 2968 5452; x_wconf 81' lang='grc' dir='ltr'>Ἐσπερίων</span> <span class='ocrx_word' id='word_1_804' title='bbox 2999 5384 3028 5434; x_wconf 85' lang='grc' dir='ltr'><strong>ό</strong></span> <span class='ocrx_word' id='word_1_805' title='bbox 3065 5383 3198 5446; x_wconf 71' lang='grc' dir='ltr'>Θεὸς</span> <span class='ocrx_word' id='word_1_806' title='bbox 3231 5382 3505 5452; x_wconf 86' lang='grc' dir='ltr'>βούλεται.</span> <span class='ocrx_word' id='word_1_807' title='bbox 3559 5401 3576 5431; x_wconf 75' lang='grc' dir='ltr'>ι</span> <span class='ocrx_word' id='word_1_808' title='bbox 3623 5381 3681 5432; x_wconf 85' lang='grc' dir='ltr'><strong>Ὀ</strong></span> 
     </span>
    </p>
   </div>
   <div class='ocr_carea' id='block_1_117' title="bbox 2121 5473 3680 5545">
    <p class='ocr_par' dir='ltr' id='par_1_117' title="bbox 2121 5473 3680 5545">
     <span class='ocr_line' id='line_1_117' title="bbox 2121 5473 3680 5545; baseline -0.002 -19"><span class='ocrx_word' id='word_1_809' title='bbox 2121 5476 2220 5545; x_wconf 82' lang='grc' dir='ltr'>μὲν</span> <span class='ocrx_word' id='word_1_810' title='bbox 2273 5476 2535 5544; x_wconf 75' lang='grc' dir='ltr'>εἴρηκεν·</span> <span class='ocrx_word' id='word_1_811' title='bbox 2570 5476 2598 5526; x_wconf 88' lang='grc' dir='ltr'><strong>ό</strong></span> <span class='ocrx_word' id='word_1_812' title='bbox 2647 5473 2702 5524; x_wconf 85' lang='grc' dir='ltr'>δὲ</span> <span class='ocrx_word' id='word_1_813' title='bbox 2756 5475 2855 5542; x_wconf 78' lang='grc' dir='ltr'>τῆς</span> <span class='ocrx_word' id='word_1_814' title='bbox 2899 5475 3022 5526; x_wconf 82' lang='grc' dir='ltr'>ὁδοῦ</span> <span class='ocrx_word' id='word_1_815' title='bbox 3071 5475 3400 5545; x_wconf 77' lang='grc' dir='ltr'>ἀρξάμενος,</span> <span class='ocrx_word' id='word_1_816' title='bbox 3438 5474 3533 5526; x_wconf 84' lang='lat' dir='ltr'><strong>xui.</strong></span> <span class='ocrx_word' id='word_1_817' title='bbox 3579 5473 3680 5543; x_wconf 64' lang='grc' dir='ltr'><strong>ἥδη</strong></span> 
     </span>
    </p>
   </div>
   <div class='ocr_carea' id='block_1_118' title="bbox 2122 5567 3686 5638">
    <p class='ocr_par' dir='ltr' id='par_1_118' title="bbox 2122 5567 3686 5638">
     <span class='ocr_line' id='line_1_118' title="bbox 2122 5567 3686 5638; baseline -0.001 -19"><span class='ocrx_word' id='word_1_818' title='bbox 2122 5569 2250 5635; x_wconf 74' lang='grc' dir='ltr'>περὶ</span> <span class='ocrx_word' id='word_1_819' title='bbox 2311 5569 2408 5638; x_wconf 79' lang='grc' dir='ltr'><strong>τὴν</strong></span> <span class='ocrx_word' id='word_1_820' title='bbox 2474 5567 2752 5635; x_wconf 79' lang='grc' dir='ltr'>Λάρισσαν</span> <span class='ocrx_word' id='word_1_821' title='bbox 2816 5571 2924 5630; x_wconf 76' lang='grc' dir='ltr'><strong>ὡν,</strong></span> <span class='ocrx_word' id='word_1_822' title='bbox 2982 5569 3210 5620; x_wconf 82' lang='grc' dir='ltr'>ἐπίστου</span> <span class='ocrx_word' id='word_1_823' title='bbox 3276 5568 3345 5622; x_wconf 87' lang='grc' dir='ltr'><strong>τά</strong></span> <span class='ocrx_word' id='word_1_824' title='bbox 3415 5567 3686 5638; x_wconf 68' lang='grc' dir='ltr'>είρημένα</span> 
     </span>
    </p>
   </div>
   <div class='ocr_carea' id='block_1_119' title="bbox 2125 5657 3684 5730">
    <p class='ocr_par' dir='ltr' id='par_1_119' title="bbox 2125 5657 3684 5730">
     <span class='ocr_line' id='line_1_119' title="bbox 2125 5657 3684 5730; baseline -0.001 -19"><span class='ocrx_word' id='word_1_825' title='bbox 2125 5659 2279 5711; x_wconf 57' lang='grc' dir='ltr'>πάλιν</span> <span class='ocrx_word' id='word_1_826' title='bbox 2362 5657 2617 5712; x_wconf 75' lang='grc' dir='ltr'>ἐπανιών.</span> <span class='ocrx_word' id='word_1_827' title='bbox 2676 5659 2914 5730; x_wconf 75' lang='grc' dir='ltr'>Γρᾶμμα</span> <span class='ocrx_word' id='word_1_828' title='bbox 2983 5660 3091 5728; x_wconf 75' lang='grc' dir='ltr'>γὰρ</span> <span class='ocrx_word' id='word_1_829' title='bbox 3146 5660 3426 5730; x_wconf 81' lang='grc' dir='ltr'>βασιλικὸν</span> <span class='ocrx_word' id='word_1_830' title='bbox 3482 5659 3684 5720; x_wconf 81' lang='grc' dir='ltr'>εὐθέως</span> 
     </span>
    </p>
   </div>
  </div>
