4088 6208
427 301 536 365 469

1561 306 1736 366 νιΤΑ
1779 308 1839 366 S.
1882 308 2096 368 LUC/ﬁ
2134 307 2520 369 IUNIORIS.

3567 309 3671 376 470

426 412 770 477 amula-669,
833 417 1162 482 στρατηγεῖν
1217 416 1381 470 αὑτὸν
1429 418 1528 488 τὴν
1575 418 1669 471 τοῦ
1707 419 1995 482 Πέλοπος,

2101 419 2293 473 ducem
2342 435 2501 488 agere
2545 434 2611 475 ac
2669 427 2955 490 praetorem
2997 418 3356 486 Peloponnesi
3402 420 3666 477 decernit.

424 509 522 562 καὶ
569 508 760 577 ἄρχειν
808 507 1134 577 ἐχειροτόνει
1161 524 1175 540 ·
1223 509 1353 572 ἄξια
1397 510 1497 577 μὲν
1534 511 1628 563 καὶ
1667 510 1837 564 ταῦτα
1869 511 1998 564 θαυ-

427 598 648 668 μάζειν.

507 690 572 744 Ἦ
607 690 662 744 δέ
711 707 774 758 γε
820 692 949 761 περὶ
983 694 1084 761 τῆς
1107 693 1332 764 Κρήτης
1371 695 1545 748 αὑτοῦ
1573 697 1994 766 προαγόρευσις,

423 784 544 836 οὐδὲ
577 784 798 855 μακράν
825 785 976 839 ἐστιν
1023 787 1304 852 ἀπιστίας,
1336 786 1516 841 καίτοι
1549 788 1756 860 πολλὴν
1799 773 1999 859 ἔχουσα

421 879 526 945 τὴν
559 877 952 949 μαρτυροῦσαν
977 878 1260 949 ἀλήθειαν.
1305 880 1500 952 Σχεδὸν
1521 883 1630 954 γὰρ
1658 886 1836 938 εἴκοσι
1868 886 1998 955 πρό·

421 983 584 1037 τερον
631 968 848 1039 χρόνοις
905 970 1161 1040 προλέγει
1215 973 1340 1042 περὶ
1387 973 1583 1044 αὐτῆς,
1626 975 1709 1028 ὅτι
1761 993 1821 1028 τε
1858 976 1998 1030 ἁλώ-

425 1074 598 1122 σεται,
629 1060 724 1113 καὶ
775 1062 867 1115 ἐπὶ
923 1063 1071 1125 τίνος
1124 1064 1157 1133 ὴ
1205 1063 1409 1128 ἅλωσις
1439 1066 1614 1136 ἔσται,
1647 1067 1790 1121 οὕτω
1827 1069 1999 1121 καθα-

426 1149 536 1217 ρῶς
565 1149 758 1202 εἰπών·
793 1170 812 1201 ι
859 1151 1135 1223 Ῥωμανδς
1173 1156 1402 1226 Κρήτην
1436 1157 1738 1226 χειροῦται.
1775 1179 1793 1212 ι
1837 1160 1996 1212 Ἐπεὶ

337 1300 345 1306 ,
421 1243 480 1294 δὲ
521 1245 804 1311 Ῥωιιανὸς
828 1239 896 1314 ἦν
923 1247 952 1299 ό
989 1246 1365 1318 πρεσϐύτερος
1416 1250 1539 1302 τότε
1579 1251 1679 1320 τὴν
1714 1250 1996 1320 βασιλείαν

422 1333 646 1397 διέπων,
678 1338 766 1388 ὅτε
812 1353 987 1392 ταυτα
1035 1341 1168 1408 παρ’
1217 1339 1382 1393 αὑτοῦ
1437 1344 1836 1415 προηγόρευτο,
1889 1364 1995 1398 πυ-

424 1427 654 1492 θομένου
711 1429 854 1492 τινὸς
906 1431 1016 1485 τῶν
1070 1432 1387 1501 παρόντων·
1445 1454 1463 1487 ι
1527 1437 1588 1489 Ei
1631 1430 1786 1499 οὗτός
1840 1440 1991 1492 ἐστιν

420 1521 450 1571 6
507 1519 601 1572 νῦν
628 1520 958 1591 βασιλεύων;
1012 1525 1122 1594 Οὐχ
1175 1519 1331 1589 οὗτος
1349 1566 1364 1590 ,
1392 1522 1549 1581 εἶπεν
1567 1571 1580 1591 ,
1609 1530 1726 1583 ἀλλ’
1748 1532 1987 1602 ἕτερος.»

498 1610 701 1681 Είρηκέ
741 1629 832 1682 μοι
864 1614 1215 1685 Παγκράτιος
1245 1618 1482 1687 μοναχδς
1523 1619 1608 1672 ὃτι
1636 1621 1885 1691 συνήθως
1911 1621 1988 1691 τῷ

420 1703 600 1804 1'12th
626 1706 812 1803 φωνῆς
832 1705 1040 1804 ἄνωθεν
1069 1709 1361 1804 γινομένης
1383 1709 1575 1780 ἐφόδου
1608 1711 1769 1781 χάριν
1802 1712 1995 1775 ἐθνῶν,
2032 1752 2070 1804 Β

419 1790 564 1843 ὥστε
592 1791 812 1862 πρῶτον
851 1795 1015 1848 αὑτὸν
1058 1797 1275 1850 πάντων
1323 1801 1712 1871 ὑποχωροῦντα
1756 1803 1995 1872 κρύπτε-

422 1880 549 1935 σθαι
584 1883 759 1950 φειδοῖ
795 1886 892 1954 τῆς
921 1886 1030 1938 τῶν
1066 1888 1464 1959 πλησιοχώρων
1497 1891 1778 1956 ἁλώσεως,
1812 1893 1994 1958 καθὼς

419 1974 584 2036 αὐτὸς
613 1976 822 2040 ἐκεῖνος
869 1973 1024 2032 εἴπεν
1075 1981 1403 2051 ἐρωτηθείς.
1442 1984 1554 2037 Καὶ
1587 1985 1697 2053 γὰρ
1730 1985 1806 2048 ὡς
1855 2003 1993 2054 προ-

421 2067 568 2136 φήτῃ
600 2070 890 2138 προσεῖχον
920 2068 1164 2136 ἅπαντες
1193 2087 1206 2101 ·
1245 2075 1338 2126 καὶ
1369 2076 1419 2126 εί
1455 2075 1530 2146 μὴ
1579 2078 1800 2146 πρῶτον
1827 2079 1994 2132 αὐτὸν

422 2151 565 2205 εἶδον
613 2156 694 2217 είς
752 2157 931 2227 φυγὴν
983 2159 1264 2228 κλίναντα,
1317 2149 1492 2226 οὐδεὶς
1547 2165 1684 2229 ὅλως
1737 2169 1850 2220 τῶν
1901 2168 1995 2237 €9-

424 2262 575 2312 γων,
644 2247 674 2316 ἢ
727 2249 828 2317 τῆς
886 2250 1063 2313 οἰκίας
1129 2253 1439 2320 ἀφίστατο·
1496 2257 1631 2310 ἀλλὰ
1697 2263 1992 2332 περιεφρό-

423 2354 553 2389 νουν
612 2339 688 2402 ὡς
738 2339 912 2410 ψευδῆ
970 2342 1070 2412 τὴν
1133 2344 1426 2414 ἀγγελίαν,
1483 2349 1577 2402 καὶ
1637 2352 1786 2418 ὑγιὲς
1843 2355 1993 2406 οὐδὲν

421 2429 677 2497 ἔχουσαν.

497 2521 608 2589 Τῆς
639 2519 821 2590 φωνῆς
845 2523 986 2577 οῦτω
1018 2527 1336 2596 γενομένης.
1365 2529 1461 2582 καὶ
1502 2534 1647 2600 φυγῇ
1686 2549 1817 2584 ποτε
1855 2551 1992 2603 χρη-

421 2615 675 2680 σαμένων
721 2615 901 2683 ἡμῶν,
947 2616 1080 2685 ἐμοῦ
1125 2635 1183 2670 τε
1229 2617 1307 2687 τῷ
1358 2621 1534 2690 Πατρὶ
1582 2624 1853 2687 συνόντος,
1901 2629 1994 2680 καὶ

422 2705 690 2774 σπήλαιόν
725 2724 775 2759 τι
817 2709 1142 2778 ἀμφοτέρων
1177 2711 1519 2766 ὑπελθόντων
1545 2715 1702 2783 ὁμοῦ,
1737 2721 1995 2784 γυναῖκες

423 2795 702 2864 ἁλώμεναι
753 2798 880 2865 δύο,
935 2800 1072 2869 πρὸς
1123 2804 1270 2872 ἡμᾶς
1328 2803 1613 2872 ἔρχονται,
1673 2808 1825 2877 ἡλίου
1888 2811 1988 2880 ἤδη

421 2887 704 2954 κλίναντος
732 2889 863 2959 πρὸς
889 2890 1104 2961 δυσμάς
1131 2909 1144 2923 ·
1174 2893 1239 2956 ἂς
1260 2895 1288 2946 6
1320 2894 1512 2968 Πατὴρ
1544 2899 1846 2968 οἰκτείρας,
1871 2903 1993 2955 ἐπεὶ

420 2980 561 3049 πρὸς
589 2984 654 3053 τῇ
687 2986 833 3052 φυγῇ
864 2984 958 3036 καὶ
1009 2984 1216 3054 χειμὼν
1256 2981 1344 3058 ἦν,
1378 2987 1477 3038 οὐκ
1512 2987 1654 3055 ἔγνω
1699 2990 1810 3042 δεῖν
1838 2992 1994 3045 ἁπωο

2101 511 2238 564 Sunt
2265 513 2421 581 plane
2447 513 2561 568 lucc
2588 527 2806 582 quoque
2835 511 2996 583 digna
3037 501 3422 566 admiratione.

2169 697 2323 764 Quod
2364 708 2546 754 autem
2577 699 2642 752 de
2669 699 2828 754 Creta
2877 700 3146 769 praedixit.
3182 714 3374 768 parum
3410 699 3567 754 abest
3613 711 3670 757 ut

2098 805 2411 860 quanquam
2445 793 2726 846 veritatem
2766 791 2989 845 multam
3023 798 3418 846 contestantem
3449 789 3666 854 habeat,

2101 896 2167 936 ne
2190 881 2406 934 amittat
2446 879 2631 935 ﬁdem.
2661 879 2796 934 Fere
2848 881 2997 934 enim
3056 879 3247 950 viginti
3307 889 3433 933 ante
3487 879 3666 938 annis.

2101 982 2213 1026 tum
2262 971 2581 1040 capiendam
2617 971 2888 1040 praedicit,
2918 980 3032 1025 tum
3064 970 3167 1024 sub
3192 983 3301 1038 quo
3332 969 3573 1038 principe
3598 969 3670 1023 sit

2097 1061 2379 1129 capienda,
2407 1059 2488 1115 sic
2515 1059 2659 1113 clare
2695 1059 2884 1113 dicens
2919 1077 2932 1113 :
2987 1057 3258 1111 Romanus
3293 1057 3502 1112 Cretam
3545 1057 3670 1110 sub-

2099 1164 2314 1207 acturus
2342 1162 2438 1208 est.
2464 1151 2601 1219 Quia
2631 1166 2757 1207 vero
2781 1152 3056 1205 Romanus
3075 1150 3259 1205 senior
3282 1149 3521 1212 interim,
3547 1163 3668 1202 cum

2102 1245 2213 1298 haec
2267 1245 2357 1298 ille
2414 1243 2683 1312 praedixit,
2722 1241 3006 1312 imperium
3060 1238 3499 1303 administrabat,
3533 1252 3671 1306 quo-

2098 1337 2220 1390 dam
2283 1337 2580 1392 astantium
2621 1343 2972 1405 percontante
3005 1351 3018 1386 :
3053 1350 3071 1384 t
3103 1330 3241 1385 Num
3294 1330 3380 1384 hic
3423 1331 3538 1398 ipse
3563 1339 3665 1391 est,

2098 1429 2187 1497 qui
2241 1441 2386 1481 nune
2440 1425 2752 1495 imperat?»
2819 1421 3107 1492 respondit
3162 1420 3253 1476 ille
3292 1437 3307 1473 :
3351 1416 3513 1474 tNon
3559 1418 3666 1481 hic,

2099 1519 2190 1574 sed
2229 1518 2369 1571 alius
2395 1516 2530 1589 (ll).
2565 1535 2584 1569 ι

2171 1605 2282 1658 Hoc
2332 1603 2514 1659 retuiit
2554 1601 2881 1659 Pancratius
2937 1600 3264 1664 monachus,
3315 1597 3673 1653 consuevisse

2100 1712 2233 1751 voce
2285 1698 2348 1750 de
2403 1695 2541 1749 caelo
2584 1694 2732 1762 lapsa
2787 1691 2996 1746 moneri
3043 1691 3256 1745 Patrem
3285 1732 3300 1756 ,
3335 1689 3424 1744 ubi
3460 1689 3569 1756 jam
3616 1689 3670 1742 in

2101 1790 2386 1858 procinctu
2413 1786 2654 1855 gentium
2690 1783 2925 1852 irruptio
2955 1780 3117 1843 foret,
3150 1796 3260 1850 quo
3303 1781 3515 1851 primus
3555 1780 3671 1848 ipse

2099 1880 2339 1933 omnium
2388 1877 2672 1939 recedens,
2723 1891 2786 1930 ac
2835 1889 2955 1929 sese
2999 1872 3306 1937 occultans,
3363 1873 3666 1926 vicinorum

2098 1971 2407 2026 accolarum
2449 1967 2686 2037 captioni
2719 1974 2958 2030 caveret,
2997 1965 3073 2019 uti
3104 1965 3193 2018 ille
3222 1964 3338 2033 ipse
3364 1964 3670 2032 interroga-

2099 2073 2186 2116 tus
2212 2062 2498 2116 confessns
2526 2067 2628 2114 est.
2666 2060 2869 2112 Omnes
2908 2056 3176 2127 siquidem
3212 2056 3264 2109 in
3298 2070 3419 2108 eum
3454 2063 3513 2108 ut
3544 2068 3669 2122 pro—

2099 2155 2314 2224 phetam
2345 2151 2538 2206 intenti
2579 2157 2736 2204 erant.
2768 2167 2780 2203 :
2815 2162 2880 2203 ac
2916 2148 3020 2202 nisi
3053 2162 3176 2200 cum
3216 2145 3451 2216 pritntttn
3497 2144 3552 2196 in
3588 2141 3672 2196 fu-

2099 2260 2221 2315 gam
2260 2258 2584 2298 conversum
2617 2241 2913 2302 vidissent,
2947 2239 3130 2293 nullus
3168 2237 3395 2292 omnino
3424 2236 3491 2288 ab
3533 2248 3666 2302 ope-

2099 2338 2249 2391 ribus
2280 2345 2372 2390 ant
2408 2335 2569 2389 domo
2599 2333 2924 2410 absis-lebat,
2958 2331 3054 2386 sed
3095 2329 3346 2384 nuntium
3377 2337 3435 2382 ut
3469 2325 3668 2380 falsum

2098 2431 2446 2499 spernebant,
2471 2443 2535 2483 ac
2576 2429 2708 2482 nihil
2743 2429 2862 2483 sani
2894 2426 3120 2480 habens.

2166 2522 2300 2576 Cum
2328 2523 2408 2574 sic
2438 2521 2730 2590 aliquando
2773 2518 2912 2573 facta
2949 2532 3082 2572 voce
3114 2516 3294 2585 fugam
3345 2514 3672 2582 arripuisse-

2100 2628 2239 2678 mus,
2275 2612 2547 2682 simulque
2597 2612 2760 2664 ambo
2807 2611 2950 2677 fuga:
2994 2608 3151 2671 socii,
3179 2621 3278 2677 ego
3311 2614 3366 2659 et
3404 2604 3586 2669 Pater,
3616 2605 3670 2660 in

2097 2708 2414 2775 speluncam
2476 2704 2762 2774 quamdam
2826 2701 3135 2756 clanculum
3179 2700 3411 2768 ingressi
3473 2697 3670 2753 fuisse-

2099 2816 2240 2861 mus,
2277 2805 2524 2852 errantes
2556 2797 2675 2850 duae
2713 2794 2928 2849 feminae
2962 2793 3028 2846 ad
3062 2807 3161 2846 nos
3207 2798 3511 2859 penetrant.
3555 2789 3669 2844 sole

2093 2893 2204 2961 jam
2257 2891 2323 2944 ad
2369 2904 2622 2943 occasum
2659 2896 2937 2956 vergente.
2983 2883 3087 2938 Eas
3142 2885 3301 2937 Pater
3355 2880 3666 2942 miseratus.

2099 2983 2240 3053 quod
2281 2983 2345 3034 ad
2389 2981 2606 3050 fugam,
2650 2979 2824 3032 hiems
2883 2991 3101 3046 quoque
3159 2973 3477 3033 accederet,
3527 2971 3670 3024 haud

421 3073 672 3127 θείσθαι·
702 3075 840 3128 ἀλλὰ
899 3077 1021 3146 μεθ’
1064 3078 1222 3148 ἡμῶν
1271 3079 1681 3150 εἰσεδέχθησαν,
1727 3083 1822 3136 καὶ
1857 3101 1992 3154 προ-

2100 3075 2306 3144 putavit
2349 3071 2686 3141 repellendas
2716 3068 2852 3124 fore.
2881 3067 3179 3122 Nobiscum
3219 3081 3350 3135 ergo
3381 3065 3522 3118 intra
3550 3078 3671 3132 spe-

418 3163 572 3227 νοίας
613 3165 760 3218 κατὰ
797 3165 859 3219 τὸ
906 3167 1188 3236 ἐγχωροῦν
1219 3167 1554 3241 ⁴ἠξιώθησαν.
1595 3171 1751 3226 Ἐπεὶ
1797 3174 1853 3226 δὲ
1904 3178 1998 3229 καὶ

419 3256 594 3310 ὖπνου
629 3259 827 3330 καιρὸς
862 3255 954 3331 ἦν,
1002 3262 1150 3332 ἡμᾶς
1189 3261 1267 3332 τῷ
1299 3263 1380 3315 ἑνὶ
1411 3265 1574 3334 μέρει
1606 3266 1754 3332 δοὺς,
1803 3270 1996 3324 ἑαυτὸν

415 3350 474 3402 δὲ
533 3352 671 3422 πρὸς
718 3354 948 3424 θάτερον
1004 3356 1318 3422 ἀνακλίνας,
1375 3359 1543 3426 μέσον
1596 3361 1996 3432 ἀπολειφθῆναι

418 3444 627 3509 ταύτας
661 3447 749 3501 διὰ
793 3450 855 3500 τὸ
881 3447 1053 3517 ψύχος
1089 3449 1360 3519 ἐπέτρεψε
1387 3467 1400 3480 ·
1437 3453 1530 3505 καὶ
1569 3451 1793 3523 διῆλθεν
1823 3454 1996 3518 οὕτως

417 3535 496 3597 ὡς
528 3540 698 3608 μητρὶ
739 3543 864 3603 παῖς
895 3540 1151 3608 ὲγγίζων,
1180 3541 1212 3612 ἢ
1253 3542 1323 3602 ὼς
1364 3542 1526 3595 λίθων
1554 3545 1715 3596 τινῶν
1750 3545 1781 3616 ἢ
1825 3545 1996 3610 ξύλων

419 3630 868 3699 παρακειμένων,
896 3631 1029 3700 μηδὲ
1065 3631 1329 3701 λογισμοῦ
1359 3634 1508 3697 τινὸς
1537 3633 1702 3688 αὐτὸν
1727 3638 1992 3705 caput-ho?»

423 3723 675 3791 μηδόλως
725 3723 1164 3794 ὑποδραμόντος·
1218 3724 1369 3794 παρὰ
1430 3725 1685 3778 τοσοῦτον
1751 3727 1995 3797 ἁπλότης

417 3831 478 3866 τε
531 3815 628 3868 καὶ
677 3816 939 3884 ἀπάθεια,
974 3817 1064 3870 τὸν
1113 3817 1208 3870 ἐπὶ
1253 3819 1354 3888 γῆς
1407 3819 1636 3886 ἄγγελον
1682 3813 1769 3874 οἷα
1807 3821 1993 3890 μήτηρ

418 3906 697 3960 ἐνεκολπὼ
707 3925 770 3960 σα
781 3926 852 3962 :o.

2101 3169 2316 3223 luncam
2344 3163 2891 3230 recepitnus,.eisque
2920 3175 3081 3230 quam
3133 3159 3288 3212 licuit
3349 3172 3534 3212 curam
3571 3154 3669 3208 im-

2101 3258 2408 3329 pendimus.
2449 3254 2552 3310 Ubi
2579 3263 2760 3309 autem
2792 3253 2955 3307 ctiam
2987 3250 3165 3306 somni
3200 3258 3417 3318 tempus
3461 3247 3583 3312 fuit,
3616 3248 3668 3300 in

2103 3367 2207 3406 una
2254 3366 2354 3405 nos
2380 3358 2530 3418 parte
2580 3347 2788 3411 locans,
2839 3344 3061 3414 ipseque
3102 3358 3160 3398 se
3201 3343 3252 3394 in
3289 3341 3456 3396 altera
3512 3340 3674 3392 recli-

2101 3457 2258 3506 nans,
2287 3439 2495 3494 medias
2515 3438 2633 3492 illas
2661 3444 2876 3505 propter
2914 3434 3083 3502 frigus
3113 3432 3344 3501 relinqui
3381 3431 3671 3502 praecepit:

2101 3535 2288 3603 sicque
2332 3531 2548 3584 transiit
2581 3543 2642 3580 ac
2669 3527 2715 3580 si
2759 3525 2901 3580 filius
2930 3533 3158 3579 matrem
3191 3523 3443 3594 proprius
3489 3522 3671 3583 adt-at,

2100 3634 2464 3694 auttanquam
2497 3621 2700 3690 lapides
2727 3620 2947 3689 quidam
2981 3626 3076 3672 aut
3105 3617 3312 3684 stipites
3335 3615 3671 3684 adiacerent,

2103 3736 2167 3772 ne
2202 3719 2423 3772 minima
2443 3715 2658 3786 quidem
2688 3713 3038 3782 subingressa
3071 3711 3274 3766 carnali
3299 3709 3628 3778 cogitatione
3658 3725 3670 3759 :

2101 3809 2233 3863 adeo
2298 3807 2553 3862 nimirum
2628 3803 2966 3874 simplicitas,
3055 3817 3114 3856 ac
3169 3816 3381 3856 summa
3427 3800 3676 3868 quaedam

2098 3895 2440 3951 affectiouum
2495 3895 2761 3960 vacuitas,
2798 3893 2985 3948 matris
3018 3893 3190 3946 instar
3250 3901 3525 3945 terrenum
3579 3905 3678 3942 au-

1995 4009 2001 4018 ί
2100 3988 2273 4065 gelum
2309 3986 2632 4041 insinuaret.

490 4077 757 4140 Φίλιππος
799 4073 866 4148 ἦν
927 4078 1258 4146 αὑτάδελφος
1311 4079 1387 4148 τῷ
1445 4079 1664 4149 μοναχῷ
1703 4080 1991 4152 Θεοδοσίῳ,

417 4169 475 4234 ὃς
511 4170 604 4222 καὶ
635 4169 742 4221 τῶν
770 4169 847 4239 τῷ
906 4171 1048 4240 ἁγίῳ
1111 4171 1386 4224 συνόντων
1418 4171 1670 4241 μοναχῶν
1701 4167 1789 4242 ἦν.
1827 4167 1997 4235 Οὗτος

419 4263 715 4334 τοιγαροῦν
745 4264 772 4315 ὁ
802 4262 1091 4326 Φίλιππος,
1151 4264 1418 4331 κοσμικδς
1465 4263 1559 4328 ὢν,
1619 4267 1712 4318 καὶ
1743 4267 1997 4335 κοσμικῷ

417 4355 695 4426 ἀξιώματι
727 4355 1077 4424 τιμώμενος·
1123 4355 1465 4426 Σπαθαρίους
1512 4359 1711 4422 αὐτοὺς
1748 4359 1997 4430 συνήθως

2171 4079 2473 4148 Philippus,
2506 4075 2805 4130 Theodosii
2840 4074 3092 4128 monachi
3122 4073 3288 4126 frater
3312 4080 3448 4132 erat,
3495 4071 3586 4140 qui
3623 4079 3678 4125 et

2100 4171 2213 4240 ipse
2253 4185 2392 4225 unus
2421 4185 2451 4223 e
2480 4167 2761 4222 monachis
2782 4174 2899 4219 erat
2926 4163 3160 4217 alumnis
3191 4164 3386 4217 sancti.
3419 4159 3519 4216 llic
3574 4163 3679 4216 ita-

2101 4279 2205 4332 que
2264 4261 2566 4330 Philippus,
2622 4272 2744 4313 cum
2789 4254 3066 4310 saecularis
3103 4260 3266 4319 esset,
3325 4267 3386 4306 ac
3429 4250 3678 4305 saeculari

2105 4354 2334 4424 polleret
2365 4351 2650 4422 dignitate,
2695 4348 3004 4417 spatharios
3063 4345 3233 4398 meris
3265 4351 3350 4398 est
3384 4342 3675 4412 appellare,

421 4423 735 4518 καλοῦμεν·
770 4423 953 4500 εἰώθει
1007 4446 1086 4518 τῷ
1150 4423 1372 4520 μεγάλῳ
1428 4451 1764 4522 πυκνότερον
1819 4423 1995 4522 παρα-

2107 4445 2248 4498 haud
2280 4459 2404 4498 raro
2439 4457 2692 4511 magnum
2720 4442 2868 4495 illum
2907 4425 3057 4493 adire
3097 4437 3324 4502 solebat,
3357 4452 3454 4506 pro
3481 4451 3543 4491 ea
3572 4451 3679 4507 qua

421 4541 638 4594 ϐάλλειν
678 4542 766 4595 διὰ
802 4539 900 4610 τὴν
932 4541 1062 4609 περὶ
1090 4540 1180 4593 τὸν
1209 4542 1438 4610 ἀδελφὸν
1470 4544 1827 4613 γνησιότητα.

489 4636 627 4688 llo-rs
682 4635 812 4703 γοῦν
869 4635 1036 4688 αὐτοῦ
1081 4635 1225 4689 κατὰ
1280 4636 1360 4688 τὸ·
1383 4635 1613 4706 σύνηθες
1668 4638 1994 4707 ἐρχομένου,

421 4731 622 4800 βλέψας
652 4731 816 4783 αὐτὴν
845 4732 872 4783 6
913 4732 1111 4799 μέγας.
1146 4723 1224 4791 οἷς
1274 4731 1483 4782 ἐκεῖνον
1534 4729 1760 4798 ἔϐλεψεν
1789 4731 1995 4800 ὀφθαλ-

421 4824 577 4891 μοῖς·
640 4843 657 4874 ι
729 4821 1055 4891 Ἑτοίμασον
1099 4823 1234 4886 πρὸς
1295 4823 1387 4874 τὸν
1450 4823 1755 4886 Θεοδόσιον,
1826 4826 1993 4894 φησὶν

418 4913 738 4985 χαριέντως,
783 4917 879 4968 ὅσα
908 4917 971 4982 δὴ
1021 4916 1158 4985 πρθις
1206 4917 1504 4984 ὑποδοχήν·
1541 4917 1568 4967 ό
1609 4918 1718 4982 γὰρ
1762 4917 1991 4986 ἀδελφὸς

416 5009 445 5059 6
476 5009 567 5071 σὸς
601 5007 720 5078 μεθ’
757 5008 916 5077 ἡμῶν
975 5006 1198 5076 ἔρχεται
1242 5007 1568 5077 δειπνήσων.
1613 5027 1648 5078 »Ι
1676 5008 1835 5063 Οὕτω
1892 5009 1988 5062 τοῦ

417 5099 632 5170 Πατρὸς
665 5099 934 5160 εἰπόντος,
963 5100 1056 5152 τὸν
1094 5098 1376 5151 Θεοδόσιον
1407 5099 1716 5170 εὐφροσύνη
1745 5118 1803 5152 τε
1851 5101 1988 5170 ὁμοῦ

417 5192 511 5244 καὶ
557 5188 824 5259 ἔκπληξις
871 5186 1021 5259 εἶχε·
1058 5191 1152 5242 καὶ
1188 5189 1530 5260 παραχρῆμα
1580 5190 1845 5260 λεωφόροι
1897 5194 1990 5244 καὶ

418 5282 612 5350 ἀγυιαὶ
643 5281 738 5335 καὶ
769 5281 1004 5350 ἄμφοδοι
1047 5280 1195 5350 αὐτῷ
1217 5281 1552 5334 ἐσκοποῦντο
1586 5283 1650 5351 τῇ
1688 5282 1988 5352 προσδοκίᾳ

415 5373 509 5425 τοῦ
565 5371 820 5442 ἀδελφοῦ.
870 5372 1011 5441 Ἤδη
1045 5370 1100 5424 δὲ
1151 5369 1317 5441 οῦσης
1374 5372 1632 5442 ὲῖπέρας,
1698 5374 1989 5440 ἐφίσταται

2107 4536 2171 4588 ad
2192 4534 2412 4587 fratrem
2455 4531 2861 4586 necessitudine
2894 4528 3152 4582 habebat.

2179 4625 2424 4692 Quadam
2451 4623 2615 4692 igitur
2643 4622 2751 4684 die,
2776 4637 2898 4675 cum
2943 4623 2988 4675 is
3020 4635 3116 4690 pro
3148 4634 3298 4673 more
3339 4617 3566 4678 veniret,
3601 4617 3680 4671 vi-

2105 4722 2239 4774 dens
2273 4718 2649 4786 eumﬁmagnus
2674 4714 2785 4780 ille,
2815 4713 3015 4782 quibus
3037 4711 3186 4764 illum
3213 4711 3388 4765 oculis
3417 4710 3674 4765 vidisset:

2109 4832 2127 4863 ι
2163 4811 2435 4880 Ρινιιιριιιτι,
2473 4827 2490 4859 t
2556 4808 2731 4875 inquit
2782 4807 2987 4859 urbane
3041 4804 3107 4857 ad
3148 4802 3538 4866 Theodosium,
3572 4821 3592 4852 ι
3628 4802 3674 4855 si

2101 4921 2207 4976 qua
2246 4911 2373 4957 sunt
2405 4902 2468 4955 ad
2496 4899 2802 4955 convivium
2841 4897 3150 4952 necessaria
3177 4908 3192 4962 ;
3223 4897 3368 4950 venit
3391 4895 3535 4948 cnim
3570 4895 3678 4947 fra-

2104 5008 2184 5053 ter
2217 5007 2343 5052 tuus
2382 4995 2666 5048 nobiscum
2713 4999 3090 5046 cmunturus.»
3127 4990 3264 5044 Cum
3298 4990 3374 5045 sic
3410 4989 3567 5042 Pater
3599 4989 3683 5041 di-

2099 5096 2286 5156 sisset,
2309 5086 2559 5144 tenebant
2575 5079 2938 5139 TheodOSium
2965 5082 3144 5137 lartitia
3169 5081 3366 5156 pariter
3381 5096 3443 5135 ac
3460 5090 3682 5147 stupor;

2100 5193 2474 5249 actutumque,
2507 5175 2622 5230 vias
2672 5170 2939 5244 publicas,
2993 5154 3462 5242 compitaibivia,
3497 5168 3682 5225 fratris

2097 5271 2497 5344 exsticctatione
2514 5268 2676 5338 erepit
2693 5267 2998 5322 observare.
3012 5265 3128 5320 Jam
3145 5275 3322 5334 itaque
3341 5262 3480 5316 facto
3499 5277 3683 5331 vespe-

2098 5381 2177 5431 rc,
2205 5364 2360 5418 venit’
2378 5372 2429 5417 et
2451 5362 2537 5415 ille
2570 5374 2732 5429 quam
2769 5371 3224 5428 maguumsccum
3246 5355 3682 5408 necessariorum

1696 5517 1798 5575 Fr.
1842 5513 2202 5576 Comhetisii
2232 5519 2416 5574 noue.
2453 5583 2464 5588 _

493 5643 604 5711 (ll)
638 5645 754 5698 Non
809 5647 911 5704 hic.
963 5646 1051 5698 scd
1103 5646 1260 5698 a’itts.
1310 5645 1480 5697 (In-ta:
1533 5644 1994 5711 rt-cttperationem

420 5715 521 5769 sub
589 5716 834 5770 llomano
882 5716 1104 5770 Juniorc
1157 5733 1218 5768 at:
1277 5715 1454 5768 l‘ltot-a
1508 5715 1721 5768 ila-sure
1778 5713 1997 5771 net-inde

2109 5651 2316 5710 ponunt
2371 5641 2665 5706 scriptores
2716 5655 2726 5688 :
2769 5635 2860 5688 sed
2902 5642 2965 5710 ut
3007 5630 3076 5683 ita
3107 5629 3275 5710 .clare
3314 5624 3688 5710 l.ucas__p'l'm*

2109 5698 2326 5772 dixerit.
2359 5698 2682 5774 argumento
2720 5715 2801 5761 est
2837 5704 3060 5773 spiritus
3107 5700 3160 5756 in
3187 5714 3255 5786 co
3288 5698 3607 5767 prophetici.
