4088 6208
441 305 538 367 471

1888 301 2089 362 ANON
2102 302 2232 361 ΥΜί

3573 290 3680 353 472

438 424 755 488 apparatum
787 414 987 471 ferens.
1010 416 1240 470 Paratur
1267 417 1451 483 itaque
1474 431 1684 474 mensa.
1711 427 2011 490 omnesque

2129 413 2211 463 ιιαὶ
2243 407 2406 470 αὐτὸς
2444 406 2645 476 χρειιῦν
2673 407 2808 474 ὅσην
2842 401 3196 473 παρασκευὴν
3229 401 3682 471 συγκεκομισμέ-

438 507 642 577 pariter
675 523 798 562 cum
840 494 1033 564 sancto
1062 508 1432 562 discumbunt.
1483 505 1621 559 Tum
1676 519 1824 565 vero,
1873 502 2006 556 nihil

437 607 554 650 erat
583 614 783 651 mensae
811 599 1136 667 appositum,
1171 597 1312 666 quod
1352 613 1457 651 non
1489 598 1652 651 simili
1677 610 1866 650 omnes
1921 609 2009 647 ra-

440 690 605 749 tione.
649 690 720 743 ob
745 691 1015 744 excellens
1040 690 1348 744 dilectionis
1385 690 1611 750 bonum,
1671 686 2012 741 manducan-

439 782 564 834 dum
599 781 698 833 sibi
727 782 1087 849 indulgerent.
1122 781 1223 836 Ubi
1272 793 1451 836 autem
1505 783 1585 836 sic
1624 779 2011 839 comedissent,

440 890 615 940 eoque
662 875 820 941 epulo
875 889 1060 928 secum
1113 875 1345 928 invicem
1402 875 1629 929 recreati
1671 883 1857 928 essent
1891 889 1903 925 :
1943 870 2009 924 ad

440 969 555 1020 haec
588 982 808 1036 quoque
840 978 1161 1021 consuetum
1197 983 1225 1020 a
1262 981 1417 1022 coena
1451 983 1716 1021 canonem
1745 964 2010 1020 absolvis-

438 1069 577 1119 Scnl,
607 1057 849 1111 cubitum
889 1058 1159 1111 abierunt.
1195 1056 1297 1111 Ubi
1332 1067 1512 1112 autem
1564 1060 1780 1111 brevem
1814 1061 2012 1127 degus-

438 1161 646 1205 tasscnt
680 1168 955 1219 somnum,
987 1152 1169 1208 statim
1212 1153 1368 1205 Pater
1406 1152 1601 1220 surgit.
1650 1152 1726 1204 Ac
1763 1151 1853 1203 alii
1887 1150 2012 1218 qui-

436 1245 558 1298 dem
594 1245 836 1300 colleetaa
859 1247 1162 1300 intererant
1205 1264 1220 1299 :
1272 1244 1580 1314 Philippum
1614 1252 1817 1305 autem,
1845 1241 2012 1295 frater

441 1339 580 1404 ejus,
620 1349 675 1392 ut
715 1341 808 1408 qui
869 1339 1125 1394 stationis
1154 1338 1447 1407 ejusmodi,
1495 1337 1826 1403 laborisque,
1851 1349 1913 1388 ac
1937 1334 2016 1386 vi-

437 1432 690 1500 giliarum
760 1432 1034 1486 insuetum
1082 1441 1290 1492 nosset,
1334 1445 1545 1482 rursum
1583 1443 1641 1481 se
1687 1439 1906 1485 somno,
1946 1423 2010 1476 ad

438 1539 612 1593 usque
669 1525 913 1578 absoluta
970 1524 1180 1579 cantica
1243 1521 1610 1592 prommiaca,
1660 1534 1722 1572 ac
1766 1517 2015 1570 versibus

441 1617 774 1671 modulatam
810 1617 1204 1680 inundationem,
1235 1630 1397 1684 quam
1422 1621 1635 1672 vocant,
1669 1611 1799 1666 dare
1835 1609 2013 1678 jubet.

438 1707 752 1774 Enimvero,
779 1711 868 1763 ubi
913 1711 958 1762 is
1020 1713 1212 1762 iterum
1253 1706 1432 1762 cubile
1473 1705 1759 1774 repetisset
1785 1743 1799 1764 ,
1834 1701 2017 1756 multis

439 1802 862 1870 cogitationibus
905 1800 1206 1853 conﬂictari
1250 1798 1451 1864 cmpit,
1495 1808 1658 1866 atque
1712 1793 2022 1861 utDaviili-

439 1906 561 1943 cum
607 1891 737 1943 illud
765 1891 939 1944 dicam
979 1909 992 1944 :
1033 1890 1341 1943 «Laborem
1385 1888 1674 1957 parturire,
1733 1901 1796 1939 ac
1833 1899 2023 1953 parere

440 1983 868 2050 iniquitatem”,
907 2003 924 2033 ι
980 1984 1201 2038 edacem
1259 1998 1321 2037 ac
1354 1983 1461 2036 vini
1507 1991 1808 2051 potatorem
1845 1980 2020 2033 virum

440 2075 814 2130 admirabilem
849 2077 1168 2137 arbitratus,
1218 2079 1422 2146 quique
1467 2076 1754 2130 simularet
1803 2072 2024 2144 religio-

441 2184 588 2223 nem.
612 2170 790 2237 Atque
814 2173 867 2224 id
905 2175 1074 2240 prima
1111 2171 1325 2225 ratione
1355 2171 1476 2240 ejus
1503 2179 1640 2231 erat,
1672 2169 1761 2237 qui
1799 2167 2024 2220 clancu-

441 2262 551 2314 lum
595 2262 736 2316 mala
771 2264 976 2318 semina
1003 2266 1204 2319 nostris
1248 2265 1444 2318 animis
1477 2263 1695 2322 inserit,
1733 2262 1825 2316 sed
1872 2269 1924 2313 et
1954 2259 2025 2313 il.

443 2350 552 2406 lius
586 2351 782 2407 modici
817 2369 881 2407 ac
914 2355 1168 2423 ignobilis
1220 2354 1414 2419 animi,
1449 2353 1541 2422 qui
1575 2352 1823 2406 absolute
1857 2351 1924 2404 ab
1961 2350 2026 2404 iis

439 2458 561 2510 quae
593 2452 805 2511 parent,
841 2446 1023 2498 omnia
1063 2444 1408 2514 dijudicaret.
1443 2459 1541 2497 nec
1569 2441 1867 2512 quidquam
1911 2456 2026 2494 ma-

443 2549 612 2605 gnum
649 2550 710 2589 ac
751 2537 1045 2590 sublimius
1080 2537 1322 2607 cogitare
1360 2545 1584 2606 posset;
1622 2551 1722 2590 uec
1751 2535 2027 2604 perspice-

441 2637 544 2690 ret,
603 2642 791 2682 eorum
827 2631 1189 2700 sumptionem
1226 2645 1348 2700 qua;
1374 2631 1640 2699 :apposita
1677 2636 1885 2692 essent,
1922 2644 2026 2682 non

441 2720 754 2791 gulositatis
787 2720 976 2785 fuisse,
1031 2721 1129 2776 sed
1161 2723 1512 2793 impensioris
1547 2721 1976 2792 dispensationis
2012 2739 2025 2774 :

447 2816 642 2878 partim
697 2817 914 2884 quidem
938 2817 1008 2869 ob
1053 2818 1506 2872 abundantiorem
1543 2816 1914 2876 dilectionem,
1951 2816 2026 2869 uti

381 2945 384 2949 ι
438 2910 552 2976 jam
597 2911 852 2978 superius
892 2911 1229 2964 declaratum
1264 2921 1370 2973 est,
1417 2920 1732 2980 contempto
1763 2911 2024 2964 nimirum

445 2998 591 3064 quod
631 2997 870 3053 deterius
912 3011 1074 3066 esset,
1109 3001 1331 3069 majoris
1360 3002 1486 3057 boui
1515 3003 1686 3056 lucro.
1722 3001 1860 3067 Quid
1879 3002 2023 3057 enim

2116 519 2227 564 νος.
2261 501 2524 569 Τράπεζα
2576 496 2672 551 οἷν
2733 495 3106 566 ὲτοιμάζεται,
3141 495 3235 546 καὶ
3286 492 3422 562 ὁμοῦ
3448 491 3526 560 τῷ
3583 509 3684 561 με·

2116 595 2268 663 γάλῳ
2319 594 2522 655 πάντες
2565 589 3074 644 συνανακλίνονται.
3110 583 3247 641 Εῐτα
3292 585 3446 638 οὐδὲν
3479 581 3548 656 ἦν
3575 583 3684 636 τῶν

2117 685 2544 755 παρακειμένων
2579 684 2718 743 ἐκεῖ,
2751 681 2780 733 6
2819 679 2897 750 μὴ
2936 680 3098 731 πᾶσιν
3149 677 3351 745 ὁμοίως
3407 673 3687 745 βρώσιμον

2115 773 2206 848 ἧν,
2238 775 2326 829 διὰ
2355 775 2416 828 τὸ
2449 775 2548 843 τῆς
2594 776 2816 840 ἀγάπης
2865 770 3067 838 ἐξόχως
3112 767 3299 822 καλόν.
3330 765 3602 834 Φαγόντες
3631 764 3689 818 δὲ

2116 869 2260 923 οὕτω
2295 868 2391 920 καὶ
2439 862 3004 936 συμπαρακληθέντες
3029 860 3304 927 ἀλλήλοις,
3337 859 3471 928 πρὸς
3503 857 3559 910 δὲ
3591 859 3688 909 καὶ

2115 962 2207 1015 τὸν
2237 960 2374 1031 μετὶι
2397 960 2610 1013 δεῖπνον
2638 957 2840 1026 συνήθη
2872 955 3072 1007 κανόνα
3102 952 3532 1013 διατελέσαντες,
3550 948 3687 1017 πρὸς

2119 1052 2286 1106 ὕπνον
2345 1053 2605 1122 ἐχώρουν.
2658 1042 2846 1115 Οὑπερ
2895 1046 3050 1114 ὀλίγα
3104 1043 3527 1114 μεταλαχόντας.
3593 1042 3692 1106 ιάν¹

2121 1149 2331 1217 ίστησιν
2360 1146 2522 1207 εὑθὺς
2549 1147 2575 1197 6
2605 1143 2813 1212 Πατὴρ,
2841 1141 2935 1193 καὶ
2967 1141 3093 1200 τοὺς
3118 1137 3215 1208 μὲν
3241 1136 3456 1197 ἄλλους,
3488 1137 3522 1204 ἡ
3557 1134 3654 1186 σὺν

2118 1242 2236 1306 αξις
2287 1237 2400 1310 εἶχε
2440 1257 2454 1269 ·
2511 1237 2590 1307 τῷ
2633 1237 2690 1290 δέ
2736 1251 2801 1302 γε
2851 1233 3104 1302 Φιλίππῳ
3135 1233 3163 1283 ὀ
3211 1229 3460 1297 ἀδελφὸς,
3497 1229 3592 1281 ἆτε
3627 1227 3690 1296 δὴ

2119 1333 2404 1400 γινώσκων
2457 1329 2704 1400 ἀσυνήθη
2762 1327 3009 1388 στάσεως
3063 1323 3324 1387 τοιαύτης
3385 1329 3477 1372 καὶ
3529 1320 3692 1371 πόνου

2119 1426 2218 1480 καὶ⁵
2279 1424 2624 1494 ἀγρυπνίας,
2673 1419 3068 1488 κατακλιθῆναι
3131 1413 3290 1478 αὖθις
3349 1415 3693 1481 ἐπέτρεπεν,

2118 1520 2249 1590 ἄχρι
2287 1518 2419 1586 γοῦν
2453 1518 2549 1571 καὶ
2577 1517 2766 1578 τέλους
2792 1515 2903 1568 τῶν
2933 1509 3320 1583 προοιμιακῶν
3356 1508 3564 1576 ὕμνων,
3597 1508 3694 1557 καὶ⁵

2118 1617 2218 1684 τῆς
2249 1613 2392 1668 οὕτω
2424 1613 2768 1683 καλουμένης
2802 1608 3164 1679 στιχο).ογίας.
3197 1605 3344 1675 Πλὴν
3379 1602 3517 1656 ἀλλὰ
3564 1599 3691 1654 τοῦ·

2121 1726 2212 1762 τον
2236 1711 2269 1778 ἡ
2305 1705 2563 1778 στρωμνὴ
2612 1705 2775 1759 πάλιν
2831 1703 3097 1766 λαῦοὑσα,
3131 1699 3346 1757 πολλοῖς
3400 1694 3576 1748 έποίει
3608 1693 3699 1744 λο-

2126 1805 2348 1874 γισμοῖς
2379 1800 2634 1854 παλαίειν
2657 1817 2670 1829 ·
2713 1817 2731 1850 ι
2777 1797 3003 1850 Ὠδίνειν
3029 1812 3088 1846 τε
3129 1793 3294 1846 πόνον
3322 1792 3417 1844 καὶ
3463 1789 3694 1851 τίκτειν,

2124 1899 2183 1951 τὸ
2214 1897 2308 1949 τοῦ
2337 1894 2524 1957 Δαὸὶδ,
2558 1891 2789 1962 ἀνομίαν
2820 1907 2832 1920 ⁸
2873 1910 2890 1940 ι
2915 1889 3090 1958 φάγον
3119 1881 3261 1938 εἷναι
3294 1885 3390 1937 καὶ
3417 1882 3703 1948 οἰνοπότην

2123 1990 2215 2044 τὸν
2267 1990 2411 2042 θεῖον
2465 1986 2639 2054 ἄνδρα
2689 1981 3197 2054 ὑπολαμϐάνονταιι
3235 1975 3452 2030 καὶτὸν
3500 1973 3701 2041 εὐλαϐῆ

2127 2081 2560 2152 ὑποκρινόμενον
2588 2096 2602 2110 ·
2648 2077 2742 2130 καὶ
2783 2073 2852 2147 ἦν
2891 2075 2988 2144 μὲν
3047 2073 3212 2126 τοῦτο
3247 2067 3704 2140 προηγουμένως,

2125 2174 2222 2229 τοῦ
2266 2172 2545 2244 λαθραίως
2589 2172 2657 2224 τὰ
2707 2169 2926 2238 πονηρὰ
2981 2167 3280 2234 σπέρματα
3335 2163 3456 2224 ταῖς
3505 2159 3706 2228 ψυχαῖς

2127 2269 2287 2340 ἡμῶν
2328 2266 2786 2334 διασπείραντος·
2834 2259 2902 2332 ἦν
2953 2261 3140 2313 δὲκαὶ
3197 2257 3438 2327 σμικρᾶς
3489 2252 3705 2305 ἐκείνου

2130 2363 2225 2416 καὶ
2257 2357 2519 2427 ἀγεννοῦς
2543 2356 2806 2418 διανοίας,
2841 2352 2947 2406 ὑπὸ
2995 2353 3102 2406 τῶν
3135 2352 3482 2420 φαινομένων
3519 2346 3706 2407 ἁπλῶς

2130 2456 2311 2508 πάντα
2337 2449 2748 2522 διακρινούσης,
2782 2448 2878 2501 καὶ
2929 2447 3093 2518 μηδὲν
3135 2445 3280 2516 μέγα
3317 2443 3455 2514 μηδὲ
3503 2440 3708 2509 ὑψηλό-

2129 2565 2290 2620 τερον
2334 2543 2658 2613 λογίσασθαι
2693 2541 3001 2612 δυναμένης
3027 2555 3042 2571 ⁸
3103 2539 3229 2608 μηδ’
3256 2539 3341 2591 ὅτι
3369 2536 3444 2608 μὴ
3475 2551 3710 2604 γαστρι-

2136 2641 2377 2714 μαργίας
2426 2634 2494 2709 ἦν
2536 2635 2659 2706 μηδ’
2695 2632 3029 2703 ὀψοφαγίας,
3063 2628 3180 2683 ἀλλ’
3226 2627 3544 2695 οἰκονομίας
3585 2623 3711 2693 μεί-

2133 2737 2286 2802 (ovo;
2335 2734 2368 2802 ἡ
2408 2730 2518 2783 τῶν
2576 2725 3002 2796 παρατεθέντων
3062 2720 3212 2791 αὐτῷ
3273 2717 3610 2791 μετάληψις·
3646 2715 3710 2768 τὸ

2135 2827 2236 2897 μὲν
2267 2825 2338 2878 δι’
2387 2821 2610 2890 ἀγάπης
2642 2816 2968 2887 περιουσίαν
2994 2813 3067 2876 ὡς
3097 2814 3199 2883 ἤδη
3245 2812 3551 2882 φθάσαντες
3585 2807 3711 2876 ἐδη-

2131 2918 2388 2986 λώσαμεν
2415 2931 2428 2944 °
2469 2916 2526 2965 έν
2555 2910 2632 2980 τῷ
2665 2909 2848 2979 κέρδει
2877 2906 2973 2960 τοῦ
3011 2905 3280 2975 μείζονος,
3303 2900 3399 2955 τοῦ
3425 2900 3711 2960 ἐλάττονος

2135 3004 2662 3079 περιφρονουελένου.
2695 3001 2760 3054 Τί
2807 2999 2919 3071 γάρ
2964 2997 3146 3068 ἀποχὴ
3205 2995 3514 3067 βρωμάτων
3571 2991 3712 3060 πρὸς

443 3088 691 3143 ciborum
722 3091 1042 3146 alstinentia
1057 3094 1121 3146 ad
1142 3095 1492 3149 excellentem
1515 3095 1651 3148 adeo
1668 3094 2024 3149 charitatem‘!

2138 3104 2359 3172 ἀγάπης
2389 3097 2644 3166 τοιαύτην
2691 3094 3007 3164 ὑπεροχήν;
3050 3090 3124 3143 T6
3152 3088 3207 3143 δὲ
3236 3090 3323 3142 ἵνα
3351 3087 3478 3159 δόξῃ
3511 3083 3712 3154 μᾶλλον

443 3180 646 3236 Partim
685 3199 838 3250 vero,
878 3195 935 3239 ut
969 3188 1038 3241 ab
1070 3189 1418 3257 exsuperaut't
1466 3189 1730 3244 modestia
1791 3188 1916 3244 talis
1944 3189 2029 3241 vi-

445 3275 558 3327 deri
589 3286 791 3345 posset,
827 3280 1006 3348 qualis
1039 3281 1110 3334 illi
1139 3283 1314 3350 reipsa
1339 3296 1404 3335 ex
1441 3283 1609 3336 multa
1643 3282 1762 3350 ejus
1796 3281 2031 3334 ruditate

445 3382 507 3422 ac
539 3369 771 3424 stultitia
806 3372 954 3426 visus
983 3383 1085 3427 cst.
1113 3373 1268 3440 Quod
1299 3374 1446 3427 enim
1493 3376 1606 3428 haec
1632 3373 1711 3428 sic
1745 3373 2028 3436 haberent,

447 3476 511 3514 ac
553 3466 692 3516 male
720 3462 1004 3533 Philippus
1031 3467 1392 3534 conjectaret,
1424 3466 1835 3535 plurimumque
1875 3483 1902 3518 a
1941 3482 2033 3521 ve-

448 3555 611 3608 ritate
629 3556 908 3610 aberraret
942 3572 1127 3611 coram
1160 3558 1338 3612 oblata
1373 3558 1580 3613 visione
1603 3560 1862 3625 ostendit,
1900 3579 1916 3610 ι
1951 3569 2033 3613 te-

447 3645 549 3698 stis
581 3646 634 3698 in
668 3647 808 3700 caelo
843 3647 1020 3701 lidelis
1053 3649 1119 3700 ¹¹.
1168 3668 1186 3699 ι
1236 3650 1370 3702 Cum
1395 3650 1540 3704 enim
1575 3665 1672 3707 eas
1704 3652 1793 3705 ille
1829 3654 2036 3722 cogita-

449 3738 626 3791 tiones
663 3748 922 3802 versaret,
977 3741 1153 3810 iisque
1209 3742 1617 3807 immoraretur,
1650 3745 1878 3813 corripit
1908 3759 2031 3798 eum

448 3847 676 3887 somnus
712 3850 725 3885 :
761 3843 924 3904 atque
954 3834 1006 3889 in
1035 3837 1267 3903 somnis,
1318 3836 1458 3892 duos
1509 3839 1774 3907 quosdam
1823 3839 2036 3893 adoles—

445 3932 633 3980 centes
664 3925 830 3980 videt.
865 3926 1076 3983 Tantus
1130 3929 1326 3984 horum
1361 3941 1477 3987 erat
1514 3929 1698 3995 decor,
1752 3947 1814 3985 ac
1845 3932 1932 4001 qni
1969 3948 2033 3986 ex

447 4015 587 4072 facie
624 4020 883 4089 splendor
915 4024 1210 4088 emicabat,
1247 4027 1462 4096 qualem
1497 4044 1594 4084 nec
1645 4044 1828 4084 sermo
1865 4029 2037 4098 expli-

446 4127 593 4175 care,
615 4128 712 4167 nec
736 4114 880 4168 oculi
907 4127 1121 4183 portare
1157 4119 1390 4186 possint.
1423 4121 1524 4187 Qui
1569 4137 1731 4192 porro
1767 4123 2036 4184 astabant,

448 4201 662 4259 infenso
699 4205 762 4258 ad
793 4223 914 4260 eum
941 4209 1110 4270 vultu,
1133 4225 1196 4264 ac
1232 4212 1588 4266 amariauimi
1623 4214 1832 4268 indice:
1853 4231 1872 4264 ι
1901 4215 2037 4280 Quid

451 4295 663 4362 teipse,
718 4297 989 4367 inquiunt,
1046 4300 1470 4369 cogitationibus
1528 4303 1864 4358 conturbas?
1899 4302 2036 4368 Quid

2132 3196 2378 3257 τοιοῦτος
2419 3193 2510 3246 διὰ
2545 3183 3052 3257 ταπεινοφροσύνης
3102 3180 3432 3252 ὑπερϐολὴν,
3467 3174 3579 3230 οἷον
3611 3175 3711 3229 αὑ-

2133 3291 2222 3343 τὸν
2249 3289 2456 3347 ἐκεῖνος
2486 3287 2548 3337 ὲκ
2585 3281 2790 3349 πολλῆς
2825 3277 2969 3342 ἔδοξε
3013 3274 3328 3344 παχύτητος
3375 3271 3469 3324 καὶ
3518 3285 3713 3340 φρενο-

2135 3379 2416 3441 ϐλαϐείας.
2456 3378 2564 3431 Καὶ
2594 3375 2676 3427 ὅτι
2699 3373 2876 3425 ταῦτα
2909 3368 3086 3432 οὕτως
3122 3365 3257 3437 εἶχε,
3287 3367 3381 3417 καὶ
3428 3361 3614 3422 κακῶς
3641 3353 3710 3426 ἦν

2133 3467 2497 3544 ὀνειροπολῶν
2527 3471 2555 3521 6
2583 3466 2852 3526 Φίλιππος
2901 3462 3106 3531 σφόδρα
3148 3461 3242 3529 τῆς
3274 3455 3538 3527 ἀληθείας
3573 3453 3710 3506 ὑπο-

2135 3564 2512 3633 πλανώμενος,
2570 3559 2874 3625 αὑτοφασὶν
2922 3552 3114 3618 ἔδειξε,
3170 3552 3263 3605 καὶ
3308 3551 3336 3603 6
3397 3548 3611 3617 μάρτυς
3653 3546 3712 3597 ἐν

2135 3657 2349 3728 οὑρανῷ
2401 3652 2614 3715 πιστός.
2658 3671 2675 3702 ι
2708 3649 2869 3703 Οὕτω
2924 3648 3034 3717 γὰρ
3091 3646 3395 3712 στρέφοντα
3449 3643 3545 3694 καὶ
3595 3635 3716 3691 ἀδο-

2137 3751 2434 3824 λεσχοῦντα
2472 3751 2584 3810 τοῖς
2612 3746 2917 3814 λογισμοῖς,
2949 3741 3119 3801 ὕπνος
3146 3741 3356 3792 ἐκεῖνον
3393 3737 3543 3802 αἱρεῖ
3567 3751 3582 3765 ο
3618 3733 3714 3785 καὶ

2137 3849 2294 3917 ὖναρ,
2329 3844 2424 3898 δύο
2472 3841 2626 3903 τινάς
2677 3839 2780 3908 ὁρᾷ
2837 3835 3077 3895 νεανίας.
3115 3832 3189 3885 T6
3235 3829 3429 3890 κάλλος
3466 3826 3714 3888 ἐκείνων,

2139 3940 2233 3992 καὶ
2261 3941 2294 4008 ἡ
2329 3936 2676 3989 ἐκπίπτουσα
2728 3929 2823 3982 τοῦ
2864 3927 3159 3998 προσώπου
3198 3919 3561 3993 μαρμαρυγὴ,
3590 3916 3715 3970 οὕτε

2139 4029 2284 4098 λόγῳ
2313 4024 2476 4097 ῥητὴ,
2504 4023 2628 4076 οὕτε
2657 4017 2956 4090 ὀφθαλμοῖς
2987 4013 3219 4088 φορητὴ·
3244 4013 3359 4081 οἵγε
3400 4008 3719 4079 παραστάν-

2141 4138 2232 4182 τες
2304 4115 2453 4185 αὑτῷ
2527 4114 2709 4183 μορφῇ
2777 4109 3038 4177 δυσμενεί
3094 4105 3190 4158 καὶ
3246 4102 3428 4173 ψυχῆς
3488 4098 3719 4168 πικρίαν

2142 4207 2600 4278 ἀπαγγελλούσῃ,
2642 4224 2657 4252 ι
2709 4203 2775 4255 Τί
2834 4200 3084 4260 σεαυτὸν,
3140 4193 3317 4258 εἷπον,
3354 4194 3717 4263 ἐκταράττεις

2143 4305 2254 4365 τοῖς
2283 4301 2600 4368 λογισμοίςς
2637 4295 2700 4346 Τί
2727 4294 2817 4346 τὸν
2847 4292 3090 4346 ἀναίτιον
3118 4286 3448 4346 ὑποῦάλλεις
3482 4284 3717 4346 αἰτίαιςς

450 4389 502 4443 in
559 4391 762 4444 crimen
823 4393 1094 4446 insootem
1131 4395 1341 4449 trahis?
1369 4393 1519 4449 Tolle
1546 4396 1758 4457 oculos.
1789 4400 1880 4467 qui
1915 4411 2024 4454 ter-

2142 4395 2316 4468 ’Λρον
2371 4399 2398 4448 6
2453 4394 2604 4447 κάτω
2664 4390 2883 4459 βλέπων
2937 4389 3067 4450 τοὺς
3121 4383 3459 4456 ὀφθαλμοὺς,
3494 4381 3586 4436 καὶ
3637 4381 3715 4433 ἴδε

449 4496 564 4535 ram
597 4493 832 4550 spectas,
861 4499 924 4538 ac
959 4485 1077 4538 vide
1102 4495 1364 4553 quantum
1399 4486 1486 4541 hic
1519 4491 1818 4557 promeruit
1855 4490 2028 4546 bono-

450 4591 587 4640 rem,
615 4577 706 4644 qui
741 4587 834 4631 tuo
854 4576 1057 4644 judicio
1101 4578 1354 4633 seductor
1381 4588 1484 4644 est,
1512 4597 1574 4635 ac
1610 4580 1912 4652 hypocrita,
1939 4599 2033 4638 sa-

449 4683 719 4736 crumque
752 4669 1146 4724 monachorum
1177 4670 1417 4725 habitum
1453 4675 1732 4730 mentitur.

521 4754 803 4819 Tuucillc,
833 4759 899 4813 ad
939 4773 1061 4812 eum
1095 4760 1283 4815 oculos
1321 4763 1628 4828 intendens,
1667 4781 1826 4835 quem
1866 4768 1910 4822 is
1938 4783 2030 4823 os~

449 4849 722 4915 tendebat,
753 4867 1006 4921 magnum
1041 4853 1170 4922 quid
1229 4869 1292 4907 ac
1322 4855 1641 4912 admirabile
1693 4860 1854 4916 videt.
1894 4859 2030 4914 Pur-

449 4958 587 5012 pura
618 4944 861 5012 quaulam
901 4945 1293 5012 pretiosissima
1319 4948 1467 5001 humi
1503 4958 1670 5002 strata
1688 4960 1825 5005 erat.
1856 4951 2032 5020 Super

449 5054 572 5094 eam
610 5045 793 5092 autem
858 5049 1009 5091 stans
1047 5055 1276 5109 magnus
1308 5041 1418 5105 ille,
1480 5040 1727 5096 mirabile
1780 5043 1909 5110 quid
1966 5059 2030 5099 ac

449 5129 741 5190 inell‘abile,
789 5145 914 5183 cum
948 5145 1012 5182 ex
1052 5130 1225 5184 forma
1255 5141 1368 5184 tum
1399 5147 1461 5186 ex
1489 5131 1675 5188 habitu
1707 5133 1853 5187 velut
1877 5133 2033 5187 cliul-

449 5226 630 5293 gebat,
663 5234 920 5292 totusque
946 5225 1123 5293 reipsa
1158 5225 1342 5279 lumen
1393 5225 1694 5282 videbatur.
1729 5227 2026 5296 Postquam

451 5327 631 5372 autem
660 5315 946 5386 Philippus
985 5332 1176 5372 somno
1221 5319 1435 5373 solutus
1463 5329 1628 5381 esset,
1666 5329 1902 5372 tremore
1934 5334 2025 5372 ac-

453 5408 596 5464 cedit
622 5425 686 5464 ac
717 5409 866 5464 vultu
900 5410 1204 5473 immutato,
1231 5425 1342 5480 quo
1377 5410 1496 5464 loco
1531 5409 1718 5466 Patres
1747 5411 2026 5466 collectam

459 5499 734 5557 habebant
783 5521 796 5556 :
840 5511 1004 5573 atque
1057 5503 1239 5558 omnia
1276 5503 1577 5573 explicans,
1639 5511 1755 5557 tum
1807 5519 1928 5572 quae
1975 5504 2030 5558 in

462 5591 644 5663 vigilia
685 5595 824 5649 lecto
869 5596 1121 5652 desidens
1171 5595 1355 5650 animo
1414 5595 1529 5664 ipse
1577 5603 1871 5656 versasset,
1915 5604 2027 5650 tum

543 5773 584 5804 "
615 5770 739 5826 Psal
799 5785 890 5836 vn,
932 5771 1017 5826 15.
1099 5773 1135 5803 ¹¹
1182 5769 1324 5825 Psal.
1358 5788 1624 5838 Lxxxrttt,
1654 5769 1744 5825 '58.

2140 4488 2302 4548 ποίας
2351 4476 2508 4545 οὗτος
2566 4480 2793 4551 ἠξίωται
2848 4479 2948 4549 τῆς
3005 4477 3195 4546 τιμῆς,
3232 4479 3258 4529 6
3299 4477 3451 4546 παρᾶ
3517 4474 3600 4526 σοί
3652 4490 3719 4541 γε

2137 4581 2328 4650 κριτῇ.
2361 4573 2660 4638 πλάνοςῶν
2702 4572 2794 4624 καὶ
2822 4568 3148 4639 ὑποκριτὴς,
3186 4568 3282 4621 καὶ
3329 4566 3424 4619 τοῦ
3467 4565 3576 4617 τῶν
3615 4581 3717 4630 μο-

2139 4671 2319 4741 ναχῶν
2351 4668 2504 4722 ὀσίου
2532 4663 3016 4733 καταψευδόμενος
3051 4661 3357 4730 σχήματος.
3403 4675 3421 4707 ι

2212 4758 2349 4814 Εἶτα
2393 4759 2484 4812 τὸν
2515 4755 2798 4825 ὀφθαλμὸν
2820 4755 3014 4823 διάρας
3048 4754 3276 4814 ἐκεῖνος,
3309 4749 3446 4819 πρὸς
3471 4746 3531 4799 ὃν
3554 4745 3718 4807 αὑτὸς

2138 4856 2452 4914 ὑπεδείκνυ,
2491 4853 2634 4921 μέγα
2657 4867 2708 4902 τι
2737 4846 2832 4900 καὶ
2860 4846 3164 4914 θαυμάσιον
3196 4843 3430 4913 καθορᾷ.
3452 4840 3717 4911 Πορφύρα

2137 4966 2220 5011 τις
2256 4946 2563 5015 ὑπέρτιμος
2589 4941 2693 4993 ὑπὸ
2721 4939 2826 5006 γῆς
2869 4937 3110 5008 ἥπλωτο.
3159 4934 3449 5004 ’Υπεράνω
3496 4931 3552 4983 δὲ
3585 4929 3717 4982 ταύ-

2135 5057 2234 5111 της
2274 5039 2301 5090 ὀ
2337 5039 2512 5107 μέγας
2557 5035 2821 5102 εἱστήκει,
2865 5031 3180 5099 θαυμαστὸν
3221 5021 3336 5079 οἷον
3387 5025 3481 5078 καὶ
3539 5025 3716 5093 ἄρρηο

2134 5149 2227 5184 τον
2257 5133 2322 5184 ἐκ
2354 5133 2452 5201 τῆς
2482 5126 2698 5196 μορφῆς
2729 5125 2845 5194 ἅμα
2877 5124 2973 5176 καὶ
3016 5119 3316 5193 περιὸολῆς
3345 5117 3714 5184 ἀπολάμπων.

2136 5227 2231 5278 καὶ
2269 5224 2391 5286 ὅλος
2451 5220 2778 5290 αὐτόχρημα
2826 5214 2945 5285 φῶς
2978 5215 3280 5283 ὁρώμενος.
3317 5210 3470 5262 Ἐπεὶ
3513 5209 3570 5261 δὲ
3619 5207 3712 5259 τὸν

2137 5317 2407 5369 Φίλιππον
2473 5312 2643 5374 ὕπνος
2699 5308 2905 5378 ἀνῆκε,
2955 5306 3260 5375 σύντρομος
3302 5301 3553 5371 πρόσεισι
3616 5299 3717 5352 καὶ

2137 5405 2526 5477 ἠλλοιωμένος,
2569 5403 2699 5456 ἔνθα
2735 5402 2834 5472 τὴν
2868 5395 3093 5460 σύναξιν
3125 5395 3175 5446 οί
3220 5392 3465 5458 Πατέρες
3522 5386 3668 5457 εἶχον
3695 5404 3711 5419 ·

2139 5503 2233 5556 καὶ
2264 5502 2444 5553 πάντα
2480 5495 2808 5565 διασαφίσας
2844 5495 2943 5546 ὅσα
2999 5506 3057 5542 τε
3091 5485 3243 5555 ὕπαρ
3285 5482 3449 5545 αὑτὸς
3480 5481 3577 5533 ἐπὶ
3609 5481 3714 5549 τῆς

2145 5594 2436 5665 στρωμνῆς
2504 5591 2779 5661 ἔστρεφε·
2848 5587 2945 5640 καὶ
3023 5583 3121 5635 ὅσα
3196 5579 3331 5648 ὀναρ
3411 5574 3718 5648 ὑπερφυῶς
