  <div class='ocr_page' id='page_1' title='image "/cluster/home/n/w/nwhite01/storage/ocr_20150623/111/hvd.32044073502288/258.png"; bbox 0 0 4088 6208; ppageno 0'>
   <div class='ocr_carea' id='block_1_1' title="bbox 342 329 454 389">
    <p class='ocr_par' dir='ltr' id='par_1_1' title="bbox 342 329 454 389">
     <span class='ocr_line' id='line_1_1' title="bbox 342 329 454 389; baseline 0.009 -1"><span class='ocrx_word' id='word_1_1' title='bbox 342 329 454 389; x_wconf 75' lang='grc'><strong>473</strong></span> 
     </span>
    </p>
   </div>
   <div class='ocr_carea' id='block_1_2' title="bbox 1496 335 2464 398">
    <p class='ocr_par' dir='ltr' id='par_1_2' title="bbox 1496 335 2464 398">
     <span class='ocr_line' id='line_1_2' title="bbox 1496 335 2464 398; baseline -0.001 -1"><span class='ocrx_word' id='word_1_2' title='bbox 1496 338 1673 397; x_wconf 79' lang='lat' dir='ltr'><strong>VITA</strong></span> <span class='ocrx_word' id='word_1_3' title='bbox 1715 338 1778 396; x_wconf 93' lang='lat' dir='ltr'><strong>S.</strong></span> <span class='ocrx_word' id='word_1_4' title='bbox 1819 336 2035 397; x_wconf 62' lang='grc' dir='ltr'><strong>[ΗΒΕ</strong></span> <span class='ocrx_word' id='word_1_5' title='bbox 2073 335 2464 398; x_wconf 79' lang='lat' dir='ltr'><strong>JUNIORIS.</strong></span> 
     </span>
    </p>
   </div>
   <div class='ocr_carea' id='block_1_3' title="bbox 3505 331 3612 392">
    <p class='ocr_par' dir='ltr' id='par_1_3' title="bbox 3505 331 3612 392">
     <span class='ocr_line' id='line_1_3' title="bbox 3505 331 3612 392; baseline 0 0"><span class='ocrx_word' id='word_1_6' title='bbox 3505 331 3612 392; x_wconf 60' lang='lat'><strong>475</strong></span> 
     </span>
    </p>
   </div>
   <div class='ocr_carea' id='block_1_4' title="bbox 343 442 1937 520">
    <p class='ocr_par' dir='ltr' id='par_1_4' title="bbox 343 442 1917 519">
     <span class='ocr_line' id='line_1_4' title="bbox 343 442 1917 519; baseline 0.004 -22"><span class='ocrx_word' id='word_1_7' title='bbox 343 442 633 504; x_wconf 71' lang='grc' dir='ltr'>ἐθεάσατο,</span> <span class='ocrx_word' id='word_1_8' title='bbox 674 443 767 496; x_wconf 73' lang='grc' dir='ltr'><strong>καὶ</strong></span> <span class='ocrx_word' id='word_1_9' title='bbox 801 459 1137 516; x_wconf 80' lang='grc' dir='ltr'>συγγνωμης</span> <span class='ocrx_word' id='word_1_10' title='bbox 1179 446 1380 517; x_wconf 83' lang='grc' dir='ltr'>τυχὼν,</span> <span class='ocrx_word' id='word_1_11' title='bbox 1427 447 1582 517; x_wconf 80' lang='grc' dir='ltr'>μένει</span> <span class='ocrx_word' id='word_1_12' title='bbox 1636 450 1698 502; x_wconf 84' lang='grc' dir='ltr'>τὸ</span> <span class='ocrx_word' id='word_1_13' title='bbox 1729 448 1917 519; x_wconf 79' lang='grc' dir='ltr'>θαῦμα</span> 
     </span>
    </p>
   </div>
   <div class='ocr_carea' id='block_1_5' title="bbox 2044 442 3612 520">
    <p class='ocr_par' dir='ltr' id='par_1_5' title="bbox 2044 445 3612 520">
     <span class='ocr_line' id='line_1_5' title="bbox 2044 445 3612 520; baseline -0.003 -16"><span class='ocrx_word' id='word_1_14' title='bbox 2044 465 2144 520; x_wconf 76' lang='lat' dir='ltr'><strong>pta:</strong></span> <span class='ocrx_word' id='word_1_15' title='bbox 2174 449 2226 502; x_wconf 93' lang='lat' dir='ltr'><strong>in</strong></span> <span class='ocrx_word' id='word_1_16' title='bbox 2276 449 2486 504; x_wconf 85' lang='lat' dir='ltr'><strong>somnis</strong></span> <span class='ocrx_word' id='word_1_17' title='bbox 2521 445 2843 501; x_wconf 82' lang='lat' dir='ltr'><strong>mirabiliter</strong></span> <span class='ocrx_word' id='word_1_18' title='bbox 2893 451 3250 512; x_wconf 80' lang='lat' dir='ltr'><strong>aspectasset,</strong></span> <span class='ocrx_word' id='word_1_19' title='bbox 3285 458 3350 497; x_wconf 86' lang='lat' dir='ltr'><strong>ac</strong></span> <span class='ocrx_word' id='word_1_20' title='bbox 3395 446 3612 499; x_wconf 81' lang='lat' dir='ltr'><strong>veniam</strong></span> 
     </span>
    </p>
   </div>
   <div class='ocr_carea' id='block_1_6' title="bbox 340 532 1918 606">
    <p class='ocr_par' dir='ltr' id='par_1_6' title="bbox 340 532 1918 606">
     <span class='ocr_line' id='line_1_6' title="bbox 340 532 1918 606; baseline 0.003 -19"><span class='ocrx_word' id='word_1_21' title='bbox 340 532 629 604; x_wconf 84' lang='grc' dir='ltr'><strong>κηρύττων</strong></span> <span class='ocrx_word' id='word_1_22' title='bbox 684 533 890 588; x_wconf 76' lang='grc' dir='ltr'><strong>εἰσέτι⁹</strong></span> <span class='ocrx_word' id='word_1_23' title='bbox 950 536 1145 590; x_wconf 77' lang='grc' dir='ltr'>ἑαυτοῦ</span> <span class='ocrx_word' id='word_1_24' title='bbox 1201 554 1261 590; x_wconf 91' lang='grc' dir='ltr'><strong>τε</strong></span> <span class='ocrx_word' id='word_1_25' title='bbox 1326 539 1756 606; x_wconf 75' lang='grc' dir='ltr'><strong>καταγινώσκων</strong></span> <span class='ocrx_word' id='word_1_26' title='bbox 1814 556 1918 592; x_wconf 84' lang='grc' dir='ltr'>κα-</span> 
     </span>
    </p>
   </div>
   <div class='ocr_carea' id='block_1_7' title="bbox 339 623 1916 702">
    <p class='ocr_par' dir='ltr' id='par_1_7' title="bbox 339 623 1916 702">
     <span class='ocr_line' id='line_1_7' title="bbox 339 623 1916 702; baseline 0.004 -22"><span class='ocrx_word' id='word_1_27' title='bbox 339 628 471 689; x_wconf 70' lang='grc' dir='ltr'>λῶς.</span> <span class='ocrx_word' id='word_1_28' title='bbox 505 625 590 697; x_wconf 80' lang='grc' dir='ltr'>ἐφ’</span> <span class='ocrx_word' id='word_1_29' title='bbox 629 623 713 691; x_wconf 71' lang='grc' dir='ltr'>οἷς</span> <span class='ocrx_word' id='word_1_30' title='bbox 765 627 860 681; x_wconf 89' lang='grc' dir='ltr'><strong>τοῦ</strong></span> <span class='ocrx_word' id='word_1_31' title='bbox 913 628 1128 684; x_wconf 79' lang='grc' dir='ltr'><strong>δικαίου</strong></span> <span class='ocrx_word' id='word_1_32' title='bbox 1188 631 1310 685; x_wconf 85' lang='grc' dir='ltr'>λίαν</span> <span class='ocrx_word' id='word_1_33' title='bbox 1360 632 1551 696; x_wconf 86' lang='grc' dir='ltr'>κακῶς</span> <span class='ocrx_word' id='word_1_34' title='bbox 1610 633 1916 702; x_wconf 87' lang='grc' dir='ltr'>κατεγίνω-</span> 
     </span>
    </p>
   </div>
   <div class='ocr_carea' id='block_1_8' title="bbox 339 735 490 773">
    <p class='ocr_par' dir='ltr' id='par_1_8' title="bbox 339 735 490 773">
     <span class='ocr_line' id='line_1_8' title="bbox 339 735 490 773; baseline 0.007 -1"><span class='ocrx_word' id='word_1_35' title='bbox 339 735 490 773; x_wconf 83' lang='grc' dir='ltr'>σκεν.</span> 
     </span>
    </p>
   </div>
   <div class='ocr_carea' id='block_1_9' title="bbox 423 810 1921 887">
    <p class='ocr_par' dir='ltr' id='par_1_9' title="bbox 423 810 1921 887">
     <span class='ocr_line' id='line_1_9' title="bbox 423 810 1921 887; baseline 0.007 -26"><span class='ocrx_word' id='word_1_36' title='bbox 423 810 619 866; x_wconf 82' lang='grc' dir='ltr'>Ἠνίκα</span> <span class='ocrx_word' id='word_1_37' title='bbox 645 814 766 876; x_wconf 87' lang='grc' dir='ltr'>ταῖς</span> <span class='ocrx_word' id='word_1_38' title='bbox 793 813 1082 883; x_wconf 79' lang='grc' dir='ltr'><strong>παραλίοις</strong></span> <span class='ocrx_word' id='word_1_39' title='bbox 1111 816 1330 887; x_wconf 87' lang='grc' dir='ltr'>χαίρειν</span> <span class='ocrx_word' id='word_1_40' title='bbox 1363 817 1530 871; x_wconf 82' lang='grc' dir='ltr'>εἰπὼν</span> <span class='ocrx_word' id='word_1_41' title='bbox 1561 820 1589 873; x_wconf 83' lang='grc' dir='ltr'><strong>ὁ</strong></span> <span class='ocrx_word' id='word_1_42' title='bbox 1611 819 1921 880; x_wconf 80' lang='grc' dir='ltr'><strong>θεσπέσιος,</strong></span> 
     </span>
    </p>
   </div>
   <div class='ocr_carea' id='block_1_10' title="bbox 339 902 1924 980">
    <p class='ocr_par' dir='ltr' id='par_1_10' title="bbox 339 902 1924 980">
     <span class='ocr_line' id='line_1_10' title="bbox 339 902 1924 980; baseline 0.007 -27"><span class='ocrx_word' id='word_1_43' title='bbox 339 903 424 966; x_wconf 82' lang='grc' dir='ltr'><strong>είς</strong></span> <span class='ocrx_word' id='word_1_44' title='bbox 475 902 566 956; x_wconf 80' lang='grc' dir='ltr'><strong>τδν</strong></span> <span class='ocrx_word' id='word_1_45' title='bbox 609 903 704 957; x_wconf 88' lang='grc' dir='ltr'><strong>τοῦ</strong></span> <span class='ocrx_word' id='word_1_46' title='bbox 761 905 1040 975; x_wconf 85' lang='grc' dir='ltr'>Σωτηρίου</span> <span class='ocrx_word' id='word_1_47' title='bbox 1072 910 1344 962; x_wconf 76' lang='grc' dir='ltr'>κατέϐαλε</span> <span class='ocrx_word' id='word_1_48' title='bbox 1409 910 1610 980; x_wconf 88' lang='grc' dir='ltr'>χῶρον,</span> <span class='ocrx_word' id='word_1_49' title='bbox 1670 915 1767 966; x_wconf 74' lang='grc' dir='ltr'>καὶ</span> <span class='ocrx_word' id='word_1_50' title='bbox 1822 911 1924 980; x_wconf 83' lang='grc' dir='ltr'><strong>τὴν</strong></span> 
     </span>
    </p>
   </div>
   <div class='ocr_carea' id='block_1_11' title="bbox 337 996 1926 1073">
    <p class='ocr_par' dir='ltr' id='par_1_11' title="bbox 337 996 1926 1073">
     <span class='ocr_line' id='line_1_11' title="bbox 337 996 1926 1073; baseline 0.005 -26"><span class='ocrx_word' id='word_1_51' title='bbox 337 996 655 1066; x_wconf 81' lang='grc' dir='ltr'>άσκητικὴν</span> <span class='ocrx_word' id='word_1_52' title='bbox 687 997 748 1050; x_wconf 83' lang='grc' dir='ltr'><strong>ἐν</strong></span> <span class='ocrx_word' id='word_1_53' title='bbox 777 999 955 1070; x_wconf 80' lang='grc' dir='ltr'>τούτῳ</span> <span class='ocrx_word' id='word_1_54' title='bbox 1013 1001 1262 1071; x_wconf 79' lang='grc' dir='ltr'>καλύὸην</span> <span class='ocrx_word' id='word_1_55' title='bbox 1299 1002 1558 1073; x_wconf 79' lang='grc' dir='ltr'>ἐπήξατο,</span> <span class='ocrx_word' id='word_1_56' title='bbox 1595 1004 1826 1073; x_wconf 75' lang='grc' dir='ltr'>ἕϐδομον</span> <span class='ocrx_word' id='word_1_57' title='bbox 1867 1006 1926 1055; x_wconf 87' lang='grc' dir='ltr'>ὲν</span> 
     </span>
    </p>
   </div>
   <div class='ocr_carea' id='block_1_12' title="bbox 338 1088 1925 1168">
    <p class='ocr_par' dir='ltr' id='par_1_12' title="bbox 338 1088 1925 1168">
     <span class='ocr_line' id='line_1_12' title="bbox 338 1088 1925 1168; baseline 0.006 -29"><span class='ocrx_word' id='word_1_58' title='bbox 338 1088 492 1158; x_wconf 72' lang='grc' dir='ltr'>αὐτῷ</span> <span class='ocrx_word' id='word_1_59' title='bbox 556 1090 820 1155; x_wconf 76' lang='grc' dir='ltr'>διανύσας</span> <span class='ocrx_word' id='word_1_60' title='bbox 864 1092 1005 1158; x_wconf 76' lang='grc' dir='ltr'>ἔτος.</span> <span class='ocrx_word' id='word_1_61' title='bbox 1073 1097 1328 1166; x_wconf 77' lang='grc' dir='ltr'><strong>προέγνω</strong></span> <span class='ocrx_word' id='word_1_62' title='bbox 1378 1097 1480 1165; x_wconf 80' lang='grc' dir='ltr'>μὲν</span> <span class='ocrx_word' id='word_1_63' title='bbox 1505 1097 1606 1168; x_wconf 84' lang='grc' dir='ltr'>τὴν</span> <span class='ocrx_word' id='word_1_64' title='bbox 1643 1097 1925 1167; x_wconf 78' lang='grc' dir='ltr'>μακαρίαν</span> 
     </span>
    </p>
   </div>
   <div class='ocr_carea' id='block_1_13' title="bbox 336 1178 1922 1260">
    <p class='ocr_par' dir='ltr' id='par_1_13' title="bbox 336 1178 1922 1260">
     <span class='ocr_line' id='line_1_13' title="bbox 336 1178 1922 1260; baseline 0.007 -28"><span class='ocrx_word' id='word_1_65' title='bbox 336 1178 506 1234; x_wconf 80' lang='grc' dir='ltr'>αὑτοῦ</span> <span class='ocrx_word' id='word_1_66' title='bbox 538 1180 798 1251; x_wconf 81' lang='grc' dir='ltr'>τελευτὴν</span> <span class='ocrx_word' id='word_1_67' title='bbox 824 1185 916 1238; x_wconf 81' lang='grc' dir='ltr'><strong>ἐπὶ</strong></span> <span class='ocrx_word' id='word_1_68' title='bbox 940 1185 1138 1256; x_wconf 80' lang='grc' dir='ltr'><strong>θύραις</strong></span> <span class='ocrx_word' id='word_1_69' title='bbox 1165 1187 1334 1240; x_wconf 78' lang='grc' dir='ltr'>οὖσαν</span> <span class='ocrx_word' id='word_1_70' title='bbox 1355 1205 1369 1218; x_wconf 89' lang='grc'><strong>·</strong></span> <span class='ocrx_word' id='word_1_71' title='bbox 1396 1188 1674 1260; x_wconf 79' lang='grc' dir='ltr'><strong>γνώριμον</strong></span> <span class='ocrx_word' id='word_1_72' title='bbox 1705 1191 1761 1243; x_wconf 84' lang='grc' dir='ltr'>δὲ</span> <span class='ocrx_word' id='word_1_73' title='bbox 1790 1190 1922 1243; x_wconf 90' lang='grc' dir='ltr'>ταύ-</span> 
     </span>
    </p>
   </div>
   <div class='ocr_carea' id='block_1_14' title="bbox 336 1274 1924 1352">
    <p class='ocr_par' dir='ltr' id='par_1_14' title="bbox 336 1274 1924 1352">
     <span class='ocr_line' id='line_1_14' title="bbox 336 1274 1924 1352; baseline 0.008 -28"><span class='ocrx_word' id='word_1_74' title='bbox 336 1289 442 1340; x_wconf 89' lang='grc' dir='ltr'><strong>την</strong></span> <span class='ocrx_word' id='word_1_75' title='bbox 472 1274 812 1343; x_wconf 78' lang='grc' dir='ltr'>κατέστησεν</span> <span class='ocrx_word' id='word_1_76' title='bbox 855 1277 1031 1332; x_wconf 82' lang='grc' dir='ltr'>οὐδενί</span> <span class='ocrx_word' id='word_1_77' title='bbox 1059 1293 1078 1311; x_wconf 85' lang='grc'>⁶</span> <span class='ocrx_word' id='word_1_78' title='bbox 1115 1280 1254 1333; x_wconf 84' lang='grc' dir='ltr'>ἀλλὰ</span> <span class='ocrx_word' id='word_1_79' title='bbox 1291 1281 1570 1352; x_wconf 84' lang='grc' dir='ltr'>προελθὼν</span> <span class='ocrx_word' id='word_1_80' title='bbox 1608 1282 1806 1351; x_wconf 84' lang='grc' dir='ltr'>κέλλης</span> <span class='ocrx_word' id='word_1_81' title='bbox 1846 1283 1924 1345; x_wconf 84' lang='grc' dir='ltr'>ὼς</span> 
     </span>
    </p>
   </div>
   <div class='ocr_carea' id='block_1_15' title="bbox 337 1363 1928 1441">
    <p class='ocr_par' dir='ltr' id='par_1_15' title="bbox 337 1363 1928 1441">
     <span class='ocr_line' id='line_1_15' title="bbox 337 1363 1928 1441; baseline 0.008 -26"><span class='ocrx_word' id='word_1_82' title='bbox 337 1363 437 1416; x_wconf 79' lang='grc' dir='ltr'><strong>ἐπί</strong></span> <span class='ocrx_word' id='word_1_83' title='bbox 467 1381 519 1417; x_wconf 87' lang='grc' dir='ltr'><strong>τι</strong></span> <span class='ocrx_word' id='word_1_84' title='bbox 548 1365 656 1418; x_wconf 90' lang='grc' dir='ltr'><strong>τῶν</strong></span> <span class='ocrx_word' id='word_1_85' title='bbox 679 1367 1018 1435; x_wconf 76' lang='grc' dir='ltr'>ἀναγκαίων,</span> <span class='ocrx_word' id='word_1_86' title='bbox 1050 1372 1144 1424; x_wconf 75' lang='grc' dir='ltr'>καὶ</span> <span class='ocrx_word' id='word_1_87' title='bbox 1181 1372 1316 1425; x_wconf 80' lang='grc' dir='ltr'>πᾶσι</span> <span class='ocrx_word' id='word_1_88' title='bbox 1355 1371 1550 1440; x_wconf 89' lang='grc' dir='ltr'>φίλοις,</span> <span class='ocrx_word' id='word_1_89' title='bbox 1590 1374 1798 1441; x_wconf 78' lang='grc' dir='ltr'>γείτοσι</span> <span class='ocrx_word' id='word_1_90' title='bbox 1831 1376 1928 1428; x_wconf 70' lang='grc' dir='ltr'>καὶ</span> 
     </span>
    </p>
   </div>
   <div class='ocr_carea' id='block_1_16' title="bbox 336 1458 1918 1532">
    <p class='ocr_par' dir='ltr' id='par_1_16' title="bbox 336 1458 1918 1532">
     <span class='ocr_line' id='line_1_16' title="bbox 336 1458 1918 1532; baseline 0.007 -26"><span class='ocrx_word' id='word_1_91' title='bbox 336 1459 604 1522; x_wconf 79' lang='grc' dir='ltr'>γνωστοῖς</span> <span class='ocrx_word' id='word_1_92' title='bbox 628 1458 1017 1527; x_wconf 78' lang='grc' dir='ltr'>παραϐάλλων,</span> <span class='ocrx_word' id='word_1_93' title='bbox 1057 1461 1494 1532; x_wconf 84' lang='grc' dir='ltr'>συντασσόμενός</span> <span class='ocrx_word' id='word_1_94' title='bbox 1527 1480 1585 1516; x_wconf 87' lang='grc' dir='ltr'><strong>τε</strong></span> <span class='ocrx_word' id='word_1_95' title='bbox 1613 1463 1711 1516; x_wconf 72' lang='grc' dir='ltr'><strong>καὶ</strong></span> <span class='ocrx_word' id='word_1_96' title='bbox 1736 1464 1918 1516; x_wconf 80' lang='grc' dir='ltr'>ἀσπα·</span> 
     </span>
    </p>
   </div>
   <div class='ocr_carea' id='block_1_17' title="bbox 337 1545 1926 1624">
    <p class='ocr_par' dir='ltr' id='par_1_17' title="bbox 337 1545 1926 1624">
     <span class='ocr_line' id='line_1_17' title="bbox 337 1545 1926 1624; baseline 0.007 -26"><span class='ocrx_word' id='word_1_97' title='bbox 337 1547 573 1614; x_wconf 69' lang='grc' dir='ltr'>ξάμενος</span> <span class='ocrx_word' id='word_1_98' title='bbox 617 1548 852 1602; x_wconf 80' lang='grc' dir='ltr'>ἑκάστου</span> <span class='ocrx_word' id='word_1_99' title='bbox 906 1551 1082 1622; x_wconf 86' lang='grc' dir='ltr'>χείλη,</span> <span class='ocrx_word' id='word_1_100' title='bbox 1116 1545 1364 1624; x_wconf 67' lang='grc' dir='ltr'>ὄμματα,</span> <span class='ocrx_word' id='word_1_101' title='bbox 1411 1555 1726 1624; x_wconf 86' lang='grc' dir='ltr'>πρόσωπον,</span> <span class='ocrx_word' id='word_1_102' title='bbox 1759 1575 1778 1607; x_wconf 80' lang='grc' dir='ltr'><strong>ι</strong></span> <span class='ocrx_word' id='word_1_103' title='bbox 1822 1555 1926 1609; x_wconf 73' lang='lat' dir='ltr'><strong>E6-</strong></span> 
     </span>
    </p>
   </div>
   <div class='ocr_carea' id='block_1_18' title="bbox 335 1639 1929 1717">
    <p class='ocr_par' dir='ltr' id='par_1_18' title="bbox 335 1639 1929 1717">
     <span class='ocr_line' id='line_1_18' title="bbox 335 1639 1929 1717; baseline 0.008 -29"><span class='ocrx_word' id='word_1_104' title='bbox 335 1639 529 1706; x_wconf 86' lang='grc' dir='ltr'>χεσθε,</span> <span class='ocrx_word' id='word_1_105' title='bbox 558 1639 801 1709; x_wconf 79' lang='grc' dir='ltr'>ἀδελφοὶ,</span> <span class='ocrx_word' id='word_1_106' title='bbox 826 1641 1058 1711; x_wconf 79' lang='grc' dir='ltr'>ἔφασκε,</span> <span class='ocrx_word' id='word_1_107' title='bbox 1094 1644 1234 1715; x_wconf 73' lang='grc' dir='ltr'>ὑπὲρ</span> <span class='ocrx_word' id='word_1_108' title='bbox 1268 1645 1428 1716; x_wconf 81' lang='grc' dir='ltr'>ἐμοῦ,</span> <span class='ocrx_word' id='word_1_109' title='bbox 1447 1644 1674 1717; x_wconf 76' lang='grc' dir='ltr'><strong>εὔχεσθε</strong></span> <span class='ocrx_word' id='word_1_110' title='bbox 1697 1666 1711 1679; x_wconf 86' lang='grc'><strong>·</strong></span> <span class='ocrx_word' id='word_1_111' title='bbox 1735 1647 1929 1716; x_wconf 79' lang='grc' dir='ltr'>ἄδηλον</span> 
     </span>
    </p>
   </div>
   <div class='ocr_carea' id='block_1_19' title="bbox 337 1729 1927 1812">
    <p class='ocr_par' dir='ltr' id='par_1_19' title="bbox 337 1729 1927 1812">
     <span class='ocr_line' id='line_1_19' title="bbox 337 1729 1927 1812; baseline 0.008 -32"><span class='ocrx_word' id='word_1_112' title='bbox 337 1729 453 1800; x_wconf 70' lang='grc' dir='ltr'><strong>γὰρ</strong></span> <span class='ocrx_word' id='word_1_113' title='bbox 503 1733 564 1784; x_wconf 77' lang='grc' dir='ltr'>τὸ</span> <span class='ocrx_word' id='word_1_114' title='bbox 619 1733 680 1786; x_wconf 91' lang='grc' dir='ltr'><strong>λο</strong></span> <span class='ocrx_word' id='word_1_115' title='bbox 707 1733 826 1800; x_wconf 84' lang='grc' dir='ltr'>πὺν,</span> <span class='ocrx_word' id='word_1_116' title='bbox 861 1737 910 1788; x_wconf 76' lang='grc' dir='ltr'>εἰ</span> <span class='ocrx_word' id='word_1_117' title='bbox 951 1737 1046 1789; x_wconf 72' lang='grc' dir='ltr'>καὶ</span> <span class='ocrx_word' id='word_1_118' title='bbox 1091 1737 1384 1809; x_wconf 72' lang='grc' dir='ltr'>βλέψωμεν</span> <span class='ocrx_word' id='word_1_119' title='bbox 1414 1739 1702 1812; x_wconf 77' lang='grc' dir='ltr'>ἀλλήλους.</span> <span class='ocrx_word' id='word_1_120' title='bbox 1734 1760 1753 1792; x_wconf 74' lang='grc' dir='ltr'><strong>ι</strong></span> <span class='ocrx_word' id='word_1_121' title='bbox 1790 1736 1927 1795; x_wconf 72' lang='grc' dir='ltr'>Εἶτα</span> 
     </span>
    </p>
   </div>
   <div class='ocr_carea' id='block_1_20' title="bbox 2024 531 3613 604">
    <p class='ocr_par' dir='ltr' id='par_1_20' title="bbox 2024 531 3613 604">
     <span class='ocr_line' id='line_1_20' title="bbox 2024 531 3613 604; baseline -0.003 -9"><span class='ocrx_word' id='word_1_122' title='bbox 2024 550 2377 604; x_wconf 73' lang='lat' dir='ltr'><strong>consecutus,</strong></span> <span class='ocrx_word' id='word_1_123' title='bbox 2417 531 2686 594; x_wconf 80' lang='lat' dir='ltr'><strong>hactenus</strong></span> <span class='ocrx_word' id='word_1_124' title='bbox 2726 546 2908 592; x_wconf 87' lang='lat' dir='ltr'><strong>manet</strong></span> <span class='ocrx_word' id='word_1_125' title='bbox 2937 536 3258 589; x_wconf 74' lang='lat' dir='ltr'><strong>miraculum</strong></span> <span class='ocrx_word' id='word_1_126' title='bbox 3291 536 3613 604; x_wconf 64' lang='lat' dir='ltr'><strong>pra&#39;dicans.</strong></span> 
     </span>
    </p>
   </div>
   <div class='ocr_carea' id='block_1_21' title="bbox 2023 627 3618 706">
    <p class='ocr_par' dir='ltr' id='par_1_21' title="bbox 2023 627 3618 706">
     <span class='ocr_line' id='line_1_21' title="bbox 2023 627 3618 706; baseline -0.005 -21"><span class='ocrx_word' id='word_1_127' title='bbox 2023 646 2196 706; x_wconf 88' lang='lat' dir='ltr'><strong>seque</strong></span> <span class='ocrx_word' id='word_1_128' title='bbox 2227 632 2341 701; x_wconf 81' lang='lat' dir='ltr'><strong>ipse</strong></span> <span class='ocrx_word' id='word_1_129' title='bbox 2380 632 2891 692; x_wconf 42' lang='lat' dir='ltr'><strong>meritofdamnans,</strong></span> <span class='ocrx_word' id='word_1_130' title='bbox 2925 643 3024 698; x_wconf 89' lang='lat' dir='ltr'><strong>pro</strong></span> <span class='ocrx_word' id='word_1_131' title='bbox 3048 643 3113 682; x_wconf 88' lang='lat' dir='ltr'><strong>eo</strong></span> <span class='ocrx_word' id='word_1_132' title='bbox 3145 637 3308 697; x_wconf 81' lang='lat' dir='ltr'><strong>atque</strong></span> <span class='ocrx_word' id='word_1_133' title='bbox 3341 627 3618 681; x_wconf 84' lang='lat' dir='ltr'><strong>immerito</strong></span> 
     </span>
    </p>
   </div>
   <div class='ocr_carea' id='block_1_22' title="bbox 2021 723 2714 790">
    <p class='ocr_par' dir='ltr' id='par_1_22' title="bbox 2021 723 2714 790">
     <span class='ocr_line' id='line_1_22' title="bbox 2021 723 2714 790; baseline -0.004 -13"><span class='ocrx_word' id='word_1_134' title='bbox 2021 727 2229 790; x_wconf 78' lang='lat' dir='ltr'><strong>justum</strong></span> <span class='ocrx_word' id='word_1_135' title='bbox 2267 723 2714 778; x_wconf 88' lang='lat' dir='ltr'><strong>condemnasset.</strong></span> 
     </span>
    </p>
   </div>
   <div class='ocr_carea' id='block_1_23' title="bbox 2098 822 3621 900">
    <p class='ocr_par' dir='ltr' id='par_1_23' title="bbox 2098 822 3621 900">
     <span class='ocr_line' id='line_1_23' title="bbox 2098 822 3621 900; baseline -0.008 -15"><span class='ocrx_word' id='word_1_136' title='bbox 2098 831 2142 885; x_wconf 82' lang='lat' dir='ltr'><strong>A</strong></span> <span class='ocrx_word' id='word_1_137' title='bbox 2171 845 2283 900; x_wconf 89' lang='lat' dir='ltr'><strong>quo</strong></span> <span class='ocrx_word' id='word_1_138' title='bbox 2315 839 2558 898; x_wconf 89' lang='lat' dir='ltr'><strong>tempore</strong></span> <span class='ocrx_word' id='word_1_139' title='bbox 2595 828 2680 882; x_wconf 84' lang='lat' dir='ltr'><strong>vir</strong></span> <span class='ocrx_word' id='word_1_140' title='bbox 2710 826 2980 881; x_wconf 77' lang='lat' dir='ltr'><strong>mirabilis</strong></span> <span class='ocrx_word' id='word_1_141' title='bbox 3005 824 3316 878; x_wconf 80' lang='lat' dir='ltr'><strong>valedieens</strong></span> <span class='ocrx_word' id='word_1_142' title='bbox 3342 822 3480 876; x_wconf 83' lang='lat' dir='ltr'><strong>locis</strong></span> <span class='ocrx_word' id='word_1_143' title='bbox 3505 836 3621 874; x_wconf 88' lang='lat' dir='ltr'><strong>ma-</strong></span> 
     </span>
    </p>
   </div>
   <div class='ocr_carea' id='block_1_24' title="bbox 2028 917 3612 985">
    <p class='ocr_par' dir='ltr' id='par_1_24' title="bbox 2028 917 3612 985">
     <span class='ocr_line' id='line_1_24' title="bbox 2028 917 3612 985; baseline -0.011 -7"><span class='ocrx_word' id='word_1_144' title='bbox 2028 923 2232 978; x_wconf 91' lang='lat' dir='ltr'><strong>ritimis</strong></span> <span class='ocrx_word' id='word_1_145' title='bbox 2265 921 2330 974; x_wconf 85' lang='lat' dir='ltr'><strong>ad</strong></span> <span class='ocrx_word' id='word_1_146' title='bbox 2362 920 2560 975; x_wconf 80' lang='lat' dir='ltr'><strong>Soterii</strong></span> <span class='ocrx_word' id='word_1_147' title='bbox 2611 919 2829 974; x_wconf 89' lang='lat' dir='ltr'><strong>devenit</strong></span> <span class='ocrx_word' id='word_1_148' title='bbox 2869 922 3070 980; x_wconf 85' lang='lat' dir='ltr'><strong>locum,</strong></span> <span class='ocrx_word' id='word_1_149' title='bbox 3108 926 3272 985; x_wconf 83' lang='lat' dir='ltr'><strong>atque</strong></span> <span class='ocrx_word' id='word_1_150' title='bbox 3307 917 3359 969; x_wconf 90' lang='lat' dir='ltr'><strong>in</strong></span> <span class='ocrx_word' id='word_1_151' title='bbox 3391 931 3457 970; x_wconf 92' lang='lat' dir='ltr'><strong>eo</strong></span> <span class='ocrx_word' id='word_1_152' title='bbox 3492 931 3612 966; x_wconf 80' lang='lat' dir='ltr'><strong>mo-</strong></span> 
     </span>
    </p>
   </div>
   <div class='ocr_carea' id='block_1_25' title="bbox 2028 1005 3615 1079">
    <p class='ocr_par' dir='ltr' id='par_1_25' title="bbox 2028 1005 3615 1079">
     <span class='ocr_line' id='line_1_25' title="bbox 2028 1005 3615 1079; baseline -0.007 -10"><span class='ocrx_word' id='word_1_153' title='bbox 2028 1015 2252 1069; x_wconf 71' lang='lat' dir='ltr'><strong>nasticae</strong></span> <span class='ocrx_word' id='word_1_154' title='bbox 2279 1011 2693 1068; x_wconf 74' lang='lat' dir='ltr'><strong>exercitationis</strong></span> <span class='ocrx_word' id='word_1_155' title='bbox 2721 1011 3000 1079; x_wconf 81' lang='lat' dir='ltr'><strong>tugurium</strong></span> <span class='ocrx_word' id='word_1_156' title='bbox 3031 1008 3167 1072; x_wconf 77' lang='lat' dir='ltr'><strong>fixit,</strong></span> <span class='ocrx_word' id='word_1_157' title='bbox 3215 1007 3448 1074; x_wconf 87' lang='lat' dir='ltr'><strong>septimo</strong></span> <span class='ocrx_word' id='word_1_158' title='bbox 3502 1005 3615 1073; x_wconf 86' lang='lat' dir='ltr'><strong>jam</strong></span> 
     </span>
    </p>
   </div>
   <div class='ocr_carea' id='block_1_26' title="bbox 2027 1099 3621 1168">
    <p class='ocr_par' dir='ltr' id='par_1_26' title="bbox 2027 1099 3621 1168">
     <span class='ocr_line' id='line_1_26' title="bbox 2027 1099 3621 1168; baseline -0.007 -8"><span class='ocrx_word' id='word_1_159' title='bbox 2027 1107 2261 1160; x_wconf 87' lang='lat' dir='ltr'><strong>decurso</strong></span> <span class='ocrx_word' id='word_1_160' title='bbox 2297 1118 2462 1162; x_wconf 89' lang='lat' dir='ltr'><strong>anno.</strong></span> <span class='ocrx_word' id='word_1_161' title='bbox 2497 1103 2707 1158; x_wconf 89' lang='lat' dir='ltr'><strong>beatam</strong></span> <span class='ocrx_word' id='word_1_162' title='bbox 2742 1117 2898 1161; x_wconf 79' lang='lat' dir='ltr'><strong>suam</strong></span> <span class='ocrx_word' id='word_1_163' title='bbox 2935 1110 3166 1154; x_wconf 88' lang='lat' dir='ltr'><strong>mortem</strong></span> <span class='ocrx_word' id='word_1_164' title='bbox 3194 1101 3245 1152; x_wconf 91' lang='lat' dir='ltr'><strong>in</strong></span> <span class='ocrx_word' id='word_1_165' title='bbox 3285 1099 3466 1168; x_wconf 89' lang='lat' dir='ltr'><strong>jannis</strong></span> <span class='ocrx_word' id='word_1_166' title='bbox 3497 1113 3621 1166; x_wconf 87' lang='lat' dir='ltr'><strong>pro-</strong></span> 
     </span>
    </p>
   </div>
   <div class='ocr_carea' id='block_1_27' title="bbox 2033 1187 3620 1267">
    <p class='ocr_par' dir='ltr' id='par_1_27' title="bbox 2033 1187 3620 1267">
     <span class='ocr_line' id='line_1_27' title="bbox 2033 1187 3620 1267; baseline -0.007 -15"><span class='ocrx_word' id='word_1_167' title='bbox 2033 1198 2239 1252; x_wconf 76' lang='lat' dir='ltr'><strong>ximam</strong></span> <span class='ocrx_word' id='word_1_168' title='bbox 2272 1196 2574 1267; x_wconf 59' lang='lat' dir='ltr'><strong>praenovit;</strong></span> <span class='ocrx_word' id='word_1_169' title='bbox 2626 1193 2757 1248; x_wconf 89' lang='lat' dir='ltr'><strong>nulli</strong></span> <span class='ocrx_word' id='word_1_170' title='bbox 2815 1202 2995 1247; x_wconf 84' lang='lat' dir='ltr'><strong>tamen</strong></span> <span class='ocrx_word' id='word_1_171' title='bbox 3029 1207 3147 1244; x_wconf 87' lang='lat' dir='ltr'><strong>eam</strong></span> <span class='ocrx_word' id='word_1_172' title='bbox 3195 1190 3474 1248; x_wconf 86' lang='lat' dir='ltr'><strong>in-Iieavit.</strong></span> <span class='ocrx_word' id='word_1_173' title='bbox 3526 1187 3620 1242; x_wconf 83' lang='lat' dir='ltr'><strong>sed</strong></span> 
     </span>
    </p>
   </div>
   <div class='ocr_carea' id='block_1_28' title="bbox 2026 1279 3624 1359">
    <p class='ocr_par' dir='ltr' id='par_1_28' title="bbox 2026 1279 3624 1359">
     <span class='ocr_line' id='line_1_28' title="bbox 2026 1279 3624 1359; baseline -0.01 -16"><span class='ocrx_word' id='word_1_174' title='bbox 2026 1290 2159 1343; x_wconf 86' lang='lat' dir='ltr'><strong>cella</strong></span> <span class='ocrx_word' id='word_1_175' title='bbox 2193 1281 2564 1359; x_wconf 71' lang='lat' dir='ltr'><strong>progrediens,</strong></span> <span class='ocrx_word' id='word_1_176' title='bbox 2614 1300 2707 1339; x_wconf 88' lang='lat' dir='ltr'><strong>seu</strong></span> <span class='ocrx_word' id='word_1_177' title='bbox 2764 1282 3077 1359; x_wconf 78' lang='lat' dir='ltr'><strong>necessaria</strong></span> <span class='ocrx_word' id='word_1_178' title='bbox 3117 1282 3350 1351; x_wconf 88' lang='lat' dir='ltr'><strong>quadam</strong></span> <span class='ocrx_word' id='word_1_179' title='bbox 3391 1279 3624 1342; x_wconf 75' lang='lat' dir='ltr'><strong>ratione,</strong></span> 
     </span>
    </p>
   </div>
   <div class='ocr_carea' id='block_1_29' title="bbox 2028 1357 3624 1445">
    <p class='ocr_par' dir='ltr' id='par_1_29' title="bbox 2028 1357 3624 1445">
     <span class='ocr_line' id='line_1_29' title="bbox 2028 1357 3624 1445; baseline -0.009 -11"><span class='ocrx_word' id='word_1_180' title='bbox 2028 1381 2238 1434; x_wconf 87' lang='lat' dir='ltr'><strong>amicos</strong></span> <span class='ocrx_word' id='word_1_181' title='bbox 2289 1394 2482 1433; x_wconf 91' lang='lat' dir='ltr'><strong>omnes</strong></span> <span class='ocrx_word' id='word_1_182' title='bbox 2546 1357 2984 1445; x_wconf 47' lang='lat' dir='ltr'><strong>vicinosqne&#39;ac</strong></span> <span class='ocrx_word' id='word_1_183' title='bbox 3033 1383 3192 1428; x_wconf 89' lang='lat' dir='ltr'><strong>notos</strong></span> <span class='ocrx_word' id='word_1_184' title='bbox 3248 1372 3624 1426; x_wconf 81' lang='lat' dir='ltr'><strong>conveniens:</strong></span> 
     </span>
    </p>
   </div>
   <div class='ocr_carea' id='block_1_30' title="bbox 2027 1463 3627 1536">
    <p class='ocr_par' dir='ltr' id='par_1_30' title="bbox 2027 1463 3627 1536">
     <span class='ocr_line' id='line_1_30' title="bbox 2027 1463 3627 1536; baseline -0.006 -12"><span class='ocrx_word' id='word_1_185' title='bbox 2027 1471 2358 1531; x_wconf 88' lang='lat' dir='ltr'><strong>valedicens,</strong></span> <span class='ocrx_word' id='word_1_186' title='bbox 2394 1487 2457 1524; x_wconf 82' lang='lat' dir='ltr'><strong>ac</strong></span> <span class='ocrx_word' id='word_1_187' title='bbox 2504 1469 2771 1536; x_wconf 87' lang='lat' dir='ltr'><strong>cujusque</strong></span> <span class='ocrx_word' id='word_1_188' title='bbox 2830 1467 3158 1521; x_wconf 81' lang='lat' dir='ltr'><strong>exoscnlans</strong></span> <span class='ocrx_word' id='word_1_189' title='bbox 3193 1465 3357 1522; x_wconf 91' lang='lat' dir='ltr'><strong>labia.</strong></span> <span class='ocrx_word' id='word_1_190' title='bbox 3413 1463 3627 1517; x_wconf 73' lang='lat' dir='ltr'><strong>oculos’</strong></span> 
     </span>
    </p>
   </div>
   <div class='ocr_carea' id='block_1_31' title="bbox 2028 1555 3625 1628">
    <p class='ocr_par' dir='ltr' id='par_1_31' title="bbox 2028 1555 3625 1628">
     <span class='ocr_line' id='line_1_31' title="bbox 2028 1555 3625 1628; baseline -0.006 -12"><span class='ocrx_word' id='word_1_191' title='bbox 2028 1560 2221 1616; x_wconf 81' lang='lat' dir='ltr'><strong>faciem</strong></span> <span class='ocrx_word' id='word_1_192' title='bbox 2259 1577 2272 1615; x_wconf 87' lang='lat'><strong>:</strong></span> <span class='ocrx_word' id='word_1_193' title='bbox 2303 1578 2322 1612; x_wconf 80' lang='grc' dir='ltr'><strong>ι</strong></span> <span class='ocrx_word' id='word_1_194' title='bbox 2365 1559 2548 1624; x_wconf 82' lang='lat' dir='ltr'><strong>Orate,</strong></span> <span class='ocrx_word' id='word_1_195' title='bbox 2576 1559 2796 1624; x_wconf 88' lang='lat' dir='ltr'><strong>fratres,</strong></span> <span class='ocrx_word' id='word_1_196' title='bbox 2825 1573 2922 1628; x_wconf 90' lang='lat' dir='ltr'><strong>pro</strong></span> <span class='ocrx_word' id='word_1_197' title='bbox 2951 1572 3058 1619; x_wconf 88' lang='lat' dir='ltr'><strong>me,</strong></span> <span class='ocrx_word' id='word_1_198' title='bbox 3081 1555 3449 1622; x_wconf 67' lang='lat' dir='ltr'><strong>aiebat,orate</strong></span> <span class='ocrx_word' id='word_1_199' title='bbox 3473 1573 3484 1611; x_wconf 89' lang='lat'>:</span> <span class='ocrx_word' id='word_1_200' title='bbox 3515 1555 3625 1626; x_wconf 89' lang='lat' dir='ltr'><strong>jam</strong></span> 
     </span>
    </p>
   </div>
   <div class='ocr_carea' id='block_1_32' title="bbox 2032 1650 3630 1724">
    <p class='ocr_par' dir='ltr' id='par_1_32' title="bbox 2032 1650 3630 1724">
     <span class='ocr_line' id='line_1_32' title="bbox 2032 1650 3630 1724; baseline -0.004 -16"><span class='ocrx_word' id='word_1_201' title='bbox 2032 1654 2237 1724; x_wconf 87' lang='lat' dir='ltr'><strong>quippe</strong></span> <span class='ocrx_word' id='word_1_202' title='bbox 2282 1655 2544 1724; x_wconf 82' lang='lat' dir='ltr'><strong>deinceps</strong></span> <span class='ocrx_word' id='word_1_203' title='bbox 2583 1653 2853 1707; x_wconf 87' lang='lat' dir='ltr'><strong>ineertmn</strong></span> <span class='ocrx_word' id='word_1_204' title='bbox 2888 1661 3066 1712; x_wconf 86' lang='lat' dir='ltr'><strong>est,an</strong></span> <span class='ocrx_word' id='word_1_205' title='bbox 3106 1665 3207 1706; x_wconf 83' lang='lat' dir='ltr'><strong>nos</strong></span> <span class='ocrx_word' id='word_1_206' title='bbox 3243 1661 3437 1703; x_wconf 88' lang='lat' dir='ltr'><strong>mutuo</strong></span> <span class='ocrx_word' id='word_1_207' title='bbox 3462 1650 3630 1702; x_wconf 73' lang='lat' dir='ltr'><strong>visuri</strong></span> 
     </span>
    </p>
   </div>
   <div class='ocr_carea' id='block_1_33' title="bbox 2031 1740 3631 1814">
    <p class='ocr_par' dir='ltr' id='par_1_33' title="bbox 2031 1740 3631 1814">
     <span class='ocr_line' id='line_1_33' title="bbox 2031 1740 3631 1814; baseline -0.005 -12"><span class='ocrx_word' id='word_1_208' title='bbox 2031 1748 2227 1802; x_wconf 81' lang='lat' dir='ltr'><strong>simus.</strong></span> <span class='ocrx_word' id='word_1_209' title='bbox 2268 1764 2287 1798; x_wconf 78' lang='grc' dir='ltr'><strong>ι</strong></span> <span class='ocrx_word' id='word_1_210' title='bbox 2319 1745 2452 1800; x_wconf 89' lang='lat' dir='ltr'><strong>Cum</strong></span> <span class='ocrx_word' id='word_1_211' title='bbox 2487 1745 2566 1799; x_wconf 89' lang='lat' dir='ltr'><strong>sic</strong></span> <span class='ocrx_word' id='word_1_212' title='bbox 2594 1759 2722 1814; x_wconf 72' lang='lat' dir='ltr'><strong>ergo</strong></span> <span class='ocrx_word' id='word_1_213' title='bbox 2759 1759 2949 1798; x_wconf 87' lang='lat' dir='ltr'><strong>omnes</strong></span> <span class='ocrx_word' id='word_1_214' title='bbox 2980 1744 3409 1812; x_wconf 77' lang='lat' dir='ltr'><strong>circumquaque</strong></span> <span class='ocrx_word' id='word_1_215' title='bbox 3449 1740 3631 1794; x_wconf 78' lang='lat' dir='ltr'><strong>adiis-</strong></span> 
     </span>
    </p>
   </div>
   <div class='ocr_carea' id='block_1_34' title="bbox 336 1820 1937 1905">
    <p class='ocr_par' dir='ltr' id='par_1_34' title="bbox 336 1825 1928 1900">
     <span class='ocr_line' id='line_1_34' title="bbox 336 1825 1928 1900; baseline 0.007 -25"><span class='ocrx_word' id='word_1_216' title='bbox 336 1825 553 1890; x_wconf 85' lang='grc' dir='ltr'>πάντας</span> <span class='ocrx_word' id='word_1_217' title='bbox 577 1827 721 1882; x_wconf 87' lang='grc' dir='ltr'>οῦτω</span> <span class='ocrx_word' id='word_1_218' title='bbox 744 1829 1125 1900; x_wconf 79' lang='grc' dir='ltr'>περιελθόντα,</span> <span class='ocrx_word' id='word_1_219' title='bbox 1145 1833 1241 1886; x_wconf 61' lang='grc' dir='ltr'><strong>καί⁵</strong></span> <span class='ocrx_word' id='word_1_220' title='bbox 1273 1833 1356 1896; x_wconf 85' lang='grc' dir='ltr'><strong>είς</strong></span> <span class='ocrx_word' id='word_1_221' title='bbox 1389 1832 1449 1886; x_wconf 80' lang='grc' dir='ltr'><strong>τὸ</strong></span> <span class='ocrx_word' id='word_1_222' title='bbox 1481 1833 1681 1887; x_wconf 80' lang='grc' dir='ltr'>ἑαυτοῦ</span> <span class='ocrx_word' id='word_1_223' title='bbox 1716 1832 1928 1887; x_wconf 86' lang='grc' dir='ltr'>κελλίον</span> 
     </span>
    </p>
   </div>
   <div class='ocr_carea' id='block_1_35' title="bbox 2044 1820 3632 1905">
    <p class='ocr_par' dir='ltr' id='par_1_35' title="bbox 2044 1836 3632 1905">
     <span class='ocr_line' id='line_1_35' title="bbox 2044 1836 3632 1905; baseline -0.006 -12"><span class='ocrx_word' id='word_1_224' title='bbox 2044 1847 2114 1894; x_wconf 75' lang='lat' dir='ltr'><strong>te!</strong></span> <span class='ocrx_word' id='word_1_225' title='bbox 2147 1877 2162 1900; x_wconf 85' lang='lat'><strong>,</strong></span> <span class='ocrx_word' id='word_1_226' title='bbox 2217 1847 2381 1905; x_wconf 82' lang='lat' dir='ltr'><strong>atque</strong></span> <span class='ocrx_word' id='word_1_227' title='bbox 2448 1837 2501 1889; x_wconf 92' lang='lat' dir='ltr'><strong>in</strong></span> <span class='ocrx_word' id='word_1_228' title='bbox 2565 1836 2817 1891; x_wconf 81' lang='lat' dir='ltr'><strong>cellulam</strong></span> <span class='ocrx_word' id='word_1_229' title='bbox 2889 1850 3141 1889; x_wconf 88' lang='lat' dir='ltr'><strong>reversus</strong></span> <span class='ocrx_word' id='word_1_230' title='bbox 3193 1843 3359 1897; x_wconf 81' lang='lat' dir='ltr'><strong>esset,</strong></span> <span class='ocrx_word' id='word_1_231' title='bbox 3414 1841 3475 1886; x_wconf 70' lang='lat' dir='ltr'><strong>tre</strong></span> <span class='ocrx_word' id='word_1_232' title='bbox 3497 1847 3632 1900; x_wconf 82' lang='lat' dir='ltr'><strong>sque</strong></span> 
     </span>
    </p>
   </div>
   <div class='ocr_carea' id='block_1_36' title="bbox 335 1919 1927 2002">
    <p class='ocr_par' dir='ltr' id='par_1_36' title="bbox 335 1919 1927 2002">
     <span class='ocr_line' id='line_1_36' title="bbox 335 1919 1927 2002; baseline 0.004 -31"><span class='ocrx_word' id='word_1_233' title='bbox 335 1919 710 1974; x_wconf 73' lang='grc' dir='ltr'>ἐπανελθόντα</span> <span class='ocrx_word' id='word_1_234' title='bbox 769 1922 862 1975; x_wconf 80' lang='grc' dir='ltr'><strong>τὸν</strong></span> <span class='ocrx_word' id='word_1_235' title='bbox 895 1924 1064 1987; x_wconf 85' lang='grc' dir='ltr'>ὅσιον,</span> <span class='ocrx_word' id='word_1_236' title='bbox 1104 1928 1272 2002; x_wconf 23' lang='grc' dir='ltr'>’τρεῖς</span> <span class='ocrx_word' id='word_1_237' title='bbox 1334 1925 1676 1996; x_wconf 75' lang='grc' dir='ltr'>ἐπιζήσαντα</span> <span class='ocrx_word' id='word_1_238' title='bbox 1727 1926 1927 1996; x_wconf 81' lang='grc' dir='ltr'>μῆνας,</span> 
     </span>
    </p>
   </div>
   <div class='ocr_carea' id='block_1_37' title="bbox 336 2001 1932 2090">
    <p class='ocr_par' dir='ltr' id='par_1_37' title="bbox 336 2001 1932 2090">
     <span class='ocr_line' id='line_1_37' title="bbox 336 2001 1932 2090; baseline 0.007 -29"><span class='ocrx_word' id='word_1_239' title='bbox 336 2012 538 2077; x_wconf 82' lang='grc' dir='ltr'>πρῶτα</span> <span class='ocrx_word' id='word_1_240' title='bbox 572 2015 671 2082; x_wconf 80' lang='grc' dir='ltr'>μὲν</span> <span class='ocrx_word' id='word_1_241' title='bbox 717 2015 873 2078; x_wconf 82' lang='grc' dir='ltr'>νόσος</span> <span class='ocrx_word' id='word_1_242' title='bbox 934 2035 1021 2082; x_wconf 90' lang='grc' dir='ltr'><strong>τις</strong></span> <span class='ocrx_word' id='word_1_243' title='bbox 1070 2001 1358 2090; x_wconf 75' lang='grc' dir='ltr'>ὑπέδραμε</span> <span class='ocrx_word' id='word_1_244' title='bbox 1415 2019 1633 2090; x_wconf 86' lang='grc' dir='ltr'>μαλακή</span> <span class='ocrx_word' id='word_1_245' title='bbox 1661 2035 1676 2050; x_wconf 76' lang='grc' dir='ltr'><strong>ο</strong></span> <span class='ocrx_word' id='word_1_246' title='bbox 1703 2019 1932 2090; x_wconf 87' lang='grc' dir='ltr'>σφοδρο-</span> 
     </span>
    </p>
   </div>
   <div class='ocr_carea' id='block_1_38' title="bbox 337 2100 1932 2178">
    <p class='ocr_par' dir='ltr' id='par_1_38' title="bbox 337 2100 1932 2178">
     <span class='ocr_line' id='line_1_38' title="bbox 337 2100 1932 2178; baseline 0.006 -27"><span class='ocrx_word' id='word_1_247' title='bbox 337 2100 504 2167; x_wconf 80' lang='grc' dir='ltr'>τέρου</span> <span class='ocrx_word' id='word_1_248' title='bbox 561 2102 616 2155; x_wconf 78' lang='grc' dir='ltr'>δὲ</span> <span class='ocrx_word' id='word_1_249' title='bbox 676 2104 777 2174; x_wconf 75' lang='grc' dir='ltr'><strong>ήδη</strong></span> <span class='ocrx_word' id='word_1_250' title='bbox 818 2107 910 2158; x_wconf 91' lang='grc' dir='ltr'><strong>τοῦ</strong></span> <span class='ocrx_word' id='word_1_251' title='bbox 965 2107 1206 2178; x_wconf 79' lang='grc' dir='ltr'>πυρετοῦ</span> <span class='ocrx_word' id='word_1_252' title='bbox 1266 2109 1742 2178; x_wconf 75' lang='grc' dir='ltr'>προσϐάλλοντος,</span> <span class='ocrx_word' id='word_1_253' title='bbox 1807 2110 1932 2162; x_wconf 81' lang='grc' dir='ltr'>ἐπεὶ</span> 
     </span>
    </p>
   </div>
   <div class='ocr_carea' id='block_1_39' title="bbox 341 2191 1933 2270">
    <p class='ocr_par' dir='ltr' id='par_1_39' title="bbox 341 2191 1933 2270">
     <span class='ocr_line' id='line_1_39' title="bbox 341 2191 1933 2270; baseline 0.007 -27"><span class='ocrx_word' id='word_1_254' title='bbox 341 2191 507 2260; x_wconf 75' lang='grc' dir='ltr'>ὀγδόη</span> <span class='ocrx_word' id='word_1_255' title='bbox 565 2194 849 2264; x_wconf 77' lang='grc' dir='ltr'>παρῆλθεν</span> <span class='ocrx_word' id='word_1_256' title='bbox 912 2199 1118 2269; x_wconf 79' lang='grc' dir='ltr'>ἡμέρα,</span> <span class='ocrx_word' id='word_1_257' title='bbox 1181 2199 1342 2269; x_wconf 86' lang='grc' dir='ltr'>δῆλος</span> <span class='ocrx_word' id='word_1_258' title='bbox 1383 2201 1626 2270; x_wconf 77' lang='grc' dir='ltr'>κατέστη</span> <span class='ocrx_word' id='word_1_259' title='bbox 1668 2202 1807 2254; x_wconf 80' lang='grc' dir='ltr'>πᾶσι</span> <span class='ocrx_word' id='word_1_260' title='bbox 1837 2201 1933 2254; x_wconf 83' lang='grc' dir='ltr'><strong>τοῦ</strong></span> 
     </span>
    </p>
   </div>
   <div class='ocr_carea' id='block_1_40' title="bbox 343 2282 1931 2367">
    <p class='ocr_par' dir='ltr' id='par_1_40' title="bbox 343 2282 1931 2367">
     <span class='ocr_line' id='line_1_40' title="bbox 343 2282 1931 2367; baseline 0.011 -35"><span class='ocrx_word' id='word_1_261' title='bbox 343 2282 598 2352; x_wconf 78' lang='grc' dir='ltr'>σώματος</span> <span class='ocrx_word' id='word_1_262' title='bbox 631 2286 1026 2357; x_wconf 78' lang='grc' dir='ltr'>χωριζόμενος,</span> <span class='ocrx_word' id='word_1_263' title='bbox 1057 2290 1154 2344; x_wconf 80' lang='grc' dir='ltr'>καὶ</span> <span class='ocrx_word' id='word_1_264' title='bbox 1193 2293 1330 2362; x_wconf 76' lang='grc' dir='ltr'>πρὸς</span> <span class='ocrx_word' id='word_1_265' title='bbox 1364 2293 1517 2359; x_wconf 68' lang='grc' dir='ltr'>Θεὸν,</span> <span class='ocrx_word' id='word_1_266' title='bbox 1555 2294 1614 2346; x_wconf 77' lang='grc' dir='ltr'>ὃν</span> <span class='ocrx_word' id='word_1_267' title='bbox 1654 2296 1931 2367; x_wconf 75' lang='grc' dir='ltr'>ἠγάπησε,</span> 
     </span>
    </p>
   </div>
   <div class='ocr_carea' id='block_1_41' title="bbox 344 2377 1936 2459">
    <p class='ocr_par' dir='ltr' id='par_1_41' title="bbox 344 2377 1936 2459">
     <span class='ocr_line' id='line_1_41' title="bbox 344 2377 1936 2459; baseline 0.009 -32"><span class='ocrx_word' id='word_1_268' title='bbox 344 2377 738 2447; x_wconf 77' lang='grc' dir='ltr'>πορευόμενος.</span> <span class='ocrx_word' id='word_1_269' title='bbox 783 2380 966 2453; x_wconf 82' lang='grc' dir='ltr'>Ὅπερ</span> <span class='ocrx_word' id='word_1_270' title='bbox 1006 2382 1280 2453; x_wconf 75' lang='grc' dir='ltr'>μαθόντας</span> <span class='ocrx_word' id='word_1_271' title='bbox 1312 2387 1442 2449; x_wconf 81' lang='grc' dir='ltr'>τοὺς</span> <span class='ocrx_word' id='word_1_272' title='bbox 1475 2388 1574 2450; x_wconf 75' lang='grc' dir='ltr'>τὰς</span> <span class='ocrx_word' id='word_1_273' title='bbox 1600 2388 1788 2459; x_wconf 79' lang='grc' dir='ltr'>κύκλῳ</span> <span class='ocrx_word' id='word_1_274' title='bbox 1827 2388 1936 2442; x_wconf 79' lang='grc' dir='ltr'><strong>κὼ-</strong></span> 
     </span>
    </p>
   </div>
   <div class='ocr_carea' id='block_1_42' title="bbox 348 2471 1935 2548">
    <p class='ocr_par' dir='ltr' id='par_1_42' title="bbox 348 2471 1935 2548">
     <span class='ocr_line' id='line_1_42' title="bbox 348 2471 1935 2548; baseline 0.009 -28"><span class='ocrx_word' id='word_1_275' title='bbox 348 2484 460 2536; x_wconf 84' lang='grc' dir='ltr'><strong>μας</strong></span> <span class='ocrx_word' id='word_1_276' title='bbox 498 2471 808 2538; x_wconf 69' lang='grc' dir='ltr'>οἰκοῦντας,</span> <span class='ocrx_word' id='word_1_277' title='bbox 841 2475 1022 2528; x_wconf 81' lang='grc' dir='ltr'>καίτοι</span> <span class='ocrx_word' id='word_1_278' title='bbox 1056 2477 1290 2547; x_wconf 82' lang='grc' dir='ltr'>σφοδροῦ</span> <span class='ocrx_word' id='word_1_279' title='bbox 1323 2478 1420 2531; x_wconf 90' lang='grc' dir='ltr'><strong>τοῦ</strong></span> <span class='ocrx_word' id='word_1_280' title='bbox 1458 2479 1729 2548; x_wconf 89' lang='grc' dir='ltr'>χειμῶνος</span> <span class='ocrx_word' id='word_1_281' title='bbox 1757 2481 1935 2543; x_wconf 74' lang='grc' dir='ltr'>ὄντος,</span> 
     </span>
    </p>
   </div>
   <div class='ocr_carea' id='block_1_43' title="bbox 343 2562 1938 2642">
    <p class='ocr_par' dir='ltr' id='par_1_43' title="bbox 343 2562 1938 2642">
     <span class='ocr_line' id='line_1_43' title="bbox 343 2562 1938 2642; baseline 0.007 -29"><span class='ocrx_word' id='word_1_282' title='bbox 343 2562 443 2613; x_wconf 79' lang='grc' dir='ltr'>καὶ</span> <span class='ocrx_word' id='word_1_283' title='bbox 475 2562 653 2632; x_wconf 82' lang='grc' dir='ltr'>χιόνος</span> <span class='ocrx_word' id='word_1_284' title='bbox 681 2566 967 2636; x_wconf 81' lang='grc' dir='ltr'>ἀμυθήτου</span> <span class='ocrx_word' id='word_1_285' title='bbox 1019 2569 1467 2640; x_wconf 84' lang='grc' dir='ltr'>καταπεσούσης,</span> <span class='ocrx_word' id='word_1_286' title='bbox 1497 2571 1573 2635; x_wconf 87' lang='grc' dir='ltr'>ὡς</span> <span class='ocrx_word' id='word_1_287' title='bbox 1620 2572 1809 2642; x_wconf 83' lang='grc' dir='ltr'>σχεδὸν</span> <span class='ocrx_word' id='word_1_288' title='bbox 1844 2571 1938 2624; x_wconf 72' lang='grc' dir='ltr'>καὶ</span> 
     </span>
    </p>
   </div>
   <div class='ocr_carea' id='block_1_44' title="bbox 339 2653 1932 2730">
    <p class='ocr_par' dir='ltr' id='par_1_44' title="bbox 339 2653 1932 2730">
     <span class='ocr_line' id='line_1_44' title="bbox 339 2653 1932 2730; baseline 0.005 -25"><span class='ocrx_word' id='word_1_289' title='bbox 339 2653 502 2717; x_wconf 68' lang='grc' dir='ltr'>ὁδοὺς</span> <span class='ocrx_word' id='word_1_290' title='bbox 561 2655 821 2724; x_wconf 80' lang='grc' dir='ltr'>άὸάτους,</span> <span class='ocrx_word' id='word_1_291' title='bbox 859 2659 954 2712; x_wconf 77' lang='grc' dir='ltr'><strong>καὶ</strong></span> <span class='ocrx_word' id='word_1_292' title='bbox 1015 2659 1195 2724; x_wconf 77' lang='grc' dir='ltr'>οἰκίας</span> <span class='ocrx_word' id='word_1_293' title='bbox 1227 2661 1593 2725; x_wconf 78' lang='grc' dir='ltr'>ἀνεπιὸάτους</span> <span class='ocrx_word' id='word_1_294' title='bbox 1644 2661 1932 2730; x_wconf 88' lang='grc' dir='ltr'>γενέσθαι·</span> 
     </span>
    </p>
   </div>
   <div class='ocr_carea' id='block_1_45' title="bbox 341 2743 1934 2822">
    <p class='ocr_par' dir='ltr' id='par_1_45' title="bbox 341 2743 1934 2822">
     <span class='ocr_line' id='line_1_45' title="bbox 341 2743 1934 2822; baseline 0.006 -27"><span class='ocrx_word' id='word_1_295' title='bbox 341 2743 498 2811; x_wconf 77' lang='grc' dir='ltr'>ὅμως</span> <span class='ocrx_word' id='word_1_296' title='bbox 517 2744 673 2798; x_wconf 78' lang='grc' dir='ltr'>οὐδὲν</span> <span class='ocrx_word' id='word_1_297' title='bbox 703 2748 946 2813; x_wconf 84' lang='grc' dir='ltr'>ἐκείνους</span> <span class='ocrx_word' id='word_1_298' title='bbox 972 2750 1071 2818; x_wconf 86' lang='grc' dir='ltr'><strong>τῆς</strong></span> <span class='ocrx_word' id='word_1_299' title='bbox 1094 2749 1234 2818; x_wconf 68' lang='grc' dir='ltr'>πρδς</span> <span class='ocrx_word' id='word_1_300' title='bbox 1262 2750 1429 2803; x_wconf 78' lang='grc' dir='ltr'>αὐτὸν</span> <span class='ocrx_word' id='word_1_301' title='bbox 1456 2751 1657 2822; x_wconf 82' lang='grc' dir='ltr'>ἐπέσχε</span> <span class='ocrx_word' id='word_1_302' title='bbox 1686 2749 1934 2820; x_wconf 83' lang='grc' dir='ltr'>πορείας⁶</span> 
     </span>
    </p>
   </div>
   <div class='ocr_carea' id='block_1_46' title="bbox 342 2837 1937 2914">
    <p class='ocr_par' dir='ltr' id='par_1_46' title="bbox 342 2837 1937 2914">
     <span class='ocr_line' id='line_1_46' title="bbox 342 2837 1937 2914; baseline 0.004 -24"><span class='ocrx_word' id='word_1_303' title='bbox 342 2837 487 2890; x_wconf 79' lang='grc' dir='ltr'>ἀλλὰ</span> <span class='ocrx_word' id='word_1_304' title='bbox 548 2840 825 2909; x_wconf 72' lang='grc' dir='ltr'>πανδημεὶ</span> <span class='ocrx_word' id='word_1_305' title='bbox 879 2842 1083 2904; x_wconf 86' lang='grc' dir='ltr'>πάντες</span> <span class='ocrx_word' id='word_1_306' title='bbox 1112 2843 1433 2914; x_wconf 72' lang='grc' dir='ltr'>συνέρρεον,</span> <span class='ocrx_word' id='word_1_307' title='bbox 1483 2845 1580 2896; x_wconf 74' lang='grc' dir='ltr'><strong>καὶ</strong></span> <span class='ocrx_word' id='word_1_308' title='bbox 1611 2845 1745 2914; x_wconf 83' lang='grc' dir='ltr'>παρ’</span> <span class='ocrx_word' id='word_1_309' title='bbox 1785 2842 1937 2913; x_wconf 81' lang='grc' dir='ltr'>αὐτῷ</span> 
     </span>
    </p>
   </div>
   <div class='ocr_carea' id='block_1_47' title="bbox 344 2930 1942 3008">
    <p class='ocr_par' dir='ltr' id='par_1_47' title="bbox 344 2930 1942 3008">
     <span class='ocr_line' id='line_1_47' title="bbox 344 2930 1942 3008; baseline 0.003 -23"><span class='ocrx_word' id='word_1_310' title='bbox 344 2930 516 3000; x_wconf 78' lang='grc' dir='ltr'>μέχρι</span> <span class='ocrx_word' id='word_1_311' title='bbox 555 2933 650 2985; x_wconf 76' lang='grc' dir='ltr'>καὶ</span> <span class='ocrx_word' id='word_1_312' title='bbox 686 2933 917 3004; x_wconf 83' lang='grc' dir='ltr'>ἐννάτης</span> <span class='ocrx_word' id='word_1_313' title='bbox 945 2934 1096 3002; x_wconf 77' lang='grc' dir='ltr'>ὥρας</span> <span class='ocrx_word' id='word_1_314' title='bbox 1145 2936 1499 3006; x_wconf 80' lang='grc' dir='ltr'>παρέμενον·</span> <span class='ocrx_word' id='word_1_315' title='bbox 1537 2935 1659 2990; x_wconf 76' lang='grc' dir='ltr'>οὔτε</span> <span class='ocrx_word' id='word_1_316' title='bbox 1705 2937 1942 3008; x_wconf 77' lang='grc' dir='ltr'>τροφῆς,</span> 
     </span>
    </p>
   </div>
   <div class='ocr_carea' id='block_1_48' title="bbox 338 3021 1940 3098">
    <p class='ocr_par' dir='ltr' id='par_1_48' title="bbox 338 3021 1940 3098">
     <span class='ocr_line' id='line_1_48' title="bbox 338 3021 1940 3098; baseline 0.003 -22"><span class='ocrx_word' id='word_1_317' title='bbox 338 3021 465 3077; x_wconf 72' lang='grc' dir='ltr'>οὗθ’</span> <span class='ocrx_word' id='word_1_318' title='bbox 513 3023 864 3095; x_wconf 81' lang='grc' dir='ltr'>ὑποστροφῆς</span> <span class='ocrx_word' id='word_1_319' title='bbox 926 3026 1065 3089; x_wconf 82' lang='grc' dir='ltr'>ὅλως</span> <span class='ocrx_word' id='word_1_320' title='bbox 1139 3028 1364 3098; x_wconf 78' lang='grc' dir='ltr'>μνήμην</span> <span class='ocrx_word' id='word_1_321' title='bbox 1423 3027 1784 3096; x_wconf 60' lang='grc' dir='ltr'>ποιούμενον</span> <span class='ocrx_word' id='word_1_322' title='bbox 1823 3028 1940 3082; x_wconf 77' lang='grc' dir='ltr'>ἀλλ’</span> 
     </span>
    </p>
   </div>
   <div class='ocr_carea' id='block_1_49' title="bbox 2035 1926 3634 2000">
    <p class='ocr_par' dir='ltr' id='par_1_49' title="bbox 2035 1926 3634 2000">
     <span class='ocr_line' id='line_1_49' title="bbox 2035 1926 3634 2000; baseline -0.005 -14"><span class='ocrx_word' id='word_1_323' title='bbox 2035 1939 2219 2000; x_wconf 89' lang='lat' dir='ltr'><strong>postea</strong></span> <span class='ocrx_word' id='word_1_324' title='bbox 2239 1945 2451 1984; x_wconf 82' lang='lat' dir='ltr'><strong>menses</strong></span> <span class='ocrx_word' id='word_1_325' title='bbox 2466 1928 2708 1993; x_wconf 74' lang='lat' dir='ltr'><strong>vixisset,</strong></span> <span class='ocrx_word' id='word_1_326' title='bbox 2729 1929 2958 1997; x_wconf 87' lang='lat' dir='ltr'><strong>primum</strong></span> <span class='ocrx_word' id='word_1_327' title='bbox 2976 1927 3190 1995; x_wconf 89' lang='lat' dir='ltr'><strong>quidem</strong></span> <span class='ocrx_word' id='word_1_328' title='bbox 3214 1927 3389 1981; x_wconf 77' lang='lat' dir='ltr'><strong>lentus</strong></span> <span class='ocrx_word' id='word_1_329' title='bbox 3411 1926 3634 1978; x_wconf 88' lang='lat' dir='ltr'><strong>morbus</strong></span> 
     </span>
    </p>
   </div>
   <div class='ocr_carea' id='block_1_50' title="bbox 2033 2019 3631 2082">
    <p class='ocr_par' dir='ltr' id='par_1_50' title="bbox 2033 2019 3631 2082">
     <span class='ocr_line' id='line_1_50' title="bbox 2033 2019 3631 2082; baseline -0.003 -8"><span class='ocrx_word' id='word_1_330' title='bbox 2033 2019 2252 2079; x_wconf 88' lang='lat' dir='ltr'><strong>invasit.</strong></span> <span class='ocrx_word' id='word_1_331' title='bbox 2275 2021 2392 2076; x_wconf 84' lang='lat' dir='ltr'><strong>Jam</strong></span> <span class='ocrx_word' id='word_1_332' title='bbox 2423 2038 2554 2077; x_wconf 88' lang='lat' dir='ltr'><strong>vero</strong></span> <span class='ocrx_word' id='word_1_333' title='bbox 2583 2021 2717 2075; x_wconf 89' lang='lat' dir='ltr'><strong>febri</strong></span> <span class='ocrx_word' id='word_1_334' title='bbox 2753 2021 3477 2082; x_wconf 77' lang='lat' dir='ltr'><strong>vehementiusint-essetne,</strong></span> <span class='ocrx_word' id='word_1_335' title='bbox 3507 2035 3631 2070; x_wconf 77' lang='lat' dir='ltr'><strong>eum</strong></span> 
     </span>
    </p>
   </div>
   <div class='ocr_carea' id='block_1_51' title="bbox 2040 2113 3633 2186">
    <p class='ocr_par' dir='ltr' id='par_1_51' title="bbox 2040 2113 3633 2186">
     <span class='ocr_line' id='line_1_51' title="bbox 2040 2113 3633 2186; baseline -0.004 -15"><span class='ocrx_word' id='word_1_336' title='bbox 2040 2125 2234 2172; x_wconf 87' lang='lat' dir='ltr'><strong>octava</strong></span> <span class='ocrx_word' id='word_1_337' title='bbox 2261 2117 2374 2186; x_wconf 88' lang='lat' dir='ltr'><strong>jam</strong></span> <span class='ocrx_word' id='word_1_338' title='bbox 2416 2115 2704 2170; x_wconf 76' lang='lat' dir='ltr'><strong>transisset</strong></span> <span class='ocrx_word' id='word_1_339' title='bbox 2731 2113 2869 2182; x_wconf 88' lang='lat' dir='ltr'><strong>dies,</strong></span> <span class='ocrx_word' id='word_1_340' title='bbox 2893 2114 3103 2183; x_wconf 87' lang='lat' dir='ltr'><strong>liquido</strong></span> <span class='ocrx_word' id='word_1_341' title='bbox 3137 2123 3408 2167; x_wconf 83' lang='lat' dir='ltr'><strong>noverunt</strong></span> <span class='ocrx_word' id='word_1_342' title='bbox 3437 2128 3633 2167; x_wconf 84' lang='lat' dir='ltr'><strong>omnes</strong></span> 
     </span>
    </p>
   </div>
   <div class='ocr_carea' id='block_1_52' title="bbox 2041 2204 3628 2277">
    <p class='ocr_par' dir='ltr' id='par_1_52' title="bbox 2041 2204 3628 2277">
     <span class='ocr_line' id='line_1_52' title="bbox 2041 2204 3628 2277; baseline -0.007 -13"><span class='ocrx_word' id='word_1_343' title='bbox 2041 2208 2285 2277; x_wconf 88' lang='lat' dir='ltr'><strong>separari</strong></span> <span class='ocrx_word' id='word_1_344' title='bbox 2312 2223 2341 2261; x_wconf 90' lang='lat' dir='ltr'><strong>a</strong></span> <span class='ocrx_word' id='word_1_345' title='bbox 2376 2222 2627 2276; x_wconf 90' lang='lat' dir='ltr'><strong>corpore,</strong></span> <span class='ocrx_word' id='word_1_346' title='bbox 2653 2215 2818 2275; x_wconf 79' lang='lat' dir='ltr'><strong>atque</strong></span> <span class='ocrx_word' id='word_1_347' title='bbox 2851 2206 2916 2260; x_wconf 89' lang='lat' dir='ltr'><strong>ad</strong></span> <span class='ocrx_word' id='word_1_348' title='bbox 2946 2205 3112 2259; x_wconf 87' lang='lat' dir='ltr'><strong>Deum</strong></span> <span class='ocrx_word' id='word_1_349' title='bbox 3140 2204 3440 2274; x_wconf 79' lang='lat' dir='ltr'><strong>proﬁcisci,</strong></span> <span class='ocrx_word' id='word_1_350' title='bbox 3465 2217 3628 2272; x_wconf 75' lang='lat' dir='ltr'><strong>quem</strong></span> 
     </span>
    </p>
   </div>
   <div class='ocr_carea' id='block_1_53' title="bbox 2039 2297 3634 2368">
    <p class='ocr_par' dir='ltr' id='par_1_53' title="bbox 2039 2297 3634 2368">
     <span class='ocr_line' id='line_1_53' title="bbox 2039 2297 3634 2368; baseline -0.006 -13"><span class='ocrx_word' id='word_1_351' title='bbox 2039 2300 2387 2356; x_wconf 76' lang='lat' dir='ltr'><strong>dilexissem.</strong></span> <span class='ocrx_word' id='word_1_352' title='bbox 2413 2299 2466 2352; x_wconf 90' lang='lat' dir='ltr'><strong>ld</strong></span> <span class='ocrx_word' id='word_1_353' title='bbox 2501 2299 2588 2353; x_wconf 91' lang='lat' dir='ltr'><strong>ubi</strong></span> <span class='ocrx_word' id='word_1_354' title='bbox 2631 2297 3025 2353; x_wconf 72' lang='lat' dir='ltr'><strong>intellexissent</strong></span> <span class='ocrx_word' id='word_1_355' title='bbox 3048 2298 3138 2368; x_wconf 88' lang='lat' dir='ltr'><strong>qui</strong></span> <span class='ocrx_word' id='word_1_356' title='bbox 3166 2297 3362 2367; x_wconf 81' lang='lat' dir='ltr'><strong>oppida</strong></span> <span class='ocrx_word' id='word_1_357' title='bbox 3395 2297 3634 2349; x_wconf 86' lang='lat' dir='ltr'><strong>circum-</strong></span> 
     </span>
    </p>
   </div>
   <div class='ocr_carea' id='block_1_54' title="bbox 2041 2403 3633 2474">
    <p class='ocr_par' dir='ltr' id='par_1_54' title="bbox 2041 2403 3633 2474">
     <span class='ocr_line' id='line_1_54' title="bbox 2041 2403 3633 2474; baseline -0.003 -17"><span class='ocrx_word' id='word_1_358' title='bbox 2041 2418 2262 2474; x_wconf 82' lang='lat' dir='ltr'><strong>quaque</strong></span> <span class='ocrx_word' id='word_1_359' title='bbox 2319 2403 2495 2473; x_wconf 89' lang='lat' dir='ltr'><strong>posita</strong></span> <span class='ocrx_word' id='word_1_360' title='bbox 2566 2403 2900 2465; x_wconf 82' lang='lat' dir='ltr'><strong>incolebant,</strong></span> <span class='ocrx_word' id='word_1_361' title='bbox 2956 2417 3265 2472; x_wconf 79' lang='lat' dir='ltr'><strong>quanquam</strong></span> <span class='ocrx_word' id='word_1_362' title='bbox 3318 2410 3438 2455; x_wconf 83' lang='lat' dir='ltr'><strong>erat</strong></span> <span class='ocrx_word' id='word_1_363' title='bbox 3491 2416 3633 2456; x_wconf 73' lang='lat' dir='ltr'><strong>smva</strong></span> 
     </span>
    </p>
   </div>
   <div class='ocr_carea' id='block_1_55' title="bbox 2045 2490 3632 2562">
    <p class='ocr_par' dir='ltr' id='par_1_55' title="bbox 2045 2490 3632 2562">
     <span class='ocr_line' id='line_1_55' title="bbox 2045 2490 3632 2562; baseline -0.003 -16"><span class='ocrx_word' id='word_1_364' title='bbox 2045 2495 2242 2559; x_wconf 84' lang='lat' dir='ltr'><strong>hiems,</strong></span> <span class='ocrx_word' id='word_1_365' title='bbox 2277 2493 2482 2562; x_wconf 82' lang='lat' dir='ltr'><strong>nixque</strong></span> <span class='ocrx_word' id='word_1_366' title='bbox 2519 2493 2784 2546; x_wconf 86' lang='lat' dir='ltr'><strong>immensa</strong></span> <span class='ocrx_word' id='word_1_367' title='bbox 2820 2493 3118 2555; x_wconf 84' lang='lat' dir='ltr'><strong>deciderat,</strong></span> <span class='ocrx_word' id='word_1_368' title='bbox 3167 2502 3227 2544; x_wconf 92' lang='lat' dir='ltr'><strong>ut</strong></span> <span class='ocrx_word' id='word_1_369' title='bbox 3252 2492 3352 2544; x_wconf 72' lang='lat' dir='ltr'><strong>vim</strong></span> <span class='ocrx_word' id='word_1_370' title='bbox 3379 2506 3517 2559; x_wconf 82' lang='lat' dir='ltr'><strong>pene</strong></span> <span class='ocrx_word' id='word_1_371' title='bbox 3548 2490 3632 2542; x_wconf 82' lang='lat' dir='ltr'><strong>in-</strong></span> 
     </span>
    </p>
   </div>
   <div class='ocr_carea' id='block_1_56' title="bbox 2046 2582 3632 2645">
    <p class='ocr_par' dir='ltr' id='par_1_56' title="bbox 2046 2582 3632 2645">
     <span class='ocr_line' id='line_1_56' title="bbox 2046 2582 3632 2645; baseline -0.001 -11"><span class='ocrx_word' id='word_1_372' title='bbox 2046 2585 2148 2636; x_wconf 74' lang='lat' dir='ltr'><strong>via:</strong></span> <span class='ocrx_word' id='word_1_373' title='bbox 2171 2599 2234 2638; x_wconf 82' lang='lat' dir='ltr'><strong>ac</strong></span> <span class='ocrx_word' id='word_1_374' title='bbox 2264 2583 2461 2637; x_wconf 84' lang='lat' dir='ltr'><strong>domus</strong></span> <span class='ocrx_word' id='word_1_375' title='bbox 2508 2584 2803 2637; x_wconf 66' lang='lat' dir='ltr'><strong>inaccessae</strong></span> <span class='ocrx_word' id='word_1_376' title='bbox 2837 2583 2994 2635; x_wconf 73' lang='lat' dir='ltr'><strong>facta:</strong></span> <span class='ocrx_word' id='word_1_377' title='bbox 3026 2592 3230 2645; x_wconf 87' lang='lat' dir='ltr'><strong>essent,</strong></span> <span class='ocrx_word' id='word_1_378' title='bbox 3283 2582 3418 2635; x_wconf 90' lang='lat' dir='ltr'><strong>nihil</strong></span> <span class='ocrx_word' id='word_1_379' title='bbox 3448 2592 3632 2633; x_wconf 74' lang='lat' dir='ltr'><strong>tamen</strong></span> 
     </span>
    </p>
   </div>
   <div class='ocr_carea' id='block_1_57' title="bbox 2044 2672 3622 2742">
    <p class='ocr_par' dir='ltr' id='par_1_57' title="bbox 2044 2672 3622 2742">
     <span class='ocr_line' id='line_1_57' title="bbox 2044 2672 3622 2742; baseline -0.003 -14"><span class='ocrx_word' id='word_1_380' title='bbox 2044 2683 2104 2728; x_wconf 90' lang='lat' dir='ltr'><strong>ut</strong></span> <span class='ocrx_word' id='word_1_381' title='bbox 2140 2687 2210 2726; x_wconf 89' lang='lat' dir='ltr'><strong>ne</strong></span> <span class='ocrx_word' id='word_1_382' title='bbox 2282 2673 2347 2725; x_wconf 87' lang='lat' dir='ltr'><strong>ad</strong></span> <span class='ocrx_word' id='word_1_383' title='bbox 2384 2688 2507 2725; x_wconf 89' lang='lat' dir='ltr'><strong>eum</strong></span> <span class='ocrx_word' id='word_1_384' title='bbox 2557 2682 2844 2742; x_wconf 82' lang='lat' dir='ltr'><strong>pergerent</strong></span> <span class='ocrx_word' id='word_1_385' title='bbox 2890 2674 3064 2740; x_wconf 85' lang='lat' dir='ltr'><strong>potuit</strong></span> <span class='ocrx_word' id='word_1_386' title='bbox 3116 2673 3402 2742; x_wconf 82' lang='lat' dir='ltr'><strong>prohibere</strong></span> <span class='ocrx_word' id='word_1_387' title='bbox 3438 2690 3450 2725; x_wconf 90' lang='lat'>:</span> <span class='ocrx_word' id='word_1_388' title='bbox 3491 2672 3622 2740; x_wconf 89' lang='lat' dir='ltr'><strong>quin</strong></span> 
     </span>
    </p>
   </div>
   <div class='ocr_carea' id='block_1_58' title="bbox 2047 2762 3630 2834">
    <p class='ocr_par' dir='ltr' id='par_1_58' title="bbox 2047 2762 3630 2834">
     <span class='ocr_line' id='line_1_58' title="bbox 2047 2762 3630 2834; baseline -0.003 -15"><span class='ocrx_word' id='word_1_389' title='bbox 2047 2764 2342 2820; x_wconf 74' lang='lat' dir='ltr'><strong>universim</strong></span> <span class='ocrx_word' id='word_1_390' title='bbox 2368 2779 2562 2819; x_wconf 85' lang='lat' dir='ltr'><strong>omnes</strong></span> <span class='ocrx_word' id='word_1_391' title='bbox 2592 2765 2947 2830; x_wconf 77' lang='lat' dir='ltr'><strong>confluentes,</strong></span> <span class='ocrx_word' id='word_1_392' title='bbox 2977 2766 3042 2820; x_wconf 86' lang='lat' dir='ltr'><strong>ad</strong></span> <span class='ocrx_word' id='word_1_393' title='bbox 3069 2781 3239 2834; x_wconf 88' lang='lat' dir='ltr'><strong>usque</strong></span> <span class='ocrx_word' id='word_1_394' title='bbox 3263 2780 3460 2818; x_wconf 90' lang='lat' dir='ltr'><strong>nonam</strong></span> <span class='ocrx_word' id='word_1_395' title='bbox 3487 2762 3630 2832; x_wconf 88' lang='lat' dir='ltr'><strong>apud</strong></span> 
     </span>
    </p>
   </div>
   <div class='ocr_carea' id='block_1_59' title="bbox 2047 2843 3635 2927">
    <p class='ocr_par' dir='ltr' id='par_1_59' title="bbox 2047 2843 3635 2927">
     <span class='ocr_line' id='line_1_59' title="bbox 2047 2843 3635 2927; baseline -0.003 -15"><span class='ocrx_word' id='word_1_396' title='bbox 2047 2873 2169 2912; x_wconf 89' lang='lat' dir='ltr'><strong>eum</strong></span> <span class='ocrx_word' id='word_1_397' title='bbox 2214 2843 2530 2921; x_wconf 79' lang='lat' dir='ltr'><strong>manebant,</strong></span> <span class='ocrx_word' id='word_1_398' title='bbox 2587 2856 2721 2910; x_wconf 90' lang='lat' dir='ltr'><strong>nihil</strong></span> <span class='ocrx_word' id='word_1_399' title='bbox 2777 2872 3004 2927; x_wconf 81' lang='lat' dir='ltr'><strong>prorsus</strong></span> <span class='ocrx_word' id='word_1_400' title='bbox 3043 2865 3137 2910; x_wconf 85' lang='lat' dir='ltr'><strong>aut</strong></span> <span class='ocrx_word' id='word_1_401' title='bbox 3184 2857 3287 2910; x_wconf 81' lang='lat' dir='ltr'><strong>cibi</strong></span> <span class='ocrx_word' id='word_1_402' title='bbox 3340 2871 3635 2917; x_wconf 75' lang='lat' dir='ltr'><strong>memores,</strong></span> 
     </span>
    </p>
   </div>
   <div class='ocr_carea' id='block_1_60' title="bbox 2047 2947 3634 3014">
    <p class='ocr_par' dir='ltr' id='par_1_60' title="bbox 2047 2947 3634 3014">
     <span class='ocr_line' id='line_1_60' title="bbox 2047 2947 3634 3014; baseline -0.003 -12"><span class='ocrx_word' id='word_1_403' title='bbox 2047 2960 2142 3002; x_wconf 89' lang='lat' dir='ltr'><strong>aut</strong></span> <span class='ocrx_word' id='word_1_404' title='bbox 2169 2948 2313 3002; x_wconf 86' lang='lat' dir='ltr'><strong>utad</strong></span> <span class='ocrx_word' id='word_1_405' title='bbox 2349 2963 2446 3003; x_wconf 86' lang='lat' dir='ltr'><strong>sua</strong></span> <span class='ocrx_word' id='word_1_406' title='bbox 2495 2949 2766 3014; x_wconf 88' lang='lat' dir='ltr'><strong>redirent;</strong></span> <span class='ocrx_word' id='word_1_407' title='bbox 2797 2948 2893 3003; x_wconf 90' lang='lat' dir='ltr'><strong>sed</strong></span> <span class='ocrx_word' id='word_1_408' title='bbox 2942 2948 3159 3002; x_wconf 87' lang='lat' dir='ltr'><strong>stabant</strong></span> <span class='ocrx_word' id='word_1_409' title='bbox 3199 2962 3391 3000; x_wconf 89' lang='lat' dir='ltr'><strong>omnes</strong></span> <span class='ocrx_word' id='word_1_410' title='bbox 3421 2947 3473 2998; x_wconf 91' lang='lat' dir='ltr'><strong>in</strong></span> <span class='ocrx_word' id='word_1_411' title='bbox 3510 2963 3634 2998; x_wconf 84' lang='lat' dir='ltr'><strong>rum</strong></span> 
     </span>
    </p>
   </div>
   <div class='ocr_carea' id='block_1_61' title="bbox 2047 3038 3638 3112">
    <p class='ocr_par' dir='ltr' id='par_1_61' title="bbox 2047 3038 3638 3112">
     <span class='ocr_line' id='line_1_61' title="bbox 2047 3038 3638 3112; baseline -0.001 -18"><span class='ocrx_word' id='word_1_412' title='bbox 2047 3040 2502 3112; x_wconf 87' lang='lat' dir='ltr'><strong>intcnti,ejusque</strong></span> <span class='ocrx_word' id='word_1_413' title='bbox 2531 3041 2757 3094; x_wconf 89' lang='lat' dir='ltr'><strong>hilarem</strong></span> <span class='ocrx_word' id='word_1_414' title='bbox 2791 3048 3134 3109; x_wconf 86' lang='lat' dir='ltr'><strong>aspectantes</strong></span> <span class='ocrx_word' id='word_1_415' title='bbox 3159 3039 3392 3104; x_wconf 85' lang='lat' dir='ltr'><strong>vultum,</strong></span> <span class='ocrx_word' id='word_1_416' title='bbox 3418 3038 3638 3092; x_wconf 71' lang='lat' dir='ltr'><strong>elsaris-</strong></span> 
     </span>
    </p>
   </div>
   <div class='ocr_carea' id='block_1_62' title="bbox 341 3113 1937 3218">
    <p class='ocr_par' dir='ltr' id='par_1_62' title="bbox 341 3113 1937 3190">
     <span class='ocr_line' id='line_1_62' title="bbox 341 3113 1937 3190; baseline 0.006 -26"><span class='ocrx_word' id='word_1_417' title='bbox 341 3113 568 3168; x_wconf 74' lang='grc' dir='ltr'>ἵσταντο</span> <span class='ocrx_word' id='word_1_418' title='bbox 608 3117 809 3180; x_wconf 84' lang='grc' dir='ltr'>πάντες</span> <span class='ocrx_word' id='word_1_419' title='bbox 833 3117 983 3188; x_wconf 84' lang='grc' dir='ltr'>αύτῷ</span> <span class='ocrx_word' id='word_1_420' title='bbox 1027 3119 1384 3190; x_wconf 74' lang='grc' dir='ltr'>προσχόντες,</span> <span class='ocrx_word' id='word_1_421' title='bbox 1432 3121 1526 3174; x_wconf 83' lang='grc' dir='ltr'><strong>καί</strong></span> <span class='ocrx_word' id='word_1_422' title='bbox 1572 3121 1696 3190; x_wconf 71' lang='grc' dir='ltr'>ὄψιν</span> <span class='ocrx_word' id='word_1_423' title='bbox 1728 3121 1937 3174; x_wconf 82' lang='grc' dir='ltr'>ἐκείνου</span> 
     </span>
    </p>
   </div>
   <div class='ocr_carea' id='block_1_63' title="bbox 2044 3113 3639 3218">
    <p class='ocr_par' dir='ltr' id='par_1_63' title="bbox 2049 3131 3639 3200">
     <span class='ocr_line' id='line_1_63' title="bbox 2049 3131 3639 3200; baseline -0.003 -12"><span class='ocrx_word' id='word_1_424' title='bbox 2049 3135 2242 3188; x_wconf 88' lang='lat' dir='ltr'><strong>simam</strong></span> <span class='ocrx_word' id='word_1_425' title='bbox 2293 3133 2485 3187; x_wconf 88' lang='lat' dir='ltr'><strong>audire</strong></span> <span class='ocrx_word' id='word_1_426' title='bbox 2517 3147 2730 3196; x_wconf 86' lang='lat' dir='ltr'><strong>vocem,</strong></span> <span class='ocrx_word' id='word_1_427' title='bbox 2762 3145 3130 3200; x_wconf 88' lang='lat' dir='ltr'><strong>supremaque</strong></span> <span class='ocrx_word' id='word_1_428' title='bbox 3159 3131 3319 3183; x_wconf 88' lang='lat' dir='ltr'><strong>verba</strong></span> <span class='ocrx_word' id='word_1_429' title='bbox 3344 3145 3406 3184; x_wconf 90' lang='lat' dir='ltr'><strong>ac</strong></span> <span class='ocrx_word' id='word_1_430' title='bbox 3447 3144 3639 3200; x_wconf 75' lang='lat' dir='ltr'><strong>pret-es</strong></span> 
     </span>
    </p>
   </div>
   <div class='ocr_carea' id='block_1_64' title="bbox 335 3207 1937 3285">
    <p class='ocr_par' dir='ltr' id='par_1_64' title="bbox 335 3207 1937 3285">
     <span class='ocr_line' id='line_1_64' title="bbox 335 3207 1937 3285; baseline 0.006 -26"><span class='ocrx_word' id='word_1_431' title='bbox 335 3207 450 3276; x_wconf 75' lang='grc' dir='ltr'>’τὴν</span> <span class='ocrx_word' id='word_1_432' title='bbox 485 3208 680 3279; x_wconf 82' lang='grc' dir='ltr'>ίλαρὰν</span> <span class='ocrx_word' id='word_1_433' title='bbox 713 3209 1030 3279; x_wconf 79' lang='grc' dir='ltr'>βλέποντες,</span> <span class='ocrx_word' id='word_1_434' title='bbox 1059 3211 1157 3266; x_wconf 81' lang='grc' dir='ltr'>καὶ</span> <span class='ocrx_word' id='word_1_435' title='bbox 1185 3214 1371 3284; x_wconf 83' lang='grc' dir='ltr'>φωνῆς</span> <span class='ocrx_word' id='word_1_436' title='bbox 1392 3213 1663 3285; x_wconf 73' lang='grc' dir='ltr'>φιλτάτης</span> <span class='ocrx_word' id='word_1_437' title='bbox 1694 3215 1937 3277; x_wconf 84' lang='grc' dir='ltr'>ἀκούειν,</span> 
     </span>
    </p>
   </div>
   <div class='ocr_carea' id='block_1_65' title="bbox 336 3295 1940 3378">
    <p class='ocr_par' dir='ltr' id='par_1_65' title="bbox 336 3295 1940 3378">
     <span class='ocr_line' id='line_1_65' title="bbox 336 3295 1940 3378; baseline 0.005 -24"><span class='ocrx_word' id='word_1_438' title='bbox 336 3303 445 3356; x_wconf 70' lang='grc' dir='ltr'><strong>καὶ</strong></span> <span class='ocrx_word' id='word_1_439' title='bbox 478 3301 656 3369; x_wconf 84' lang='grc' dir='ltr'>λόγων</span> <span class='ocrx_word' id='word_1_440' title='bbox 713 3304 984 3373; x_wconf 82' lang='grc' dir='ltr'>ἐσχάτων,</span> <span class='ocrx_word' id='word_1_441' title='bbox 1033 3307 1128 3358; x_wconf 77' lang='grc' dir='ltr'>καὶ</span> <span class='ocrx_word' id='word_1_442' title='bbox 1157 3305 1327 3377; x_wconf 84' lang='grc' dir='ltr'>εὐχῆς</span> <span class='ocrx_word' id='word_1_443' title='bbox 1382 3295 1714 3378; x_wconf 81' lang='grc' dir='ltr'>μεταλαχεῖν</span> <span class='ocrx_word' id='word_1_444' title='bbox 1746 3310 1940 3362; x_wconf 84' lang='grc' dir='ltr'>ἐπιθυ-</span> 
     </span>
    </p>
   </div>
   <div class='ocr_carea' id='block_1_66' title="bbox 345 3394 1936 3471">
    <p class='ocr_par' dir='ltr' id='par_1_66' title="bbox 345 3394 1936 3471">
     <span class='ocr_line' id='line_1_66' title="bbox 345 3394 1936 3471; baseline -0.022 -7"><span class='ocrx_word' id='word_1_445' title='bbox 345 3394 586 3464; x_wconf 72' lang='grc' dir='ltr'>μοῦντες</span> <span class='ocrx_word' id='word_1_446' title='bbox 607 3411 622 3425; x_wconf 84' lang='grc'><strong>⁸</strong></span> <span class='ocrx_word' id='word_1_447' title='bbox 656 3397 750 3449; x_wconf 80' lang='grc' dir='ltr'>καὶ</span> <span class='ocrx_word' id='word_1_448' title='bbox 784 3397 1088 3466; x_wconf 82' lang='grc' dir='ltr'>ὑποστῆναι</span> <span class='ocrx_word' id='word_1_449' title='bbox 1121 3402 1214 3450; x_wconf 79' lang='grc' dir='ltr'><strong>τὸν</strong></span> <span class='ocrx_word' id='word_1_450' title='bbox 1242 3400 1528 3471; x_wconf 69' lang='grc' dir='ltr'>χωρισμὸν</span> <span class='ocrx_word' id='word_1_451' title='bbox 1556 3400 1616 3454; x_wconf 68' lang='grc' dir='ltr'>οὐ</span> <span class='ocrx_word' id='word_1_452' title='bbox 1638 3401 1901 3470; x_wconf 65' lang='grc' dir='ltr'><strong>φέροντες</strong></span> <span class='ocrx_word' id='word_1_453' title='bbox 1925 3417 1936 3429; x_wconf 95' lang='grc'><strong>.</strong></span> 
     </span>
    </p>
   </div>
   <div class='ocr_carea' id='block_1_67' title="bbox 333 3488 1939 3562">
    <p class='ocr_par' dir='ltr' id='par_1_67' title="bbox 333 3488 1939 3562">
     <span class='ocr_line' id='line_1_67' title="bbox 333 3488 1939 3562; baseline -0.001 -18"><span class='ocrx_word' id='word_1_454' title='bbox 333 3489 544 3544; x_wconf 72' lang='grc' dir='ltr'>’τοῦτον</span> <span class='ocrx_word' id='word_1_455' title='bbox 601 3490 741 3552; x_wconf 78' lang='grc' dir='ltr'>τέως</span> <span class='ocrx_word' id='word_1_456' title='bbox 772 3488 916 3559; x_wconf 78' lang='grc' dir='ltr'>φημὶ</span> <span class='ocrx_word' id='word_1_457' title='bbox 960 3489 1053 3544; x_wconf 81' lang='grc' dir='ltr'><strong>τὸν</strong></span> <span class='ocrx_word' id='word_1_458' title='bbox 1107 3490 1214 3544; x_wconf 77' lang='grc' dir='ltr'><strong>ἀπὸ</strong></span> <span class='ocrx_word' id='word_1_459' title='bbox 1254 3491 1353 3560; x_wconf 86' lang='grc' dir='ltr'><strong>τῆς</strong></span> <span class='ocrx_word' id='word_1_460' title='bbox 1401 3491 1611 3562; x_wconf 79' lang='grc' dir='ltr'>κλίνης,</span> <span class='ocrx_word' id='word_1_461' title='bbox 1655 3490 1797 3545; x_wconf 85' lang='grc' dir='ltr'>ὥστε</span> <span class='ocrx_word' id='word_1_462' title='bbox 1844 3491 1939 3546; x_wconf 86' lang='grc' dir='ltr'><strong>τοῦ</strong></span> 
     </span>
    </p>
   </div>
   <div class='ocr_carea' id='block_1_68' title="bbox 330 3581 1932 3653">
    <p class='ocr_par' dir='ltr' id='par_1_68' title="bbox 330 3581 1932 3653">
     <span class='ocr_line' id='line_1_68' title="bbox 330 3581 1932 3653; baseline 0 -17"><span class='ocrx_word' id='word_1_463' title='bbox 330 3583 483 3653; x_wconf 75' lang='grc' dir='ltr'>ὸρᾷν</span> <span class='ocrx_word' id='word_1_464' title='bbox 509 3582 672 3636; x_wconf 76' lang='grc' dir='ltr'>αὐτὸν</span> <span class='ocrx_word' id='word_1_465' title='bbox 702 3581 1034 3650; x_wconf 74' lang='grc' dir='ltr'>ἀφεμένους,</span> <span class='ocrx_word' id='word_1_466' title='bbox 1084 3583 1408 3637; x_wconf 83' lang='grc' dir='ltr'>ἐπανελθεῖν</span> <span class='ocrx_word' id='word_1_467' title='bbox 1439 3583 1657 3638; x_wconf 76' lang='grc' dir='ltr'>οἴκαδε·</span> <span class='ocrx_word' id='word_1_468' title='bbox 1695 3584 1819 3637; x_wconf 83' lang='grc' dir='ltr'>ἐπεί</span> <span class='ocrx_word' id='word_1_469' title='bbox 1849 3584 1932 3636; x_wconf 86' lang='grc' dir='ltr'><strong>τοί</strong></span> 
     </span>
    </p>
   </div>
   <div class='ocr_carea' id='block_1_69' title="bbox 335 3673 1940 3747">
    <p class='ocr_par' dir='ltr' id='par_1_69' title="bbox 335 3673 1940 3747">
     <span class='ocr_line' id='line_1_69' title="bbox 335 3673 1940 3747; baseline 0.001 -20"><span class='ocrx_word' id='word_1_470' title='bbox 335 3692 417 3742; x_wconf 71' lang='grc' dir='ltr'><strong>γε</strong></span> <span class='ocrx_word' id='word_1_471' title='bbox 444 3673 541 3728; x_wconf 87' lang='grc' dir='ltr'><strong>τοῦ</strong></span> <span class='ocrx_word' id='word_1_472' title='bbox 592 3675 828 3745; x_wconf 80' lang='grc' dir='ltr'>ἐσχάτου</span> <span class='ocrx_word' id='word_1_473' title='bbox 897 3692 958 3744; x_wconf 87' lang='grc' dir='ltr'><strong>γε</strong></span> <span class='ocrx_word' id='word_1_474' title='bbox 1012 3674 1107 3728; x_wconf 81' lang='grc' dir='ltr'>καὶ</span> <span class='ocrx_word' id='word_1_475' title='bbox 1166 3675 1306 3742; x_wconf 74' lang='grc' dir='ltr'>μετὰ</span> <span class='ocrx_word' id='word_1_476' title='bbox 1349 3674 1586 3729; x_wconf 86' lang='grc' dir='ltr'>θάνατον</span> <span class='ocrx_word' id='word_1_477' title='bbox 1629 3674 1940 3747; x_wconf 86' lang='grc' dir='ltr'>χωρισμοῦ,</span> 
     </span>
    </p>
   </div>
   <div class='ocr_carea' id='block_1_70' title="bbox 333 3764 1945 3838">
    <p class='ocr_par' dir='ltr' id='par_1_70' title="bbox 333 3764 1945 3838">
     <span class='ocr_line' id='line_1_70' title="bbox 333 3764 1945 3838; baseline 0.001 -21"><span class='ocrx_word' id='word_1_478' title='bbox 333 3765 472 3818; x_wconf 74' lang='grc' dir='ltr'>οἵαν</span> <span class='ocrx_word' id='word_1_479' title='bbox 497 3767 698 3818; x_wconf 81' lang='grc' dir='ltr'>ἐκεῖνοι</span> <span class='ocrx_word' id='word_1_480' title='bbox 721 3767 822 3838; x_wconf 81' lang='grc' dir='ltr'>τὴν</span> <span class='ocrx_word' id='word_1_481' title='bbox 847 3764 1062 3836; x_wconf 85' lang='grc' dir='ltr'>πληγὴν</span> <span class='ocrx_word' id='word_1_482' title='bbox 1097 3765 1346 3834; x_wconf 79' lang='grc' dir='ltr'>ἐδέχοντο</span> <span class='ocrx_word' id='word_1_483' title='bbox 1370 3781 1385 3796; x_wconf 83' lang='grc'>⁶</span> <span class='ocrx_word' id='word_1_484' title='bbox 1423 3766 1576 3828; x_wconf 83' lang='grc' dir='ltr'>ὃπως</span> <span class='ocrx_word' id='word_1_485' title='bbox 1625 3765 1791 3818; x_wconf 58' lang='grc' dir='ltr'>αὑτοῦ</span> <span class='ocrx_word' id='word_1_486' title='bbox 1847 3766 1945 3835; x_wconf 78' lang='grc' dir='ltr'>χά-</span> 
     </span>
    </p>
   </div>
   <div class='ocr_carea' id='block_1_71' title="bbox 339 3857 1944 3932">
    <p class='ocr_par' dir='ltr' id='par_1_71' title="bbox 339 3857 1944 3932">
     <span class='ocr_line' id='line_1_71' title="bbox 339 3857 1944 3932; baseline -0.001 -20"><span class='ocrx_word' id='word_1_487' title='bbox 339 3877 441 3932; x_wconf 76' lang='grc' dir='ltr'><strong>ριν</strong></span> <span class='ocrx_word' id='word_1_488' title='bbox 503 3859 746 3929; x_wconf 76' lang='grc' dir='ltr'>ἔπασχον</span> <span class='ocrx_word' id='word_1_489' title='bbox 793 3862 892 3923; x_wconf 84' lang='grc' dir='ltr'><strong>τάς</strong></span> <span class='ocrx_word' id='word_1_490' title='bbox 938 3858 1154 3929; x_wconf 74' lang='grc' dir='ltr'>ψυχὰς,</span> <span class='ocrx_word' id='word_1_491' title='bbox 1201 3861 1264 3910; x_wconf 86' lang='grc' dir='ltr'><strong>ἐκ</strong></span> <span class='ocrx_word' id='word_1_492' title='bbox 1318 3858 1428 3911; x_wconf 86' lang='grc' dir='ltr'><strong>τῶν</strong></span> <span class='ocrx_word' id='word_1_493' title='bbox 1477 3858 1732 3927; x_wconf 84' lang='grc' dir='ltr'>δακρύων</span> <span class='ocrx_word' id='word_1_494' title='bbox 1799 3857 1944 3926; x_wconf 80' lang='grc' dir='ltr'>άπερ</span> 
     </span>
    </p>
   </div>
   <div class='ocr_carea' id='block_1_72' title="bbox 335 3949 1943 4022">
    <p class='ocr_par' dir='ltr' id='par_1_72' title="bbox 335 3949 1943 4022">
     <span class='ocr_line' id='line_1_72' title="bbox 335 3949 1943 4022; baseline -0.002 -16"><span class='ocrx_word' id='word_1_495' title='bbox 335 3951 589 4006; x_wconf 72' lang='grc' dir='ltr'>ἁστακτὶ</span> <span class='ocrx_word' id='word_1_496' title='bbox 621 3952 947 4020; x_wconf 74' lang='grc' dir='ltr'>κατέρρεον,</span> <span class='ocrx_word' id='word_1_497' title='bbox 968 3952 1346 4022; x_wconf 83' lang='grc' dir='ltr'>ύπεσήμαινον</span> <span class='ocrx_word' id='word_1_498' title='bbox 1368 3965 1382 3980; x_wconf 87' lang='grc'><strong>·</strong></span> <span class='ocrx_word' id='word_1_499' title='bbox 1416 3951 1521 4012; x_wconf 75' lang='grc' dir='ltr'><strong>ἕως</strong></span> <span class='ocrx_word' id='word_1_500' title='bbox 1553 3949 1943 4018; x_wconf 85' lang='grc' dir='ltr'>ἀσπασάμενος</span> 
     </span>
    </p>
   </div>
   <div class='ocr_carea' id='block_1_73' title="bbox 2048 3218 3640 3292">
    <p class='ocr_par' dir='ltr' id='par_1_73' title="bbox 2048 3218 3640 3292">
     <span class='ocr_line' id='line_1_73' title="bbox 2048 3218 3640 3292; baseline -0.006 -13"><span class='ocrx_word' id='word_1_501' title='bbox 2048 3223 2304 3292; x_wconf 81' lang='lat' dir='ltr'><strong>excipere</strong></span> <span class='ocrx_word' id='word_1_502' title='bbox 2332 3221 2625 3292; x_wconf 84' lang='lat' dir='ltr'><strong>cupiebant</strong></span> <span class='ocrx_word' id='word_1_503' title='bbox 2658 3237 2672 3276; x_wconf 92' lang='lat'>:</span> <span class='ocrx_word' id='word_1_504' title='bbox 2723 3237 2820 3276; x_wconf 86' lang='lat' dir='ltr'><strong>nec</strong></span> <span class='ocrx_word' id='word_1_505' title='bbox 2863 3219 3102 3289; x_wconf 79' lang='lat' dir='ltr'><strong>separari</strong></span> <span class='ocrx_word' id='word_1_506' title='bbox 3151 3218 3418 3279; x_wconf 74' lang='lat' dir='ltr'><strong>ferebant,</strong></span> <span class='ocrx_word' id='word_1_507' title='bbox 3453 3218 3640 3271; x_wconf 80' lang='lat' dir='ltr'><strong>hacte-</strong></span> 
     </span>
    </p>
   </div>
   <div class='ocr_carea' id='block_1_74' title="bbox 2044 3309 3635 3384">
    <p class='ocr_par' dir='ltr' id='par_1_74' title="bbox 2044 3309 3635 3384">
     <span class='ocr_line' id='line_1_74' title="bbox 2044 3309 3635 3384; baseline -0.005 -14"><span class='ocrx_word' id='word_1_508' title='bbox 2044 3331 2173 3378; x_wconf 89' lang='lat' dir='ltr'><strong>nus,</strong></span> <span class='ocrx_word' id='word_1_509' title='bbox 2206 3316 2454 3384; x_wconf 90' lang='lat' dir='ltr'><strong>inquam,</strong></span> <span class='ocrx_word' id='word_1_510' title='bbox 2485 3329 2514 3368; x_wconf 85' lang='lat' dir='ltr'><strong>a</strong></span> <span class='ocrx_word' id='word_1_511' title='bbox 2550 3315 2690 3368; x_wconf 91' lang='lat' dir='ltr'><strong>lecto</strong></span> <span class='ocrx_word' id='word_1_512' title='bbox 2717 3313 2970 3383; x_wconf 85' lang='lat' dir='ltr'><strong>jacentis,</strong></span> <span class='ocrx_word' id='word_1_513' title='bbox 3003 3322 3058 3366; x_wconf 89' lang='lat' dir='ltr'><strong>et</strong></span> <span class='ocrx_word' id='word_1_514' title='bbox 3088 3321 3146 3365; x_wconf 91' lang='lat' dir='ltr'><strong>ut</strong></span> <span class='ocrx_word' id='word_1_515' title='bbox 3172 3312 3292 3380; x_wconf 83' lang='lat' dir='ltr'><strong>ejus</strong></span> <span class='ocrx_word' id='word_1_516' title='bbox 3325 3309 3518 3365; x_wconf 85' lang='lat' dir='ltr'><strong>relicto</strong></span> <span class='ocrx_word' id='word_1_517' title='bbox 3547 3324 3635 3362; x_wconf 89' lang='lat' dir='ltr'><strong>as-</strong></span> 
     </span>
    </p>
   </div>
   <div class='ocr_carea' id='block_1_75' title="bbox 2043 3400 3637 3476">
    <p class='ocr_par' dir='ltr' id='par_1_75' title="bbox 2043 3400 3637 3476">
     <span class='ocr_line' id='line_1_75' title="bbox 2043 3400 3637 3476; baseline -0.005 -18"><span class='ocrx_word' id='word_1_518' title='bbox 2043 3417 2201 3475; x_wconf 87' lang='lat' dir='ltr'><strong>pectu</strong></span> <span class='ocrx_word' id='word_1_519' title='bbox 2233 3405 2469 3476; x_wconf 89' lang='lat' dir='ltr'><strong>quisque</strong></span> <span class='ocrx_word' id='word_1_520' title='bbox 2500 3404 2724 3460; x_wconf 90' lang='lat' dir='ltr'><strong>domum</strong></span> <span class='ocrx_word' id='word_1_521' title='bbox 2754 3411 3184 3457; x_wconf 65' lang='lat' dir='ltr'><strong>reverterentur:</strong></span> <span class='ocrx_word' id='word_1_522' title='bbox 3215 3400 3347 3455; x_wconf 72' lang='lat' dir='ltr'><strong>Nam</strong></span> <span class='ocrx_word' id='word_1_523' title='bbox 3384 3414 3637 3468; x_wconf 82' lang='lat' dir='ltr'><strong>suprema</strong></span> 
     </span>
    </p>
   </div>
   <div class='ocr_carea' id='block_1_76' title="bbox 2045 3489 3641 3567">
    <p class='ocr_par' dir='ltr' id='par_1_76' title="bbox 2045 3489 3641 3567">
     <span class='ocr_line' id='line_1_76' title="bbox 2045 3489 3641 3567; baseline -0.006 -18"><span class='ocrx_word' id='word_1_524' title='bbox 2045 3497 2137 3551; x_wconf 89' lang='lat' dir='ltr'><strong>illa</strong></span> <span class='ocrx_word' id='word_1_525' title='bbox 2193 3512 2258 3552; x_wconf 89' lang='lat' dir='ltr'><strong>ac</strong></span> <span class='ocrx_word' id='word_1_526' title='bbox 2286 3513 2316 3552; x_wconf 84' lang='lat' dir='ltr'><strong>a</strong></span> <span class='ocrx_word' id='word_1_527' title='bbox 2364 3505 2541 3552; x_wconf 86' lang='lat' dir='ltr'><strong>morte</strong></span> <span class='ocrx_word' id='word_1_528' title='bbox 2568 3495 2862 3567; x_wconf 82' lang='lat' dir='ltr'><strong>separatio,</strong></span> <span class='ocrx_word' id='word_1_529' title='bbox 2895 3504 3157 3564; x_wconf 84' lang='lat' dir='ltr'><strong>quantum</strong></span> <span class='ocrx_word' id='word_1_530' title='bbox 3193 3493 3298 3548; x_wconf 88' lang='lat' dir='ltr'><strong>illis</strong></span> <span class='ocrx_word' id='word_1_531' title='bbox 3329 3493 3524 3546; x_wconf 84' lang='lat' dir='ltr'><strong>vulnus</strong></span> <span class='ocrx_word' id='word_1_532' title='bbox 3557 3489 3641 3542; x_wconf 85' lang='lat' dir='ltr'><strong>in—</strong></span> 
     </span>
    </p>
   </div>
   <div class='ocr_carea' id='block_1_77' title="bbox 2047 3583 3637 3660">
    <p class='ocr_par' dir='ltr' id='par_1_77' title="bbox 2047 3583 3637 3660">
     <span class='ocr_line' id='line_1_77' title="bbox 2047 3583 3637 3660; baseline -0.006 -17"><span class='ocrx_word' id='word_1_533' title='bbox 2047 3589 2234 3654; x_wconf 82' lang='lat' dir='ltr'><strong>ferret,</strong></span> <span class='ocrx_word' id='word_1_534' title='bbox 2283 3604 2598 3660; x_wconf 84' lang='lat' dir='ltr'><strong>quanquam</strong></span> <span class='ocrx_word' id='word_1_535' title='bbox 2636 3587 2756 3657; x_wconf 79' lang='lat' dir='ltr'><strong>ejns</strong></span> <span class='ocrx_word' id='word_1_536' title='bbox 2814 3586 2986 3656; x_wconf 83' lang='lat' dir='ltr'><strong>gratia</strong></span> <span class='ocrx_word' id='word_1_537' title='bbox 3026 3586 3224 3640; x_wconf 89' lang='lat' dir='ltr'><strong>animis</strong></span> <span class='ocrx_word' id='word_1_538' title='bbox 3271 3583 3637 3642; x_wconf 78' lang='lat' dir='ltr'><strong>afficerentur,</strong></span> 
     </span>
    </p>
   </div>
   <div class='ocr_carea' id='block_1_78' title="bbox 2043 3675 3641 3752">
    <p class='ocr_par' dir='ltr' id='par_1_78' title="bbox 2043 3675 3641 3752">
     <span class='ocr_line' id='line_1_78' title="bbox 2043 3675 3641 3752; baseline -0.006 -21"><span class='ocrx_word' id='word_1_539' title='bbox 2043 3680 2203 3750; x_wconf 84' lang='lat' dir='ltr'><strong>jnges</strong></span> <span class='ocrx_word' id='word_1_540' title='bbox 2230 3681 2337 3735; x_wconf 74' lang='lat' dir='ltr'><strong>illa:</strong></span> <span class='ocrx_word' id='word_1_541' title='bbox 2376 3682 2632 3752; x_wconf 75' lang='lat' dir='ltr'><strong>lacrymze</strong></span> <span class='ocrx_word' id='word_1_542' title='bbox 2670 3681 2739 3736; x_wconf 88' lang='lat' dir='ltr'><strong>ab</strong></span> <span class='ocrx_word' id='word_1_543' title='bbox 2783 3680 2956 3736; x_wconf 89' lang='lat' dir='ltr'><strong>oculis</strong></span> <span class='ocrx_word' id='word_1_544' title='bbox 3001 3675 3332 3748; x_wconf 85' lang='lat' dir='ltr'><strong>profluentes</strong></span> <span class='ocrx_word' id='word_1_545' title='bbox 3371 3683 3641 3727; x_wconf 75' lang='lat' dir='ltr'><strong>monstra-</strong></span> 
     </span>
    </p>
   </div>
   <div class='ocr_carea' id='block_1_79' title="bbox 2046 3766 3640 3842">
    <p class='ocr_par' dir='ltr' id='par_1_79' title="bbox 2046 3766 3640 3842">
     <span class='ocr_line' id='line_1_79' title="bbox 2046 3766 3640 3842; baseline -0.006 -16"><span class='ocrx_word' id='word_1_546' title='bbox 2046 3775 2179 3828; x_wconf 88' lang='lat' dir='ltr'><strong>bant</strong></span> <span class='ocrx_word' id='word_1_547' title='bbox 2213 3791 2226 3826; x_wconf 90' lang='lat'>:</span> <span class='ocrx_word' id='word_1_548' title='bbox 2264 3775 2440 3829; x_wconf 89' lang='lat' dir='ltr'><strong>donec</strong></span> <span class='ocrx_word' id='word_1_549' title='bbox 2491 3774 2708 3830; x_wconf 88' lang='lat' dir='ltr'><strong>tandem</strong></span> <span class='ocrx_word' id='word_1_550' title='bbox 2743 3774 3086 3842; x_wconf 77' lang='lat' dir='ltr'><strong>amplexatus</strong></span> <span class='ocrx_word' id='word_1_551' title='bbox 3116 3784 3331 3833; x_wconf 87' lang='lat' dir='ltr'><strong>omnes,</strong></span> <span class='ocrx_word' id='word_1_552' title='bbox 3374 3783 3439 3822; x_wconf 92' lang='lat' dir='ltr'><strong>ac</strong></span> <span class='ocrx_word' id='word_1_553' title='bbox 3494 3766 3640 3820; x_wconf 84' lang='lat' dir='ltr'><strong>bona</strong></span> 
     </span>
    </p>
   </div>
   <div class='ocr_carea' id='block_1_80' title="bbox 2044 3861 3644 3933">
    <p class='ocr_par' dir='ltr' id='par_1_80' title="bbox 2044 3861 3644 3933">
     <span class='ocr_line' id='line_1_80' title="bbox 2044 3861 3644 3933; baseline -0.007 -14"><span class='ocrx_word' id='word_1_554' title='bbox 2044 3866 2391 3933; x_wconf 84' lang='lat' dir='ltr'><strong>adprecatus,</strong></span> <span class='ocrx_word' id='word_1_555' title='bbox 2422 3865 2586 3918; x_wconf 89' lang='lat' dir='ltr'><strong>etiam</strong></span> <span class='ocrx_word' id='word_1_556' title='bbox 2615 3866 2816 3920; x_wconf 87' lang='lat' dir='ltr'><strong>invitos</strong></span> <span class='ocrx_word' id='word_1_557' title='bbox 2839 3865 3046 3920; x_wconf 85' lang='lat' dir='ltr'><strong>dimisit</strong></span> <span class='ocrx_word' id='word_1_558' title='bbox 3093 3861 3397 3932; x_wconf 80' lang='lat' dir='ltr'><strong>lugubriter</strong></span> <span class='ocrx_word' id='word_1_559' title='bbox 3422 3874 3644 3930; x_wconf 78' lang='lat' dir='ltr'><strong>gemen-</strong></span> 
     </span>
    </p>
   </div>
   <div class='ocr_carea' id='block_1_81' title="bbox 2039 3942 2895 4012">
    <p class='ocr_par' dir='ltr' id='par_1_81' title="bbox 2039 3942 2895 4012">
     <span class='ocr_line' id='line_1_81' title="bbox 2039 3942 2895 4012; baseline 0.004 -6"><span class='ocrx_word' id='word_1_560' title='bbox 2039 3942 2150 4012; x_wconf 80' lang='lat' dir='ltr'><strong>tes.</strong></span> <span class='ocrx_word' id='word_1_561' title='bbox 2181 3968 2244 4008; x_wconf 90' lang='lat' dir='ltr'><strong>ac</strong></span> <span class='ocrx_word' id='word_1_562' title='bbox 2273 3955 2395 4008; x_wconf 86' lang='lat' dir='ltr'><strong>diro</strong></span> <span class='ocrx_word' id='word_1_563' title='bbox 2435 3953 2620 4008; x_wconf 89' lang='lat' dir='ltr'><strong>dolore</strong></span> <span class='ocrx_word' id='word_1_564' title='bbox 2649 3953 2895 4008; x_wconf 72' lang='lat' dir='ltr'><strong>affectos.</strong></span> 
     </span>
    </p>
   </div>
   <div class='ocr_carea' id='block_1_82' title="bbox 339 4040 3638 4116">
    <p class='ocr_par' dir='ltr' id='par_1_82' title="bbox 339 4040 3638 4116">
     <span class='ocr_line' id='line_1_82' title="bbox 339 4040 3638 4116; baseline -0.003 -15"><span class='ocrx_word' id='word_1_565' title='bbox 339 4047 588 4108; x_wconf 77' lang='grc' dir='ltr'>πάντας,</span> <span class='ocrx_word' id='word_1_566' title='bbox 622 4043 993 4114; x_wconf 83' lang='grc' dir='ltr'>ἐπευξάμενός</span> <span class='ocrx_word' id='word_1_567' title='bbox 1028 4061 1089 4096; x_wconf 88' lang='grc' dir='ltr'><strong>τε</strong></span> <span class='ocrx_word' id='word_1_568' title='bbox 1150 4044 1218 4096; x_wconf 69' lang='grc' dir='ltr'><strong>τά</strong></span> <span class='ocrx_word' id='word_1_569' title='bbox 1271 4042 1482 4111; x_wconf 85' lang='grc' dir='ltr'>ἀγαθά,</span> <span class='ocrx_word' id='word_1_570' title='bbox 1543 4043 1640 4095; x_wconf 71' lang='grc' dir='ltr'><strong>καὶ</strong></span> <span class='ocrx_word' id='word_1_571' title='bbox 1707 4043 1944 4107; x_wconf 80' lang='grc' dir='ltr'>ἄκοντας</span> <span class='ocrx_word' id='word_1_572' title='bbox 2019 4045 2203 4116; x_wconf 83' lang='grc' dir='ltr'>ἀφῆκε</span> <span class='ocrx_word' id='word_1_573' title='bbox 2288 4045 2486 4116; x_wconf 81' lang='grc' dir='ltr'>γοερὸν</span> <span class='ocrx_word' id='word_1_574' title='bbox 2559 4045 2887 4109; x_wconf 76' lang='grc' dir='ltr'>στένοντας,</span> <span class='ocrx_word' id='word_1_575' title='bbox 2946 4045 3038 4097; x_wconf 77' lang='grc' dir='ltr'><strong>καὶ</strong></span> <span class='ocrx_word' id='word_1_576' title='bbox 3099 4043 3316 4114; x_wconf 78' lang='grc' dir='ltr'>βαρέως</span> <span class='ocrx_word' id='word_1_577' title='bbox 3374 4040 3638 4094; x_wconf 80' lang='grc' dir='ltr'>παθαινο-</span> 
     </span>
    </p>
   </div>
   <div class='ocr_carea' id='block_1_83' title="bbox 393 4145 576 4206">
    <p class='ocr_par' dir='ltr' id='par_1_83' title="bbox 393 4145 576 4206">
     <span class='ocr_line' id='line_1_83' title="bbox 393 4145 576 4206; baseline -0.016 -9"><span class='ocrx_word' id='word_1_578' title='bbox 393 4145 576 4206; x_wconf 80' lang='grc' dir='ltr'>ἐνους.</span> 
     </span>
    </p>
   </div>
   <div class='ocr_carea' id='block_1_84' title="bbox 347 4163 1936 4308">
    <p class='ocr_par' dir='ltr' id='par_1_84' title="bbox 347 4163 1936 4308">
     <span class='ocr_line' id='line_1_84' title="bbox 393 4163 576 4197; baseline -0.016 0"><span class='ocrx_word' id='word_1_579' title='bbox 393 4163 520 4197; x_wconf 78' lang='grc' dir='ltr'>ενου</span> <span class='ocrx_word' id='word_1_580' title='bbox 562 4181 576 4195; x_wconf 99' lang='grc'><strong>.</strong></span> 
     </span>
     <span class='ocr_line' id='line_1_85' title="bbox 347 4163 1936 4308; baseline -0.004 -17"><span class='ocrx_word' id='word_1_581' title='bbox 347 4163 390 4215; x_wconf 71' lang='grc' dir='ltr'><strong>μ</strong></span> <span class='ocrx_word' id='word_1_582' title='bbox 423 4163 929 4308; x_wconf 70' lang='grc' dir='ltr'>Τοῦςπρεοδντὲρου</span> <span class='ocrx_word' id='word_1_583' title='bbox 958 4237 1144 4305; x_wconf 75' lang='grc' dir='ltr'>μέντοι</span> <span class='ocrx_word' id='word_1_584' title='bbox 1173 4233 1479 4306; x_wconf 79' lang='grc' dir='ltr'>Γρηγορὶου</span> <span class='ocrx_word' id='word_1_585' title='bbox 1505 4233 1936 4305; x_wconf 75' lang='grc' dir='ltr'>προσμένοντος,</span> 
     </span>
    </p>
   </div>
   <div class='ocr_carea' id='block_1_85' title="bbox 352 4323 1938 4405">
    <p class='ocr_par' dir='ltr' id='par_1_85' title="bbox 352 4323 1938 4405">
     <span class='ocr_line' id='line_1_86' title="bbox 352 4323 1938 4405; baseline -0.004 -24"><span class='ocrx_word' id='word_1_586' title='bbox 352 4327 687 4381; x_wconf 83' lang='grc' dir='ltr'>πυνθάνεται</span> <span class='ocrx_word' id='word_1_587' title='bbox 713 4325 845 4395; x_wconf 78' lang='grc' dir='ltr'>παρ’</span> <span class='ocrx_word' id='word_1_588' title='bbox 871 4324 1038 4379; x_wconf 80' lang='grc' dir='ltr'>αὑτοῦ</span> <span class='ocrx_word' id='word_1_589' title='bbox 1067 4325 1159 4377; x_wconf 81' lang='grc' dir='ltr'><strong>τὸν</strong></span> <span class='ocrx_word' id='word_1_590' title='bbox 1187 4326 1383 4395; x_wconf 75' lang='grc' dir='ltr'>καιρὸν</span> <span class='ocrx_word' id='word_1_591' title='bbox 1424 4327 1452 4377; x_wconf 87' lang='grc' dir='ltr'>ὁ</span> <span class='ocrx_word' id='word_1_592' title='bbox 1493 4326 1688 4405; x_wconf 79' lang='grc' dir='ltr'>μέγας.</span> <span class='ocrx_word' id='word_1_593' title='bbox 1731 4323 1840 4376; x_wconf 86' lang='grc' dir='ltr'><strong>Τοῦ</strong></span> <span class='ocrx_word' id='word_1_594' title='bbox 1879 4323 1938 4376; x_wconf 71' lang='grc' dir='ltr'>δὲ</span> 
     </span>
    </p>
   </div>
   <div class='ocr_carea' id='block_1_86' title="bbox 353 4411 1944 4490">
    <p class='ocr_par' dir='ltr' id='par_1_86' title="bbox 353 4411 1944 4490">
     <span class='ocr_line' id='line_1_87' title="bbox 353 4411 1944 4490; baseline -0.002 -20"><span class='ocrx_word' id='word_1_595' title='bbox 353 4417 492 4488; x_wconf 76' lang='grc' dir='ltr'>πρὸς</span> <span class='ocrx_word' id='word_1_596' title='bbox 525 4416 736 4487; x_wconf 80' lang='grc' dir='ltr'>δυσμὰς</span> <span class='ocrx_word' id='word_1_597' title='bbox 761 4416 1010 4480; x_wconf 74' lang='grc' dir='ltr'>εἰπόντος</span> <span class='ocrx_word' id='word_1_598' title='bbox 1036 4411 1176 4469; x_wconf 81' lang='grc' dir='ltr'>εἶναι</span> <span class='ocrx_word' id='word_1_599' title='bbox 1200 4417 1290 4469; x_wconf 83' lang='grc' dir='ltr'><strong>τὸν</strong></span> <span class='ocrx_word' id='word_1_600' title='bbox 1306 4416 1460 4486; x_wconf 78' lang='grc' dir='ltr'>ἥλιον</span> <span class='ocrx_word' id='word_1_601' title='bbox 1493 4456 1507 4480; x_wconf 89' lang='grc'><strong>,</strong></span> <span class='ocrx_word' id='word_1_602' title='bbox 1548 4416 1711 4490; x_wconf 77' lang='grc' dir='ltr'>γνοὺς</span> <span class='ocrx_word' id='word_1_603' title='bbox 1736 4416 1944 4478; x_wconf 83' lang='grc' dir='ltr'>ἐκεῖνος</span> 
     </span>
    </p>
   </div>
   <div class='ocr_carea' id='block_1_87' title="bbox 2121 4224 3640 4300">
    <p class='ocr_par' dir='ltr' id='par_1_87' title="bbox 2121 4224 3640 4300">
     <span class='ocr_line' id='line_1_88' title="bbox 2121 4224 3640 4300; baseline -0.008 -10"><span class='ocrx_word' id='word_1_604' title='bbox 2121 4234 2260 4290; x_wconf 87' lang='lat' dir='ltr'><strong>Cum</strong></span> <span class='ocrx_word' id='word_1_605' title='bbox 2297 4242 2479 4287; x_wconf 89' lang='lat' dir='ltr'><strong>autem</strong></span> <span class='ocrx_word' id='word_1_606' title='bbox 2508 4230 2806 4300; x_wconf 80' lang='lat' dir='ltr'><strong>Gregorius</strong></span> <span class='ocrx_word' id='word_1_607' title='bbox 2835 4227 3116 4299; x_wconf 81' lang='lat' dir='ltr'><strong>presbyter</strong></span> <span class='ocrx_word' id='word_1_608' title='bbox 3151 4224 3473 4289; x_wconf 81' lang='lat' dir='ltr'><strong>mansisset,</strong></span> <span class='ocrx_word' id='word_1_609' title='bbox 3519 4241 3640 4295; x_wconf 86' lang='lat' dir='ltr'><strong>per-</strong></span> 
     </span>
    </p>
   </div>
   <div class='ocr_carea' id='block_1_88' title="bbox 2056 4317 3641 4393">
    <p class='ocr_par' dir='ltr' id='par_1_88' title="bbox 2056 4317 3641 4393">
     <span class='ocr_line' id='line_1_89' title="bbox 2056 4317 3641 4393; baseline -0.01 -10"><span class='ocrx_word' id='word_1_610' title='bbox 2056 4327 2387 4383; x_wconf 87' lang='lat' dir='ltr'><strong>contabatur</strong></span> <span class='ocrx_word' id='word_1_611' title='bbox 2418 4340 2486 4380; x_wconf 70' lang='lat' dir='ltr'><strong>ex</strong></span> <span class='ocrx_word' id='word_1_612' title='bbox 2512 4340 2579 4379; x_wconf 88' lang='lat' dir='ltr'><strong>eo</strong></span> <span class='ocrx_word' id='word_1_613' title='bbox 2614 4337 2841 4393; x_wconf 83' lang='lat' dir='ltr'><strong>magnus</strong></span> <span class='ocrx_word' id='word_1_614' title='bbox 2875 4321 2988 4384; x_wconf 91' lang='lat' dir='ltr'><strong>ille,</strong></span> <span class='ocrx_word' id='word_1_615' title='bbox 3018 4328 3258 4389; x_wconf 86' lang='lat' dir='ltr'><strong>tempus.</strong></span> <span class='ocrx_word' id='word_1_616' title='bbox 3292 4317 3428 4371; x_wconf 87' lang='lat' dir='ltr'><strong>Cum</strong></span> <span class='ocrx_word' id='word_1_617' title='bbox 3460 4330 3641 4368; x_wconf 86' lang='lat' dir='ltr'><strong>autem</strong></span> 
     </span>
    </p>
   </div>
   <div class='ocr_carea' id='block_1_89' title="bbox 2058 4409 3647 4483">
    <p class='ocr_par' dir='ltr' id='par_1_89' title="bbox 2058 4409 3647 4483">
     <span class='ocr_line' id='line_1_90' title="bbox 2058 4409 3647 4483; baseline -0.006 -11"><span class='ocrx_word' id='word_1_618' title='bbox 2058 4419 2304 4478; x_wconf 76' lang='lat' dir='ltr'><strong>dixisset.</strong></span> <span class='ocrx_word' id='word_1_619' title='bbox 2338 4417 2510 4472; x_wconf 85' lang='lat' dir='ltr'><strong>solem</strong></span> <span class='ocrx_word' id='word_1_620' title='bbox 2557 4415 2624 4468; x_wconf 89' lang='lat' dir='ltr'><strong>ad</strong></span> <span class='ocrx_word' id='word_1_621' title='bbox 2668 4428 2918 4468; x_wconf 85' lang='lat' dir='ltr'><strong>occasum</strong></span> <span class='ocrx_word' id='word_1_622' title='bbox 2954 4427 3198 4483; x_wconf 74' lang='lat' dir='ltr'><strong>vergere,</strong></span> <span class='ocrx_word' id='word_1_623' title='bbox 3231 4413 3412 4465; x_wconf 85' lang='lat' dir='ltr'><strong>sciens</strong></span> <span class='ocrx_word' id='word_1_624' title='bbox 3441 4409 3549 4470; x_wconf 81' lang='lat' dir='ltr'><strong>ille,</strong></span> <span class='ocrx_word' id='word_1_625' title='bbox 3587 4423 3647 4462; x_wconf 83' lang='lat' dir='ltr'><strong>se</strong></span> 
     </span>
    </p>
   </div>
   <div class='ocr_carea' id='block_1_90' title="bbox 354 4503 1937 4584">
    <p class='ocr_par' dir='ltr' id='par_1_90' title="bbox 354 4508 1937 4580">
     <span class='ocr_line' id='line_1_91' title="bbox 354 4508 1937 4580; baseline -0.001 -19"><span class='ocrx_word' id='word_1_626' title='bbox 354 4511 453 4563; x_wconf 69' lang='grc' dir='ltr'><strong>καὶ</strong></span> <span class='ocrx_word' id='word_1_627' title='bbox 506 4511 699 4562; x_wconf 76' lang='grc' dir='ltr'>ἑαυτὸν</span> <span class='ocrx_word' id='word_1_628' title='bbox 739 4510 842 4580; x_wconf 78' lang='grc' dir='ltr'><strong>ήδη</strong></span> <span class='ocrx_word' id='word_1_629' title='bbox 887 4509 989 4576; x_wconf 44' lang='grc' dir='ltr'>,τὸν</span> <span class='ocrx_word' id='word_1_630' title='bbox 1042 4508 1205 4562; x_wconf 70' lang='grc' dir='ltr'>καλὸν</span> <span class='ocrx_word' id='word_1_631' title='bbox 1255 4509 1462 4580; x_wconf 80' lang='grc' dir='ltr'>ἀστέρα</span> <span class='ocrx_word' id='word_1_632' title='bbox 1501 4508 1937 4577; x_wconf 69' lang='grc' dir='ltr'>καταδυόμενονε</span> 
     </span>
    </p>
   </div>
   <div class='ocr_carea' id='block_1_91' title="bbox 2044 4503 3638 4584">
    <p class='ocr_par' dir='ltr' id='par_1_91' title="bbox 2060 4503 3638 4582">
     <span class='ocr_line' id='line_1_92' title="bbox 2060 4503 3638 4582; baseline -0.007 -17"><span class='ocrx_word' id='word_1_633' title='bbox 2060 4511 2173 4582; x_wconf 87' lang='lat' dir='ltr'><strong>jam</strong></span> <span class='ocrx_word' id='word_1_634' title='bbox 2218 4525 2438 4581; x_wconf 77' lang='lat' dir='ltr'><strong>queque</strong></span> <span class='ocrx_word' id='word_1_635' title='bbox 2491 4508 2777 4578; x_wconf 84' lang='lat' dir='ltr'><strong>pulchrum</strong></span> <span class='ocrx_word' id='word_1_636' title='bbox 2827 4507 2978 4562; x_wconf 88' lang='lat' dir='ltr'><strong>sidus</strong></span> <span class='ocrx_word' id='word_1_637' title='bbox 3029 4506 3330 4560; x_wconf 86' lang='lat' dir='ltr'><strong>occidere:</strong></span> <span class='ocrx_word' id='word_1_638' title='bbox 3371 4521 3388 4552; x_wconf 83' lang='grc' dir='ltr'><strong>ι</strong></span> <span class='ocrx_word' id='word_1_639' title='bbox 3416 4503 3638 4566; x_wconf 80' lang='lat' dir='ltr'><strong>Abiens,</strong></span> 
     </span>
    </p>
   </div>
   <div class='ocr_carea' id='block_1_92' title="bbox 363 4599 1954 4671">
    <p class='ocr_par' dir='ltr' id='par_1_92' title="bbox 363 4599 1954 4671">
     <span class='ocr_line' id='line_1_93' title="bbox 363 4599 1954 4671; baseline -0.001 -20"><span class='ocrx_word' id='word_1_640' title='bbox 363 4619 382 4651; x_wconf 78' lang='grc' dir='ltr'><strong>ι</strong></span> <span class='ocrx_word' id='word_1_641' title='bbox 430 4599 732 4665; x_wconf 58' lang='lat' dir='ltr'><strong>nmmo»,</strong></span> <span class='ocrx_word' id='word_1_642' title='bbox 757 4602 930 4670; x_wconf 82' lang='grc' dir='ltr'>λέγει,</span> <span class='ocrx_word' id='word_1_643' title='bbox 968 4602 1072 4664; x_wconf 79' lang='grc' dir='ltr'>τὰς</span> <span class='ocrx_word' id='word_1_644' title='bbox 1126 4601 1417 4671; x_wconf 74' lang='grc' dir='ltr'>ἑσπερίους</span> <span class='ocrx_word' id='word_1_645' title='bbox 1447 4601 1523 4662; x_wconf 85' lang='grc' dir='ltr'>ὡς</span> <span class='ocrx_word' id='word_1_646' title='bbox 1551 4600 1714 4669; x_wconf 80' lang='grc' dir='ltr'>τάχος</span> <span class='ocrx_word' id='word_1_647' title='bbox 1758 4599 1954 4661; x_wconf 70' lang='grc' dir='ltr'>ἀπόδος</span> 
     </span>
    </p>
   </div>
   <div class='ocr_carea' id='block_1_93' title="bbox 356 4690 1955 4762">
    <p class='ocr_par' dir='ltr' id='par_1_93' title="bbox 356 4690 1955 4762">
     <span class='ocr_line' id='line_1_94' title="bbox 356 4690 1955 4762; baseline -0.004 -16"><span class='ocrx_word' id='word_1_648' title='bbox 356 4692 554 4762; x_wconf 70' lang='grc' dir='ltr'>εὐχάςο</span> <span class='ocrx_word' id='word_1_649' title='bbox 595 4711 613 4743; x_wconf 83' lang='grc' dir='ltr'><strong>ι</strong></span> <span class='ocrx_word' id='word_1_650' title='bbox 665 4692 724 4745; x_wconf 86' lang='lat'><strong>&#39;0</strong></span> <span class='ocrx_word' id='word_1_651' title='bbox 764 4693 823 4745; x_wconf 80' lang='grc' dir='ltr'>δὲ</span> <span class='ocrx_word' id='word_1_652' title='bbox 849 4691 1147 4762; x_wconf 84' lang='grc' dir='ltr'>πληρώσας</span> <span class='ocrx_word' id='word_1_653' title='bbox 1171 4693 1232 4744; x_wconf 79' lang='grc' dir='ltr'>τὸ</span> <span class='ocrx_word' id='word_1_654' title='bbox 1263 4691 1556 4745; x_wconf 81' lang='grc' dir='ltr'>κελευσθέν</span> <span class='ocrx_word' id='word_1_655' title='bbox 1581 4708 1595 4722; x_wconf 87' lang='grc'><strong>·</strong></span> <span class='ocrx_word' id='word_1_656' title='bbox 1636 4691 1832 4744; x_wconf 76' lang='grc' dir='ltr'>ἔπειτα</span> <span class='ocrx_word' id='word_1_657' title='bbox 1867 4690 1955 4741; x_wconf 90' lang='grc' dir='ltr'>δο-</span> 
     </span>
    </p>
   </div>
   <div class='ocr_carea' id='block_1_94' title="bbox 354 4782 1954 4856">
    <p class='ocr_par' dir='ltr' id='par_1_94' title="bbox 354 4782 1954 4856">
     <span class='ocr_line' id='line_1_95' title="bbox 354 4782 1954 4856; baseline -0.003 -18"><span class='ocrx_word' id='word_1_658' title='bbox 354 4785 472 4838; x_wconf 88' lang='grc' dir='ltr'><strong>κῶν</strong></span> <span class='ocrx_word' id='word_1_659' title='bbox 501 4785 636 4856; x_wconf 80' lang='grc' dir='ltr'>περὶ</span> <span class='ocrx_word' id='word_1_660' title='bbox 664 4784 760 4839; x_wconf 89' lang='grc' dir='ltr'><strong>τοῦ</strong></span> <span class='ocrx_word' id='word_1_661' title='bbox 786 4785 897 4839; x_wconf 89' lang='grc' dir='ltr'><strong>τῶν</strong></span> <span class='ocrx_word' id='word_1_662' title='bbox 919 4786 1237 4854; x_wconf 75' lang='grc' dir='ltr'>ἀναγκαίων</span> <span class='ocrx_word' id='word_1_663' title='bbox 1260 4784 1654 4847; x_wconf 83' lang='grc' dir='ltr'>πυνθάνεσθαι,</span> <span class='ocrx_word' id='word_1_664' title='bbox 1686 4783 1784 4835; x_wconf 84' lang='grc' dir='ltr'><strong>ποῦ</strong></span> <span class='ocrx_word' id='word_1_665' title='bbox 1815 4782 1954 4852; x_wconf 72' lang='grc' dir='ltr'>μετὰ</span> 
     </span>
    </p>
   </div>
   <div class='ocr_carea' id='block_1_95' title="bbox 353 4874 1955 4949">
    <p class='ocr_par' dir='ltr' id='par_1_95' title="bbox 353 4874 1955 4949">
     <span class='ocr_line' id='line_1_96' title="bbox 353 4874 1955 4949; baseline -0.003 -19"><span class='ocrx_word' id='word_1_666' title='bbox 353 4877 590 4931; x_wconf 80' lang='grc' dir='ltr'>θάνατον</span> <span class='ocrx_word' id='word_1_667' title='bbox 623 4877 773 4949; x_wconf 84' lang='grc' dir='ltr'>αύτῷ</span> <span class='ocrx_word' id='word_1_668' title='bbox 793 4877 980 4949; x_wconf 81' lang='grc' dir='ltr'>ὴρώτα</span> <span class='ocrx_word' id='word_1_669' title='bbox 1005 4879 1159 4946; x_wconf 85' lang='grc' dir='ltr'>φίλον</span> <span class='ocrx_word' id='word_1_670' title='bbox 1183 4877 1334 4948; x_wconf 86' lang='grc' dir='ltr'>αύτῷ</span> <span class='ocrx_word' id='word_1_671' title='bbox 1353 4875 1744 4944; x_wconf 79' lang='grc' dir='ltr'>κατατεθῆναι.</span> <span class='ocrx_word' id='word_1_672' title='bbox 1769 4875 1870 4927; x_wconf 80' lang='grc' dir='ltr'><strong>Τὸν</strong></span> <span class='ocrx_word' id='word_1_673' title='bbox 1895 4874 1955 4927; x_wconf 83' lang='grc' dir='ltr'>δὲ</span> 
     </span>
    </p>
   </div>
   <div class='ocr_carea' id='block_1_96' title="bbox 353 4969 1952 5040">
    <p class='ocr_par' dir='ltr' id='par_1_96' title="bbox 353 4969 1952 5040">
     <span class='ocr_line' id='line_1_97' title="bbox 353 4969 1952 5040; baseline -0.003 -17"><span class='ocrx_word' id='word_1_674' title='bbox 353 4971 637 5040; x_wconf 83' lang='grc' dir='ltr'>δυσχερῶς</span> <span class='ocrx_word' id='word_1_675' title='bbox 657 4971 793 5040; x_wconf 77' lang='grc' dir='ltr'>πρὸς</span> <span class='ocrx_word' id='word_1_676' title='bbox 820 4969 978 5024; x_wconf 86' lang='grc' dir='ltr'>τοῦτο</span> <span class='ocrx_word' id='word_1_677' title='bbox 1004 4969 1340 5023; x_wconf 76' lang='grc' dir='ltr'>διατεθέντα.</span> <span class='ocrx_word' id='word_1_678' title='bbox 1370 4989 1388 5021; x_wconf 87' lang='grc' dir='ltr'><strong>ι</strong></span> <span class='ocrx_word' id='word_1_679' title='bbox 1414 4969 1550 5022; x_wconf 87' lang='grc' dir='ltr'><strong>Τίδὲ</strong></span> <span class='ocrx_word' id='word_1_680' title='bbox 1570 4969 1702 5035; x_wconf 75' lang='grc' dir='ltr'>ςούκ</span> <span class='ocrx_word' id='word_1_681' title='bbox 1723 4969 1952 5038; x_wconf 76' lang='grc' dir='ltr'>αἰσχύνη</span> 
     </span>
    </p>
   </div>
   <div class='ocr_carea' id='block_1_97' title="bbox 358 5061 1955 5134">
    <p class='ocr_par' dir='ltr' id='par_1_97' title="bbox 358 5061 1955 5134">
     <span class='ocr_line' id='line_1_98' title="bbox 358 5061 1955 5134; baseline -0.003 -17"><span class='ocrx_word' id='word_1_682' title='bbox 358 5065 528 5134; x_wconf 80' lang='grc' dir='ltr'>φάναι</span> <span class='ocrx_word' id='word_1_683' title='bbox 561 5064 760 5132; x_wconf 74' lang='grc' dir='ltr'>σαφὴς,</span> <span class='ocrx_word' id='word_1_684' title='bbox 791 5063 1091 5130; x_wconf 84' lang='grc' dir='ltr'>ἀγνοοῦντα</span> <span class='ocrx_word' id='word_1_685' title='bbox 1127 5063 1417 5132; x_wconf 83' lang='grc' dir='ltr'>φαίνεσθαι</span> <span class='ocrx_word' id='word_1_686' title='bbox 1462 5063 1591 5132; x_wconf 73' lang='grc' dir='ltr'>περὶ</span> <span class='ocrx_word' id='word_1_687' title='bbox 1623 5061 1839 5126; x_wconf 84' lang='grc' dir='ltr'>τούτου,</span> <span class='ocrx_word' id='word_1_688' title='bbox 1873 5063 1955 5114; x_wconf 74' lang='grc' dir='ltr'><strong>ὅτι</strong></span> 
     </span>
    </p>
   </div>
   <div class='ocr_carea' id='block_1_98' title="bbox 355 5152 1956 5224">
    <p class='ocr_par' dir='ltr' id='par_1_98' title="bbox 355 5152 1956 5224">
     <span class='ocr_line' id='line_1_99' title="bbox 355 5152 1956 5224; baseline -0.003 -17"><span class='ocrx_word' id='word_1_689' title='bbox 355 5156 442 5208; x_wconf 85' lang='grc' dir='ltr'><strong>δεῖ</strong></span> <span class='ocrx_word' id='word_1_690' title='bbox 488 5153 742 5224; x_wconf 85' lang='grc' dir='ltr'>σχοινίων</span> <span class='ocrx_word' id='word_1_691' title='bbox 769 5154 1075 5223; x_wconf 82' lang='grc' dir='ltr'>ἐκδήσαντα</span> <span class='ocrx_word' id='word_1_692' title='bbox 1122 5155 1232 5207; x_wconf 87' lang='grc' dir='ltr'><strong>τῶν</strong></span> <span class='ocrx_word' id='word_1_693' title='bbox 1259 5153 1457 5219; x_wconf 84' lang='grc' dir='ltr'>ποδῶν,</span> <span class='ocrx_word' id='word_1_694' title='bbox 1481 5154 1563 5214; x_wconf 80' lang='grc' dir='ltr'>εἰς</span> <span class='ocrx_word' id='word_1_695' title='bbox 1589 5153 1714 5207; x_wconf 83' lang='grc' dir='ltr'>τινά</span> <span class='ocrx_word' id='word_1_696' title='bbox 1757 5169 1823 5223; x_wconf 85' lang='grc' dir='ltr'><strong>με</strong></span> <span class='ocrx_word' id='word_1_697' title='bbox 1845 5152 1956 5204; x_wconf 89' lang='grc' dir='ltr'><strong>τῶν</strong></span> 
     </span>
    </p>
   </div>
   <div class='ocr_carea' id='block_1_99' title="bbox 366 5245 1954 5317">
    <p class='ocr_par' dir='ltr' id='par_1_99' title="bbox 366 5245 1954 5317">
     <span class='ocr_line' id='line_1_100' title="bbox 366 5245 1954 5317; baseline -0.001 -21"><span class='ocrx_word' id='word_1_698' title='bbox 366 5248 666 5314; x_wconf 83' lang='grc' dir='ltr'>φαράγγων</span> <span class='ocrx_word' id='word_1_699' title='bbox 694 5247 1065 5312; x_wconf 62' lang='grc' dir='ltr'>καταϐαλεῖνί</span> <span class='ocrx_word' id='word_1_700' title='bbox 1101 5247 1149 5300; x_wconf 89' lang='grc' dir='ltr'><strong>εί</strong></span> <span class='ocrx_word' id='word_1_701' title='bbox 1201 5247 1340 5317; x_wconf 84' lang='grc' dir='ltr'>πρὸς</span> <span class='ocrx_word' id='word_1_702' title='bbox 1393 5247 1560 5317; x_wconf 79' lang='grc' dir='ltr'>μηδὲν</span> <span class='ocrx_word' id='word_1_703' title='bbox 1589 5246 1721 5300; x_wconf 75' lang='grc' dir='ltr'>ἄλλο</span> <span class='ocrx_word' id='word_1_704' title='bbox 1759 5245 1954 5316; x_wconf 79' lang='grc' dir='ltr'>χρήσι-</span> 
     </span>
    </p>
   </div>
   <div class='ocr_carea' id='block_1_100' title="bbox 373 5334 1948 5412">
    <p class='ocr_par' dir='ltr' id='par_1_100' title="bbox 373 5334 1948 5412">
     <span class='ocr_line' id='line_1_101' title="bbox 373 5334 1948 5412; baseline -0.001 -24"><span class='ocrx_word' id='word_1_705' title='bbox 373 5354 489 5405; x_wconf 90' lang='grc' dir='ltr'>μον,</span> <span class='ocrx_word' id='word_1_706' title='bbox 522 5339 640 5392; x_wconf 82' lang='grc' dir='ltr'>ἁλλ’</span> <span class='ocrx_word' id='word_1_707' title='bbox 670 5334 765 5392; x_wconf 85' lang='grc' dir='ltr'><strong>οῦν</strong></span> <span class='ocrx_word' id='word_1_708' title='bbox 805 5337 1005 5410; x_wconf 76' lang='grc' dir='ltr'>βρῶμα</span> <span class='ocrx_word' id='word_1_709' title='bbox 1039 5341 1151 5402; x_wconf 87' lang='grc' dir='ltr'>τοῖς</span> <span class='ocrx_word' id='word_1_710' title='bbox 1196 5339 1411 5412; x_wconf 81' lang='grc' dir='ltr'>θηρίοις</span> <span class='ocrx_word' id='word_1_711' title='bbox 1457 5338 1745 5408; x_wconf 81' lang='grc' dir='ltr'>ἐσόμενον.</span> <span class='ocrx_word' id='word_1_712' title='bbox 1785 5355 1805 5388; x_wconf 72' lang='grc' dir='ltr'><strong>ιι</strong></span> <span class='ocrx_word' id='word_1_713' title='bbox 1838 5334 1948 5389; x_wconf 88' lang='grc' dir='ltr'><strong>Τοῦ</strong></span> 
     </span>
    </p>
   </div>
   <div class='ocr_carea' id='block_1_101' title="bbox 367 5430 1950 5502">
    <p class='ocr_par' dir='ltr' id='par_1_101' title="bbox 367 5430 1950 5502">
     <span class='ocr_line' id='line_1_102' title="bbox 367 5430 1950 5502; baseline 0.001 -21"><span class='ocrx_word' id='word_1_714' title='bbox 367 5431 745 5499; x_wconf 77' lang='grc' dir='ltr'>πρεσϐυτέρου</span> <span class='ocrx_word' id='word_1_715' title='bbox 800 5431 857 5484; x_wconf 79' lang='grc' dir='ltr'>δὲ</span> <span class='ocrx_word' id='word_1_716' title='bbox 909 5433 1049 5501; x_wconf 81' lang='grc' dir='ltr'>πρὸς</span> <span class='ocrx_word' id='word_1_717' title='bbox 1086 5431 1260 5484; x_wconf 78' lang='grc' dir='ltr'>ταῦτα</span> <span class='ocrx_word' id='word_1_718' title='bbox 1303 5432 1470 5502; x_wconf 66' lang='grc' dir='ltr'>μηδὲν</span> <span class='ocrx_word' id='word_1_719' title='bbox 1511 5430 1950 5493; x_wconf 74' lang='grc' dir='ltr'>ύποδεδοικότος,</span> 
     </span>
    </p>
   </div>
   <div class='ocr_carea' id='block_1_102' title="bbox 357 5521 1952 5594">
    <p class='ocr_par' dir='ltr' id='par_1_102' title="bbox 357 5521 1952 5594">
     <span class='ocr_line' id='line_1_103' title="bbox 357 5521 1952 5594; baseline 0.001 -20"><span class='ocrx_word' id='word_1_720' title='bbox 357 5521 499 5576; x_wconf 71' lang='grc' dir='ltr'>ἀλλὰ</span> <span class='ocrx_word' id='word_1_721' title='bbox 528 5526 663 5594; x_wconf 71' lang='grc' dir='ltr'>περὶ</span> <span class='ocrx_word' id='word_1_722' title='bbox 713 5524 814 5593; x_wconf 86' lang='grc' dir='ltr'><strong>τῆς</strong></span> <span class='ocrx_word' id='word_1_723' title='bbox 872 5526 1052 5594; x_wconf 84' lang='grc' dir='ltr'>ταφῆς</span> <span class='ocrx_word' id='word_1_724' title='bbox 1101 5525 1197 5577; x_wconf 71' lang='grc' dir='ltr'><strong>καὶ</strong></span> <span class='ocrx_word' id='word_1_725' title='bbox 1233 5524 1390 5588; x_wconf 75' lang='grc' dir='ltr'>αὖθις</span> <span class='ocrx_word' id='word_1_726' title='bbox 1435 5525 1634 5594; x_wconf 82' lang='grc' dir='ltr'>μαθεῖν</span> <span class='ocrx_word' id='word_1_727' title='bbox 1670 5523 1952 5591; x_wconf 81' lang='grc' dir='ltr'>ἀξιοῦντος</span> 
     </span>
    </p>
   </div>
   <div class='ocr_carea' id='block_1_103' title="bbox 366 5611 1950 5685">
    <p class='ocr_par' dir='ltr' id='par_1_103' title="bbox 366 5611 1950 5685">
     <span class='ocr_line' id='line_1_104' title="bbox 366 5611 1950 5685; baseline 0.002 -21"><span class='ocrx_word' id='word_1_728' title='bbox 366 5611 511 5680; x_wconf 81' lang='grc' dir='ltr'>μάλα</span> <span class='ocrx_word' id='word_1_729' title='bbox 546 5613 789 5683; x_wconf 86' lang='grc' dir='ltr'>θερμῶς,</span> <span class='ocrx_word' id='word_1_730' title='bbox 831 5613 907 5678; x_wconf 87' lang='grc' dir='ltr'>ὡς</span> <span class='ocrx_word' id='word_1_731' title='bbox 934 5615 1030 5667; x_wconf 83' lang='grc' dir='ltr'>καὶ</span> <span class='ocrx_word' id='word_1_732' title='bbox 1062 5613 1276 5685; x_wconf 80' lang='grc' dir='ltr'>δάκρυα</span> <span class='ocrx_word' id='word_1_733' title='bbox 1296 5617 1405 5677; x_wconf 86' lang='grc' dir='ltr'>τοῖς</span> <span class='ocrx_word' id='word_1_734' title='bbox 1437 5614 1616 5683; x_wconf 83' lang='grc' dir='ltr'>λόγοις</span> <span class='ocrx_word' id='word_1_735' title='bbox 1648 5633 1710 5667; x_wconf 91' lang='grc' dir='ltr'><strong>συ</strong></span> <span class='ocrx_word' id='word_1_736' title='bbox 1721 5615 1950 5685; x_wconf 80' lang='grc' dir='ltr'>μπροῖέ-</span> 
     </span>
    </p>
   </div>
   <div class='ocr_carea' id='block_1_104' title="bbox 365 5705 1946 5776">
    <p class='ocr_par' dir='ltr' id='par_1_104' title="bbox 365 5705 1946 5776">
     <span class='ocr_line' id='line_1_105' title="bbox 365 5705 1946 5776; baseline 0.004 -23"><span class='ocrx_word' id='word_1_737' title='bbox 365 5719 487 5754; x_wconf 77' lang='grc' dir='ltr'>ναιο</span> <span class='ocrx_word' id='word_1_738' title='bbox 517 5705 678 5776; x_wconf 78' lang='grc' dir='ltr'>ῆθελε</span> <span class='ocrx_word' id='word_1_739' title='bbox 718 5707 828 5776; x_wconf 71' lang='grc' dir='ltr'><strong>γάρ</strong></span> <span class='ocrx_word' id='word_1_740' title='bbox 860 5705 995 5776; x_wconf 86' lang='grc' dir='ltr'>μηδὲ</span> <span class='ocrx_word' id='word_1_741' title='bbox 1034 5705 1179 5776; x_wconf 80' lang='grc' dir='ltr'>μετά</span> <span class='ocrx_word' id='word_1_742' title='bbox 1227 5705 1456 5760; x_wconf 83' lang='grc' dir='ltr'>θάνατον</span> <span class='ocrx_word' id='word_1_743' title='bbox 1490 5708 1642 5776; x_wconf 74' lang='grc' dir='ltr'>παρὰ</span> <span class='ocrx_word' id='word_1_744' title='bbox 1674 5709 1772 5772; x_wconf 82' lang='grc' dir='ltr'>τὴν</span> <span class='ocrx_word' id='word_1_745' title='bbox 1804 5707 1946 5760; x_wconf 82' lang='grc' dir='ltr'>ὲκεί-</span> 
     </span>
    </p>
   </div>
   <div class='ocr_carea' id='block_1_105' title="bbox 369 5796 1946 5872">
    <p class='ocr_par' dir='ltr' id='par_1_105' title="bbox 369 5796 1946 5872">
     <span class='ocr_line' id='line_1_106' title="bbox 369 5796 1946 5872; baseline 0.006 -25"><span class='ocrx_word' id='word_1_746' title='bbox 369 5811 463 5848; x_wconf 77' lang='grc' dir='ltr'><strong>νον</strong></span> <span class='ocrx_word' id='word_1_747' title='bbox 481 5800 709 5870; x_wconf 75' lang='grc' dir='ltr'>γνώμην</span> <span class='ocrx_word' id='word_1_748' title='bbox 735 5805 908 5855; x_wconf 80' lang='grc' dir='ltr'>ποιεῖν</span> <span class='ocrx_word' id='word_1_749' title='bbox 938 5803 1148 5865; x_wconf 81' lang='grc' dir='ltr'>ἐκεῖνος</span> <span class='ocrx_word' id='word_1_750' title='bbox 1175 5818 1185 5830; x_wconf 84' lang='lat'><strong><em>°</em></strong></span> <span class='ocrx_word' id='word_1_751' title='bbox 1222 5821 1240 5855; x_wconf 84' lang='grc' dir='ltr'><strong>ι</strong></span> <span class='ocrx_word' id='word_1_752' title='bbox 1291 5803 1394 5856; x_wconf 80' lang='grc' dir='ltr'><strong>Τὸν</strong></span> <span class='ocrx_word' id='word_1_753' title='bbox 1421 5804 1479 5856; x_wconf 77' lang='grc' dir='ltr'>τό</span> <span class='ocrx_word' id='word_1_754' title='bbox 1494 5821 1585 5857; x_wconf 74' lang='grc' dir='ltr'><strong>πον</strong></span> <span class='ocrx_word' id='word_1_755' title='bbox 1609 5806 1666 5856; x_wconf 79' lang='grc' dir='ltr'>ἐν</span> <span class='ocrx_word' id='word_1_756' title='bbox 1699 5796 1741 5872; x_wconf 75' lang='grc' dir='ltr'>ᾧ</span> <span class='ocrx_word' id='word_1_757' title='bbox 1778 5803 1946 5858; x_wconf 73' lang='grc' dir='ltr'>κατά-</span> 
     </span>
    </p>
   </div>
   <div class='ocr_carea' id='block_1_106' title="bbox 2063 4594 3634 4670">
    <p class='ocr_par' dir='ltr' id='par_1_106' title="bbox 2063 4594 3634 4670">
     <span class='ocr_line' id='line_1_107' title="bbox 2063 4594 3634 4670; baseline -0.007 -16"><span class='ocrx_word' id='word_1_758' title='bbox 2063 4601 2264 4670; x_wconf 90' lang='lat' dir='ltr'><strong>inquit,</strong></span> <span class='ocrx_word' id='word_1_759' title='bbox 2321 4614 2486 4669; x_wconf 88' lang='lat' dir='ltr'><strong>quam</strong></span> <span class='ocrx_word' id='word_1_760' title='bbox 2543 4597 2651 4652; x_wconf 90' lang='lat' dir='ltr'><strong>cito</strong></span> <span class='ocrx_word' id='word_1_761' title='bbox 2701 4597 3040 4664; x_wconf 77' lang='lat' dir='ltr'><strong>vespertinas</strong></span> <span class='ocrx_word' id='word_1_762' title='bbox 3092 4594 3577 4663; x_wconf 69' lang='grc' dir='ltr'>ροτει›1ινθρι·οι·ρε.</span> <span class='ocrx_word' id='word_1_763' title='bbox 3618 4609 3634 4639; x_wconf 78' lang='grc' dir='ltr'><strong>ι</strong></span> 
     </span>
    </p>
   </div>
   <div class='ocr_carea' id='block_1_107' title="bbox 2061 4686 3645 4758">
    <p class='ocr_par' dir='ltr' id='par_1_107' title="bbox 2061 4686 3645 4758">
     <span class='ocr_line' id='line_1_108' title="bbox 2061 4686 3645 4758; baseline -0.006 -14"><span class='ocrx_word' id='word_1_764' title='bbox 2061 4690 2226 4744; x_wconf 84' lang='lat' dir='ltr'><strong>Facto</strong></span> <span class='ocrx_word' id='word_1_765' title='bbox 2251 4689 2396 4758; x_wconf 89' lang='lat' dir='ltr'><strong>quod</strong></span> <span class='ocrx_word' id='word_1_766' title='bbox 2412 4688 2605 4758; x_wconf 85' lang='lat' dir='ltr'><strong>jussus</strong></span> <span class='ocrx_word' id='word_1_767' title='bbox 2628 4694 2766 4752; x_wconf 88' lang='lat' dir='ltr'><strong>erat,</strong></span> <span class='ocrx_word' id='word_1_768' title='bbox 2798 4686 3141 4756; x_wconf 85' lang='lat' dir='ltr'><strong>postmodum</strong></span> <span class='ocrx_word' id='word_1_769' title='bbox 3169 4693 3363 4753; x_wconf 87' lang='lat' dir='ltr'><strong>putans</strong></span> <span class='ocrx_word' id='word_1_770' title='bbox 3389 4697 3645 4736; x_wconf 77' lang='lat' dir='ltr'><strong>necessa-</strong></span> 
     </span>
    </p>
   </div>
   <div class='ocr_carea' id='block_1_108' title="bbox 2061 4773 3645 4850">
    <p class='ocr_par' dir='ltr' id='par_1_108' title="bbox 2061 4773 3645 4850">
     <span class='ocr_line' id='line_1_109' title="bbox 2061 4773 3645 4850; baseline -0.006 -15"><span class='ocrx_word' id='word_1_771' title='bbox 2061 4783 2200 4835; x_wconf 90' lang='lat' dir='ltr'><strong>riunt</strong></span> <span class='ocrx_word' id='word_1_772' title='bbox 2237 4780 2442 4848; x_wconf 85' lang='lat' dir='ltr'><strong>aliquid</strong></span> <span class='ocrx_word' id='word_1_773' title='bbox 2498 4793 2761 4850; x_wconf 70' lang='lat' dir='ltr'><strong>quan-ere,</strong></span> <span class='ocrx_word' id='word_1_774' title='bbox 2826 4777 3197 4846; x_wconf 82' lang='lat' dir='ltr'><strong>interrogabat</strong></span> <span class='ocrx_word' id='word_1_775' title='bbox 3239 4790 3477 4843; x_wconf 86' lang='lat' dir='ltr'><strong>quonam</strong></span> <span class='ocrx_word' id='word_1_776' title='bbox 3529 4773 3645 4826; x_wconf 84' lang='lat' dir='ltr'><strong>loco</strong></span> 
     </span>
    </p>
   </div>
   <div class='ocr_carea' id='block_1_109' title="bbox 2059 4869 3647 4944">
    <p class='ocr_par' dir='ltr' id='par_1_109' title="bbox 2059 4869 3647 4944">
     <span class='ocr_line' id='line_1_110' title="bbox 2059 4869 3647 4944; baseline -0.006 -16"><span class='ocrx_word' id='word_1_777' title='bbox 2059 4885 2178 4944; x_wconf 87' lang='lat' dir='ltr'><strong>post</strong></span> <span class='ocrx_word' id='word_1_778' title='bbox 2213 4881 2445 4928; x_wconf 90' lang='lat' dir='ltr'><strong>mortem</strong></span> <span class='ocrx_word' id='word_1_779' title='bbox 2487 4871 2705 4940; x_wconf 88' lang='lat' dir='ltr'><strong>sepeliri</strong></span> <span class='ocrx_word' id='word_1_780' title='bbox 2737 4869 2976 4939; x_wconf 82' lang='lat' dir='ltr'><strong>juberet.</strong></span> <span class='ocrx_word' id='word_1_781' title='bbox 3012 4869 3061 4922; x_wconf 92' lang='lat' dir='ltr'><strong>ls</strong></span> <span class='ocrx_word' id='word_1_782' title='bbox 3110 4875 3291 4920; x_wconf 87' lang='lat' dir='ltr'><strong>autem</strong></span> <span class='ocrx_word' id='word_1_783' title='bbox 3347 4881 3460 4918; x_wconf 89' lang='lat' dir='ltr'><strong>rem</strong></span> <span class='ocrx_word' id='word_1_784' title='bbox 3504 4880 3647 4932; x_wconf 68' lang='lat' dir='ltr'><strong>te.ng</strong></span> 
     </span>
    </p>
   </div>
   <div class='ocr_carea' id='block_1_110' title="bbox 2060 4957 3646 5031">
    <p class='ocr_par' dir='ltr' id='par_1_110' title="bbox 2060 4957 3646 5031">
     <span class='ocr_line' id='line_1_111' title="bbox 2060 4957 3646 5031; baseline -0.01 -9"><span class='ocrx_word' id='word_1_785' title='bbox 2060 4968 2244 5022; x_wconf 85' lang='lat' dir='ltr'><strong>ferens</strong></span> <span class='ocrx_word' id='word_1_786' title='bbox 2279 4983 2294 5021; x_wconf 90' lang='lat'><strong>:</strong></span> <span class='ocrx_word' id='word_1_787' title='bbox 2329 4986 2347 5018; x_wconf 82' lang='grc' dir='ltr'><strong>ι</strong></span> <span class='ocrx_word' id='word_1_788' title='bbox 2385 4965 2527 5029; x_wconf 83' lang='lat' dir='ltr'><strong>Quid</strong></span> <span class='ocrx_word' id='word_1_789' title='bbox 2563 4979 2713 5030; x_wconf 87' lang='lat' dir='ltr'><strong>vero,</strong></span> <span class='ocrx_word' id='word_1_790' title='bbox 2751 4961 2975 5031; x_wconf 85' lang='lat' dir='ltr'><strong>inquit?</strong></span> <span class='ocrx_word' id='word_1_791' title='bbox 3020 4957 3209 5014; x_wconf 84' lang='lat' dir='ltr'><strong>Nonne</strong></span> <span class='ocrx_word' id='word_1_792' title='bbox 3241 4959 3418 5028; x_wconf 85' lang='lat' dir='ltr'><strong>palam</strong></span> <span class='ocrx_word' id='word_1_793' title='bbox 3461 4960 3646 5024; x_wconf 83' lang='lat' dir='ltr'><strong>pudet,</strong></span> 
     </span>
    </p>
   </div>
   <div class='ocr_carea' id='block_1_111' title="bbox 2059 5051 3650 5122">
    <p class='ocr_par' dir='ltr' id='par_1_111' title="bbox 2059 5051 3650 5122">
     <span class='ocr_line' id='line_1_112' title="bbox 2059 5051 3650 5122; baseline -0.006 -8"><span class='ocrx_word' id='word_1_794' title='bbox 2059 5064 2229 5118; x_wconf 87' lang='lat' dir='ltr'><strong>videri</strong></span> <span class='ocrx_word' id='word_1_795' title='bbox 2291 5065 2395 5117; x_wconf 83' lang='lat' dir='ltr'><strong>hoc</strong></span> <span class='ocrx_word' id='word_1_796' title='bbox 2442 5060 2652 5114; x_wconf 90' lang='lat' dir='ltr'><strong>nescire</strong></span> <span class='ocrx_word' id='word_1_797' title='bbox 2685 5076 2699 5114; x_wconf 85' lang='lat'><strong>;</strong></span> <span class='ocrx_word' id='word_1_798' title='bbox 2733 5068 2794 5112; x_wconf 89' lang='lat' dir='ltr'><strong>ut</strong></span> <span class='ocrx_word' id='word_1_799' title='bbox 2835 5056 3097 5111; x_wconf 89' lang='lat' dir='ltr'><strong>nimirum</strong></span> <span class='ocrx_word' id='word_1_800' title='bbox 3130 5055 3312 5122; x_wconf 78' lang='lat' dir='ltr'><strong>ligatis</strong></span> <span class='ocrx_word' id='word_1_801' title='bbox 3356 5069 3387 5106; x_wconf 91' lang='lat' dir='ltr'><strong>e</strong></span> <span class='ocrx_word' id='word_1_802' title='bbox 3419 5051 3650 5121; x_wconf 80' lang='lat' dir='ltr'><strong>pedibus</strong></span> 
     </span>
    </p>
   </div>
   <div class='ocr_carea' id='block_1_112' title="bbox 2060 5145 3650 5222">
    <p class='ocr_par' dir='ltr' id='par_1_112' title="bbox 2060 5145 3650 5222">
     <span class='ocr_line' id='line_1_113' title="bbox 2060 5145 3650 5222; baseline -0.006 -14"><span class='ocrx_word' id='word_1_803' title='bbox 2060 5154 2307 5218; x_wconf 87' lang='lat' dir='ltr'><strong>funilms,</strong></span> <span class='ocrx_word' id='word_1_804' title='bbox 2338 5155 2392 5208; x_wconf 90' lang='lat' dir='ltr'><strong>in</strong></span> <span class='ocrx_word' id='word_1_805' title='bbox 2427 5152 2738 5222; x_wconf 80' lang='lat' dir='ltr'><strong>voraginem</strong></span> <span class='ocrx_word' id='word_1_806' title='bbox 2796 5149 3036 5218; x_wconf 87' lang='lat' dir='ltr'><strong>aliquam</strong></span> <span class='ocrx_word' id='word_1_807' title='bbox 3091 5147 3356 5217; x_wconf 87' lang='lat' dir='ltr'><strong>projicere</strong></span> <span class='ocrx_word' id='word_1_808' title='bbox 3407 5145 3650 5199; x_wconf 80' lang='lat' dir='ltr'><strong>deceat?</strong></span> 
     </span>
    </p>
   </div>
   <div class='ocr_carea' id='block_1_113' title="bbox 2059 5236 3647 5316">
    <p class='ocr_par' dir='ltr' id='par_1_113' title="bbox 2059 5236 3647 5316">
     <span class='ocr_line' id='line_1_114' title="bbox 2059 5236 3647 5316; baseline -0.008 -15"><span class='ocrx_word' id='word_1_809' title='bbox 2059 5255 2120 5300; x_wconf 90' lang='lat' dir='ltr'><strong>ut</strong></span> <span class='ocrx_word' id='word_1_810' title='bbox 2150 5245 2418 5316; x_wconf 85' lang='lat' dir='ltr'><strong>siquidem</strong></span> <span class='ocrx_word' id='word_1_811' title='bbox 2460 5244 2527 5298; x_wconf 89' lang='lat' dir='ltr'><strong>ad</strong></span> <span class='ocrx_word' id='word_1_812' title='bbox 2579 5242 2813 5312; x_wconf 86' lang='lat' dir='ltr'><strong>quodvis</strong></span> <span class='ocrx_word' id='word_1_813' title='bbox 2838 5240 2984 5294; x_wconf 88' lang='lat' dir='ltr'><strong>aliud</strong></span> <span class='ocrx_word' id='word_1_814' title='bbox 3018 5255 3137 5294; x_wconf 88' lang='lat' dir='ltr'><strong>sum</strong></span> <span class='ocrx_word' id='word_1_815' title='bbox 3166 5236 3398 5298; x_wconf 81' lang='lat' dir='ltr'><strong>inutilis,</strong></span> <span class='ocrx_word' id='word_1_816' title='bbox 3431 5244 3647 5288; x_wconf 81' lang='lat' dir='ltr'><strong>atcerte</strong></span> 
     </span>
    </p>
   </div>
   <div class='ocr_carea' id='block_1_114' title="bbox 2059 5329 3649 5397">
    <p class='ocr_par' dir='ltr' id='par_1_114' title="bbox 2059 5329 3649 5397">
     <span class='ocr_line' id='line_1_115' title="bbox 2059 5329 3649 5397; baseline -0.011 -4"><span class='ocrx_word' id='word_1_817' title='bbox 2059 5343 2112 5393; x_wconf 93' lang='lat' dir='ltr'><strong>in</strong></span> <span class='ocrx_word' id='word_1_818' title='bbox 2148 5354 2332 5394; x_wconf 80' lang='lat' dir='ltr'><strong>escam</strong></span> <span class='ocrx_word' id='word_1_819' title='bbox 2374 5337 2574 5391; x_wconf 86' lang='lat' dir='ltr'><strong>bestiis</strong></span> <span class='ocrx_word' id='word_1_820' title='bbox 2606 5334 2823 5388; x_wconf 86' lang='lat' dir='ltr'><strong>cedam.</strong></span> <span class='ocrx_word' id='word_1_821' title='bbox 2863 5353 2883 5386; x_wconf 74' lang='grc' dir='ltr'><strong>ι</strong></span> <span class='ocrx_word' id='word_1_822' title='bbox 2935 5333 3136 5387; x_wconf 85' lang='lat' dir='ltr'><strong>Verqu</strong></span> <span class='ocrx_word' id='word_1_823' title='bbox 3183 5343 3306 5383; x_wconf 87' lang='lat' dir='ltr'><strong>eum</strong></span> <span class='ocrx_word' id='word_1_824' title='bbox 3340 5329 3649 5397; x_wconf 77' lang='lat' dir='ltr'><strong>presbyter,</strong></span> 
     </span>
    </p>
   </div>
   <div class='ocr_carea' id='block_1_115' title="bbox 2063 5419 3646 5496">
    <p class='ocr_par' dir='ltr' id='par_1_115' title="bbox 2063 5419 3646 5496">
     <span class='ocr_line' id='line_1_116' title="bbox 2063 5419 3646 5496; baseline -0.008 -10"><span class='ocrx_word' id='word_1_825' title='bbox 2063 5432 2201 5486; x_wconf 91' lang='lat' dir='ltr'><strong>nihil</strong></span> <span class='ocrx_word' id='word_1_826' title='bbox 2237 5446 2299 5485; x_wconf 84' lang='lat' dir='ltr'><strong>ea</strong></span> <span class='ocrx_word' id='word_1_827' title='bbox 2336 5429 2695 5496; x_wconf 86' lang='lat' dir='ltr'><strong>responsione</strong></span> <span class='ocrx_word' id='word_1_828' title='bbox 2719 5427 2940 5482; x_wconf 89' lang='lat' dir='ltr'><strong>territtts</strong></span> <span class='ocrx_word' id='word_1_829' title='bbox 2981 5423 3162 5479; x_wconf 86' lang='lat' dir='ltr'><strong>adhuc</strong></span> <span class='ocrx_word' id='word_1_830' title='bbox 3205 5435 3426 5493; x_wconf 85' lang='lat' dir='ltr'><strong>quoque</strong></span> <span class='ocrx_word' id='word_1_831' title='bbox 3465 5419 3532 5474; x_wconf 90' lang='lat' dir='ltr'><strong>de</strong></span> <span class='ocrx_word' id='word_1_832' title='bbox 3556 5437 3646 5474; x_wconf 84' lang='lat' dir='ltr'><strong>sc-</strong></span> 
     </span>
    </p>
   </div>
   <div class='ocr_carea' id='block_1_116' title="bbox 2060 5513 3644 5595">
    <p class='ocr_par' dir='ltr' id='par_1_116' title="bbox 2060 5513 3644 5595">
     <span class='ocr_line' id='line_1_117' title="bbox 2060 5513 3644 5595; baseline -0.008 -17"><span class='ocrx_word' id='word_1_833' title='bbox 2060 5525 2279 5595; x_wconf 88' lang='lat' dir='ltr'><strong>pultura</strong></span> <span class='ocrx_word' id='word_1_834' title='bbox 2306 5520 2580 5574; x_wconf 88' lang='lat' dir='ltr'><strong>desiderio</strong></span> <span class='ocrx_word' id='word_1_835' title='bbox 2609 5519 2782 5573; x_wconf 90' lang='lat' dir='ltr'><strong>multo</strong></span> <span class='ocrx_word' id='word_1_836' title='bbox 2802 5519 2940 5572; x_wconf 89' lang='lat' dir='ltr'><strong>seire</strong></span> <span class='ocrx_word' id='word_1_837' title='bbox 2981 5526 3221 5584; x_wconf 77' lang='lat' dir='ltr'><strong>rogaret,</strong></span> <span class='ocrx_word' id='word_1_838' title='bbox 3248 5524 3305 5567; x_wconf 90' lang='lat' dir='ltr'><strong>ut</strong></span> <span class='ocrx_word' id='word_1_839' title='bbox 3329 5513 3491 5567; x_wconf 87' lang='lat' dir='ltr'><strong>simul</strong></span> <span class='ocrx_word' id='word_1_840' title='bbox 3519 5527 3644 5566; x_wconf 90' lang='lat' dir='ltr'><strong>cum</strong></span> 
     </span>
    </p>
   </div>
   <div class='ocr_carea' id='block_1_117' title="bbox 2053 5607 3644 5684">
    <p class='ocr_par' dir='ltr' id='par_1_117' title="bbox 2053 5607 3644 5684">
     <span class='ocr_line' id='line_1_118' title="bbox 2053 5607 3644 5684; baseline -0.007 -12"><span class='ocrx_word' id='word_1_841' title='bbox 2053 5617 2232 5672; x_wconf 72' lang='lat' dir='ltr'><strong>verbis</strong></span> <span class='ocrx_word' id='word_1_842' title='bbox 2256 5615 2588 5684; x_wconf 81' lang='lat' dir='ltr'><strong>prolluercnt</strong></span> <span class='ocrx_word' id='word_1_843' title='bbox 2631 5613 2903 5682; x_wconf 67' lang='lat' dir='ltr'><strong>lacrymae.</strong></span> <span class='ocrx_word' id='word_1_844' title='bbox 2930 5608 3302 5663; x_wconf 76' lang='lat' dir='ltr'><strong>Volebatenim</strong></span> <span class='ocrx_word' id='word_1_845' title='bbox 3331 5621 3400 5662; x_wconf 88' lang='lat' dir='ltr'><strong>ne</strong></span> <span class='ocrx_word' id='word_1_846' title='bbox 3427 5607 3644 5677; x_wconf 86' lang='lat' dir='ltr'><strong>quidem</strong></span> 
     </span>
    </p>
   </div>
   <div class='ocr_carea' id='block_1_118' title="bbox 2054 5698 3644 5774">
    <p class='ocr_par' dir='ltr' id='par_1_118' title="bbox 2054 5698 3644 5774">
     <span class='ocr_line' id='line_1_119' title="bbox 2054 5698 3644 5774; baseline -0.009 -10"><span class='ocrx_word' id='word_1_847' title='bbox 2054 5727 2082 5764; x_wconf 73' lang='grc' dir='ltr'><strong>α</strong></span> <span class='ocrx_word' id='word_1_848' title='bbox 2109 5724 2301 5774; x_wconf 87' lang='lat' dir='ltr'><strong>morte,</strong></span> <span class='ocrx_word' id='word_1_849' title='bbox 2355 5722 2515 5762; x_wconf 83' lang='lat' dir='ltr'><strong>secus</strong></span> <span class='ocrx_word' id='word_1_850' title='bbox 2565 5722 2628 5760; x_wconf 89' lang='lat' dir='ltr'><strong>ae</strong></span> <span class='ocrx_word' id='word_1_851' title='bbox 2673 5704 2760 5760; x_wconf 90' lang='lat' dir='ltr'><strong>ille</strong></span> <span class='ocrx_word' id='word_1_852' title='bbox 2798 5701 3062 5756; x_wconf 85' lang='lat' dir='ltr'><strong>voluisset</strong></span> <span class='ocrx_word' id='word_1_853' title='bbox 3094 5702 3317 5756; x_wconf 77' lang='lat' dir='ltr'><strong>facere:</strong></span> <span class='ocrx_word' id='word_1_854' title='bbox 3360 5718 3378 5752; x_wconf 83' lang='lat' dir='ltr'><strong>t</strong></span> <span class='ocrx_word' id='word_1_855' title='bbox 3420 5698 3644 5764; x_wconf 84' lang='lat' dir='ltr'><strong>Locum,</strong></span> 
     </span>
    </p>
   </div>
   <div class='ocr_carea' id='block_1_119' title="bbox 2055 5793 3645 5874">
    <p class='ocr_par' dir='ltr' id='par_1_119' title="bbox 2055 5793 3645 5874">
     <span class='ocr_line' id='line_1_120' title="bbox 2055 5793 3645 5874; baseline -0.008 -16"><span class='ocrx_word' id='word_1_856' title='bbox 2055 5804 2252 5874; x_wconf 88' lang='lat' dir='ltr'><strong>inquit,</strong></span> <span class='ocrx_word' id='word_1_857' title='bbox 2290 5804 2343 5856; x_wconf 91' lang='lat' dir='ltr'><strong>in</strong></span> <span class='ocrx_word' id='word_1_858' title='bbox 2385 5815 2494 5871; x_wconf 83' lang='lat' dir='ltr'><strong>quo</strong></span> <span class='ocrx_word' id='word_1_859' title='bbox 2529 5799 2707 5868; x_wconf 85' lang='lat' dir='ltr'><strong>jaceo,</strong></span> <span class='ocrx_word' id='word_1_860' title='bbox 2739 5796 2966 5863; x_wconf 77' lang='lat' dir='ltr'><strong>fodiens,</strong></span> <span class='ocrx_word' id='word_1_861' title='bbox 3009 5795 3248 5852; x_wconf 81' lang='lat' dir='ltr'><strong>invenies</strong></span> <span class='ocrx_word' id='word_1_862' title='bbox 3279 5805 3464 5854; x_wconf 75' lang='lat' dir='ltr'><strong>coetos</strong></span> <span class='ocrx_word' id='word_1_863' title='bbox 3507 5793 3645 5846; x_wconf 78' lang='lat' dir='ltr'><strong>late-</strong></span> 
     </span>
    </p>
   </div>
  </div>
