4088 6208
437 269 541 330 475

1874 270 2220 332 ANONYMI

3587 260 3695 322 4⁸16

438 391 550 442 res,
608 390 750 444 quos
799 376 1017 444 tollens,
1056 379 1123 432 ad
1155 378 1334 432 locum
1368 380 1595 435 honeste
1624 378 2023 448 aliquantulum

2144 398 2344 450 ιιειμαι,
2409 380 2593 450 φησὶν,
2657 377 2885 448 ὀρύξας,
2937 376 3195 439 πλίνθους
3229 372 3405 436 ὀπτὰς
3439 370 3699 440 εὑρήσεις

436 481 792 535 componens,
839 483 972 522 cura
1026 467 1302 535 pulverem
1359 469 1568 536 pulveri
1605 468 1878 522 reddere:
1913 479 2024 521 tum

436 572 563 611 vero
591 558 788 612 lateres
815 558 868 610 in
893 567 1052 612 terra!
1083 569 1325 612 extrema
1363 558 1504 612 facie
1538 574 1764 628 appone.
1793 559 2025 628 Quippe.

437 649 538 712 ait,
566 647 675 702 Deo
711 649 861 703 cordi
885 657 991 712 es’t,
1025 656 1085 701 ut
1131 649 1333 716 quibus
1365 648 1478 718 ipse
1500 650 1717 706 arcanis
1751 650 1902 705 novit
1935 667 2027 706 ra-

438 739 708 803 tionibus,
735 739 802 792 ad
829 739 1015 793 mundi
1059 754 1234 809 usque
1264 741 1820 806 consummationem,
1849 742 2026 796 locum

437 831 722 897 t-larilicet,
794 831 1203 888 conﬂuentibus
1254 833 1361 887 huc
1393 831 1632 886 ﬁdelium
1682 833 1920 904 populis,
1967 847 2030 886 ac

441 921 564 990 ejus
592 921 838 976 divinum
866 938 1064 976 nomen
1094 922 1549 992 gloriﬁcautibus.

512 1107 608 1163 llis
638 1108 712 1161 ita
765 1108 946 1173 dictis,
994 1123 1230 1179 eumque
1269 1111 1572 1176 osculatus,
1619 1126 1685 1167 ac
1729 1113 1823 1180 qui
1867 1113 2031 1174 simul

439 1199 684 1261 aderant,
719 1215 782 1254 ac
817 1201 1030 1254 tandem
1087 1203 1284 1256 tollens
1345 1201 1398 1254 in
1435 1204 1631 1256 cadum
1680 1205 1867 1258 oculos
1889 1246 1906 1268 ,
1934 1221 2030 1259 ea-

439 1308 544 1360 que
600 1293 762 1346 verba
819 1292 1035 1345 abunde
1082 1293 1482 1362 pronuntians:
1514 1313 1532 1346 ι
1567 1295 1624 1350 In
1662 1312 1856 1351 manus
1886 1307 2030 1362 tuas,

443 1385 674 1438 Domine
699 1426 713 1448 ,
766 1385 1091 1440 commendo
1131 1386 1385 1456 Spiritum
1444 1403 1623 1441 meum
1654 1389 1717 1449 “,
1749 1406 1770 1440 ι
1820 1388 2030 1443 beatam

446 1475 633 1530 emisit
659 1475 924 1529 animam.

519 1565 676 1621 Mane
710 1578 889 1622 autem
917 1583 1208 1622 accersens
1239 1569 1524 1639 presbyter
1553 1569 1760 1626 vicinos
1787 1571 2026 1638 accolas,

443 1675 623 1714 locum
683 1658 844 1724 fodit,
883 1675 946 1714 ac
975 1676 1073 1730 pro
1122 1660 1397 1725 facultate,
1430 1661 1658 1716 honeste
1705 1663 2028 1732 componit;

448 1753 815 1821 absolutoque
842 1762 1104 1807 consueto
1141 1769 1372 1819 canone,
1401 1745 1618 1808 sacrum
1655 1758 1774 1824 ejus
1806 1771 2026 1825 corpus,

445 1859 542 1898 ceu
573 1844 892 1898 thesaurum
931 1846 1222 1914 quemdam
1245 1845 1296 1898 in
1326 1861 1390 1898 eo
1423 1847 1648 1914 deponit
1681 1864 1697 1901 :
1730 1864 1834 1902 non
1869 1864 2031 1904 avare

450 1943 548 1988 aut
580 1935 819 1998 sordide,
872 1944 930 1987 ut
957 1935 1004 1989 ei
1040 1937 1139 1990 soli
1223 1937 1538 1992 reconditus
1596 1948 1762 2003 esset,
1825 1940 1918 1994 sed
1975 1951 2034 1994 ut

447 2026 654 2080 Christi
679 2028 995 2082 amantibus
1027 2029 1090 2083 ad
1125 2026 1416 2082 fruendum
1446 2032 1756 2086 communis
1797 2031 2030 2087 cederet.

449 2115 591 2172 Tum
629 2119 888 2191 denique
937 2120 1118 2175 locum
1179 2121 1414 2190 desuper
1450 2121 1714 2178 lateribus
1761 2132 2034 2189 sternens,

445 2208 593 2276 iuxta
617 2211 759 2280 quod
790 2212 978 2282 jussus
1017 2220 1154 2280 erat,
1189 2213 1440 2269 discedit.

521 2395 624 2453 Ubi
659 2409 866 2464 autem,
911 2413 1152 2455 meuses‘
1180 2415 1272 2455 sex
1307 2415 1336 2454 a
1365 2399 1908 2456 Patris-dormitione
1933 2400 2037 2456 ﬂu-

448 2489 676 2553 xissent,
709 2491 1013 2546 monachus
1052 2491 1273 2560 quidam
1296 2493 1607 2554 eunuchus,
1633 2491 2038 2564 Paphlagonum

458 2582 681 2650 regione
709 2581 998 2645 oriundus,
1025 2581 1256 2637 Cosmas
1306 2584 1546 2649 nomine,
1584 2586 1637 2636 in
1677 2584 1882 2638 Italiam
1918 2600 2042 2654 pro-

450 2672 700 2728 "iciscens
733 2673 867 2744 (12),
893 2690 1019 2728 cum
1079 2676 1193 2742 jam
1227 2674 1295 2729 ad
1327 2674 1519 2747 Chrysi
1571 2688 1748 2746 partes
1785 2679 2039 2741 venisset,

451 2766 792 2835 aliquantula
819 2768 1000 2835 quiete
1031 2768 1384 2822 recreandum
1416 2784 1619 2837 corpus
1648 2769 1873 2838 putavit.
1905 2770 2039 2822 Dum

452 2869 636 2911 autem
666 2857 956 2922 dormiret,
1009 2859 1256 2912 divinum
1293 2861 1566 2927 quoddam
1604 2860 1654 2914 ei
1705 2861 2040 2914 insolunium

463 2952 774 3005 exhibitum
810 2962 916 3007 est.
949 2951 1102 3017 Quod
1130 2953 1219 3006 ille
1248 2953 1351 3005 ioci
1384 2953 1577 3008 incolis
1607 2969 1859 3014 narrans,
1892 2955 2045 3008 audi-

2127 468 2195 531 ἃς
2238 471 2454 540 διάρας,
2493 471 2590 522 καὶ
2647 468 2737 522 τὸν
2782 467 2964 538 χῶρον
3020 466 3258 536 μετρίως
3302 461 3698 531 φιλοκαλήσας,

2128 560 2423 613 ἀποδοῦναι
2469 560 2562 612 τὸν
2610 559 2742 630 χοῦν
2784 559 2862 629 τῷ
2929 557 3016 628 χοῖ
3073 559 3400 626 φρόντισον·
3446 549 3565 605 εἶτα
3601 551 3701 615 τὰς

2132 651 2387 713 πλίνθους
2414 653 2481 721 τῇ
2511 651 2806 721 ἐπιφανείᾳ
2840 652 3087 720 παράθες
3110 649 3212 716 τῆς
3237 646 3344 714 γῆς
3368 662 3383 676 ·
3412 644 3562 714 μέλει
3595 644 3704 714 γὰρ

2130 736 2209 805 τῷ
2260 734 2400 802 Θεῷ,
2459 740 2611 806 φησι,
2668 737 2847 804 λόγοις
2898 732 2979 799 οἷς
3027 737 3192 798 αὐτὸς
3238 731 3379 786 οίόεν
3412 733 3702 805 ἀρρήτοις.

2130 827 2357 891 δοξάσαι
2391 829 2484 881 τὸν
2549 828 2736 890 τόπον,
2769 829 2899 899 ἄχρι
2933 829 3063 896 γοῦν
3093 826 3190 881 καὶ
3219 825 3324 896 τῆς
3366 824 3703 885 συντελείας,

2133 918 2375 990 πλήθους
2421 919 2532 973 τῶν
2567 920 2777 973 πιστῶν
2807 918 3041 974 ἐνταῦθα
3075 918 3506 991 συνερχομένων,
3531 917 3623 970 καὶ
3644 916 3707 968 τὸ

2133 1012 2343 1065 ἐκείνου
2373 1012 2517 1066 θεῖον
2553 1012 2724 1082 ὄνομα
2758 1012 3117 1077 δοξαζόντων.

2204 1105 2390 1169 Οὕτως
2420 1104 2611 1173 εἰπὼν,
2645 1106 2740 1159 καὶ
2763 1106 3160 1176 ἀσπασάμενος
3185 1103 3349 1158 αὐτόν
3369 1121 3427 1156 τε
3459 1104 3555 1156 καὶ
3577 1101 3707 1164 τοὺς

2137 1198 2235 1251 σὺν
2287 1199 2474 1267 αὐτῷ’
2532 1200 2630 1253 καὶ
2678 1199 2992 1252 τελευταῖον
3022 1197 3159 1269 ὑψοῦ
3219 1197 3347 1260 τοὺς
3395 1195 3708 1264 ὀφθαλμοὺς

2133 1289 2352 1358 διάρας,
2386 1290 2482 1342 καὶ
2525 1307 2544 1340 ι
2578 1290 2671 1353 Εἰς
2713 1290 2900 1360 χεῖράς
2939 1305 3058 1355 σου,
3113 1287 3308 1358 Κύριε,
3370 1288 3431 1341 τὸ
3492 1287 3710 1357 πνεῦμά

2139 1397 2240 1450 μου
2296 1380 2647 1452 παρατίθημι
2685 1400 2704 1433 ι
2733 1380 2998 1446 ἐπειπὼν,
3041 1381 3142 1452 τὴν
3194 1379 3477 1452 μακαρίαν
3524 1379 3707 1449 ἀφῆκε

2133 1473 2336 1542 ψυχὴνο

2207 1566 2421 1620 Ἔωθεν
2450 1567 2507 1620 δὲ
2537 1567 2664 1632 τοὺς
2691 1569 2752 1622 ἐν
2773 1566 3032 1637 γειτόνων
3058 1565 3300 1638 χωρίτας
3335 1564 3711 1635 μετακαλεσά-

2139 1677 2299 1729 μενος
2332 1662 2360 1714 ό
2395 1659 2813 1731 πρεσϐύτερος,,
2841 1659 2937 1713 τδν
2981 1659 3148 1711 τόπον
3188 1675 3250 1711 τε
3287 1658 3577 1729 διορύττει,
3613 1661 3710 1711 καὶ

2129 1752 2206 1815 ὼς
2236 1748 2347 1804 οἶόν
2368 1767 2428 1804 τε
2463 1752 2663 1820 κοσμεῖ
2686 1769 2700 1782 ’
2759 1750 2851 1804 τόν
2883 1767 2942 1804 τε
2981 1751 3182 1822 συνήθη
3219 1751 3418 1803 κανόνα
3465 1749 3712 1802 ἐπιτελέ-

2136 1861 2260 1909 σας,
2291 1843 2352 1896 τὸ
2385 1845 2531 1914 ἱερὸν
2564 1846 2623 1896 ὲν
2659 1842 2810 1914 αὑτῷ
2856 1841 3181 1913 κατατίθησι
3229 1843 3410 1911 σῶμα,
3444 1837 3556 1895 οἷόν
3590 1861 3714 1896 τινα

2139 1936 2404 1990 πλοῦτον⁸
2440 1939 2501 1989 οὺ
2533 1935 2809 2004 φειδωλῶς
2858 1935 2981 1988 οὐδὲ
3018 1933 3380 2004 μικρολόγως,
3418 1933 3494 1997 ὡς
3538 1935 3716 2005 ἑαυτῷ

2139 2029 2286 2100 μόνῳ
2320 2029 2536 2084 κεῖσθαι
2557 2032 2648 2082 τὸν
2680 2028 2956 2098 θησαυρόν
2981 2043 2994 2058 ο
3037 2027 3155 2081 ἀλλ’
3186 2025 3332 2080 ὥστε
3360 2027 3541 2079 κοινὸν
3573 2023 3716 2082 εἶναι

2136 2125 2250 2187 τοῖς
2312 2122 2681 2191 φιλοχρίστοις
2733 2121 3055 2173 ἀπόλαυσιν.
3103 2114 3232 2172 Εἶτα
3282 2120 3419 2183 τοὺς
3461 2119 3716 2184 πλίνθους

2149 2215 2268 2287 [γρ.
2299 2217 2412 2276 τοῖς
2445 2212 2708 2285 πλίνθοις]
2740 2211 2949 2267 ἄνωθεν
3047 2211 3364 2282 προσετάγη
3399 2229 3717 2284 καταστρω-

2141 2310 2374 2378 σάμενος
2401 2308 2462 2360 τὸ
2481 2306 2695 2375 ἔδαφος,
2722 2306 3062 2361 καταλείπει.

2223 2402 2377 2454 Ἐπεὶ
2405 2401 2463 2454 δὲ
2498 2401 2666 2470 μῆνες
2697 2399 2979 2470 παρῆλθον
3004 2399 3063 2465 ἓξ
3097 2400 3232 2470 μετὰ
3253 2399 3353 2471 τὴν
3382 2398 3476 2453 τοῦ
3507 2401 3718 2469 Πατρ“ς

2143 2497 2422 2568 κοίμησιν,
2463 2494 2695 2564 μοναχός
2717 2511 2802 2552 τις
2821 2493 3093 2564 εὐνοῦχος,
3123 2494 3222 2564 τῆς
3251 2493 3347 2563 μὲν
3367 2492 3474 2546 τῶν
3499 2493 3711 2562 Παφλα-

2143 2590 2319 2656 γόνων
2357 2586 2679 2657 ὁρμώμενος
2719 2586 2924 2656 χὼρας,
2979 2587 3206 2654 Κοσμᾶς
3252 2586 3311 2639 δὲ
3362 2585 3714 2656 καλούμενος,

2144 2677 2402 2747 καὶπρὸς
2441 2677 2670 2730 Ἰταλίαν
2700 2675 2798 2745 τὴν
2855 2675 3078 2747 πορείαν
3116 2675 3458 2746 ποιούμενος,
3492 2676 3568 2739 ὡς
3616 2676 3718 2748 ἤδη

2147 2775 2213 2824 τὰ
2244 2771 2337 2824 τοῦ
2393 2769 2609 2838 Χρυσοῦ
2669 2769 2968 2838 κατείληφε
3010 2769 3176 2838 μέρη,
3215 2769 3357 2836 ἔγνω
3384 2770 3579 2840 μικρὸν
3601 2771 3719 2821 ἐκεῖ

2149 2879 2249 2915 που
2280 2861 2342 2913 τὸ
2366 2861 2524 2928 σῶμα
2553 2858 2942 2912 διαναπαῦσαι.
2979 2858 3166 2929 Τούτῳ
3193 2860 3543 2929 κοιμωμένῳ,
3573 2857 3719 2919 θεῖός

2149 2969 2234 3014 τις
2282 2951 2569 3018 ἐφίσταται
2597 2950 2824 3020 ὄνειρος,
2855 2949 2912 3013 ὃς
2943 2951 3037 3002 καὶ
3087 2950 3428 3018 ἀπαγγείλας
3466 2951 3581 3012 τοῖς
3623 2950 3718 3015 ὲγ-

456 3043 531 3095 \it
556 3043 624 3097 ab
653 3047 751 3103 eis.
788 3061 906 3098 esse
931 3045 1041 3099 illic
1071 3044 1375 3100 sistendum
1414 3046 1554 3100 iter:
1595 3046 1855 3100 nimirum
1885 3063 1897 3098 :
1932 3046 2037 3098 Deo

2148 3045 2390 3117 χωρίοις,
2415 3043 2616 3114 ἢκουσε
2647 3043 2778 3113 παρ’
2827 3043 3032 3098 αὐτῶν.
3094 3041 3359 3095 Ἐνταῦθα
3395 3042 3596 3113 χρῆναί
3662 3057 3721 3094 σε

455 3133 630 3186 visum
663 3146 764 3197 est,
798 3135 1071 3204 inquiunt,
1117 3145 1174 3189 ut
1214 3135 1518 3190 admirabili
1551 3151 1614 3189 ac
1653 3136 1856 3206 juniori
1887 3133 2044 3187 Lucae

460 3225 749 3290 inservias,
783 3241 1014 3297 eamque
1035 3227 1104 3281 ob
1137 3243 1357 3283 causam
1389 3226 1515 3280 fecit
1545 3236 1602 3279 ut
1647 3227 1747 3280 hoc
1787 3227 1888 3279 iter
1925 3241 2046 3279 sus—

463 3317 696 3386 ciperes.

530 3500 581 3554 Is
614 3515 742 3552 vero
776 3499 907 3552 nihil
932 3500 1149 3568 penitus
1189 3499 1470 3563 dubitans,
1503 3499 2044 3569 cendivinalquadam

465 3608 628 3645 tnanu
658 3593 930 3653 trahente,
960 3592 1028 3645 ad
1081 3591 1179 3643 viri
1239 3591 1411 3645 sancti
1454 3592 1704 3647 cellulam
1749 3592 2046 3661 dirigitur;

461 3693 622 3752 atque
657 3683 745 3736 ubi
776 3697 1015 3751 prmseus
1062 3683 1319 3746 venisset,
1353 3684 1421 3737 ad
1456 3684 1635 3737 locum
1668 3686 2044 3739 delectabilem

462 3775 620 3842 adeo,
656 3785 709 3828 et
733 3775 799 3829 ad
829 3776 1063 3844 quietem
1097 3778 1463 3846 compositum
1484 3778 1827 3847 agnovisset,
1855 3780 2048 3848 grandi

465 3868 724 3935 perfusus
757 3867 978 3938 gaudio,
1019 3868 1125 3922 illic
1152 3869 1406 3939 deinceps
1442 3870 1812 3924 habitaturum
1843 3886 1902 3926 se
1933 3887 2052 3940 pro-

466 3960 618 4014 misit
653 3959 783 4014 Deo.
829 3960 1027 4014 Statim
1053 3976 1202 4030 ergo,
1232 3964 1520 4017 invenuste
1565 3980 1630 4018 ac
1661 3963 1934 4018 incuriose
1961 3980 2052 4018 sa-

461 4050 540 4103 cri
605 4049 847 4119 pignoris
905 4051 1116 4104 thecam
1177 4051 1375 4105 habere
1439 4052 1668 4112 videns,
1728 4054 2050 4107 mediocrem

467 4141 685 4195 interim
711 4145 1102 4212 componendae
1131 4159 1318 4198 curam
1352 4136 1650 4214 impendit;
1687 4146 1859 4199 elevat
1884 4147 2054 4209 enim,

465 4249 529 4287 ac
557 4235 845 4289 sublimem
869 4251 898 4288 a
933 4245 1074 4290 terra
1100 4237 1237 4290 tollit
1273 4252 1288 4288 :
1319 4251 1430 4290 tum
1464 4238 1661 4292 tabulis
1690 4238 2050 4303 lociexornat,

472 4328 849 4396 rancellisque
881 4343 974 4396 per
1013 4329 1200 4383 orbem
1233 4330 1448 4397 positis,
1499 4346 1564 4384 ac.
1605 4333 1847 4395 coronis,
1903 4334 2056 4386 inac-

2149 3140 2248 3209 τὴν
2280 3136 2510 3207 πορείαν
2542 3137 2760 3204 στῆσαι,
2783 3134 3052 3202 λεγόντων
3083 3132 3160 3204 τῷ
3180 3133 3299 3204 Θεῷ
3332 3133 3604 3204 βούλημα,
3630 3131 3722 3184 καί

2147 3247 2305 3300 φησι,
2334 3228 2412 3295 τῷ
2443 3226 2575 3297 θείῳ
2609 3244 2669 3279 σε
2728 3226 2823 3279 καὶ
2853 3225 2958 3296 νέῳ
2991 3225 3470 3295 διαλειτουργῆσαι
3501 3224 3683 3294 Λουκᾷ
3707 3239 3720 3252 °

2147 3320 2284 3388 πρὸς
2317 3317 2476 3372 τοῦτό
2531 3334 2589 3369 σε
2651 3318 2751 3385 τὴν
2797 3316 2917 3371 ὁδὸν
2975 3317 3181 3389 ταύτην
3224 3316 3540 3370 στείλασθαι
3589 3333 3716 3386 παρ-

2147 3410 2464 3464 εσκεύασεν.

2249 3503 2290 3555 0
2322 3501 2378 3554 δὲ
2413 3501 2580 3569 μηδὲν
2631 3500 2768 3563 ὅλως
2818 3498 3154 3563 ὲπιδοιάσας,
3191 3497 3382 3568 ὥσπερ
3428 3498 3532 3551 ὑπό
3582 3514 3727 3561 τινος

2151 3594 2301 3656 θείας
2329 3593 2510 3664 χειρὸς
2541 3593 2856 3662 ἑλκόμενος,
2881 3592 3016 3663 πρὸς
3052 3592 3116 3644 τὸ
3157 3591 3250 3644 τοῦ
3281 3588 3437 3659 ἁγίου
3472 3591 3725 3662 ποδηγεῖ-

2150 3705 2242 3740 ται
2273 3687 2506 3753 κελλίον,
2541 3685 2667 3739 ἔνθα
2716 3686 3025 3754 παραστὰς,
3060 3686 3156 3738 καὶ
3185 3684 3246 3736 τὸ
3289 3684 3588 3756 ἐπιτερπὲς
3616 3679 3730 3737 οἷον

2150 3781 2245 3835 τοῦ
2275 3781 2464 3843 τόπου,
2487 3779 2580 3834 καὶ
2605 3779 2741 3848 πρὸς
2761 3777 2988 3848 ἡσυχίαν
3005 3777 3352 3849 ἡρμοσμένον
3375 3776 3727 3848 καταμαθὼν.

2153 3875 2247 3927 καὶ
2294 3873 2412 3925 λίαν
2466 3870 2676 3941 ἡσθεὶς,
2733 3871 2792 3922 τὸ
2837 3868 3024 3922 λοιπὸν
3067 3868 3239 3922 οἰκεῖν
3288 3870 3468 3920 ἐκεῖσε
3505 3869 3583 3937 τῷ
3608 3867 3731 3936 Θεῷ

2156 3966 2444 4035 ὑπέσχετο.
2477 3963 2691 4017 Αὐτίκα
2715 3961 2845 4030 γοῦν
2877 3961 3112 4031 ἀκαλλῆ,
3147 3962 3241 4014 καὶ
3263 3961 3636 4031 ἀνεπιμέλητα
3664 3963 3731 4014 τὸ

2157 4060 2285 4127 περὶ
2345 4057 2443 4128 τὴν
2506 4056 2657 4124 ἱερὰν
2698 4054 2864 4109 αὑτοῦ
2927 4054 3106 4124 θήκην
3155 4054 3300 4120 ἰδὼν,
3333 4054 3568 4124 μετρίως
3593 4054 3732 4116 τέως

2156 4152 2298 4216 ἀξιοῖ
2321 4151 2422 4218 τῆς
2477 4149 2778 4218 φροντίδος.
2819 4146 2977 4217 Ὑψοί
3011 4164 3071 4199 τε
3133 4147 3242 4218 γὰρ
3272 4145 3465 4216 αὐτὴν,
3508 4147 3602 4200 καὶ
3633 4146 3733 4211 τῆς

2159 4244 2259 4310 γῆς
2288 4241 2644 4310 ὑπερανέχειν
2673 4239 3085 4307 παρασκευάζει
3112 4257 3127 4272 ο
3184 4238 3346 4302 πλαξί
3387 4255 3445 4290 τε
3483 4238 3606 4298 ταῖς
3634 4239 3733 4304 ἐγ-

2158 4329 2381 4400 χωρίοις
2409 4333 2630 4414 κοσμεί,
2656 4329 2752 4381 καὶ
2778 4329 3022 4391 κικλίδας
3057 4329 3241 4398 κύκλῳ
3269 4330 3608 4399 περιστήσας
3638 4329 3735 4380 καὶ

466 4433 708 4480 cessant,
742 4432 805 4471 ac
853 4417 1250 4472 intrectabilem
1290 4419 1439 4484 facit,
1494 4423 1732 4490 exceptis
1764 4423 2039 4481 duntaxat.

2161 4401 2535 4487 στεφανώσας,
2601 4419 2804 4473 ἄϐατον
2853 4417 3028 4482 οὕτως
3090 4420 3259 4490 αὐτὴν
3314 4422 3410 4473 καὶ
3455 4419 3736 4488 ἄψαυστον

467 4521 530 4564 ut
559 4511 652 4580 qui
688 4509 813 4575 ﬁde,
838 4526 901 4564 ac
926 4510 1095 4565 multa
1120 4513 1471 4568 veneratione
1494 4529 1612 4569 eam
1647 4514 1869 4584 propius
1897 4513 2048 4568 adire

469 4602 686 4657 Vellent.
964 4601 967 4604 ’

550 4692 683 4748 Post
735 4699 965 4753 alterum
1020 4698 1277 4766 deinceps
1333 4712 1578 4762 annum,
1626 4697 1747 4768 ejus
1795 4698 2047 4767 discipuli

469 4788 690 4856 quidam
741 4805 864 4845 cum
931 4793 1232 4857 sanitates,
1287 4790 1430 4844 haud
1479 4805 1640 4845 secus
1682 4805 1747 4845 ac
1793 4791 2048 4846 fontanos

471 4880 666 4935 latices
705 4882 815 4937 illic
855 4883 1123 4939 scaturire
1163 4882 1554 4953 perspicerent,
1593 4883 1721 4938 boni
1767 4898 1826 4938 se
1870 4882 2050 4938 Patris

543 5001 587 5033 ⁸³
623 5009 753 5054 Luc.
800 5015 860 5065 It,
894 5001 985 5055 46.

2154 4511 2296 4568 εἶναι
2337 4517 2495 4581 ποιεῖ,
2521 4516 2602 4569 ὅτι
2641 4515 2714 4584 μὴ
2749 4514 2932 4584 μόνοις
2958 4517 3070 4578 τοῖς
3092 4516 3299 4576 πιστῶς
3328 4512 3570 4582 ἐγγίζειν
3591 4512 3734 4582 αὐτῇ

2157 4607 2505 4677 βουλομένοις
2539 4607 2677 4678 μετὰ
2713 4607 2908 4660 πολλοῦ
2949 4605 3044 4659 τοῦ
3075 4606 3435 4675 σεϐάσματος.

2227 4701 2354 4752 Δυσὶ
2382 4699 2428 4753 δ’
2465 4687 2693 4769 ὕστερον
2741 4700 2976 4770 χρόνοις,
3011 4699 3144 4752 ἔνιοι
3181 4699 3289 4750 τῶν
3337 4694 3504 4750 αὐτοῦ
3533 4711 3728 4764 φοιτη-

2154 4790 2284 4854 τῶν,
2321 4793 2421 4851 τὰς
2449 4793 2568 4846 ἐκεῖ
2613 4791 2910 4861 βλυζούσας
2946 4791 3138 4857 ίάσεις,
3189 4789 3280 4842 ῐσα
3335 4790 3434 4842 καὶ
3473 4788 3732 4858 πηγαίοις

2151 4885 2357 4953 νάμασι
2383 4885 2746 4955 καθορῶντες,
2767 4883 2973 4952 ἀγαθοῦ
3000 4884 3212 4955 Πατρός
3238 4883 3337 4937 οὐκ
3360 4881 3539 4948 ἀγαθὰ
3563 4880 3729 4934 τέκνα

1741 5120 1842 5181 Fr.
1879 5120 2242 5184 Combeﬁsii
2279 5131 2462 5184 nolm.

546 5267 662 5337 (1‘2)
698 5269 759 5322 In
785 5267 1004 5323 Italiam
1049 5273 1408 5339 proﬁciscens.
1440 5272 1698 5327 Videatur
1748 5269 1922 5326 Lucas
1954 5271 2041 5325 hic

474 5347 622 5412 totus
652 5339 835 5412 Italus,
865 5357 928 5395 ac
954 5340 1133 5412 italis.
1162 5357 1256 5394 seu
1285 5342 1544 5397 Rotnanre
1568 5342 1898 5412 peculiarius
1928 5342 2040 5395 sedi

475 5407 722 5483 addictus
753 5410 920 5465 luisse
947 5449 961 5472 ,
998 5412 1088 5477 qui
1123 5411 1432 5466 Italicorum
1468 5407 1911 5483 peregrinorum,
1947 5426 2040 5464 seu

474 5474 741 5548 abitalia,
774 5495 938 5548 atque
968 5474 1028 5534 ιιι
1058 5483 1290 5547 videtur,
1317 5474 1487 5535 Roma
1516 5474 2045 5542 redveuntiumfcou-

477 5545 602 5599 silio
630 5562 693 5600 ac
722 5545 908 5620 opera,
939 5545 1467 5620 nionachumprimo
1499 5553 1752 5614 induerit,
1783 5551 2045 5605 subinde-

477 5619 938 5691 queuangelieutn
987 5621 1138 5691 illum
1194 5638 1258 5677 ac
1300 5619 1556 5691 maguum
1615 5622 1860 5675 habitum
1898 5638 1926 5674 a
1961 5637 2047 5675 se-

477 5682 736 5740 nioribus
780 5688 833 5740 in
885 5687 1112 5759 Italiam,
1173 5708 1236 5747 ac
1296 5682 1521 5748 Romam
1586 5693 1770 5760 utique
1831 5691 2038 5761 legatis,

2149 5271 2541 5339 impetraverit,
2576 5271 2904 5339 tandemque
2958 5279 3164 5323 Itauam
3209 5275 3479 5337 petentem
3529 5279 3727 5339 mona-

2151 5337 2312 5396 chum
2341 5383 2356 5406 ,
2395 5352 2650 5408 tanquam
2687 5345 2795 5395 Deo
2819 5337 3164 5403 destinante,
3204 5340 3436 5408 primum
3470 5337 3730 5408 aedituum

2154 5428 2216 5465 ac
2264 5405 2518 5482 mystam'
2551 5431 2578 5463 a
2635 5422 2830 5471 morte,
2864 5410 3175 5482 acceperit,
3208 5405 3270 5461 ut
3317 5407 3398 5460 vel
3445 5421 3513 5461 eo
3545 5405 3742 5482 titulo9

2155 5476 2343 5536 Greece
2381 5484 2518 5535 velut
2568 5482 2680 5534 Itali
2730 5481 2904 5536 Silllt'li
2949 5476 3080 5539 vita,
3133 5479 3213 5532 sic
3257 5485 3550 5544 excerpta,
3587 5476 3732 5530 Itatttl

2157 5553 2473 5622 injucunda,
2511 5553 2718 5606 Latinis
2751 5553 2930 5611 nobis,
2971 5564 3306 5622 aequorum
3344 5549 3394 5602 itt
3448 5547 3596 5601 ltulitt
3632 5544 3731 5600 Ec-

2150 5619 2328 5680 clesiae
2353 5634 2532 5678 vertex
2568 5625 2787 5686 residet,
2825 5623 2980 5677 debet
3012 5619 3205 5677 videri.
