4088 6208
311 295 425 363 481
1462 305 1556 364 DE
1596 304 1925 365 PARADIS

1952 304 1994 363 'i.
2036 331 2104 340 --
2143 306 2335 365 PARS
2376 307 2425 369 Ῑ.
3461 310 3566 371 482

311 417 506 471 Latine
544 425 924 485 interpretatus
956 426 1033 470 est
1067 434 1148 472 vtr
1182 418 1521 472 doctissimus
1544 420 1781 472 Andreas
1813 418 2041 482 Masius,
2074 437 2193 490 quia
2243 425 2414 473 versio
2456 422 2688 489 primum
2737 422 2873 491 typis
2912 420 3277 474 Plantinianis
3317 424 3484 487 edita,
3512 429 3566 480 in

308 501 696 554 Bibliothecam
727 501 951 555 Patrum
980 506 1244 558 translata
1276 515 1372 559 est.
1416 504 1519 559 Sed
1575 507 1691 574 quis
1738 504 1897 571 fuerit
1937 518 2027 559 aut
2085 507 2298 576 quando
2347 510 2534 560 vixerit
2573 507 2765 571 Moses,
2815 524 2975 576 neque
3001 509 3178 560 docuit
3213 525 3304 563 nos
3340 510 3565 577 Μαεὶιιδ,

306 605 471 657 neque
548 587 763 641 aliunde
831 602 972 643 certo
1051 594 1188 644 scire
1245 595 1534 661 potuimus.
1617 590 1817 644 Vixisse
1872 593 2025 644 illum
2074 596 2164 644 diu
2214 604 2331 645 ante
2395 593 2702 663 Dionysium
2774 594 3038 647 Bursnlibi
3087 595 3421 662 perspicuum
3489 608 3564 649 est

303 692 426 728 cum
485 676 530 727 is
593 675 648 726 in
707 674 1099 730 Commentario
1143 696 1239 733 suo
1290 680 1358 730 ad
1406 688 1636 748 quatuor
1686 678 1987 747 Evangelia
2059 690 2106 733 et
2183 681 2331 743 alibi,
2380 681 2525 734 illius
2601 683 2903 734 testimonia
2952 682 3246 750 frequenter
3323 684 3566 749 referat:

302 774 363 815 ut
423 765 581 815 etiam
647 764 914 832 juniorem
968 768 1130 835 fuisse
1161 765 1357 818 Jacobo
1425 765 1707 828 Edessena,
1764 776 1812 818 et
1851 765 2017 818 altero
2075 767 2355 834 Serugensi
2404 784 2468 821 ea:
2531 785 2589 820 eo
2641 770 2916 836 probatur,
2973 750 3108 836 quod
3168 768 3379 821 illorum
3445 787 3567 822 sen-

304 850 499 900 tentias
531 848 725 914 referat
756 850 939 902 eodem
966 853 1016 903 in
1059 867 1232 919 opere.
1278 851 1442 905 Valde
1474 863 1647 905 autem
1696 852 2054 907 Itallucinatus
2085 866 2161 907 est
2199 856 2423 919 Μηδίας,
2456 861 2580 908 dum
2610 857 2763 908 illum
2811 873 2914 907 non
2967 856 3117 925 longe
3154 867 3269 921 post
3299 858 3562 911 Joannem

303 934 742 1005 Clirysostomum
781 937 970 991 vixisse
991 940 1339 1002 existimavit,
1378 956 1497 992 cum
1523 938 1772 993 Severum
1801 941 1947 1003 citet,
1984 940 2371 993 Antiochenam
2419 940 2622 994 scilicet
2664 941 3150 1011 Monopltysitarum
3207 947 3559 1011 prwcipuum.

303 1024 407 1076 Sed
438 1026 655 1092 gravius
688 1024 859 1077 adhuc
880 1027 1077 1078 erravit
1110 1025 1455 1095 Margarinus
1490 1026 1702 1093 Bittius,
1737 1029 1826 1097 qui
1866 1029 1935 1081 ad
1969 1039 2200 1093 tempora
2231 1029 2369 1082 Julii
2406 1028 2468 1081 11
2506 1040 2553 1082 et
2591 1029 2748 1081 Pauli
2776 1029 2868 1082 111
2895 1032 3045 1083 illum
3074 1033 3310 1092 reduxit,
3340 1034 3561 1086 immani

303 1112 740 1177 anachronismo,
777 1130 895 1164 cum
925 1111 1099 1167 Moses
1128 1114 1218 1169 ille
1241 1116 1379 1169 alter
1414 1114 1796 1170 Meredinensis
1832 1117 2014 1185 fuerit,
2044 1114 2335 1168 Mardenus
2371 1132 2401 1167 a
2435 1114 2620 1168 Musio
2646 1116 2758 1184 ejus
2798 1118 2851 1170 in
2886 1117 3122 1187 Syriacis
3156 1119 3411 1187 discipulo
3441 1137 3562 1189 per-

298 1215 485 1267 peram
521 1199 841 1266 appellatus.
876 1200 989 1253 Nec
1055 1203 1275 1255 meliora
1318 1201 1657 1258 Passerinus.
1696 1203 1837 1257 Sane
1880 1220 1999 1258 eum
2056 1200 2486 1270 Monopltysitam
2528 1203 2691 1269 fuisse
2741 1215 2971 1266 constat,
3014 1207 3192 1273 quales
3232 1218 3402 1268 erant,
3432 1224 3560 1274 quos

299 1288 522 1338 honoris
546 1297 595 1338 et
613 1288 898 1339 testimonii
928 1305 1089 1342 causa
1116 1291 1369 1357 appellat,
1402 1290 1641 1350 Severus.
1663 1291 1895 1345 Jacobus
1936 1290 2253 1349 Edessenus,
2280 1299 2326 1341 et
2349 1288 2484 1341 alter
2516 1288 2846 1359 Serugensis.
2879 1290 3041 1343 Illum
3063 1295 3358 1359 episcopum
3390 1293 3560 1360 fuisse

297 1373 582 1425 verisimile
613 1383 709 1434 est,
736 1390 798 1426 ea:
827 1375 1069 1444 Liturgia
1089 1393 1205 1445 qua:
1228 1378 1329 1445 ipsi
1357 1377 1610 1431 tribuitur
1639 1397 1652 1432 :
1685 1395 1848 1449 neque
1868 1378 2005 1430 enim
2036 1377 2098 1428 ab
2131 1376 2252 1427 aliis
2278 1392 2435 1444 quam
2470 1377 2534 1428 ab
2560 1380 2814 1445 episcopis
2838 1389 2927 1429 aut
2953 1380 3267 1445 patriarcltis
3298 1382 3560 1447 composi-

298 1471 385 1511 tas
450 1471 542 1512 aut
577 1461 763 1513 saltem
791 1463 897 1516 illis
926 1466 1185 1533 ascriptus
1222 1466 1467 1535 liturgias
1497 1466 1618 1537 Syri
1655 1478 1962 1535 agnoscunt,
1991 1474 2045 1515 ut
2073 1478 2135 1516 ex
2160 1462 2389 1516 blenc/to
2412 1465 2625 1517 illarum
2664 1482 2794 1534 quas
2818 1467 3347 1533 interpretatisumus
3387 1471 3554 1520 muni-

296 1542 496 1608 [estum
527 1553 626 1596 est.
653 1542 788 1595 Eunt
809 1547 1008 1598 decimo
1029 1548 1222 1603 sreculo
1252 1550 1441 1603 vixisse
1469 1550 1650 1604 scribit
1670 1550 1965 1616 Naironus,
1991 1550 2079 1604 sed
2104 1550 2305 1602 nullam
2334 1550 2492 1619 hujus
2512 1552 2828 1621 conjecturte
2858 1570 2966 1607 suae
2992 1554 3349 1622 probationem
3379 1555 3552 1623 offert.

1204 1820 1640 1900 LECTORI
1726 1823 2186 1901 ANDBEAS
2247 1822 2647 1901 MASIUS.

362 1999 530 2054 hlosis
562 1999 726 2069 hujus
769 1999 1055 2055 historiam
1094 1999 1255 2069 plane
1284 2013 1371 2052 me
1400 2000 1615 2055 nescire
1644 2000 1838 2065 fateor,
1868 2016 1970 2056 nec
1997 2001 2065 2057 de
2095 2002 2188 2056 illo
2230 2000 2531 2071 quidquam
2587 1998 2859 2068 expiscari
2910 2001 3155 2069 potuisse
3190 2002 3243 2055 in
3292 2008 3551 2061 ecclesia-

291 2089 462 2152 sticis,
485 2089 869 2151 conciliorum,
897 2088 980 2141 vel
1037 2096 1352 2141 sanctorutn
1409 2087 1854 2151 narrationibus;
1884 2090 2080 2157 quibus
2111 2105 2174 2143 ex
2206 2089 2467 2152 fontibus,
2509 2087 2673 2140 multa
2706 2087 3055 2157 chronologis
3111 2101 3165 2143 et
3202 2091 3549 2147 historiarum

292 2177 660 2244 scriptoribus
695 2194 802 2231 non
831 2178 1075 2247 vulgaria
1116 2176 1339 2229 haurire
1378 2190 1520 2244 saape
1558 2176 1686 2229 mihi
1717 2177 1992 2231 usuveuit.
2038 2179 2116 2230 Ac
2147 2192 2214 2228 ne
2244 2190 2306 2228 ex
2355 2175 2440 2228 his
2467 2173 2687 2243 quidem
2737 2174 2882 2228 illius
2913 2176 3357 2242 Commentariis,
3398 2182 3551 2247 potui

291 2262 705 2330 deprehendere
741 2266 1030 2333 vestigium
1064 2263 1232 2317 ullum
1262 2264 1443 2318 aetatis
1478 2279 1585 2333 qua
1612 2265 1829 2328 vixerit,
1866 2265 1969 2317 nisi
2004 2267 2146 2332 quod
2185 2271 2242 2315 ut
2277 2277 2531 2329 magnum
2560 2261 2921 2315 Athanasium
2952 2272 3001 2315 et
3026 2264 3289 2331 Cyrillum
3315 2266 3552 2319 Alexan-

292 2352 537 2414 drinum,
579 2352 652 2405 ita
682 2364 735 2406 et
760 2354 822 2406 D.
859 2354 1343 2422 Chrysostomum,
1369 2350 1489 2404 sine
1513 2352 1795 2419 splendida
1820 2352 1928 2406 ulla
1960 2351 2190 2404 honoris
2223 2349 2548 2404 Priel'atione
2590 2349 2738 2411 citat,
2777 2351 3133 2419 nominatque
3162 2351 3326 2405 Joan.
3360 2352 3547 2406 Monao

291 2437 468 2501 chum,
496 2438 512 2491 1
544 2439 636 2492 lib.
668 2455 716 2493 c.
756 2439 772 2491 1
814 2449 868 2493 et
897 2455 945 2493 c.
980 2440 1066 2492 10.
1096 2437 1383 2491 Dominum
1411 2436 1694 2503 Joannem,
1731 2440 1979 2508 ejusdem
2012 2439 2157 2502 libri,
2192 2455 2293 2508 cap
2324 2439 2376 2499 7,
2411 2446 2465 2491 et
2496 2438 2620 2491 libri
2671 2455 2766 2492 seu
2827 2439 2997 2506 partis
3050 2438 3134 2501 lnl,
3166 2457 3285 2510 cap.
3335 2442 3390 2505 5,
3423 2443 3547 2511 qui-

292 2526 394 2577 bus
424 2525 563 2578 locis
595 2527 841 2579 meminit
873 2529 995 2595 ejus
1031 2528 1345 2580 orationum
1380 2524 1497 2578 sive
1528 2538 1845 2577 sermonum
1879 2527 1942 2579 de
1969 2543 2162 2579 occasu
2192 2528 2396 2590 mundi,
2428 2527 2492 2578 de
2526 2542 2658 2579 novo
2705 2531 2923 2590 mundo,
2959 2543 3053 2578 cur
3084 2528 3245 2579 arbor
3277 2543 3457 2580 vocata
3483 2531 3547 2581 sit

289 2612 526 2664 scientire
546 2612 665 2664 boni
698 2623 745 2665 et
775 2615 925 2678 mali,
958 2624 1013 2667 et.
1042 2614 1112 2666 ad
1145 2612 1428 2681 Sitigrium
1459 2627 1551 2664 seu
1579 2609 1873 2680 Stagiriunt
1908 2630 1927 2669 :
1956 2625 2009 2669 et
2036 2624 2221 2667 ccttlra
2254 2630 2340 2666 eos
2372 2617 2460 2682 qui
2490 2624 2678 2679 putant
2712 2617 2965 2666 mundum
2990 2615 3273 2683 gubernari
3296 2633 3326 2667 a
3352 2618 3545 2669 drama-

290 2698 463 2762 nibus,
494 2700 514 2751 1
559 2702 654 2755 lib.
688 2716 808 2770 eap.
838 2701 929 2754 ‘22.
961 2704 1039 2755 Ac
1088 2704 1314 2771 proinde
1350 2700 1434 2754 his
1484 2714 1592 2753 non
1629 2700 1802 2755 multo
1841 2704 2106 2769 posterior
2154 2702 2286 2755 mihi
2333 2704 2574 2767 videtur,
2620 2701 2759 2755 forte
2797 2716 2903 2755 non
2938 2717 3186 2769 prorsum
3219 2704 3365 2757 inani
3399 2721 3536 2758 con-

284 2787 498 2854 jectura
531 2804 653 2842 cum
689 2791 891 2859 saepius
912 2791 1098 2844 divum
1130 2791 1315 2844 Mosen
1349 2790 1519 2856 dicat,
1546 2790 1567 2843 1
1603 2798 1772 2859 part.,
1805 2806 1925 2860 cap.
1949 2790 2038 2845 28.
2068 2790 2179 2844 llos
2228 2800 2494 2859 praetcrea
2548 2791 2681 2844 citat
2733 2793 3031 2860 scriptores
3060 2792 3468 2848 ecclesiasticos
3490 2804 3545 2850 et

290 2878 549 2943 probatos
581 2888 858 2944 auctores,
892 2888 948 2931 ut
985 2880 1239 2948 appellat,
1266 2878 1507 2947 ejusdem
1539 2886 1704 2946 part.,
1739 2894 1858 2947 cap.
1895 2878 1985 2931 29...

365 2966 426 3018 D.
469 2965 657 3018 Severi
690 2977 829 3019 orat.
862 2966 952 3033 22,
987 2970 1052 3021 de
1077 2966 1424 3036 Epithronio,
1454 2966 1477 3019 1
1510 2967 1657 3030 libri,
1692 2981 1815 3035 cap,
1849 2965 1877 3016 7
1914 2977 1968 3020 et
2001 2966 2084 3031 11,
2120 2976 2173 3019 et
2223 2966 2455 3018 alteram
2509 2966 2753 3034 ejusdem
2802 2966 3135 3037 argumenti,
3195 2967 3220 3020 1
3250 2967 3403 3035 libr.,
3450 2969 3539 3022 '55.

289 3050 544 3121 Ejusdem
574 3055 817 3109 auctoris
841 3064 987 3108 orat.
1019 3064 1211 3108 contra
1250 3052 1675 3118 Felicissimum,
1728 3064 1880 3124 parte
1906 3054 1973 3109 ll.

360 3139 422 3193 D.
459 3142 739 3211 prraim,
771 3145 887 3198 sive
920 3144 1153 3213 Ephrem
1193 3142 1340 3214 Syri,
1385 3144 1586 3198 librum
1620 3144 1902 3200 Geneseos
1933 3145 2047 3198 sive
2074 3143 2142 3197 de
2174 3157 2355 3195 rerum
2387 3150 2535 3204 ortu,
2561 3142 2677 3195 sive
2705 3142 3012 3197 Comment.
3044 3144 3095 3197 in
3123 3143 3322 3198 Cenes.
3358 3145 3381 3196 1
3413 3144 3538 3208 lib.,

283 3244 331 3283 c.
373 3228 396 3279 1
436 3239 563 3284 etc.
595 3230 649 3297 9,
686 3246 847 3301 quem
886 3234 1082 3301 opinor
1109 3248 1233 3287 eum
1281 3247 1403 3287 esse
1456 3246 1566 3301 quo
1617 3232 1898 3285 dominum
1966 3230 2197 3300 Ephrem
2248 3228 2486 3296 paradisi
2537 3228 2906 3282 conditionem
2956 3232 3180 3300 exsequi
3218 3231 3316 3295 ait,
3358 3233 3377 3282 1
3419 3232 3540 3293 lib.,

285 3331 409 3384 cap.
449 3317 500 3381 7,
533 3328 587 3372 et
610 3336 770 3388 quem
807 3320 970 3373 etiam
1002 3323 1295 3389 quemdam
1331 3321 1477 3374 illius
1507 3322 1969 3375 commentarium
2022 3320 2279 3387 appellat,
2324 3318 2342 3367 l
2384 3316 2503 3378 lib.,
2534 3333 2582 3370 c.
2614 3317 2704 3371 27.

355 3409 398 3461 D
430 3408 713 3463 .Jacobum
745 3408 1116 3474 Orrohaitam,
1160 3412 1328 3478 partis
1359 3410 1377 3463 1
1409 3425 1528 3479 cap.
1566 3410 1652 3472 11,
1689 3419 1747 3464 et
1781 3410 1948 3478 partis
1981 3407 2023 3461 ll
2050 3424 2099 3461 c.
2131 3407 2185 3460 ‘2.

360 3500 424 3551 D.
452 3498 640 3552 Jacobi
678 3499 1011 3570 Sarugensis
1041 3500 1345 3554 orationem
1380 3501 1446 3554 de
1480 3500 1687 3554 Adamo
1722 3500 1897 3569 ejecto
1929 3512 1959 3551 e
1996 3498 2251 3566 paradiso
2274 3539 2287 3561 ,
2318 3508 2460 3566 part.
2495 3495 2534 3559 l,
2567 3510 2688 3564 cap.
2712 3495 2800 3560 20,
2838 3511 3002 3566 quam
3040 3497 3202 3550 etiam
3239 3495 3536 3549 Commen-

288 3589 489 3641 tarium
547 3588 804 3656 appellat,
859 3590 1107 3658 ejusdem
1165 3590 1338 3658 partis
1379 3604 1430 3643 c.
1466 3588 1557 3646 27.
1594 3588 1851 3656 Ejusdem
1897 3588 2181 3641 orationes
2236 3590 2301 3640 de
2346 3586 2547 3640 Christi
2587 3585 2840 3653 passione
2891 3593 2945 3638 et
2996 3599 3249 3647 assensu,
3291 3600 3395 3635 non
3463 3584 3536 3636 ita

285 3678 516 3732 multum
546 3688 672 3730 ante
710 3676 893 3740 linem,
924 3678 947 3730 1
974 3678 1117 3731 libri.

353 3767 415 3819 D.
453 3765 640 3821 Jacobi
681 3766 1033 3821 Betriacensis
1060 3767 1370 3821 orationem
1401 3767 1468 3821 de
1499 3767 1706 3819 Adawo
1738 3766 1913 3834 ejrcto
1938 3774 2087 3819 extra
2120 3765 2451 3833 Pal'udlSHm,
2492 3766 2516 3818 1
2549 3764 2667 3827 lib.,
2708 3780 2758 3818 c.
2794 3763 2933 3819 22.‘

358 3858 419 3907 1).
461 3854 593 3908 Julii
627 3857 1081 3909 Commentarium
1120 3856 1173 3908 in
1221 3854 1575 3925 Evangelium
1610 3854 1867 3908 Joannis.

362 3941 647 3995 Philoxeni
701 3940 944 4011 Mabuga:
979 3942 1222 4013 episcopi
1272 3959 1584 3997 sermonem
1632 3944 1699 3995 de
1748 3938 2208 4010 contemplatione
2247 3940 2460 3995 arboris
2511 3940 2654 4002 vitae,
2693 3941 2711 3992 l
2767 3942 2937 4011 partis
3002 3958 3051 3994 c.
3098 3942 3149 4006 8,
3187 3941 3274 4006 19,
3303 3940 3394 4004 22,
3425 3952 3532 3995 etc.

280 4029 539 4099 Ejusdem
575 4030 812 4098 capitula
847 4040 1035 4084 contra
1074 4030 1396 4097 Diodorum,
1432 4041 1584 4101 parte
1615 4030 1705 4084 lll.

3030 4205 3524 4239 ———-—----5

307 4212 2421 4237 w—o————————————————————_——-——’I

1025 4368 1602 4524 MOSlS
1718 4364 2813 4522 BAR-CEPHA

1651 4636 1958 4693 EPISCOPI
2002 4637 2159 4693 SYRI

846 4816 1899 4928 COMMENTARIA
1998 4816 2178 4925 DE
2280 4812 2978 4925 PARADISO

1428 5035 1531 5093 AD
1566 5004 1946 5093 toN‘Atrlun
1984 5032 2374 5091 FRATREM.

839 5199 1141 5260 (lnterprete
1175 5197 1370 5247 Andrea
1398 5198 1565 5248 Musio.
1590 5225 1649 5234 —-
1675 5196 1840 5249 Critici
1872 5197 2019 5257 sacri,
2054 5205 2171 5248 tom.
2201 5195 2262 5256 ll,
2290 5211 2339 5259 p.
2362 5195 2452 5246 587
2475 5196 2554 5244 ed.
2587 5196 2985 5261 Amstelodaml.)

1554 5437 2270 5530 PROCEMIUM.

350 5635 935 5704 l’ostcaquam,sancte
962 5619 1132 5687 frater
1150 5632 1720 5704 lgnati,absolvimus,
1748 5647 1853 5686 non
1965 5630 2059 5683 diti
2086 5633 2251 5696 orbis,
2294 5632 2521 5686 minime
2557 5633 2855 5700 perfectum
2884 5631 3103 5701 quidem
3145 5631 3318 5697 illum,
3357 5651 3420 5688 ne
3446 5651 3533 5701 ;ue

281 5729 403 5783 sine
433 5744 533 5796 ope
558 5729 764 5792 divina,
798 5727 1256 5783 Commentarium
1277 5727 1341 5780 de
1374 5741 1466 5779 sex
1493 5723 1688 5777 diebus
1720 5739 1853 5777 con-
1962 5723 2109 5775 omni
2164 5737 2227 5775 ex
2259 5732 2410 5791 parte
2473 5724 2804 5784 absolutum,
2861 5724 3205 5777 orationibus
3256 5728 3529 5796 quinque:
