  <div class='ocr_page' id='page_1' title='image "/cluster/home/n/w/nwhite01/storage/ocr_20150623/111/hvd.32044073502288/263.png"; bbox 0 0 4088 6208; ppageno 0'>
   <div class='ocr_carea' id='block_1_1' title="bbox 526 322 632 384">
    <p class='ocr_par' dir='ltr' id='par_1_1' title="bbox 526 322 632 384">
     <span class='ocr_line' id='line_1_1' title="bbox 526 322 632 384; baseline -0.009 0"><span class='ocrx_word' id='word_1_1' title='bbox 526 322 632 384; x_wconf 73' lang='grc'><strong>433</strong></span> 
     </span>
    </p>
   </div>
   <div class='ocr_carea' id='block_1_2' title="bbox 1802 304 2510 372">
    <p class='ocr_par' dir='ltr' id='par_1_2' title="bbox 1802 304 2510 372">
     <span class='ocr_line' id='line_1_2' title="bbox 1802 304 2510 372; baseline -0.014 0"><span class='ocrx_word' id='word_1_2' title='bbox 1802 309 2035 372; x_wconf 83' lang='lat' dir='ltr'><strong>MOSlS</strong></span> <span class='ocrx_word' id='word_1_3' title='bbox 2071 304 2510 366; x_wconf 66' lang='lat' dir='ltr'><strong>BAR-CEPHA</strong></span> 
     </span>
    </p>
   </div>
   <div class='ocr_carea' id='block_1_3' title="bbox 3675 288 3784 351">
    <p class='ocr_par' dir='ltr' id='par_1_3' title="bbox 3675 288 3784 351">
     <span class='ocr_line' id='line_1_3' title="bbox 3675 288 3784 351; baseline -0.018 0"><span class='ocrx_word' id='word_1_4' title='bbox 3675 288 3784 351; x_wconf 74' lang='grc'><strong>484</strong></span> 
     </span>
    </p>
   </div>
   <div class='ocr_carea' id='block_1_4' title="bbox 519 401 3787 507">
    <p class='ocr_par' dir='ltr' id='par_1_4' title="bbox 519 401 3787 507">
     <span class='ocr_line' id='line_1_4' title="bbox 519 401 3787 507; baseline -0.011 -17"><span class='ocrx_word' id='word_1_5' title='bbox 519 436 830 491; x_wconf 72' lang='lat' dir='ltr'><strong>accedimus</strong></span> <span class='ocrx_word' id='word_1_6' title='bbox 858 433 923 489; x_wconf 90' lang='lat' dir='ltr'><strong>ad</strong></span> <span class='ocrx_word' id='word_1_7' title='bbox 953 433 1299 507; x_wconf 81' lang='lat' dir='ltr'><strong>tractandum</strong></span> <span class='ocrx_word' id='word_1_8' title='bbox 1335 433 1401 488; x_wconf 89' lang='lat' dir='ltr'><strong>de</strong></span> <span class='ocrx_word' id='word_1_9' title='bbox 1443 431 1716 503; x_wconf 74' lang='lat' dir='ltr'><strong>paradiso,</strong></span> <span class='ocrx_word' id='word_1_10' title='bbox 1747 438 1854 482; x_wconf 74' lang='lat' dir='ltr'><strong>tua:</strong></span> <span class='ocrx_word' id='word_1_11' title='bbox 1885 426 2099 496; x_wconf 86' lang='lat' dir='ltr'><strong>pietatis</strong></span> <span class='ocrx_word' id='word_1_12' title='bbox 2131 433 2174 482; x_wconf 79' lang='grc' dir='ltr'><strong>Λ</strong></span> <span class='ocrx_word' id='word_1_13' title='bbox 2207 419 2427 473; x_wconf 77' lang='lat' dir='ltr'><strong>Det-imo</strong></span> <span class='ocrx_word' id='word_1_14' title='bbox 2475 425 2671 487; x_wconf 83' lang='lat' dir='ltr'><strong>quarto</strong></span> <span class='ocrx_word' id='word_1_15' title='bbox 2724 412 3132 483; x_wconf 72' lang='lat' dir='ltr'><strong>disceptabitur,</strong></span> <span class='ocrx_word' id='word_1_16' title='bbox 3195 404 3476 479; x_wconf 89' lang='lat' dir='ltr'><strong>quomodo</strong></span> <span class='ocrx_word' id='word_1_17' title='bbox 3537 401 3787 457; x_wconf 85' lang='lat' dir='ltr'><strong>homines</strong></span> 
     </span>
    </p>
   </div>
   <div class='ocr_carea' id='block_1_5' title="bbox 521 519 2090 595">
    <p class='ocr_par' dir='ltr' id='par_1_5' title="bbox 521 519 2090 595">
     <span class='ocr_line' id='line_1_5' title="bbox 521 519 2090 595; baseline -0.006 -17"><span class='ocrx_word' id='word_1_18' title='bbox 521 527 804 580; x_wconf 78' lang='lat' dir='ltr'><strong>voluntate</strong></span> <span class='ocrx_word' id='word_1_19' title='bbox 830 526 1297 595; x_wconf 88' lang='lat' dir='ltr'><strong>persuasioneque</strong></span> <span class='ocrx_word' id='word_1_20' title='bbox 1345 525 1576 579; x_wconf 89' lang='lat' dir='ltr'><strong>inducti.</strong></span> <span class='ocrx_word' id='word_1_21' title='bbox 1613 525 1669 575; x_wconf 91' lang='lat' dir='ltr'><strong>In</strong></span> <span class='ocrx_word' id='word_1_22' title='bbox 1712 537 1818 590; x_wconf 90' lang='lat' dir='ltr'><strong>qua</strong></span> <span class='ocrx_word' id='word_1_23' title='bbox 1877 519 2090 588; x_wconf 73' lang='lat' dir='ltr'><strong>quidem</strong></span> 
     </span>
    </p>
   </div>
   <div class='ocr_carea' id='block_1_6' title="bbox 520 614 2093 688">
    <p class='ocr_par' dir='ltr' id='par_1_6' title="bbox 520 614 2093 688">
     <span class='ocr_line' id='line_1_6' title="bbox 520 614 2093 688; baseline -0.004 -20"><span class='ocrx_word' id='word_1_24' title='bbox 520 617 845 669; x_wconf 89' lang='lat' dir='ltr'><strong>tractatione</strong></span> <span class='ocrx_word' id='word_1_25' title='bbox 879 616 950 668; x_wconf 88' lang='lat' dir='ltr'><strong>ita</strong></span> <span class='ocrx_word' id='word_1_26' title='bbox 987 631 1206 688; x_wconf 83' lang='lat' dir='ltr'><strong>quoque</strong></span> <span class='ocrx_word' id='word_1_27' title='bbox 1239 614 1602 675; x_wconf 74' lang='lat' dir='ltr'><strong>versabimur,</strong></span> <span class='ocrx_word' id='word_1_28' title='bbox 1640 621 1699 665; x_wconf 91' lang='lat' dir='ltr'><strong>ttt</strong></span> <span class='ocrx_word' id='word_1_29' title='bbox 1733 621 1784 663; x_wconf 82' lang='lat' dir='ltr'><strong>et</strong></span> <span class='ocrx_word' id='word_1_30' title='bbox 1842 620 2093 663; x_wconf 88' lang='lat' dir='ltr'><strong>accurata</strong></span> 
     </span>
    </p>
   </div>
   <div class='ocr_carea' id='block_1_7' title="bbox 516 701 2096 775">
    <p class='ocr_par' dir='ltr' id='par_1_7' title="bbox 516 701 2096 775">
     <span class='ocr_line' id='line_1_7' title="bbox 516 701 2096 775; baseline -0.006 -14"><span class='ocrx_word' id='word_1_31' title='bbox 516 718 570 761; x_wconf 90' lang='lat' dir='ltr'><strong>et</strong></span> <span class='ocrx_word' id='word_1_32' title='bbox 601 709 747 761; x_wconf 84' lang='lat' dir='ltr'><strong>clara</strong></span> <span class='ocrx_word' id='word_1_33' title='bbox 786 713 858 760; x_wconf 88' lang='lat' dir='ltr'><strong>sit</strong></span> <span class='ocrx_word' id='word_1_34' title='bbox 893 711 1068 760; x_wconf 81' lang='lat' dir='ltr'><strong>oratio</strong></span> <span class='ocrx_word' id='word_1_35' title='bbox 1100 724 1113 760; x_wconf 94' lang='lat'>:</span> <span class='ocrx_word' id='word_1_36' title='bbox 1148 717 1200 760; x_wconf 89' lang='lat' dir='ltr'><strong>et</strong></span> <span class='ocrx_word' id='word_1_37' title='bbox 1240 705 1456 775; x_wconf 84' lang='lat' dir='ltr'><strong>singula</strong></span> <span class='ocrx_word' id='word_1_38' title='bbox 1490 703 1664 772; x_wconf 81' lang='lat' dir='ltr'><strong>capita</strong></span> <span class='ocrx_word' id='word_1_39' title='bbox 1725 704 1865 755; x_wconf 90' lang='lat' dir='ltr'><strong>inter</strong></span> <span class='ocrx_word' id='word_1_40' title='bbox 1899 717 1957 756; x_wconf 92' lang='lat' dir='ltr'><strong>se</strong></span> <span class='ocrx_word' id='word_1_41' title='bbox 1987 701 2096 753; x_wconf 82' lang='lat' dir='ltr'><strong>dis-</strong></span> 
     </span>
    </p>
   </div>
   <div class='ocr_carea' id='block_1_8' title="bbox 519 791 2097 868">
    <p class='ocr_par' dir='ltr' id='par_1_8' title="bbox 519 791 2097 868">
     <span class='ocr_line' id='line_1_8' title="bbox 519 791 2097 868; baseline -0.005 -18"><span class='ocrx_word' id='word_1_42' title='bbox 519 801 688 852; x_wconf 85' lang='lat' dir='ltr'><strong>tincta</strong></span> <span class='ocrx_word' id='word_1_43' title='bbox 720 799 1204 868; x_wconf 81' lang='lat' dir='ltr'><strong>particulatimque</strong></span> <span class='ocrx_word' id='word_1_44' title='bbox 1233 797 1407 849; x_wconf 82' lang='lat' dir='ltr'><strong>divisa</strong></span> <span class='ocrx_word' id='word_1_45' title='bbox 1440 796 1762 857; x_wconf 73' lang='lat' dir='ltr'><strong>habeantur,</strong></span> <span class='ocrx_word' id='word_1_46' title='bbox 1822 808 1931 861; x_wconf 83' lang='lat' dir='ltr'><strong>quo</strong></span> <span class='ocrx_word' id='word_1_47' title='bbox 1967 791 2097 844; x_wconf 89' lang='lat' dir='ltr'><strong>faci-</strong></span> 
     </span>
    </p>
   </div>
   <div class='ocr_carea' id='block_1_9' title="bbox 520 883 2096 955">
    <p class='ocr_par' dir='ltr' id='par_1_9' title="bbox 520 883 2096 955">
     <span class='ocr_line' id='line_1_9' title="bbox 520 883 2096 955; baseline -0.004 -13"><span class='ocrx_word' id='word_1_48' title='bbox 520 891 625 944; x_wconf 83' lang='lat' dir='ltr'><strong>lius</strong></span> <span class='ocrx_word' id='word_1_49' title='bbox 659 893 895 944; x_wconf 83' lang='lat' dir='ltr'><strong>lectores</strong></span> <span class='ocrx_word' id='word_1_50' title='bbox 925 891 1111 943; x_wconf 86' lang='lat' dir='ltr'><strong>ontnia</strong></span> <span class='ocrx_word' id='word_1_51' title='bbox 1144 889 1474 955; x_wconf 69' lang='lat' dir='ltr'><strong>intelligant,</strong></span> <span class='ocrx_word' id='word_1_52' title='bbox 1508 901 1686 953; x_wconf 78' lang='lat' dir='ltr'><strong>neque</strong></span> <span class='ocrx_word' id='word_1_53' title='bbox 1737 900 1834 954; x_wconf 87' lang='lat' dir='ltr'><strong>per</strong></span> <span class='ocrx_word' id='word_1_54' title='bbox 1864 883 2096 936; x_wconf 89' lang='lat' dir='ltr'><strong>oblivio-</strong></span> 
     </span>
    </p>
   </div>
   <div class='ocr_carea' id='block_1_10' title="bbox 519 980 2099 1050">
    <p class='ocr_par' dir='ltr' id='par_1_10' title="bbox 519 980 2099 1050">
     <span class='ocr_line' id='line_1_10' title="bbox 519 980 2099 1050; baseline -0.004 -15"><span class='ocrx_word' id='word_1_55' title='bbox 519 999 642 1036; x_wconf 89' lang='lat' dir='ltr'><strong>netn</strong></span> <span class='ocrx_word' id='word_1_56' title='bbox 669 982 874 1050; x_wconf 87' lang='lat' dir='ltr'><strong>aliquid</strong></span> <span class='ocrx_word' id='word_1_57' title='bbox 925 982 991 1034; x_wconf 86' lang='lat' dir='ltr'><strong>de</strong></span> <span class='ocrx_word' id='word_1_58' title='bbox 1033 996 1130 1034; x_wconf 89' lang='lat' dir='ltr'><strong>sua</strong></span> <span class='ocrx_word' id='word_1_59' title='bbox 1167 984 1424 1032; x_wconf 85' lang='lat' dir='ltr'><strong>memoria</strong></span> <span class='ocrx_word' id='word_1_60' title='bbox 1484 980 1740 1030; x_wconf 85' lang='lat' dir='ltr'><strong>amittant</strong></span> <span class='ocrx_word' id='word_1_61' title='bbox 1778 994 1791 1029; x_wconf 94' lang='lat'>:</span> <span class='ocrx_word' id='word_1_62' title='bbox 1829 986 2099 1044; x_wconf 85' lang='lat' dir='ltr'><strong>quatenus</strong></span> 
     </span>
    </p>
   </div>
   <div class='ocr_carea' id='block_1_11' title="bbox 518 1069 2099 1141">
    <p class='ocr_par' dir='ltr' id='par_1_11' title="bbox 518 1069 2099 1141">
     <span class='ocr_line' id='line_1_11' title="bbox 518 1069 2099 1141; baseline -0.006 -12"><span class='ocrx_word' id='word_1_63' title='bbox 518 1087 665 1129; x_wconf 77' lang='lat' dir='ltr'><strong>certe</strong></span> <span class='ocrx_word' id='word_1_64' title='bbox 700 1075 839 1126; x_wconf 70' lang='lat' dir='ltr'><strong>Dt-us</strong></span> <span class='ocrx_word' id='word_1_65' title='bbox 901 1090 1062 1126; x_wconf 77' lang='lat' dir='ltr'><strong>verus</strong></span> <span class='ocrx_word' id='word_1_66' title='bbox 1120 1072 1214 1141; x_wconf 86' lang='lat' dir='ltr'><strong>qui</strong></span> <span class='ocrx_word' id='word_1_67' title='bbox 1249 1071 1519 1124; x_wconf 81' lang='lat' dir='ltr'><strong>illuminat</strong></span> <span class='ocrx_word' id='word_1_68' title='bbox 1570 1085 1773 1122; x_wconf 88' lang='lat' dir='ltr'><strong>omnent</strong></span> <span class='ocrx_word' id='word_1_69' title='bbox 1836 1069 2099 1121; x_wconf 82' lang='lat' dir='ltr'><strong>hominem</strong></span> 
     </span>
    </p>
   </div>
   <div class='ocr_carea' id='block_1_12' title="bbox 519 1161 2102 1230">
    <p class='ocr_par' dir='ltr' id='par_1_12' title="bbox 519 1161 2102 1230">
     <span class='ocr_line' id='line_1_12' title="bbox 519 1161 2102 1230; baseline -0.006 -8"><span class='ocrx_word' id='word_1_70' title='bbox 519 1170 804 1222; x_wconf 82' lang='lat' dir='ltr'><strong>venientem</strong></span> <span class='ocrx_word' id='word_1_71' title='bbox 834 1167 885 1218; x_wconf 90' lang='lat' dir='ltr'><strong>in</strong></span> <span class='ocrx_word' id='word_1_72' title='bbox 919 1167 1052 1218; x_wconf 84' lang='lat' dir='ltr'><strong>hunc</strong></span> <span class='ocrx_word' id='word_1_73' title='bbox 1091 1167 1342 1217; x_wconf 85' lang='lat' dir='ltr'><strong>mundum</strong></span> <span class='ocrx_word' id='word_1_74' title='bbox 1379 1167 1418 1227; x_wconf 81' lang='lat'><strong>&#39;,</strong></span> <span class='ocrx_word' id='word_1_75' title='bbox 1447 1173 1675 1216; x_wconf 80' lang='lat' dir='ltr'><strong>conatus</strong></span> <span class='ocrx_word' id='word_1_76' title='bbox 1708 1171 1924 1215; x_wconf 88' lang='lat' dir='ltr'><strong>nostros</strong></span> <span class='ocrx_word' id='word_1_77' title='bbox 1951 1161 2102 1230; x_wconf 82' lang='lat' dir='ltr'><strong>adju-</strong></span> 
     </span>
    </p>
   </div>
   <div class='ocr_carea' id='block_1_13' title="bbox 521 1241 2104 1326">
    <p class='ocr_par' dir='ltr' id='par_1_13' title="bbox 521 1241 2104 1326">
     <span class='ocr_line' id='line_1_13' title="bbox 521 1241 2104 1326; baseline -0.006 -15"><span class='ocrx_word' id='word_1_78' title='bbox 521 1271 768 1323; x_wconf 85' lang='lat' dir='ltr'><strong>vaturtts,</strong></span> <span class='ocrx_word' id='word_1_79' title='bbox 824 1259 1088 1326; x_wconf 87' lang='lat' dir='ltr'><strong>nobisque</strong></span> <span class='ocrx_word' id='word_1_80' title='bbox 1123 1258 1409 1324; x_wconf 63' lang='lat' dir='ltr'><strong>praeiturus</strong></span> <span class='ocrx_word' id='word_1_81' title='bbox 1446 1265 1548 1314; x_wconf 90' lang='lat' dir='ltr'><strong>est,</strong></span> <span class='ocrx_word' id='word_1_82' title='bbox 1575 1262 1628 1305; x_wconf 89' lang='lat' dir='ltr'><strong>ct</strong></span> <span class='ocrx_word' id='word_1_83' title='bbox 1661 1241 1970 1304; x_wconf 82' lang='lat' dir='ltr'><strong>directurus</strong></span> <span class='ocrx_word' id='word_1_84' title='bbox 1993 1251 2104 1326; x_wconf 82' lang='lat' dir='ltr'><strong>die-</strong></span> 
     </span>
    </p>
   </div>
   <div class='ocr_carea' id='block_1_14' title="bbox 520 1342 2104 1416">
    <p class='ocr_par' dir='ltr' id='par_1_14' title="bbox 520 1342 2104 1416">
     <span class='ocr_line' id='line_1_14' title="bbox 520 1342 2104 1416; baseline -0.008 -9"><span class='ocrx_word' id='word_1_85' title='bbox 520 1353 720 1407; x_wconf 88' lang='lat' dir='ltr'><strong>tionem</strong></span> <span class='ocrx_word' id='word_1_86' title='bbox 762 1359 1027 1404; x_wconf 82' lang='lat' dir='ltr'><strong>nostram.</strong></span> <span class='ocrx_word' id='word_1_87' title='bbox 1063 1347 1235 1402; x_wconf 82' lang='lat' dir='ltr'><strong>Verba</strong></span> <span class='ocrx_word' id='word_1_88' title='bbox 1283 1347 1448 1416; x_wconf 79' lang='lat' dir='ltr'><strong>igitur</strong></span> <span class='ocrx_word' id='word_1_89' title='bbox 1501 1345 1700 1414; x_wconf 73' lang='lat' dir='ltr'><strong>Quibus</strong></span> <span class='ocrx_word' id='word_1_90' title='bbox 1763 1342 1939 1396; x_wconf 79' lang='lat' dir='ltr'><strong>Moses</strong></span> <span class='ocrx_word' id='word_1_91' title='bbox 1979 1358 2104 1412; x_wconf 92' lang='lat' dir='ltr'><strong>pro-</strong></span> 
     </span>
    </p>
   </div>
   <div class='ocr_carea' id='block_1_15' title="bbox 522 1435 2102 1513">
    <p class='ocr_par' dir='ltr' id='par_1_15' title="bbox 522 1435 2102 1513">
     <span class='ocr_line' id='line_1_15' title="bbox 522 1435 2102 1513; baseline -0.007 -16"><span class='ocrx_word' id='word_1_92' title='bbox 522 1447 683 1513; x_wconf 79' lang='lat' dir='ltr'><strong>pheta</strong></span> <span class='ocrx_word' id='word_1_93' title='bbox 719 1446 785 1496; x_wconf 90' lang='lat' dir='ltr'><strong>de</strong></span> <span class='ocrx_word' id='word_1_94' title='bbox 831 1444 1083 1512; x_wconf 84' lang='lat' dir='ltr'><strong>paradiso</strong></span> <span class='ocrx_word' id='word_1_95' title='bbox 1129 1441 1312 1494; x_wconf 87' lang='lat' dir='ltr'><strong>dicere</strong></span> <span class='ocrx_word' id='word_1_96' title='bbox 1339 1449 1495 1494; x_wconf 90' lang='lat' dir='ltr'><strong>ortus</strong></span> <span class='ocrx_word' id='word_1_97' title='bbox 1526 1449 1628 1500; x_wconf 83' lang='lat' dir='ltr'><strong>est,</strong></span> <span class='ocrx_word' id='word_1_98' title='bbox 1664 1438 1780 1491; x_wconf 76' lang='lat' dir='ltr'><strong>haec</strong></span> <span class='ocrx_word' id='word_1_99' title='bbox 1825 1445 1951 1490; x_wconf 86' lang='lat' dir='ltr'><strong>sunt</strong></span> <span class='ocrx_word' id='word_1_100' title='bbox 1984 1454 1997 1489; x_wconf 90' lang='lat'><strong>:</strong></span> <span class='ocrx_word' id='word_1_101' title='bbox 2034 1435 2102 1486; x_wconf 80' lang='lat' dir='ltr'><strong>Et</strong></span> 
     </span>
    </p>
   </div>
   <div class='ocr_carea' id='block_1_16' title="bbox 521 1527 2103 1604">
    <p class='ocr_par' dir='ltr' id='par_1_16' title="bbox 521 1527 2103 1604">
     <span class='ocr_line' id='line_1_16' title="bbox 521 1527 2103 1604; baseline -0.004 -19"><span class='ocrx_word' id='word_1_102' title='bbox 521 1537 853 1604; x_wconf 75' lang='lat' dir='ltr'><strong>plantat-erat</strong></span> <span class='ocrx_word' id='word_1_103' title='bbox 890 1533 1149 1585; x_wconf 75' lang='lat' dir='ltr'><strong>Dominus</strong></span> <span class='ocrx_word' id='word_1_104' title='bbox 1203 1530 1344 1585; x_wconf 85' lang='lat' dir='ltr'><strong>Dens</strong></span> <span class='ocrx_word' id='word_1_105' title='bbox 1397 1531 1706 1599; x_wconf 77' lang='lat' dir='ltr'><strong>paradisum</strong></span> <span class='ocrx_word' id='word_1_106' title='bbox 1759 1530 1809 1581; x_wconf 87' lang='lat' dir='ltr'><strong>in</strong></span> <span class='ocrx_word' id='word_1_107' title='bbox 1846 1527 1990 1580; x_wconf 80' lang='lat' dir='ltr'><strong>Eden</strong></span> <span class='ocrx_word' id='word_1_108' title='bbox 2041 1527 2103 1579; x_wconf 86' lang='lat' dir='ltr'><strong>ob</strong></span> 
     </span>
    </p>
   </div>
   <div class='ocr_carea' id='block_1_17' title="bbox 522 1620 2105 1695">
    <p class='ocr_par' dir='ltr' id='par_1_17' title="bbox 522 1620 2105 1695">
     <span class='ocr_line' id='line_1_17' title="bbox 522 1620 2105 1695; baseline -0.002 -18"><span class='ocrx_word' id='word_1_109' title='bbox 522 1627 678 1678; x_wconf 77' lang='lat' dir='ltr'><strong>initio</strong></span> <span class='ocrx_word' id='word_1_110' title='bbox 707 1642 724 1679; x_wconf 93' lang='lat'><strong><em>:</em></strong></span> <span class='ocrx_word' id='word_1_111' title='bbox 759 1627 928 1695; x_wconf 81' lang='lat' dir='ltr'><strong>ibique</strong></span> <span class='ocrx_word' id='word_1_112' title='bbox 958 1626 1136 1694; x_wconf 80' lang='lat' dir='ltr'><strong>posuit</strong></span> <span class='ocrx_word' id='word_1_113' title='bbox 1191 1625 1457 1676; x_wconf 82' lang='lat' dir='ltr'><strong>Adantum</strong></span> <span class='ocrx_word' id='word_1_114' title='bbox 1486 1639 1636 1692; x_wconf 85' lang='lat' dir='ltr'><strong>quem</strong></span> <span class='ocrx_word' id='word_1_115' title='bbox 1668 1622 1897 1689; x_wconf 72' lang='lat' dir='ltr'><strong>ﬁnxerat</strong></span> <span class='ocrx_word' id='word_1_116' title='bbox 1931 1623 1973 1675; x_wconf 80' lang='lat'><strong>’.</strong></span> <span class='ocrx_word' id='word_1_117' title='bbox 2001 1620 2105 1674; x_wconf 82' lang='lat' dir='ltr'><strong>Sed</strong></span> 
     </span>
    </p>
   </div>
   <div class='ocr_carea' id='block_1_18' title="bbox 524 1715 2106 1787">
    <p class='ocr_par' dir='ltr' id='par_1_18' title="bbox 524 1715 2106 1787">
     <span class='ocr_line' id='line_1_18' title="bbox 524 1715 2106 1787; baseline -0.003 -17"><span class='ocrx_word' id='word_1_118' title='bbox 524 1720 839 1787; x_wconf 74' lang='lat' dir='ltr'><strong>priusquam</strong></span> <span class='ocrx_word' id='word_1_119' title='bbox 908 1718 1048 1770; x_wconf 89' lang='lat' dir='ltr'><strong>beati</strong></span> <span class='ocrx_word' id='word_1_120' title='bbox 1081 1715 1248 1769; x_wconf 79' lang='lat' dir='ltr'><strong>Musis</strong></span> <span class='ocrx_word' id='word_1_121' title='bbox 1281 1715 1441 1768; x_wconf 86' lang='lat' dir='ltr'><strong>verba</strong></span> <span class='ocrx_word' id='word_1_122' title='bbox 1473 1715 1830 1782; x_wconf 76' lang='lat' dir='ltr'><strong>explicemus,</strong></span> <span class='ocrx_word' id='word_1_123' title='bbox 1860 1725 2106 1782; x_wconf 90' lang='lat' dir='ltr'><strong>pertrac-</strong></span> 
     </span>
    </p>
   </div>
   <div class='ocr_carea' id='block_1_19' title="bbox 527 1806 2099 1876">
    <p class='ocr_par' dir='ltr' id='par_1_19' title="bbox 527 1806 2099 1876">
     <span class='ocr_line' id='line_1_19' title="bbox 527 1806 2099 1876; baseline -0.004 -12"><span class='ocrx_word' id='word_1_124' title='bbox 527 1816 685 1864; x_wconf 80' lang='lat' dir='ltr'><strong>tanda</strong></span> <span class='ocrx_word' id='word_1_125' title='bbox 717 1812 872 1862; x_wconf 90' lang='lat' dir='ltr'><strong>nobis</strong></span> <span class='ocrx_word' id='word_1_126' title='bbox 897 1819 1025 1862; x_wconf 90' lang='lat' dir='ltr'><strong>sunt</strong></span> <span class='ocrx_word' id='word_1_127' title='bbox 1061 1810 1114 1860; x_wconf 91' lang='lat' dir='ltr'><strong>in</strong></span> <span class='ocrx_word' id='word_1_128' title='bbox 1168 1810 1266 1862; x_wconf 89' lang='lat' dir='ltr'><strong>bac</strong></span> <span class='ocrx_word' id='word_1_129' title='bbox 1300 1808 1468 1876; x_wconf 86' lang='lat' dir='ltr'><strong>prima</strong></span> <span class='ocrx_word' id='word_1_130' title='bbox 1504 1806 1898 1861; x_wconf 87' lang='lat' dir='ltr'><strong>Commentarii</strong></span> <span class='ocrx_word' id='word_1_131' title='bbox 1927 1806 2099 1860; x_wconf 88' lang='lat' dir='ltr'><strong>nostri</strong></span> 
     </span>
    </p>
   </div>
   <div class='ocr_carea' id='block_1_20' title="bbox 525 1896 2110 1968">
    <p class='ocr_par' dir='ltr' id='par_1_20' title="bbox 525 1896 2110 1968">
     <span class='ocr_line' id='line_1_20' title="bbox 525 1896 2110 1968; baseline -0.002 -17"><span class='ocrx_word' id='word_1_132' title='bbox 525 1913 699 1968; x_wconf 90' lang='lat' dir='ltr'><strong>parte,</strong></span> <span class='ocrx_word' id='word_1_133' title='bbox 740 1901 927 1968; x_wconf 75' lang='lat' dir='ltr'><strong>viginti</strong></span> <span class='ocrx_word' id='word_1_134' title='bbox 965 1907 1172 1968; x_wconf 84' lang='lat' dir='ltr'><strong>septem</strong></span> <span class='ocrx_word' id='word_1_135' title='bbox 1204 1906 1650 1967; x_wconf 76' lang='lat' dir='ltr'><strong>argumentorum</strong></span> <span class='ocrx_word' id='word_1_136' title='bbox 1683 1897 1862 1966; x_wconf 86' lang='lat' dir='ltr'><strong>capita</strong></span> <span class='ocrx_word' id='word_1_137' title='bbox 1895 1896 1946 1949; x_wconf 90' lang='lat' dir='ltr'><strong>in</strong></span> <span class='ocrx_word' id='word_1_138' title='bbox 1969 1911 2110 1964; x_wconf 89' lang='lat' dir='ltr'><strong>quo-</strong></span> 
     </span>
    </p>
   </div>
   <div class='ocr_carea' id='block_1_21' title="bbox 525 1991 2107 2061">
    <p class='ocr_par' dir='ltr' id='par_1_21' title="bbox 525 1991 2107 2061">
     <span class='ocr_line' id='line_1_21' title="bbox 525 1991 2107 2061; baseline -0.001 -17"><span class='ocrx_word' id='word_1_139' title='bbox 525 2009 643 2045; x_wconf 88' lang='lat' dir='ltr'><strong>rttm</strong></span> <span class='ocrx_word' id='word_1_140' title='bbox 689 1993 867 2060; x_wconf 82' lang='lat' dir='ltr'><strong>primo</strong></span> <span class='ocrx_word' id='word_1_141' title='bbox 895 2001 1086 2061; x_wconf 77' lang='lat' dir='ltr'><strong>agetur</strong></span> <span class='ocrx_word' id='word_1_142' title='bbox 1124 2011 1138 2046; x_wconf 89' lang='lat'><strong>:</strong></span> <span class='ocrx_word' id='word_1_143' title='bbox 1172 1991 1329 2045; x_wconf 86' lang='lat' dir='ltr'><strong>Sitne</strong></span> <span class='ocrx_word' id='word_1_144' title='bbox 1350 1991 1640 2060; x_wconf 84' lang='lat' dir='ltr'><strong>paradisus</strong></span> <span class='ocrx_word' id='word_1_145' title='bbox 1671 2006 1760 2043; x_wconf 89' lang='lat' dir='ltr'><strong>res</strong></span> <span class='ocrx_word' id='word_1_146' title='bbox 1799 1999 2107 2058; x_wconf 88' lang='lat' dir='ltr'><strong>corporata,</strong></span> 
     </span>
    </p>
   </div>
   <div class='ocr_carea' id='block_1_22' title="bbox 524 2081 2111 2152">
    <p class='ocr_par' dir='ltr' id='par_1_22' title="bbox 524 2081 2111 2152">
     <span class='ocr_line' id='line_1_22' title="bbox 524 2081 2111 2152; baseline -0.003 -14"><span class='ocrx_word' id='word_1_147' title='bbox 524 2104 591 2138; x_wconf 86' lang='lat' dir='ltr'><strong>an</strong></span> <span class='ocrx_word' id='word_1_148' title='bbox 630 2099 762 2138; x_wconf 86' lang='lat' dir='ltr'><strong>vero</strong></span> <span class='ocrx_word' id='word_1_149' title='bbox 833 2085 1117 2152; x_wconf 69' lang='lat' dir='ltr'><strong>spiritalis.</strong></span> <span class='ocrx_word' id='word_1_150' title='bbox 1180 2085 1454 2147; x_wconf 82' lang='lat' dir='ltr'><strong>Secundo,</strong></span> <span class='ocrx_word' id='word_1_151' title='bbox 1490 2082 1809 2136; x_wconf 86' lang='lat' dir='ltr'><strong>ostendetur</strong></span> <span class='ocrx_word' id='word_1_152' title='bbox 1859 2081 1983 2148; x_wconf 90' lang='lat' dir='ltr'><strong>quis</strong></span> <span class='ocrx_word' id='word_1_153' title='bbox 2041 2081 2111 2134; x_wconf 91' lang='lat' dir='ltr'><strong>sit</strong></span> 
     </span>
    </p>
   </div>
   <div class='ocr_carea' id='block_1_23' title="bbox 521 2169 2109 2244">
    <p class='ocr_par' dir='ltr' id='par_1_23' title="bbox 521 2169 2109 2244">
     <span class='ocr_line' id='line_1_23' title="bbox 521 2169 2109 2244; baseline -0.004 -16"><span class='ocrx_word' id='word_1_154' title='bbox 521 2186 847 2240; x_wconf 88' lang='lat' dir='ltr'><strong>corporattts</strong></span> <span class='ocrx_word' id='word_1_155' title='bbox 873 2177 1179 2244; x_wconf 87' lang='lat' dir='ltr'><strong>paradisus,</strong></span> <span class='ocrx_word' id='word_1_156' title='bbox 1195 2184 1249 2228; x_wconf 90' lang='lat' dir='ltr'><strong>et</strong></span> <span class='ocrx_word' id='word_1_157' title='bbox 1280 2171 1708 2243; x_wconf 64' lang='lat' dir='ltr'><strong>quisfspiritalis.</strong></span> <span class='ocrx_word' id='word_1_158' title='bbox 1737 2169 1948 2234; x_wconf 88' lang='lat' dir='ltr'><strong>Tertio,</strong></span> <span class='ocrx_word' id='word_1_159' title='bbox 1980 2186 2109 2238; x_wconf 85' lang='lat' dir='ltr'><strong>pro-</strong></span> 
     </span>
    </p>
   </div>
   <div class='ocr_carea' id='block_1_24' title="bbox 525 2261 2107 2329">
    <p class='ocr_par' dir='ltr' id='par_1_24' title="bbox 525 2261 2107 2329">
     <span class='ocr_line' id='line_1_24' title="bbox 525 2261 2107 2329; baseline -0.003 -7"><span class='ocrx_word' id='word_1_160' title='bbox 525 2269 743 2322; x_wconf 87' lang='lat' dir='ltr'><strong>babitttr</strong></span> <span class='ocrx_word' id='word_1_161' title='bbox 766 2279 1200 2323; x_wconf 87' lang='lat' dir='ltr'><strong>consentaneum</strong></span> <span class='ocrx_word' id='word_1_162' title='bbox 1229 2283 1371 2329; x_wconf 89' lang='lat' dir='ltr'><strong>esse,</strong></span> <span class='ocrx_word' id='word_1_163' title='bbox 1408 2277 1469 2319; x_wconf 93' lang='lat' dir='ltr'><strong>ut</strong></span> <span class='ocrx_word' id='word_1_164' title='bbox 1506 2266 1628 2318; x_wconf 89' lang='lat' dir='ltr'><strong>libri</strong></span> <span class='ocrx_word' id='word_1_165' title='bbox 1667 2262 1877 2318; x_wconf 85' lang='lat' dir='ltr'><strong>Veteris</strong></span> <span class='ocrx_word' id='word_1_166' title='bbox 1914 2261 2107 2317; x_wconf 84' lang='lat' dir='ltr'><strong>Testa-</strong></span> 
     </span>
    </p>
   </div>
   <div class='ocr_carea' id='block_1_25' title="bbox 529 2357 2110 2431">
    <p class='ocr_par' dir='ltr' id='par_1_25' title="bbox 529 2357 2110 2431">
     <span class='ocr_line' id='line_1_25' title="bbox 529 2357 2110 2431; baseline -0.003 -17"><span class='ocrx_word' id='word_1_167' title='bbox 529 2361 695 2416; x_wconf 86' lang='lat' dir='ltr'><strong>menti</strong></span> <span class='ocrx_word' id='word_1_168' title='bbox 733 2363 1160 2431; x_wconf 84' lang='lat' dir='ltr'><strong>interpretentur</strong></span> <span class='ocrx_word' id='word_1_169' title='bbox 1192 2375 1301 2414; x_wconf 90' lang='lat' dir='ltr'><strong>non</strong></span> <span class='ocrx_word' id='word_1_170' title='bbox 1342 2360 1517 2414; x_wconf 88' lang='lat' dir='ltr'><strong>solum</strong></span> <span class='ocrx_word' id='word_1_171' title='bbox 1539 2359 1702 2413; x_wconf 89' lang='lat' dir='ltr'><strong>rebus</strong></span> <span class='ocrx_word' id='word_1_172' title='bbox 1739 2357 1892 2426; x_wconf 88' lang='lat' dir='ltr'><strong>ipsis,</strong></span> <span class='ocrx_word' id='word_1_173' title='bbox 1923 2373 2110 2410; x_wconf 86' lang='lat' dir='ltr'><strong>verum</strong></span> 
     </span>
    </p>
   </div>
   <div class='ocr_carea' id='block_1_26' title="bbox 523 2451 2110 2524">
    <p class='ocr_par' dir='ltr' id='par_1_26' title="bbox 523 2451 2110 2524">
     <span class='ocr_line' id='line_1_26' title="bbox 523 2451 2110 2524; baseline -0.001 -20"><span class='ocrx_word' id='word_1_174' title='bbox 523 2457 686 2507; x_wconf 80' lang='lat' dir='ltr'><strong>etiam</strong></span> <span class='ocrx_word' id='word_1_175' title='bbox 716 2454 946 2524; x_wconf 83' lang='lat' dir='ltr'><strong>mystice</strong></span> <span class='ocrx_word' id='word_1_176' title='bbox 967 2463 1020 2507; x_wconf 88' lang='lat' dir='ltr'><strong>et</strong></span> <span class='ocrx_word' id='word_1_177' title='bbox 1053 2451 1545 2523; x_wconf 79' lang='lat' dir='ltr'><strong>ligurate.Quarto,</strong></span> <span class='ocrx_word' id='word_1_178' title='bbox 1571 2452 1954 2516; x_wconf 86' lang='lat' dir='ltr'><strong>dcclarabttur,</strong></span> <span class='ocrx_word' id='word_1_179' title='bbox 1982 2466 2110 2503; x_wconf 86' lang='lat' dir='ltr'><strong>num</strong></span> 
     </span>
    </p>
   </div>
   <div class='ocr_carea' id='block_1_27' title="bbox 524 2539 2113 2610">
    <p class='ocr_par' dir='ltr' id='par_1_27' title="bbox 524 2539 2113 2610">
     <span class='ocr_line' id='line_1_27' title="bbox 524 2539 2113 2610; baseline -0.004 -14"><span class='ocrx_word' id='word_1_180' title='bbox 524 2542 592 2596; x_wconf 90' lang='lat' dir='ltr'><strong>de</strong></span> <span class='ocrx_word' id='word_1_181' title='bbox 633 2557 691 2595; x_wconf 89' lang='lat' dir='ltr'><strong>re</strong></span> <span class='ocrx_word' id='word_1_182' title='bbox 726 2542 840 2610; x_wconf 89' lang='lat' dir='ltr'><strong>ipsa</strong></span> <span class='ocrx_word' id='word_1_183' title='bbox 895 2551 1204 2610; x_wconf 85' lang='lat' dir='ltr'><strong>corp0rata,</strong></span> <span class='ocrx_word' id='word_1_184' title='bbox 1241 2559 1307 2593; x_wconf 80' lang='lat' dir='ltr'><strong>an</strong></span> <span class='ocrx_word' id='word_1_185' title='bbox 1339 2556 1463 2592; x_wconf 74' lang='lat' dir='ltr'><strong>vero</strong></span> <span class='ocrx_word' id='word_1_186' title='bbox 1492 2540 1724 2607; x_wconf 83' lang='lat' dir='ltr'><strong>mystico</strong></span> <span class='ocrx_word' id='word_1_187' title='bbox 1758 2539 1921 2590; x_wconf 91' lang='lat' dir='ltr'><strong>modo</strong></span> <span class='ocrx_word' id='word_1_188' title='bbox 1957 2553 2113 2607; x_wconf 89' lang='lat' dir='ltr'><strong>para-</strong></span> 
     </span>
    </p>
   </div>
   <div class='ocr_carea' id='block_1_28' title="bbox 525 2627 2115 2699">
    <p class='ocr_par' dir='ltr' id='par_1_28' title="bbox 525 2627 2115 2699">
     <span class='ocr_line' id='line_1_28' title="bbox 525 2627 2115 2699; baseline -0.002 -15"><span class='ocrx_word' id='word_1_189' title='bbox 525 2633 679 2685; x_wconf 89' lang='lat' dir='ltr'><strong>disus</strong></span> <span class='ocrx_word' id='word_1_190' title='bbox 711 2631 947 2699; x_wconf 88' lang='lat' dir='ltr'><strong>primum</strong></span> <span class='ocrx_word' id='word_1_191' title='bbox 982 2632 1051 2684; x_wconf 88' lang='lat' dir='ltr'><strong>sit</strong></span> <span class='ocrx_word' id='word_1_192' title='bbox 1072 2631 1448 2698; x_wconf 82' lang='lat' dir='ltr'><strong>explicandus.</strong></span> <span class='ocrx_word' id='word_1_193' title='bbox 1480 2627 1707 2694; x_wconf 80' lang='lat' dir='ltr'><strong>Quinto,</strong></span> <span class='ocrx_word' id='word_1_194' title='bbox 1747 2629 1982 2692; x_wconf 86' lang='lat' dir='ltr'><strong>dicetur,</strong></span> <span class='ocrx_word' id='word_1_195' title='bbox 2005 2644 2115 2695; x_wconf 90' lang='lat' dir='ltr'><strong>quo</strong></span> 
     </span>
    </p>
   </div>
   <div class='ocr_carea' id='block_1_29' title="bbox 526 2721 2115 2790">
    <p class='ocr_par' dir='ltr' id='par_1_29' title="bbox 526 2721 2115 2790">
     <span class='ocr_line' id='line_1_29' title="bbox 526 2721 2115 2790; baseline -0.001 -17"><span class='ocrx_word' id='word_1_196' title='bbox 526 2727 618 2777; x_wconf 86' lang='lat' dir='ltr'><strong>die</strong></span> <span class='ocrx_word' id='word_1_197' title='bbox 656 2725 800 2778; x_wconf 88' lang='lat' dir='ltr'><strong>inter</strong></span> <span class='ocrx_word' id='word_1_198' title='bbox 841 2722 966 2776; x_wconf 92' lang='lat' dir='ltr'><strong>illos</strong></span> <span class='ocrx_word' id='word_1_199' title='bbox 1008 2738 1101 2775; x_wconf 87' lang='lat' dir='ltr'><strong>sex</strong></span> <span class='ocrx_word' id='word_1_200' title='bbox 1128 2723 1244 2775; x_wconf 76' lang='lat' dir='ltr'><strong>dies</strong></span> <span class='ocrx_word' id='word_1_201' title='bbox 1277 2723 1477 2790; x_wconf 85' lang='lat' dir='ltr'><strong>quibus</strong></span> <span class='ocrx_word' id='word_1_202' title='bbox 1515 2721 1760 2774; x_wconf 85' lang='lat' dir='ltr'><strong>condidit</strong></span> <span class='ocrx_word' id='word_1_203' title='bbox 1795 2721 1934 2774; x_wconf 88' lang='lat' dir='ltr'><strong>Deus</strong></span> <span class='ocrx_word' id='word_1_204' title='bbox 1975 2721 2115 2772; x_wconf 90' lang='lat' dir='ltr'><strong>hanc</strong></span> 
     </span>
    </p>
   </div>
   <div class='ocr_carea' id='block_1_30' title="bbox 529 2813 2116 2886">
    <p class='ocr_par' dir='ltr' id='par_1_30' title="bbox 529 2813 2116 2886">
     <span class='ocr_line' id='line_1_30' title="bbox 529 2813 2116 2886; baseline -0.003 -16"><span class='ocrx_word' id='word_1_205' title='bbox 529 2819 838 2872; x_wconf 78' lang='lat' dir='ltr'><strong>machinam</strong></span> <span class='ocrx_word' id='word_1_206' title='bbox 877 2813 1223 2886; x_wconf 80' lang='lat' dir='ltr'><strong>corporatam</strong></span> <span class='ocrx_word' id='word_1_207' title='bbox 1254 2826 1414 2884; x_wconf 86' lang='lat' dir='ltr'><strong>atque</strong></span> <span class='ocrx_word' id='word_1_208' title='bbox 1446 2817 1856 2884; x_wconf 85' lang='lat' dir='ltr'><strong>aspcctabilcm,</strong></span> <span class='ocrx_word' id='word_1_209' title='bbox 1885 2816 1957 2869; x_wconf 87' lang='lat' dir='ltr'><strong>sit</strong></span> <span class='ocrx_word' id='word_1_210' title='bbox 1986 2830 2116 2869; x_wconf 91' lang='lat' dir='ltr'><strong>con—</strong></span> 
     </span>
    </p>
   </div>
   <div class='ocr_carea' id='block_1_31' title="bbox 526 2905 2109 2978">
    <p class='ocr_par' dir='ltr' id='par_1_31' title="bbox 526 2905 2109 2978">
     <span class='ocr_line' id='line_1_31' title="bbox 526 2905 2109 2978; baseline -0.001 -16"><span class='ocrx_word' id='word_1_211' title='bbox 526 2911 673 2963; x_wconf 79' lang='lat' dir='ltr'><strong>ditus</strong></span> <span class='ocrx_word' id='word_1_212' title='bbox 706 2910 993 2978; x_wconf 86' lang='lat' dir='ltr'><strong>paradisus</strong></span> <span class='ocrx_word' id='word_1_213' title='bbox 1028 2924 1346 2975; x_wconf 87' lang='lat' dir='ltr'><strong>corporeus.</strong></span> <span class='ocrx_word' id='word_1_214' title='bbox 1385 2905 1574 2972; x_wconf 87' lang='lat' dir='ltr'><strong>Sexto,</strong></span> <span class='ocrx_word' id='word_1_215' title='bbox 1619 2909 1892 2976; x_wconf 86' lang='lat' dir='ltr'><strong>aperietur</strong></span> <span class='ocrx_word' id='word_1_216' title='bbox 1944 2922 2109 2962; x_wconf 86' lang='lat' dir='ltr'><strong>causa</strong></span> 
     </span>
    </p>
   </div>
   <div class='ocr_carea' id='block_1_32' title="bbox 517 2999 2116 3070">
    <p class='ocr_par' dir='ltr' id='par_1_32' title="bbox 517 2999 2116 3070">
     <span class='ocr_line' id='line_1_32' title="bbox 517 2999 2116 3070; baseline 0.001 -17"><span class='ocrx_word' id='word_1_217' title='bbox 517 3002 600 3055; x_wconf 83' lang='lat' dir='ltr'><strong>ob</strong></span> <span class='ocrx_word' id='word_1_218' title='bbox 621 3017 784 3070; x_wconf 89' lang='lat' dir='ltr'><strong>quam</strong></span> <span class='ocrx_word' id='word_1_219' title='bbox 820 3000 1065 3055; x_wconf 87' lang='lat' dir='ltr'><strong>condidit</strong></span> <span class='ocrx_word' id='word_1_220' title='bbox 1107 2999 1246 3054; x_wconf 87' lang='lat' dir='ltr'><strong>Deus</strong></span> <span class='ocrx_word' id='word_1_221' title='bbox 1285 3002 1449 3053; x_wconf 90' lang='lat' dir='ltr'><strong>istum</strong></span> <span class='ocrx_word' id='word_1_222' title='bbox 1505 3010 1853 3070; x_wconf 82' lang='lat' dir='ltr'><strong>corporatura</strong></span> <span class='ocrx_word' id='word_1_223' title='bbox 1909 3001 2116 3069; x_wconf 86' lang='lat' dir='ltr'><strong>paradi-</strong></span> 
     </span>
    </p>
   </div>
   <div class='ocr_carea' id='block_1_33' title="bbox 529 3091 2110 3162">
    <p class='ocr_par' dir='ltr' id='par_1_33' title="bbox 529 3091 2110 3162">
     <span class='ocr_line' id='line_1_33' title="bbox 529 3091 2110 3162; baseline -0.002 -16"><span class='ocrx_word' id='word_1_224' title='bbox 529 3110 673 3147; x_wconf 88' lang='lat' dir='ltr'><strong>sutn.</strong></span> <span class='ocrx_word' id='word_1_225' title='bbox 735 3091 1006 3162; x_wconf 86' lang='lat' dir='ltr'><strong>Septimo,</strong></span> <span class='ocrx_word' id='word_1_226' title='bbox 1047 3093 1521 3162; x_wconf 77' lang='lat' dir='ltr'><strong>pervestigabitur,</strong></span> <span class='ocrx_word' id='word_1_227' title='bbox 1551 3094 1692 3147; x_wconf 86' lang='lat' dir='ltr'><strong>sitne</strong></span> <span class='ocrx_word' id='word_1_228' title='bbox 1749 3093 2110 3162; x_wconf 86' lang='lat' dir='ltr'><strong>paradisusin</strong></span> 
     </span>
    </p>
   </div>
   <div class='ocr_carea' id='block_1_34' title="bbox 527 3186 2114 3254">
    <p class='ocr_par' dir='ltr' id='par_1_34' title="bbox 527 3186 2114 3254">
     <span class='ocr_line' id='line_1_34' title="bbox 527 3186 2114 3254; baseline -0.001 -15"><span class='ocrx_word' id='word_1_229' title='bbox 527 3187 686 3251; x_wconf 71' lang='lat' dir='ltr'><strong>cmlo,</strong></span> <span class='ocrx_word' id='word_1_230' title='bbox 713 3202 778 3238; x_wconf 89' lang='lat' dir='ltr'><strong>an</strong></span> <span class='ocrx_word' id='word_1_231' title='bbox 814 3187 867 3239; x_wconf 91' lang='lat' dir='ltr'><strong>itt</strong></span> <span class='ocrx_word' id='word_1_232' title='bbox 897 3186 1076 3240; x_wconf 88' lang='lat' dir='ltr'><strong>terris.</strong></span> <span class='ocrx_word' id='word_1_233' title='bbox 1099 3187 1324 3252; x_wconf 83' lang='lat' dir='ltr'><strong>Octavo,</strong></span> <span class='ocrx_word' id='word_1_234' title='bbox 1360 3187 1714 3254; x_wconf 70' lang='lat' dir='ltr'><strong>expendetur,</strong></span> <span class='ocrx_word' id='word_1_235' title='bbox 1744 3197 1924 3238; x_wconf 89' lang='lat' dir='ltr'><strong>utrutn</strong></span> <span class='ocrx_word' id='word_1_236' title='bbox 1957 3199 2114 3254; x_wconf 86' lang='lat' dir='ltr'><strong>para-</strong></span> 
     </span>
    </p>
   </div>
   <div class='ocr_carea' id='block_1_35' title="bbox 529 3279 2114 3347">
    <p class='ocr_par' dir='ltr' id='par_1_35' title="bbox 529 3279 2114 3347">
     <span class='ocr_line' id='line_1_35' title="bbox 529 3279 2114 3347; baseline 0.001 -16"><span class='ocrx_word' id='word_1_237' title='bbox 529 3279 685 3333; x_wconf 82' lang='lat' dir='ltr'><strong>disus</strong></span> <span class='ocrx_word' id='word_1_238' title='bbox 715 3279 785 3332; x_wconf 88' lang='lat' dir='ltr'><strong>sit</strong></span> <span class='ocrx_word' id='word_1_239' title='bbox 848 3279 899 3332; x_wconf 91' lang='lat' dir='ltr'><strong>in</strong></span> <span class='ocrx_word' id='word_1_240' title='bbox 944 3279 1047 3332; x_wconf 91' lang='lat' dir='ltr'><strong>hoc</strong></span> <span class='ocrx_word' id='word_1_241' title='bbox 1076 3291 1347 3332; x_wconf 86' lang='lat' dir='ltr'><strong>terrarum</strong></span> <span class='ocrx_word' id='word_1_242' title='bbox 1381 3288 1555 3333; x_wconf 80' lang='lat' dir='ltr'><strong>tractu</strong></span> <span class='ocrx_word' id='word_1_243' title='bbox 1608 3295 1769 3347; x_wconf 88' lang='lat' dir='ltr'><strong>quem</strong></span> <span class='ocrx_word' id='word_1_244' title='bbox 1807 3295 1908 3332; x_wconf 92' lang='lat' dir='ltr'><strong>nos</strong></span> <span class='ocrx_word' id='word_1_245' title='bbox 1949 3279 2114 3332; x_wconf 87' lang='lat' dir='ltr'><strong>habe-</strong></span> 
     </span>
    </p>
   </div>
   <div class='ocr_carea' id='block_1_36' title="bbox 533 3367 2108 3436">
    <p class='ocr_par' dir='ltr' id='par_1_36' title="bbox 533 3367 2108 3436">
     <span class='ocr_line' id='line_1_36' title="bbox 533 3367 2108 3436; baseline -0.003 -15"><span class='ocrx_word' id='word_1_246' title='bbox 533 3385 674 3428; x_wconf 86' lang='lat' dir='ltr'><strong>mus,</strong></span> <span class='ocrx_word' id='word_1_247' title='bbox 708 3384 775 3420; x_wconf 90' lang='lat' dir='ltr'><strong>an</strong></span> <span class='ocrx_word' id='word_1_248' title='bbox 809 3368 863 3420; x_wconf 86' lang='lat' dir='ltr'><strong>iit</strong></span> <span class='ocrx_word' id='word_1_249' title='bbox 896 3369 1024 3421; x_wconf 88' lang='lat' dir='ltr'><strong>alio.</strong></span> <span class='ocrx_word' id='word_1_250' title='bbox 1052 3367 1228 3433; x_wconf 85' lang='lat' dir='ltr'><strong>Nono,</strong></span> <span class='ocrx_word' id='word_1_251' title='bbox 1251 3368 1570 3436; x_wconf 86' lang='lat' dir='ltr'><strong>probabitur</strong></span> <span class='ocrx_word' id='word_1_252' title='bbox 1601 3383 1720 3419; x_wconf 81' lang='lat' dir='ltr'><strong>eam</strong></span> <span class='ocrx_word' id='word_1_253' title='bbox 1756 3367 2108 3436; x_wconf 67' lang='lat' dir='ltr'><strong>terr-tet&#39;egio-</strong></span> 
     </span>
    </p>
   </div>
   <div class='ocr_carea' id='block_1_37' title="bbox 532 3457 2107 3528">
    <p class='ocr_par' dir='ltr' id='par_1_37' title="bbox 532 3457 2107 3528">
     <span class='ocr_line' id='line_1_37' title="bbox 532 3457 2107 3528; baseline -0.001 -17"><span class='ocrx_word' id='word_1_254' title='bbox 532 3475 654 3512; x_wconf 85' lang='lat' dir='ltr'><strong>trem</strong></span> <span class='ocrx_word' id='word_1_255' title='bbox 691 3460 745 3511; x_wconf 91' lang='lat' dir='ltr'><strong>itt</strong></span> <span class='ocrx_word' id='word_1_256' title='bbox 786 3473 894 3526; x_wconf 90' lang='lat' dir='ltr'><strong>qua</strong></span> <span class='ocrx_word' id='word_1_257' title='bbox 929 3458 1218 3528; x_wconf 81' lang='lat' dir='ltr'><strong>paradisus</strong></span> <span class='ocrx_word' id='word_1_258' title='bbox 1265 3466 1464 3520; x_wconf 77' lang='lat' dir='ltr'><strong>exstat,</strong></span> <span class='ocrx_word' id='word_1_259' title='bbox 1497 3457 1745 3510; x_wconf 88' lang='lat' dir='ltr'><strong>altiorem</strong></span> <span class='ocrx_word' id='word_1_260' title='bbox 1781 3457 2107 3510; x_wconf 85' lang='lat' dir='ltr'><strong>eminentio-</strong></span> 
     </span>
    </p>
   </div>
   <div class='ocr_carea' id='block_1_38' title="bbox 535 3550 2104 3619">
    <p class='ocr_par' dir='ltr' id='par_1_38' title="bbox 535 3550 2104 3619">
     <span class='ocr_line' id='line_1_38' title="bbox 535 3550 2104 3619; baseline 0.001 -17"><span class='ocrx_word' id='word_1_261' title='bbox 535 3565 762 3618; x_wconf 77' lang='lat' dir='ltr'><strong>tetnque</strong></span> <span class='ocrx_word' id='word_1_262' title='bbox 791 3565 916 3603; x_wconf 86' lang='lat' dir='ltr'><strong>esse</strong></span> <span class='ocrx_word' id='word_1_263' title='bbox 951 3551 1050 3603; x_wconf 89' lang='lat' dir='ltr'><strong>hac</strong></span> <span class='ocrx_word' id='word_1_264' title='bbox 1079 3559 1287 3604; x_wconf 77' lang='lat' dir='ltr'><strong>nostra.</strong></span> <span class='ocrx_word' id='word_1_265' title='bbox 1337 3550 1577 3613; x_wconf 85' lang='lat' dir='ltr'><strong>Decimo,</strong></span> <span class='ocrx_word' id='word_1_266' title='bbox 1611 3559 1803 3619; x_wconf 79' lang='lat' dir='ltr'><strong>agetur</strong></span> <span class='ocrx_word' id='word_1_267' title='bbox 1837 3550 1903 3603; x_wconf 91' lang='lat' dir='ltr'><strong>de</strong></span> <span class='ocrx_word' id='word_1_268' title='bbox 1937 3565 2104 3619; x_wconf 78' lang='lat' dir='ltr'><strong>regno</strong></span> 
     </span>
    </p>
   </div>
   <div class='ocr_carea' id='block_1_39' title="bbox 532 3641 2118 3707">
    <p class='ocr_par' dir='ltr' id='par_1_39' title="bbox 532 3641 2118 3707">
     <span class='ocr_line' id='line_1_39' title="bbox 532 3641 2118 3707; baseline 0.001 -11"><span class='ocrx_word' id='word_1_269' title='bbox 532 3643 820 3706; x_wconf 71' lang='lat' dir='ltr'><strong>cmlorum,</strong></span> <span class='ocrx_word' id='word_1_270' title='bbox 856 3643 908 3695; x_wconf 90' lang='lat' dir='ltr'><strong>in</strong></span> <span class='ocrx_word' id='word_1_271' title='bbox 943 3652 1157 3695; x_wconf 90' lang='lat' dir='ltr'><strong>terrane</strong></span> <span class='ocrx_word' id='word_1_272' title='bbox 1189 3651 1344 3694; x_wconf 84' lang='lat' dir='ltr'><strong>srtan</strong></span> <span class='ocrx_word' id='word_1_273' title='bbox 1373 3642 1424 3694; x_wconf 91' lang='lat' dir='ltr'><strong>in</strong></span> <span class='ocrx_word' id='word_1_274' title='bbox 1456 3643 1616 3694; x_wconf 55' lang='lat' dir='ltr'><strong>coelo.</strong></span> <span class='ocrx_word' id='word_1_275' title='bbox 1653 3641 1974 3707; x_wconf 85' lang='lat' dir='ltr'><strong>Undecimo,</strong></span> <span class='ocrx_word' id='word_1_276' title='bbox 2003 3643 2118 3698; x_wconf 85' lang='lat' dir='ltr'><strong>dis-</strong></span> 
     </span>
    </p>
   </div>
   <div class='ocr_carea' id='block_1_40' title="bbox 533 3732 2116 3802">
    <p class='ocr_par' dir='ltr' id='par_1_40' title="bbox 533 3732 2116 3802">
     <span class='ocr_line' id='line_1_40' title="bbox 533 3732 2116 3802; baseline 0.001 -16"><span class='ocrx_word' id='word_1_277' title='bbox 533 3741 768 3798; x_wconf 83' lang='lat' dir='ltr'><strong>seretur,</strong></span> <span class='ocrx_word' id='word_1_278' title='bbox 804 3735 896 3802; x_wconf 89' lang='lat' dir='ltr'><strong>qtti</strong></span> <span class='ocrx_word' id='word_1_279' title='bbox 930 3732 1145 3786; x_wconf 68' lang='lat' dir='ltr'><strong>differat</strong></span> <span class='ocrx_word' id='word_1_280' title='bbox 1178 3749 1402 3797; x_wconf 73' lang='lat' dir='ltr'><strong>regnum</strong></span> <span class='ocrx_word' id='word_1_281' title='bbox 1457 3733 1721 3786; x_wconf 64' lang='lat' dir='ltr'><strong>caelorum</strong></span> <span class='ocrx_word' id='word_1_282' title='bbox 1755 3748 1786 3787; x_wconf 91' lang='lat' dir='ltr'><strong>a</strong></span> <span class='ocrx_word' id='word_1_283' title='bbox 1839 3735 2116 3802; x_wconf 89' lang='lat' dir='ltr'><strong>paradiso.</strong></span> 
     </span>
    </p>
   </div>
   <div class='ocr_carea' id='block_1_41' title="bbox 537 3821 2121 3891">
    <p class='ocr_par' dir='ltr' id='par_1_41' title="bbox 537 3821 2121 3891">
     <span class='ocr_line' id='line_1_41' title="bbox 537 3821 2121 3891; baseline 0.003 -19"><span class='ocrx_word' id='word_1_284' title='bbox 537 3821 901 3886; x_wconf 81' lang='lat' dir='ltr'><strong>Duodecituo,</strong></span> <span class='ocrx_word' id='word_1_285' title='bbox 939 3821 1265 3876; x_wconf 86' lang='lat' dir='ltr'><strong>tractabitur</strong></span> <span class='ocrx_word' id='word_1_286' title='bbox 1303 3832 1483 3875; x_wconf 90' lang='lat' dir='ltr'><strong>utrum</strong></span> <span class='ocrx_word' id='word_1_287' title='bbox 1544 3823 1832 3891; x_wconf 87' lang='lat' dir='ltr'><strong>paradisus</strong></span> <span class='ocrx_word' id='word_1_288' title='bbox 1892 3823 2121 3878; x_wconf 81' lang='lat' dir='ltr'><strong>exsistat</strong></span> 
     </span>
    </p>
   </div>
   <div class='ocr_carea' id='block_1_42' title="bbox 537 3914 2118 3979">
    <p class='ocr_par' dir='ltr' id='par_1_42' title="bbox 537 3914 2118 3979">
     <span class='ocr_line' id='line_1_42' title="bbox 537 3914 2118 3979; baseline 0.001 -13"><span class='ocrx_word' id='word_1_289' title='bbox 537 3915 680 3968; x_wconf 85' lang='lat' dir='ltr'><strong>intra</strong></span> <span class='ocrx_word' id='word_1_290' title='bbox 730 3914 919 3968; x_wconf 87' lang='lat' dir='ltr'><strong>orbem</strong></span> <span class='ocrx_word' id='word_1_291' title='bbox 959 3923 1228 3968; x_wconf 89' lang='lat' dir='ltr'><strong>terrarum</strong></span> <span class='ocrx_word' id='word_1_292' title='bbox 1281 3914 1654 3979; x_wconf 84' lang='lat' dir='ltr'><strong>habitabilem,</strong></span> <span class='ocrx_word' id='word_1_293' title='bbox 1689 3929 1760 3968; x_wconf 90' lang='lat' dir='ltr'><strong>an</strong></span> <span class='ocrx_word' id='word_1_294' title='bbox 1790 3925 1944 3968; x_wconf 75' lang='lat' dir='ltr'><strong>extra</strong></span> <span class='ocrx_word' id='word_1_295' title='bbox 1968 3930 2118 3968; x_wconf 86' lang='lat' dir='ltr'><strong>eum.</strong></span> 
     </span>
    </p>
   </div>
   <div class='ocr_carea' id='block_1_43' title="bbox 537 4006 2128 4076">
    <p class='ocr_par' dir='ltr' id='par_1_43' title="bbox 537 4006 2128 4076">
     <span class='ocr_line' id='line_1_43' title="bbox 537 4006 2128 4076; baseline 0.001 -19"><span class='ocrx_word' id='word_1_296' title='bbox 537 4006 758 4059; x_wconf 83' lang='lat' dir='ltr'><strong>Decimo</strong></span> <span class='ocrx_word' id='word_1_297' title='bbox 791 4007 970 4071; x_wconf 89' lang='lat' dir='ltr'><strong>tertio,</strong></span> <span class='ocrx_word' id='word_1_298' title='bbox 1001 4007 1052 4058; x_wconf 92' lang='lat' dir='ltr'><strong>in</strong></span> <span class='ocrx_word' id='word_1_299' title='bbox 1078 4023 1182 4074; x_wconf 81' lang='lat' dir='ltr'><strong>qua</strong></span> <span class='ocrx_word' id='word_1_300' title='bbox 1209 4006 1426 4059; x_wconf 88' lang='lat' dir='ltr'><strong>tandem</strong></span> <span class='ocrx_word' id='word_1_301' title='bbox 1461 4008 1682 4076; x_wconf 81' lang='lat' dir='ltr'><strong>regione</strong></span> <span class='ocrx_word' id='word_1_302' title='bbox 1704 4012 1778 4060; x_wconf 87' lang='lat' dir='ltr'><strong>sit</strong></span> <span class='ocrx_word' id='word_1_303' title='bbox 1807 4007 2128 4075; x_wconf 66' lang='lat' dir='ltr'><strong>paradisus.</strong></span> 
     </span>
    </p>
   </div>
   <div class='ocr_carea' id='block_1_44' title="bbox 2204 499 3778 566">
    <p class='ocr_par' dir='ltr' id='par_1_44' title="bbox 2204 499 3778 566">
     <span class='ocr_line' id='line_1_44' title="bbox 2204 499 3778 566; baseline -0.013 -1"><span class='ocrx_word' id='word_1_304' title='bbox 2204 510 2614 565; x_wconf 88' lang='lat' dir='ltr'><strong>transmiserint</strong></span> <span class='ocrx_word' id='word_1_305' title='bbox 2651 522 2804 560; x_wconf 88' lang='lat' dir='ltr'><strong>mare</strong></span> <span class='ocrx_word' id='word_1_306' title='bbox 2857 506 3156 564; x_wconf 83' lang='lat' dir='ltr'><strong>Oceanum.</strong></span> <span class='ocrx_word' id='word_1_307' title='bbox 3212 499 3570 566; x_wconf 86' lang='lat' dir='ltr'><strong>venerintque</strong></span> <span class='ocrx_word' id='word_1_308' title='bbox 3613 508 3678 546; x_wconf 88' lang='lat' dir='ltr'><strong>ex</strong></span> <span class='ocrx_word' id='word_1_309' title='bbox 3713 507 3778 545; x_wconf 84' lang='lat' dir='ltr'><strong>ea</strong></span> 
     </span>
    </p>
   </div>
   <div class='ocr_carea' id='block_1_45' title="bbox 2202 589 3787 671">
    <p class='ocr_par' dir='ltr' id='par_1_45' title="bbox 2202 589 3787 671">
     <span class='ocr_line' id='line_1_45' title="bbox 2202 589 3787 671; baseline -0.014 -16"><span class='ocrx_word' id='word_1_310' title='bbox 2202 603 2424 671; x_wconf 64' lang='lat' dir='ltr'><strong>regione</strong></span> <span class='ocrx_word' id='word_1_311' title='bbox 2458 602 2512 653; x_wconf 91' lang='lat' dir='ltr'><strong>iu</strong></span> <span class='ocrx_word' id='word_1_312' title='bbox 2543 613 2649 668; x_wconf 87' lang='lat' dir='ltr'><strong>qua</strong></span> <span class='ocrx_word' id='word_1_313' title='bbox 2713 595 2998 666; x_wconf 86' lang='lat' dir='ltr'><strong>paradisus</strong></span> <span class='ocrx_word' id='word_1_314' title='bbox 3023 602 3127 655; x_wconf 88' lang='lat' dir='ltr'><strong>est,</strong></span> <span class='ocrx_word' id='word_1_315' title='bbox 3187 591 3252 643; x_wconf 88' lang='lat' dir='ltr'><strong>ad</strong></span> <span class='ocrx_word' id='word_1_316' title='bbox 3294 589 3436 641; x_wconf 90' lang='lat' dir='ltr'><strong>hanc</strong></span> <span class='ocrx_word' id='word_1_317' title='bbox 3475 598 3640 653; x_wconf 89' lang='lat' dir='ltr'><strong>quam</strong></span> <span class='ocrx_word' id='word_1_318' title='bbox 3688 595 3787 635; x_wconf 90' lang='lat' dir='ltr'><strong>nos</strong></span> 
     </span>
    </p>
   </div>
   <div class='ocr_carea' id='block_1_46' title="bbox 2204 672 3789 750">
    <p class='ocr_par' dir='ltr' id='par_1_46' title="bbox 2204 672 3789 750">
     <span class='ocr_line' id='line_1_46' title="bbox 2204 672 3789 750; baseline -0.014 -7"><span class='ocrx_word' id='word_1_319' title='bbox 2204 692 2537 750; x_wconf 69' lang='lat' dir='ltr'><strong>incolimus;</strong></span> <span class='ocrx_word' id='word_1_320' title='bbox 2583 699 2634 741; x_wconf 88' lang='lat' dir='ltr'><strong>et</strong></span> <span class='ocrx_word' id='word_1_321' title='bbox 2691 695 2871 738; x_wconf 90' lang='lat' dir='ltr'><strong>utrum</strong></span> <span class='ocrx_word' id='word_1_322' title='bbox 2905 685 3075 736; x_wconf 85' lang='lat' dir='ltr'><strong>Adam</strong></span> <span class='ocrx_word' id='word_1_323' title='bbox 3111 678 3368 733; x_wconf 89' lang='lat' dir='ltr'><strong>habitarit</strong></span> <span class='ocrx_word' id='word_1_324' title='bbox 3420 673 3562 744; x_wconf 88' lang='lat' dir='ltr'><strong>apud</strong></span> <span class='ocrx_word' id='word_1_325' title='bbox 3601 672 3789 725; x_wconf 81' lang='lat' dir='ltr'><strong>Hiero-</strong></span> 
     </span>
    </p>
   </div>
   <div class='ocr_carea' id='block_1_47' title="bbox 2204 760 3785 851">
    <p class='ocr_par' dir='ltr' id='par_1_47' title="bbox 2204 760 3785 851">
     <span class='ocr_line' id='line_1_47' title="bbox 2204 760 3785 851; baseline -0.016 -15"><span class='ocrx_word' id='word_1_326' title='bbox 2204 782 2431 851; x_wconf 80' lang='lat' dir='ltr'><strong>solyma,</strong></span> <span class='ocrx_word' id='word_1_327' title='bbox 2463 794 2528 832; x_wconf 90' lang='lat' dir='ltr'><strong>an</strong></span> <span class='ocrx_word' id='word_1_328' title='bbox 2563 790 2690 830; x_wconf 56' lang='lat' dir='ltr'><strong>vero</strong></span> <span class='ocrx_word' id='word_1_329' title='bbox 2715 775 2960 828; x_wconf 89' lang='lat' dir='ltr'><strong>minime.</strong></span> <span class='ocrx_word' id='word_1_330' title='bbox 2990 771 3207 825; x_wconf 88' lang='lat' dir='ltr'><strong>Decimo</strong></span> <span class='ocrx_word' id='word_1_331' title='bbox 3233 767 3443 836; x_wconf 88' lang='lat' dir='ltr'><strong>quinto,</strong></span> <span class='ocrx_word' id='word_1_332' title='bbox 3477 760 3785 830; x_wconf 86' lang='lat' dir='ltr'><strong>disputabi-</strong></span> 
     </span>
    </p>
   </div>
   <div class='ocr_carea' id='block_1_48' title="bbox 2207 853 3790 940">
    <p class='ocr_par' dir='ltr' id='par_1_48' title="bbox 2207 853 3790 940">
     <span class='ocr_line' id='line_1_48' title="bbox 2207 853 3790 940; baseline -0.014 -15"><span class='ocrx_word' id='word_1_333' title='bbox 2207 883 2317 936; x_wconf 90' lang='lat' dir='ltr'><strong>tur,</strong></span> <span class='ocrx_word' id='word_1_334' title='bbox 2383 881 2586 940; x_wconf 85' lang='lat' dir='ltr'><strong>qttatrta</strong></span> <span class='ocrx_word' id='word_1_335' title='bbox 2642 876 2822 936; x_wconf 88' lang='lat' dir='ltr'><strong>pateat</strong></span> <span class='ocrx_word' id='word_1_336' title='bbox 2880 863 3118 932; x_wconf 80' lang='lat' dir='ltr'><strong>paradisi</strong></span> <span class='ocrx_word' id='word_1_337' title='bbox 3180 855 3502 926; x_wconf 88' lang='lat' dir='ltr'><strong>amplitudo.</strong></span> <span class='ocrx_word' id='word_1_338' title='bbox 3567 853 3790 907; x_wconf 86' lang='lat' dir='ltr'><strong>Decimo</strong></span> 
     </span>
    </p>
   </div>
   <div class='ocr_carea' id='block_1_49' title="bbox 2208 945 3787 1031">
    <p class='ocr_par' dir='ltr' id='par_1_49' title="bbox 2208 945 3787 1031">
     <span class='ocr_line' id='line_1_49' title="bbox 2208 945 3787 1031; baseline -0.015 -12"><span class='ocrx_word' id='word_1_339' title='bbox 2208 974 2388 1026; x_wconf 73' lang='lat' dir='ltr'><strong>Sexto,</strong></span> <span class='ocrx_word' id='word_1_340' title='bbox 2428 965 2558 1031; x_wconf 87' lang='lat' dir='ltr'><strong>quid</strong></span> <span class='ocrx_word' id='word_1_341' title='bbox 2591 962 2663 1015; x_wconf 85' lang='lat' dir='ltr'><strong>sit</strong></span> <span class='ocrx_word' id='word_1_342' title='bbox 2697 959 2864 1019; x_wconf 66' lang='lat' dir='ltr'><strong>liden,</strong></span> <span class='ocrx_word' id='word_1_343' title='bbox 2889 965 2942 1010; x_wconf 90' lang='lat' dir='ltr'><strong>et</strong></span> <span class='ocrx_word' id='word_1_344' title='bbox 2988 970 3086 1009; x_wconf 88' lang='lat' dir='ltr'><strong>cur</strong></span> <span class='ocrx_word' id='word_1_345' title='bbox 3135 949 3426 1021; x_wconf 87' lang='lat' dir='ltr'><strong>paradisus</strong></span> <span class='ocrx_word' id='word_1_346' title='bbox 3453 947 3523 1000; x_wconf 89' lang='lat' dir='ltr'><strong>sit</strong></span> <span class='ocrx_word' id='word_1_347' title='bbox 3553 945 3787 1014; x_wconf 86' lang='lat' dir='ltr'><strong>paradisi</strong></span> 
     </span>
    </p>
   </div>
   <div class='ocr_carea' id='block_1_50' title="bbox 2205 1037 3792 1124">
    <p class='ocr_par' dir='ltr' id='par_1_50' title="bbox 2205 1037 3792 1124">
     <span class='ocr_line' id='line_1_50' title="bbox 2205 1037 3792 1124; baseline -0.014 -12"><span class='ocrx_word' id='word_1_348' title='bbox 2205 1056 2474 1112; x_wconf 87' lang='lat' dir='ltr'><strong>vocabulo</strong></span> <span class='ocrx_word' id='word_1_349' title='bbox 2505 1055 2828 1124; x_wconf 86' lang='lat' dir='ltr'><strong>appellatus.</strong></span> <span class='ocrx_word' id='word_1_350' title='bbox 2852 1049 3070 1103; x_wconf 86' lang='lat' dir='ltr'><strong>Decimo</strong></span> <span class='ocrx_word' id='word_1_351' title='bbox 3093 1047 3350 1114; x_wconf 81' lang='lat' dir='ltr'><strong>septimo,</strong></span> <span class='ocrx_word' id='word_1_352' title='bbox 3373 1037 3792 1106; x_wconf 79' lang='lat' dir='ltr'><strong>investigabitur</strong></span> 
     </span>
    </p>
   </div>
   <div class='ocr_carea' id='block_1_51' title="bbox 2210 1131 3791 1211">
    <p class='ocr_par' dir='ltr' id='par_1_51' title="bbox 2210 1131 3791 1211">
     <span class='ocr_line' id='line_1_51' title="bbox 2210 1131 3791 1211; baseline -0.013 -6"><span class='ocrx_word' id='word_1_353' title='bbox 2210 1168 2338 1205; x_wconf 66' lang='lat' dir='ltr'><strong>nut‘n</strong></span> <span class='ocrx_word' id='word_1_354' title='bbox 2370 1150 2592 1204; x_wconf 84' lang='lat' dir='ltr'><strong>arbores</strong></span> <span class='ocrx_word' id='word_1_355' title='bbox 2620 1156 2674 1200; x_wconf 88' lang='lat' dir='ltr'><strong>et</strong></span> <span class='ocrx_word' id='word_1_356' title='bbox 2716 1146 2925 1199; x_wconf 86' lang='lat' dir='ltr'><strong>fructus</strong></span> <span class='ocrx_word' id='word_1_357' title='bbox 2963 1139 3201 1211; x_wconf 87' lang='lat' dir='ltr'><strong>paradisi</strong></span> <span class='ocrx_word' id='word_1_358' title='bbox 3236 1136 3443 1190; x_wconf 90' lang='lat' dir='ltr'><strong>similes</strong></span> <span class='ocrx_word' id='word_1_359' title='bbox 3491 1131 3688 1184; x_wconf 81' lang='lat' dir='ltr'><strong>fuerint</strong></span> <span class='ocrx_word' id='word_1_360' title='bbox 3723 1131 3791 1184; x_wconf 89' lang='lat' dir='ltr'><strong>iis</strong></span> 
     </span>
    </p>
   </div>
   <div class='ocr_carea' id='block_1_52' title="bbox 2209 1221 3792 1310">
    <p class='ocr_par' dir='ltr' id='par_1_52' title="bbox 2209 1221 3792 1310">
     <span class='ocr_line' id='line_1_52' title="bbox 2209 1221 3792 1310; baseline -0.013 -14"><span class='ocrx_word' id='word_1_361' title='bbox 2209 1245 2300 1310; x_wconf 90' lang='lat' dir='ltr'><strong>qui</strong></span> <span class='ocrx_word' id='word_1_362' title='bbox 2335 1245 2386 1297; x_wconf 92' lang='lat' dir='ltr'><strong>in</strong></span> <span class='ocrx_word' id='word_1_363' title='bbox 2425 1245 2522 1296; x_wconf 89' lang='lat' dir='ltr'><strong>hoc</strong></span> <span class='ocrx_word' id='word_1_364' title='bbox 2557 1221 2746 1294; x_wconf 82' lang='lat' dir='ltr'><strong>nostro</strong></span> <span class='ocrx_word' id='word_1_365' title='bbox 2793 1238 2910 1292; x_wconf 92' lang='lat' dir='ltr'><strong>solo</strong></span> <span class='ocrx_word' id='word_1_366' title='bbox 2943 1232 3296 1305; x_wconf 87' lang='lat' dir='ltr'><strong>proveniunt,</strong></span> <span class='ocrx_word' id='word_1_367' title='bbox 3337 1242 3405 1279; x_wconf 86' lang='lat' dir='ltr'><strong>an</strong></span> <span class='ocrx_word' id='word_1_368' title='bbox 3440 1241 3569 1277; x_wconf 71' lang='lat' dir='ltr'><strong>Vero</strong></span> <span class='ocrx_word' id='word_1_369' title='bbox 3605 1223 3674 1276; x_wconf 91' lang='lat' dir='ltr'><strong>ab</strong></span> <span class='ocrx_word' id='word_1_370' title='bbox 3708 1223 3792 1275; x_wconf 86' lang='lat' dir='ltr'><strong>bis</strong></span> 
     </span>
    </p>
   </div>
   <div class='ocr_carea' id='block_1_53' title="bbox 2211 1317 3794 1392">
    <p class='ocr_par' dir='ltr' id='par_1_53' title="bbox 2211 1317 3794 1392">
     <span class='ocr_line' id='line_1_53' title="bbox 2211 1317 3794 1392; baseline -0.013 -3"><span class='ocrx_word' id='word_1_371' title='bbox 2211 1335 2440 1390; x_wconf 87' lang='lat' dir='ltr'><strong>diversi.</strong></span> <span class='ocrx_word' id='word_1_372' title='bbox 2483 1333 2703 1386; x_wconf 82' lang='lat' dir='ltr'><strong>Decimo</strong></span> <span class='ocrx_word' id='word_1_373' title='bbox 2753 1339 2970 1392; x_wconf 73' lang='lat' dir='ltr'><strong>octavo,</strong></span> <span class='ocrx_word' id='word_1_374' title='bbox 3001 1323 3321 1382; x_wconf 88' lang='lat' dir='ltr'><strong>ostendetur</strong></span> <span class='ocrx_word' id='word_1_375' title='bbox 3366 1318 3488 1388; x_wconf 81' lang='lat' dir='ltr'><strong>quis</strong></span> <span class='ocrx_word' id='word_1_376' title='bbox 3521 1317 3591 1370; x_wconf 83' lang='lat' dir='ltr'><strong>sit</strong></span> <span class='ocrx_word' id='word_1_377' title='bbox 3636 1317 3794 1368; x_wconf 88' lang='lat' dir='ltr'><strong>modo</strong></span> 
     </span>
    </p>
   </div>
   <div class='ocr_carea' id='block_1_54' title="bbox 2213 1408 3787 1496">
    <p class='ocr_par' dir='ltr' id='par_1_54' title="bbox 2213 1408 3787 1496">
     <span class='ocr_line' id='line_1_54' title="bbox 2213 1408 3787 1496; baseline -0.014 -16"><span class='ocrx_word' id='word_1_378' title='bbox 2213 1425 2448 1496; x_wconf 58' lang='lat' dir='ltr'><strong>piradisi</strong></span> <span class='ocrx_word' id='word_1_379' title='bbox 2501 1441 2630 1478; x_wconf 87' lang='lat' dir='ltr'><strong>usus</strong></span> <span class='ocrx_word' id='word_1_380' title='bbox 2682 1422 2766 1475; x_wconf 86' lang='lat' dir='ltr'><strong>vel</strong></span> <span class='ocrx_word' id='word_1_381' title='bbox 2797 1420 2920 1489; x_wconf 86' lang='lat' dir='ltr'><strong>quis</strong></span> <span class='ocrx_word' id='word_1_382' title='bbox 2951 1419 3114 1472; x_wconf 86' lang='lat' dir='ltr'><strong>etiam</strong></span> <span class='ocrx_word' id='word_1_383' title='bbox 3153 1421 3274 1482; x_wconf 89' lang='lat' dir='ltr'><strong>post</strong></span> <span class='ocrx_word' id='word_1_384' title='bbox 3328 1408 3787 1464; x_wconf 81' lang='lat' dir='ltr'><strong>resurrectionem</strong></span> 
     </span>
    </p>
   </div>
   <div class='ocr_carea' id='block_1_55' title="bbox 2215 1503 3795 1572">
    <p class='ocr_par' dir='ltr' id='par_1_55' title="bbox 2215 1503 3795 1572">
     <span class='ocr_line' id='line_1_55' title="bbox 2215 1503 3795 1572; baseline -0.013 0"><span class='ocrx_word' id='word_1_385' title='bbox 2215 1529 2554 1572; x_wconf 77' lang='lat' dir='ltr'><strong>mortuorum</strong></span> <span class='ocrx_word' id='word_1_386' title='bbox 2591 1515 2826 1568; x_wconf 89' lang='lat' dir='ltr'><strong>futurus.</strong></span> <span class='ocrx_word' id='word_1_387' title='bbox 2859 1511 3077 1566; x_wconf 88' lang='lat' dir='ltr'><strong>Decimo</strong></span> <span class='ocrx_word' id='word_1_388' title='bbox 3100 1521 3270 1572; x_wconf 82' lang='lat' dir='ltr'><strong>nono,</strong></span> <span class='ocrx_word' id='word_1_389' title='bbox 3291 1503 3658 1558; x_wconf 88' lang='lat' dir='ltr'><strong>declarabitur</strong></span> <span class='ocrx_word' id='word_1_390' title='bbox 3674 1516 3795 1569; x_wconf 71' lang='lat' dir='ltr'><strong>quae</strong></span> 
     </span>
    </p>
   </div>
   <div class='ocr_carea' id='block_1_56' title="bbox 2217 1594 3791 1664">
    <p class='ocr_par' dir='ltr' id='par_1_56' title="bbox 2217 1594 3791 1664">
     <span class='ocr_line' id='line_1_56' title="bbox 2217 1594 3791 1664; baseline -0.014 0"><span class='ocrx_word' id='word_1_391' title='bbox 2217 1611 2374 1664; x_wconf 76' lang='lat' dir='ltr'><strong>fuerit</strong></span> <span class='ocrx_word' id='word_1_392' title='bbox 2404 1610 2567 1662; x_wconf 90' lang='lat' dir='ltr'><strong>arbor</strong></span> <span class='ocrx_word' id='word_1_393' title='bbox 2595 1607 2839 1660; x_wconf 72' lang='lat' dir='ltr'><strong>scientia:</strong></span> <span class='ocrx_word' id='word_1_394' title='bbox 2869 1615 2922 1658; x_wconf 91' lang='lat' dir='ltr'><strong>et</strong></span> <span class='ocrx_word' id='word_1_395' title='bbox 2952 1602 3075 1656; x_wconf 90' lang='lat' dir='ltr'><strong>boni</strong></span> <span class='ocrx_word' id='word_1_396' title='bbox 3117 1609 3170 1654; x_wconf 90' lang='lat' dir='ltr'><strong>et</strong></span> <span class='ocrx_word' id='word_1_397' title='bbox 3222 1597 3370 1659; x_wconf 87' lang='lat' dir='ltr'><strong>mali,</strong></span> <span class='ocrx_word' id='word_1_398' title='bbox 3410 1611 3515 1664; x_wconf 84' lang='lat' dir='ltr'><strong>qua</strong></span> <span class='ocrx_word' id='word_1_399' title='bbox 3579 1594 3791 1645; x_wconf 83' lang='lat' dir='ltr'><strong>Adamn</strong></span> 
     </span>
    </p>
   </div>
   <div class='ocr_carea' id='block_1_57' title="bbox 2221 1685 3792 1764">
    <p class='ocr_par' dir='ltr' id='par_1_57' title="bbox 2221 1685 3792 1764">
     <span class='ocr_line' id='line_1_57' title="bbox 2221 1685 3792 1764; baseline -0.013 -9"><span class='ocrx_word' id='word_1_400' title='bbox 2221 1704 2360 1757; x_wconf 84' lang='lat' dir='ltr'><strong>Deus</strong></span> <span class='ocrx_word' id='word_1_401' title='bbox 2416 1703 2813 1755; x_wconf 84' lang='lat' dir='ltr'><strong>interdixerat:</strong></span> <span class='ocrx_word' id='word_1_402' title='bbox 2859 1705 2913 1751; x_wconf 91' lang='lat' dir='ltr'><strong>et</strong></span> <span class='ocrx_word' id='word_1_403' title='bbox 2967 1692 3329 1764; x_wconf 89' lang='lat' dir='ltr'><strong>quamobrem</strong></span> <span class='ocrx_word' id='word_1_404' title='bbox 3387 1687 3652 1756; x_wconf 73' lang='lat' dir='ltr'><strong>app~-llata</strong></span> <span class='ocrx_word' id='word_1_405' title='bbox 3717 1685 3792 1736; x_wconf 88' lang='lat' dir='ltr'><strong>sit</strong></span> 
     </span>
    </p>
   </div>
   <div class='ocr_carea' id='block_1_58' title="bbox 2131 1777 3790 1851">
    <p class='ocr_par' dir='ltr' id='par_1_58' title="bbox 2131 1777 3790 1851">
     <span class='ocr_line' id='line_1_58' title="bbox 2131 1777 3790 1851; baseline -0.011 -3"><span class='ocrx_word' id='word_1_406' title='bbox 2131 1790 2178 1848; x_wconf 87' lang='grc' dir='ltr'>Β</span> <span class='ocrx_word' id='word_1_407' title='bbox 2208 1797 2447 1851; x_wconf 74' lang='lat' dir='ltr'><strong>scientiae</strong></span> <span class='ocrx_word' id='word_1_408' title='bbox 2479 1796 2600 1847; x_wconf 89' lang='lat' dir='ltr'><strong>boni</strong></span> <span class='ocrx_word' id='word_1_409' title='bbox 2627 1805 2680 1845; x_wconf 87' lang='lat' dir='ltr'><strong>et</strong></span> <span class='ocrx_word' id='word_1_410' title='bbox 2715 1791 2839 1844; x_wconf 89' lang='lat' dir='ltr'><strong>mali</strong></span> <span class='ocrx_word' id='word_1_411' title='bbox 2863 1790 3047 1842; x_wconf 88' lang='lat' dir='ltr'><strong>arbor.</strong></span> <span class='ocrx_word' id='word_1_412' title='bbox 3083 1783 3376 1842; x_wconf 86' lang='lat' dir='ltr'><strong>Vicesimo,</strong></span> <span class='ocrx_word' id='word_1_413' title='bbox 3419 1777 3790 1848; x_wconf 80' lang='lat' dir='ltr'><strong>disputabitur</strong></span> 
     </span>
    </p>
   </div>
   <div class='ocr_carea' id='block_1_59' title="bbox 2212 1871 3797 1959">
    <p class='ocr_par' dir='ltr' id='par_1_59' title="bbox 2212 1871 3797 1959">
     <span class='ocr_line' id='line_1_59' title="bbox 2212 1871 3797 1959; baseline -0.011 -17"><span class='ocrx_word' id='word_1_414' title='bbox 2212 1905 2334 1959; x_wconf 64' lang='lat' dir='ltr'><strong>qum</strong></span> <span class='ocrx_word' id='word_1_415' title='bbox 2369 1889 2533 1941; x_wconf 89' lang='lat' dir='ltr'><strong>fuerit</strong></span> <span class='ocrx_word' id='word_1_416' title='bbox 2565 1886 2728 1939; x_wconf 87' lang='lat' dir='ltr'><strong>arbor</strong></span> <span class='ocrx_word' id='word_1_417' title='bbox 2776 1885 2924 1946; x_wconf 59' lang='lat' dir='ltr'><strong>vitae,</strong></span> <span class='ocrx_word' id='word_1_418' title='bbox 2960 1889 3014 1934; x_wconf 86' lang='lat' dir='ltr'><strong>et</strong></span> <span class='ocrx_word' id='word_1_419' title='bbox 3043 1895 3142 1933; x_wconf 90' lang='lat' dir='ltr'><strong>cur</strong></span> <span class='ocrx_word' id='word_1_420' title='bbox 3185 1879 3254 1930; x_wconf 87' lang='lat' dir='ltr'><strong>sit</strong></span> <span class='ocrx_word' id='word_1_421' title='bbox 3287 1876 3412 1929; x_wconf 77' lang='lat' dir='ltr'><strong>vita:</strong></span> <span class='ocrx_word' id='word_1_422' title='bbox 3436 1875 3600 1928; x_wconf 81' lang='lat' dir='ltr'><strong>dicta.</strong></span> <span class='ocrx_word' id='word_1_423' title='bbox 3644 1871 3797 1924; x_wconf 83' lang='lat' dir='ltr'><strong>Vice-</strong></span> 
     </span>
    </p>
   </div>
   <div class='ocr_carea' id='block_1_60' title="bbox 2212 1965 3794 2045">
    <p class='ocr_par' dir='ltr' id='par_1_60' title="bbox 2212 1965 3794 2045">
     <span class='ocr_line' id='line_1_60' title="bbox 2212 1965 3794 2045; baseline -0.011 -13"><span class='ocrx_word' id='word_1_424' title='bbox 2212 1979 2354 2032; x_wconf 90' lang='lat' dir='ltr'><strong>simo</strong></span> <span class='ocrx_word' id='word_1_425' title='bbox 2415 1976 2614 2045; x_wconf 89' lang='lat' dir='ltr'><strong>primo,</strong></span> <span class='ocrx_word' id='word_1_426' title='bbox 2641 1982 2829 2043; x_wconf 76' lang='lat' dir='ltr'><strong>agetur</strong></span> <span class='ocrx_word' id='word_1_427' title='bbox 2863 1973 2930 2026; x_wconf 88' lang='lat' dir='ltr'><strong>de</strong></span> <span class='ocrx_word' id='word_1_428' title='bbox 2987 1971 3081 2024; x_wconf 88' lang='lat' dir='ltr'><strong>illo</strong></span> <span class='ocrx_word' id='word_1_429' title='bbox 3132 1967 3298 2021; x_wconf 82' lang='lat' dir='ltr'><strong>fluvio</strong></span> <span class='ocrx_word' id='word_1_430' title='bbox 3333 1965 3427 2035; x_wconf 91' lang='lat' dir='ltr'><strong>qui</strong></span> <span class='ocrx_word' id='word_1_431' title='bbox 3482 1965 3794 2034; x_wconf 84' lang='lat' dir='ltr'><strong>paradisum</strong></span> 
     </span>
    </p>
   </div>
   <div class='ocr_carea' id='block_1_61' title="bbox 2215 2055 3799 2137">
    <p class='ocr_par' dir='ltr' id='par_1_61' title="bbox 2215 2055 3799 2137">
     <span class='ocr_line' id='line_1_61' title="bbox 2215 2055 3799 2137; baseline -0.009 -15"><span class='ocrx_word' id='word_1_432' title='bbox 2215 2070 2499 2137; x_wconf 63' lang='lat' dir='ltr'><strong>irrigabat,</strong></span> <span class='ocrx_word' id='word_1_433' title='bbox 2529 2067 2665 2120; x_wconf 88' lang='lat' dir='ltr'><strong>etde</strong></span> <span class='ocrx_word' id='word_1_434' title='bbox 2697 2073 2936 2132; x_wconf 81' lang='lat' dir='ltr'><strong>quatuor</strong></span> <span class='ocrx_word' id='word_1_435' title='bbox 2965 2060 3287 2115; x_wconf 74' lang='lat' dir='ltr'><strong>[luminibus</strong></span> <span class='ocrx_word' id='word_1_436' title='bbox 3311 2059 3365 2111; x_wconf 89' lang='lat' dir='ltr'><strong>in</strong></span> <span class='ocrx_word' id='word_1_437' title='bbox 3388 2073 3509 2126; x_wconf 80' lang='lat' dir='ltr'><strong>qua:</strong></span> <span class='ocrx_word' id='word_1_438' title='bbox 3537 2055 3624 2108; x_wconf 92' lang='lat' dir='ltr'><strong>ille</strong></span> <span class='ocrx_word' id='word_1_439' title='bbox 3648 2055 3799 2108; x_wconf 77' lang='lat' dir='ltr'><strong>scin-</strong></span> 
     </span>
    </p>
   </div>
   <div class='ocr_carea' id='block_1_62' title="bbox 2214 2149 3794 2221">
    <p class='ocr_par' dir='ltr' id='par_1_62' title="bbox 2214 2149 3794 2221">
     <span class='ocr_line' id='line_1_62' title="bbox 2214 2149 3794 2221; baseline -0.009 -5"><span class='ocrx_word' id='word_1_440' title='bbox 2214 2163 2463 2217; x_wconf 86' lang='lat' dir='ltr'><strong>debatur.</strong></span> <span class='ocrx_word' id='word_1_441' title='bbox 2503 2159 2776 2214; x_wconf 80' lang='lat' dir='ltr'><strong>Vicesimo</strong></span> <span class='ocrx_word' id='word_1_442' title='bbox 2825 2157 3087 2221; x_wconf 90' lang='lat' dir='ltr'><strong>secundo,</strong></span> <span class='ocrx_word' id='word_1_443' title='bbox 3119 2156 3332 2210; x_wconf 86' lang='lat' dir='ltr'><strong>dicetur</strong></span> <span class='ocrx_word' id='word_1_444' title='bbox 3383 2151 3514 2220; x_wconf 89' lang='lat' dir='ltr'><strong>quid</strong></span> <span class='ocrx_word' id='word_1_445' title='bbox 3554 2149 3794 2204; x_wconf 88' lang='lat' dir='ltr'><strong>futurum</strong></span> 
     </span>
    </p>
   </div>
   <div class='ocr_carea' id='block_1_63' title="bbox 2216 2241 3798 2316">
    <p class='ocr_par' dir='ltr' id='par_1_63' title="bbox 2216 2241 3798 2316">
     <span class='ocr_line' id='line_1_63' title="bbox 2216 2241 3798 2316; baseline -0.011 -8"><span class='ocrx_word' id='word_1_446' title='bbox 2216 2256 2409 2308; x_wconf 81' lang='lat' dir='ltr'><strong>fuisset</strong></span> <span class='ocrx_word' id='word_1_447' title='bbox 2454 2253 2687 2316; x_wconf 88' lang='lat' dir='ltr'><strong>Adamo,</strong></span> <span class='ocrx_word' id='word_1_448' title='bbox 2738 2251 2785 2305; x_wconf 89' lang='lat' dir='ltr'><strong>si</strong></span> <span class='ocrx_word' id='word_1_449' title='bbox 2842 2250 3193 2304; x_wconf 82' lang='lat' dir='ltr'><strong>observasset</strong></span> <span class='ocrx_word' id='word_1_450' title='bbox 3248 2245 3586 2299; x_wconf 80' lang='lat' dir='ltr'><strong>mandatum.</strong></span> <span class='ocrx_word' id='word_1_451' title='bbox 3644 2241 3798 2293; x_wconf 79' lang='lat' dir='ltr'><strong>Vice-</strong></span> 
     </span>
    </p>
   </div>
   <div class='ocr_carea' id='block_1_64' title="bbox 2214 2333 3797 2413">
    <p class='ocr_par' dir='ltr' id='par_1_64' title="bbox 2214 2333 3797 2413">
     <span class='ocr_line' id='line_1_64' title="bbox 2214 2333 3797 2413; baseline -0.008 -13"><span class='ocrx_word' id='word_1_452' title='bbox 2214 2351 2354 2400; x_wconf 83' lang='lat' dir='ltr'><strong>sinro</strong></span> <span class='ocrx_word' id='word_1_453' title='bbox 2391 2345 2572 2408; x_wconf 86' lang='lat' dir='ltr'><strong>tertio,</strong></span> <span class='ocrx_word' id='word_1_454' title='bbox 2635 2343 2999 2413; x_wconf 82' lang='lat' dir='ltr'><strong>explicabitur</strong></span> <span class='ocrx_word' id='word_1_455' title='bbox 3053 2339 3296 2410; x_wconf 83' lang='lat' dir='ltr'><strong>quandiu</strong></span> <span class='ocrx_word' id='word_1_456' title='bbox 3355 2335 3689 2392; x_wconf 85' lang='lat' dir='ltr'><strong>mansissent</strong></span> <span class='ocrx_word' id='word_1_457' title='bbox 3744 2333 3797 2388; x_wconf 91' lang='lat' dir='ltr'><strong>in</strong></span> 
     </span>
    </p>
   </div>
   <div class='ocr_carea' id='block_1_65' title="bbox 2215 2431 3799 2506">
    <p class='ocr_par' dir='ltr' id='par_1_65' title="bbox 2215 2431 3799 2506">
     <span class='ocr_line' id='line_1_65' title="bbox 2215 2431 3799 2506; baseline -0.005 -16"><span class='ocrx_word' id='word_1_458' title='bbox 2215 2439 2470 2506; x_wconf 83' lang='lat' dir='ltr'><strong>paradiso</strong></span> <span class='ocrx_word' id='word_1_459' title='bbox 2506 2439 2751 2489; x_wconf 89' lang='lat' dir='ltr'><strong>Adamus</strong></span> <span class='ocrx_word' id='word_1_460' title='bbox 2781 2445 2836 2488; x_wconf 84' lang='lat' dir='ltr'><strong>et</strong></span> <span class='ocrx_word' id='word_1_461' title='bbox 2867 2434 2998 2499; x_wconf 86' lang='lat' dir='ltr'><strong>Eva,</strong></span> <span class='ocrx_word' id='word_1_462' title='bbox 3037 2436 3356 2502; x_wconf 87' lang='lat' dir='ltr'><strong>priusquam</strong></span> <span class='ocrx_word' id='word_1_463' title='bbox 3431 2431 3584 2484; x_wconf 91' lang='lat' dir='ltr'><strong>illinc</strong></span> <span class='ocrx_word' id='word_1_464' title='bbox 3616 2431 3669 2482; x_wconf 92' lang='lat' dir='ltr'><strong>in</strong></span> <span class='ocrx_word' id='word_1_465' title='bbox 3710 2442 3799 2482; x_wconf 83' lang='lat' dir='ltr'><strong>re-</strong></span> 
     </span>
    </p>
   </div>
   <div class='ocr_carea' id='block_1_66' title="bbox 2215 2523 3799 2599">
    <p class='ocr_par' dir='ltr' id='par_1_66' title="bbox 2215 2523 3799 2599">
     <span class='ocr_line' id='line_1_66' title="bbox 2215 2523 3799 2599; baseline -0.005 -17"><span class='ocrx_word' id='word_1_466' title='bbox 2215 2545 2381 2599; x_wconf 81' lang='lat' dir='ltr'><strong>gnum</strong></span> <span class='ocrx_word' id='word_1_467' title='bbox 2413 2530 2631 2584; x_wconf 67' lang='lat' dir='ltr'><strong>rualeste</strong></span> <span class='ocrx_word' id='word_1_468' title='bbox 2665 2527 2984 2599; x_wconf 85' lang='lat' dir='ltr'><strong>entigraturi</strong></span> <span class='ocrx_word' id='word_1_469' title='bbox 3033 2526 3292 2588; x_wconf 85' lang='lat' dir='ltr'><strong>fuissent,</strong></span> <span class='ocrx_word' id='word_1_470' title='bbox 3349 2525 3395 2579; x_wconf 91' lang='lat' dir='ltr'><strong>si</strong></span> <span class='ocrx_word' id='word_1_471' title='bbox 3429 2523 3799 2576; x_wconf 83' lang='lat' dir='ltr'><strong>obedivissent</strong></span> 
     </span>
    </p>
   </div>
   <div class='ocr_carea' id='block_1_67' title="bbox 2218 2619 3799 2690">
    <p class='ocr_par' dir='ltr' id='par_1_67' title="bbox 2218 2619 3799 2690">
     <span class='ocr_line' id='line_1_67' title="bbox 2218 2619 3799 2690; baseline -0.008 -12"><span class='ocrx_word' id='word_1_472' title='bbox 2218 2625 2498 2678; x_wconf 86' lang='lat' dir='ltr'><strong>mandato.</strong></span> <span class='ocrx_word' id='word_1_473' title='bbox 2535 2621 2807 2678; x_wconf 77' lang='lat' dir='ltr'><strong>Vieesinto</strong></span> <span class='ocrx_word' id='word_1_474' title='bbox 2836 2627 3057 2690; x_wconf 86' lang='lat' dir='ltr'><strong>quarto,</strong></span> <span class='ocrx_word' id='word_1_475' title='bbox 3094 2619 3415 2688; x_wconf 89' lang='lat' dir='ltr'><strong>probabitur</strong></span> <span class='ocrx_word' id='word_1_476' title='bbox 3445 2630 3676 2670; x_wconf 89' lang='lat' dir='ltr'><strong>numero</strong></span> <span class='ocrx_word' id='word_1_477' title='bbox 3699 2629 3799 2667; x_wconf 88' lang='lat' dir='ltr'><strong>au-</strong></span> 
     </span>
    </p>
   </div>
   <div class='ocr_carea' id='block_1_68' title="bbox 2220 2707 3799 2784">
    <p class='ocr_par' dir='ltr' id='par_1_68' title="bbox 2220 2707 3799 2784">
     <span class='ocr_line' id='line_1_68' title="bbox 2220 2707 3799 2784; baseline -0.006 -18"><span class='ocrx_word' id='word_1_478' title='bbox 2220 2717 2427 2784; x_wconf 84' lang='lat' dir='ltr'><strong>gendos</strong></span> <span class='ocrx_word' id='word_1_479' title='bbox 2474 2716 2642 2769; x_wconf 89' lang='lat' dir='ltr'><strong>fuisse</strong></span> <span class='ocrx_word' id='word_1_480' title='bbox 2703 2715 2756 2766; x_wconf 92' lang='lat' dir='ltr'><strong>itt</strong></span> <span class='ocrx_word' id='word_1_481' title='bbox 2817 2713 3066 2781; x_wconf 84' lang='lat' dir='ltr'><strong>paradiso</strong></span> <span class='ocrx_word' id='word_1_482' title='bbox 3125 2710 3396 2774; x_wconf 89' lang='lat' dir='ltr'><strong>homines,</strong></span> <span class='ocrx_word' id='word_1_483' title='bbox 3456 2709 3500 2762; x_wconf 90' lang='lat' dir='ltr'><strong>si</strong></span> <span class='ocrx_word' id='word_1_484' title='bbox 3537 2707 3704 2759; x_wconf 83' lang='lat' dir='ltr'><strong>Adam</strong></span> <span class='ocrx_word' id='word_1_485' title='bbox 3744 2712 3799 2758; x_wconf 89' lang='lat' dir='ltr'><strong>et</strong></span> 
     </span>
    </p>
   </div>
   <div class='ocr_carea' id='block_1_69' title="bbox 2217 2794 3797 2871">
    <p class='ocr_par' dir='ltr' id='par_1_69' title="bbox 2217 2794 3797 2871">
     <span class='ocr_line' id='line_1_69' title="bbox 2217 2794 3797 2871; baseline -0.006 -15"><span class='ocrx_word' id='word_1_486' title='bbox 2217 2804 2325 2856; x_wconf 81' lang='lat' dir='ltr'><strong>Eva</strong></span> <span class='ocrx_word' id='word_1_487' title='bbox 2357 2803 2826 2871; x_wconf 89' lang='lat' dir='ltr'><strong>obtemperassent</strong></span> <span class='ocrx_word' id='word_1_488' title='bbox 2878 2801 3003 2868; x_wconf 83' lang='lat' dir='ltr'><strong>legi,</strong></span> <span class='ocrx_word' id='word_1_489' title='bbox 3065 2814 3243 2867; x_wconf 87' lang='lat' dir='ltr'><strong>neque</strong></span> <span class='ocrx_word' id='word_1_490' title='bbox 3289 2812 3383 2851; x_wconf 91' lang='lat' dir='ltr'><strong>eos</strong></span> <span class='ocrx_word' id='word_1_491' title='bbox 3437 2797 3577 2850; x_wconf 89' lang='lat' dir='ltr'><strong>duos</strong></span> <span class='ocrx_word' id='word_1_492' title='bbox 3642 2794 3797 2846; x_wconf 80' lang='lat' dir='ltr'><strong>solos</strong></span> 
     </span>
    </p>
   </div>
   <div class='ocr_carea' id='block_1_70' title="bbox 2219 2887 3795 2959">
    <p class='ocr_par' dir='ltr' id='par_1_70' title="bbox 2219 2887 3795 2959">
     <span class='ocr_line' id='line_1_70' title="bbox 2219 2887 3795 2959; baseline -0.006 -10"><span class='ocrx_word' id='word_1_493' title='bbox 2219 2896 2388 2949; x_wconf 88' lang='lat' dir='ltr'><strong>fuisse</strong></span> <span class='ocrx_word' id='word_1_494' title='bbox 2424 2895 2556 2948; x_wconf 89' lang='lat' dir='ltr'><strong>inibi</strong></span> <span class='ocrx_word' id='word_1_495' title='bbox 2596 2907 2910 2946; x_wconf 88' lang='lat' dir='ltr'><strong>mansuros.</strong></span> <span class='ocrx_word' id='word_1_496' title='bbox 2945 2890 3215 2945; x_wconf 80' lang='lat' dir='ltr'><strong>Vicesimo</strong></span> <span class='ocrx_word' id='word_1_497' title='bbox 3272 2889 3488 2959; x_wconf 90' lang='lat' dir='ltr'><strong>quinto,</strong></span> <span class='ocrx_word' id='word_1_498' title='bbox 3518 2887 3795 2956; x_wconf 87' lang='lat' dir='ltr'><strong>discepta-</strong></span> 
     </span>
    </p>
   </div>
   <div class='ocr_carea' id='block_1_71' title="bbox 2217 2977 3793 3055">
    <p class='ocr_par' dir='ltr' id='par_1_71' title="bbox 2217 2977 3793 3055">
     <span class='ocr_line' id='line_1_71' title="bbox 2217 2977 3793 3055; baseline -0.008 -15"><span class='ocrx_word' id='word_1_499' title='bbox 2217 2987 2382 3048; x_wconf 87' lang='lat' dir='ltr'><strong>bitur,</strong></span> <span class='ocrx_word' id='word_1_500' title='bbox 2415 3003 2482 3038; x_wconf 89' lang='lat' dir='ltr'><strong>an</strong></span> <span class='ocrx_word' id='word_1_501' title='bbox 2516 3000 2611 3055; x_wconf 91' lang='lat' dir='ltr'><strong>per</strong></span> <span class='ocrx_word' id='word_1_502' title='bbox 2634 2999 2885 3038; x_wconf 87' lang='lat' dir='ltr'><strong>venerem</strong></span> <span class='ocrx_word' id='word_1_503' title='bbox 2919 2982 3225 3037; x_wconf 88' lang='lat' dir='ltr'><strong>commistis</strong></span> <span class='ocrx_word' id='word_1_504' title='bbox 3247 2979 3565 3048; x_wconf 84' lang='lat' dir='ltr'><strong>corporibus</strong></span> <span class='ocrx_word' id='word_1_505' title='bbox 3587 2977 3793 3046; x_wconf 90' lang='lat' dir='ltr'><strong>prolem</strong></span> 
     </span>
    </p>
   </div>
   <div class='ocr_carea' id='block_1_72' title="bbox 2218 3070 3798 3148">
    <p class='ocr_par' dir='ltr' id='par_1_72' title="bbox 2218 3070 3798 3148">
     <span class='ocr_line' id='line_1_72' title="bbox 2218 3070 3798 3148; baseline -0.007 -17"><span class='ocrx_word' id='word_1_506' title='bbox 2218 3079 2558 3148; x_wconf 86' lang='lat' dir='ltr'><strong>procreaturi</strong></span> <span class='ocrx_word' id='word_1_507' title='bbox 2604 3077 2836 3131; x_wconf 81' lang='lat' dir='ltr'><strong>fuissent</strong></span> <span class='ocrx_word' id='word_1_508' title='bbox 2871 3085 2984 3128; x_wconf 92' lang='lat' dir='ltr'><strong>tum</strong></span> <span class='ocrx_word' id='word_1_509' title='bbox 3016 3074 3189 3127; x_wconf 81' lang='lat' dir='ltr'><strong>Adam</strong></span> <span class='ocrx_word' id='word_1_510' title='bbox 3222 3071 3457 3142; x_wconf 88' lang='lat' dir='ltr'><strong>Evaqtte,</strong></span> <span class='ocrx_word' id='word_1_511' title='bbox 3495 3080 3606 3123; x_wconf 90' lang='lat' dir='ltr'><strong>tum</strong></span> <span class='ocrx_word' id='word_1_512' title='bbox 3661 3070 3798 3122; x_wconf 89' lang='lat' dir='ltr'><strong>isto-</strong></span> 
     </span>
    </p>
   </div>
   <div class='ocr_carea' id='block_1_73' title="bbox 2220 3159 3796 3238">
    <p class='ocr_par' dir='ltr' id='par_1_73' title="bbox 2220 3159 3796 3238">
     <span class='ocr_line' id='line_1_73' title="bbox 2220 3159 3796 3238; baseline -0.008 -16"><span class='ocrx_word' id='word_1_513' title='bbox 2220 3187 2338 3222; x_wconf 90' lang='lat' dir='ltr'><strong>rum</strong></span> <span class='ocrx_word' id='word_1_514' title='bbox 2374 3169 2571 3238; x_wconf 86' lang='lat' dir='ltr'><strong>posteri</strong></span> <span class='ocrx_word' id='word_1_515' title='bbox 2609 3185 2622 3220; x_wconf 90' lang='lat'><strong>:</strong></span> <span class='ocrx_word' id='word_1_516' title='bbox 2674 3183 2742 3220; x_wconf 92' lang='lat' dir='ltr'><strong>an</strong></span> <span class='ocrx_word' id='word_1_517' title='bbox 2765 3181 2894 3220; x_wconf 90' lang='lat' dir='ltr'><strong>vero</strong></span> <span class='ocrx_word' id='word_1_518' title='bbox 2927 3168 3045 3219; x_wconf 89' lang='lat' dir='ltr'><strong>sine</strong></span> <span class='ocrx_word' id='word_1_519' title='bbox 3094 3164 3461 3232; x_wconf 83' lang='lat' dir='ltr'><strong>amplexibus.</strong></span> <span class='ocrx_word' id='word_1_520' title='bbox 3523 3159 3796 3213; x_wconf 85' lang='lat' dir='ltr'><strong>Vicesitno</strong></span> 
     </span>
    </p>
   </div>
   <div class='ocr_carea' id='block_1_74' title="bbox 2213 3254 3798 3328">
    <p class='ocr_par' dir='ltr' id='par_1_74' title="bbox 2213 3254 3798 3328">
     <span class='ocr_line' id='line_1_74' title="bbox 2213 3254 3798 3328; baseline -0.008 -12"><span class='ocrx_word' id='word_1_521' title='bbox 2213 3275 2394 3324; x_wconf 79' lang='lat' dir='ltr'><strong>sexto,</strong></span> <span class='ocrx_word' id='word_1_522' title='bbox 2436 3259 2807 3314; x_wconf 85' lang='lat' dir='ltr'><strong>declarabitur</strong></span> <span class='ocrx_word' id='word_1_523' title='bbox 2837 3257 3112 3328; x_wconf 89' lang='lat' dir='ltr'><strong>quomodo</strong></span> <span class='ocrx_word' id='word_1_524' title='bbox 3139 3257 3469 3325; x_wconf 78' lang='lat' dir='ltr'><strong>voluptatem</strong></span> <span class='ocrx_word' id='word_1_525' title='bbox 3526 3254 3798 3321; x_wconf 85' lang='lat' dir='ltr'><strong>cepissent</strong></span> 
     </span>
    </p>
   </div>
   <div class='ocr_carea' id='block_1_75' title="bbox 2211 3343 3795 3424">
    <p class='ocr_par' dir='ltr' id='par_1_75' title="bbox 2211 3343 3795 3424">
     <span class='ocr_line' id='line_1_75' title="bbox 2211 3343 3795 3424; baseline -0.008 -15"><span class='ocrx_word' id='word_1_526' title='bbox 2211 3358 2265 3409; x_wconf 89' lang='lat' dir='ltr'><strong>itt</strong></span> <span class='ocrx_word' id='word_1_527' title='bbox 2303 3354 2557 3424; x_wconf 82' lang='lat' dir='ltr'><strong>paradiso</strong></span> <span class='ocrx_word' id='word_1_528' title='bbox 2591 3354 2761 3406; x_wconf 82' lang='lat' dir='ltr'><strong>Adam</strong></span> <span class='ocrx_word' id='word_1_529' title='bbox 2788 3362 2840 3406; x_wconf 91' lang='lat' dir='ltr'><strong>ct</strong></span> <span class='ocrx_word' id='word_1_530' title='bbox 2875 3354 3005 3417; x_wconf 81' lang='lat' dir='ltr'><strong>Eva,</strong></span> <span class='ocrx_word' id='word_1_531' title='bbox 3035 3367 3098 3404; x_wconf 89' lang='lat' dir='ltr'><strong>ac</strong></span> <span class='ocrx_word' id='word_1_532' title='bbox 3127 3351 3321 3420; x_wconf 83' lang='lat' dir='ltr'><strong>reliqui</strong></span> <span class='ocrx_word' id='word_1_533' title='bbox 3355 3365 3417 3402; x_wconf 86' lang='lat' dir='ltr'><strong>ex</strong></span> <span class='ocrx_word' id='word_1_534' title='bbox 3453 3348 3584 3417; x_wconf 90' lang='lat' dir='ltr'><strong>ipsis</strong></span> <span class='ocrx_word' id='word_1_535' title='bbox 3611 3343 3795 3398; x_wconf 55' lang='lat' dir='ltr'><strong>nasci-</strong></span> 
     </span>
    </p>
   </div>
   <div class='ocr_carea' id='block_1_76' title="bbox 2211 3435 3797 3514">
    <p class='ocr_par' dir='ltr' id='par_1_76' title="bbox 2211 3435 3797 3514">
     <span class='ocr_line' id='line_1_76' title="bbox 2211 3435 3797 3514; baseline -0.009 -13"><span class='ocrx_word' id='word_1_536' title='bbox 2211 3451 2344 3501; x_wconf 88' lang='lat' dir='ltr'><strong>turi.</strong></span> <span class='ocrx_word' id='word_1_537' title='bbox 2381 3446 2655 3500; x_wconf 83' lang='lat' dir='ltr'><strong>Vicesimo</strong></span> <span class='ocrx_word' id='word_1_538' title='bbox 2680 3445 2914 3514; x_wconf 86' lang='lat' dir='ltr'><strong>septimo</strong></span> <span class='ocrx_word' id='word_1_539' title='bbox 2937 3454 3131 3513; x_wconf 80' lang='lat' dir='ltr'><strong>agetur</strong></span> <span class='ocrx_word' id='word_1_540' title='bbox 3149 3443 3213 3496; x_wconf 86' lang='lat' dir='ltr'><strong>de</strong></span> <span class='ocrx_word' id='word_1_541' title='bbox 3241 3449 3490 3511; x_wconf 85' lang='lat' dir='ltr'><strong>serpente</strong></span> <span class='ocrx_word' id='word_1_542' title='bbox 3514 3438 3605 3509; x_wconf 82' lang='lat' dir='ltr'><strong>qui</strong></span> <span class='ocrx_word' id='word_1_543' title='bbox 3631 3435 3797 3488; x_wconf 83' lang='lat' dir='ltr'><strong>Evam</strong></span> 
     </span>
    </p>
   </div>
   <div class='ocr_carea' id='block_1_77' title="bbox 2205 3530 3802 3604">
    <p class='ocr_par' dir='ltr' id='par_1_77' title="bbox 2205 3530 3802 3604">
     <span class='ocr_line' id='line_1_77' title="bbox 2205 3530 3802 3604; baseline -0.008 -14"><span class='ocrx_word' id='word_1_544' title='bbox 2205 3537 2428 3590; x_wconf 89' lang='lat' dir='ltr'><strong>adortus</strong></span> <span class='ocrx_word' id='word_1_545' title='bbox 2447 3532 2967 3604; x_wconf 81' lang='lat' dir='ltr'><strong>decepit.Vicesimo</strong></span> <span class='ocrx_word' id='word_1_546' title='bbox 3009 3544 3203 3586; x_wconf 79' lang='lat' dir='ltr'><strong>octavo</strong></span> <span class='ocrx_word' id='word_1_547' title='bbox 3251 3532 3507 3600; x_wconf 86' lang='lat' dir='ltr'><strong>denique,</strong></span> <span class='ocrx_word' id='word_1_548' title='bbox 3535 3530 3660 3582; x_wconf 85' lang='lat' dir='ltr'><strong>inter</strong></span> <span class='ocrx_word' id='word_1_549' title='bbox 3675 3541 3802 3596; x_wconf 83' lang='lat' dir='ltr'><strong>pte-</strong></span> 
     </span>
    </p>
   </div>
   <div class='ocr_carea' id='block_1_78' title="bbox 2225 3621 3880 3697">
    <p class='ocr_par' dir='ltr' id='par_1_78' title="bbox 2225 3621 3880 3697">
     <span class='ocr_line' id='line_1_78' title="bbox 2225 3621 3880 3697; baseline -0.01 -14"><span class='ocrx_word' id='word_1_550' title='bbox 2225 3631 2488 3684; x_wconf 81' lang='lat' dir='ltr'><strong>tabantur</strong></span> <span class='ocrx_word' id='word_1_551' title='bbox 2525 3646 2588 3683; x_wconf 89' lang='lat' dir='ltr'><strong>ea</strong></span> <span class='ocrx_word' id='word_1_552' title='bbox 2620 3630 2804 3695; x_wconf 85' lang='lat' dir='ltr'><strong>verba,</strong></span> <span class='ocrx_word' id='word_1_553' title='bbox 2834 3644 2956 3697; x_wconf 70' lang='lat' dir='ltr'><strong>quae</strong></span> <span class='ocrx_word' id='word_1_554' title='bbox 2985 3628 3178 3681; x_wconf 86' lang='lat' dir='ltr'><strong>beatus</strong></span> <span class='ocrx_word' id='word_1_555' title='bbox 3214 3625 3389 3677; x_wconf 84' lang='lat' dir='ltr'><strong>Moses</strong></span> <span class='ocrx_word' id='word_1_556' title='bbox 3418 3623 3617 3689; x_wconf 83' lang='lat' dir='ltr'><strong>scripta</strong></span> <span class='ocrx_word' id='word_1_557' title='bbox 3676 3621 3801 3671; x_wconf 85' lang='lat' dir='ltr'><strong>reli-</strong></span> <span class='ocrx_word' id='word_1_558' title='bbox 3873 3653 3880 3658; x_wconf 93' lang='grc'><strong>-</strong></span> 
     </span>
    </p>
   </div>
   <div class='ocr_carea' id='block_1_79' title="bbox 2226 3713 3806 3790">
    <p class='ocr_par' dir='ltr' id='par_1_79' title="bbox 2226 3713 3806 3790">
     <span class='ocr_line' id='line_1_79' title="bbox 2226 3713 3806 3790; baseline -0.008 -18"><span class='ocrx_word' id='word_1_559' title='bbox 2226 3722 2345 3790; x_wconf 91' lang='lat' dir='ltr'><strong>quit</strong></span> <span class='ocrx_word' id='word_1_560' title='bbox 2379 3723 2443 3775; x_wconf 89' lang='lat' dir='ltr'><strong>de</strong></span> <span class='ocrx_word' id='word_1_561' title='bbox 2480 3719 2738 3790; x_wconf 88' lang='lat' dir='ltr'><strong>paradiso</strong></span> <span class='ocrx_word' id='word_1_562' title='bbox 2768 3729 2820 3773; x_wconf 89' lang='lat' dir='ltr'><strong>et</strong></span> <span class='ocrx_word' id='word_1_563' title='bbox 2852 3719 2918 3772; x_wconf 88' lang='lat' dir='ltr'><strong>de</strong></span> <span class='ocrx_word' id='word_1_564' title='bbox 2949 3717 3016 3771; x_wconf 86' lang='lat' dir='ltr'><strong>iis</strong></span> <span class='ocrx_word' id='word_1_565' title='bbox 3073 3733 3196 3786; x_wconf 78' lang='lat' dir='ltr'><strong>qua:</strong></span> <span class='ocrx_word' id='word_1_566' title='bbox 3261 3717 3312 3770; x_wconf 88' lang='lat' dir='ltr'><strong>itt</strong></span> <span class='ocrx_word' id='word_1_567' title='bbox 3367 3713 3621 3784; x_wconf 73' lang='lat' dir='ltr'><strong>paradiso</strong></span> <span class='ocrx_word' id='word_1_568' title='bbox 3686 3717 3806 3761; x_wconf 84' lang='lat' dir='ltr'><strong>acta</strong></span> 
     </span>
    </p>
   </div>
   <div class='ocr_carea' id='block_1_80' title="bbox 2227 3802 3805 3883">
    <p class='ocr_par' dir='ltr' id='par_1_80' title="bbox 2227 3802 3805 3883">
     <span class='ocr_line' id='line_1_80' title="bbox 2227 3802 3805 3883; baseline -0.01 -14"><span class='ocrx_word' id='word_1_569' title='bbox 2227 3825 2356 3869; x_wconf 89' lang='lat' dir='ltr'><strong>sunt</strong></span> <span class='ocrx_word' id='word_1_570' title='bbox 2405 3830 2509 3868; x_wconf 91' lang='lat' dir='ltr'><strong>non</strong></span> <span class='ocrx_word' id='word_1_571' title='bbox 2561 3813 2780 3883; x_wconf 88' lang='lat' dir='ltr'><strong>quidem</strong></span> <span class='ocrx_word' id='word_1_572' title='bbox 2843 3811 3088 3876; x_wconf 74' lang='lat' dir='ltr'><strong>mystice,</strong></span> <span class='ocrx_word' id='word_1_573' title='bbox 3149 3809 3243 3864; x_wconf 88' lang='lat' dir='ltr'><strong>sed</strong></span> <span class='ocrx_word' id='word_1_574' title='bbox 3294 3809 3367 3862; x_wconf 89' lang='lat' dir='ltr'><strong>ita</strong></span> <span class='ocrx_word' id='word_1_575' title='bbox 3435 3818 3495 3861; x_wconf 88' lang='lat' dir='ltr'><strong>ut</strong></span> <span class='ocrx_word' id='word_1_576' title='bbox 3549 3819 3637 3857; x_wconf 87' lang='lat' dir='ltr'><strong>res</strong></span> <span class='ocrx_word' id='word_1_577' title='bbox 3675 3802 3805 3870; x_wconf 61' lang='lat' dir='ltr'><strong>ipsa:</strong></span> 
     </span>
    </p>
   </div>
   <div class='ocr_carea' id='block_1_81' title="bbox 2225 3907 2589 3976">
    <p class='ocr_par' dir='ltr' id='par_1_81' title="bbox 2225 3907 2589 3976">
     <span class='ocr_line' id='line_1_81' title="bbox 2225 3907 2589 3976; baseline 0 -16"><span class='ocrx_word' id='word_1_578' title='bbox 2225 3907 2589 3976; x_wconf 81' lang='lat' dir='ltr'><strong>explicentur.</strong></span> 
     </span>
    </p>
   </div>
   <div class='ocr_carea' id='block_1_82' title="bbox 1901 4149 3797 4174">
    <p class='ocr_par' dir='ltr' id='par_1_82' title="bbox 1901 4149 3797 4174">
     <span class='ocr_line' id='line_1_82' title="bbox 1901 4149 3797 4174; baseline -0.005 4"><span class='ocrx_word' id='word_1_579' title='bbox 1901 4149 3797 4174; x_wconf 52' lang='grc' dir='ltr'><em>Μ</em></span> 
     </span>
    </p>
   </div>
   <div class='ocr_carea' id='block_1_83' title="bbox 1801 4289 2578 4378">
    <p class='ocr_par' dir='ltr' id='par_1_83' title="bbox 1801 4289 2578 4378">
     <span class='ocr_line' id='line_1_83' title="bbox 1801 4289 2578 4378; baseline -0.003 0"><span class='ocrx_word' id='word_1_580' title='bbox 1801 4290 2089 4378; x_wconf 78' lang='lat' dir='ltr'><strong>PARS</strong></span> <span class='ocrx_word' id='word_1_581' title='bbox 2162 4289 2578 4376; x_wconf 74' lang='lat' dir='ltr'><strong>PRIMA.</strong></span> 
     </span>
    </p>
   </div>
   <div class='ocr_carea' id='block_1_84' title="bbox 1037 4464 1637 4523">
    <p class='ocr_par' dir='ltr' id='par_1_84' title="bbox 1037 4464 1637 4523">
     <span class='ocr_line' id='line_1_84' title="bbox 1037 4464 1637 4523; baseline -0.002 -2"><span class='ocrx_word' id='word_1_582' title='bbox 1037 4464 1270 4522; x_wconf 82' lang='lat' dir='ltr'><strong>CAPUT</strong></span> <span class='ocrx_word' id='word_1_583' title='bbox 1344 4465 1637 4523; x_wconf 77' lang='lat' dir='ltr'><strong>PRIMUM.</strong></span> 
     </span>
    </p>
   </div>
   <div class='ocr_carea' id='block_1_85' title="bbox 616 4553 2129 4625">
    <p class='ocr_par' dir='ltr' id='par_1_85' title="bbox 616 4553 2129 4625">
     <span class='ocr_line' id='line_1_85' title="bbox 616 4553 2129 4625; baseline 0.001 -18"><span class='ocrx_word' id='word_1_584' title='bbox 616 4555 808 4608; x_wconf 84' lang='lat' dir='ltr'><strong>Utrum</strong></span> <span class='ocrx_word' id='word_1_585' title='bbox 832 4554 898 4607; x_wconf 74' lang='lat' dir='ltr'><strong>sit</strong></span> <span class='ocrx_word' id='word_1_586' title='bbox 924 4557 1210 4622; x_wconf 79' lang='lat' dir='ltr'><strong>paradisus</strong></span> <span class='ocrx_word' id='word_1_587' title='bbox 1240 4571 1319 4608; x_wconf 87' lang='lat' dir='ltr'><strong>res</strong></span> <span class='ocrx_word' id='word_1_588' title='bbox 1347 4566 1652 4625; x_wconf 83' lang='lat' dir='ltr'><strong>corporata,</strong></span> <span class='ocrx_word' id='word_1_589' title='bbox 1676 4572 1743 4608; x_wconf 90' lang='lat' dir='ltr'><strong>an</strong></span> <span class='ocrx_word' id='word_1_590' title='bbox 1794 4570 1911 4608; x_wconf 79' lang='lat' dir='ltr'><strong>vero</strong></span> <span class='ocrx_word' id='word_1_591' title='bbox 1952 4553 2020 4606; x_wconf 84' lang='lat' dir='ltr'><strong>ad</strong></span> <span class='ocrx_word' id='word_1_592' title='bbox 2048 4555 2129 4608; x_wconf 86' lang='lat' dir='ltr'><strong>in-</strong></span> 
     </span>
    </p>
   </div>
   <div class='ocr_carea' id='block_1_86' title="bbox 547 4649 2131 4718">
    <p class='ocr_par' dir='ltr' id='par_1_86' title="bbox 547 4649 2131 4718">
     <span class='ocr_line' id='line_1_86' title="bbox 547 4649 2131 4718; baseline -0.002 -15"><span class='ocrx_word' id='word_1_593' title='bbox 547 4650 897 4717; x_wconf 77' lang='lat' dir='ltr'><strong>telligentiam</strong></span> <span class='ocrx_word' id='word_1_594' title='bbox 931 4649 1123 4701; x_wconf 78' lang='lat' dir='ltr'><strong>mentis</strong></span> <span class='ocrx_word' id='word_1_595' title='bbox 1151 4651 1434 4716; x_wconf 79' lang='lat' dir='ltr'><strong>pertinens.</strong></span> <span class='ocrx_word' id='word_1_596' title='bbox 1455 4679 1509 4688; x_wconf 92' lang='lat'><strong><em>—</em></strong></span> <span class='ocrx_word' id='word_1_597' title='bbox 1537 4649 1610 4702; x_wconf 85' lang='lat' dir='ltr'><strong>De</strong></span> <span class='ocrx_word' id='word_1_598' title='bbox 1628 4649 1901 4718; x_wconf 87' lang='lat' dir='ltr'><strong>paradiso,</strong></span> <span class='ocrx_word' id='word_1_599' title='bbox 1932 4649 1997 4702; x_wconf 87' lang='lat' dir='ltr'><strong>de</strong></span> <span class='ocrx_word' id='word_1_600' title='bbox 2021 4664 2131 4718; x_wconf 90' lang='lat' dir='ltr'><strong>quo</strong></span> 
     </span>
    </p>
   </div>
   <div class='ocr_carea' id='block_1_87' title="bbox 548 4738 2128 4807">
    <p class='ocr_par' dir='ltr' id='par_1_87' title="bbox 548 4738 2128 4807">
     <span class='ocr_line' id='line_1_87' title="bbox 548 4738 2128 4807; baseline 0.001 -15"><span class='ocrx_word' id='word_1_601' title='bbox 548 4740 609 4792; x_wconf 77' lang='lat' dir='ltr'><strong>lt.</strong></span> <span class='ocrx_word' id='word_1_602' title='bbox 639 4738 816 4792; x_wconf 75' lang='lat' dir='ltr'><strong>Moses</strong></span> <span class='ocrx_word' id='word_1_603' title='bbox 846 4742 1067 4807; x_wconf 80' lang='lat' dir='ltr'><strong>scripsit</strong></span> <span class='ocrx_word' id='word_1_604' title='bbox 1101 4741 1185 4792; x_wconf 88' lang='lat' dir='ltr'><strong>bis</strong></span> <span class='ocrx_word' id='word_1_605' title='bbox 1217 4740 1395 4794; x_wconf 75' lang='lat' dir='ltr'><strong>verbis</strong></span> <span class='ocrx_word' id='word_1_606' title='bbox 1431 4758 1445 4794; x_wconf 92' lang='lat'><strong>:</strong></span> <span class='ocrx_word' id='word_1_607' title='bbox 1496 4739 1840 4794; x_wconf 84' lang='lat' dir='ltr'><strong>Ptantaverat</strong></span> <span class='ocrx_word' id='word_1_608' title='bbox 1873 4740 2128 4794; x_wconf 83' lang='lat' dir='ltr'><strong>Dominus</strong></span> 
     </span>
    </p>
   </div>
   <div class='ocr_carea' id='block_1_88' title="bbox 547 4829 2132 4900">
    <p class='ocr_par' dir='ltr' id='par_1_88' title="bbox 547 4829 2132 4900">
     <span class='ocr_line' id='line_1_88' title="bbox 547 4829 2132 4900; baseline 0.001 -17"><span class='ocrx_word' id='word_1_609' title='bbox 547 4831 684 4884; x_wconf 78' lang='lat' dir='ltr'><strong>Deus</strong></span> <span class='ocrx_word' id='word_1_610' title='bbox 717 4830 1026 4898; x_wconf 80' lang='lat' dir='ltr'><strong>paradisum</strong></span> <span class='ocrx_word' id='word_1_611' title='bbox 1056 4831 1109 4882; x_wconf 87' lang='lat' dir='ltr'><strong>in</strong></span> <span class='ocrx_word' id='word_1_612' title='bbox 1143 4829 1288 4884; x_wconf 82' lang='lat' dir='ltr'><strong>Eden</strong></span> <span class='ocrx_word' id='word_1_613' title='bbox 1353 4837 1416 4886; x_wconf 79' lang='lat' dir='ltr'><strong>ab</strong></span> <span class='ocrx_word' id='word_1_614' title='bbox 1453 4835 1606 4886; x_wconf 85' lang='lat' dir='ltr'><strong>initio</strong></span> <span class='ocrx_word' id='word_1_615' title='bbox 1637 4875 1652 4900; x_wconf 92' lang='lat'><strong>,</strong></span> <span class='ocrx_word' id='word_1_616' title='bbox 1681 4834 1826 4888; x_wconf 85' lang='lat' dir='ltr'><strong>scire</strong></span> <span class='ocrx_word' id='word_1_617' title='bbox 1885 4834 2132 4887; x_wconf 63' lang='lat' dir='ltr'><strong>laborant.</strong></span> 
     </span>
    </p>
   </div>
   <div class='ocr_carea' id='block_1_89' title="bbox 550 4924 2122 4996">
    <p class='ocr_par' dir='ltr' id='par_1_89' title="bbox 550 4924 2122 4996">
     <span class='ocr_line' id='line_1_89' title="bbox 550 4924 2122 4996; baseline 0 -18"><span class='ocrx_word' id='word_1_618' title='bbox 550 4926 800 4978; x_wconf 85' lang='lat' dir='ltr'><strong>homines</strong></span> <span class='ocrx_word' id='word_1_619' title='bbox 832 4937 1012 4974; x_wconf 85' lang='lat' dir='ltr'><strong>rerum</strong></span> <span class='ocrx_word' id='word_1_620' title='bbox 1043 4924 1378 4991; x_wconf 53' lang='lat' dir='ltr'><strong>cognitionis</strong></span> <span class='ocrx_word' id='word_1_621' title='bbox 1409 4926 1618 4994; x_wconf 87' lang='lat' dir='ltr'><strong>cupidi,</strong></span> <span class='ocrx_word' id='word_1_622' title='bbox 1645 4926 1788 4980; x_wconf 89' lang='lat' dir='ltr'><strong>sitne</strong></span> <span class='ocrx_word' id='word_1_623' title='bbox 1831 4936 2122 4996; x_wconf 86' lang='lat' dir='ltr'><strong>corporata</strong></span> 
     </span>
    </p>
   </div>
   <div class='ocr_carea' id='block_1_90' title="bbox 549 5017 2126 5087">
    <p class='ocr_par' dir='ltr' id='par_1_90' title="bbox 549 5017 2126 5087">
     <span class='ocr_line' id='line_1_90' title="bbox 549 5017 2126 5087; baseline -0.001 -15"><span class='ocrx_word' id='word_1_624' title='bbox 549 5035 660 5082; x_wconf 82' lang='lat' dir='ltr'><strong>res,</strong></span> <span class='ocrx_word' id='word_1_625' title='bbox 708 5033 776 5071; x_wconf 90' lang='lat' dir='ltr'><strong>an</strong></span> <span class='ocrx_word' id='word_1_626' title='bbox 817 5032 944 5069; x_wconf 85' lang='lat' dir='ltr'><strong>vero</strong></span> <span class='ocrx_word' id='word_1_627' title='bbox 975 5017 1318 5085; x_wconf 86' lang='lat' dir='ltr'><strong>incorporea,</strong></span> <span class='ocrx_word' id='word_1_628' title='bbox 1359 5029 1521 5085; x_wconf 88' lang='lat' dir='ltr'><strong>atque</strong></span> <span class='ocrx_word' id='word_1_629' title='bbox 1550 5019 1814 5087; x_wconf 84' lang='lat' dir='ltr'><strong>spiritalis</strong></span> <span class='ocrx_word' id='word_1_630' title='bbox 1839 5020 2126 5082; x_wconf 79' lang='lat' dir='ltr'><strong>duntaxat,</strong></span> 
     </span>
    </p>
   </div>
   <div class='ocr_carea' id='block_1_91' title="bbox 547 5107 2128 5176">
    <p class='ocr_par' dir='ltr' id='par_1_91' title="bbox 547 5107 2128 5176">
     <span class='ocr_line' id='line_1_91' title="bbox 547 5107 2128 5176; baseline -0.003 -14"><span class='ocrx_word' id='word_1_631' title='bbox 547 5119 604 5162; x_wconf 79' lang='lat' dir='ltr'><strong>cl.</strong></span> <span class='ocrx_word' id='word_1_632' title='bbox 637 5110 750 5163; x_wconf 88' lang='lat' dir='ltr'><strong>sola</strong></span> <span class='ocrx_word' id='word_1_633' title='bbox 788 5107 1140 5175; x_wconf 81' lang='lat' dir='ltr'><strong>intelligentia</strong></span> <span class='ocrx_word' id='word_1_634' title='bbox 1173 5108 1508 5176; x_wconf 79' lang='lat' dir='ltr'><strong>spectabilis.</strong></span> <span class='ocrx_word' id='word_1_635' title='bbox 1567 5108 1628 5161; x_wconf 82' lang='lat' dir='ltr'><strong>Et</strong></span> <span class='ocrx_word' id='word_1_636' title='bbox 1663 5108 1752 5161; x_wconf 90' lang='lat' dir='ltr'><strong>alii</strong></span> <span class='ocrx_word' id='word_1_637' title='bbox 1808 5108 2026 5176; x_wconf 84' lang='lat' dir='ltr'><strong>quidem</strong></span> <span class='ocrx_word' id='word_1_638' title='bbox 2057 5107 2128 5159; x_wconf 89' lang='lat' dir='ltr'><strong>ita</strong></span> 
     </span>
    </p>
   </div>
   <div class='ocr_carea' id='block_1_92' title="bbox 550 5198 2130 5275">
    <p class='ocr_par' dir='ltr' id='par_1_92' title="bbox 550 5198 2130 5275">
     <span class='ocr_line' id='line_1_92' title="bbox 550 5198 2130 5275; baseline -0.003 -21"><span class='ocrx_word' id='word_1_639' title='bbox 550 5219 613 5254; x_wconf 78' lang='lat' dir='ltr'><strong>ex</strong></span> <span class='ocrx_word' id='word_1_640' title='bbox 650 5202 975 5275; x_wconf 67' lang='lat' dir='ltr'><strong>corporibus</strong></span> <span class='ocrx_word' id='word_1_641' title='bbox 1018 5208 1277 5253; x_wconf 81' lang='lat' dir='ltr'><strong>constare</strong></span> <span class='ocrx_word' id='word_1_642' title='bbox 1306 5202 1483 5262; x_wconf 87' lang='lat' dir='ltr'><strong>aittnt,</strong></span> <span class='ocrx_word' id='word_1_643' title='bbox 1513 5209 1572 5254; x_wconf 90' lang='lat' dir='ltr'><strong>ut</strong></span> <span class='ocrx_word' id='word_1_644' title='bbox 1597 5202 1731 5253; x_wconf 89' lang='lat' dir='ltr'><strong>nihil</strong></span> <span class='ocrx_word' id='word_1_645' title='bbox 1760 5200 1957 5253; x_wconf 87' lang='lat' dir='ltr'><strong>habeat</strong></span> <span class='ocrx_word' id='word_1_646' title='bbox 1985 5198 2130 5268; x_wconf 86' lang='lat' dir='ltr'><strong>quod</strong></span> 
     </span>
    </p>
   </div>
   <div class='ocr_carea' id='block_1_93' title="bbox 550 5293 2132 5361">
    <p class='ocr_par' dir='ltr' id='par_1_93' title="bbox 550 5293 2132 5361">
     <span class='ocr_line' id='line_1_93' title="bbox 550 5293 2132 5361; baseline -0.003 -15"><span class='ocrx_word' id='word_1_647' title='bbox 550 5298 615 5346; x_wconf 90' lang='lat' dir='ltr'><strong>ad</strong></span> <span class='ocrx_word' id='word_1_648' title='bbox 644 5300 874 5346; x_wconf 86' lang='lat' dir='ltr'><strong>utentem</strong></span> <span class='ocrx_word' id='word_1_649' title='bbox 909 5303 1113 5361; x_wconf 88' lang='lat' dir='ltr'><strong>spectet</strong></span> <span class='ocrx_word' id='word_1_650' title='bbox 1140 5307 1155 5357; x_wconf 85' lang='lat'><strong>;</strong></span> <span class='ocrx_word' id='word_1_651' title='bbox 1186 5293 1275 5344; x_wconf 89' lang='lat' dir='ltr'><strong>alii</strong></span> <span class='ocrx_word' id='word_1_652' title='bbox 1306 5309 1433 5345; x_wconf 89' lang='lat' dir='ltr'><strong>vero</strong></span> <span class='ocrx_word' id='word_1_653' title='bbox 1465 5293 1538 5344; x_wconf 88' lang='lat' dir='ltr'><strong>ita</strong></span> <span class='ocrx_word' id='word_1_654' title='bbox 1571 5293 1637 5346; x_wconf 87' lang='lat' dir='ltr'><strong>ad</strong></span> <span class='ocrx_word' id='word_1_655' title='bbox 1689 5293 1860 5346; x_wconf 90' lang='lat' dir='ltr'><strong>solam</strong></span> <span class='ocrx_word' id='word_1_656' title='bbox 1901 5303 2132 5345; x_wconf 68' lang='lat' dir='ltr'><strong>menti-tn</strong></span> 
     </span>
    </p>
   </div>
   <div class='ocr_carea' id='block_1_94' title="bbox 554 5384 2132 5453">
    <p class='ocr_par' dir='ltr' id='par_1_94' title="bbox 554 5384 2132 5453">
     <span class='ocr_line' id='line_1_94' title="bbox 554 5384 2132 5453; baseline -0.001 -16"><span class='ocrx_word' id='word_1_657' title='bbox 554 5387 826 5453; x_wconf 69' lang='lat' dir='ltr'><strong>p»-rtinere</strong></span> <span class='ocrx_word' id='word_1_658' title='bbox 857 5393 1070 5452; x_wconf 84' lang='lat' dir='ltr'><strong>putant,</strong></span> <span class='ocrx_word' id='word_1_659' title='bbox 1132 5394 1191 5437; x_wconf 91' lang='lat' dir='ltr'><strong>ut</strong></span> <span class='ocrx_word' id='word_1_660' title='bbox 1250 5386 1477 5438; x_wconf 90' lang='lat' dir='ltr'><strong>omnino</strong></span> <span class='ocrx_word' id='word_1_661' title='bbox 1526 5385 1845 5451; x_wconf 87' lang='lat' dir='ltr'><strong>incorporea</strong></span> <span class='ocrx_word' id='word_1_662' title='bbox 1904 5400 1990 5437; x_wconf 86' lang='lat' dir='ltr'><strong>res</strong></span> <span class='ocrx_word' id='word_1_663' title='bbox 2040 5384 2132 5436; x_wconf 89' lang='lat' dir='ltr'><strong>sit.</strong></span> 
     </span>
    </p>
   </div>
   <div class='ocr_carea' id='block_1_95' title="bbox 558 5475 2141 5545">
    <p class='ocr_par' dir='ltr' id='par_1_95' title="bbox 558 5475 2141 5545">
     <span class='ocr_line' id='line_1_95' title="bbox 558 5475 2141 5545; baseline 0.001 -19"><span class='ocrx_word' id='word_1_664' title='bbox 558 5478 698 5528; x_wconf 74' lang='lat' dir='ltr'><strong>Sunt</strong></span> <span class='ocrx_word' id='word_1_665' title='bbox 727 5476 892 5530; x_wconf 85' lang='lat' dir='ltr'><strong>etiam</strong></span> <span class='ocrx_word' id='word_1_666' title='bbox 935 5476 1029 5545; x_wconf 90' lang='lat' dir='ltr'><strong>qui</strong></span> <span class='ocrx_word' id='word_1_667' title='bbox 1088 5475 1229 5530; x_wconf 90' lang='lat' dir='ltr'><strong>duos</strong></span> <span class='ocrx_word' id='word_1_668' title='bbox 1279 5492 1402 5530; x_wconf 85' lang='lat' dir='ltr'><strong>esse</strong></span> <span class='ocrx_word' id='word_1_669' title='bbox 1437 5477 1623 5530; x_wconf 88' lang='lat' dir='ltr'><strong>dicattt</strong></span> <span class='ocrx_word' id='word_1_670' title='bbox 1659 5476 1964 5545; x_wconf 83' lang='lat' dir='ltr'><strong>paradisus,</strong></span> <span class='ocrx_word' id='word_1_671' title='bbox 2005 5477 2141 5529; x_wconf 85' lang='lat' dir='ltr'><strong>alte-</strong></span> 
     </span>
    </p>
   </div>
   <div class='ocr_carea' id='block_1_96' title="bbox 558 5563 2145 5636">
    <p class='ocr_par' dir='ltr' id='par_1_96' title="bbox 558 5563 2145 5636">
     <span class='ocr_line' id='line_1_96' title="bbox 558 5563 2145 5636; baseline 0.003 -21"><span class='ocrx_word' id='word_1_672' title='bbox 558 5578 678 5616; x_wconf 86' lang='lat' dir='ltr'><strong>rum</strong></span> <span class='ocrx_word' id='word_1_673' title='bbox 710 5579 1090 5636; x_wconf 87' lang='lat' dir='ltr'><strong>corporatum,</strong></span> <span class='ocrx_word' id='word_1_674' title='bbox 1129 5567 1512 5635; x_wconf 88' lang='lat' dir='ltr'><strong>incorporeum</strong></span> <span class='ocrx_word' id='word_1_675' title='bbox 1563 5566 1820 5620; x_wconf 90' lang='lat' dir='ltr'><strong>alterum.</strong></span> <span class='ocrx_word' id='word_1_676' title='bbox 1883 5563 1988 5620; x_wconf 86' lang='lat' dir='ltr'><strong>Sed</strong></span> <span class='ocrx_word' id='word_1_677' title='bbox 2046 5582 2145 5620; x_wconf 86' lang='lat' dir='ltr'><strong>nos</strong></span> 
     </span>
    </p>
   </div>
   <div class='ocr_carea' id='block_1_97' title="bbox 629 5745 1452 5818">
    <p class='ocr_par' dir='ltr' id='par_1_97' title="bbox 629 5745 1452 5818">
     <span class='ocr_line' id='line_1_97' title="bbox 629 5745 1452 5818; baseline 0.005 -18"><span class='ocrx_word' id='word_1_678' title='bbox 629 5748 646 5779; x_wconf 81' lang='grc' dir='ltr'>ί</span> <span class='ocrx_word' id='word_1_679' title='bbox 681 5745 836 5801; x_wconf 77' lang='lat' dir='ltr'><strong>Joan.</strong></span> <span class='ocrx_word' id='word_1_680' title='bbox 882 5766 924 5814; x_wconf 85' lang='grc' dir='ltr'><strong>ι,</strong></span> <span class='ocrx_word' id='word_1_681' title='bbox 954 5750 1011 5805; x_wconf 82' lang='lat'><strong>9.</strong></span> <span class='ocrx_word' id='word_1_682' title='bbox 1087 5753 1106 5783; x_wconf 83' lang='grc'><strong><em>⁸</em></strong></span> <span class='ocrx_word' id='word_1_683' title='bbox 1147 5749 1284 5806; x_wconf 86' lang='lat' dir='ltr'><strong>Gen.</strong></span> <span class='ocrx_word' id='word_1_684' title='bbox 1326 5765 1385 5818; x_wconf 84' lang='lat' dir='ltr'><strong>tt,</strong></span> <span class='ocrx_word' id='word_1_685' title='bbox 1419 5749 1452 5804; x_wconf 92' lang='lat'>8</span> 
     </span>
    </p>
   </div>
   <div class='ocr_carea' id='block_1_98' title="bbox 2165 4455 3812 4534">
    <p class='ocr_par' dir='ltr' id='par_1_98' title="bbox 2165 4455 3812 4534">
     <span class='ocr_line' id='line_1_98' title="bbox 2165 4455 3812 4534; baseline -0.005 -17"><span class='ocrx_word' id='word_1_686' title='bbox 2165 4472 2210 4528; x_wconf 84' lang='lat'><strong>0</strong></span> <span class='ocrx_word' id='word_1_687' title='bbox 2239 4464 2526 4518; x_wconf 84' lang='lat' dir='ltr'><strong>adversum</strong></span> <span class='ocrx_word' id='word_1_688' title='bbox 2570 4465 2691 4521; x_wconf 91' lang='lat' dir='ltr'><strong>illos</strong></span> <span class='ocrx_word' id='word_1_689' title='bbox 2714 4465 2804 4534; x_wconf 90' lang='lat' dir='ltr'><strong>qui</strong></span> <span class='ocrx_word' id='word_1_690' title='bbox 2849 4465 3008 4534; x_wconf 90' lang='lat' dir='ltr'><strong>plane</strong></span> <span class='ocrx_word' id='word_1_691' title='bbox 3035 4466 3384 4528; x_wconf 85' lang='lat' dir='ltr'><strong>corporatutn</strong></span> <span class='ocrx_word' id='word_1_692' title='bbox 3412 4455 3617 4520; x_wconf 86' lang='lat' dir='ltr'><strong>faciunt</strong></span> <span class='ocrx_word' id='word_1_693' title='bbox 3645 4470 3812 4524; x_wconf 79' lang='lat' dir='ltr'><strong>para-</strong></span> 
     </span>
    </p>
   </div>
   <div class='ocr_carea' id='block_1_99' title="bbox 2236 4556 3812 4622">
    <p class='ocr_par' dir='ltr' id='par_1_99' title="bbox 2236 4556 3812 4622">
     <span class='ocr_line' id='line_1_99' title="bbox 2236 4556 3812 4622; baseline -0.006 -10"><span class='ocrx_word' id='word_1_694' title='bbox 2236 4560 2441 4620; x_wconf 90' lang='lat' dir='ltr'><strong>disum,</strong></span> <span class='ocrx_word' id='word_1_695' title='bbox 2470 4559 2644 4613; x_wconf 88' lang='lat' dir='ltr'><strong>tribus</strong></span> <span class='ocrx_word' id='word_1_696' title='bbox 2664 4559 2926 4613; x_wconf 87' lang='lat' dir='ltr'><strong>utendum</strong></span> <span class='ocrx_word' id='word_1_697' title='bbox 2951 4556 3253 4610; x_wconf 89' lang='lat' dir='ltr'><strong>rationibus</strong></span> <span class='ocrx_word' id='word_1_698' title='bbox 3280 4562 3554 4622; x_wconf 86' lang='lat' dir='ltr'><strong>putamus,</strong></span> <span class='ocrx_word' id='word_1_699' title='bbox 3577 4565 3812 4618; x_wconf 86' lang='lat' dir='ltr'><strong>quarum</strong></span> 
     </span>
    </p>
   </div>
   <div class='ocr_carea' id='block_1_100' title="bbox 2237 4641 3812 4721">
    <p class='ocr_par' dir='ltr' id='par_1_100' title="bbox 2237 4641 3812 4721">
     <span class='ocr_line' id='line_1_100' title="bbox 2237 4641 3812 4721; baseline -0.006 -18"><span class='ocrx_word' id='word_1_700' title='bbox 2237 4652 2411 4721; x_wconf 84' lang='lat' dir='ltr'><strong>prima</strong></span> <span class='ocrx_word' id='word_1_701' title='bbox 2448 4661 2573 4705; x_wconf 89' lang='lat' dir='ltr'><strong>est:</strong></span> <span class='ocrx_word' id='word_1_702' title='bbox 2607 4651 2663 4705; x_wconf 91' lang='lat' dir='ltr'><strong>Si</strong></span> <span class='ocrx_word' id='word_1_703' title='bbox 2716 4652 2941 4705; x_wconf 89' lang='lat' dir='ltr'><strong>omnino</strong></span> <span class='ocrx_word' id='word_1_704' title='bbox 2997 4663 3294 4718; x_wconf 83' lang='lat' dir='ltr'><strong>corporeus</strong></span> <span class='ocrx_word' id='word_1_705' title='bbox 3352 4654 3436 4698; x_wconf 90' lang='lat' dir='ltr'><strong>est</strong></span> <span class='ocrx_word' id='word_1_706' title='bbox 3499 4641 3812 4712; x_wconf 85' lang='lat' dir='ltr'><strong>paradisus,</strong></span> 
     </span>
    </p>
   </div>
   <div class='ocr_carea' id='block_1_101' title="bbox 2237 4733 3813 4813">
    <p class='ocr_par' dir='ltr' id='par_1_101' title="bbox 2237 4733 3813 4813">
     <span class='ocr_line' id='line_1_101' title="bbox 2237 4733 3813 4813; baseline -0.009 -15"><span class='ocrx_word' id='word_1_707' title='bbox 2237 4760 2439 4813; x_wconf 89' lang='lat' dir='ltr'><strong>corpus</strong></span> <span class='ocrx_word' id='word_1_708' title='bbox 2470 4745 2648 4798; x_wconf 88' lang='lat' dir='ltr'><strong>solum</strong></span> <span class='ocrx_word' id='word_1_709' title='bbox 2703 4745 2831 4797; x_wconf 73' lang='lat' dir='ltr'><strong>Atla:</strong></span> <span class='ocrx_word' id='word_1_710' title='bbox 2883 4742 2934 4795; x_wconf 89' lang='lat' dir='ltr'><strong>itt</strong></span> <span class='ocrx_word' id='word_1_711' title='bbox 2981 4742 3098 4810; x_wconf 88' lang='lat' dir='ltr'><strong>ipso</strong></span> <span class='ocrx_word' id='word_1_712' title='bbox 3146 4737 3571 4792; x_wconf 79' lang='lat' dir='ltr'><strong>oblectabatur:</strong></span> <span class='ocrx_word' id='word_1_713' title='bbox 3629 4733 3813 4786; x_wconf 88' lang='lat' dir='ltr'><strong>anima</strong></span> 
     </span>
    </p>
   </div>
   <div class='ocr_carea' id='block_1_102' title="bbox 2237 4827 3818 4902">
    <p class='ocr_par' dir='ltr' id='par_1_102' title="bbox 2237 4827 3818 4902">
     <span class='ocr_line' id='line_1_102' title="bbox 2237 4827 3818 4902; baseline -0.007 -15"><span class='ocrx_word' id='word_1_714' title='bbox 2237 4853 2364 4890; x_wconf 86' lang='lat' dir='ltr'><strong>vero</strong></span> <span class='ocrx_word' id='word_1_715' title='bbox 2411 4853 2516 4890; x_wconf 91' lang='lat' dir='ltr'><strong>non</strong></span> <span class='ocrx_word' id='word_1_716' title='bbox 2553 4840 2701 4890; x_wconf 81' lang='lat' dir='ltr'><strong>item.</strong></span> <span class='ocrx_word' id='word_1_717' title='bbox 2733 4834 2867 4889; x_wconf 88' lang='lat' dir='ltr'><strong>Nam</strong></span> <span class='ocrx_word' id='word_1_718' title='bbox 2902 4843 3190 4902; x_wconf 88' lang='lat' dir='ltr'><strong>corporata</strong></span> <span class='ocrx_word' id='word_1_719' title='bbox 3243 4846 3330 4883; x_wconf 84' lang='lat' dir='ltr'><strong>res</strong></span> <span class='ocrx_word' id='word_1_720' title='bbox 3362 4845 3467 4882; x_wconf 91' lang='lat' dir='ltr'><strong>non</strong></span> <span class='ocrx_word' id='word_1_721' title='bbox 3501 4827 3818 4896; x_wconf 78' lang='lat' dir='ltr'><strong>potestatu-</strong></span> 
     </span>
    </p>
   </div>
   <div class='ocr_carea' id='block_1_103' title="bbox 2239 4917 3816 4997">
    <p class='ocr_par' dir='ltr' id='par_1_103' title="bbox 2239 4917 3816 4997">
     <span class='ocr_line' id='line_1_103' title="bbox 2239 4917 3816 4997; baseline -0.008 -17"><span class='ocrx_word' id='word_1_722' title='bbox 2239 4945 2413 4996; x_wconf 83' lang='lat' dir='ltr'><strong>mum,</strong></span> <span class='ocrx_word' id='word_1_723' title='bbox 2448 4929 2540 4997; x_wconf 90' lang='lat' dir='ltr'><strong>qui</strong></span> <span class='ocrx_word' id='word_1_724' title='bbox 2577 4928 2803 4997; x_wconf 86' lang='lat' dir='ltr'><strong>spiritus</strong></span> <span class='ocrx_word' id='word_1_725' title='bbox 2849 4938 2953 4992; x_wconf 89' lang='lat' dir='ltr'><strong>est,</strong></span> <span class='ocrx_word' id='word_1_726' title='bbox 2984 4925 3202 4980; x_wconf 81' lang='lat' dir='ltr'><strong>afficere</strong></span> <span class='ocrx_word' id='word_1_727' title='bbox 3254 4923 3552 4991; x_wconf 86' lang='lat' dir='ltr'><strong>voluptate,</strong></span> <span class='ocrx_word' id='word_1_728' title='bbox 3577 4932 3687 4987; x_wconf 90' lang='lat' dir='ltr'><strong>quo</strong></span> <span class='ocrx_word' id='word_1_729' title='bbox 3726 4917 3816 4970; x_wconf 84' lang='lat' dir='ltr'><strong>li--t</strong></span> 
     </span>
    </p>
   </div>
   <div class='ocr_carea' id='block_1_104' title="bbox 2240 5012 3818 5084">
    <p class='ocr_par' dir='ltr' id='par_1_104' title="bbox 2240 5012 3818 5084">
     <span class='ocr_line' id='line_1_104' title="bbox 2240 5012 3818 5084; baseline -0.008 -10"><span class='ocrx_word' id='word_1_730' title='bbox 2240 5030 2299 5074; x_wconf 90' lang='lat' dir='ltr'><strong>ut</strong></span> <span class='ocrx_word' id='word_1_731' title='bbox 2354 5020 2562 5074; x_wconf 87' lang='lat' dir='ltr'><strong>fraudis</strong></span> <span class='ocrx_word' id='word_1_732' title='bbox 2625 5036 2752 5075; x_wconf 91' lang='lat' dir='ltr'><strong>reus</strong></span> <span class='ocrx_word' id='word_1_733' title='bbox 2813 5019 2982 5073; x_wconf 77' lang='lat' dir='ltr'><strong>videri</strong></span> <span class='ocrx_word' id='word_1_734' title='bbox 3039 5018 3182 5071; x_wconf 88' lang='lat' dir='ltr'><strong>Deus</strong></span> <span class='ocrx_word' id='word_1_735' title='bbox 3229 5013 3669 5084; x_wconf 70' lang='lat' dir='ltr'><strong>possit,&#39;qnippe</strong></span> <span class='ocrx_word' id='word_1_736' title='bbox 3721 5012 3818 5079; x_wconf 87' lang='lat' dir='ltr'><strong>qui</strong></span> 
     </span>
    </p>
   </div>
   <div class='ocr_carea' id='block_1_105' title="bbox 2241 5102 3823 5181">
    <p class='ocr_par' dir='ltr' id='par_1_105' title="bbox 2241 5102 3823 5181">
     <span class='ocr_line' id='line_1_105' title="bbox 2241 5102 3823 5181; baseline -0.007 -17"><span class='ocrx_word' id='word_1_737' title='bbox 2241 5113 2396 5181; x_wconf 86' lang='lat' dir='ltr'><strong>quasi</strong></span> <span class='ocrx_word' id='word_1_738' title='bbox 2421 5112 2723 5165; x_wconf 78' lang='lat' dir='ltr'><strong>obleclandi</strong></span> <span class='ocrx_word' id='word_1_739' title='bbox 2756 5111 2884 5164; x_wconf 67' lang='lat' dir='ltr'><strong>Ada:</strong></span> <span class='ocrx_word' id='word_1_740' title='bbox 2928 5109 3096 5180; x_wconf 72' lang='lat' dir='ltr'><strong>gratia</strong></span> <span class='ocrx_word' id='word_1_741' title='bbox 3142 5109 3456 5178; x_wconf 84' lang='lat' dir='ltr'><strong>paradisum</strong></span> <span class='ocrx_word' id='word_1_742' title='bbox 3489 5102 3823 5165; x_wconf 80' lang='lat' dir='ltr'><strong>condiderit,</strong></span> 
     </span>
    </p>
   </div>
   <div class='ocr_carea' id='block_1_106' title="bbox 2243 5195 3825 5262">
    <p class='ocr_par' dir='ltr' id='par_1_106' title="bbox 2243 5195 3825 5262">
     <span class='ocr_line' id='line_1_106' title="bbox 2243 5195 3825 5262; baseline -0.006 -9"><span class='ocrx_word' id='word_1_743' title='bbox 2243 5213 2296 5253; x_wconf 79' lang='lat' dir='ltr'><strong>et</strong></span> <span class='ocrx_word' id='word_1_744' title='bbox 2321 5212 2500 5254; x_wconf 85' lang='lat' dir='ltr'><strong>tamen</strong></span> <span class='ocrx_word' id='word_1_745' title='bbox 2551 5217 2658 5254; x_wconf 90' lang='lat' dir='ltr'><strong>tton</strong></span> <span class='ocrx_word' id='word_1_746' title='bbox 2701 5208 2874 5255; x_wconf 90' lang='lat' dir='ltr'><strong>totum</strong></span> <span class='ocrx_word' id='word_1_747' title='bbox 2906 5199 3196 5262; x_wconf 82' lang='lat' dir='ltr'><strong>Atlamutn,</strong></span> <span class='ocrx_word' id='word_1_748' title='bbox 3237 5196 3329 5250; x_wconf 86' lang='lat' dir='ltr'><strong>sed</strong></span> <span class='ocrx_word' id='word_1_749' title='bbox 3363 5197 3589 5248; x_wconf 90' lang='lat' dir='ltr'><strong>alteram</strong></span> <span class='ocrx_word' id='word_1_750' title='bbox 3624 5195 3825 5246; x_wconf 76' lang='lat' dir='ltr'><strong>duntu-</strong></span> 
     </span>
    </p>
   </div>
   <div class='ocr_carea' id='block_1_107' title="bbox 2249 5284 3826 5360">
    <p class='ocr_par' dir='ltr' id='par_1_107' title="bbox 2249 5284 3826 5360">
     <span class='ocr_line' id='line_1_107' title="bbox 2249 5284 3826 5360; baseline -0.006 -17"><span class='ocrx_word' id='word_1_751' title='bbox 2249 5303 2338 5343; x_wconf 84' lang='lat' dir='ltr'><strong>xat</strong></span> <span class='ocrx_word' id='word_1_752' title='bbox 2373 5292 2490 5357; x_wconf 67' lang='lat' dir='ltr'><strong>ejus</strong></span> <span class='ocrx_word' id='word_1_753' title='bbox 2517 5301 2721 5359; x_wconf 86' lang='lat' dir='ltr'><strong>partem</strong></span> <span class='ocrx_word' id='word_1_754' title='bbox 2755 5307 2876 5360; x_wconf 71' lang='lat' dir='ltr'><strong>qua:</strong></span> <span class='ocrx_word' id='word_1_755' title='bbox 2909 5304 3138 5358; x_wconf 82' lang='lat' dir='ltr'><strong>corpore</strong></span> <span class='ocrx_word' id='word_1_756' title='bbox 3173 5287 3482 5350; x_wconf 75' lang='lat' dir='ltr'><strong>constabat,</strong></span> <span class='ocrx_word' id='word_1_757' title='bbox 3543 5284 3826 5353; x_wconf 85' lang='lat' dir='ltr'><strong>voluptate</strong></span> 
     </span>
    </p>
   </div>
   <div class='ocr_carea' id='block_1_108' title="bbox 2247 5375 3827 5448">
    <p class='ocr_par' dir='ltr' id='par_1_108' title="bbox 2247 5375 3827 5448">
     <span class='ocr_line' id='line_1_108' title="bbox 2247 5375 3827 5448; baseline -0.006 -12"><span class='ocrx_word' id='word_1_758' title='bbox 2247 5383 2505 5436; x_wconf 85' lang='lat' dir='ltr'><strong>imbuerit</strong></span> <span class='ocrx_word' id='word_1_759' title='bbox 2533 5400 2548 5448; x_wconf 88' lang='lat'><strong>;</strong></span> <span class='ocrx_word' id='word_1_760' title='bbox 2583 5385 2804 5436; x_wconf 87' lang='lat' dir='ltr'><strong>alteram</strong></span> <span class='ocrx_word' id='word_1_761' title='bbox 2830 5398 2978 5443; x_wconf 88' lang='lat' dir='ltr'><strong>vero.</strong></span> <span class='ocrx_word' id='word_1_762' title='bbox 3009 5381 3247 5434; x_wconf 88' lang='lat' dir='ltr'><strong>animum</strong></span> <span class='ocrx_word' id='word_1_763' title='bbox 3280 5377 3490 5432; x_wconf 87' lang='lat' dir='ltr'><strong>scilicet</strong></span> <span class='ocrx_word' id='word_1_764' title='bbox 3527 5375 3827 5444; x_wconf 83' lang='lat' dir='ltr'><strong>voluptatis</strong></span> 
     </span>
    </p>
   </div>
   <div class='ocr_carea' id='block_1_109' title="bbox 2247 5465 3826 5543">
    <p class='ocr_par' dir='ltr' id='par_1_109' title="bbox 2247 5465 3826 5543">
     <span class='ocr_line' id='line_1_109' title="bbox 2247 5465 3826 5543; baseline -0.006 -16"><span class='ocrx_word' id='word_1_765' title='bbox 2247 5484 2528 5542; x_wconf 67' lang='lat' dir='ltr'><strong>estpertem</strong></span> <span class='ocrx_word' id='word_1_766' title='bbox 2578 5474 2876 5543; x_wconf 87' lang='lat' dir='ltr'><strong>reliquerit.</strong></span> <span class='ocrx_word' id='word_1_767' title='bbox 2943 5470 3189 5526; x_wconf 86' lang='lat' dir='ltr'><strong>Secunda</strong></span> <span class='ocrx_word' id='word_1_768' title='bbox 3247 5471 3385 5522; x_wconf 88' lang='lat' dir='ltr'><strong>ratio</strong></span> <span class='ocrx_word' id='word_1_769' title='bbox 3440 5469 3553 5522; x_wconf 72' lang='lat' dir='ltr'><strong>haec</strong></span> <span class='ocrx_word' id='word_1_770' title='bbox 3607 5477 3718 5532; x_wconf 89' lang='lat' dir='ltr'><strong>est,</strong></span> <span class='ocrx_word' id='word_1_771' title='bbox 3782 5465 3826 5518; x_wconf 82' lang='lat' dir='ltr'><strong>si</strong></span> 
     </span>
    </p>
   </div>
   <div class='ocr_carea' id='block_1_110' title="bbox 2257 5562 3829 5638">
    <p class='ocr_par' dir='ltr' id='par_1_110' title="bbox 2257 5562 3829 5638">
     <span class='ocr_line' id='line_1_110' title="bbox 2257 5562 3829 5638; baseline -0.004 -22"><span class='ocrx_word' id='word_1_772' title='bbox 2257 5567 2414 5636; x_wconf 84' lang='lat' dir='ltr'><strong>plane</strong></span> <span class='ocrx_word' id='word_1_773' title='bbox 2462 5578 2789 5638; x_wconf 75' lang='lat' dir='ltr'><strong>conparatus</strong></span> <span class='ocrx_word' id='word_1_774' title='bbox 2833 5578 2916 5621; x_wconf 87' lang='lat' dir='ltr'><strong>est</strong></span> <span class='ocrx_word' id='word_1_775' title='bbox 2987 5562 3271 5633; x_wconf 87' lang='lat' dir='ltr'><strong>paradisus</strong></span> <span class='ocrx_word' id='word_1_776' title='bbox 3299 5603 3315 5627; x_wconf 92' lang='lat'><strong>,</strong></span> <span class='ocrx_word' id='word_1_777' title='bbox 3356 5576 3700 5631; x_wconf 84' lang='lat' dir='ltr'><strong>consequens</strong></span> <span class='ocrx_word' id='word_1_778' title='bbox 3743 5566 3829 5614; x_wconf 82' lang='lat' dir='ltr'><strong>est</strong></span> 
     </span>
    </p>
   </div>
  </div>
