4088 6208
332 292 443 358 435

1468 288 1566 349 DE
1608 290 2005 352 PARADISO.
2047 315 2113 326 —
2154 291 2351 350 PARS
2396 291 2440 350 Ι.

3478 291 3592 354 486

334 413 397 460 ιιι
441 418 597 458 sacra
660 402 872 457 Veteris
921 401 1257 457 Testamenti
1306 400 1506 469 scripta
1570 416 1739 454 vacua
1804 400 1913 453 sint
1942 419 1981 470 ν
2014 400 2188 454 disus.
2243 401 2417 468 Atque
2477 401 2588 454 lure
2649 401 2912 455 hactenus
2961 416 2989 455 a
3027 404 3183 457 nobis
3229 413 3354 459 srrnt
3402 416 3590 463 contra

331 494 584 565 mysticis
607 493 809 556 sensis,
840 492 892 545 id
923 492 1068 561 quod
1099 491 1296 545 falsum
1329 506 1448 546 esse
1496 500 1676 560 caprte
1722 491 1905 553 tertio,

330 587 549 640 volente
584 582 717 646 Deo,
766 584 1348 639 commonstrabimus.
1391 581 1574 637 Tertia
1613 583 1750 637 ratio
1804 590 1909 646 est,

330 679 377 733 si
406 674 698 748 paradisus
743 674 879 728 nihil
917 683 1001 729 est
1047 675 1148 727 nisi
1184 692 1271 729 res
1303 690 1589 743 corporea.
1621 675 1911 729 coniicitur

329 784 429 825 eos
470 782 753 823 sacrarum
790 782 973 821 rerum
1021 767 1277 821 doctores
1312 769 1571 822 mentitos
1621 782 1762 830 esse.
1815 770 1908 835 qui

332 862 675 929 incorporea:
720 860 899 928 ipsum
933 859 1097 912 etiam
1135 869 1341 912 natura:
1384 873 1506 913 esse
1529 857 1909 927 prodiderunt.

330 951 633 1008 Conﬁcitur
673 950 840 1020 Igitur
867 966 933 1004 ex
964 950 1032 1004 iis
1078 966 1201 1019 qua:
1239 949 1349 1018 jam
1384 949 1528 1004 dicta
1564 958 1713 1011 sunt,
1747 965 1906 1017 para-

332 1046 513 1099 disum
579 1043 721 1096 haud
792 1043 864 1094 ita
910 1052 1263 1111 corporatura
1316 1056 1462 1106 esse,
1514 1052 1571 1094 ut
1604 1042 1909 1107 incorporei

333 1132 469 1188 nihil
531 1131 750 1184 habeat.
785 1128 998 1185 Rursus
1060 1144 1156 1184 eos
1208 1130 1303 1199 qui
1342 1130 1408 1183 ad
1451 1134 1647 1183 mentis
1701 1130 1905 1184 intelli-

332 1223 573 1293 gentiam
604 1221 870 1276 duntaxat
896 1220 1169 1289 pertinere
1194 1221 1351 1274 aiunt
1371 1222 1712 1290 paradisum,
1745 1233 1910 1290 atqrre

331 1317 560 1371 ornniuo
592 1317 977 1384 incorporeum
1028 1328 1172 1376 esse,
1225 1328 1318 1367 sex
1356 1314 1478 1368 istis
1532 1329 1911 1384 oppugnarnus

331 1407 695 1476 argumentis.
720 1405 927 1469 Primo,
964 1404 1199 1475 prorsus
1224 1406 1376 1459 nullo
1419 1406 1693 1461 aﬂ‘ecisset
1716 1408 1909 1476 volup-

333 1500 461 1553 tatis
483 1514 648 1555 sensu
686 1498 818 1552 Adae
852 1513 1075 1565 corpus,
1118 1498 1210 1552 sed
1247 1497 1423 1552 solum
1457 1499 1715 1563 animam,
1746 1508 1912 1567 atque

336 1593 437 1645 hac
468 1592 675 1644 ratione
700 1605 871 1658 nuper
903 1604 1122 1659 quoque
1154 1590 1239 1644 usi
1288 1606 1503 1645 srrnrus.
1544 1590 1744 1645 Deinde
1775 1590 1910 1645 falsa

333 1691 519 1735 essent
545 1696 666 1749 quin
698 1681 764 1734 de
822 1680 1075 1747 paradiso
1124 1690 1345 1734 exstant
1374 1680 1535 1734 M0sis
1566 1680 1731 1744 dicta,
1785 1697 1901 1734 rem

335 1784 677 1843 corprrratam
716 1772 961 1825 notantia
1000 1789 1013 1825 :
1045 1771 1353 1840 cujusrrrodi
1386 1783 1532 1839 sunt,
1584 1775 1726 1843 quod
1762 1774 1913 1842 plan-

336 1875 542 1918 taverat
565 1862 824 1917 Dominus
849 1861 991 1916 Deus
1011 1862 1324 1930 paradisum
1352 1864 1403 1917 in
1437 1862 1582 1917 Eden
1613 1864 1681 1917 ab
1714 1864 1907 1930 initio;

334 1957 481 2024 quod
530 1953 712 2022 posuit
772 1953 883 2007 illic
926 1953 1195 2007 Adamurn
1252 1968 1411 2023 quem
1468 1954 1717 2018 ﬁnxerat,
1762 1956 1908 2025 quod

337 2048 645 2118 procreavit
672 2062 700 2101 e
740 2056 885 2101 terra
935 2062 1154 2101 onmem
1204 2046 1456 2101 arborem
1494 2064 1610 2102 vrsu
1640 2049 1910 2118 expetibi-

334 2144 465 2206 lem,
490 2150 653 2210 atque
685 2140 737 2193 in
769 2132 950 2194 cibum
984 2139 1257 2202 idoneam,
1290 2149 1343 2192 et
1372 2139 1621 2192 arborem
1668 2139 1909 2193 scientia:

334 2232 461 2286 hurri
510 2242 563 2285 et
606 2230 778 2295 mali;
839 2232 983 2300 quod
1045 2230 1381 2300 sumpserint
1444 2231 1614 2283 Adam
1685 2244 1739 2284 et
1795 2230 1907 2284 Eva

337 2323 469 2377 folia
509 2320 765 2387 ﬁculnea,
816 2321 1156 2391 fecerimque
1195 2321 1299 2375 sibi
1353 2320 1907 2391 subligacula;quod

333 2432 455 2471 sese
481 2415 811 2469 occultarirrt
872 2415 1014 2469 inter
1061 2413 1297 2483 paradisi
1340 2414 1565 2469 arbores
1597 2452 1612 2477 ,
1677 2423 1732 2468 et
1787 2430 1909 2483 qure

333 2519 458 2561 sunt
485 2509 590 2561 alia
620 2507 782 2575 hujus
809 2506 1026 2575 generis
1052 2522 1084 2561 a
1116 2506 1265 2561 Mose
1297 2506 1508 2575 prodita
1535 2512 1601 2559 de
1628 2505 1906 2573 paradiso.

334 2602 545 2666 Tertio,
579 2601 684 2655 nisi
721 2601 1001 2655 habuisset
1026 2600 1313 2668 paradisus
1343 2614 1429 2653 res
1452 2599 1613 2652 etiam
1651 2613 1913 2666 corpora-

333 2704 417 2747 tas
448 2696 502 2748 in
558 2708 639 2758 se,
698 2693 794 2762 qui
847 2694 1155 2762 potuissent
1202 2707 1266 2746 ex
1314 2693 1435 2760 ipso
1482 2690 1703 2745 aﬂlrrere
1757 2703 1909 2758 aqua:

332 2783 399 2837 ad
432 2786 740 2853 irriganrlas
774 2792 972 2847 terras,
1004 2792 1059 2837 et
1089 2782 1156 2836 ad
1215 2798 1350 2836 usus
1391 2783 1664 2835 burnanos
1687 2796 1909 2835 accom-

332 2874 802 2940 tnodae?Quarto,
853 2876 1015 2929 exiis
1056 2890 1178 2944 qua:
1228 2874 1407 2930 Moses
1461 2872 1665 2943 Spiritu
1718 2885 1911 2927 sancto

245 3032 253 3038 ν
330 2966 552 3020 afﬂatus
603 2967 804 3036 scripta
844 2967 1084 3034 reliquit,
1117 2978 1333 3020 certum
1369 2973 1453 3020 est
1480 2965 1750 3020 Adamum
1786 2978 1912 3017 cor-

2015 501 2127 547 tres
2157 492 2277 545 illas
2316 492 2594 545 hominum
2628 493 2695 545 de
2724 494 2977 561 paradiso
3006 495 3250 551 diversas
3280 497 3584 563 Opiniones;

2012 594 2195 639 nostra
2225 599 2355 638 vero
2389 585 2659 638 sententia
2712 596 2797 640 est
2859 603 3028 640 unum
3062 602 3184 641 esse
3247 591 3588 655 paradisum,

2011 689 2117 727 non
2145 675 2312 733 duos;
2350 689 2590 745 eumque
2628 691 2796 729 unum
2835 679 3149 745 paradisum
3206 679 3436 747 duplicis
3469 697 3593 733 esse

2010 767 2343 821 conditionis
2378 784 2391 821 :
2421 782 2699 836 corporea:
2763 778 2813 821 et
2863 771 3217 840 incorporeas,
3251 772 3366 823 sive
3394 781 3447 825 et
3474 773 3596 838 ejus

2010 872 2132 925 qua:
2193 873 2381 921 sensu,
2414 866 2467 911 et
2510 858 2631 925 ejus
2698 874 2820 926 qua:
2858 860 3067 912 ratione
3125 860 3593 929 irrtelligeutiaque

2011 950 2211 1002 mentis
2248 949 2591 1017 percipitur;
2652 965 2776 1017 quae
2827 951 3045 1019 quidem
3101 961 3283 1004 nostra
3325 952 3590 1006 sententia

2010 1039 2096 1092 his
2117 1040 2447 1107 argumentis
2476 1049 2651 1107 potest
2680 1041 3041 1094 demonstrari
3079 1060 3091 1096 :
3123 1043 3294 1096 Adam
3327 1060 3387 1095 ex
3410 1046 3591 1096 anima

2010 1140 2062 1183 et
2090 1145 2320 1198 corpore
2378 1134 2715 1201 compositus
2767 1120 2905 1194 crat,
2958 1149 3088 1202 ergo
3143 1145 3194 1187 et
3260 1136 3589 1202 paradisum,

2011 1221 2108 1288 qui
2182 1236 2284 1288 pro
2342 1221 2435 1274 illo
2489 1222 2811 1277 obiectando
2865 1226 3117 1279 conditus
3172 1226 3370 1290 intrat,
3409 1228 3590 1296 dupli-

2009 1311 2084 1363 cis
2113 1311 2239 1363 it-m
2285 1312 2616 1366 conditionis
2663 1330 2783 1367 esse
2831 1317 3133 1381 oportebat.
3209 1326 3265 1369 ut
3314 1333 3419 1385 qua
3447 1330 3591 1373 esset

2009 1415 2328 1469 corporeus,
2355 1418 2557 1471 corpus
2592 1422 2604 1457 :
2639 1420 2744 1473 qua
2781 1420 2906 1459 vero
2930 1407 3307 1472 incorporeus,
3344 1408 3587 1461 animum

2010 1490 2139 1545 Adae
2166 1504 2454 1547 recrearet.
2495 1494 2696 1548 Deinde
2727 1496 2942 1548 beatum
3005 1497 3235 1565 Ephrem
3274 1501 3473 1567 duplici
3512 1503 3591 1553 irr-

2014 1587 2401 1652 terpretatiorre
2451 1586 2706 1654 eXposuit
2771 1587 2967 1641 librum
3046 1588 3211 1644 Musis
3278 1594 3590 1660 propheta);

2014 1690 2248 1743 quarum
2292 1677 2459 1729 altera
2525 1678 2751 1747 mystica
2810 1690 2913 1742 est,
2954 1690 3115 1748 atque
3180 1696 3385 1734 art-arra.
3449 1686 3591 1738 eruit

2017 1782 2175 1820 sensa
2200 1782 2215 1830 ;
2244 1767 2412 1821 altera
2456 1783 2543 1821 res
2593 1770 2739 1837 ipsas
2764 1779 3111 1837 pertractata
3165 1771 3310 1825 Mrose
3344 1773 3591 1843 descrip-

2017 1866 2121 1911 tas.
2168 1858 2271 1912 Sed
2307 1867 2359 1911 et
2385 1859 2543 1914 drvrrs
2582 1861 2839 1930 Cyrillrrs,
2891 1862 3090 1939 legales
3128 1866 3291 1916 etiam
3330 1880 3592 1917 caprearu-

2011 1952 2150 2009 nias,
2172 1950 2271 2003 etsi
2292 1966 2349 2003 re
2368 1951 2485 2019 ipsa
2503 1952 2933 2016 celebrabantur,
2961 1954 3247 2023 mysticum
3270 1964 3444 2007 tamen
3462 1956 3591 2024 quid

2011 2051 2177 2110 atque
2229 2058 2490 2096 arcanum
2549 2044 2887 2099 continuisse
2923 2053 3152 2099 testatus
3181 2057 3286 2101 est.
3326 2048 3589 2101 Praeterea

2012 2134 2305 2189 venerandi
2334 2150 2620 2189 sacrarrrm
2654 2152 2836 2189 rerum
2865 2137 3116 2191 doetores
3147 2139 3340 2207 partim
3370 2140 3435 2194 de
3464 2155 3588 2193 cor-

2011 2242 2201 2294 poreo,
2229 2227 2315 2281 alii
2347 2228 2413 2281 de
2444 2228 2766 2297 incorporeo
2799 2230 3051 2297 paradiso
3083 2240 3213 2284 sunt
3247 2232 3411 2285 locuti
3444 2247 3457 2295 ;
3488 2248 3590 2285 nec

2011 2334 2140 2371 sane
2164 2320 2259 2372 abs
2291 2334 2349 2373 re
2386 2319 2655 2384 alterutri,
2680 2336 2805 2373 eutrt
2831 2321 2919 2375 ille
2948 2324 3232 2392 utriusque
3270 2322 3433 2378 fuerit
3458 2338 3587 2379 corr-

2009 2410 2254 2464 ditionis.
2292 2408 2516 2480 Mystice
2548 2411 2691 2463 enim
2744 2412 2810 2465 de
2846 2413 3101 2480 paradiso
3132 2415 3241 2482 agit
3292 2415 3588 2481 Gregorius

2010 2499 2322 2570 Tlreologus
2354 2503 2405 2555 in
2435 2517 2497 2555 ea
2519 2503 2765 2556 oratione
2789 2520 2954 2571 quarti
2990 2504 3057 2560 de
3086 2505 3284 2559 Christi
3306 2506 3589 2560 Natal:bus

2011 2594 2318 2659 composuit
2351 2629 2366 2656 ,
2427 2593 2517 2646 ubi
2572 2593 2837 2647 Adamurn
2888 2594 2963 2647 ait
3019 2596 3269 2650 colonum
3314 2596 3483 2651 fuiSse
3532 2598 3588 2651 iu

2013 2683 2285 2751 paradiso,
2321 2684 2630 2752 plantarum
2653 2685 3043 2738 immortalium
3075 2725 3089 2749 ,
3125 2702 3317 2756 nempe
3345 2688 3587 2757 ipsarum

2012 2774 2321 2830 divinarum
2357 2779 2641 2830 notionqu
2669 2787 2723 2833 et
2772 2778 3169 2847 simplicior-um
3228 2792 3281 2836 et
3320 2783 3590 2851 perfecto-

2014 2883 2132 2920 rum
2167 2882 2181 2931 ;
2216 2866 2341 2921 item
2380 2868 2656 2933 arborem,
2705 2868 2879 2923 fuisse
2929 2870 3336 2925 meditationem
3394 2874 3590 2941 animi,

2014 2970 2275 3029 quantuni
2311 2960 2424 3029 ipse
2452 2970 2598 3015 certe
2623 2962 2934 3016 meditetur.
2964 2961 3191 3033 Mystice
3223 2963 3349 3017 item
3378 2964 3587 3035 Grego-
3631 3037 3642 3046 '

332 3075 432 3129 p_rrs
462 3059 723 3113 habuisse
753 3073 817 3111 ex
849 3058 963 3111 luto
996 3068 1363 3127 conrpactum,
1396 3058 1559 3126 idque
1584 3058 1909 3112 collocatum
1941 3069 1986 3131 ρ
2019 3053 2130 3108 rius
2157 3052 2435 3125 Nyssenus
2472 3056 2522 3107 in
2549 3055 2961 3111 Commentario
2994 3056 3062 3112 de
3100 3058 3336 3122 homine,
3368 3073 3486 3128 cap.
3521 3057 3591 3112 ’ΞΟ

327 3149 556 3203 Irrissea
612 3147 723 3202 Deo
750 3148 802 3201 in
856 3148 1146 3216 paradiso;
1195 3157 1311 3202 erat
1340 3162 1469 3217 ergo
1509 3156 1562 3202 et
1597 3148 1752 3203 locus
1814 3145 1907 3200 ille

331 3243 385 3294 in
421 3256 533 3311 quo
566 3240 621 3295 id
674 3256 873 3311 corpus
935 3241 1252 3305 insistebat,
1314 3255 1635 3309 corporeus.
1691 3240 1912 3307 Quinto,

330 3347 618 3387 necessum
660 3343 743 3387 est
794 3343 1143 3403 corporatura
1201 3347 1324 3387 esse
1390 3332 1727 3402 paradisum,
1768 3334 1913 3402 quod

332 3426 516 3481 Enoclr
549 3433 605 3478 et
632 3424 783 3481 Elias
849 3424 905 3479 irt
963 3440 1029 3479 eo
1090 3434 1347 3489 manent,
1404 3432 1461 3477 ut
1518 3425 1756 3478 allii-mat
1812 3426 1912 3477 do-

337 3518 522 3572 minus
580 3515 819 3586 Ephrem
882 3516 937 3569 in
993 3530 1060 3569 eo
1118 3531 1322 3585 opere,
1356 3516 1500 3585 quod
1557 3517 1751 3570 librunr
1803 3516 1912 3569 Ge-

329 3622 545 3670 neseos,
603 3606 705 3661 hoc
768 3614 873 3669 est,
939 3606 1006 3660 de
1062 3621 1246 3660 rerum
1323 3617 1446 3661 ortu
1497 3606 1910 3673 interpretatur,

328 3710 383 3752 et
412 3699 465 3751 in
510 3698 580 3752 iis
630 3698 791 3751 etiam
828 3697 1175 3752 sermonibus
1220 3712 1358 3767 qrros
1383 3698 1450 3752 de
1483 3698 1738 3766 paradiso
1776 3712 1912 3750 con-

327 3787 577 3858 scripsit.
639 3787 717 3841 llli
757 3788 905 3843 enim
957 3788 1083 3851 vici,
1133 3803 1257 3843 cum
1324 3795 1598 3857 corporati
1647 3789 1758 3842 sint
1817 3790 1913 3857 (ut

328 3881 421 3951 qui
477 3880 603 3935 vita:
656 3879 821 3951 hujus
878 3880 1112 3935 vinculis
1173 3881 1352 3934 adhuc
1417 3889 1546 3934 sunt
1600 3879 1909 3949 colligati),

329 3980 759 4026 consentaneum
794 3978 878 4025 est
906 3978 965 4022 ut
1002 3969 1055 4023 in
1100 3966 1481 4040 corporalibus
1514 3984 1730 4039 quoque
1779 3970 1911 4025 locis

328 4070 607 4119 maneant.
637 4060 807 4116 Sexto
864 4061 1121 4129 denique,
1147 4072 1323 4117 exstat
1349 4061 1636 4116 doctorum
1666 4060 1907 4114 virorum

328 4152 674 4217 auctoritas,
734 4152 837 4206 [ide
896 4152 1369 4221 dignissimorurn,
1410 4168 1518 4222 qua
1563 4161 1906 4221 eor-peratum

330 4258 451 4297 esse
479 4245 796 4313 paradisum
828 4244 1147 4299 allirruatur.
1191 4243 1360 4299 Recte
1396 4246 1559 4315 igitur
1601 4245 1908 4315 colligimus

329 4330 530 4387 falsum
597 4349 719 4389 esse
770 4334 925 4400 illud,
994 4334 1309 4405 paradisum
1372 4337 1473 4390 sub
1533 4338 1705 4391 solam
1758 4352 1907 4389 uren-

2015 3152 2069 3197 et
2099 3144 2188 3197 21.
2220 3144 2839 3202 Sinrilitchhiloxenus
2873 3148 3219 3218 Mabugensis
3243 3152 3296 3203 in
3333 3166 3587 3206 sermone

2016 3235 2081 3289 de
2114 3237 2463 3291 meditatione
2499 3254 2624 3308 qua:
2656 3240 2799 3294 circa
2830 3241 3081 3295 arborem
3124 3242 3248 3296 vita:
3287 3252 3540 3297 versatur
3571 3260 3587 3309 ;

2016 3329 2091 3380 ait
2116 3329 2260 3381 enirn
2315 3346 2537 3384 arcana
2575 3347 2737 3385 censa
2774 3332 3091 3400 ruentisque
3118 3333 3500 3388 meditationes
3524 3337 3592 3388 de

2014 3422 2265 3487 paradiso
2300 3422 2506 3476 haberi.
2548 3422 2789 3491 Denique
2823 3424 3083 3479 Dominus
3142 3424 3380 3480 Jocobus
3426 3425 3592 3480 Orro—

2015 3511 2159 3564 baita
2221 3528 2287 3565 eo
2330 3529 2583 3567 sermone
2640 3532 2802 3583 quem
2838 3516 2903 3568 de
2950 3515 3245 3587 Tlreologia
3294 3519 3489 3579 edidit,
3516 3520 3592 3572 ait

2013 3600 2200 3654 Mosen
2241 3601 2467 3671 ﬁgurate
2505 3606 2743 3657 locrrtrrm
2777 3618 2897 3658 esse
2944 3605 3009 3658 de
3062 3607 3337 3673 paradiso.
3376 3603 3590 3661 Rursus

2015 3693 2079 3745 de
2108 3706 2373 3761 corporeo
2398 3694 2654 3761 paradiso
2698 3695 2919 3765 scripsit
2966 3696 3220 3750 dorrrirrus
3268 3693 3503 3751 Jeannes
3534 3714 3589 3751 tn

2013 3785 2260 3839 oratione
2302 3784 2387 3838 cui
2427 3786 2642 3838 titulum
2671 3786 2795 3839 fecit
2827 3805 2840 3837 :
2875 3786 2986 3840 Cur
3007 3787 3165 3840 arbor
3196 3787 3291 3840 illa
3316 3788 3588 3856 appellata

2012 3875 2079 3927 sit
2113 3876 2271 3927 arbor
2293 3876 2526 3929 scientia:
2549 3876 2667 3929 boui
2695 3888 2741 3928 et
2764 3877 2910 3943 mali,
2936 3889 2985 3930 et
3020 3879 3145 3947 quid
3171 3878 3272 3932 sibi
3304 3881 3422 3933 ιἐιὶι
3455 3880 3588 3933 illud

2012 3960 2248 4017 Christi:
2293 3980 2310 4013 ι
2344 3962 2513 4017 Hodie
2558 3978 2773 4017 urceum
2803 3966 2913 4019 eris
2947 3966 3002 4020 in
3041 3968 3322 4035 paradiso,
3350 3988 3369 4021 ι
3404 3952 3589 4024 ruultrs

2012 4056 2157 4111 enim
2193 4056 2321 4109 illud
2348 4055 2544 4109 astruit
2580 4058 2919 4124 argumentis
2954 4071 3277 4126 corporeum
3307 4060 3586 4117 exstitisse

2011 4146 2321 4216 paradisurrr
2375 4162 2390 4201 :
2447 4146 2589 4200 inter
2629 4147 2735 4200 alia
2792 4147 3087 4216 inquiens,
3158 4148 3347 4203 Adami
3411 4151 3587 4205 oculis

2012 4248 2318 4307 aspectum,
2353 4237 2576 4290 auribus
2599 4238 2869 4302 auditum,
2908 4242 3093 4291 aninro
3125 4238 3361 4307 denique
3396 4242 3587 4295 οιιεθιο

2015 4340 2199 4383 vatum
2239 4344 2360 4395 esse
2390 4332 2724 4398 paradisum,
2749 4339 2802 4384 et
2833 4328 3142 4395 lrujusrnedi
3175 4330 3301 4384 alia.
3325 4329 3589 4386 Similittr

332 4426 401 4478 tis
457 4425 867 4497 intelligentiam
926 4427 1145 4492 cadere,
1198 4437 1363 4496 atque
1412 4428 1569 4498 plane
1603 4443 1669 4482 ex
1716 4444 1902 4482 earum
1935 4405 1986 4464 Ῑ)
2010 4423 2265 4476 dorrrinus
2309 4420 2542 4477 Severus
2573 4424 2817 4479 oratione
2846 4423 2937 4489 ‘22,
2960 4423 3026 4477 de
3063 4423 3383 4493 Epithrouio
3410 4466 3423 4488 ,
3450 4439 3587 4479 corr-

333 4532 518 4570 rerum
550 4533 672 4572 esse
704 4533 930 4572 numero
961 4533 1083 4587 quae
1114 4519 1451 4588 incorporea:
1479 4530 1627 4575 sunt.
1666 4521 1908 4591 Denique

290 4668 294 4669 ί
332 4609 401 4662 iis
431 4610 522 4678 qui
548 4611 685 4663 duos
718 4617 946 4663 censent
998 4624 1120 4663 esse
1159 4609 1457 4678 paradisos,
1516 4610 1744 4665 alterum
1786 4628 1907 4665 cor-

332 4709 611 4770 poratum,
647 4701 1033 4770 incorporeum
1069 4702 1325 4767 alterum,
1379 4703 1666 4773 objicirrrus
1726 4702 1906 4757 Mosen

328 4791 425 4861 qui
452 4804 561 4843 non
592 4790 645 4843 in
680 4790 892 4843 duobus
916 4792 1201 4859 paradisis,
1227 4790 1318 4846 sed
1350 4792 1402 4844 in
1436 4806 1541 4844 uno
1582 4791 1903 4845 collocaturu

328 4882 600 4937 Adamum
626 4898 641 4947 ;
675 4897 850 4952 neque
877 4898 1069 4937 rursus
1093 4899 1123 4937 e
1153 4883 1387 4946 duobus,
1407 4884 1498 4936 sed
1532 4883 1585 4936 in
1633 4898 1740 4937 uno
1761 4883 1905 4953 ejec-

331 4986 445 5029 tum
480 4992 512 5030 a
550 4976 657 5031 Deo
683 4976 923 5044 scripsit.
959 4977 1035 5029 Ad
1071 4977 1192 5037 hoc,
1237 4975 1497 5030 Doruirrus
1542 4987 1722 5031 noster
1746 4975 1903 5030 Cirri-

328 5075 447 5121 stus
478 5082 585 5120 non
614 5068 752 5122 duos
785 5068 1093 5136 paradisos.
1122 5066 1216 5122 sed
1268 5069 1495 5123 unicum
1554 5068 1905 5137 pronrittcbat

330 5158 526 5210 latroni
566 5159 818 5227 inquiens
851 5177 863 5213 :
904 5158 1074 5211 Hodie
1101 5176 1299 5213 mecum
1332 5160 1433 5213 eris
1463 5162 1516 5213 in
1574 5160 1825 5226 paradiso
1861 5162 1902 5214 ³.

332 5246 516 5315 Neque
556 5262 687 5301 sane
701 5258 1129 5303 consentaneum
1162 5262 1263 5316 est,
1289 5260 1347 5304 ut
1373 5251 1699 5319 ejuscerrrodi
1726 5252 1908 5314 dictis,

332 5342 659 5409 scriptisque
690 5344 927 5397 oraculis
954 5344 1111 5396 Iidem
1146 5344 1469 5413 abrogernus
1494 5360 1508 5404 ;
1542 5344 1607 5396 iis
1633 5359 1757 5396 vero
1787 5360 1909 5413 qua:

331 5426 508 5501 neque
541 5434 682 5487 dit-la
730 5450 906 5503 neque
940 5436 1141 5503 scripta
1173 5444 1391 5491 exsrant
1417 5439 1467 5489 in
1504 5437 1676 5491 sacris
1707 5434 1903 5500 Libris,

326 5525 709 5579 adhibeamus.
742 5526 861 5580 Non
902 5528 1066 5595 igitur
1109 5529 1239 5591 duo,
1286 5528 1379 5580 scd
1415 5528 1609 5583 unicus
1631 5539 1711 5582 est
1748 5544 1904 5598 para-

403 5681 424 5711 ⁸
463 5682 598 5738 Luc.
639 5699 749 5737 utr
781 5683 871 5739 4'5.
948 5684 968 5717 ‘
999 5684 1132 5741 Gen.
1167 5700 1225 5748 ιι,
1260 5685 1344 5747 16,
1381 5685 1465 5741 i'r’.

2014 4517 2122 4571 [icit
2152 4531 2475 4586 corporeurrr
2518 4514 2687 4571 fuisse
2726 4518 3059 4586 paradisum,
3108 4517 3237 4571 dum
3270 4516 3433 4571 etiam
3469 4519 3587 4586 ipse

2010 4607 2243 4661 aliirrnat
2278 4609 2548 4661 Adamum
2586 4609 2757 4664 oculis
2807 4610 2956 4663 illum
3010 4611 3267 4665 intuitum
3308 4624 3448 4672 esse.
3488 4624 3585 4663 au-

2011 4701 2272 4767 ribusque
2311 4701 2607 4756 audivisse.
2642 4701 2775 4754 Nam
2799 4703 3026 4765 audivit,
3048 4704 3251 4772 inquit,
3281 4701 3370 4755 illa
3405 4701 3496 4756 Dei
3516 4702 3585 4757 ad

2011 4810 2070 4846 se
2100 4793 2263 4846 verba
2296 4809 2309 4844 :
2350 4793 2426 4846 De
2476 4795 2620 4847 omni
2652 4795 2836 4847 arbore
2864 4810 2979 4863 qua:
3026 4795 3080 4846 in
3107 4795 3362 4862 paradiso
3390 4806 3583 4861 exstat,

2009 4888 2248 4949 resceris,
2291 4896 2485 4954 praeter
2520 4886 2758 4940 arborem
2790 4888 3100 4956 cognitionis
3134 4888 3256 4941 boui
3280 4899 3326 4941 et
3362 4890 3487 4941 ntali
3520 4890 3537 4917 ⁸
3565 4906 3581 4943 :

2010 4990 2061 5030 et
2081 4978 2277 5031 intueri
2294 4979 2457 5047 igitur
2474 4980 2613 5033 hanc
2637 4981 2827 5049 potuit,
2854 4981 2997 5039 vesci
3022 4996 3149 5035 vero
3172 4980 3581 5050 prohibebatur.

2011 5068 2310 5140 Gregorius
2340 5086 2528 5124 rursus
2546 5071 2874 5140 Tlreologu's,
2904 5073 2958 5125 in
2986 5074 3235 5128 oratione
3275 5073 3342 5126 de
3369 5072 3582 5140 patien-

2014 5162 2178 5225 tia,ad
2214 5162 2357 5215 hunc
2379 5164 2595 5215 modum
2624 5164 2689 5215 de
2725 5164 2977 5230 paradiso
3006 5179 3269 5232 corporeo
3294 5163 3531 5230 loquitur
3566 5178 3581 5214 :

2025 5271 2041 5301 ι
2077 5254 2304 5322 Lignum
2329 5254 2588 5307 adversus
2612 5254 2813 5322 lignum
2838 5257 3073 5323 ;crucis,
3095 5259 3354 5310 adversus
3380 5255 3583 5323 lignrrm

2011 5345 2253 5399 scientia:
2285 5345 2413 5398 boni
2438 5354 2491 5397 et
2515 5346 2665 5398 mali.
2698 5365 2717 5397 ι
2751 5347 2846 5400 Est
2872 5350 3033 5415 igitur
3066 5358 3493 5402 consentaneum
3526 5354 3585 5399 ut

2013 5452 2303 5508 utruruque
2323 5448 2416 5491 aut
2438 5450 2781 5506 corporatura
2812 5442 3014 5509 lignum
3051 5439 3232 5503 fuerit,
3256 5447 3349 5492 aut
3373 5448 3585 5493 utrum-

2012 5546 2118 5600 que
2185 5532 2433 5602 corporis
2488 5546 2727 5601 eXpers,
2792 5544 2953 5601 atque
3008 5531 3113 5586 sub
3165 5532 3583 5604 intelligentiam
