4088 6208
482 264 580 329 487

1760 266 1992 327 ΜΟΞΙΞ
2032 263 2182 322 BAR
2196 261 2473 321 ~CEPHA

3639 256 3752 320 488

482 380 655 433 solam
702 377 943 446 cadens;
991 395 1158 450 quam
1211 381 1332 452 pari
1385 380 1548 435 modo
1585 379 1718 446 ligni
1769 375 2065 440 vocabulo,
2098 387 2142 442 Α
2173 387 2297 428 sum
2329 372 2424 442 qui
2461 371 2514 424 in
2557 368 2676 425 sola
2701 377 2883 423 mente
2907 373 3178 429 versetur,
3208 364 3315 419 hoc
3354 371 3458 431 est,
3487 363 3750 435 incorpo-

481 471 641 523 autbo
675 470 865 523 abillo
925 471 1316 538 subjiciantur.
1374 471 1479 522 Sed
1538 467 1764 536 ohjiciat
1836 463 2068 517 fumasse

482 561 684 630 aliquis
715 561 861 614 hunc
889 561 1068 630 ipsum
1101 559 1428 629 Gregorium
1455 598 1470 623 ,
1499 558 1591 627 qui
1629 558 1682 610 in
1711 555 1959 609 oratione
2002 554 2070 606 de

482 654 686 707 Christi
730 650 909 706 Natali
960 667 1081 705 eam
1132 654 1383 706 arborem
1432 649 1766 718 cOguitionis
1823 647 1953 701 boni
2014 654 2070 700 et

487 745 614 798 mali
640 745 864 814 mystice
902 744 1318 813 interpretatur,
1367 741 1892 808 meditationemque
1947 752 2072 792 esse

483 835 633 889 dicit.
691 835 854 904 Atqui
912 834 1001 887 illc.
1065 833 1301 899 duplicis
1374 831 1704 885 conditionis
1753 829 2069 896 paradisum

484 945 608 984 esse
667 945 776 983 non
841 930 1160 998 ignoravit;
1223 937 1277 981 et
1317 927 1547 995 proinde
1609 925 1860 977 arborem
1921 923 2068 976 illaut

485 1023 754 1077 interdum
783 1037 880 1091 pro
909 1024 1111 1090 reipsa,
1131 1020 1405 1091 interdum
1438 1017 1669 1088 mystico
1700 1031 1861 1070 sensu
1898 1014 2070 1069 inter-

486 1124 732 1184 pretatus
762 1122 867 1179 est,
925 1113 1072 1181 quod
1108 1110 1414 1180 praesertim
1446 1111 1499 1160 in
1540 1124 1604 1162 eo
1647 1122 1904 1160 sermone
1962 1120 2072 1174 quo

489 1208 702 1261 Natales
736 1206 940 1260 Christi
981 1205 1314 1264 celebrabat,
1346 1203 1449 1256 sibi
1483 1200 1708 1271 putabat
1732 1198 2071 1252 faciendum.

485 1295 620 1348 Nam
661 1311 786 1347 cum
820 1310 946 1348 eum
990 1292 1093 1346 sibi
1135 1292 1246 1344 illic
1297 1305 1525 1359 scopum
1575 1288 1977 1357 proposuisset,
2015 1294 2074 1338 ut

486 1387 742 1454 populum
807 1384 1052 1446 doceret,
1105 1397 1212 1435 non
1267 1395 1558 1448 corporum
1615 1379 1707 1432 sed
1760 1379 2070 1431 animorum

490 1477 760 1529 rationem
814 1474 866 1526 itt
908 1476 1080 1527 sacris
1118 1471 1479 1526 concionibus
1524 1477 1688 1535 atque
1725 1467 1940 1536 pompis
1976 1467 2074 1520 ha-

485 1569 717 1623 bendant
780 1581 925 1630 esse,
994 1580 1093 1620 nec
1151 1564 1337 1619 valvas
1393 1562 1557 1616 sertis
1599 1558 1925 1628 ciugendas,
1959 1560 2078 1628 pla-

497 1671 726 1728 teasque
756 1655 1126 1721 exornandas,
1161 1666 1212 1708 et
1244 1668 1367 1723 qua!
1398 1662 1658 1722 praeterea
1693 1650 1807 1705 illic
1833 1664 2078 1703 comme-

489 1760 692 1815 morat,
763 1759 1082 1817 cacteraque
1148 1745 1379 1816 mystice
1424 1752 1574 1798 esset
1646 1743 2070 1810 interpretatus,
2108 1753 2149 1808 ῃ

489 1846 605 1912 ipsa
627 1841 892 1894 orationis
919 1840 1062 1893 serie
1095 1839 1352 1890 inductus
1385 1847 1468 1890 est
1501 1847 1555 1890 ut
1581 1835 1833 1889 arborem
1857 1847 2075 1903 quoque

495 1921 644 1990 illam
706 1935 937 2003 ﬁgurate
991 1930 1470 1998 contemplandam
1525 1935 1844 1996 exponeret.
1900 1925 1978 1978 lta
2023 1933 2078 1978 et

487 2028 749 2082 dominus
806 2025 1041 2093 Ephrem
1071 2024 1124 2076 itt
1155 2038 1254 2076 suo
1285 2020 1702 2075 Commentario
1731 2033 1842 2087 quo
1877 2018 2074 2070 librum

492 2121 770 2174 Geueseos
801 2118 867 2173 de
915 2119 1079 2171 rebus
1122 2117 1259 2185 ipsis
1307 2116 1723 2182 interpretatur,
1761 2111 2076 2181 paradisum

493 2218 658 2270 etiam
699 2230 755 2266 rc
792 2217 905 2282 ipsa
937 2211 1219 2265 exstitisse
1241 2208 1494 2262 atIirutat.
1524 2207 1668 2271 Quin
1693 2215 1748 2259 et
1777 2206 1938 2259 divus
1968 2205 2072 2274 Cy-

493 2308 648 2360 rilltts
673 2307 725 2359 iit
765 2321 831 2359 eo
867 2303 1277 2359 Commentario
1310 2302 1454 2368 quod
1498 2301 1551 2353 itt
1583 2299 1778 2353 Isaiam
1826 2297 2072 2366 prophe-

496 2411 605 2452 tam
647 2396 912 2459 condidit,
945 2402 1132 2448 censet
1162 2392 1460 2455 Adautum,
1491 2398 1778 2460 postquam
1822 2389 2080 2462 paradiso

495 2499 641 2544 esset
680 2503 959 2558 egressus,
1019 2490 1073 2539 in
1120 2483 1308 2538 Juda-a
1350 2483 1588 2552 primum
1625 2482 1928 2535 habitasse.
1972 2480 2080 2535 Sed

495 2585 642 2636 dices
715 2583 781 2635 de
809 2581 1041 2647 mystico
1072 2579 1218 2632 exitu
1259 2576 1390 2629 Ade
1413 2574 1678 2645 Cyrillum
1730 2575 1840 2627 illic
1870 2575 2019 2642 loqui
2059 2585 2075 2626 :

495 2675 644 2743 atqui
684 2687 805 2741 qu:e
827 2670 1078 2740 subiicit,
1110 2670 1213 2723 hoc
1246 2683 1353 2722 non
1381 2667 1744 2737 permittunt:
1787 2669 1864 2721 ait
1915 2668 2081 2730 enim,

495 2774 786 2834 postquam
822 2761 972 2815 varia
1001 2759 1336 2829 pervasisset
1364 2759 1502 2822 loca,
1524 2759 1741 2812 tandem
1773 2756 2087 2827 Hierosoly-

499 2857 601 2909 mis
635 2855 842 2908 obiisse
900 2863 1154 2905 mortem.
1234 2851 1310 2902 Ite
1358 2850 1528 2918 igitur
1587 2850 1726 2917 ipsa,
1791 2849 1900 2902 huc
1956 2849 2088 2902 illuc

449 3007 454 3012 _
498 2954 727 3016 vagatus
755 2947 954 3009 fuerat,
988 2957 1052 2995 ac
1089 2942 1334 3012 proinde,
1370 2957 1429 2995 re
1473 2957 1692 3010 quoque
1724 2941 1840 3012 ipsa
1875 2942 2091 3013 paradi-

499 3056 618 3093 sum
667 3051 944 3106 egressus.
990 3035 1224 3103 Insuper
1260 3033 1504 3089 Joannes
1550 3033 1852 3089 monachus
1911 3035 1985 3104 (t)
2035 3033 2088 3085 itt

499 3142 752 3180 sermone
781 3139 883 3179 suo
909 3124 974 3178 de
1000 3140 1200 3178 occasu
1226 3124 1414 3178 mundi
1454 3124 1637 3191 hujus,
1672 3136 1725 3179 et
1758 3127 1824 3179 de
1855 3134 2084 3179 venturo

500 3219 703 3272 mundo
736 3231 879 3272 novo
904 3256 920 3281 ,
959 3218 1147 3272 multis
1180 3218 1440 3283 ostendit,
1476 3232 1537 3271 ea
1563 3233 1685 3286 qua:
1723 3219 1789 3272 de
1822 3218 2084 3287 paradiso

499 3313 708 3379 set-ipta
738 3319 891 3378 sunt,
944 3320 1381 3364 consentaneum
1417 3325 1540 3365 esse
1573 3321 1632 3362 ut
1663 3311 1729 3365 de
1758 3311 1923 3365 rebus
1951 3310 2086 3379 ipsis

501 3403 915 3474 intelligantur;
971 3403 1254 3471 utiturque
1347 3403 1487 3454 inter
1550 3403 1653 3454 alia
1705 3404 1789 3456 his
1852 3403 2084 3457 verbis:

504 3494 769 3561 Quaenam
806 3494 959 3547 l'ucre
1006 3495 1198 3547 Adamn
1249 3510 1383 3563 opes
1438 3495 1490 3546 in
1559 3497 1856 3563 paradiso?
1905 3511 2086 3549 annon

511 3588 738 3640 arbores
791 3585 1128 3650 lrnctitertc,
1183 3585 1394 3640 feraces
1451 3585 1710 3640 foliorum
1769 3591 1972 3657 quibus
2031 3605 2090 3644 se

503 3678 664 3746 primi
697 3687 958 3747 parentes
981 3690 1286 3741 conterent,
1323 3689 1378 3731 et
1403 3678 1606 3732 ﬂumen
1629 3683 1787 3749 aquis
1821 3681 2092 3750 proﬂuen-

510 3770 658 3822 tibus
715 3770 936 3822 illorum
999 3767 1149 3822 sitim
1214 3770 1598 3839 restinguens;
1671 3788 1904 3840 quarunt
1971 3775 2092 3827 alite

511 3873 678 3925 super
719 3860 928 3912 hancce
962 3866 1188 3922 terram,
1219 3861 1338 3913 alia-
1384 3865 1576 3915 subter
1621 3862 2089 3926 dillundcbautur,

509 3958 648 4002 teste
677 3946 869 4001 Mose?
897 3947 1030 4000 Nam
1079 3949 1123 4002 si
1175 3952 1300 4018 quis
1333 3961 1416 4004 est
1453 3950 1547 4018 qui
1580 3960 1733 4019 putet
1758 3952 1986 4004 arhorcs
2037 3951 2091 4003 ιιι

512 4041 772 4109 paradiso
811 4056 916 4094 nou
948 4040 1118 4096 fuisse
1149 4053 1491 4110 corporatas,
1521 4043 1641 4112 ejus
1668 4044 1854 4098 animo
1898 4045 2093 4098 intelli-

509 4132 657 4197 gcnti
691 4145 847 4199 seque
877 4131 1126 4184 divinum
1162 4131 1479 4200 Eloquium,
1531 4131 1711 4184 lumen
1746 4130 2094 4199 suppeditare

509 4221 771 4285 debebat,
800 4223 946 4290 quod
993 4237 1090 4290 per
1122 4220 1306 4274 Mosen
1341 4221 1408 4274 de
1435 4222 1690 4290 paradiso
1719 4223 1921 4275 diserte
1952 4223 2097 4276 allii--

515 4324 670 4380 mat,
736 4312 902 4367 Evam
957 4315 1176 4384 generis
1227 4314 1456 4368 ltuutani
1515 4323 1743 4367 matrem
1795 4316 2098 4385 sumpsisse

2171 480 2349 529 reum,
2403 462 2705 518 contulisse
2759 476 2882 516 cum
2920 462 3140 529 regione
3174 457 3451 521 Iordanis,
3489 458 3586 512 sed
3619 472 3748 511 eum

2171 556 2262 626 qui
2301 570 2361 609 re
2399 555 2516 624 ipsa
2549 553 2844 608 exsisteret
2899 562 3331 620 corporatusque
3363 559 3530 612 esset,
3569 550 3756 604 existi-
3791 531 3796 548 ί

2173 649 2404 704 mandus
2433 658 2534 703 est.
2577 645 2716 699 Tum
2749 644 2892 700 alius
2921 658 3140 712 quoque
3184 643 3444 712 pr0pheta
3477 643 3545 696 de
3590 657 3752 711 para-

2171 741 2291 796 diso
2319 741 2646 794 vaticinatus
2679 747 2762 792 est
2787 738 2853 790 ad
2891 735 3036 790 hunc
3062 741 3282 788 modum
3315 750 3330 788 :
3362 755 3380 784 ι
3419 735 3558 788 Ante
3597 733 3752 788 illum

2174 831 2466 902 paradisus
2510 828 2650 892 Dei,
2709 838 2830 896 post
2888 826 3041 880 illum
3103 841 3233 880 vero
3292 825 3458 880 veluti
3514 840 3750 894 campus

2171 926 2510 978 devastatus.
2551 919 2765 991 tlgitur
2829 934 2895 972 ex
2962 919 3030 972 iis
3081 917 3336 971 omnibus
3399 932 3520 987 qua:
3579 917 3758 971 adhuc

2175 1017 2446 1079 diximus,
2482 1024 2698 1068 constat
2741 1012 2962 1066 unicum
3001 1011 3222 1081 quidem
3256 1024 3377 1065 esse
3417 1009 3756 1078 paradisum,

2175 1108 2270 1162 sed
2305 1123 2430 1162 eum
2474 1105 2708 1174 duplicis
2749 1103 3129 1166 conditionis;
3171 1116 3475 1172 corporeae,
3524 1104 3753 1170 inquant

2174 1211 2230 1256 et
2256 1201 2595 1269 incorporea:
2631 1214 2646 1265 ;
2677 1197 2782 1251 hoc
2809 1205 2918 1262 est,
2954 1206 3010 1250 et
3041 1196 3108 1249 ad
3151 1209 3350 1249 sensus
3397 1195 3568 1263 ipsos,
3597 1202 3652 1248 et
3682 1194 3750 1247 ad

2177 1293 2376 1346 utentis
2405 1289 2818 1360 intelligentiam
2843 1287 3118 1357 pertinere
3143 1302 3156 1340 :
3192 1285 3502 1355 falsumque
3526 1286 3758 1354 proinde

2181 1401 2304 1441 esse
2351 1386 2494 1454 quod
2533 1394 2626 1438 aut
2664 1382 2768 1437 sub
2815 1381 2993 1438 solum
3040 1396 3265 1437 sensum
3295 1381 3478 1444 cadat,
3530 1390 3624 1433 aut
3654 1379 3760 1434 sub

2177 1477 2352 1532 solam
2411 1476 2856 1546 intelligentiam,
2905 1483 3005 1530 aut
3052 1475 3291 1544 denique
3338 1472 3486 1528 quod
3531 1473 3758 1527 omnino

2177 1574 2290 1626 duo
2325 1579 2543 1625 exstent
2576 1567 2840 1639 paradisi.

2785 1698 3014 1756 CAPUT
3064 1699 3134 1755 ιι.

2252 1839 2387 1907 Quis
2418 1848 2757 1910 corporatus,
2795 1849 2842 1892 et
2871 1840 2989 1908 quis
3019 1835 3286 1907 spiritalis
3334 1838 3617 1905 paradisus
3663 1839 3756 1891 sit.

2181 1934 2477 1988 Paradisus
2525 1948 2828 2002 corporeus.
2858 1961 2916 1972 -—
2957 1933 3078 1985 Jam
3105 1946 3237 1985 vero
3284 1941 3636 2001 posteaquam
3664 1931 3760 1986 de-

2183 2026 2619 2081 monstravimus
2643 2025 2866 2080 unicutn
2896 2039 3018 2078 esse
3044 2023 3358 2094 paradisum
3378 2065 3394 2089 ,
3445 2039 3552 2077 non
3594 2023 3752 2085 duos,

2182 2124 2277 2174 sed
2312 2136 2436 2173 eum
2492 2118 2726 2188 duplicis
2779 2131 2900 2172 esse
2937 2117 3310 2181 conditionis,
3357 2131 3632 2185 corporeae
3691 2127 3748 2171 et

2183 2210 2541 2279 incorporeas,
2604 2222 2950 2277 consequens
3005 2217 3088 2263 est
3143 2216 3203 2260 ut
3246 2207 3586 2271 doceamus,
3630 2208 3759 2276 quis

2183 2317 2502 2370 corporeus,
2533 2310 2584 2357 et
2627 2301 2750 2370 quis
2780 2301 3140 2369 incorporeus
3168 2301 3240 2355 sit
3265 2301 3576 2369 paradisus.
3615 2299 3753 2354 Cor-

2185 2409 2410 2462 porcum
2446 2394 2611 2463 igitur
2657 2393 2973 2463 paradisum
3016 2407 3140 2447 esse
3183 2393 3499 2456 statuimus,
3534 2392 3760 2447 arbores

2189 2486 2369 2542 omnis
2399 2485 2614 2555 generis
2639 2485 2923 2555 plurimas,
2952 2485 3218 2538 varietate
3243 2482 3762 2552 pulchritudiueque

2190 2577 2567 2638 admirandas,
2623 2586 2788 2644 atque
2841 2574 3100 2628 [oliorum
3149 2584 3203 2628 et
3269 2572 3546 2627 fructuum
3577 2613 3594 2638 ,
3641 2587 3764 2643 qua:

2191 2671 2276 2726 sui
2315 2670 2672 2739 cupiditatem
2707 2669 2947 2722 excitent
2978 2668 3296 2731 maximam,
3323 2666 3554 2731 feraces,
3582 2681 3768 2735 requa-

2193 2763 2398 2828 bilique
2451 2772 2614 2830 atque
2661 2759 3043 2815 anttenissimo
3095 2760 3304 2829 positas
3356 2760 3473 2813 loco
3516 2758 3762 2811 :llumen

2194 2865 2456 2924 praeterea
2495 2855 2684 2922 ingens
2712 2864 2766 2908 et
2799 2854 3042 2922 amplum
3079 2867 3191 2923 quo
3237 2853 3342 2906 illa:
3370 2853 3636 2921 rigantur,
3674 2850 3762 2902 lo-

2194 2964 2318 3001 cum
2352 2947 2588 3016 denique
2632 2946 2810 3016 ipsum
2843 2946 3174 3014 spatiosum,
3209 2953 3448 3015 gratum,
3472 2951 3637 3010 atque
3666 2957 3762 2995 ac-

2194 3041 2542 3096 commodum
2585 3042 2652 3096 ad
2699 3055 2860 3095 usum
2897 3041 3406 3109 habitationemque
3457 3039 3765 3092 hominum.

2199 3131 2415 3186 Rursus
2475 3132 2787 3201 paradisum
2840 3131 2931 3200 qui
2980 3130 3048 3184 ad
3108 3129 3307 3183 mentis
3353 3127 3766 3198 intelligentiam

2189 3233 2423 3295 spectat,
2449 3239 2725 3294 quemque
2757 3224 3140 3292 incorporeum
3179 3222 3530 3276 nominamus
3551 3261 3566 3285 ,
3598 3221 3763 3274 vitam

2189 3333 2310 3372 esse
2337 3318 2629 3371 deliuimus
2665 3332 2785 3386 quae
2825 3318 2984 3386 plane
3035 3316 3339 3370 secundum
3377 3324 3636 3375 mentem.
3671 3329 3770 3384 per

2193 3410 2609 3479 temperantiam
2641 3411 3100 3478 sanctitatemque
3136 3409 3466 3463 excellenter
3501 3408 3762 3477 agitatur,

2198 3505 2418 3574 plenam
2472 3503 2847 3557 uteditatiouis
2899 3517 3079 3556 rerum
3125 3512 3240 3555 tum
3289 3501 3600 3555 divinarum
3651 3509 3767 3552 tum

2197 3597 2585 3662 conditarum;
2627 3612 2653 3648 a
2685 3613 2792 3665 qua
2826 3599 3016 3663 procul
3045 3595 3229 3648 absint
3257 3610 3425 3654 cura,
3482 3607 3771 3658 maerores,

2193 3692 2452 3762 gemitus,
2506 3688 2940 3745 concomitanter
3000 3703 3128 3739 vero
3187 3686 3483 3755 gaudium,
3545 3686 3768 3749 la-titia,

2195 3783 2507 3837 exsultatio.
2539 3782 2675 3834 Nam
2717 3781 2810 3848 qui
2831 3780 2887 3832 iu
2916 3780 3017 3832 hoc
3048 3778 3326 3847 paradiso
3363 3791 3667 3839 versantur,
3691 3777 3774 3829 vi-

2200 3887 2305 3929 tam
2345 3875 2506 3943 plane
2552 3875 2763 3926 beatam
2799 3882 2963 3935 atque
2995 3871 3296 3939 angelicam
3328 3870 3538 3932 vivunt,
3579 3870 3778 3922 radiis-

2197 3983 2305 4036 que
2333 3968 2536 4019 divinre
2568 3965 2809 4018 notionis
2850 3964 3218 4027 illustrantur,
3245 3971 3303 4016 ut
3331 3962 3531 4033 angeli.
3569 3959 3776 4030 Dupch

2199 4062 2364 4129 igitur
2423 4059 2511 4112 ille
2569 4057 2861 4126 paradisus
2895 4065 3168 4126 quatenus
3201 4055 3422 4124 quidem
3480 4067 3782 4120 corporeus

2203 4163 2342 4215 erat,
2379 4151 2596 4211 Adami,
2624 4148 2857 4218 Evasque
2888 4163 3092 4216 corpus
3117 4147 3426 4202 oblectabat
3459 4161 3472 4198 :
3499 4155 3773 4213 quatenus

2203 4259 2329 4296 vero
2365 4244 2722 4310 incorporeus
2749 4252 2912 4309 atque
2945 4239 3011 4292 ad
3045 4247 3279 4292 mentem
3312 4245 3587 4307 spectans,
3623 4234 3777 4303 ipso-

2204 4350 2327 4387 rum
2361 4333 2649 4386 recreabat
2683 4333 2916 4385 animos.
2951 4330 3164 4400 Quippe
3186 4330 3421 4384 utcibus
3454 4337 3782 4398 corporatus

513 4407 746 4470 fructus,
773 4422 980 4476 eosque
1011 4407 1216 4461 edisse.
1249 4406 1352 4472 Qui
1386 4407 1649 4476 potuisset
1683 4409 1827 4460 enim
1872 4409 1962 4460 illa
2005 4409 2085 4462 de-

2205 4425 2304 4478 alit
2337 4437 2539 4492 corpus
2565 4440 2578 4476 :
2602 4423 2675 4474 ita
2725 4422 2986 4491 cogitatio
3018 4431 3130 4473 tmtt
3157 4420 3224 4474 de
3269 4418 3378 4472 Deo
3411 4419 3528 4487 ipso
3557 4428 3671 4469 tuttt
3715 4418 3783 4470 de

511 4519 733 4573 Currere
774 4502 824 4554 id
857 4503 1004 4571 quod
1038 4505 1142 4556 sub
1175 4512 1379 4556 tactum
1427 4517 1536 4556 non
1579 4503 1846 4569 cadebat,
1893 4517 1984 4557 aut
2029 4504 2094 4558 de

513 4597 607 4647 iilo
643 4609 840 4662 capere
867 4593 1014 4663 quod
1065 4596 1450 4663 incorporeum
1484 4607 1604 4648 erat
1628 4638 1642 4662 ,
1671 4612 1795 4649 cum
1852 4597 1902 4650 id
1941 4599 2088 4666 quod

513 4695 882 4754 Corporatttrtc
908 4702 1104 4754 expers
1146 4697 1252 4749 est,
1284 4687 1451 4740 dividi
1489 4705 1594 4741 nou
1626 4691 1820 4757 possit,
1848 4706 1912 4744 eo
1939 4691 2087 4759 quod

514 4777 586 4829 sit
619 4779 955 4844 incorporeas
981 4777 1221 4830 naturae?
1261 4777 1384 4831 [Lee
1432 4777 1673 4833 Joannes
1746 4781 1853 4842 ille,
1899 4794 1953 4834 et
1991 4787 2094 4834 al-a

514 4868 798 4935 complura
849 4883 915 4921 eo
969 4869 1070 4922 loci
1127 4872 1330 4938 scripta
1379 4871 1622 4940 reliquit,
1659 4873 1860 4942 quibus
1905 4879 2098 4926 edocet

516 4972 842 5027 corporeum
897 4958 1071 5013 fuisse
1125 4961 1484 5028 paradisum:
1528 4966 1671 5031 Quod
1725 4963 1904 5032 ipsum
1955 4966 2090 5017 satis

517 5057 665 5107 clare
715 5054 877 5106 etiam
915 5051 1082 5107 Mosis
1117 5055 1283 5108 verba
1331 5055 1758 5108 testanturdum
1813 5057 1864 5107 itt
1899 5055 2096 5110 Genesi

517 5151 597 5203 sic
631 5146 859 5202 scribit:
902 5145 970 5198 Et
997 5147 1215 5199 sustulit
1247 5146 1343 5199 Lot
1380 5149 1560 5200 oculos
1588 5166 1729 5212 suos,
1771 5158 1818 5201 et
1838 5149 2100 5217 viditpnt-

519 5257 636 5294 nent
665 5254 864 5292 terram
903 5237 1183 5303 Jordauis,
1228 5244 1368 5308 quod
1413 5242 1664 5294 unirersa
1704 5251 1838 5294 esset
1872 5243 2102 5311 irrigua,

523 5334 834 5402 uriusquam
868 5332 1208 5385 subvertisset
1258 5331 1399 5385 Deus
1435 5331 1722 5386 Sodomam
1779 5344 1827 5388 et
1880 5332 2108 5387 Gomor-

524 5425 1167 5493 rliam.quasiparattisus
1207 5425 1358 5478 Dei“.
1389 5424 1507 5478 Non
1543 5427 1690 5480 enim
1731 5443 1854 5482 eum
1888 5429 2107 5497 paradi-

629 5569 651 5598 ⁵
679 5568 813 5623 Cen.
844 5567 1079 5635 xnt,10.

603 5720 678 5788 (ι)
712 5721 1163 5788 Cbrysostomum
1199 5726 1356 5780 dicit.

2204 4516 2272 4570 iis
2306 4517 2470 4570 rebus
2503 4530 2640 4584 quas
2678 4513 2819 4568 Deus
2851 4514 3130 4575 condidit,
3168 4513 3343 4581 pascit
3386 4513 3631 4563 animum
3685 4524 3780 4561 ra-

2207 4614 2354 4664 tione
2382 4609 2697 4678 praeditum.
2737 4608 2972 4662 Perinde
3007 4607 3152 4660 enim
3192 4605 3422 4659 scientia
3455 4613 3509 4656 et
3537 4603 3782 4671 cognitio

2218 4703 2410 4768 anittti,
2447 4713 2611 4771 atque
2643 4702 2822 4771 panis,
2856 4700 3103 4769 corporis
3142 4708 3226 4753 est
3259 4699 3601 4752 alimentum.

2822 4832 3058 4890 CAPUT
3103 4832 3191 4887 Ill.

2271 4974 2687 5028 Consentaneum
2723 4982 2800 5027 est
2855 4970 3046 5026 Veteris
3089 4969 3406 5024 Testamenti
3458 4965 3791 5036 Scripturam

2207 5068 2420 5136 mystice
2438 5066 2805 5134 interpretari.
2824 5094 2890 5102 --
2910 5063 3049 5117 Sunt
3075 5063 3217 5117 inter
3241 5061 3525 5115 hmreticos
3548 5061 3637 5127 qui
3658 5071 3762 5110 cou
3777 5085 3794 5097 -

2209 5157 2440 5208 tendunt
2480 5156 2703 5207 ntiniute
2759 5153 3076 5215 cont'ettire,
3129 5164 3181 5205 ut
3219 5149 3796 5206 Veteris'l‘cstamenti

2217 5249 2421 5316 scripta
2456 5248 2705 5318 mystice,
2735 5255 2898 5316 atque
2931 5246 3088 5299 aliter
3120 5261 3284 5314 quam
3339 5244 3408 5298 de
3443 5246 3576 5312 ipsis
3605 5243 3794 5306 rebus,

2220 5339 2655 5407 interpretentur
2683 5354 2698 5392 :
2742 5339 3091 5408 graviterque
3121 5345 3387 5390 accusant
3411 5351 3509 5389 eos
3541 5334 3632 5402 qui
3663 5346 3801 5388 cut-

2219 5444 2298 5484 tra
2330 5430 2559 5485 faciunt.
2614 5430 2780 5500 Atqui
2815 5431 2858 5486 si
2892 5432 2963 5485 ita
3018 5438 3251 5494 statuas,
3287 5428 3454 5481 multa
3490 5439 3546 5480 ut
3601 5440 3802 5479 Consc-
