4088 6208
329 306 437 373 459

1462 307 1559 367 DE
1600 307 1997 367 PARADlSU.
2045 332 2113 342 --
2152 308 2343 368 PARS
2382 310 2434 368 Ι.

3479 308 3586 373 490

330 425 570 487 quantur
600 418 834 474 absurda
876 433 1161 475 necessum
1190 430 1293 476 est.
1331 420 1513 476 Primo
1545 423 1691 478 enim
1728 422 1899 478 Vetus
1933 440 1974 496 Α
2007 422 2269 479 Ριωιει-ρδ
2321 422 2489 479 Mosis
2515 432 2822 494 serpentem
2854 438 3064 479 aetieum
3094 439 3254 495 quem
3286 427 3338 479 in
3369 427 3589 483 deserto

329 510 749 567 Testamentum
776 512 912 566 nihil
947 513 1054 568 nisi
1080 529 1257 569 meras
1290 515 1576 584 nudasque
1606 517 1911 571 continebit

328 604 594 661 historias
651 622 664 659 :
718 604 1034 675 carebitque
1106 622 1331 677 prorsus
1417 609 1662 679 mysticis
1739 609 1911 663 sancti

332 698 573 769 Spiritus
624 699 825 767 sensis,
873 699 1070 755 deinde
1129 700 1518 755 obﬁrmabitur
1573 701 1799 756 Manctis
1861 713 1913 755 et

330 791 627 847 Marcionis
661 793 954 860 sententia,
989 794 1083 863 qui
1114 793 1372 849 dicebant
1400 794 1563 848 Vetus
1587 795 1909 849 Testamen-

333 894 447 938 tum
482 898 825 955 nequaquam
854 885 924 939 ab
954 868 1175 940 auctore
1209 885 1301 939 Dei
1333 885 1539 940 Christi
1567 884 1734 940 Patre
1757 901 1903 941 esse.

338 975 610 1030 Praeterea
680 976 787 1030 nisi
850 974 905 1029 in
958 975 1053 1030 illo
1108 976 1392 1030 recondita
1453 976 1657 1031 fuerint
1717 990 1916 1030 arcana

336 1080 522 1131 sensa,
595 1065 741 1120 unde
800 1075 1027 1135 potuere
1078 1067 1244 1137 prisci
1318 1076 1539 1136 patres,
1616 1070 1916 1137 prophetae,

335 1158 543 1226 aliique
573 1158 747 1212 sancti
779 1157 883 1211 viri
915 1158 1219 1228 intelligere
1252 1158 1533 1213 Christum
1563 1158 1689 1212 olim
1726 1169 1920 1213 ventu-

338 1266 501 1315 rum;
536 1266 603 1304 ex
645 1264 824 1320 eaque
855 1265 913 1305 re
957 1260 1108 1305 tanto
1158 1248 1296 1304 allici
1322 1250 1568 1319 gaudio?
1602 1249 1846 1320 Denique
1874 1250 1921 1305 si

335 1343 411 1397 ita
437 1357 566 1397 cum
615 1342 723 1398 illis
772 1342 1048 1398 haereticis
1080 1344 1373 1407 sentimus,
1421 1343 1669 1414 profecto
1712 1343 1767 1397 iu
1821 1340 1917 1396 Ju-

336 1435 609 1491 daismum
657 1435 991 1497 incidimus;
1028 1436 1229 1507 quippe
1266 1436 1462 1502 Judaei,
1502 1444 1560 1491 ut
1607 1436 1700 1506 qtti
1748 1432 1922 1506 Spiri-

337 1538 431 1585 tus
479 1530 654 1584 sancti
707 1537 958 1598 expertes
1010 1539 1175 1594 sunt,
1239 1530 1343 1585 alia
1400 1546 1561 1597 quam
1618 1530 1923 1601 corporalia

335 1638 634 1691 crassaque
660 1636 822 1676 sensa
864 1622 1012 1676 nulla
1042 1623 1469 1692 amplectuntur.
1514 1620 1715 1676 Verum
1752 1624 1926 1677 enim-

336 1730 470 1769 vero
498 1715 716 1769 arcanis
747 1717 913 1768 etiam
978 1715 1159 1770 modis
1220 1725 1386 1784 atque
1450 1715 1698 1785 mysticis
1752 1715 1925 1785 expli-

2015 518 2302 587 suspeudit
2338 518 2409 572 ob
2440 518 2633 572 oculos
2658 518 2846 589 populi
2871 517 2936 583 ¹⁶,
2971 519 3114 572 idem
3138 517 3389 572 Christus
3421 520 3591 573 inter-

2018 615 2263 676 pretatur
2295 608 2523 678 mystice
2549 609 2614 661 de
2637 622 2735 663 sua
2763 622 2952 673 cruce,
2992 608 3122 661 dum
3153 608 3230 661 ait
3260 625 3273 662 :
3318 609 3590 673 Quemad-

2018 701 2233 754 modum
2270 702 2342 765 δίη
2377 702 2542 754 altum
2589 700 2807 755 sustulit
2840 701 3008 755 Moses
3059 711 3352 770 serpentem
3379 701 3434 754 in
3463 700 3596 754 solt-

2020 796 2238 856 tudine,
2277 794 2353 847 ita
2407 793 2737 845 exaltabitur
2790 793 2961 847 Filius
3007 793 3233 847 hominis
3254 793 3318 845 ¹⁷.
3356 793 3595 848 Rursum

2018 901 2175 955 aquae
2196 885 2301 938 illa:
2335 884 2403 938 de
2430 885 2631 953 quibus
2657 900 2781 938 cum
2815 882 3162 939 Samaritana
3222 885 3450 939 muliere
3482 886 3600 940 col-

2020 980 2249 1047 loquens
2280 976 2401 1030 ait:
2436 980 2603 1046 Aquae
2647 992 2777 1046 quas
2843 994 2935 1046 ego
2990 977 3059 1030 do
3114 978 3184 1044 ei,
3218 978 3342 1046 ﬁent
3392 979 3447 1031 in
3484 980 3597 1044 ipso

2022 1070 2190 1139 fontes
2216 1071 2567 1123 scaturientes
2597 1070 2652 1122 in
2682 1070 2845 1123 vitam
2873 1079 3125 1124 a'ternam
3147 1070 3189 1101 ⁸⁸
3210 1111 3223 1136 ,
3253 1086 3596 1143 nequaquam

2021 1163 2266 1234 profecto
2320 1171 2629 1233 corporate:
2685 1178 2863 1233 aquae,
2922 1166 3017 1219 sed
3075 1165 3317 1235 mysticae
3354 1165 3599 1220 fuerunt.

2025 1254 2267 1324 Denique
2324 1253 2529 1310 Paulus
2580 1270 2804 1325 quoque
2861 1258 3143 1325 apostolus
3197 1273 3403 1313 arcano
3433 1273 3597 1313 sensu

2025 1348 2417 1417 interpretatur
2459 1348 2597 1403 duas
2636 1348 2870 1403 Abrahae
2904 1365 3129 1415 uxores,
3156 1349 3347 1405 Saram
3377 1360 3430 1406 et
3456 1351 3601 1421 Aga-

2026 1455 2164 1507 rem,
2202 1441 2435 1494 duorum
2501 1440 2755 1510 inquiens
2800 1450 3251 1497 testamentorum
3298 1443 3419 1498 illas
3482 1457 3606 1498 esse

2040 1533 2323 1601 ﬁguras”.
2357 1530 2622 1587 Similiter
2654 1543 2865 1601 petram
2908 1533 3055 1587 illam
3092 1549 3215 1603 qua:
3240 1533 3606 1589 comitabatur

2030 1625 2328 1691 lsraelitas,
2374 1625 2849 1695 profundebatque
2902 1625 3009 1679 illis
3064 1640 3235 1694 aquas
3285 1626 3338 1679 in
3393 1633 3604 1695 potum,

2032 1718 2266 1786 ﬁgurate
2320 1716 2560 1786 explicat
2593 1716 2815 1786 quando
2837 1716 2998 1782 ait“,
3048 1732 3168 1770 eam
3198 1726 3403 1787 petram
3437 1715 3609 1770 fuisse

337 1808 549 1862 candos
595 1821 720 1861 esse
753 1821 945 1860 sacros
998 1806 1213 1871 Libros,
1262 1824 1326 1860 ex
1381 1806 1449 1861 iis
1482 1808 1774 1860 coniicitur
1805 1824 1922 1877 quae
1954 1782 2330 1865 BChristum.
2390 1808 2470 1863 Ex
2526 1809 2610 1863 his
2668 1808 2839 1878 igitur
2883 1809 3136 1862 omnibus
3188 1808 3445 1877 colligere
3499 1818 3607 1864 est.

349 1903 517 1954 modo
556 1899 904 1967 subjicrmus.
952 1900 1009 1953 Si
1046 1901 1190 1954 enim
1240 1901 1384 1970 quod
1434 1902 1683 1971 capiendi
1722 1899 1921 1966 Judaei,

339 1993 510 2061 inque
546 1992 801 2047 exsilium
836 1992 1101 2056 ducendi,
1124 1992 1381 2061 quodque
1414 2008 1609 2047 rursus
1656 1993 1923 2047 liberandi

340 2084 750 2150 reducendique
798 2084 853 2139 in
886 2085 1120 2154 patriam
1168 2095 1353 2138 essent
1380 2101 1395 2150 ;
1420 2100 1539 2152 quae
1575 2086 1751 2153 rcipsa
1788 2099 1923 2138 con-

347 2177 621 2247 tingentes
676 2178 861 2247 ﬁgurae
907 2176 1130 2231 fuerunt
1161 2194 1177 2229 :
1207 2175 1349 2246 jussi
1404 2188 1533 2230 sunt
1563 2177 1731 2231 divini
1775 2186 1926 2229 vates

345 2270 537 2338 ﬁguris
566 2277 728 2338 atque
782 2269 924 2339 typis
958 2270 1287 2338 quibusdam
1326 2268 1643 2337 praedicere,
1698 2286 1807 2339 quo
1844 2272 1925 2322 vi-

344 2363 541 2419 delicet
588 2363 688 2417 Dei
744 2363 1086 2432 providentia
1144 2362 1258 2430 jam
1316 2372 1429 2415 tum
1477 2370 1870 2432 agnosceretur
1914 2380 1927 2415 :

345 2452 492 2507 sicut
539 2451 682 2522 apud
738 2451 1076 2507 Ezechielem
1119 2454 1184 2508 de
1214 2451 1480 2506 sumendo
1509 2450 1700 2515 latere,
1747 2452 1813 2504 de
1843 2450 1929 2503 di-

345 2544 593 2597 videndis
621 2544 805 2597 barbze
842 2554 897 2598 et
922 2543 1119 2613 capitis
1148 2543 1277 2614 pilis
1323 2552 1377 2596 et
1406 2542 1660 2596 cubando
1706 2542 1762 2594 in
1789 2541 1927 2595 late-

345 2636 525 2701 ribus,
559 2637 739 2690 videre
795 2636 933 2703 est“;
987 2636 1120 2689 item
1175 2634 1318 2703 apud
1363 2634 1568 2688 Isaiam
1624 2632 1690 2687 de
1722 2634 1930 2687 amictu

348 2730 518 2790 sacci.
557 2730 736 2798 deque
788 2728 1046 2783 nudando
1097 2726 1407 2796 corporei;
1462 2735 1724 2795 praetcrea
1787 2723 1931 2793 apud

346 2819 643 2877 Jeremiam
695 2821 763 2874 de
822 2821 955 2890 jugo
1011 2830 1065 2876 et
1116 2818 1429 2884 vinculis“;
1495 2817 1733 2886 denique
1787 2815 1933 2885 apud

348 2910 547 2967 Oscam
580 2912 645 2965 de
674 2912 923 2965 ducenda
958 2926 1130 2965 uxore
1181 2911 1429 2964 adultera
1461 2919 1517 2962 et
1566 2909 1931 2973 meretrice”;

351 3012 515 3068 atque
543 3001 615 3054 ita
638 3001 703 3055 de
726 3001 850 3056 aliis
890 3000 1144 3070 plurimis
1169 3016 1291 3071 qua:
1323 3014 1471 3054 nunc
1504 3015 1611 3054 non
1647 3009 1730 3054 est
1756 3014 1937 3069 operae

353 3095 592 3161 pretium
633 3108 958 3163 pacensere
997 3111 1011 3148 :
1049 3106 1257 3163 quanto
1283 3094 1457 3163 magis
1497 3101 1933 3149 consentaneum

353 3185 693 3255 putabimus,
746 3186 803 3239 in
848 3186 965 3256 lege
1015 3196 1182 3255 atque
1227 3187 1509 3259 prophetis
1542 3186 1768 3258 mystice
1799 3183 1936 3254 ﬁgu-

353 3289 583 3349 rateque
651 3279 740 3333 illa
801 3280 1121 3334 admiranda
1178 3290 1345 3350 atque
1414 3278 1931 3351 praecellentissima

355 3385 536 3440 neque
566 3386 807 3439 unquam
850 3372 985 3425 satis
1024 3371 1296 3425 laudanda
1331 3386 1496 3441 opera
1539 3385 1660 3440 qua
1696 3367 1934 3424 Verbum

356 3461 453 3517 Dei
510 3464 789 3528 Christus,
824 3462 955 3517 dum
996 3463 1051 3517 in
1112 3478 1278 3518 carne
1332 3472 1601 3527 \crsatur,
1661 3462 1933 3531 patravit,

358 3570 590 3625 quaeque
622 3555 781 3611 nobis
812 3558 867 3610 in
902 3556 1111 3610 mundo
1140 3555 1232 3609 illo
1260 3556 1618 3624 sempiterno,
1646 3553 1805 3623 cujus
1841 3565 1937 3620 spe

357 3648 669 3705 certissima
688 3647 850 3704 iruim
861 3663 945 3713 ur,
964 3657 1225 3703 eventura
1247 3647 1655 3717 promisit,-esse
1678 3660 1935 3715 praenun-

359 3743 531 3797 tiatal
590 3742 672 3797 Ad
723 3742 847 3808 hoc,
898 3741 1310 3796 tabernaculum
1365 3738 1495 3792 illud
1542 3737 1739 3805 exiguo
1771 3735 1936 3790 dura-

358 3842 546 3887 ιιιιιιιιι
576 3841 856 3901 tempore,
897 3846 1009 3902 quo
1061 3841 1262 3886 ornatu
1317 3843 1585 3899 corporeo
1639 3836 1789 3883 esset
1836 3842 1936 3880 Εἰ·

358 3927 684 3982 struendum
715 3941 747 3980 a
778 3923 949 3991 Mose,
984 3939 1091 3979 non
1122 3933 1250 3978 ante
1290 3923 1344 3976 in
1377 3922 1498 3989 ipso
1530 3930 1716 3975 monte
1747 3919 1940 3989 mysti-

358 4020 441 4085 cis
472 4019 653 4073 modis
684 4019 790 4087 ipsi
829 4018 1149 4073 ostenderat
1177 4015 1355 4071 Deusl
1394 4014 1539 4068 Sane
1583 4028 1651 4067 eo
1686 4022 1939 4081 spectant

358 4113 527 4167 verba
550 4112 641 4166 illa
664 4127 810 4182 quae,
834 4121 1125 4181 postquam
1146 4110 1235 4164 ille
1254 4108 1633 4164 descendisset
1653 4106 1720 4160 de
1733 4114 1936 4168 monte,

360 4205 425 4259 ad
456 4207 635 4275 ipsum
684 4206 772 4259 hic
806 4204 1063 4269 faciebat,
1096 4203 1355 4273 inquiens
1391 4218 1405 4255 :
1446 4199 1628 4256 Videto
1668 4215 1732 4254 ac
1775 4200 1940 4268 facito

361 4303 541 4354 omnia
567 4299 637 4351 ad
658 4299 1007 4373 id‘exemplar
1042 4299 1179 4367 quod
1214 4298 1310 4350 tibi
1340 4296 1397 4350 in
1429 4306 1606 4349 monte
1642 4294 1850 4348 ostendi
1873 4294 1937 4347 ιθ.

365 4392 505 4457 Quid
526 4391 799 4447 Gedeonis
829 4391 1003 4445 vellus
1021 4390 1062 4422 ¹¹
1085 4390 1108 4443 ?
1134 4389 1274 4455 Quid
1306 4387 1486 4442 Elisaei
1518 4387 1713 4457 hydria
1734 4386 1821 4440 "‘2
1847 4401 1943 4440 an~

2030 1898 2236 1954 Veteris
2300 1896 2634 1952 Testamenti
2699 1896 2869 1952 libros
2930 1911 3037 1951 non
3112 1896 3274 1951 modo
3326 1897 3392 1951 de
3445 1896 3613 1951 rebus

2028 1987 2188 2059 ipsis,
2212 2004 2402 2044 verum
2430 1989 2594 2042 etiam
2629 1988 2856 2058 mystice
2878 2002 2942 2043 ac
2969 1987 3202 2057 ﬁgurate
3227 1996 3386 2055 atque
3408 2002 3608 2042 recon-

2030 2081 2331 2137 ditiorihus
2366 2082 2546 2137 modis
2579 2081 2925 2151 interpretari
2952 2080 3168 2136 debere.

2624 2174 2857 2231 CAPUT
2902 2172 2990 2229 IV.

2105 2266 2237 2322 Utra
2264 2268 2590 2337 expositione
2619 2267 2841 2337 mystica
2874 2283 2936 2321 ne
2977 2284 3045 2321 an
3087 2267 3340 2340 historica
3389 2270 3454 2323 sit
3501 2272 3616 2339 pri-

2032 2376 2176 2413 mum
2219 2362 2646 2429 interpretandus
2688 2360 2999 2430 paradisus.
3040 2360 3306 2431 --lgitur
3338 2377 3462 2417 cum
3511 2362 3606 2418 du~

2034 2454 2196 2524 plicis
2264 2453 2336 2509 sit
2394 2453 2728 2529 conditionis
2792 2453 3116 2523 paradisus,
3183 2462 3616 2509 consentaneum

2033 2545 2199 2598 etiam
2256 2552 2343 2599 est
2374 2553 2431 2597 ut
2466 2544 2667 2614 duplici
2706 2544 2869 2599 modo
2900 2544 3327 2615 interpretetur,
3386 2543 3618 2617 mystice

2034 2645 2090 2691 et
2118 2645 2413 2705 corporate
2448 2653 2461 2690 :
2499 2635 2605 2690 hoc
2638 2643 2742 2700 est,
2781 2644 2842 2689 ut
2868 2643 2981 2690 tum
3012 2650 3101 2690 res
3126 2636 3257 2705 ipsa:
3288 2644 3622 2708 pertracten-

2038 2743 2149 2797 tur,
2182 2741 2296 2786 tum
2325 2747 2389 2801 ex
2420 2731 2584 2786 rebus
2610 2730 2864 2785 notiones
2896 2729 3017 2784 alia:
3050 2729 3210 2801 quasi
3250 2745 3346 2802 per
3387 2730 3617 2800 ﬁguram

2037 2824 2724 2893 intelligantur;ca:ternm
2774 2821 2865 2875 illa
2906 2821 3288 2891 interpretatio
3315 2837 3440 2876 cum
3490 2822 3619 2877 fun-

2037 2911 2300 2966 damento
2331 2919 2386 2964 et
2418 2909 2725 2980 parietibus
2753 2919 2898 2963 recte
2926 2908 3263 2964 conferatur.
3294 2909 3431 2963 Cum
3457 2909 3625 2981 igitur

2039 3016 2173 3059 tunc
2210 3002 2431 3058 demum
2480 3000 2623 3056 muri
2655 2999 2967 3055 immobiles
2999 3001 3309 3056 consistant
3347 3002 3439 3057 ubi
3495 3001 3621 3057 fun-

2041 3096 2296 3149 damenta
2348 3103 2477 3150 sunt
2511 3093 2702 3159 ﬁrma,
2738 3108 2802 3148 ac
2849 3093 3078 3163 proinde
3134 3093 3247 3147 haec
3275 3094 3429 3164 prius
3474 3093 3622 3163 jacta

2044 3201 2166 3242 esse
2191 3199 2357 3255 quam
2423 3184 2503 3239 illi
2556 3193 2910 3240 exstruantur
2957 3193 3226 3255 oporteat,
3260 3186 3475 3241 tametsi
3525 3202 3623 3255 pa—

2045 3282 2231 3346 rietes,
2258 3293 2435 3349 eaque
2464 3292 2587 3348 quae
2618 3287 2844 3348 paratus
2886 3278 3085 3331 aedium
3126 3276 3321 3342 forma,
3369 3278 3527 3348 prius
3563 3279 3619 3332 in

2044 3372 2230 3428 animo
2254 3379 2421 3442 atque
2454 3370 2788 3441 cogitatione
2828 3385 2860 3425 a
2910 3370 3070 3426 nobis
3098 3378 3392 3426 versentur
3456 3386 3620 3439 quam

2046 3465 2439 3532 fundamenta;
2500 3478 2807 3534 congruum
2859 3476 3078 3533 quoque
3118 3472 3222 3538 est,
3266 3472 3327 3517 ut
3364 3462 3433 3517 de
3464 3462 3627 3518 rebus

2046 3554 2187 3626 ipsis
2259 3552 2641 3624 interpretatio
2699 3551 2851 3622 prior
2899 3551 3306 3618 constituatur;
3352 3566 3486 3622 quo,
3517 3551 3622 3605 hac

2046 3646 2243 3701 deinde
2273 3660 2373 3700 ceu
2431 3643 2809 3710 fundamento,
2853 3644 3085 3713 mystica
3139 3643 3227 3697 illa
3285 3651 3629 3700 sustentetur

2048 3738 2383 3806 nitaturq’ue.

2672 3827 2901 3883 CAPUT
2948 3826 3015 3881 V.

2121 3918 2371 3984 Quotidie
2395 3919 2530 3971 inter
2556 3918 2678 3972 illos
2705 3932 2797 3971 sea:
2823 3918 2938 3972 dies
2968 3918 3159 3984 quibus
3205 3918 3445 3973 condidit
3487 3918 3626 3973 Deus

2049 4011 2183 4064 hanc
2204 4010 2575 4078 aspectubilem
2594 4012 2894 4064 machinam
2924 4010 3247 4064 sitconditus
3269 4020 3426 4081 atque
3449 4013 3630 4065 consi-

2051 4113 2135 4157 tus
2175 4102 2478 4173 paradisus.
2508 4133 2568 4142 —-
2608 4104 2877 4157 Caeterum
2917 4099 3096 4155 Moses
3140 4102 3353 4164 scribit,
3392 4119 3485 4156 sex
3521 4104 3633 4157 dic-

2049 4194 2154 4249 bus
2171 4193 2449 4248 creavisse
2478 4192 2648 4248 Deum
2694 4193 2837 4248 hanc
2867 4192 3182 4246 machinam
3214 4196 3625 4261 aspectabilem.

2055 4288 2235 4343 Primo
2264 4286 2411 4342 enim
2466 4285 2782 4342 condidisse
2834 4284 3078 4351 coelum,
3140 4292 3366 4349 terram,
3419 4287 3629 4353 lucem;

2052 4381 2315 4445 secundo,
2362 4379 2567 4433 aethera
2618 4378 2733 4432 sive
2786 4376 3228 4441 ﬁrmamentum;
3260 4375 3441 4439 tertio,
3465 4375 3630 4430 arbo-

365 4500 475 4538 non
526 4494 723 4555 praeter
763 4484 911 4553 ipsas
956 4497 1044 4537 res
1073 4496 1194 4552 quae
1244 4482 1570 4551 agebantur,
1608 4479 1714 4533 alia
1771 4480 1937 4533 etiam
1977 4502 2020 4558 υ
2053 4490 2160 4538 res,
2195 4472 2415 4537 herbas,
2443 4472 2698 4535 semina;
2730 4479 2951 4537 quarto,
3007 4469 3203 4535 solem,
3260 4468 3469 4533 lunam,
3503 4471 3632 4524 stel-

367 4577 577 4630 seclusa
609 4578 661 4629 in
700 4575 836 4645 ipsis
863 4584 1022 4629 erant
1062 4574 1266 4628 sensa?
1295 4572 1425 4641 quid
1459 4571 1725 4637 triticum,
1762 4571 1942 4641 palea,

367 4669 759 4733 ventilabrum,
779 4682 902 4737 quae
927 4676 1321 4721 commemorat
1342 4664 1586 4720 Joannes
1607 4663 1848 4734 Baptista
1864 4663 1946 4715 ¹³ἳ

365 4777 497 4815 num
532 4777 628 4831 pro
655 4762 792 4831 ipsis
825 4760 990 4815 rebus
1017 4759 1507 4828 suntaccipienda,
1535 4771 1600 4811 ac
1634 4771 1741 4811 non
1767 4755 1949 4825 potius

366 4869 639 4909 arcanum
678 4854 810 4923 quid
843 4869 938 4923 per
968 4869 1031 4907 ea
1087 4852 1397 4920 signiﬁcare
1420 4851 1512 4904 ille
1547 4848 1802 4913 volebat?
1817 4849 1947 4917 quin

366 4949 488 5017 ipse
516 4950 681 5001 etiam
720 4947 985 5002 Dominus
1016 4957 1205 5001 noster
1257 4945 1334 4999 ait
1382 4945 1761 4998 Abrahamum
1792 4954 1950 5012 opta-

365 5044 513 5097 visse
543 5053 597 5094 ut
633 5042 839 5096 videret
877 5026 1022 5095 diem
1070 5041 1280 5111 ipsius,
1328 5055 1392 5094 ac
1433 5038 1633 5093 vidisse
1666 5039 1951 5108 gavisum-

369 5151 475 5203 que
505 5134 719 5200 esse“;
753 5151 916 5206 quem
948 5143 1129 5189 tamen
1179 5136 1335 5188 aliter
1363 5133 1676 5203 prospicere
1707 5146 1815 5185 non
1852 5145 1951 5200 po-

369 5230 473 5281 tuit
542 5228 672 5299 ille,
738 5244 905 5298 quam
954 5244 1052 5298 per
1091 5237 1274 5298 typum
1335 5243 1399 5281 ac
1437 5226 1727 5297 mysteria,
1791 5222 1952 5294 quale

374 5320 503 5374 illud
560 5318 665 5375 fuit
694 5322 841 5390 quod
874 5322 1045 5377 ﬁlium
1083 5336 1241 5375 suum
1270 5319 1553 5373 immolare
1582 5316 1950 5387 jubebatur“.

372 5426 433 5466 ea
462 5415 611 5468 enim
646 5415 868 5468 victima
903 5414 1109 5468 Christi
1150 5415 1293 5467 diem
1336 5414 1565 5483 ﬁgurate
1601 5410 1948 5465 ostendebat.

442 5622 463 5651 ⁸
498 5620 699 5675 Bacch.
734 5635 810 5681 tv.
839 5622 895 5675 5.
970 5621 988 5651 ⁷
1031 5619 1133 5674 lsa.
1160 5633 1250 5679 xx.
1281 5618 1336 5672 2.
1415 5618 1435 5647 ⁸
1474 5617 1673 5672 .Ierem.
1720 5630 1889 5681 xxvii,
1920 5612 1975 5669 2.

373 5708 527 5760 seqq.
607 5691 652 5722 "
683 5690 911 5761 lVReg.
942 5706 1016 5761 tv,
1054 5691 1075 5761 l
1128 5704 1282 5759 seqq.
1383 5690 1424 5721 ⁸³
1464 5688 1653 5743 Matth.
1700 5704 1780 5751 ιιι,
1840 5686 1924 5761 1ἳέ

377 5762 418 5792 ⁸⁷
461 5759 617 5817 Juan.
651 5778 709 5817 tn
739 5804 751 5822 ,
794 5759 884 5813 HI
963 5759 1005 5791 "
1037 5760 1197 5814 Joau.
1241 5776 1314 5822 ιγ,
1342 5761 1428 5814 H.

757 5862 1026 5918 l’s'ruon.
1076 5858 1193 5917 GR.
1240 5857 1325 5914 CX
1340 5857 1387 5917 ι.

2007 5684 2048 5714 ⁸⁸
2076 5683 2237 5738 Joan.
2277 5697 2395 5746 vnt,
2428 5681 2518 5736 b6.

1514 5763 1552 5790 "
1581 5762 1754 5815 Gulat.
1788 5774 1859 5828 Iv,
1891 5757 1983 5812 ει.

2052 4569 2246 4638 lasque
2282 4574 2540 4631 exteras;
2580 4565 2795 4636 quinto,
2829 4579 2959 4618 aves
3013 4578 3140 4618 aera
3167 4573 3536 4633 peragrantes,
3580 4576 3634 4617 ct

2055 4663 2234 4731 pisces
2271 4676 2367 4731 per
2413 4675 2565 4713 mare
2596 4668 2868 4722 natantes,
2895 4673 2956 4711 ac
2990 4657 3140 4712 humi
3170 4672 3390 4729 quoque
3433 4672 3631 4729 repen-

2054 4766 2135 4812 tes
2162 4757 2469 4811 animantes
2493 4772 2506 4813 :
2533 4764 2715 4819 sexto,
2751 4754 2919 4818 feras,
2957 4760 3382 4821 mansuetasque
3410 4752 3636 4813 bestias.

2060 4864 2273 4905 necnon
2330 4849 2600 4902 Adamum
2662 4856 2714 4901 et
2778 4844 2969 4899 Evam.
3026 4844 3095 4899 At
3154 4845 3469 4915 paradisum
3514 4859 3638 4899 esse

2057 4943 2279 5011 quidem
2339 4957 2367 4995 a
2420 4941 2530 4996 Deo
2584 4940 2863 4995 consitum
2905 4950 3323 5006 commemorat,
3383 4937 3480 4993 sed
3526 4952 3634 4992 non
3684 4954 3687 4957 δ

2058 5044 2228 5105 quoto
2261 5035 2348 5088 die
2384 5053 2398 5089 :
2442 5049 2543 5089 nos
2579 5042 2759 5088 tamen
2796 5032 2955 5086 tertio
3000 5040 3053 5086 et
3083 5030 3387 5095 conditum,
3417 5039 3472 5086 et
3500 5043 3633 5084 con-

2056 5132 2222 5184 situm
2250 5144 2373 5185 esse
2400 5144 2466 5184 ex
2506 5129 2574 5183 iis
2605 5128 2787 5182 \erbis
2829 5141 2951 5197 qua:
2987 5126 3054 5182 de
3097 5126 3216 5196 ipso
3250 5124 3393 5197 apud
3432 5123 3636 5178 Mosem

2060 5224 2329 5278 habentur
2358 5261 2372 5287 ,
2434 5220 2839 5292 intelligimus:
2883 5220 2958 5275 ait
3014 5219 3161 5273 enim
3198 5217 3405 5271 dixisse
3464 5210 3637 5268 Deum

2058 5316 2145 5367 die
2179 5314 2379 5371 tertio:
2411 5311 2687 5366 Producat
2716 5321 2863 5367 terra
2898 5310 3097 5365 herbas
3128 5308 3515 5377 germinantes,
3555 5320 3642 5361 se-

2060 5408 2332 5475 tninisqne
2360 5404 2573 5462 feraces
2599 5405 2651 5460 itt
2679 5420 2780 5460 suo
2806 5419 2998 5473 genere
3018 5402 3084 5453 ".
3116 5399 3225 5454 Nec
3277 5416 3381 5452 non
3414 5400 3644 5455 arbores

2088 5615 2108 5645 ’
2143 5610 2279 5667 Osee
2309 5611 2428 5675 1,1.
2545 5610 2589 5642 ¹⁶
2629 5606 2804 5663 Exod.
2840 5624 2970 5674 xxv,
3018 5606 3105 5663 40.
3188 5607 3225 5639 ¹¹
3257 5604 3436 5661 Judic.
3464 5620 3537 5672 vt,
3574 5605 3646 5660 57

2626 5680 2668 5711 ⁸⁵
2699 5679 2836 5734 Gen.
2881 5695 3013 5739 χιιι,
3044 5679 3099 5732 2.
3177 5679 3219 5708 "
3247 5678 3382 5733 Num
3440 5692 3550 5732 ιιι.
3588 5676 3643 5732 9.

2059 5755 2106 5788 ’⁸
2154 5754 2328 5811 lCor.
2371 5768 2425 5817 χ,
2460 5753 2513 5807 4.
2592 5751 2633 5782 ’⁸
2664 5748 2801 5805 Gen.
2840 5766 2855 5803 ι
2918 5750 3013 5835 ll.

3217 5846 3290 5907 16
