4088 6208
466 290 560 352 Mil
1753 286 1981 346 MOSIS
2024 286 2051 343 [

2159 287 2173 342 l
2216 282 2463 344 CEPHA
2550 346 2553 351 ,

3627 282 3738 347 439.

466 411 773 465 ιιιιιῖιίίυιοειέ
822 409 905 464 sui
968 423 1213 479 quasque
1248 407 1462 478 generis
1497 444 1510 469 ,
1581 414 1686 459 etc.
1750 402 2043 459 I‘aradisus
2073 414 2117 469 Α
2148 402 2397 458 Profecto
2430 402 2553 456 dico
2583 401 2701 467 tibi,
2741 403 2909 456 Hodie
2938 404 3043 457 eris
3082 421 3279 458 mecum
3312 406 3365 457 in
3399 406 3653 473 paradiso
3672 410 3738 454 ".

468 512 648 571 itaque
679 512 803 556 ante
849 501 1116 555 Adatnum
1149 499 1402 555 conditus
1436 507 1519 551 est
1561 508 1613 551 et
1655 495 1815 550 veluti
1847 511 2050 564 sponso

466 599 744 649 thalamus
767 611 793 647 a
846 593 956 648 Deo
985 600 1323 663 praeparatus
1368 600 1531 660 alque
1562 589 1884 643 instructus.
1912 588 2048 641 Nam

468 688 611 756 quod
642 684 816 739 Moses
839 684 1076 753 paradisi
1128 682 1333 739 conditi
1389 682 1716 736 mentionem
1746 690 1872 750 post
1896 697 2047 735 crea-

469 790 578 833 tum
607 778 873 832 Adamum
918 775 1063 841 facit,
1092 776 1211 829 ideo
1244 778 1321 838 lit,
1350 775 1489 843 quod
1534 774 1599 828 ad
1637 774 1873 827 nondum
1921 773 2052 827 satis

468 874 793 943 explicatam
858 872 925 927 de
978 871 1233 942 paradiso
1282 871 1497 925 consito
1534 871 1898 925 narrationem
1946 868 2051 924 sibi

472 961 873 1023 revertendum,
909 976 1137 1030 eamque
1180 959 1565 1014 absolvendam
1620 961 1869 1029 putavit,
1930 974 2037 1012 non

472 1058 655 1103 autem
701 1049 858 1117 quasi
900 1049 987 1103 ille
1042 1059 1162 1118 post
1200 1050 1482 1102 conditum
1543 1049 1815 1103 Adantum
1874 1048 2048 1102 lat-tus

469 1140 556 1194 sit.

1073 1233 1300 1289 CAPUT
1350 1234 1436 1287 VI.

540 1326 711 1391 Quam
764 1326 825 1380 ob
886 1343 1105 1379 causam
1160 1327 1461 1380 condiderit
1526 1325 1662 1379 Deus
1740 1326 2049 1394 paradisum

469 1434 800 1489 corporeum.
852 1450 921 1458 —
971 1418 1160 1489 Neque
1222 1434 1351 1473 vero
1405 1419 1631 1473 dubium
1673 1428 1755 1473 est
1809 1422 1939 1488 quitt
1999 1428 2050 1471 et

383 1530 386 1534 ~
469 1511 863 1565 rohouestandi
908 1519 962 1565 et
1014 1512 1291 1581 voluptate
1324 1510 1591 1565 alliciendi
1646 1510 1836 1563 Adattti
1878 1510 2051 1579 gratia

474 1597 614 1652 licus
645 1599 957 1668 paradisum
1009 1599 1337 1663 condiderit,
1390 1611 1446 1651 ut
1474 1600 1566 1664 qni
1610 1599 1761 1651 illttttt
1794 1599 1894 1653 sibi
1933 1615 2052 1651 tua-

465 1690 585 1759 jore
636 1708 768 1745 cura
820 1692 1114 1761 studioque
1158 1690 1598 1760 prosequendum
1657 1692 1834 1756 duxit,
1886 1706 2049 1761 quam

2157 496 2272 551 Non
2305 511 2485 553 autem
2519 498 2658 551 dixit
2691 497 2743 549 iu
2779 500 2938 562 «ωιυ,
2973 499 3099 567 quia
3137 514 3312 568 neque
3358 499 3474 567 ipsa
3524 498 3738 554 Domtni

2155 589 2335 642 anima
2372 588 2556 657 (simul
2607 598 2772 656 atque
2808 600 2836 639 a
2891 602 3121 655 corpore
3155 586 3452 640 dissociata
3486 584 3590 657 est)
3623 600 3735 641 etn-

2156 679 2267 733 Ium
2319 680 2676 744 conscendit,
2741 680 2833 734 sed
2894 679 2981 731 die
3048 679 3209 732 tertio
3268 693 3486 731 rursum
3540 693 3739 745 corpus

2157 770 2327 825 subiit
2379 786 2555 839 neque
2586 770 2727 823 latro
2758 784 2976 839 quoque
3002 784 3067 823 eo
3103 770 3191 822 die
3238 768 3292 822 itt
3326 769 3525 824 etelum
3566 773 3741 836 [‘otuit

2157 860 2406 921 evadere,
2430 876 2555 913 cum
2587 860 2734 913 dicat
2767 858 3022 915 Christus
3045 862 3322 914 neminem
3348 862 3742 916 conscendisse

2156 951 2437 1005 incmlunt
2488 960 2683 1021 praeter
2737 966 2864 1005 eum
2899 952 2989 1021 qtti
3044 952 3413 1005 descendisset
3460 953 3526 1006 de
3578 953 3742 1015 ctelo,

2156 1042 2351 1097 Ftlium
2415 1045 2676 1106 hominis,
2731 1046 2823 1113 qui
2877 1054 3023 1098 esset
3063 1045 3115 1097 itt
3150 1044 3368 1097 cmln".
3401 1043 3525 1096 Fuit
3576 1048 3742 1112 igitur

2156 1137 2474 1205 paradisus,
2509 1153 2616 1191 non
2660 1138 2711 1191 in
2745 1139 2905 1203 ratio,
2931 1138 3025 1191 sed
3072 1137 3125 1190 itt
3157 1139 3336 1190 terris.
3369 1135 3593 1206 Insuper
3624 1155 3745 1191 cor-

2158 1242 2363 1299 porata:
2400 1230 2628 1285 arbores
2654 1271 2667 1295 ,
2702 1232 2893 1301 quales
2946 1247 3132 1285 revera
3173 1233 3223 1284 in
3269 1232 3522 1299 paradiso
3558 1242 3740 1285 exsta-

2156 1323 2288 1377 bant
2318 1339 2380 1377 ex
2415 1324 2563 1394 ligno
2595 1334 2887 1390 concretae,
2915 1342 2943 1377 e
2974 1334 3115 1377 terra
3142 1333 3272 1378 satae
3298 1325 3584 1392 pullulant,
3630 1337 3741 1378 non

2155 1426 2336 1470 autem
2398 1432 2565 1486 Supra
2627 1418 2823 1471 malum
2882 1428 3203 1471 nascuntur.
3246 1415 3489 1485 Denique
3521 1415 3741 1470 Patrum

2154 1508 2499 1575 auctoritate,
2523 1508 2609 1563 cui
2635 1509 2764 1562 lides
2788 1509 2970 1575 negari
2996 1514 3102 1561 no‘n
3130 1515 3325 1575 potest,
3345 1509 3476 1561 satis
3491 1521 3746 1575 compro-

2156 1598 2318 1653 batur
2345 1608 2661 1655 terrestrem
2716 1598 2883 1654 fuisse
2920 1600 3256 1669 paradisum.
3300 1598 3433 1651 Nam
3480 1598 3739 1651 dominus

2157 1693 2397 1749 Joannes
2429 1692 2485 1747 in
2516 1708 2578 1747 ea
2608 1694 2859 1747 oratione
2889 1707 2994 1762 qua
3039 1692 3263 1746 disserit
3295 1706 3395 1745 cur
3448 1691 3610 1745 arbor
3649 1691 3739 1744 illa

472 1783 632 1836 ullam
688 1799 865 1837 rerum
920 1793 1238 1837 exterarum
1271 1798 1391 1852 qua:
1430 1798 1591 1853 super
1627 1792 1823 1838 terram
1852 1792 2055 1837 essent.
2088 1777 2132 1832 Β
2163 1788 2235 1844 εει
2300 1796 2491 1841 vocata
2549 1786 2795 1841 scicntia:
2839 1786 2964 1840 boni
2997 1794 3051 1839 et
3095 1784 3247 1849 mali,
3286 1784 3476 1839 scribit
3518 1785 3569 1837 in
3599 1785 3741 1838 hanc

472 1874 641 1943 Igitur
704 1874 1165 1943 quemadmodum
1232 1874 1561 1943 impensiore
1610 1876 1788 1944 ipsum
1839 1873 2050 1929 honore

470 1981 632 2033 quam
662 1965 800 2019 alias
843 1982 930 2020 res
958 1982 985 2019 a
1026 1982 1083 2019 se
1108 1975 1325 2020 creatas
1355 1965 1634 2031 aﬂecerat,
1678 1965 1759 2020 sic
1786 1965 1901 2021 suis
1935 1965 2050 2035 ipse

471 2058 746 2123 manibus,
786 2068 951 2128 atque
991 2060 1057 2114 ad
1093 2075 1246 2113 suam
1280 2058 1573 2129 imaginem
1604 2058 1757 2113 illum
1787 2058 2048 2122 condere,

471 2162 525 2203 et
555 2151 806 2218 paradiso
848 2151 1011 2205 veluti
1054 2150 1333 2205 domicilio
1369 2167 1479 2220 pra:
1535 2152 1748 2206 caeteris
1773 2150 2050 2207 honorare

471 2242 660 2295 voluit.
729 2241 914 2311 Itaque
967 2242 1145 2295 locum
1210 2240 1258 2295 ri
1324 2243 1615 2295 destinavit
1653 2250 1705 2295 et
1765 2240 2053 2296 consuevit

471 2334 904 2399 orttatissitttuut,
940 2332 1545 2404 magniﬁcentissimum
1576 2372 1589 2397 ,
1625 2332 2050 2401 VOIttplthSISSI-

470 2440 644 2487 mum,
672 2435 726 2479 et
760 2426 829 2480 ob
860 2440 1136 2480 summam
1177 2424 1503 2495 elegantiam
1558 2424 2053 2495 pulchritudinem;

470 2529 576 2586 que
629 2515 865 2570 maxime
925 2515 1296 2586 expetibilem,
1355 2516 1555 2585 inquo
1600 2516 1689 2571 ille
1743 2524 2055 2571 versaretur

476 2606 894 2677 habitaretque:
932 2622 1108 2676 neque
1159 2605 1406 2676 permisit
1445 2615 1502 2659 ut
1549 2619 1867 2661 tmterorum
1904 2620 2056 2660 more

471 2699 881 2763 animantium,
922 2715 1040 2768 qum
1097 2698 1305 2753 ratione
1364 2708 1580 2760 varaut,
1637 2706 1835 2753 terram
1886 2697 2053 2767 depa-

469 2801 673 2847 δευρί.

1014 2922 1017 2923 ν
1076 2884 1237 2937 (,2.\I"t
1266 2884 1305 2936 Τ
1344 2884 1451 2938 VII.

544 2978 621 3030 De
652 2976 925 3045 paradiso,
963 2992 1117 3044 super
1160 2987 1380 3041 terram,
1422 2993 1489 3030 an
1547 2978 1602 3030 in
1651 2976 1777 3031 coelo
1806 2977 2049 3033 exsistat.

469 3096 541 3111 ---
570 3070 706 3123 Sunt
735 3069 827 3138 qui
883 3069 933 3122 in
983 3069 1119 3123 caelo
1176 3070 1487 3139 paradisum
1538 3084 1658 3124 esse
1718 3079 1927 3139 putent,
1988 3086 2052 3124 eo

2157 1881 2480 1937 sententiam
2516 1897 2530 1935 :
2559 1879 2617 1933 Si
2665 1894 2889 1948 regnum
2922 1879 3046 1934 coeli
3074 1878 3326 1948 promisit
3362 1876 3519 1931 nobis
3553 1875 3740 1930 Domi-

2161 1990 2265 2031 nus
2320 1982 2529 2037 noster,
2598 1973 2866 2027 latronem
2898 1990 3029 2027 vero
3087 1973 3140 2026 in
3205 1972 3519 2042 paradisum
3580 1971 3745 2025 modo

2160 2067 2433 2132 subvexit,
2496 2081 2631 2121 sane
2682 2066 2973 2120 coniicitur
3021 2081 3127 2119 non
3165 2065 3505 2120 satisfecisse
3560 2066 3739 2133 ipsum

2161 2158 2380 2212 latroni.
2440 2158 2575 2211 Item
2627 2156 2887 2211 dominus
2949 2155 3207 2221 Severus,
3263 2158 3511 2212 oratione
3545 2156 3635 2223 ἓξ,
3674 2164 3740 2211 tte

2159 2248 2442 2320 Epitronio
2465 2249 2545 2305 sic
2576 2248 2768 2304 scribit
2803 2266 2815 2302 :
2846 2250 2918 2303 Ea
2942 2266 3064 2320 quae
3092 2250 3249 2304 nobis
3280 2265 3325 2319 p'
3345 2250 3550 2306 omissa
3588 2258 3738 2313 sunt,

2158 2342 2333 2409 ipsum
2376 2350 2502 2395 sunt
2527 2338 2651 2396 cmli
2704 2357 2970 2412 regnum;
3003 2358 3108 2396 tton
3145 2352 3327 2396 autem
3350 2358 3471 2405 quae
3499 2343 3552 2395 in
3579 2357 3737 2410 para-

2157 2434 2277 2488 diso
2317 2434 2651 2504 percipiatur
2680 2434 2951 2504 voluptas.
3010 2435 3168 2489 Aliud
3205 2434 3372 2504 igitur
3402 2435 3735 2503 paradisum,

2158 2527 2305 2581 aliud
2351 2542 2580 2595 regnum
2631 2527 2855 2582 cmleste
2892 2542 3031 2590 esse,
3065 2527 3242 2597 palam
3288 2525 3495 2580 faciunt
3550 2528 3601 2579 hi
3635 2526 3733 2578 Pa-

2159 2628 2290 2675 tres.
2330 2618 2618 2675 Postretno
2675 2619 2933 2690 Ephrem,
2966 2620 3019 2673 in
3066 2635 3132 2673 eo
3168 2620 3325 2685 libro,
3354 2634 3463 2689 quo
3498 2621 3737 2688 paradisi

2162 2712 2533 2767 conditionem
2568 2713 2905 2781 exsequitur,
2951 2712 3156 2765 diserte
3196 2712 3734 2766 asseritterrestretu

2158 2820 2301 2860 esse.
2335 2803 2503 2875 Igitur
2535 2806 2883 2875 perspicuum
2919 2814 2999 2859 est
3048 2805 3100 2858 in
3138 2806 3299 2859 terris
3343 2820 3463 2859 esse
3518 2805 3739 2874 paradi-

2156 2912 2300 2958 sum,
2338 2911 2446 2951 non
2484 2898 2534 2949 itt
2566 2898 2727 2951 coelo.

2760 3034 2993 3091 (IAI‘L’T
3038 3034 3175 3089 VIII.

473 3164 618 3232 quod
686 3164 843 3216 divus
925 3160 1124 3217 Paulus
1182 3162 1460 3231 apostolus
1512 3164 1579 3217 de
1644 3164 1822 3233 seipso
1884 3163 2049 3228 dicat,
2082 3134 2125 3193 θ
2232 3167 2418 3226 Utrum
2471 3171 2756 3239 paradims
2805 3176 2859 3224 in
2912 3172 3007 3224 hac
3043 3181 3309 3225 terrarum
3356 3180 3530 3224 tractu
3585 3185 3735 3237 quem

473 3266 684 3325 raptum
721 3271 779 3310 se
808 3254 974 3311 fuisse
1030 3257 1081 3309 itt
1140 3256 1357 3309 tertium
1418 3256 1638 3321 uelum,
1671 3266 1723 3310 et
1754 3258 1804 3310 in
1840 3256 2054 3326 paradi-

410 3337 421 3349 ’
472 3350 695 3413 sum";
744 3364 919 3417 neque
948 3348 1090 3401 enim
1127 3348 1227 3401 hoe
1263 3348 1604 3416 atljeeturum
1637 3346 1829 3412 fuisse,
1864 3349 2050 3418 nisiju

470 3442 610 3496 cutlo
662 3450 805 3495 esset
842 3439 1146 3509 paradisus.
1192 3436 1389 3492 Verum
1444 3454 1545 3493 nos
1583 3439 1651 3492 ad
1704 3454 1768 3493 ea
1820 3454 2053 3510 respon-

471 3537 685 3600 demus,
714 3536 820 3588 dtto
871 3534 1037 3587 fuisse.
1063 3533 1177 3586 visa
1212 3532 1299 3585 illa
1335 3533 1388 3585 in
1450 3546 1571 3600 quae
1615 3531 1816 3587 Paulus
1867 3544 2053 3604 raptus

472 3639 621 3692 erat;
659 3642 765 3679 non
822 3625 1060 3690 unicum,
1117 3639 1239 3678 cum
1283 3625 1434 3694 ipsus
1468 3624 1615 3677 dicat
1660 3642 1673 3679 :
1730 3623 1942 3679 Veniam
1982 3626 2052 3678 ad

471 3720 585 3772 uisa
615 3730 770 3787 atque
810 3717 877 3769 ad
920 3716 1300 3785 patefactiones
1344 3716 1554 3770 Domini
1574 3717 1655 3782 ¹³;
1709 3732 1816 3771 non
1869 3726 2049 3772 autem

476 3812 542 3864 ad
582 3811 755 3864 visum
802 3819 853 3863 et
884 3810 947 3861 ad
986 3808 1424 3877 patefactionem.
1479 3805 1662 3878 Neque
1703 3823 1828 3862 vero
1859 3810 2055 3863 tlesuut

473 3906 635 3958 etiam
670 3902 825 3957 nobis
863 3904 1154 3969 Scriptura:
1189 3900 1292 3956 loci
1319 3902 1517 3970 quibus
1547 3902 1937 3955 convincamus
1967 3901 2051 3955 di-

476 4012 659 4052 versas
711 3994 880 4049 fuisse
911 3994 1048 4047 duas
1108 3993 1226 4047 illas
1284 3993 1704 4063 patel'aetioues;
1772 4001 1826 4048 et
1872 3994 2055 4063 priore

474 4088 693 4157 quidem
730 4087 781 4139 itt
817 4086 1039 4150 caelum,
1085 4085 1253 4138 altera
1287 4101 1415 4138 vero
1461 4087 1512 4139 in
1543 4084 1855 4154 paradisum
1887 4083 2055 4139 fuisse

476 4179 746 4234 sublatum
796 4178 1047 4232 Paulum.
1081 4175 1192 4231 Nos
1238 4177 1404 4247 igitur
1459 4192 1621 4247 super
1678 4186 1875 4231 terram
1933 4192 2056 4233 esse

475 4272 787 4345 paradisum
814 4272 1131 4335 statuimus,
1166 4270 1332 4340 idque
1376 4270 1458 4324 his
1500 4270 1840 4341 argumentis
1879 4269 2056 4325 :Con—

480 4376 673 4430 strvat,
744 4366 941 4433 inquit,
1002 4363 1259 4417 Dominus
1311 4363 1450 4417 Deus
1477 4364 1788 4433 paradisum
1818 4365 1872 4420 in
1906 4364 2053 4420 Etlen

475 4462 540 4513 ab
600 4457 861 4521 initio";
909 4457 1025 4511 sive
1071 4457 1276 4525 pridem
1326 4456 1521 4511 :l‘lden
1556 4473 1683 4511 vero
1724 4458 1903 4513 locum
1961 4474 2054 4510 vo-

476 4567 631 4605 tasse
670 4549 906 4612 videtur,
962 4565 1066 4601 ttott
1094 4549 1185 4617 qui
1224 4563 1387 4617 suttra
1418 4550 1615 4603 caelum
1659 4558 1822 4616 esset,
1876 4552 1969 4605 sed
2000 4553 2051 4604 itt

477 4642 658 4698 terris.
716 4640 980 4693 Prteterea
1019 4640 1158 4692 idem
1198 4638 1375 4693 Moses
1409 4638 1639 4695 aﬂirmat
1664 4652 1904 4711 quatuor
1953 4641 2055 4696 Ilu-

477 4731 623 4786 miua
642 4746 670 4785 e
698 4716 950 4799 paradiso
983 4728 1333 4798 proﬂuxisse,
1362 4729 1664 4798 Tigridem,
1697 4732 2053 4800 Euphratem,

475 4826 807 4887 Gihoneum,
837 4833 891 4877 et
928 4822 1224 4877 Phisonem
1272 4840 1283 4875 :
1323 4838 1443 4893 quae
1497 4825 1541 4878 si
1578 4838 1610 4878 θ
1652 4826 1792 4879 coelo
1832 4824 2053 4893 delapsa

466 4925 677 4985 essent,
702 4927 1057 4971 exeavassent
1086 4915 1270 4984 utique
1303 4925 1466 4986 atque
1498 4926 1651 4972 vasto
1682 4918 1849 4973 halitu
1878 4920 2051 4987 ipsam

476 5025 678 5068 terram
710 5011 1075 5079 aperuiSsent,
1111 5008 1311 5078 quippe
1340 5026 1460 5079 quae
1479 5006 1753 5065 sustinere
1775 5014 2053 5081 nequivis—

474 5118 559 5162 set
584 5105 783 5161 molem
819 5112 1047 5165 tantam,
1077 5114 1279 5172 quanta
1334 5118 1489 5173 aqua:
1529 5117 1594 5157 ex
1642 5103 1762 5157 loco
1809 5114 1915 5158 tam
1958 5121 2051 5159 su-

473 5202 626 5258 blimi
660 5199 961 5271 prmeipites
998 5196 1321 5269 (etquidem
1370 5197 1486 5252 dies
1524 5208 1822 5269 noctesque
1870 5201 2051 5254 couti-

475 5307 645 5352 nuato
660 5296 851 5359 cursu)
886 5292 1091 5361 absque
1118 5290 1227 5344 ulla
1252 5290 1663 5345 intermissione
1693 5291 1861 5359 ipsam
1900 5308 2053 5361 pres-

473 5391 702 5453 sissent,
739 5400 912 5455 qttare
945 5399 973 5437 e
1008 5392 1148 5436 terra
1179 5396 1537 5452 promanasse
1564 5382 1650 5436 illa
1700 5381 1921 5437 ﬂumina
1956 5401 2053 5437 ne-

472 5497 627 5537 cesse
654 5488 757 5542 est,
790 5487 844 5533 et
875 5478 1100 5548 proinde
1137 5475 1453 5546 paradisum
1488 5491 1706 5546 quoque
1741 5485 2054 5532 terrestrem

469 5574 661 5629 tuisse.
700 5572 776 5623 Ad
814 5571 927 5625 lnee
981 5568 1245 5625 Dominus
1283 5576 1469 5623 noster
1511 5569 1587 5622 ait
1630 5569 1696 5622 ad
1741 5569 2009 5625 latronem
2042 5589 2055 5625 :

466 5826 471 5831 ξ
540 5749 585 5780 ⁸³
618 5748 660 5803 II
707 5747 835 5802 Cor.
873 5752 1045 5818 xu,‘z.
1124 5752 1170 5784 "
1198 5751 1331 5807 ibid.
1366 5750 1418 5805 1.
1496 5749 1542 5831 ⁸-⁵
1581 5749 1717 5830 Gen.
1761 5766 1819 5819 tt,
1866 5751 1917 5805 8.

1998 5753 2043 5785 "
2070 5750 2203 5808 Luc.
2244 5767 2396 5819 xxut,
2436 5753 2520 5808 45.

2161 3279 2254 3316 nos
2286 3262 2571 3316 incolimus
2601 3264 2901 3328 exsisteret,
2928 3280 2995 3316 an
3024 3264 3077 3315 in
3105 3265 3211 3315 alio
3240 3262 3508 3332 quopiam.
3533 3259 3737 3315 —Jam

2158 3368 2287 3407 vero
2321 3363 2676 3424 posteaquam
2723 3356 3067 3407 ostendimus
3097 3355 3148 3407 in
3187 3354 3343 3408 terris
3382 3352 3548 3407 fuisse
3577 3366 3739 3423 para-

2159 3445 2335 3500 disutn
2367 3484 2383 3508 ,
2438 3445 2804 3517 indagandum
2870 3448 3026 3499 nobis
3077 3456 3374 3515 superest,
3431 3461 3497 3498 an
3559 3444 3611 3497 in
3654 3445 3738 3496 his

2160 3545 2429 3592 terrarum
2499 3539 2811 3607 regionibus
2883 3555 3019 3609 quas
3097 3554 3197 3593 nos
3254 3537 3508 3591 mortales
3569 3536 3738 3589 habe-

2159 3644 2318 3691 mus,
2350 3643 2418 3682 an
2482 3630 2535 3684 in
2572 3630 2692 3685 aliis
2744 3631 3069 3697 quibusdam
3116 3629 3403 3684 exstitertt.
3471 3628 3737 3682 Craterum

2159 3722 2451 3776 statuimus
2484 3732 2683 3775 terram
2735 3738 2897 3776 unam
2929 3722 3152 3776 omnino
3188 3736 3331 3783 esse,
3365 3729 3529 3790 atque.
3577 3720 3740 3774 unius

2160 3813 2468 3867 universam
2509 3815 2860 3883 ejusdemque
2911 3824 3155 3878 naturae;
3190 3828 3422 3882 eamque
3455 3824 3651 3865 terram
3684 3811 3737 3864 in

2159 3919 2264 3973 qua
2297 3905 2583 3973 paradisus
2613 3906 2931 3970 exsistebat,
2960 3906 3226 3959 diversam
3277 3904 3497 3972 quidem
3517 3919 3640 3958 esse
3669 3905 3739 3957 ab

2161 3996 2261 4050 hac
2297 4008 2506 4063 nostra,
2540 4015 2726 4052 verum
2760 4016 2864 4052 non
2902 3999 3341 4067 uaturaipsaque
3368 4000 3454 4052 sui
3480 3997 3735 4061 materia,

2159 4088 2256 4141 sed
2290 4090 2513 4144 raritate
2541 4090 2978 4145 etdensitudine.
3012 4089 3326 4144 Dividamus
3353 4089 3739 4159 igiturterratn

2158 4179 2211 4233 in
2245 4180 2380 4236 duas
2410 4168 2677 4236 maximas
2733 4190 2949 4252 partes,
3002 4198 3232 4252 quarunt
3278 4183 3449 4235 altera
3500 4180 3741 4250 paradisi

2159 4280 2325 4336 terra,
2351 4272 2523 4327 altera
2551 4284 2705 4329 extra
2737 4274 3050 4342 paradisum
3089 4282 3313 4328 vocetur
3345 4290 3360 4327 :
3384 4272 3473 4327 illa
3501 4270 3740 4336 subtilis,

2158 4361 2392 4423 sincera,
2416 4377 2570 4431 pura,
2599 4364 2713 4417 hate
2734 4378 2854 4433 quae
2874 4379 2903 4415 a
2925 4363 3079 4417 nobis
3099 4362 3314 4428 colitur,
3338 4376 3543 4424 crassa,
3569 4370 3744 4414 mate-

2159 4456 2315 4517 riata,
2336 4455 2567 4525 impura,
2588 4457 2817 4510 confusa
2852 4457 2942 4509 sit.
2962 4452 3081 4508 Jaut
3111 4469 3240 4508 vero
3264 4454 3537 4521 concipito
3556 4455 3743 4525 animo

2165 4559 2256 4603 tuo
2280 4549 2443 4603 hasce
2462 4560 2699 4617 quatuor
2723 4565 2806 4602 res
2830 4565 2843 4601 :
2867 4548 3070 4603 coelum
3102 4548 3355 4617 superius
3377 4547 3508 4600 illud
3536 4546 3745 4615 spiriti-

2162 4634 2591 4713 busangelisqne
2622 4642 3023 4710 frequentatum
3046 4659 3060 4706 ;
3082 4642 3277 4695 deinde
3295 4640 3441 4711 quod
3476 4640 3568 4693 illo
3602 4639 3743 4693 infe-

2164 4736 2279 4792 rius
2330 4746 2437 4799 est,
2495 4736 3011 4803 ﬁrmamentumque
3081 4750 3112 4788 a
3144 4736 3300 4789 nobis
3333 4734 3516 4787 vocari
3565 4735 3739 4797 solet;

2162 4840 2349 4900 postea
2367 4845 2486 4884 eam
2513 4839 2711 4883 terram
2731 4844 2853 4898 qua:
2878 4828 3233 4897 paradisiest;
3255 4828 3471 4881 demunt
3496 4842 3614 4880 eam
3636 4838 3744 4879 ter-

2163 4936 2280 4975 ram
2296 4935 2416 4990 quae
2454 4929 2539 4973 est
2557 4928 2709 4973 extra
2748 4919 3064 4987 paradisum
3082 4935 3095 4971 :
3112 4917 3394 4972 deindeita
3409 4915 3737 4979 existimata,

2160 5011 2616 5084 quemadmodum
2633 5010 2682 5064 id
2696 5012 2843 5080 quod
2866 5011 3266 5064 ﬁrmamentum
3280 5008 3463 5063 vocari
3479 5008 3739 5073 diximus,

2160 5106 2523 5179 praecellentia
2552 5105 2789 5175 quadam
2822 5103 3140 5159 subtilitatis
3163 5103 3303 5158 C(BIO
3328 5103 3403 5155 illi
3433 5100 3740 5157 sublimiori

2160 5201 2553 5270 spiritibusque
2581 5201 2762 5255 dicato
2814 5200 2987 5259 cedit;
3023 5214 3085 5253 ac
3114 5214 3332 5253 rursum
3364 5199 3551 5252 eadem
3587 5210 3747 5261 para-

2162 5293 2340 5347 disurn
2372 5302 2594 5362 superat
2620 5303 2675 5347 et
2702 5293 3032 5346 crassiorem
3063 5302 3116 5345 et
3146 5291 3320 5360 magis
3355 5291 3693 5343 mauu-iattttr
3726 5306 3743 5340 :

2166 5384 2239 5438 ita
2275 5395 2327 5438 et
2360 5384 2672 5455 paradisum
2716 5384 2981 5453 dignitate
3023 5385 3370 5452 puritateque
3420 5380 3741 5435 inferiorem

2167 5478 2386 5546 quidem
2436 5493 2558 5531 esse
2610 5479 2995 5541 lirtuautento;
3050 5475 3144 5529 sed
3199 5485 3366 5541 terra,
3417 5489 3538 5544 quae
3585 5482 3745 5527 extra

2169 5570 2346 5640 ipsum
2393 5582 2511 5636 est,
2566 5570 3024 5640 praestantiorem.
3081 5565 3163 5621 Fit
3216 5568 3397 5637 itque
3446 5575 3502 5620 ιιι
3546 5565 3748 5637 ecelmn

2602 5752 2645 5784 "
2670 5750 2829 5807 Joaa.
2870 5765 2948 5818 ttt,
3003 5748 3086 5803 l3.
