4088 6208
387 296 494 359 433

1528 293 1626 350 DE
1672 289 2073 350 I’AliADlSU.
2123 315 2184 324 --
2233 289 2422 347 ΡΜὶὸ
2468 288 2518 346 Ι.

3545 289 3653 352 494

389 413 520 465 illud
554 411 835 464 beatorum
866 408 1157 478 spirituum
1187 407 1525 460 domicilium
1561 405 1963 474 pra‘celleutius
1995 419 2040 467 Α
2071 412 2180 458 tate
2211 403 2553 473 genuinaque
2597 399 2852 471 puritate.
2899 397 2985 450 Ait
3014 399 3158 451 enim
3192 418 3204 452 :
3236 399 3464 469 Ohjiriat
3498 407 3657 457 uultis

387 520 459 559 s.t
491 506 864 568 ﬁrmamento;
898 504 1327 565 lirmamentum,
1361 500 1647 570 paradiso;
1680 498 1970 567 paradisus

386 617 451 654 ea
485 609 628 653 terra
657 611 822 666 quam
858 611 958 650 nos
991 596 1320 650 habitamus.
1352 595 1444 648 Est
1478 593 1641 664 igitur
1674 591 1782 645 alia
1815 605 1971 660 para-

385 693 491 746 disi
521 702 688 752 terra,
719 690 826 744 alia
861 690 976 744 htee
1004 697 1227 756 uestra;
1261 689 1353 743 sed
1388 688 1486 754 ita,
1519 695 1578 741 ut
1609 702 1715 740 non
1748 696 1966 748 natura,

387 802 578 842 verum
616 783 858 838 materiae
889 783 1194 837 subtilitate
1231 780 1664 849 excellentiaque
1695 777 1968 832 diﬂ‘crant.

388 880 491 936 Sed
525 887 706 946 potest
733 877 784 932 id
819 877 982 932 etiam
1021 878 1122 930 hoc
1151 884 1474 945 argumento
1500 890 1531 928 a
1559 887 1743 926 rerum
1778 879 1970 924 natura

386 972 555 1040 petito
587 968 975 1023 demonstrari.
1015 965 1280 1019 Conditus
1309 965 1452 1018 enim
1481 963 1743 1018 ‘Adamus
1776 977 1883 1014 non
1917 961 1968 1012 iu

390 1064 495 1118 hoc
525 1074 719 1114 crasso
747 1059 1041 1127 dettszeque
1070 1057 1230 1125 pleno
1262 1055 1504 1108 materia:
1546 1053 1666 1107 loco
1695 1054 1790 1122 qui
1819 1059 1971 1104 extra

388 1155 706 1224 paradisum
740 1160 850 1214 cst,
878 1151 1181 1204 collocatus
1212 1163 1240 1199 a
1271 1144 1382 1201 Deo
1412 1154 1516 1209 est,
1552 1143 1792 1197 nonduru
1826 1142 1970 1196 enim

389 1250 696 1316 deliquerat
747 1253 910 1313 atque
959 1252 1247 1312 peccarat;
1286 1253 1462 1308 neque
1516 1253 1709 1291 rursus
1758 1235 1972 1305 positus

389 1351 476 1396 est
527 1341 580 1392 in
634 1338 742 1392 illis
784 1334 1222 1406 praecellentibus
1263 1334 1419 1393 locis,
1467 1329 1605 1384 cmlo
1654 1326 1737 1382 vel
1789 1327 1974 1381 ﬁrma-

390 1441 596 1494 tuente,
635 1429 772 1482 nihil
812 1428 957 1481 enim
998 1426 1174 1478 adhuc.
1219 1424 1341 1477 boni
1386 1431 1627 1492 patrarat
1659 1436 1674 1473 :
1705 1420 1797 1473 sed
1835 1416 1974 1487 quod

387 1529 816 1578 consentaneum
868 1527 1006 1581 erat,
1043 1515 1332 1570 collocavit
1387 1515 1566 1583 ipsum
1614 1510 1758 1565 Deus
1800 1512 1851 1563 in
1912 1523 1978 1562 eo

387 1615 510 1668 loco
561 1614 651 1680 qui
704 1612 846 1664 inter
898 1623 1160 1676 utrosque
1228 1607 1350 1660 illos
1403 1604 1582 1658 medio
1633 1619 1691 1658 se
1744 1600 2023 1656 habebat-

389 1703 588 1767 modo;
647 1703 748 1753 hoc
798 1710 900 1762 est,
953 1698 1256 1768 paradiso:
1297 1696 1382 1748 hic.
1419 1694 1564 1748 enim
1608 1701 1667 1746 ut
1715 1708 1822 1745 non
1865 1699 1973 1744 tam

2078 497 2164 550 hic
2191 497 2391 566 aliquis
2425 494 2539 548 lieri
2576 510 2678 546 non
2715 507 2876 563 posse
2910 493 3054 559 (eum
3092 503 3232 545 terra
3262 494 3440 546 omnis
3498 496 3660 550 unius-

2076 590 2431 658 ejusdemque
2484 596 2694 641 naturae
2739 585 2811 641 sit
2861 595 3023 655 atque
3073 585 3347 654 essentne)
3397 595 3456 640 ut
3487 587 3654 642 altera

2074 682 2194 751 ejus
2217 696 2342 752 pars
2364 680 2599 746 subtilis,
2630 695 2786 748 pura,
2818 678 3066 743 sincera;
3097 676 3265 731 altera
3295 693 3422 732 vero
3447 692 3658 744 crassa,

2080 775 2314 844 impura,
2365 773 2553 837 tnista,
2603 771 2943 841 confusaque
2989 785 3110 824 esse
3161 779 3342 841 queat.
3401 772 3505 825 Sed
3561 788 3660 825 nos

2078 868 2496 935 respondemus,
2542 863 2653 918 fieri
2709 864 2933 916 omnino
2983 862 3031 916 id
3089 877 3252 932 posse
3302 881 3316 916 :
3368 863 3566 934 quippe
3606 865 3658 917 in

2078 960 2235 1030 aquis
2288 973 2408 1028 qua:
2458 965 2586 1011 sunt
2636 956 2880 1025 ejusdem
2937 959 3187 1011 essentia:
3238 972 3473 1022 omnes,
3527 959 3667 1013 alias

2080 1062 2259 1106 tamen
2313 1050 2594 1120 limpidas,
2641 1050 2778 1104 alias
2829 1049 3109 1116 turbidas;
3148 1051 3410 1120 quasdam
3447 1050 3663 1112 ,dulees

2079 1157 2321 1214 potaque
2373 1158 2620 1208 suaves;
2655 1145 2792 1197 alias
2870 1158 3106 1207 amaras,
3155 1153 3319 1212 atque.
3370 1144 3422 1197 in
3473 1153 3662 1216 potum

2079 1242 2285 1307 ineptas
2315 1257 2326 1291 :
2363 1239 2486 1291 item
2521 1237 2573 1290 in
2618 1251 2776 1304 aere,
2814 1235 2978 1290 alium
3013 1251 3256 1289 crassum
3298 1236 3663 1307 densumque,

2080 1333 2247 1387 aliunt
2279 1331 2567 1400 liquidum,
2599 1329 2948 1399 naturalique
2987 1339 3346 1398 temperatura
3387 1332 3662 1398 puritate;

2080 1439 2277 1478 rursus
2306 1422 2472 1476 alium
2505 1420 2709 1475 salubri
2739 1430 2902 1490 atque
2929 1435 3146 1475 amoena
3178 1426 3465 1489 temperie,
3495 1423 3663 1475 alium

2082 1514 2244 1568 noxia
2299 1511 2619 1580 intemperie
2684 1511 3004 1580 ingt'atoque
3062 1511 3230 1564 odore
3279 1513 3595 1580 experimur
3650 1531 3662 1561 :

2082 1605 2319 1673 denique
2353 1603 2466 1670 ipsa
2504 1603 2670 1656 etiam
2703 1603 2952 1671 corporis
2991 1603 3160 1657 nostri
3209 1604 3451 1655 membra
3484 1603 3662 1656 omnia

2081 1697 2324 1767 quidem,
2372 1695 2533 1749 unius
2580 1705 2741 1764 atque
2787 1693 3036 1762 ejusdem
3087 1709 3297 1749 natura:
3344 1711 3466 1749 esse
3505 1711 3668 1748 neruo

389 1812 562 1868 purus
597 1803 870 1864 putusque
898 1802 982 1846 est
1015 1807 1176 1860 quam
1212 1789 1642 1850 firmamentum,
1675 1787 1746 1840 ita
1780 1799 1976 1839 rursus
2009 1796 2051 1852 Β
2082 1789 2394 1860 negaverit:
2444 1798 2498 1841 et
2547 1796 2726 1841 tamen
2785 1787 2979 1841 oculus
3021 1787 3238 1843 lucidus
3269 1800 3353 1843 est
3390 1801 3553 1858 atque
3595 1790 3660 1841 ιί.

389 1905 502 1943 non
540 1901 646 1941 tam
685 1902 872 1940 crassa
922 1894 1222 1952 coactoque
1259 1881 1488 1935 materie
1533 1887 1770 1945 constat,
1800 1882 1975 1946 atque

389 1983 510 2037 haec
554 1988 740 2034 nostra
781 1993 901 2046 quae
951 1988 1106 2031 extra
1161 1974 1472 2044 paradisum
1525 1979 1645 2034 est,
1695 1978 1863 2024 terra.
1915 1967 1976 2020 Et

387 2090 543 2140 vero,
576 2087 642 2126 eo
677 2071 907 2127 consilio
949 2070 1164 2123 videtttr
1206 2065 1474 2136 ejusmodi
1525 2062 1704 2117 medio
1755 2061 1875 2116 loco
1908 2060 1976 2114 ab

388 2170 583 2239 opilice
612 2167 720 2220 Deo
748 2164 836 2218 ille
870 2164 1080 2232 positus
1110 2175 1250 2221 esse,
1283 2169 1340 2210 ut
1373 2156 1416 2210 si
1451 2156 1757 2226 morigerus
1785 2153 1974 2206 obser-

388 2269 544 2316 varet
571 2259 751 2327 jussa,
790 2256 1186 2310 subvcltcrctur
1228 2252 1278 2303 in
1327 2251 1731 2302 ﬁrmamentum
1796 2245 1975 2298 locum

388 2350 874 2424 pratcellentioretn
909 2329 1300 2417 purioremque
1335 2342 1591 2411 paradiso
1627 2357 1640 2394 :
1676 2340 1759 2395 siu
1793 2348 1975 2392 autem

391 2443 666 2500 mandatis
716 2457 822 2495 non
877 2448 1115 2509 pareret,
1159 2436 1253 2490 sed
1306 2436 1672 2504 delinqueret,
1710 2443 1876 2500 atque
1911 2431 1978 2484 ab

390 2554 456 2593 ea
489 2553 652 2607 quam
683 2535 786 2589 sibi
820 2550 953 2588 suus
985 2532 1207 2586 elice-tor
1241 2527 1644 2598 imperavisset,
1673 2527 1789 2594 lege
1817 2523 1981 2577 deﬂe-

395 2640 592 2694 cteret,
632 2627 998 2696 conjicctetur
1026 2625 1080 2677 in
1113 2624 1256 2676 hanc
1282 2618 1696 2680 exsecrabilem,
1737 2632 1978 2670 crassam

393 2738 462 2777 ac
489 2724 716 2777 densam
750 2730 947 2774 terram
978 2733 1140 2786 quam
1174 2731 1273 2769 nos
1301 2723 1454 2768 extra
1487 2711 1800 2782 paradisum
1837 2723 1982 2762 nunc

397 2817 728 2869 habitamus.
762 2812 901 2878 Quin
954 2809 1263 2880 paradisum
1301 2809 1470 2862 fuisse
1519 2807 1695 2860 medio
1738 2803 1858 2857 loco
1901 2812 1982 2856 te-

399 2919 578 2963 statur
610 2909 774 2962 etiam
822 2905 1154 2958 Philoxeuus
1199 2901 1444 2971 Mabugze
1492 2901 1784 2967 episcopus
1828 2895 1881 2949 in
1916 2909 1982 2948 co

398 3017 653 3056 sermone
704 3016 866 3071 quem
935 2999 1002 3054 dc
1069 2995 1536 3066 contemplatione
1599 2991 1813 3045 arboris
1862 2990 1985 3043 vitae

398 3096 726 3166 conscripsit
777 3095 860 3148 his
912 3092 1094 3148 verbis
1137 3110 1150 3145 :
1190 3091 1279 3145 Sic
1325 3091 1572 3144 consitus
1617 3103 1647 3140 a
1679 3085 1791 3140 Deo
1827 3099 1985 3154 para-

399 3190 553 3243 disus
601 3165 716 3252 est,
771 3197 830 3240 ut
879 3187 1120 3240 medium
1172 3193 1402 3253 occupet
1452 3185 1665 3247 locum;
1716 3179 1982 3250 quidquid
2012 3165 2055 3222 ο

398 3283 546 3336 enim
577 3282 834 3350 superius
859 3289 963 3343 est,
993 3289 1088 3332 aut
1120 3279 1318 3332 malum
1349 3286 1431 3333 est
1461 3285 1555 3329 aut
1585 3276 1723 3330 cmlu
1753 3290 1988 3329 consen-

402 3382 622 3427 taneum
661 3391 676 3426 :
715 3388 935 3426 rursum
986 3370 1248 3440 quidquid
1300 3368 1551 3433 inferius,
1598 3369 1680 3423 vel
1728 3377 1870 3421 terra
1905 3376 1988 3420 est

403 3470 484 3520 vel
514 3467 580 3519 ad
613 3475 813 3519 terram
849 3466 1104 3534 p-.'rtinet.
1138 3463 1349 3534 Quippe
1381 3463 1560 3532 qualis
1591 3452 1707 3515 erat
1745 3460 1986 3514 conditio

401 3559 840 3628 compositioque
893 3558 1155 3623 hominis,
1210 3559 1370 3611 talem
1425 3557 1713 3626 oportebat
1768 3570 1890 3611 esse
1934 3566 1983 3607 et

400 3653 581 3706 locum
621 3653 676 3705 in
721 3667 829 3721 quo
877 3661 994 3704 erat
1046 3650 1136 3705 ille
1185 3649 1506 3716 ponendus;
1563 3648 1653 3703 illa
1706 3664 1832 3702 vero
1867 3648 1987 3718 ejus

401 3758 520 3800 erat
561 3745 732 3810 modi,
772 3754 830 3799 ut
881 3745 932 3798 in
973 3745 1212 3798 hominis
1249 3754 1396 3798 esset
1443 3743 1621 3812 posita
1670 3741 1898 3796 arbitrio
1937 3750 1990 3794 et

400 3840 530 3894 horti
561 3850 615 3894 et
649 3840 775 3892 mali
812 3839 1007 3893 electio
1041 3857 1054 3892 :
1082 3837 1196 3904 jam
1235 3847 1367 3889 vero‘
1395 3839 1486 3905 qui
1525 3837 1602 3889 sic
1633 3850 1690 3890 se
1723 3837 1906 3899 habet,
1944 3835 1989 3889 is

400 3935 547 3988 inter
576 3942 872 4002 utrumque
908 3933 1124 3987 medius
1151 3941 1258 3995 est,
1293 3948 1392 3985 nec
1419 3947 1483 3985 ex
1518 3930 1662 3984 bono
1689 3937 1856 3994 totus,
1893 3945 1991 3982 nec

401 4041 624 4080 rursum
675 4036 822 4078 totus
867 4040 933 4078 ex
980 4026 1131 4078 malo-
1169 4022 1461 4086 conﬂatus,
1510 4020 1603 4075 sed
1655 4034 1754 4090 pro
1799 4028 1992 4088 suapte

401 4118 640 4172 arbitrio
675 4117 744 4170 ad
794 4117 1067 4170 utrumvis
1097 4116 1255 4184 juxta
1293 4129 1351 4168 se
1397 4113 1629 4167 habens.
1673 4111 1743 4163 At
1776 4125 1836 4164 ea
1872 4109 1992 4180 qui-

405 4212 528 4265 dem
562 4221 680 4265 erat
709 4209 842 4263 Atla:
873 4210 1140 4275 conditio,
1167 4209 1470 4276 eademque
1503 4205 1746 4275 cognitio
1780 4204 1995 4259 arboris

408 4303 535 4357 boni
567 4311 622 4357 et
657 4303 785 4356 mali
817 4319 830 4356 :
858 4315 1030 4372 quare
1054 4310 1104 4355 et
1134 4301 1401 4368 ejusmodi
1433 4308 1553 4352 erat
1584 4313 1806 4368 quoque
1835 4310 1990 4368 para-

411 4397 514 4451 disi
542 4397 683 4451 ratio
709 4397 763 4451 in
793 4395 974 4449 medio
999 4394 1212 4449 scilicet
1237 4391 1515 4458 collocati,
1541 4401 1598 4446 ut
1624 4406 1789 4461 supra
1818 4392 1994 4461 ipsum

410 4501 590 4546 essent
638 4496 1012 4559 corporatura:
1076 4488 1424 4556 materiaeque
1469 4495 1724 4555 expertes
1773 4486 1995 4550 spiritus

410 4585 504 4656 qui
551 4587 667 4641 sola
717 4584 931 4638 ratione
974 4581 1370 4650 intelliguntur,
1422 4589 1475 4632 et
1527 4578 1792 4650 quidquid
1839 4588 1994 4632 extra

409 4692 627 4733 onmem
658 4675 1115 4746 compositionem
1145 4681 1269 4727 est:
1297 4671 1437 4725 infra
1465 4685 1592 4724 vero
1626 4664 1779 4724 illaut
1809 4668 1996 4722 bestiae

407 4777 464 4824 et
508 4769 768 4839 pecudes,
809 4776 1112 4834 caeteraque
1154 4765 1367 4818 ratione
1411 4763 1676 4816 carentia.
1713 4762 1829 4829 Ipse
1865 4774 1995 4814 vero

410 4862 702 4931 paradisus
750 4861 893 4914 inter
935 4857 1050 4912 haec
1079 4865 1135 4911 et
1167 4856 1257 4909 illa
1300 4853 1510 4908 medius
1549 4859 1797 4907 maneret
1831 4859 1998 4921 atque

411 4953 515 5005 hac
548 4952 760 5006 ratione
790 4965 914 5004 tum
946 4948 1186 5002 hominis
1219 4946 1617 5001 constitutione
1647 4953 1994 5012 congrueret,

391 5025 506 5112 lqui
543 5054 598 5097 et
644 5043 761 5112 ipse
793 5058 859 5096 ex
895 5041 1075 5094 anima
1107 5040 1271 5094 simul
1315 5049 1369 5093 et
1415 5051 1644 5106 corpore
1689 5034 1993 5090 constabat.

411 5135 693 5192 Hac’tenus
735 5136 845 5189 ille.
881 5133 1288 5188 Animadvertis
1326 5131 1490 5201 igitur
1519 5130 1794 5184 doctorem
1831 5126 1996 5181 istum

412 5232 708 5300 perspicua
757 5229 968 5282 ratione
1017 5225 1326 5280 ostendisse
1374 5221 1688 5292 paradisum
1727 5220 1780 5273 in
1817 5216 1999 5274 medio

413 5337 532 5378 esse
568 5323 846 5392 positum;
883 5334 1058 5388 neque
1089 5327 1196 5372 tam
1234 5315 1420 5371 subtili
1455 5315 1716 5370 tenuitate
1750 5312 1996 5368 dotatam

414 5429 578 5485 quam
606 5429 670 5468 ea
699 5429 818 5483 qua:
851 5427 1013 5482 supra
1041 5411 1219 5480 ipsum
1267 5409 1563 5469 exsistunt,
1598 5420 1774 5475 neque
1805 5418 1999 5458 rursus

413 5523 475 5562 ea
528 5505 898 5562 crassitudine
949 5503 1188 5557 materia:
1233 5516 1340 5572 qua
1383 5499 1470 5553 illa
1523 5497 1821 5566 composita
1872 5504 2000 5548 sunt

414 5615 538 5668 qua:
575 5598 718 5652 infra
756 5598 934 5667 ipsum
969 5595 1263 5649 habentur.
1300 5590 1416 5645 Non
1447 5604 1578 5658 ergo
1613 5590 1666 5643 in
1699 5591 1798 5642 hac
1831 5602 1996 5656 quam

418 5705 519 5747 nos
548 5691 857 5746 habitamus
892 5699 1034 5743 terra
1067 5685 1355 5758 paradisus
1386 5684 1615 5745 exstitit,
1647 5679 1740 5736 sed
1775 5681 1827 5732 in
1861 5681 1996 5744 alia;

416 5787 526 5846 *τιτι
557 5783 774 5869 quidem
821 5784 953 5853 ipsa"
972 5797 1068 5835 sua
1104 5789 1299 5834 natura
1346 5776 1651 5844 diﬂ'et'ente,
1681 5774 1773 5830 scd
1819 5774 1995 5829 tenui-

2084 1883 2307 1954 quidus,
2357 1897 2552 1936 manus
2596 1895 2725 1935 vero
2773 1895 2960 1935 crassa
2993 1890 3049 1935 et
3085 1882 3366 1936 materiata
3404 1899 3668 1952 conqage

2086 1982 2330 2040 constat;
2362 1973 2545 2043 itaque
2570 1982 2624 2025 et
2649 1971 2703 2025 irt
2733 1980 2892 2031 terrae
2917 1972 3162 2042 partibus
3193 1973 3337 2028 idem
3366 1989 3468 2027 usu
3496 1974 3666 2036 venit,

2087 2075 2146 2121 ιιι
2189 2067 2402 2122 scilicet
2430 2065 2602 2120 altera
2643 2073 2790 2120 esset
2822 2081 2962 2135 pura
3009 2075 3139 2136 puta
3176 2075 3230 2122 et
3267 2068 3448 2120 omnis
3477 2082 3670 2120 excre-

2087 2159 2254 2214 menti
2291 2173 2486 2222 vacua,
2521 2174 2584 2212 ac
2617 2159 2796 2212 tenuis
2832 2158 3182 2228 subtilisque,
3216 2159 3397 2228 qualis
3429 2169 3545 2212 erat
3578 2160 3667 2213 illa

2088 2254 2365 2324 paradisi;
2408 2254 2580 2308 altera
2613 2269 2739 2307 vero
2767 2267 2972 2312 crassa,
3013 2253 3194 2315 mista,
3229 2259 3670 2312 excrementosa,

2086 2343 2395 2412 cujusmodi
2444 2355 2527 2398 est
2569 2343 2684 2397 haec
2734 2358 2856 2410 qua:
2899 2351 3050 2394 extra
3095 2340 3406 2410 paradisum
3449 2356 3477 2394 a
3515 2342 3673 2394 nobis

2091 2435 2344 2488 habetur.
2378 2433 2512 2487 Nam
2545 2442 2599 2487 et
2633 2435 2684 2486 in
2718 2433 2839 2487 oleo
2880 2434 2982 2487 hoc
3020 2434 3195 2501 ipsuru
3228 2433 3588 2503 deprehendis
3619 2449 3673 2488 et

2092 2529 2145 2580 in
2181 2528 2307 2580 vino
2343 2545 2356 2581 :
2392 2531 2492 2582 etsi
2529 2529 2672 2581 enim
2709 2528 2830 2583 unis
2861 2529 3022 2582 etiam
3061 2533 3172 2595 hazc
3205 2540 3455 2586 constent
3485 2547 3674 2586 essen-

2091 2620 2201 2682 tiis,
2231 2629 2407 2673 tamen
2439 2622 2674 2690 partium
2704 2621 2822 2674 alia:
2853 2621 3172 2690 liquidiores
3198 2622 3671 2696 defecatioresque

2092 2726 2156 2766 ac
2201 2711 2363 2765 veluti
2422 2712 2595 2783 magis
2649 2712 2957 2780 percolatte,
3014 2714 3204 2784 quales
3257 2725 3385 2770 sunt
3432 2732 3462 2772 a
3508 2717 3674 2773 l'utnlo

2093 2801 2452 2865 remotiores,
2508 2801 2628 2856 alia:
2686 2818 2876 2858 rursus
2927 2803 3290 2870 turbidiores,
3345 2807 3674 2864 feculeutio-

2094 2907 2290 2962 resque
2327 2901 2489 2961 atque
2533 2895 2759 2948 omnino
2806 2895 3136 2964 impuriores
3170 2913 3293 2954 esse
3335 2912 3672 2970 cernuntur;

2093 3000 2170 3038 eae
2203 3000 2397 3054 nempe
2428 3001 2548 3054 qua:
2578 3002 2606 3040 a
2641 2985 2808 3041 fundo
2841 2988 3061 3058 prepius
3092 2991 3313 3046 absunt.

2699 3100 2927 3156 CAPUT
2971 3103 3062 3158 l.\'.

2165 3215 2300 3269 Eam
2344 3225 2486 3269 terra
2527 3218 2580 3269 in
2622 3231 2726 3283 qua
2767 3227 2844 3270 est
2886 3219 3169 3284 paradisus
3212 3222 3311 3274 hac
3348 3233 3532 3276 nostra
3579 3241 3674 3277 stt-

2092 3310 2383 3364 blt’miorem
2422 3325 2554 3362 esse.
2606 3334 2677 3346 --υ
2729 3308 2862 3363 Illud
2915 3312 3141 3382 insuper
3189 3315 3509 3378 asserimus,
3553 3330 3672 3370 eam

2093 3415 2293 3459 terram
2329 3406 2378 3456 in
2411 3418 2518 3473 qua
2575 3415 2659 3458 est
2695 3406 2984 3474 paradisus
3020 3405 3264 3460 altiorem
3301 3410 3472 3463 nzulto
3502 3409 3677 3463 subli-

2093 3497 2435 3563 mioremque
2483 3495 2746 3549 exsistere
2798 3497 2899 3548 hac
2951 3511 3114 3564 quam
3170 3512 3267 3550 nos
3319 3497 3588 3563 colimus;
3626 3498 3678 3552 id

2089 3588 2236 3642 enim
2292 3587 2364 3640 ita
2420 3603 2479 3642 se
2536 3588 2774 3648 habere,
2849 3588 3056 3642 iudicio
3112 3597 3240 3642 sunt
3299 3599 3536 3657 quatuor
3591 3589 3680 3643 illa

2091 3677 2318 3748 grandia
2365 3677 2590 3732 ﬂumina
2621 3694 2770 3748 quae,
2818 3689 2960 3745 orta,
2997 3680 3050 3733 in
3085 3679 3325 3749 paradisi
3379 3687 3523 3734 terra
3555 3696 3681 3750 per

2094 3773 2234 3826 hanc
2270 3781 2516 3826 nostram
2546 3773 2616 3827 ab
2649 3773 2737 3827 illa
2769 3773 3041 3828 diversam
3076 3772 3351 3828 feruntur.
3380 3773 3498 3829 Nisi
3533 3776 3679 3830 enim

2097 3864 2190 3918 illa
2240 3871 2386 3918 terra
2432 3864 2595 3918 altior
2632 3874 2892 3928 exstaret,
2934 3866 3048 3921 lieri
3087 3882 3198 3921 non
3253 3879 3459 3937 posset,
3510 3879 3572 3922 ut
3619 3885 3683 3924 ea

2099 3955 2326 4010 ﬂamina
2377 3957 2528 4012 illinc
2576 3958 2840 4026 prtecipiti
2870 3973 3032 4012 cursu
3077 3961 3180 4014 sub
3227 3975 3378 4015 mare
3424 3977 3682 4032 magnum

2095 4051 2297 4116 delata,
2347 4051 2565 4106 tandem
2602 4066 2695 4119 per
2734 4052 2871 4104 hanc
2902 4066 2931 4104 a
2966 4051 3126 4105 nobis
3167 4053 3368 4110 cultam
3404 4057 3681 4125 regionem

2096 4141 2440 4213 erumpentia
2497 4151 2914 4212 spargerentur.
2969 4142 3194 4199 Certum
3237 4147 3405 4218 igitur
3453 4158 3568 4213 est,
3620 4165 3684 4206 ea

2099 4239 2348 4303 ﬂumina,
2382 4239 2510 4308 quia
2541 4252 2571 4290 e
2602 4237 2823 4292 sublimi
2871 4237 2994 4292 loco
3034 4251 3381 4307 promauant,
3415 4240 3533 4310 ipsa
3584 4258 3686 4298 sua

2101 4331 2368 4402 praecipiti
2394 4331 2636 4386 ﬂuxione
2661 4341 2849 4386 coacta
2883 4333 3205 4402 Strictaque,
3229 4343 3284 4387 et
3308 4335 3533 4403 proinde
3557 4351 3682 4391 cum

2103 4428 2304 4494 impetu
2340 4425 2520 4479 delata
2571 4424 2673 4478 sub
2722 4433 2918 4478 terram
2953 4432 3007 4480 et
3043 4439 3298 4494 maguum
3349 4441 3498 4482 mare
3546 4430 3686 4499 rapi,

2027 4519 2074 4576 υ
2101 4527 2263 4586 atque
2303 4518 2375 4570 ob
2408 4516 2584 4586 ipsum
2627 4531 2754 4571 eum
2801 4516 3089 4586 impetum,
3119 4532 3229 4588 quo
3272 4534 3400 4574 sunt
3439 4520 3685 4591 delapsa,

2077 4625 2294 4665 rursus
2331 4609 2582 4678 prosilire
2625 4609 2678 4663 in
2725 4610 2830 4664 hac
2865 4619 3052 4664 nostra
3103 4618 3267 4675 terra,
3319 4625 3416 4679 per
3461 4627 3688 4681 eamque

2099 4701 2290 4758 ﬂuere.
2329 4700 2464 4755 Nam
2498 4714 2734 4772 quatuor
2763 4700 2854 4754 illa
2883 4699 3106 4755 ﬂumina
3145 4701 3406 4772 (Tigrim,
3440 4704 3687 4774 inquam.

2102 4795 2476 4864 Euphratem,
2534 4793 2844 4855 Gihonem,
2897 4801 2951 4846 et
2999 4791 3331 4864 Phisonem)
3383 4797 3486 4849 sub
3537 4813 3690 4852 mare

2102 4887 2254 4954 l‘erri,
2301 4897 2465 4956 atque
2514 4889 2564 4939 in
2617 4885 2965 4940 hacdemnm
3007 4899 3171 4954 quam
3209 4900 3312 4940 nos
3374 4887 3686 4941 habitamus

2101 4988 2246 5033 terra
2307 4978 2561 5047 prodire,
2615 4986 2848 5031 testatur
2899 4976 3066 5030 etiam
3122 4975 3378 5032 dominus
3432 4978 3682 5046 Ephra-m

2101 5070 2523 5125 Commentariis
2556 5070 2610 5123 in
2641 5067 2896 5125 chesim
2919 5087 2934 5136 ;
2960 5077 3016 5124 et
3054 5083 3177 5124 cum
3227 5085 3293 5126 eo
3322 5071 3434 5124 alii.
3463 5068 3684 5124 Clarum

2104 5164 2269 5234 igitur
2293 5178 2356 5218 ex
2390 5163 2476 5218 his
2506 5171 2608 5227 est,
2637 5177 2758 5217 eam
2792 5172 2992 5218 terram
3022 5164 3076 5217 in
3103 5177 3210 5234 qua
3243 5164 3383 5216 situs
3413 5171 3496 5216 est
3528 5177 3690 5230 par..-

2103 5257 2257 5310 disus
2323 5255 2496 5309 multo
2561 5255 2981 5310 eminentiorem
3031 5255 3517 5323 sublimioremque
3563 5271 3686 5311 esse

2053 5375 2062 5384 -
2106 5351 2208 5404 hac
2241 5363 2538 5419 quamnos
2569 5362 2927 5417 occupamus.

2722 5463 2954 5518 CAPUT
3000 5463 3066 5515 Χ.

2176 5596 2251 5637 ue
2283 5599 2440 5652 regno
2471 5582 2664 5636 caelesti
2693 5583 2745 5634 in
2773 5596 2876 5651 quo
2897 5579 3037 5648 justi
3067 5577 3332 5647 voluptate
3361 5579 3686 5648 afﬁcientur,

2105 5677 2238 5730 sitne
2283 5677 2337 5728 in
2381 5675 2534 5729 terris
2574 5690 2642 5726 an
2685 5689 2845 5741 supra
2895 5669 3102 5725 caelum.
3136 5699 3207 5710 -—
3237 5668 3482 5740 Regnum
3523 5687 3688 5741 porro

2105 5770 2328 5828 cteleste
2357 5768 2490 5826 illud
2520 5765 2664 5837 quod
2700 5767 2972 5836 justorunt
3005 5764 3212 5820 deliciis
3248 5766 3573 5822 destinatum
3604 5773 3686 5820 est
