4088 6208
414 275 519 336 495
1682 276 1911 336 MOSIS
1954 278 2028 336 ΒΑ

2061 279 2101 335 R
2144 279 2232 337 (ΣΕ
2244 279 2389 337 ΡΙΙΑ
3566 280 3675 348 495

413 395 768 455 posteaquam
826 386 1121 441 revixerint
1174 386 1452 452 mortales,
1506 398 1562 442 ut
1612 389 1684 443 ait
1734 388 1994 445 Dominus
2026 399 2067 454 Α
2100 393 2295 458 acturi,
2340 393 2492 462 juxta
2542 406 2701 445 verax
2753 391 2967 446 Domini
3012 380 3378 463 proluissent;
3430 396 3481 448 in
3519 411 3681 465 para-

415 490 619 543 noster,
658 493 764 531 non
800 495 918 534 esse
960 480 1013 533 in
1048 480 1227 541 terris.
1276 479 1370 533 sed
1403 496 1565 550 supra
1610 482 1809 536 etelum
1859 482 1995 555 (hoc
2100 484 2279 538 disum
2314 501 2443 539 vero
2477 494 2597 553 post
2633 485 3085 539 resurrectionem
3114 502 3274 541 neruo
3321 486 3679 556 ingredietur,

413 583 516 635 est,
549 588 713 641 supra
752 573 1197 643 ﬁrmamentum),
1230 573 1377 643 quod
1410 576 1657 644 proxime
1688 592 1848 645 supra
1893 593 1995 633 nos
2101 574 2196 625 sed
2232 590 2524 628 mansurus
2556 584 2637 629 est
2670 576 2759 630 ille
2800 577 3103 631 cultoribus
3139 593 3365 632 vacuus.
3401 577 3682 632 Postremo

412 675 517 731 est,
554 666 741 720 multis
788 666 1125 734 argumentis
1162 668 1570 735 comprobatur.
1619 667 1804 722 Primo
1839 670 1993 731 enim
2099 667 2315 720 diversa
2366 668 2509 720 inter
2555 684 2613 722 se
2645 684 2767 722 esse
2821 684 3048 738 regnum
3100 670 3225 724 (ια)ιί
3259 682 3309 723 et
3344 669 3680 739 paradisum,

413 764 590 829 ipsum
630 761 950 814 vocabulum
989 760 1089 813 hoc
1122 762 1317 831 arguit,
1350 777 1457 831 quo
1487 762 1708 815 cmleste
1744 763 1993 831 regnum,
2101 750 2371 812 aﬁiriitattt
2420 760 2582 812 etiam
2620 760 2896 825 doctores,
2946 775 3084 828 quos
3132 760 3355 813 honoris
3388 773 3552 812 causa
3587 774 3688 812 no.

414 872 519 907 non
561 862 819 907 terrestre
867 868 896 905 a
946 851 1178 905 Domino
1230 853 1558 919 appellatum
1609 864 1692 906 est
1748 868 1761 904 :
1801 852 1998 906 deinde
2104 852 2249 904 mino
2298 869 2310 904 :
2360 854 2616 908 duruiuus
2663 852 2905 908 Joannes
2956 855 3175 923 quidem
3211 855 3263 907 in
3300 868 3361 907 ea
3414 854 3683 917 oratiom-,

415 948 555 1000 idem
594 946 681 1000 ille
732 944 997 999 Dominus
1045 946 1181 999 dixit
1231 961 1243 997 :
1298 943 1441 997 Vada
1481 961 1674 1013 parare
1725 945 1865 997 vobis
1913 944 1993 995 ιο.
2101 946 2187 997 cui
2242 946 2431 998 titulus
2479 957 2583 1008 est,
2653 945 2761 999 Cur
2816 949 2982 999 arbor
3032 947 3121 998 illa
3172 945 3414 1000 scientia:
3460 946 3587 998 boni
3632 956 3687 996 et

415 1055 531 1091 rum
576 1039 640 1093 ".
690 1037 799 1090 Et:
840 1036 938 1090 Ubi
985 1054 1076 1108 ego
1123 1054 1262 1100 sum,
1315 1037 1421 1089 illic
1469 1047 1517 1089 et
1561 1038 1802 1089 minister
1852 1052 1996 1089 meus
2104 1039 2229 1091 mali
2266 1040 2534 1107 appellata
2581 1039 2685 1105 sit;
2726 1049 2779 1092 ct
2823 1040 2954 1108 quid
2988 1039 3089 1093 sibi
3136 1039 3265 1092 velit
3300 1037 3432 1092 illud
3480 1036 3686 1091 Cnristi

411 1137 531 1187 erit.
577 1132 694 1186 Jam
744 1147 869 1184 vero
911 1130 1135 1184 dubium
1196 1130 1405 1183 nullum
1437 1140 1539 1195 est,
1587 1129 1718 1198 quin
1747 1127 1997 1183 Christus
2102 1132 2167 1184 ad
2224 1131 2513 1198 latronem,
2564 1131 2739 1186 Hodie
2788 1150 2989 1186 mecum
3038 1134 3141 1186 eris
3188 1133 3242 1186 in
3314 1132 3564 1197 paradiso
3598 1130 3686 1185 ":

416 1225 615 1279 terein
643 1224 845 1280 coelum
879 1223 1279 1277 conscenderit.
1310 1221 1571 1275 Praeterea
1606 1221 1765 1275 divus
1797 1218 1997 1274 Paulus
2104 1221 2339 1277 Severus
2395 1239 2560 1288 vero,
2609 1226 2857 1279 oratione
2905 1225 2975 1278 2‘2
3025 1225 3365 1295 Epithronii,
3420 1237 3478 1278 ut
3522 1239 3687 1293 supe-

414 1318 602 1372 scrihit
650 1318 702 1371 in
757 1317 871 1371 haec
922 1324 1083 1370 verba
1132 1333 1148 1371 :
1206 1312 1307 1366 Vos
1350 1324 1525 1365 autem
1583 1312 1878 1365 accessistis
1928 1312 1997 1364 ad
2104 1316 2220 1371 rius
2256 1317 2333 1386 (ἓ)
2373 1319 2740 1371 ostendimus.

416 1422 642 1463 montem
676 1408 826 1474 Sion,
852 1418 901 1463 et
931 1409 999 1462 ad
1030 1409 1294 1460 civitatem
1324 1405 1420 1459 Dei
1453 1407 1575 1469 viri,
1604 1408 1671 1458 ad
1699 1403 1995 1459 Jerusalem
2701 1411 2935 1467 CAPUT
2974 1409 3086 1463 XII.

414 1522 531 1575 qua:
563 1515 637 1557 est
676 1504 731 1557 in
765 1505 915 1568 cwlo,
960 1512 1007 1556 et
1050 1503 1118 1555 ad
1151 1512 1312 1554 cretus
1356 1503 1651 1571 myriadum
1690 1500 1997 1570 angelorum
2179 1502 2368 1557 Utrum
2411 1506 2463 1556 in
2504 1505 2602 1557 Itoc
2636 1515 2903 1559 terrarum
2944 1506 3067 1558 orbe
3114 1520 3267 1574 quem
3310 1502 3561 1558 mortales
3595 1503 3693 1555 lia-

415 1610 570 1669 utque
607 1599 675 1651 ad
716 1595 1006 1651 Ecclesium
1039 1598 1507 1664 prirnogcnitorntn
1541 1597 1632 1663 qui
1660 1593 1845 1663 scripti
1873 1604 1993 1647 sunt
2105 1597 2274 1651 bitant
2303 1598 2371 1650 ait
2397 1609 2549 1651 extra
2575 1615 2691 1651 eum
2719 1599 2783 1651 sit
2814 1601 3121 1667 paradisus.
3145 1625 3212 1636 —-
3237 1596 3689 1665 Philosophorum

415 1696 467 1746 in
517 1695 642 1746 crelo
669 1692 736 1747 ³³.
780 1676 846 1745 Et
881 1692 1007 1743 alibi
1049 1675 1071 1743 ἐ
1121 1688 1330 1743 Scimus
1379 1689 1519 1741 enim
1568 1687 1707 1757 quod
1756 1688 1995 1757 quamvis
2105 1688 2499 1759 profanorum,
2548 1690 2658 1743 imo
2707 1692 3099 1744 nonnullorum
3153 1690 3314 1743 etiam
3361 1690 3691 1743 ecclesiasti-

414 1788 601 1837 domus
634 1785 745 1837 ltrec
771 1792 953 1835 nostra
985 1795 1102 1846 qua:
1132 1781 1184 1831 in
1218 1782 1375 1832 terris
1406 1786 1509 1844 est,
1542 1793 1741 1847 corpus
1785 1792 1998 1845 nempe,
2033 1765 2079 1824 Β
2106 1797 2296 1836 eorum
2374 1780 2661 1835 doctorum
2722 1785 2991 1837 sententia
3058 1792 3142 1836 est
3166 1822 3180 1846 ,
3248 1782 3515 1835 elementa
3574 1780 3692 1849 ipsa

412 1876 757 1940 dissolvatur,
795 1887 1121 1926 structuram
1159 1882 1334 1923 tanien
1374 1870 1660 1922 habeamus
1697 1867 1999 1939 quwaDeo
2105 1875 2336 1929 alterum
2382 1875 2434 1928 in
2489 1876 2662 1928 altero
2712 1892 2856 1938 esse,
2906 1886 3067 1942 atque
3120 1878 3348 1929 alterum
3395 1874 3463 1928 ab
3519 1873 3695 1927 altero

414 1983 510 2033 est,
546 1972 758 2022 domum
788 1985 891 2021 non
926 1977 1283 2021 constructam
1326 1966 1569 2018 manibus
1609 1966 1661 2018 iu
1702 1965 1828 2017 coelo
1866 1982 2001 2017 srm-
2106 1968 2440 2022 circumdari
2481 1985 2494 2019 :
2547 1979 2746 2021 terram
2789 1970 2933 2021 enim
2987 1968 3056 2022 ab
3108 1969 3221 2037 ipsa
3274 1982 3439 2037 aqua,
3492 1982 3691 2037 aquam

414 2066 672 2133 piteruam
711 2064 776 2115 ".
829 2063 907 2115 Ad
965 2061 1065 2114 hoc
1113 2057 1352 2113 Joannes
1389 2059 1711 2122 monachus,
1746 2073 2001 2111 sermone
2105 2064 2175 2114 ah
2223 2077 2372 2126 aere,
2418 2076 2599 2113 acrem
2642 2062 2710 2115 ab
2763 2062 2883 2131 igne
2920 2062 3184 2114 contineri
3222 2062 3311 2128 (de
3352 2076 3457 2128 qua
3502 2075 3557 2113 re
3596 2076 3695 2112 nos

417 2156 597 2223 priore
646 2169 809 2223 quem
862 2154 927 2207 de
980 2151 1188 2205 nmndo
1241 2166 1382 2205 novo
1434 2151 1681 2218 scripsit,
1731 2151 1811 2204 sic
1864 2150 1939 2201 ait
1985 2164 1999 2202 :
2108 2168 2327 2222 quoque
2378 2153 2617 2208 dilucide
2663 2156 2876 2222 egimus
2916 2154 2971 2207 in
3017 2168 3082 2207 eo
3118 2153 3257 2207 libro
3301 2167 3462 2221 quem
3502 2154 3566 2205 de
3599 2166 3695 2204 sex

416 2246 711 2301 Enimvero
758 2260 984 2316 regnum
1038 2242 1171 2297 illud
1217 2244 1437 2298 caeleste
1482 2242 1707 2307 Christi,
1740 2257 1849 2297 non
1884 2250 2003 2296 erat
2103 2246 2298 2301 diebus
2325 2247 2808 2316 conscripsimus),
2835 2256 2891 2300 et
2931 2245 3157 2315 proinde
3193 2244 3510 2309 existimant
3543 2259 3693 2296 mare

415 2339 519 2394 sub
550 2339 915 2399 ﬁrmamento,
952 2335 1045 2391 sed
1080 2334 1244 2405 supra
1277 2336 1498 2397 malum,
1534 2335 1625 2388 ubi
1671 2343 1999 2401 potestatum
2107 2339 2389 2393 Oceanum
2442 2350 2611 2394 tutam
2655 2339 2863 2393 ambire
2912 2348 3136 2399 terram,
3188 2353 3292 2390 non
3336 2352 3492 2391 secus
3533 2346 3697 2404 atque

413 2434 635 2488 ordines
667 2433 962 2488 exsistunt.
999 2430 1193 2501 Liquet
1230 2432 1394 2501 igitur
1427 2433 1649 2487 ceeleste
1685 2448 1911 2501 regnum
1946 2430 1998 2484 in
2104 2446 2363 2485 coronam
2412 2441 2598 2499 caput,
2650 2440 2743 2483 aut
2789 2428 3069 2496 cingulum
3122 2426 3373 2493 lumbos;
3425 2428 3497 2480 ita
3535 2438 3593 2479 ut
3629 2425 3697 2478 ah

413 2542 523 2595 quo
557 2526 700 2579 beati
735 2525 1011 2595 voluptate
1056 2525 1308 2578 fruentur
1358 2534 1645 2592 postquam
1681 2525 2001 2590 revixerint,
2103 2532 2351 2578 extrema
2382 2510 2581 2577 oceani
2634 2531 2787 2591 parte
2837 2521 2982 2573 nulla
3024 2535 3250 2588 prorsus
3282 2527 3422 2571 terra
3477 2518 3569 2581 sit,
3602 2520 3693 2570 sed

416 2632 581 2685 supra
611 2619 809 2669 ccelum
841 2617 970 2684 (hoc
999 2625 1083 2669 est
1116 2614 1542 2683 ﬁrmamentum)
1577 2615 1626 2666 id
1659 2616 1801 2684 quod
1833 2630 2001 2684 supra
2104 2628 2199 2667 aer
2231 2614 2279 2666 ei
2315 2628 2426 2667 orze
2472 2630 2536 2666 ex
2586 2612 2733 2666 omni
2787 2612 3008 2681 regioae
3055 2608 3446 2664 circumfusus.
3496 2611 3563 2661 At
3602 2608 3695 2660 alii

414 2723 519 2763 nos
549 2718 798 2779 apparet,
834 2708 1069 2778 positum
1105 2722 1248 2761 esse.
2106 2706 2429 2775 epinantur,
2468 2704 2721 2774 amplecti
2770 2704 2994 2773 quidem
3046 2718 3193 2757 mare
3229 2700 3504 2756 Oceanum
3548 2702 3699 2754 hunc

1026 2798 1257 2853 CAPUT
1302 2799 1389 2853 XI.
2107 2798 2458 2854 habitabilem
2492 2798 2705 2863 orbem,
2741 2806 2983 2867 quantus
3026 2805 3131 2859 est,
3181 2804 3237 2847 ut
3273 2808 3471 2848 corona
3507 2805 3691 2857 caput,

488 2895 648 2948 Aliud
683 2910 796 2948 esse
832 2911 1047 2963 regnum
1091 2895 1315 2959 εωιινδιρ,
1363 2894 1513 2947 aliud
1558 2895 1890 2961 paradisum.
1932 2922 2001 2931 —
2104 2891 2187 2944 vel
2220 2906 2356 2944 zona
2406 2906 2608 2960 corpus
2641 2890 2844 2960 cingit;
2891 2899 2945 2943 et
2993 2901 3175 2943 tamen
3215 2887 3355 2942 ultra
3392 2894 3691 2940 extremam

418 2988 515 3044 Est
558 3003 684 3043 vero
736 2990 875 3041 inter
909 2989 1129 3043 etelcste
1180 3006 1406 3058 regnum
1442 3001 1495 3043 et
1531 2972 1842 3058 paradisum
1881 3002 1999 3040 ma-
2110 2984 2259 3040 illam
2309 2983 2515 3040 Oceani
2552 3000 2703 3039 oram
2738 3000 3029 3055 superesse
3077 3000 3196 3038 eam
3246 2991 3470 3044 terram,
3503 2981 3555 3033 iu
3587 2995 3697 3048 qua

417 3095 521 3148 gna
574 3079 867 3133 admodum
923 3078 1229 3134 differentia
1281 3092 1443 3149 atque
1501 3081 1813 3134 diversitas.
1866 3078 1997 3133 Nam
2030 3130 2067 3180 Γ
2104 3079 2354 3134 consitus
2392 3077 2494 3132 fuit
2526 3077 3059 3147 paradisuthaque
3091 3087 3281 3147 putant
3305 3075 3357 3129 hi
3382 3074 3693 3144 paradisum

418 3188 646 3242 regnum
694 3173 917 3225 caeleste
970 3188 1135 3242 supra
1182 3175 1302 3227 coeli
1353 3178 1753 3227 ﬁrmamentum
1804 3180 1910 3238 est,
1946 3181 2003 3226 at
2031 3165 2069 3180 “’
2107 3183 2261 3225 extra
2313 3172 2458 3225 hunc
2488 3188 2517 3226 a
2556 3172 2880 3225 mortalibus
2930 3171 3335 3239 frequentatum
3381 3169 3566 3222 orbem
3602 3182 3697 3221 ex-

418 3265 704 3334 paradisus
740 3265 843 3317 sub
882 3266 1222 3318 lirmamento
1271 3266 1321 3317 in
1371 3267 1529 3319 terris
1581 3282 1595 3317 :
1648 3266 1714 3318 ad
1754 3264 1877 3329 hoc,
1916 3279 2004 3318 re-
2106 3264 2347 3329 stitisse;
2386 3266 2530 3333 quod
2566 3280 2696 3318 sane
2728 3265 2844 3318 suis
2875 3262 3214 3335 argumentis
3249 3277 3416 3331 posse
3450 3274 3699 3329 compro-

417 3373 584 3425 gnum
647 3358 869 3411 ccelcste
907 3356 1151 3423 spiritale
1184 3368 1301 3421 est;
1341 3356 1627 3425 paradisus
1662 3370 1792 3411 vero
1852 3365 1905 3409 et
1934 3356 2000 3411 ad
2106 3357 2224 3411 bari
2274 3358 2509 3412 videtur.
2562 3354 2732 3410 Nemo
2781 3358 2928 3411 enim
2985 3371 3224 3426 unquam
3279 3354 3592 3424 regulorum
3631 3372 3697 3405 eo

415 3466 616 3521 cOrpus
647 3460 699 3504 et
730 3456 794 3503 ad
830 3451 1080 3518 spiritum
1116 3460 1346 3518 spectat,
1377 3460 1436 3503 ut
1467 3453 1718 3518 superius
1750 3466 2003 3519 compro-
2106 3449 2388 3521 profectus
2450 3452 2768 3519 paradisum
2814 3451 3101 3519 conspexit
3137 3468 3149 3503 :
3183 3449 3275 3518 qui
3318 3449 3362 3502 si
3402 3450 3541 3501 intra
3574 3461 3693 3501 eam

420 3543 689 3595 havimus.
723 3542 925 3594 Deinde
950 3541 1190 3595 caelestis
1223 3542 1373 3611 regni
1410 3545 1662 3611 voluptas
1687 3558 1750 3597 ea
1776 3552 1857 3597 est
1881 3557 2003 3612 qua
2107 3543 2295 3598 mundi
2328 3553 2535 3613 partem
2570 3559 2690 3613 qum
2719 3544 2787 3595 ab
2821 3543 3135 3597 hominibus
3171 3542 3450 3595 habitatur
3489 3540 3697 3609 positus

417 3649 481 3687 ex
521 3632 629 3686 Deo
676 3649 801 3687 cum
859 3633 1033 3687 beatis
1064 3633 1270 3702 angelis
1306 3634 1552 3703 capitur;
1598 3635 1835 3703 paradisi
1873 3650 2002 3689 vero
2045 3637 2061 3653 '
2106 3644 2272 3699 esset,
2316 3635 2505 3705 procul
2536 3638 2704 3689 dubio
2738 3651 2891 3705 rcges
2936 3636 3027 3705 qui
3090 3635 3140 3687 id
3180 3634 3361 3688 facere
3390 3635 3700 3702 potuissmit

420 3726 629 3781 deliciae
652 3742 715 3780 ex
747 3726 1040 3781 arboribus
1069 3727 1301 3781 ammnis
1330 3740 1494 3797 atque
1523 3728 1998 3792 desiderabilibus,
2108 3726 2286 3779 visum
2314 3741 2439 3779 eum
2472 3726 2698 3779 insscnt
2727 3743 2741 3779 :
2772 3742 2798 3779 a
2828 3742 2934 3796 qua
2965 3741 3023 3780 re
3058 3738 3239 3779 tamen
3270 3740 3463 3778 omnes
3491 3723 3693 3786 adhuc,

421 3835 525 3873 nec
552 3835 657 3872 non
691 3833 757 3873 ex
789 3818 992 3888 ingenti
1035 3819 1126 3871 illo
1154 3818 1379 3874 ﬂumine
1419 3821 1702 3874 habentur.
1740 3820 2001 3875 Praeterea
2107 3820 2177 3871 ob
2206 3835 2325 3873 eam
2358 3828 2417 3873 ut
2447 3823 2659 3872 videtur
2691 3836 2855 3889 quam
2888 3822 3051 3874 modo
3105 3821 3212 3873 dixi
3247 3834 3496 3880 causam,
3528 3819 3696 3871 absti-

420 3926 649 3981 regnnm
679 3912 901 3966 ceeleste
944 3927 1039 3965 nec
1068 3910 1250 3965 oculus
1283 3913 1433 3976 vidit,
1472 3930 1567 3967 nec
1601 3915 1747 3966 auris
1777 3914 2001 3979 audivit,
2108 3928 2297 3967 nuere.
2329 3914 2418 3966 Ait
2466 3916 2631 3976 enim,
2667 3915 2758 3983 qui
2795 3916 2848 3967 in
2883 3915 2983 3967 hac
3024 3923 3153 3967 sunt
3199 3913 3491 3976 sententia,
3544 3912 3697 3963 aiunt

418 4015 582 4073 neque
608 4002 661 4057 iu
690 3998 781 4055 cor
808 4004 1040 4057 hominis
1070 4006 1329 4070 ascendit,
1362 4014 1421 4058 ut
1449 4006 1822 4075 apostolorum
1856 4010 2004 4074 prin-
2108 4020 2259 4059 mare
2286 4005 2416 4060 illud
2441 4008 2585 4076 quod
2618 4008 2758 4059 inter
2788 4006 2926 4058 hanc
2953 4014 3196 4059 nostram
3229 4014 3283 4059 et
3316 4004 3463 4057 illam
3494 4011 3695 4056 terram

417 4110 545 4165 ccps
575 4096 778 4151 Paulus
815 4096 1000 4161 ait";
1045 4095 1140 4151 sed
1178 4096 1461 4165 paradisus
1514 4106 1566 4149 et
1596 4097 1725 4149 Adae
1785 4106 1839 4149 et
1882 4097 2006 4150 Evae
2107 4098 2409 4163 interfluit,
2478 4097 2842 4167 innavigabile
2906 4111 3064 4162 esse,
3128 4097 3363 4165 ideoque
3423 4096 3694 4148 neminem

419 4188 597 4243 oculis
630 4198 885 4258 aspectus
927 4198 1034 4254 est,
1072 4188 1408 4258 auribusque
1452 4189 1696 4250 auditus,
1742 4198 1797 4242 et
1837 4190 2004 4244 subiit
2110 4206 2297 4260 regum
2338 4191 2464 4244 illuc
2502 4194 2806 4259 traiecisse.
2853 4192 2956 4245 Alii
3000 4205 3129 4245 vero
3174 4190 3250 4243 illi
3288 4191 3380 4259 qui
3424 4190 3696 4242 elementa

419 4281 474 4336 in
512 4282 749 4351 ipsorum
801 4285 1037 4337 animos.
1082 4280 1309 4351 Insuper
1344 4296 1471 4336 eum
1518 4282 1572 4335 in
1627 4283 1762 4352 lege,
1799 4290 1913 4336 tum
1949 4280 2002 4337 in
2108 4286 2306 4339 ambiri
2339 4284 2572 4338 alterum
2607 4284 2676 4339 ab
2712 4285 2906 4347 altero,
2935 4294 3098 4354 atque
3131 4281 3336 4338 Oceani
3369 4297 3539 4351 aquas
3574 4282 3697 4333 uni-

425 4375 722 4446 Evangelio
784 4376 1196 4443 distinguuntur
1251 4392 1264 4426 :
1319 4375 1373 4428 in
1428 4376 1545 4446 lege
1608 4376 1753 4429 enim
1812 4376 2005 4430 beatus
2107 4392 2321 4431 versam
2378 4378 2603 4432 omnino
2664 4378 3009 4432 circumdare
3079 4385 3278 4431 terram
3349 4380 3580 4445 putant,
3634 4380 3697 4425 ut

422 4469 601 4525 Moses
643 4469 696 4523 in
727 4485 793 4523 eo
836 4470 977 4523 libro
1005 4484 1168 4538 quem
1216 4468 1473 4524 Genesim
1513 4470 1650 4538 (hoc
1692 4478 1796 4533 est,
1827 4470 1891 4522 de
1920 4485 2004 4523 re-
2037 4484 2080 4539 ι)
2110 4470 2321 4524 nullum
2354 4471 2598 4539 supersit
2623 4472 2801 4526 solum
2836 4473 2975 4527 ultra
3004 4485 3175 4533 mare,
3207 4470 3517 4539 paradisum
3552 4468 3695 4522 intra

423 4578 540 4614 rum
575 4564 728 4630 ortu)
760 4576 1041 4623 vocamus,
1068 4564 1133 4617 de
1163 4562 1417 4631 paradiso
1454 4561 1672 4617 locutus
1701 4571 1807 4626 est,
1850 4577 2006 4616 eunr-
2111 4579 2263 4618 mare
2290 4564 2509 4635 quidem
2545 4566 2781 4634 positum
2808 4580 2931 4620 esse
2956 4567 3131 4631 aiunt,
3159 4578 3348 4618 verum
3377 4562 3448 4617 ob
3479 4568 3695 4615 montes

422 4669 531 4723 que
576 4654 693 4707 suis
738 4654 885 4708 notis
932 4654 1254 4722 descripsit;
1308 4657 1375 4708 de
1418 4655 1543 4709 caeli
1598 4664 1781 4709 autem
1833 4670 2002 4724 regno
2112 4656 2463 4711 diﬁicillimos
2490 4666 2544 4710 et
2575 4657 2790 4726 penitus
2821 4657 2995 4710 invios
3027 4657 3118 4726 qui
3158 4657 3300 4709 inter
3332 4654 3483 4707 illum
3512 4663 3565 4706 et
3594 4668 3695 4706 nos

422 4764 533 4805 non
581 4750 808 4804 verbum
857 4749 1079 4819 quidem
1142 4748 1290 4803 fecit.
1342 4748 1558 4804 Rursus
1605 4749 1661 4803 in
1709 4746 2002 4817 Evangelia
2112 4750 2419 4813 exsistunt,
2475 4752 2748 4804 neminem
2801 4748 3112 4803 mortalium
3170 4748 3301 4802 illuc
3368 4745 3690 4801 accessisse.

424 4842 688 4897 Dominus
735 4848 942 4907 noster,
975 4842 1206 4912 ejusque
1251 4841 1504 4911 discipuli
1549 4851 1605 4896 et
1632 4838 1870 4895 Joannes
1905 4840 2005 4893 Ba-
2109 4842 2415 4899 Conﬁcitur
2463 4844 2648 4913 itaque
2695 4859 2761 4897 ex
2817 4842 2925 4908 his,
2983 4839 3301 4912 paradisum
3357 4849 3506 4893 extra
3564 4853 3691 4892 cum

419 4937 587 5007 ptista
635 4935 1047 5000 concionantes,
1098 4934 1374 4989 adhortati
1450 4944 1578 4988 sunt
1627 4934 1889 4999 mortales
1938 4931 2004 4986 ad
2110 4946 2268 4992 terra:
2309 4937 2496 4992 orbem
2544 4952 2705 5007 quem
2759 4935 3010 4991 homines
3042 4936 3301 4999 colimus,
3332 4935 3500 4987 sitmn
3544 4946 3689 4985 esse.

418 5034 843 5102 pmxtiterrtiarn,
910 5032 1039 5103 quia
1097 5032 1154 5085 in
1209 5032 1517 5102 propinquo
1572 5039 1716 5085 esset
1778 5043 2001 5099 regnum
2693 5027 2923 5083 CAPUT
2966 5027 3101 5082 Xlll.

422 5127 644 5181 rtL-lcste
673 5126 753 5193 ³¹;
805 5126 899 5181 sed
951 5125 1267 5196 paradisum
1303 5140 1423 5179 esse
1471 5125 1710 5177 vicinum
1764 5136 1871 5175 non
1921 5119 2006 5174 di-
2184 5122 2248 5176 In
2284 5141 2387 5193 qua
2434 5122 2619 5176 mundi
2670 5122 2877 5192 regione
2915 5125 3118 5191 positus
3164 5124 3235 5174 sit
3280 5119 3586 5190 paradisus.
3621 5146 3693 5159 --

424 5234 573 5274 xerc.
612 5222 852 5288 Denique
884 5219 989 5273 hoc
1020 5233 1241 5287 quoque
1271 5218 1413 5271 inter
1448 5216 1536 5271 illa
1572 5214 1866 5269 discrimen
1895 5224 1999 5278 est,
2109 5215 2212 5269 Sed
2267 5225 2476 5285 quaerat
2529 5214 2726 5283 aliquis
2753 5256 2767 5279 ,
2823 5215 2875 5267 in
2930 5229 3168 5283 quanam
3226 5213 3415 5267 mundi
3470 5213 3691 5281 regione

420 5311 564 5379 quod
598 5320 719 5382 post
755 5312 1210 5366 resurrectionem
1239 5310 1597 5367 conscensuri
1633 5310 1746 5365 sint
1769 5310 1902 5377 justi
1936 5311 2001 5362 ad
2107 5310 2321 5379 positus
2365 5311 2436 5363 sit
2473 5309 2759 5379 paradisus
2796 5324 2808 5361 :
2848 5323 3034 5361 versus
3069 5306 3370 5368 Orientem,
3415 5319 3482 5358 an
3533 5304 3689 5357 Occi-

422 5402 645 5457 cmleste
694 5421 942 5474 regnum,
994 5416 1160 5474 atque
1208 5403 1318 5458 illic
1369 5405 1420 5458 in
1464 5418 1679 5457 summa
1731 5403 2003 5472 voluptate
2106 5404 2355 5466 dentem,
2410 5403 2475 5454 ad
2528 5402 2837 5467 Meridiani,
2896 5418 2961 5452 an
3016 5398 3495 5468 Septentrionem?
3554 5396 3690 5449 llnic

492 5549 535 5581 ³⁷
562 5546 717 5669 inim.
756 5566 861 5612 xiv,
892 5552 945 5605 2.
1027 5552 1071 5582 ³⁸
1106 5550 1270 5605 llebr.
1306 5565 1402 5613 xu,
1436 5550 1525 5617 22,
1555 5552 1645 5604 ‘25.
1724 5549 1769 5581 "
1798 5547 1836 5603 ll
1865 5547 1990 5604 Cor.
2035 5564 2086 5616 v,

492 5635 583 5669 till.
656 5640 707 5669 ι).

2080 5551 2172 5614 ,1.
2291 5550 2334 5581 ³⁹
2369 5550 2386 5603 l
2428 5549 2555 5605 Cur.
2611 5566 2670 5616 tt,
2716 5550 2768 5602 9.
2885 5551 2924 5582 ³¹
2970 5550 3155 5603 Matth.
3208 5565 3289 5614 ιιι,
3344 5551 3395 5603 1.
3475 5551 3518 5581 δ’
3556 5548 3694 5608 Luc.

424 5634 583 5680 Χςιιι,
619 5634 707 5673 4ο).

495 5757 569 5820 (2i
605 5756 780 5825 Supra
811 5772 930 5825 cap.
963 5759 992 5812 7
1022 5761 1125 5815 sub
1157 5760 1340 5816 ﬁnem.
