4088 6208
409 363 504 422 ΜΓ

1533 359 1630 416 DE
1678 356 2080 417 [’AllADlSO.
2125 383 2191 392 --
2231 359 2430 420 PARS
2470 361 2518 420 ῐ.

3538 363 3638 423 492

409 472 823 540 re-p.utdcmus,
875 469 1132 522 Basiliam
1201 466 1417 536 quidem
1471 476 1524 521 et
1570 469 1687 536 ejus
1753 466 1971 520 fratrem

2077 467 2198 522 diso
2247 467 2389 522 amni
2441 477 2582 521 terra
2624 467 2675 521 in
2746 469 2885 522 hanc
2935 478 3171 524 nostram
3246 487 3340 540 per
3384 474 3639 529 vadosum

408 563 724 634 Gregorium
759 559 1080 632 Nysseuum,
1128 570 1290 630 atque
1335 568 1528 630 pra'ter
1571 561 1670 616 hos
1699 561 1975 615 dominum

412 659 698 718 Severum,
751 653 1170 723 compluresque
1219 653 1355 708 alios
1403 653 1612 723 opinari
1663 653 1975 722 paradisum

407 747 475 800 ad
528 744 858 801 Orientalcm
916 755 1070 798 terra:
1131 745 1403 813 regionem
1455 754 1690 799 exstare.
1742 745 1977 800 Basilius

407 837 553 890 enim
609 849 862 889 sermone
910 849 1073 901 super
1120 833 1249 887 illud
1301 832 1450 886 Pauli
1495 833 1563 896 ³³,
1627 833 1692 886 lu
1735 836 1874 888 omni
1923 851 1978 888 re

404 931 609 999 gratias
642 930 800 999 agite,
849 929 914 981 ad
959 928 1102 982 hunc
1139 928 1359 980 modum
1395 927 1578 981 scribit
1623 944 1636 981 :
1687 947 1704 978 ι
1738 927 1862 981 ldeo
1909 927 1975 981 ad

406 1023 689 1077 Orientem
727 1020 870 1075 versi
916 1021 1058 1074 inter
1087 1020 1350 1073 orandum
1397 1019 1667 1086 stetimus,
1701 1028 1758 1073 ut
1789 1018 1975 1074 oculos

404 1120 628 1168 nostros
661 1111 728 1166 ad
776 1110 1248 1180 contemplandum
1297 1111 1614 1178 paradisum
1665 1109 1977 1166 assueface-

405 1219 610 1267 remus,
655 1218 829 1273 eoque
874 1202 1053 1258 locum
1102 1212 1348 1257 nostrum
1398 1203 1688 1269 pristinum
1733 1203 1975 1271 require-

404 1311 605 1350 remus.
634 1293 930 1364 Gregorius
983 1309 1116 1348 vero
1157 1292 1456 1364 Nysseuus,
1511 1308 1760 1346 sermone
1811 1307 1972 1360 quem

404 1390 458 1442 in
510 1385 824 1443 Orationem
893 1385 1233 1441 Dominicam
1296 1385 1641 1455 composuit,
1698 1383 1778 1439 sic
1829 1386 1904 1438 ait
1959 1402 1971 1436 :

401 1479 787 1533 Couvertimus
838 1493 938 1530 nos
994 1477 1061 1531 ad
1113 1477 1424 1538 Orientem,
1484 1491 1588 1529 non
1638 1476 1758 1529 ideo
1814 1477 1973 1529 mo.lo

403 1570 549 1636 quod
597 1569 710 1625 illic
753 1567 898 1622 Deus
945 1567 1016 1622 sit
1062 1567 1429 1636 aSpectahilis,
1477 1566 1569 1635 qui
1625 1566 1824 1635 ubique
1869 1578 1970 1628 est,

404 1675 582 1728 neque
610 1659 720 1713 ullo
753 1659 1070 1726 particulari
1103 1659 1222 1712 loco
1248 1659 1470 1712 omnino
1505 1659 1820 1712 continetur
1846 1675 1968 1713 cum

403 1767 621 1805 ctnnem
665 1766 728 1804 ex
774 1764 930 1819 atquo
964 1757 1222 1820 occupet,
1273 1751 1366 1805 sed
1407 1749 1532 1818 quia
1587 1750 1739 1804 locus
1786 1760 1972 1805 noster

405 1844 670 1914 pristinus
716 1844 767 1897 in
815 1841 1039 1898 Oriente
1078 1852 1158 1898 est
1197 1843 1305 1897 :de
1333 1858 1395 1898 ea
1429 1844 1536 1898 vita
1572 1843 1765 1912 loquor
1807 1856 1968 1910 quam

405 1940 461 1991 in
491 1936 744 2007 paradiso
769 1935 1134 2005 agitabamus,
1163 1951 1228 1989 ex
1260 1949 1369 2003 quo
1401 1934 1596 1988 deinde
1624 1933 1928 1988 excidimus
1954 1949 1968 2000 ;

403 2038 685 2085 conservat
713 2029 856 2083 enim
894 2029 1032 2082 Deus
1055 2028 1364 2098 paradisum
1389 2028 1440 2081 in
1462 2027 1630 2094 Edon,
1652 2027 1704 2080 in
1727 2025 1967 2081 Oriente.

399 2123 536 2176 (lum
566 2122 730 2191 igitur
755 2121 820 2176 ad
847 2120 1121 2175 Orientem
1149 2120 1435 2191 dirigimus
1459 2122 1739 2174 oculorum
1764 2131 1971 2174 nostro-

401 2229 520 2267 rum
554 2213 750 2276 ariem,
781 2221 944 2281 atque
975 2227 1161 2266 casum
1209 2211 1285 2281 (5)
1319 2220 1566 2266 nostrum
1608 2227 1716 2282 quo
1751 2228 1814 2267 ex
1848 2213 1971 2267 bea-

400 2309 628 2363 tissimis
663 2307 770 2362 illis
800 2307 932 2362 locis
964 2307 1294 2370 excidimus,
1325 2323 1643 2362 revocamus
1673 2307 1727 2361 in
1755 2309 1969 2361 animos

401 2408 640 2459 nostros,
680 2400 874 2453 merito
922 2399 1062 2454 hanc
1109 2412 1253 2454 tuam
1304 2401 1670 2470 precationem
1715 2402 1807 2456 tibi
1839 2401 1970 2456 οπε-

399 2491 592 2554 rimus,
621 2502 727 2543 etc.
754 2489 996 2559 Denique
1022 2491 1279 2546 dominus
1305 2493 1560 2555 Severus.
1589 2494 1833 2548 oratione
1863 2509 1968 2562 qua

399 2582 620 2638 disserit
647 2597 746 2636 cur
777 2581 918 2636 versi
948 2581 1016 2635 ad
1043 2582 1318 2637 Orientem
1355 2583 1666 2647 adoremus,
1700 2583 1813 2638 haec
1841 2599 1967 2653 pro-

398 2674 534 2729 didit
568 2690 584 2727 :
613 2673 746 2740 Quia
790 2675 1079 2742 paradisus
1112 2676 1166 2729 in
1198 2674 1420 2729 Oriente
1461 2684 1564 2739 est,
1608 2685 1661 2730 et
1694 2676 1842 2729 illinc
1874 2692 1968 2730 su-

406 2781 530 2820 tuus
569 2767 794 2835 egressi,
846 2774 1006 2834 atque
1052 2765 1117 2819 ad
1163 2766 1342 2821 locum
1389 2773 1635 2820 nostrum
1684 2767 1966 2837 antiquum

401 2860 594 2914 reverti
623 2873 931 2928 speramus,
953 2867 1062 2915 etc.
1089 2858 1229 2912 Sunt
1251 2859 1415 2912 etiam
1441 2857 1536 2927 qui
1569 2857 1696 2913 hinc
1721 2867 1970 2915 constare

397 2950 735 3012 existiment,
785 2948 1099 3018 paradisum
1148 2949 1205 3002 in
1252 2947 1473 3002 Oriente
1518 2964 1658 3007 esse.
1704 2949 1830 3018 quia
1875 2949 1970 3018 qui

401 3044 598 3110 templa
643 3051 740 3096 aut
781 3042 928 3096 aedes
973 3051 1296 3096 construere
1345 3041 1533 3094 volunt
1579 3040 1646 3094 ad
1692 3038 1965 3095 Orientem

396 3135 719 3204 spectantia,
770 3135 840 3187 ita
886 3123 1225 3196 describunt,
1256 3143 1316 3186 ut
1362 3132 1429 3186 ad
1480 3132 1648 3187 solem
1692 3131 1746 3186 in
1785 3146 1970 3186 mense
1997 3164 2040 3224 ϐ

396 3225 564 3281 Nisan
594 3225 868 3280 Orientem
898 3225 1128 3280 obversa
1169 3224 1241 3278 sit
1284 3223 1511 3286 fabrica,
1543 3223 1802 3278 nimirum
1844 3225 1969 3292 quia

398 3321 490 3374 illo
544 3333 728 3372 mense
773 3317 854 3371 sol
901 3332 1065 3385 supra
1119 3315 1355 3384 paradisi
1405 3315 1585 3369 locum
1623 3315 1852 3370 oriatur.
1908 3314 1972 3367 Et

400 3411 595 3465 horum
626 3410 716 3464 alii
748 3409 968 3479 quidem
1003 3409 1144 3462 diem
1187 3407 1458 3463 decimum
1489 3407 1739 3477 quintum
1769 3408 1973 3462 mensis

400 3504 564 3559 Msan
621 3503 952 3568 observant,
1006 3501 1162 3571 quasi
1217 3515 1282 3554 eo
1333 3501 1465 3556 solis
1517 3499 1657 3554 radii
1711 3507 1856 3554 recte
1904 3514 1968 3554 ex

395 3597 760 3652 orientalibus
801 3593 1055 3648 fenestris
1081 3593 1396 3662 prosiliant;
1424 3592 1512 3646 alii
1540 3606 1667 3647 vero
1690 3602 1968 3662 quartum,

395 3705 569 3759 coque
609 3689 662 3743 id
698 3688 810 3742 lieri
850 3695 1060 3755 putant,
1098 3685 1241 3755 quod
1283 3685 1458 3740 soleo
1503 3685 1574 3739 sit
1603 3682 1690 3738 die
1732 3693 1970 3749 creatus,

395 3791 449 3834 rt
487 3795 709 3836 cursum
757 3793 916 3832 suum
970 3777 1260 3846 occeperit.
1308 3774 1509 3829 Verum
1550 3774 1796 3844 Ephraam
1841 3774 1972 3828 dicit

395 3872 708 3942 paradisum
741 3872 1048 3925 universam
1092 3870 1300 3924 ambire
1369 3876 1569 3922 terram
1591 3909 1604 3931 ,
1638 3875 1803 3937 atque
1831 3867 1971 3922 ultra

395 3967 682 4018 Oceanum
733 3962 803 4016 ita
839 3961 1074 4031 positum
1108 3973 1228 4014 esse
1263 3967 1320 4012 ut
1365 3965 1537 4012 totum
1585 3963 1850 4010 terrarum
1878 3968 1970 4008 or-

396 4059 516 4110 bem
549 4055 622 4110 ab
651 4054 800 4108 omni
836 4050 1138 4109 circumdet
1178 4050 1421 4118 regione,
1463 4062 1570 4101 non
1616 4045 1771 4100 aliter
1806 4053 1972 4113 atque

398 4153 540 4203 Iunzc
587 4147 740 4202 orbis
792 4146 978 4200 lunam
1027 4143 1218 4214 cingit.
1270 4141 1410 4195 Sunt
1457 4148 1640 4194 autem
1695 4139 1808 4192 haec
1851 4136 1972 4206 ejus

399 4241 512 4294 fere
555 4241 740 4302 verba,
783 4238 981 4307 quibus
1011 4236 1063 4289 in
1095 4251 1156 4290 ea
1203 4250 1300 4289 sua
1341 4232 1707 4301 disputatione
1755 4231 1967 4285 utitur:

307 4324 312 4328 ’
401 4327 536 4391 Quia
585 4325 776 4395 procul
826 4333 976 4378 extra
1019 4334 1372 4392 conspectum
1425 4321 1651 4374 dissitus
1690 4329 1770 4372 est
1808 4335 1970 4389 para-

401 4418 574 4482 disus,
609 4431 786 4486 neque
832 4425 940 4471 tam
986 4426 1142 4470 acuta
1176 4415 1316 4468 inest
1356 4414 1532 4467 oculis
1561 4413 1764 4465 nostris
1805 4414 1968 4481 acies,

2079 574 2229 614 mare
2257 560 2482 630 pedibus
2513 576 2870 627 commeasse,
2897 577 3020 616 cum
3051 572 3235 618 essent
3265 574 3490 620 staturae
3521 582 3645 635 pro-

2079 651 2414 717 cerissimm;
2474 663 2636 722 atque
2707 653 2811 708 hoc
2879 664 2991 707 tum
3051 669 3114 709 es
3176 655 3473 710 Athanasio
3531 667 3640 710 tum

2079 761 2109 798 e
2135 744 2337 814 Cyr-illo
2374 746 2730 815 comprobare
2760 747 3031 811 nituntur,
3078 747 3169 818 qui
3203 747 3340 801 inter
3375 749 3473 802 alia
3513 752 3646 802 scri-

2077 836 2242 903 bunt,
2273 837 2660 893 habitationem
2689 825 2918 908 primam
2953 849 3073 908 post
3102 839 3413 907 paradisum
3475 838 3646 893 fuisse

2078 930 2284 984 Adamo
2337 932 2389 986 in
2432 931 2620 987 Judaea
2672 947 2686 985 :
2736 940 2996 1001 praeterea
3045 931 3246 1000 ipsum,
3296 940 3645 1002 posteaquam

2079 1036 2173 1092 per
2204 1022 2466 1091 plurimas
2497 1023 2750 1093 regiones
2790 1033 3020 1093 vagatus
3078 1024 3132 1076 in
3169 1024 3292 1077 aliis
3322 1034 3485 1092 atque
3523 1024 3645 1077 aliis

2078 1114 2379 1169 habitasset
2408 1115 2541 1169 locis
2562 1155 2578 1180 ,
2617 1116 2835 1170 tandem
2867 1117 2970 1172 sub
3002 1116 3125 1170 vita:
3154 1116 3310 1170 finem
3344 1116 3559 1170 venisse
3591 1116 3645 1169 iu

2078 1214 2316 1260 montem
2349 1204 2538 1268 Jebus,
2576 1207 2760 1276 ibique
2809 1208 3078 1277 sepultum
3129 1223 3286 1272 esse;
3322 1219 3528 1262 certum
3565 1218 3647 1262 est

2078 1308 2258 1352 autem
2292 1295 2461 1352 Jebus
2493 1313 2616 1354 esse
2646 1297 2968 1352 Jerusalem.
3003 1297 3068 1354 Et
3098 1314 3226 1354 vero
3273 1299 3526 1353 dominus
3555 1298 3648 1352 Ja-

2077 1389 2249 1443 cobus
2279 1387 2574 1444 Orrobaita
2611 1391 2772 1444 tradit
2812 1389 2975 1444 etiam
3007 1390 3176 1444 Noam
3209 1391 3318 1445 illic
3349 1390 3650 1456 habitasse,

2075 1487 2238 1546 atque
2270 1479 2321 1531 in
2354 1481 2571 1548 regione
2597 1481 2957 1534 Sodomorum
2993 1481 3268 1551 plantasse
3301 1481 3423 1535 illas
3451 1481 3646 1536 cedros

2076 1585 2141 1624 ex
2191 1570 2390 1639 quibus
2445 1585 2623 1625 arcam
2665 1572 2970 1625 construxit
3019 1588 3032 1624 :
3083 1587 3245 1640 quam
3287 1586 3469 1624 arcam
3521 1587 3643 1626 cum

2073 1671 2216 1717 esset
2261 1679 2367 1716 una
2417 1678 2540 1716 cum
2594 1663 2780 1718 liberis
2830 1665 2944 1719 suis
2989 1679 3392 1719 conscensurus
3442 1664 3646 1732 impen-

2075 1753 2238 1810 dente
2269 1755 2499 1818 diluvio,
2531 1771 2714 1811 secum
2752 1757 2804 1808 iu
2839 1772 2959 1811 eam
2992 1758 3242 1812 intulisse
3273 1773 3397 1812 ossa
3430 1759 3642 1821 Adami,

2081 1861 2252 1914 eaque
2300 1846 2494 1900 deinde
2535 1855 2656 1916 post
2702 1847 2964 1900 diluvium
3005 1863 3128 1902 arra
3178 1865 3494 1917 egressum,
3531 1850 3648 1902 suis

2079 1934 2206 1989 filiis
2238 1935 2601 1998 distribuisse,
2638 1947 2792 2004 prout
2831 1937 3014 1991 orbem
3054 1947 3318 1993 terrarum
3352 1941 3493 1993 inter
3525 1939 3646 1994 illos

2079 2025 2430 2080 habitandum
2474 2027 2825 2094 partiebatur.
2878 2026 3036 2083 Verbi
3073 2031 3243 2100 gratia
3286 2049 3299 2084 :
3341 2030 3648 2086 Calrariam

2077 2117 2268 2172 Adami
2322 2118 2537 2174 dedisse
2585 2119 2950 2189 primogenita
2997 2135 3096 2176 suo
3145 2121 3295 2186 Sem,
3345 2134 3398 2177 ct
3449 2136 3643 2178 terram

2077 2211 2384 2278 assignasse
2415 2211 2463 2265 ci
2493 2209 2756 2276 Juda~am,
2787 2221 2951 2282 atque
2979 2214 3051 2267 ita
3081 2217 3446 2282 posteritatem
3481 2217 3602 2270 Sem
3630 2257 3642 2278 ,

2077 2316 2202 2357 cum
2248 2304 2296 2359 ei
2331 2301 2571 2358 Iudaeam
2617 2321 2716 2360 ceu
2773 2321 2926 2360 suam
2984 2308 3351 2363 hazrelitatcm
3385 2312 3642 2374 venisset,

2079 2395 2224 2450 illam
2265 2395 2394 2452 Δάω
2442 2397 2746 2452 Calvariain
2797 2415 2920 2468 qua:
2967 2400 3074 2454 sibi
3126 2402 3272 2455 illius
3322 2404 3537 2457 ossibus
3578 2419 3642 2456 ex

2078 2499 2301 2559 paterna
2336 2489 2720 2545 distributione
2769 2493 3088 2557 obvenerat,
3124 2495 3178 2548 in
3215 2496 3341 2550 Adae
3392 2499 3644 2568 sepulcro

2076 2579 2218 2648 quod
2266 2580 2468 2648 alioqui
2515 2582 2629 2649 jam
2680 2591 2793 2636 tum
2844 2583 2954 2638 illic
3002 2586 3270 2650 exstabat,
3309 2588 3641 2655 reposuisse.

2078 2671 2183 2725 Sed
2209 2671 2300 2725 alii
2326 2671 2663 2736 existimant,
2689 2673 2812 2727 inde
2833 2691 2899 2729 ex
2924 2690 3033 2742 quo
3056 2676 3358 2746 deliquerat
3381 2679 3648 2744 Adamus,

2077 2777 2215 2832 eque
2247 2764 2502 2832 paradiso
2547 2762 2724 2818 fuerat
2769 2764 3088 2820 eliminatus
3118 2783 3132 2820 :
3163 2783 3337 2836 usque
3381 2769 3445 2823 ad
3497 2770 3642 2824 dilu-

2075 2855 2246 2920 vium,
2297 2855 2554 2910 tnontales
2601 2873 2794 2912 onmcs
2840 2859 3107 2913 mansisse
3146 2860 3200 2914 in
3233 2876 3296 2914 ea
3343 2871 3481 2914 terra
3524 2877 3644 2932 qua:

2077 2954 2229 3001 trans
2259 2943 2533 3001 Oceanum
2581 2947 2786 3001 circum
2821 2948 3132 3018 paradisum
3164 2950 3415 3004 exstabat
3459 2970 3472 3005 :
3508 2953 3645 3007 hanc

2076 3052 2205 3092 vero
2235 3054 2398 3107 quam
2435 3053 2534 3094 nos
2573 3038 2686 3108 jam
2730 3039 2995 3094 habemus
3028 3049 3228 3095 terram
3283 3041 3348 3095 ad
3382 3042 3434 3096 id
3472 3059 3646 3112 usque

2077 3138 2288 3200 tempus
2313 3146 2538 3185 vacuam
2573 3146 2799 3199 prorsus
2831 3131 3113 3185 hominum
3147 3132 3319 3188 fuisse
3346 3135 3643 3189 desertam-

2073 3238 2216 3292 que;
2255 3223 2485 3292 illosque
2529 3238 2722 3277 omnes
2769 3223 2972 3279 diluvio
3004 3224 3231 3279 obrutos
3265 3239 3484 3296 prapter
3518 3228 3640 3282 vitae

2073 3311 2437 3383 impuritatem
2463 3316 2711 3384 periisse,
2737 3330 2846 3370 uno
2866 3313 2981 3370 Noa
3005 3317 3121 3369 viro
3139 3317 3290 3386 justo
3313 3333 3436 3371 cum
3463 3318 3645 3373 tribus

2074 3404 2257 3459 liberis
2288 3413 2450 3474 atque
2489 3405 2813 3476 coniugibus
2849 3407 3163 3475 superstite,
3200 3419 3256 3461 ut
3289 3409 3486 3479 reliqui
3524 3416 3638 3463 tum

2074 3496 2275 3552 fuerint
2305 3498 2407 3553 soli
2441 3507 2562 3552 octo
2592 3499 2868 3554 mortales.
2901 3499 3168 3554 Caeterum
3237 3497 3403 3554 Noam
3450 3501 3647 3556 ccdros

2073 3589 2130 3644 in
2161 3589 2249 3643 illa
2285 3605 2407 3660 qua:
2440 3590 2580 3645 ultra
2615 3592 2889 3645 Oceanum
2923 3600 3007 3647 est
3035 3603 3177 3646 terra
3206 3593 3436 3656 sevisse,
3481 3603 3644 3662 atque

2072 3695 2138 3736 ex
2187 3681 2294 3736 illis
2343 3697 2524 3736 arcam
2563 3681 2673 3736 illic
2725 3683 3031 3748 struxisse;
3086 3699 3257 3752 eaque
3295 3693 3474 3739 vectos
3519 3695 3644 3739 octo

2073 3771 2199 3826 illos
2230 3773 2498 3837 homines,
2533 3790 2658 3827 cum
2690 3790 2719 3827 a
2747 3775 2953 3828 diluvio
2986 3776 3186 3829 servati
3220 3787 3421 3839 essent,
3455 3792 3517 3829 ex
3553 3777 3646 3830 illa

2073 3859 2311 3929 paradisi
2350 3862 2567 3931 regione
2612 3863 2664 3916 in
2697 3863 2837 3919 hanc
2869 3875 3111 3919 nostram
3149 3868 3459 3935 pervenisse
3491 3885 3502 3922 :
3536 3884 3642 3923 non

2074 3962 2255 4006 autem
2306 3952 2533 4020 pedibus
2583 3953 2752 4008 maris
2834 3954 3031 4007 vadum
3089 3957 3480 4013 transmisisse.
3539 3957 3642 4023 Qui

2075 4040 2215 4096 hanc
2261 4044 2585 4097 sententiam
2634 4051 2873 4106 tuentur,
2921 4041 3167 4112 Ephrann
3206 4059 3480 4102 auctorem
3532 4049 3647 4102 lau-

2072 4133 2245 4194 dant.
2313 4134 2406 4204 qui
2462 4135 2514 4188 in
2576 4135 2692 4190 suis
2748 4135 3170 4191 Commentariis
3236 4139 3316 4192 sic
3379 4141 3641 4209 scriptum

2073 4226 2293 4294 reliquit
2323 4242 2336 4280 :
2374 4244 2392 4278 ι
2424 4225 2486 4278 Ει
2513 4225 2674 4294 eiecit
2701 4241 2822 4279 eum
2849 4241 2912 4278 ex
2943 4241 3006 4280 eo
3035 4226 3644 4298 (paradisumintcllige)

2074 4317 2496 4386 assignavitque,
2538 4317 2639 4384 ipsi
2688 4331 2797 4370 non
2847 4316 3032 4384 procul
3083 4321 3151 4372 ab
3190 4334 3278 4371 eo.
3329 4317 3642 4388 Benignitas

2075 4417 2238 4480 atque
2269 4408 2440 4478 gratia
2480 4422 2678 4476 scopus
2707 4417 2790 4462 est
2822 4417 3116 4476 perpetuus
3154 4408 3298 4471 Deo;
3331 4409 3450 4475 eius
3477 4411 3638 4463 etiam

403 4521 462 4565 ut
493 4509 645 4565 illum
682 4507 904 4578 assequi
955 4506 1263 4576 possimus;
1305 4505 1349 4558 si
1398 4505 1463 4558 de
1508 4504 1625 4572 ipso
1663 4503 1964 4572 periculum
2002 4499 2045 4554 D
2075 4501 2151 4555 rei
2196 4499 2338 4568 apud
2395 4498 2596 4554 inferos
2651 4499 2876 4570 vestigia
2943 4508 3177 4554 exstant.
3238 4498 3640 4553 llahitationem

404 4603 581 4657 facere
621 4601 779 4661 velis,
830 4598 987 4653 facile
1032 4595 1329 4650 contuleris
1374 4611 1499 4651 cum
1545 4595 1750 4649 circulo
1781 4594 1966 4648 lunam

402 4694 708 4758 anibiente,
761 4700 926 4760 atque
977 4690 1047 4744 ita
1101 4688 1372 4742 intellectu
1429 4687 1907 4755 comprehenderis
1950 4701 1964 4738 :

406 4802 528 4840 nam
579 4786 649 4839 ita
701 4785 789 4838 ille
837 4793 892 4837 ct
939 4798 1090 4837 mare
1119 4791 1172 4836 et
1206 4791 1404 4834 terram
1460 4779 1598 4832 intra
1639 4793 1696 4832 se
1728 4777 1968 4848 comple-

400 4879 590 4933 ctitur.

983 4967 1208 5024 CAPUT
1250 4965 1390 5022 XIV.

474 5064 750 5128 Quomodo
791 5064 1091 5131 trajeceriut
1139 5060 1296 5128 primi
1339 5069 1579 5129 parentes
1619 5073 1685 5112 ea:
1731 5055 1970 5126 paradisi

401 5167 544 5208 terra
593 5171 644 5207 ιη
698 5153 829 5205 hanc
874 5164 1090 5206 (errant.
1145 5149 1214 5204 Et
1263 5149 1581 5203 habitaritne
1635 5146 1869 5200 Adamus
1918 5148 1970 5196 in

403 5247 611 5316 regione
643 5243 1149 5314 Hierosolymorum,
1197 5258 1390 5295 annon.
1427 5274 1493 5282 -
1521 5239 1748 5307 Quidam
1779 5253 1969 5292 eorum

402 5340 711 5400 doctorum,
761 5337 853 5407 qui
897 5347 1119 5391 censent
1161 5335 1468 5403 paradisum
1506 5334 1644 5386 ultra
1696 5331 1970 5385 Oceanum

402 5444 522 5484 csse
554 5429 814 5498 positum,
847 5426 1034 5482 dixere
1068 5427 1276 5497 primos
1313 5425 1560 5480 homines
1589 5438 1652 5478 ex
1692 5422 1778 5476 illa
1818 5437 1975 5492 para-

475 5606 520 5635 ³³
555 5604 570 5657 I
605 5601 799 5660 Thess.
831 5620 881 5669 ν,
921 5606 1006 5666 18.

482 5785 560 5849 (5)
593 5787 740 5842 Alias
773 5789 991 5840 exitum.

2077 4591 2301 4646 dederat
2347 4592 2448 4661 ipsi
2503 4591 2554 4644 in
2609 4593 2884 4660 paradiso,
2935 4592 3029 4648 sed
3085 4595 3468 4662 prmvaricatus
3511 4603 3637 4648 est:

2077 4700 2270 4738 rursus
2312 4699 2440 4752 ergo
2481 4684 2715 4738 extrusit
2764 4685 3039 4754 paradiso,
3084 4686 3176 4739 sed
3231 4685 3283 4738 in
3340 4687 3646 4756 propinquo

2077 4774 2384 4830 collocavit.
2449 4771 2555 4829 Sed
2584 4781 2638 4828 et
2691 4774 2779 4829 hic
2834 4775 3184 4846 perditissimi
3226 4776 3474 4832 homines
3514 4778 3648 4834 deli-

2078 4873 2338 4934 querunt,
2385 4874 2438 4918 et
2472 4863 2563 4934 qui
2592 4864 2748 4934 juxta
2779 4864 3091 4934 paradisqu
3129 4864 3457 4932 habitarent,
3510 4867 3648 4921 iudi-

2081 4957 2170 5024 gni
2200 4965 2491 5011 evaserunt
2523 4975 2534 5009 ε
2567 4971 2708 5009 arca:
2735 4955 2900 5026 igitur
2929 4956 3230 5026 imperavit,
3269 4972 3332 5010 ea
3370 4957 3422 5010 in
3453 4959 3646 5012 Arme-

2078 5049 2224 5103 niam
2259 5048 2380 5102 illos
2408 5048 2693 5119 portavit.»
2723 5033 2995 5104 [lactentis
3018 5048 3284 5118 Epitraem.
3317 5047 3449 5114 Quae
3492 5047 3534 5100 si
3566 5049 3645 5102 sic

2067 5125 2138 5196 se
2171 5141 2393 5204 habent,
2429 5155 2728 5210 verumque
2755 5150 2858 5202 est,
2891 5139 3019 5196 Δότε
3049 5141 3352 5196 Calvariam
3401 5142 3453 5194 iu
3478 5138 3642 5194 Jebus

2081 5234 2210 5303 (hoc
2238 5242 2336 5298 est,
2372 5231 2698 5301 Jerusalem)
2754 5233 3040 5302 sepultam,
3094 5244 3144 5286 et
3181 5230 3384 5286 Christi
3430 5245 3644 5285 crucem

2084 5327 2137 5377 in
2167 5340 2286 5377 eam
2319 5324 2548 5378 defixam
2585 5323 2754 5378 fuisse
2788 5333 3032 5378 :certum
3069 5337 3286 5392 quoque
3317 5322 3444 5386 erit,
3478 5320 3646 5376 Neam

2087 5424 2400 5485 asportasse
2433 5430 2557 5472 ossa
2593 5413 2790 5472 Adami
2828 5430 2894 5470 ex
2944 5413 3110 5468 altera
3148 5413 3237 5468 illa
3284 5422 3449 5476 terra,
3492 5429 3647 5468 eum-
