2044 3104
182 178 232 212 {Ol

757 185 805 215 DE
825 186 1025 218 PARADISO.
1045 199 1078 206 -
1099 187 1195 218 PARS
1217 188 1241 218 Ι.

1765 190 1816 222 502

183 237 326 273 regionem
353 238 379 265 in
400 246 482 273 quam
509 239 588 267 multi
613 246 798 268 conveneram
821 243 949 270 mortales
968 253 973 270 :
991 244 1013 273 Α
1030 252 1105 271 nere.
1125 244 1202 277 Quod
1219 233 1300 279 porro
1319 244 1422 271 nullam
1438 245 1495 279 ipsa
1512 244 1816 280 cognitionemMauro

182 290 295 319 Insuper
319 284 403 312 haece
423 285 505 312 etiarn
535 291 696 321 tempestate
719 287 834 321 plurima
857 295 922 316 sunt
947 290 974 316 in

182 330 249 357 orbe
277 330 338 358 locs
369 338 431 366 quae
461 339 550 367 neque
577 333 611 360 ab
638 333 795 361 hominibus
824 342 912 369 neque
942 336 975 362 ab

182 375 287 410 angelis
312 376 483 409 incoluntur,
502 378 617 411 plurima
636 378 698 406 item
717 380 804 407 maria
832 380 972 415 innaviga-

183 422 260 449 bilia.
278 421 402 458 Denique
419 428 481 458 post
501 425 732 452 resurrectionem
752 420 820 453 nihil
840 428 891 454 erit
908 435 977 461 opus

184 473 231 494 aut
257 469 325 501 sole,
350 473 397 496 aut
423 469 498 503 luna,
525 475 573 498 aut
598 471 684 499 stellis
708 474 826 505 caeteris,
849 474 889 501 vel
914 474 976 501 ullis

185 514 300 541 orrrnirro
329 515 537 548 animantibus.
564 517 758 551 serpentibus,
786 519 894 547 avibus.
924 519 977 546 Po-

185 563 292 586 stremo
309 566 371 594 post
387 562 617 590 resurrectionem
637 564 729 592 nullus
742 564 879 599 justorurn
898 574 977 593 mart-

184 612 268 632 surus
282 610 325 632 est
341 606 367 633 in
385 607 476 639 terris,
495 608 595 643 quippe
608 609 654 644 qui
674 618 757 645 supra
773 610 976 639 firmamentum

184 652 381 684 conscendent,
396 653 443 681 sed
461 654 510 681 soli
526 655 582 682 illic
595 656 787 691 relinquentur
801 662 827 684 et
842 660 977 687 moraturi

185 701 250 724 sunt
267 696 354 731 impii.
378 697 414 725 Ut
427 706 494 734 ergo
518 699 544 727 in
561 700 605 728 his
629 702 758 730 omnibus
773 710 835 730 cum
854 704 892 731 ita
916 711 978 733 sese

186 742 316 775 habeant,
340 743 409 771 nihil
425 745 575 773 absurdum
600 752 648 775 aut
669 748 889 782 dissentaneum,
910 752 977 779 nihil

188 788 314 816 mutilum
334 794 383 816 aut
400 790 479 818 hians
495 798 556 819 esse
569 792 687 821 dicimus
704 803 710 820 :
729 794 765 822 ita
784 803 873 831 neque
886 796 911 823 in
929 804 976 829 eo,

141 850 146 854 -
182 836 257 870 quod
273 836 419 869 paradisus
439 843 500 872 post
524 841 754 868 resurrectionem
771 843 854 871 nttllis
881 844 977 871 usibus

184 881 306 913 serviet,
332 882 484 917 quidquam
510 884 634 913 deforme
657 893 706 914 aut
733 888 856 917 lriulcrrm
887 890 978 918 inesse

185 930 326 956 statueris.
345 929 459 965 Insuper
479 939 556 965 reges
578 940 650 968 saepe
676 935 803 963 maximis
823 937 978 971 sumptibus

186 981 286 1008 magna
305 980 436 1003 extruunt
461 977 588 1011 aedilicia,
602 987 663 1014 quae
679 986 827 1016 postquam
854 983 977 1018 ipsorum

185 1021 249 1049 usui
268 1021 356 1049 fecere
383 1023 464 1056 satis,
489 1032 575 1052 vacua
603 1026 702 1054 deinde
726 1028 930 1063 relinquuntur,
952 1035 979 1058 et

186 1072 276 1094 tamen
312 1069 424 1096 minime
460 1075 580 1104 temere,
616 1077 663 1099 attt
695 1073 898 1102 inconsiderate
935 1076 979 1103 illa

185 1118 291 1142 structa
317 1115 511 1143 existimantur
525 1125 532 1144 :
548 1118 611 1151 quis
629 1119 710 1153 igitur
722 1119 806 1148 Deum
823 1121 979 1156 prudentis-

187 1161 290 1187 simum
314 1169 405 1188 rerum
425 1162 641 1197 dispensatorem
668 1166 910 1197 incorrsiderantim
934 1178 981 1197 ar-

187 1210 262 1240 guat,
279 1207 325 1241 qui
341 1215 403 1235 cum
417 1209 575 1242 paradisum
589 1212 757 1242 condidisset
769 1215 865 1243 Adami
880 1217 979 1250 gratia,

189 1260 308 1287 eumque
338 1254 363 1280 in
397 1253 444 1280 illo
477 1255 659 1290 collocasset,
688 1264 717 1287 ιιι
750 1268 811 1287 cum
843 1262 982 1296 voluptate

190 1299 313 1332 haberet,
332 1304 487 1334 peccantem
505 1301 569 1330 inde
594 1304 687 1339 ejecit,
706 1313 880 1342 vacuumque
903 1307 982 1335 illum

189 1346 318 1381 reliquit?

482 1398 598 1427 CAPUT
618 1398 690 1425 XIX.

225 1440 385 1475 Cujusmodi
411 1445 492 1479 fuerit
528 1447 608 1472 arbor
632 1447 749 1474 scientia:
773 1447 834 1474 boni
864 1454 888 1475 et
908 1450 982 1483 muli,

188 1495 269 1521 quam
300 1489 480 1518 interdixerat
505 1492 606 1519 Artamo
629 1492 710 1525 Deus,
736 1499 759 1519 ct
775 1503 833 1529 qua:
855 1495 888 1522 sit
914 1497 984 1522 ratio

189 1534 247 1568 ejus
264 1537 390 1564 nominis.
407 1554 441 1558 —
457 1538 558 1566 Beatus
573 1539 662 1566 Mosrs
683 1540 771 1574 primo
789 1541 859 1568 libro
874 1542 984 1576 scripsit

1028 289 1142 320 dederit,
1156 295 1260 317 certum
1279 294 1330 322 est,
1347 290 1570 325 quandoquidem
1585 290 1629 317 ille
1646 290 1746 325 alioqui
1760 292 1815 325 jam

1027 340 1090 363 ante
1108 335 1198 363 fuerat
1209 336 1322 363 scientia
1336 337 1400 364 boni
1417 337 1536 371 malique
1550 341 1663 364 ornatus
1678 346 1683 362 :
1705 344 1818 370 compn-

1028 382 1096 409 situs
1130 383 1202 409 enim
1233 387 1292 410 erat
1318 390 1349 410 ex
1380 384 1471 410 anima
1502 383 1627 410 rationali
1662 391 1723 418 quas
1755 383 1817 410 boui

1029 429 1147 463 malique
1170 428 1274 462 judicio
1294 428 1386 463 pollet.
1405 429 1445 455 Ad
1471 429 1533 459 hoc.
1563 429 1605 456 lex
1632 429 1817 462 imperabatur

1028 475 1145 506 Adamo,
1166 475 1255 510 qualis
1282 482 1336 502 non
1363 476 1414 503 nisi
1441 476 1475 503 iis
1497 476 1542 511 qui
1565 475 1637 503 inter
1662 476 1764 503 bonunr
1793 480 1821 503 rt

1029 521 1130 548 nralurrt
1156 527 1255 549 norunt
1278 521 1438 553 discrimen,
1466 527 1540 549 recte
1566 522 1716 557 imponitur
1734 531 1740 549 :
1757 529 1819 548 nam

1029 567 1130 602 alioqui
1147 567 1231 602 (quod
1257 568 1355 604 absit!)
1382 568 1525 596 habuisset
1548 568 1592 595 ille
1610 569 1683 603 quod
1708 569 1740 595 de
1764 569 1820 595 Deo

1029 619 1202 648 quereretur,
1230 614 1278 648 qui
1303 614 1388 649 legent
1414 614 1466 641 sibi
1490 615 1580 641 omnis
1597 615 1817 649 prorsusjudicii

1029 661 1133 696 experti
1174 661 1396 696 perscripsisset.
1436 661 1551 696 Insuper
1590 662 1641 688 nisi
1674 661 1819 688 illiusmodi

1029 707 1142 735 scientia
1166 707 1222 742 jam
1250 714 1306 734 tum
1326 706 1425 735 fuisset
1447 708 1569 735 irubutus
1590 708 1685 738 Adam,
1702 708 1747 742 qui
1771 716 1820 742 po-

1030 754 1128 781 luisset
1145 754 1256 781 nomina
1272 754 1460 781 animantibus
1479 754 1590 780 indere?
1610 754 1656 788 qui
1671 762 1821 789 agnoscere

1030 799 1113 827 Evam
1134 808 1246 827 uxorem
1263 808 1353 831 suam,
1370 804 1452 835 atque
1468 799 1501 826 de
1514 807 1545 826 ea
1565 800 1655 827 dicere
1671 809 1677 827 :
1696 799 1754 826 Hoc
1763 800 1823 834 jam

1030 855 1059 873 os
1077 855 1109 873 ea:
1127 846 1231 874 ossibus
1254 847 1328 878 meis,
1345 851 1369 874 ει
1398 854 1460 873 cura
1482 846 1513 873 de
1538 854 1617 872 carne
1645 854 1702 872 mea
1715 846 1748 878 “,
1766 852 1820 872 etc.

1031 892 1153 928 Denique
1183 893 1335 921 divinitatis
1364 893 1502 920 desiderio
1531 893 1693 926 tangebatur
1725 893 1822 923 Adam,

1032 945 1113 973 atque
1149 939 1209 974 ejus
1242 940 1425 975 adipiscendm
1462 949 1544 968 causa
1574 941 1607 968 de
1642 941 1739 967 arbore
1777 941 1823 967 illa

1032 986 1161 1020 gustabat
1194 995 1201 1013 :
1229 994 1315 1021 quare
1353 994 1496 1014 necessum
1531 991 1572 1014 est
1603 987 1666 1014 boui
1703 986 1823 1021 malique

1031 1032 1214 1066 cognitionem
1243 1032 1269 1058 in
1298 1032 1357 1067 ipso
1384 1031 1478 1063 fuisse.
1499 1033 1545 1067 qni
1572 1032 1725 1059 divinitatis
1748 1041 1824 1067 pne—

1032 1079 1159 1106 slautiam
1178 1078 1396 1113 dignitatemque
1414 1079 1594 1113 intelligebat,
1619 1087 1733 1113 eamque
1757 1079 1824 1106 affe-

1032 1124 1132 1151 ctabat.
1156 1123 1270 1158 Insuper
1297 1124 1450 1151 considerat
1472 1125 1561 1159 ipsum
1581 1123 1650 1151 Deus
1674 1124 1705 1151 ad
1727 1123 1824 1158 imagi-

1033 1178 1094 1197 nem
1126 1170 1390 1205 siruilitudineruque
1416 1178 1514 1202 suam,
1553 1176 1580 1198 et
1611 1171 1733 1197 ornrriutn
1764 1179 1825 1205 qua:

1033 1217 1167 1248 viverent,
1189 1217 1428 1244 absolutissimum
1454 1216 1568 1244 fecerat.
1593 1217 1658 1244 [Tum
1688 1225 1751 1244 vero
1777 1218 1823 1250 qui

1036 1262 1098 1289 talis
1121 1270 1134 1288 a
1159 1262 1212 1289 Deo
1236 1263 1325 1289 fuerat
1351 1263 1492 1294 ('omlilus,
1517 1263 1580 1296 quis
1607 1267 1694 1297 neget,
1722 1262 1825 1295 judicio

1035 1308 1097 1342 (Iroc
1113 1312 1166 1339 cst,
1181 1308 1244 1334 boni
1260 1308 1378 1342 malique
1398 1309 1565 1343 cognitione)
1582 1309 1704 1335 dolatum
1724 1308 1826 1335 inisse?

1035 1354 1102 1381 Nam
1114 1354 1187 1388 quod
1203 1354 1404 1381 cacodzenronis
1422 1354 1471 1381 fuit
1487 1353 1582 1381 fraude
1607 1354 1745 1381 seductus.
1771 1362 1825 1380 non

1036 1400 1100 1428 boni
1129 1400 1250 1434 malique
1276 1401 1449 1435 iguoratiorre
1470 1400 1580 1431 th‘ttil;
1612 1400 1658 1427 scd
1685 1399 1747 1433 quia
1770 1408 1827 1426 sua:

1037 1448 1102 1482 ipsa:
1133 1446 1288 1481 cupiditati,
1319 1446 1464 1481 pellectus,
1494 1445 1617 1473 induISit.
1647 1445 1714 1472 Nam
1744 1446 1825 1471 etiam

1037 1500 1109 1519 nunc
1120 1491 1167 1526 qui
1182 1497 1306 1527 peccant,
1322 1498 1496 1526 nequaquam
1511 1495 1540 1517 ut
1556 1490 1645 1517 onruis
1662 1489 1828 1524 cognitionis

1037 1538 1114 1565 vacui
1140 1542 1267 1573 peccant,
1286 1545 1336 1564 cur
1368 1536 1440 1564 enim
1466 1536 1534 1563 tales
1561 1536 1828 1563 condemnarentur?

191 1581 218 1607 ill
248 1582 319 1610 hanc
346 1585 511 1612 sententiain
529 1593 535 1612 :
555 1585 588 1612 Et
618 1587 741 1620 pra'repil
765 1587 891 1614 Dominus
915 1588 1019 1619 DeusC
1038 1583 1083 1611 sed
1108 1591 1122 1610 a
1149 1590 1200 1610 suo
1218 1582 1341 1617 ipsorum
1360 1581 1458 1609 affectu
1484 1582 1662 1609 scducuntur.
1684 1580 1828 1608 Postremo

191 1626 268 1658 Λάαν,
288 1628 407 1663 dixitque
425 1630 472 1656 ei:
491 1629 528 1656 De
550 1631 671 1657 omnibus
696 1631 836 1659 arboribus
861 1633 983 1668 paradisi

192 1673 294 1700 rdemlo
308 1674 368 1702 cdes
386 1683 394 1702 :
411 1683 436 1701 at
453 1677 484 1702 tle
502 1676 595 1703 arbore
619 1678 737 1705 scientia:
752 1678 811 1705 boni
825 1684 849 1706 et
874 1680 938 1706 ntali
954 1689 985 1707 uc

191 1720 255 1747 eda:
269 1727 279 1747 :
294 1729 356 1747 nam
373 1730 425 1756 quo
444 1722 486 1748 die
502 1723 534 1749 de
549 1723 599 1749 hac
618 1724 689 1756 edes,
707 1730 818 1750 mortem
837 1731 938 1759 appetes
951 1726 983 1753 ³³.

192 1766 226 1794 Et
256 1768 337 1802 paulo
368 1774 428 1802 post
452 1778 459 1795 ε
485 1769 517 1796 Et
546 1771 645 1804 accepit
672 1771 769 1797 mulier
797 1771 828 1798 de
854 1772 985 1805 fructibus

191 1813 309 1846 arboris,
322 1815 435 1849 editque,
452 1823 483 1841 ac
495 1816 566 1842 dedit
582 1817 662 1842 etiam
684 1817 739 1843 viro
756 1825 815 1848 suo,
831 1818 876 1851 qui
892 1823 915 1844 et
932 1818 986 1852 ipse

193 1859 250 1886 edit
263 1860 297 1887 ".
324 1861 374 1887 Hic
399 1861 448 1888 tria
468 1870 495 1888 se
515 1861 632 1888 offerunt
648 1862 840 1897 disqttirenda,
867 1871 985 1898 quorum

195 1906 315 1939 prinruur
339 1913 392 1940 CSI,
415 1915 462 1934 cur
486 1908 569 1935 arbor
585 1908 630 1935 illa
656 1909 794 1944 appellata
809 1909 845 1936 sit
862 1910 987 1937 scientire

196 1951 261 1978 boui
287 1957 313 1978 et
341 1953 425 1984 ntali;
447 1954 574 1987 alterutri,
592 1954 657 1989 quid
686 1954 721 1981 sit
747 1954 860 1985 bonum,
879 1959 906 1982 et
923 1955 987 1990 quid

197 1998 320 2030 malum;
343 1999 464 2030 tertium,
493 2000 570 2034 cujus
593 2000 700 2034 generis
722 2000 804 2028 fuerit
823 2001 868 2027 illa
896 2002 987 2029 arbor.

195 2042 281 2076 Igitur
296 2045 368 2078 quod
389 2045 419 2070 ad
448 2046 566 2079 pritnunr
588 2046 697 2078 attinet,
714 2046 767 2073 Itoc
788 2052 840 2079 est,
864 2048 988 2075 vocabuli

198 2090 347 2122 rationem,
364 2090 484 2118 dicimus
509 2092 623 2119 minime
639 2093 801 2128 appellatam
824 2101 885 2121 esse
908 2094 988 2121 arbo-

199 2144 256 2163 rem
275 2137 398 2164 sr-ientia:
417 2139 480 2165 boui
492 2143 519 2165 et
535 2139 611 2171 ntali,
627 2140 699 2174 quod
717 2140 774 2175 ipsa
793 2146 865 2168 esset
878 2141 989 2176 prcedita

198 2183 356 2217 cognitione
391 2191 445 2218 qua
474 2184 544 2211 inter
576 2185 677 2212 bonum
707 2191 735 2213 et
769 2187 870 2213 malum
898 2195 991 2222 posset

200 2228 363 2263 dijudicare,
378 2238 466 2264 neque
484 2233 565 2258 etiam
585 2231 655 2266 quod
680 2232 739 2266 ipsa
759 2233 819 2267 ejus
837 2233 874 2260 rei
901 2234 989 2260 scien-

202 2262 265 2300 tiam
285 2274 312 2301 in
329 2262 464 2302 Adatuum
492 2262 649 2303 contulerit.
676 2262 742 2303 Nam
770 2262 916 2305 illiusmodi
946 2286 990 2305 co-
1007 2262 1028 2291 ο

200 2321 333 2355 gnilionis
362 2326 500 2356 expertem
532 2323 641 2357 penitus
673 2322 757 2350 fuisse
792 2324 918 2351 arborem
950 2325 990 2352 vel

198 2367 263 2394 Irim:
288 2367 435 2402 intelligas,
464 2369 536 2402 quod
564 2377 597 2396 ne
621 2369 701 2396 bruta
726 2370 835 2403 quidem
865 2371 991 2405 (necdum

199 2413 342 2449 rationali)
377 2414 468 2440 atrirna
495 2414 577 2441 fuerit
605 2415 718 2449 praedita
735 2424 741 2442 :
760 2424 822 2442 natu
852 2416 874 2443 si
900 2417 992 2448 bruta,

201 2460 344 2486 ruactauda
376 2460 496 2495 primum
526 2460 626 2488 fuisset
653 2466 683 2489 ut
708 2469 804 2489 caetera
833 2462 994 2496 animantia,

200 2511 349 2541 antequam
369 2510 401 2534 de
420 2516 449 2534 ea
470 2511 623 2542 potuissent
648 2509 729 2537 edere
751 2509 829 2544 primi
848 2514 992 2547 parentes:

203 2552 332 2580 rationali
351 2562 417 2582 vero
441 2556 555 2583 omnino
581 2557 705 2583 caruisse
731 2556 915 2582 errtis>imurn
942 2561 992 2585 est,

202 2605 265 2625 cum
298 2600 372 2626 nulla
402 2600 530 2628 facultate
557 2602 639 2629 rebus
675 2609 724 2636 pro
756 2602 870 2629 atbttrio
900 2603 993 2628 ulrttdi

202 2646 296 2674 dotata
320 2647 415 2680 fuerit,
441 2657 529 2683 neqtte
557 2650 675 2684 aliquam
702 2658 715 2675 a
736 2650 884 2677 (Zorrditore
908 2649 992 2683 legem

205 2693 350 2726 acceperit,
378 2695 486 2728 qualeur
515 2694 547 2728 iis
571 2695 615 2722 ille
644 2696 775 2729 imposuit
801 2699 860 2731 (μω
889 2695 995 2723 ratione

205 2738 329 2766 donarit.
346 2739 436 2773 Quare
451 2741 473 2768 si
490 2749 538 2777 per
553 2746 676 2768 neutram
692 2742 825 2768 dicturum
838 2741 992 2769 animarum

202 2784 311 2811 vivebat
331 2785 413 2812 arbor
425 2786 482 2817 illa,
500 2786 637 2821 colligitur
652 2793 740 2821 neque
762 2784 904 2813 scientimr
922 2785 946 2813 in
965 2794 995 2813 se

203 2830 290 2858 ullam
310 2831 438 2859 habuisse
459 2840 513 2867 qua
529 2832 630 2859 bonum
657 2834 748 2868 posset
772 2841 786 2859 a
805 2832 876 2860 rualo
891 2832 993 2860 discu-

244 2920 266 2936 ”
280 2921 349 2950 ch.
368 2929 396 2955 rt,
422 2922 462 2955 l6,
484 2923 525 2950 l7.
566 2923 587 2938 "
601 2923 667 2951 Gt'n.
687 2928 727 2955 tu,
743 2922 770 2950 ti.
809 2921 911 2949 “Gen.
930 2929 959 2954 ιι,
975 2924 1003 2953 9..
1019 2923 1064 2951 :25,
1104 2921 1126 2937 ⁵⁷
1139 2920 1216 2949 Deut.
1234 2928 1270 2951 vt,
1287 2920 1313 2948 5.

1039 1629 1095 1655 ﬁeri
1119 1636 1174 1655 non
1192 1628 1279 1663 potuit
1303 1632 1332 1655 ut
1356 1628 1437 1654 arbor
1462 1635 1495 1654 eo
1517 1627 1652 1654 Adamuur
1682 1628 1826 1659 imbueret,

1037 1682 1092 1709 quo
1108 1675 1167 1710 ipsa
1184 1675 1303 1701 carebat.
1320 1674 1463 1701 Periicitur
1483 1682 1547 1708 ergo
1564 1682 1596 1702 ex
1614 1675 1646 1701 iis
1662 1683 1721 1708 qua!
1739 1674 1828 1701 adhuc

1037 1720 1109 1748 dicta
1124 1726 1199 1753 sunt,
1216 1729 1269 1748 non
1283 1721 1345 1748 ideo
1362 1721 1489 1748 arborem
1508 1720 1629 1748 scientia:
1645 1721 1707 1747 b0ui
1724 1725 1749 1747 et
1766 1720 1828 1747 utsi

1038 1772 1160 1796 vocatam
1187 1776 1259 1799 esse,
1284 1767 1356 1802 quod
1374 1767 1415 1794 vel
1439 1768 1522 1794 ullatn
1546 1768 1605 1802 ipsa
1631 1767 1694 1793 boni
1721 1775 1734 1793 a
1758 1767 1829 1793 Irtaiu

1038 1814 1224 1849 distinguendi
1239 1815 1366 1849 peritiam
1392 1813 1538 1846 habuerit;
1566 1814 1607 1840 vel
1624 1814 1728 1840 Adaruo
1750 1813 1783 1839 de
1800 1820 1830 1839 se

1038 1860 1127 1887 edenti
1160 1861 1302 1888 scientiam
1326 1861 1461 1896 ejusmodi
1489 1859 1749 1887 θειτοιιιηιοιίιιιριιίι.
1776 1860 1829 1886 Sed

1039 1913 1089 1933 cur
1112 1905 1220 1932 dctnurn
1254 1905 1279 1932 id
1310 1905 1428 1932 nominis
1458 1906 1553 1932 sortita
1584 1904 1619 1931 sit
1648 1905 1828 1940 priusquam

1039 1952 1237 1987 expediamus,
1263 1952 1408 1979 dicendum
1437 1957 1504 1984 est;
1522 1952 1587 1987 quid
1615 1952 1689 1985 boni,
1710 1953 1831 1988 quidque

1041 1999 1103 2026 ntali
1129 1998 1269 2025 vocabulis
1296 1998 1332 2025 sit
1358 1997 1574 2031 intelligendum.
1603 1997 1706 2025 Bonum
1734 1998 1830 2032 igitur.

1041 2049 1082 2072 cst
1111 2044 1168 2080 ipsa
1199 2043 1374 2076 obedientia;
1409 2043 1509 2069 malutn
1541 2050 1625 2075 vero,
1661 2045 1830 2070 contrarium

1042 2091 1203 2119 obedientia:
1235 2090 1348 2121 vitium,
1382 2089 1503 2116 rebellio.
1541 2087 1608 2115 Nam
1646 2089 1831 2117 obedientiam

1043 2138 1144 2165 bonum
1174 2145 1233 2164 esse
1262 2136 1411 2164 ostendunt
1435 2136 1479 2161 illa
1513 2135 1580 2169 lrgis
1608 2135 1688 2161 verba
1717 2145 1723 2162 :
1749 2135 1832 2170 Dilige

1043 2185 1184 2211 Dominum
1211 2183 1293 2210 Deum
1316 2183 1445 2215 tuum";
1476 2191 1508 2209 cx
1532 2190 1624 2209 arnore
1648 2182 1721 2209 cniru
1752 2187 1834 2216 atque

1043 2231 1175 2259 cltaritate
1206 2230 1359 2257 obedientia
1392 2230 1522 2257 nascitur.
1561 2229 1607 2257 Est
1629 2229 1710 2264 igitur
1731 2230 1832 2256 bonum

1043 2275 1210 2303 obedientia.
1230 2275 1337 2303 Rursus
1357 2276 1458 2302 malum
1482 2284 1543 2303 esse
1569 2276 1743 2303 rebetlioucnr
1769 2283 1833 2311 pro-

1045 2324 1108 2350 bant
1126 2322 1170 2349 illa
1187 2322 1232 2349 Dei
1248 2323 1329 2349 verba
1348 2331 1354 2349 :
1374 2322 1431 2348 Duo
1445 2322 1515 2348 ηιαιιι
1532 2322 1592 2357 fecit
1605 2322 1717 2357 populus
1739 2331 1833 2354 mtus;

1047 2377 1086 2395 me
1111 2369 1328 2403 dereliquerunl,
1357 2368 1456 2403 [autem
1475 2376 1551 2400 aqua'
1572 2369 1654 2401 rit‘w,
1678 2373 1701 2395 et
1724 2369 1837 2403 profecti

1046 2413 1168 2447 fuderunt
1203 2413 1253 2439 sibi
1283 2413 1367 2447 [‘ussus
1400 2414 1526 2448 e/I'ructas
1559 2422 1618 2449 qua:
1642 2422 1693 2440 non
1727 2419 1836 2448 possunt

1047 2463 1181 2489 continere
1204 2463 1230 2488 in
1248 2470 1275 2489 se
1289 2471 1372 2497 aquas
1386 2462 1418 2490 ³³,
1439 2462 1498 2489 Jam
1518 2470 1583 2489 vero
1606 2462 1734 2493 dicimus,
1753 2463 1836 2488 arbo-

1050 2516 1106 2535 rctu
1127 2508 1249 2536 scientia:
1264 2508 1327 2535 horti
1344 2514 1370 2535 et
1395 2509 1458 2535 ntali
1477 2508 1550 2535 illanr
1575 2516 1637 2535 esse
1662 2508 1836 2543 appellatalii,

1048 2554 1111 2589 quia
1141 2562 1189 2588 per
1222 2562 1293 2587 eam,
1320 2555 1409 2589 reipsa
1443 2554 1516 2582 facto
1548 2555 1682 2589 periculo,
1714 2554 1834 2582 Adamus

1049 2600 1159 2634 agnovit
1185 2600 1287 2626 bonum
1316 2604 1343 2626 ct
1368 2600 1483 2627 malum.
1507 2600 1542 2627 At
1567 2601 1639 2628 enim
1666 2600 1751 2630 dices,
1774 2599 1837 2627 hinc

1049 2645 1154 2680 colligi.
1172 2646 1306 2673 Adarnutn
1334 2645 1420 2673 fuisse
1448 2647 1599 2673 cariturum
1631 2646 1693 2673 boui
1726 2650 1751 2672 rt
1774 2647 1837 2673 nrali

1048 2690 1227 2725 cognitione,
1255 2690 1308 2717 nisi
1333 2690 1366 2717 de
1398 2691 1444 2718 illa
1473 2691 1570 2719 arbore
1604 2696 1750 2726 gustasset.
1786 2691 1837 2719 Sed

1048 2737 1257 2773 respondemus,
1281 2737 1395 2765 scivisse
1412 2738 1523 2773 quidem
1547 2738 1681 2764 Adaruum
1708 2738 1838 2766 obedien-

1048 2784 1112 2811 tiam
1134 2783 1236 2811 bouutu
1259 2791 1330 2816 esse,
1348 2789 1375 2811 et
1399 2783 1573 2810 rebellionem
1600 2784 1715 2816 malum,
1740 2791 1769 2812 ut
1792 2785 1839 2820 qui

1050 2834 1123 2858 esset
1147 2830 1180 2857 ad
1212 2829 1257 2857 Dei
1280 2830 1491 2859 similitudinem
1517 2830 1655 2862 conditus,
1683 2836 1709 2858 ct
1735 2833 1840 2858 ratione.

1373 2920 1393 2936 ³⁸
1408 2920 1509 2948 Jcrcm.
1529 2928 1546 2947 ll
1581 2920 1622 2947 I5.
