4088 6208
372 376 483 439 505

1504 376 1601 437 DE
1644 377 2040 438 PARADISO.
2085 402 2147 412 --
2194 378 2388 438 PARS
2428 379 2475 436 ῐ.

3522 384 3633 445 506

372 494 546 549 solam
602 489 690 545 hic
752 489 986 559 spectari
1049 488 1412 545 obedientiam
1471 500 1525 545 et
1573 491 1946 545 rebellionem.
1980 496 2023 550 Α
2056 489 2228 544 thales
2294 489 2472 545 solent
2528 490 2836 547 interimere
2880 506 2977 547 eos
3017 492 3272 563 aquibus
3316 508 3577 552 vorantur
3617 517 3630 553 :

371 584 536 641 Verbi
570 597 733 637 causa
767 600 781 636 :
820 581 937 636 Divi
982 582 1271 637 Machabzei
1308 596 1432 637 cum
1459 597 1487 636 a
1514 583 1734 651 porcina
1777 597 1940 637 carne

370 691 499 732 sese
537 674 895 739 abstinerent,
920 688 1153 742 eamque
1199 674 1269 728 ob
1300 689 1411 727 rem
1463 673 1693 743 plurima
1738 674 1938 727 tulera-

368 775 492 821 reut
518 767 682 832 mala,
715 781 821 819 non
877 766 1048 835 ipsam
1086 767 1405 835 spectabant
1450 767 1662 821 suillam
1693 782 1936 825 carnem.

365 872 539 925 eaque
583 871 681 911 ceu
714 857 803 909 vili
852 865 905 911 et
963 860 1354 927 cnntetnptibili
1394 859 1519 913 cibo
1552 858 1935 911 abstinebant:

366 950 461 1007 sed
512 949 757 1003 divinum
800 950 1090 1003 versabant
1148 952 1331 1003 animo
1400 960 1750 1020 praeceptum,
1793 949 1936 1019 quod

366 1040 548 1097 modis
575 1040 829 1093 omnibus
854 1039 954 1092 sibi
990 1038 1410 1101 observandum,
1445 1056 1619 1109 neque
1644 1040 1755 1095 ullo
1782 1049 1937 1109 pacto

367 1131 782 1187 transiliendum
818 1131 1129 1185 statuebant
1159 1129 1223 1185 “.
1259 1132 1322 1185 Et
1355 1142 1626 1203 martyres
1667 1144 1935 1188 tormenta

366 1225 597 1294 p‘urima
633 1232 759 1278 sunt
805 1223 1044 1291 perpessi
1075 1222 1204 1291 quia
1234 1224 1301 1277 de
1340 1224 1531 1280 hostiis
1566 1224 1794 1278 deorum
1837 1241 1938 1294 gu-

367 1327 511 1372 stare
561 1316 921 1381 recusabant;
976 1332 1080 1369 non
1118 1319 1261 1385 quod
1314 1317 1419 1370 cibi
1470 1318 1619 1373 illius
1672 1320 1934 1372 rationem

367 1409 627 1464 haberent
663 1408 755 1474 qui
787 1423 852 1463 ex
882 1409 1120 1464 victimis
1160 1410 1476 1479 parabatur,
1506 1413 1597 1464 sed
1625 1426 1692 1465 ne
1730 1427 1824 1463 sua
1855 1412 1937 1480 ip-

366 1516 552 1555 sorum
605 1503 869 1557 adversus
928 1502 1094 1557 Deum
1154 1503 1486 1558 conscientia
1536 1504 1933 1573 polluerentur.

368 1595 459 1648 Sic
480 1594 637 1647 divus
663 1594 864 1649 Paulus
900 1595 1166 1664 permittit
1194 1595 1350 1649 nobis
1378 1606 1435 1648 ut
1466 1597 1599 1649 cibis
1635 1596 1786 1649 nullo
1811 1610 1933 1649 eum

368 1686 684 1741 discrimine
740 1701 1058 1752 vescamur,
1103 1688 1370 1757 tantisper
1409 1688 1537 1741 dum
1592 1690 1781 1755 quales
1829 1688 1938 1742 sint

366 1779 713 1848 ignoramus;
765 1794 951 1832 verum
984 1780 1238 1834 conscios
1258 1779 1410 1849 jubet
1439 1781 1740 1840 abstinuere.
1773 1780 1935 1834 uimi-

2048 582 2151 637 snli
2183 581 2285 645 illi,
2327 584 2404 635 \‘el
2438 592 2550 637 tum
2583 598 2706 637 cum
2741 585 3119 648 vescebantur,
3154 586 3233 639 vel
3265 596 3387 654 post
3414 592 3628 657 oppeti-

2045 676 2255 729 vissent
2298 682 2551 729 mortem.
2588 673 2773 744 Neque
2829 692 3019 731 rursus
3075 677 3147 731 ob
3190 677 3359 731 solam
3394 680 3618 734 rebellio

2046 784 2171 822 nem
2210 769 2335 824 illos
2365 779 2591 822 mortem
2618 771 2911 824 incurrisse
2943 788 2957 825 :
2988 772 3426 841 quandoquidem
3463 771 3631 828 David

2048 860 2228 915 tribus
2286 861 2462 915 modis
2531 862 2936 929 przevaricatus,
2980 877 3076 932 per
3126 862 3476 928 adulterium,
3529 878 3630 932 per

2046 950 2205 1014 iram,
2238 967 2331 1019 per
2363 953 2739 1014 homicidium.
2776 969 2880 1008 non
2927 965 3105 1008 tamen
3135 955 3353 1022 punitus
3383 962 3487 1018 est,
3535 953 3631 1009 sed

2044 1042 2366 1095 delictorum
2412 1046 2639 1109 gratiam
2670 1059 2699 1093 a
2740 1041 2849 1095 Deo
2885 1052 3214 1099 consecutus
3247 1062 3260 1097 :
3304 1059 3494 1098 verum
3547 1044 3633 1098 die

2044 1133 2286 1187 vinitatis
2319 1132 2715 1187 aﬂectationem
2754 1133 2923 1189 fuisse
2962 1134 3071 1188 illis
3118 1150 3339 1190 causam
3397 1135 3629 1191 mortis.

2045 1222 2217 1279 Simul
2263 1232 2427 1293 atque
2468 1224 2611 1277 enim
2650 1224 2893 1294 (inquit)
2920 1225 2985 1279 ad
3027 1225 3191 1280 Evam
3242 1226 3471 1281 dixisset
3508 1241 3632 1281 serv

2044 1330 2178 1384 pens
2209 1332 2223 1367 :
2259 1314 2424 1369 Erilis
2462 1316 2597 1368 sicut
2621 1316 2718 1377 dii,
2754 1318 2973 1370 scientes
2997 1316 3119 1370 boni
3146 1327 3195 1371 et
3228 1319 3357 1371 mali
3381 1319 3448 1382 ⁸³,
3481 1319 3526 1372 si
3559 1318 3625 1372 de

2043 1406 2130 1461 illa
2154 1410 2349 1462 arbore
2372 1408 2735 1474 gustaveritis,
2788 1410 3049 1478 evestigio
3097 1410 3209 1476 illa,
3236 1412 3469 1465 maxima
3496 1426 3623 1464 cum

2042 1498 2320 1562 aviditate,
2351 1511 2572 1567 accepto
2619 1498 2796 1554 lructu
2849 1502 3211 1557 vescebatur:
3241 1518 3411 1571 quare
3437 1503 3623 1557 existi-

2044 1589 2298 1643 mandum
2341 1605 2444 1643 non
2474 1600 2579 1655 est,
2613 1592 2717 1645 cibi
2754 1591 2902 1647 illius
2966 1608 3159 1662 sapore
3191 1593 3423 1648 illectam
3458 1592 3621 1646 Evam

2046 1680 2278 1735 violasse
2306 1680 2592 1748 imperium
2640 1681 2755 1742 Dei.
2786 1682 2879 1737 sed
2911 1684 3055 1752 quod
3093 1693 3336 1753 speraret
3380 1700 3437 1739 sc
3461 1685 3620 1738 deam

2045 1770 2183 1829 lore.
2210 1771 2667 1841 divinitatemque
2721 1773 3022 1838 ali‘ectaret,
3054 1786 3108 1829 et
3152 1776 3325 1846 ipsam
3365 1777 3545 1832 edisse
3570 1783 3625 1829 et

368 1886 487 1923 rum
520 1871 646 1938 quia
685 1882 792 1924 non
817 1870 870 1923 in
913 1871 1043 1937 ipsis
1086 1870 1242 1936 cibis,
1282 1871 1374 1925 sed
1416 1870 1470 1924 in
1501 1886 1690 1926 eorum
1730 1872 1823 1942 qui
1856 1870 1936 1925 his

2047 1863 2163 1917 viro
2209 1862 2541 1929 porrexisse.
2588 1862 2692 1918 Sed
2745 1881 2922 1934 neque
2969 1866 3239 1922 Adamum
3297 1877 3391 1922 aut
3444 1866 3621 1922 fructu

367 1969 666 2013 vescuntur
693 1961 1063 2025 conscientia,
1093 1977 1181 2016 res
1205 1960 1307 2016 sita
1340 1970 1422 2016 est
1448 1962 1515 2016 ".
1549 1961 1739 2031 Itaque
1770 1963 1939 2016 Adam

363 2067 475 2106 non
507 2067 572 2105 ex
610 2052 824 2107 arboris
852 2052 920 2105 de
978 2068 1084 2121 qua
1129 2054 1368 2122 gustavit
1401 2054 1577 2121 pretio
1613 2054 1943 2124 dignitateve

363 2144 583 2214 agnovit
612 2142 868 2197 delictum
901 2158 1083 2205 suum,
1111 2142 1204 2198 sed
1231 2159 1297 2198 ex
1331 2144 1447 2213 ipsa
1477 2160 1572 2199 sua
1611 2143 1940 2211 rebellione;

362 2236 694 2304 punitusque
724 2243 809 2289 est
843 2234 999 2303 plane
1044 2249 1152 2289 non
1186 2249 1283 2305 pro
1308 2236 1506 2304 gustati
1568 2234 1675 2291 cibi
1722 2246 1939 2300 natura,

361 2326 456 2383 sed
491 2337 713 2396 propter
744 2328 996 2382 violatam
1045 2327 1238 2398 legem.
1265 2330 1475 2396 Quippe
1511 2329 1563 2382 in
1596 2330 1940 2383 observanda

363 2428 457 2472 aut
521 2418 770 2474 violanda
820 2418 957 2489 lege,
988 2419 1169 2474 omnis
1215 2419 1425 2488 iustitia
1464 2421 1713 2476 consistit
1773 2431 1940 2491 atque

364 2507 670 2577 iniustitia;
708 2525 815 2564 non
849 2520 1025 2564 autem
1059 2510 1114 2565 in
1145 2524 1210 2565 ea
1247 2525 1305 2565 re
1337 2510 1404 2565 de
1426 2525 1529 2579 qua
1566 2509 1649 2563 les
1687 2512 1802 2579 ipsa
1834 2511 1939 2565 lata

358 2611 465 2656 est.
526 2600 856 2670 Fuitigitur
901 2601 1039 2657 licus
1103 2601 1267 2657 arbor
1301 2601 1391 2657 illa
1447 2602 1690 2658 scientiae
1733 2602 1858 2657 boni
1888 2595 1943 2658 οι

360 2695 518 2759 mali,
546 2694 612 2749 de
638 2710 744 2764 qua
794 2694 1115 2751 vescebatur
1152 2695 1414 2751 Adamus.
1450 2692 1546 2749 llic
1580 2710 1771 2750 rursus
1799 2695 1941 2766 obji-

359 2786 467 2839 ciet
491 2785 689 2855 aliquis
714 2803 727 2839 :
756 2784 813 2840 Si
839 2795 1061 2843 mortem
1101 2788 1281 2842 attulit
1314 2788 1441 2841 Adat
1485 2796 1698 2857 gustata
1740 2788 1931 2852 arbor,

359 2877 559 2931 merito
615 2892 713 2947 pro
752 2877 1021 2932 homicida
1077 2879 1323 2934 habenda
1394 2878 1593 2949 Deique
1633 2879 1786 2935 hoste
1816 2890 1939 2948 est;

356 2982 485 3023 cum
525 2968 611 3022 hic
657 2968 925 3024 Adamum
964 2971 1266 3025 condiderit
1294 2974 1513 3040 vitaque
1546 2971 1783 3033 donarit,
1838 2972 1930 3026 illa

359 3061 657 3130 perdiderit
693 3073 747 3117 et
798 3062 964 3117 vitam
1013 3063 1295 3132 eripuerit.
1343 3063 1447 3118 Sed
1501 3062 1566 3117 ad
1618 3063 1723 3117 hoc
1782 3062 1938 3118 facile

361 3153 740 3222 respondetur,
782 3168 888 3208 non
919 3154 1147 3208 arboren
1180 3154 1273 3209 sed
1308 3155 1655 3210 rebellionem
1689 3157 1934 3211 attulisse

358 3254 589 3299 mortem
644 3246 871 3300 Adamo.
920 3243 1056 3299 Nam
1110 3254 1163 3300 et
1213 3246 1266 3301 in
1316 3247 1430 3315 lege
1490 3246 1795 3301 scribitur:
1831 3246 1934 3311 Qui

357 3335 652 3389 maledictis
696 3351 820 3388 usus
848 3334 1093 3403 fuerit_in
1116 3347 1316 3404 patrem
1347 3347 1437 3390 aut
1472 3351 1693 3392 matrem
1738 3339 1937 3391 moria-

361 3437 449 3479 tur
473 3426 543 3481 “.
571 3424 738 3480 Nemo
766 3435 946 3480 tamen
994 3426 1199 3481 dixerit
1248 3427 1362 3498 ipsa
1407 3429 1720 3496 maledicta,
1755 3432 1803 3485 ei
1839 3430 1931 3500 qui

360 3519 495 3587 ipsis
534 3527 813 3585 parentem
868 3518 1187 3581 insectatur,
1237 3529 1463 3573 mortem
1499 3520 1763 3589 inﬂigere,
1811 3521 1935 3574 aui-

361 3624 613 3678 mamque
648 3608 768 3677 ejus
805 3623 835 3662 a
866 3623 1096 3677 corpore
1119 3608 1375 3663 divellere
1404 3627 1419 3663 :
1455 3610 1548 3664 sed
1582 3610 1933 3679 impietatem,

360 3698 436 3751 illi
486 3714 608 3752 esse
657 3698 850 3752 mortis
888 3713 1139 3753 causam.
1177 3698 1256 3751 Ad
1296 3699 1418 3759 hoc,
1448 3699 1503 3752 in
1540 3697 1740 3762 lloreb,
1788 3713 1936 3752 mors

362 3792 798 3861 praestituebatur
844 3794 1079 3861 populo,
1112 3792 1361 3861 quisquis
1397 3807 1548 3846 oram
1598 3793 1799 3845 montis
1850 3790 1937 3846 Si-

360 3882 450 3934 tiai
518 3882 853 3949 contingeret
891 3882 933 3912 "
971 3898 985 3935 :
1025 3882 1443 3952 haudquaquam
1510 3893 1686 3936 tamen
1737 3883 1931 3937 existi-

361 3971 617 4024 mandum
669 3980 769 4035 est,
805 3988 833 4025 a
867 3982 1049 4026 monte
1099 3972 1246 4026 Siuai
1302 3990 1632 4044 quemquam
1691 3975 1931 4029 occisum

358 4077 504 4126 esse,
536 4063 627 4116 sed
658 4064 833 4131 potius
864 4080 893 4117 a
927 4074 1195 4134 prtecepto
1242 4065 1460 4121 violato.
1496 4064 1732 4135 Denique
1766 4067 1809 4119 si
1840 4082 1933 4120 rex

360 4153 581 4221 aliquis,
612 4154 829 4210 civitate
871 4157 972 4209 hac
1002 4166 1093 4208 aut
1148 4157 1268 4221 illa,
1302 4157 1467 4211 alicui
1515 4158 1617 4212 sub
1665 4157 1934 4225 supplicio

362 4246 574 4314 capitali
606 4246 967 4308 interdixerit,
1002 4247 1211 4300 accidat
1254 4262 1415 4317 porro
1446 4258 1503 4303 ut
1546 4248 1590 4304 is
1624 4263 1687 4302 ea
1719 4248 1936 4303 civitate

364 4348 468 4386 non
518 4334 818 4396 abstineat,
856 4351 918 4387 ac
953 4337 1177 4404 proimle
1229 4337 1400 4405 capite
1430 4338 1734 4406 puniatura
1771 4352 1932 4406 rege:

362 4424 486 4491 quis
536 4425 689 4478 illum
744 4426 943 4479 dixerit
971 4442 1001 4479 a
1032 4426 1251 4480 civitate
1287 4427 1635 4484 interiectum
1677 4444 1819 4494 esse,
1871 4445 1935 4483 ac

366 4528 473 4567 non
528 4516 711 4583 potius
749 4532 846 4570 sua
880 4518 1057 4584 ipsum
1104 4518 1399 4576 rebellione
1453 4520 1721 4589 periisse?
1752 4520 1937 4590 Neque
1969 4510 2012 4568 Π

364 4620 491 4657 vero
532 4621 729 4661 manna
765 4608 1157 4675 Israelitarum,
1187 4612 1329 4678 quod
1363 4611 1582 4665 Sabbati
1630 4621 1787 4665 nocte
1817 4628 1935 4666 ser-

364 4707 544 4750 vatum
584 4712 689 4751 non
723 4701 1088 4767 putrescebat,
1124 4701 1347 4768 reliquis
1383 4717 1510 4756 vcro
1542 4702 1789 4756 noctibus
1813 4718 1935 4758 cor-

359 4790 755 4856 rumpebatur;
794 4792 873 4843 vel
930 4793 1044 4861 ipsa
1099 4790 1323 4847 Sabbati
1368 4808 1474 4847 nox
1528 4796 1812 4858 servabat,
1857 4793 1938 4849 vel

356 4889 569 4933 uetera:
621 4883 913 4950 perdebant
967 4901 979 4937 :
1036 4886 1130 4939 sed
1167 4900 1232 4939 ex
1298 4884 1583 4941 observato
1631 4886 1939 4956 violataque

357 4979 630 5040 praecepto
665 4989 747 5028 res
782 4984 892 5027 tuta
940 4977 1207 5044 pendebat
1241 4976 1306 5033 ⁸⁸.
1335 4976 1450 5031 Non
1507 4978 1671 5047 igitur
1720 4979 1929 5032 Adamo

357 5062 441 5115 vel
474 5063 658 5125 arbor,
694 5067 775 5117 vel
807 5075 1051 5134 gustatus
1080 5066 1291 5123 fructus
1323 5077 1549 5124 mortem
1582 5068 1811 5139 peperit,
1841 5070 1935 5124 sed

358 5153 473 5220 ipsa
506 5151 752 5206 rebellio.

427 5248 698 5297 (.‘teterum
741 5245 1074 5301 Philoxeuus
1128 5246 1473 5317 Mabugensis
1506 5252 1558 5303 in
1587 5266 1649 5305 ea
1689 5261 1771 5305 est
1808 5268 1928 5306 seno

361 5338 548 5401 tentia.
586 5347 641 5390 ut
694 5348 844 5405 putet
902 5354 1077 5407 neque
1129 5343 1381 5395 arborem
1434 5342 1577 5395 illatn
1631 5342 1931 5398 fructumve

358 5438 635 5497 gustatum
677 5429 928 5483 attulisse
978 5440 1211 5485 mortem
1258 5432 1447 5500 primis
1491 5436 1807 5501 parentibus
1840 5453 1854 5490 :
1886 5436 1931 5490 si

352 5518 528 5584 cuitu,
573 5519 773 5587 inquit,
802 5535 925 5574 esca
968 5523 1047 5575 sic
1078 5522 1199 5577 illus
1230 5533 1527 5589 enecaswt,
1559 5536 1613 5577 ut
1652 5527 1829 5580 herbze
1861 5528 1932 5580 le-

436 5724 475 5751 '“
504 5722 542 5776 ll
582 5724 752 5779 Maeli.
792 5742 840 5778 vt
881 5735 934 5779 ct
970 5744 1078 5789 vit;
1119 5726 1290 5780 chit.
1324 5744 1370 5780 XI
1402 5746 1414 5790 ;
1449 5728 1601 5781 Dent.
1638 5745 1745 5783 xiv.
1781 5730 1820 5761 "5
1860 5730 1875 5782 Ι
1919 5731 2037 5783 Cur.
2080 5746 2130 5790 tt,
2164 5732 2232 5785 :25
2260 5748 2412 5797 seqq.

450 5792 595 5832 "titul
649 5812 731 5832 «τι
800 5792 1019 5832 Ιίίιηιη
1064 5815 1072 5823 -
1109 5798 1241 5832 \‘nnn
1298 5814 1344 5832 an
1400 5799 1461 5832 Ἵ·
1499 5800 1624 5832 llnnt
1686 5816 1774 5832 ιιι.
1843 5801 1901 5832 ΙΙί
2005 5802 2044 5832 bt‘
2076 5802 2185 5832 01,...
2244 5816 2299 5832 ιιι
2363 5802 2390 5832 Κ

2029 5806 2044 5830 ¹⁴
2076 5802 2208 5855 Urit.
2244 5816 2324 5866 In,
2360 5802 2410 5854 5.

369 5791 416 5823 δ’
449 5792 618 5849 Exod.
646 5812 756 5861 rm,
800 5792 1075 5865 li'scqqq
1106 5798 1267 5851 Num.
1297 5814 1368 5861 XI,
1400 5799 1463 5865 7;
1499 5800 1648 5853 lleut.
1686 5816 1799 5860 \Ill,
1843 5801 1920 5853 lii.

2044 1953 2286 2023 ciboque
2343 1953 2438 2009 illo
2488 1954 2789 2010 iuescatum
2863 1957 3228 2013 transilivisse
3274 1968 3624 2028 praeceptum,

2042 2057 2166 2097 eum
2216 2054 2402 2100 essent
2427 2044 2482 2100 in
2520 2046 2774 2114 paradiso
2810 2047 3062 2115 plurimae
3104 2049 3330 2104 arbores
3358 2051 3477 2105 aliae
3508 2050 3628 2120 qui-

2041 2134 2144 2192 bus
2195 2138 2299 2191 sibi
2347 2138 2623 2193 libidinem
2668 2138 2735 2207 (si
2793 2154 2855 2192 ea
2916 2140 3090 2209 ipsum
3148 2150 3293 2197 tanta
3344 2142 3627 2209 tenuisset)

2042 2227 2317 2281 exsatiare
2358 2228 2641 2298 potuisset,
2677 2237 2771 2282 aut
2804 2230 3032 2284 omnino
3065 2230 3228 2285 ullius
3256 2247 3394 2286 escae
3427 2235 3622 2299 gratia,

2041 2331 2228 2390 spreto
2264 2330 2431 2391 atque
2483 2323 2730 2390 neglecto
2762 2322 2869 2378 beo
2899 2323 3179 2377 conditore
3206 2338 3327 2387 suo,
3347 2324 3626 2391 obtempe-

2044 2411 2257 2465 ravisse
2312 2411 2575 2469 insidioso
2624 2415 2853 2468 dannuni
2895 2431 2910 2467 :
2952 2414 3046 2470 sed
3090 2413 3399 2483 perculsum
3456 2414 3619 2468 etiam

2043 2499 2220 2567 ipsum
2286 2501 2588 2557 divinitatis
2653 2504 2952 2559 ambitione
3018 2504 3425 2573 praevaricatum
3481 2517 3625 2567 esse.

2041 2590 2216 2656 deque
2244 2592 2408 2645 vetita
2433 2594 2627 2647 arbore
2654 2594 2851 2650 edisse.
2880 2594 2989 2649 Nisi
3022 2595 3167 2649 enim
3211 2596 3297 2649 illa
3338 2594 3625 2650 allectione

2042 2682 2418 2751 perturbatum
2452 2684 2697 2740 animum
2733 2686 3051 2751 habuisset,
3094 2687 3289 2756 inquit,
3319 2686 3477 2741 facile
3507 2687 3624 2743 ha'c

2046 2786 2214 2846 atque
2246 2776 2560 2848 huiusmodi
2589 2778 2693 2833 alia
2718 2779 3063 2850 opposuisset
3089 2778 3244 2833 uxOri
3268 2789 3623 2851 argumenta:

2041 2864 2152 2920 Cur
2186 2882 2293 2920 non
2330 2883 2552 2936 serpens
2593 2868 2683 2933 qui
2729 2869 2888 2924 nobis
2928 2870 3264 2923 divinitatem
3304 2884 3370 2924 ex
3429 2870 3623 2924 arbore
3693 2890 3697 2895 '

2041 2966 2253 3027 gustata
2301 2958 2590 3028 promittit,
2620 2959 2733 3028 ipse
2774 2961 2921 3028 prior
2950 2961 3081 3020 edit.
3124 2960 3370 3030 deusque
3414 2961 3624 3015 evasit?

2038 3047 2157 3103 Jam
2191 3066 2315 3104 vero
2344 3067 2516 3120 neque
2550 3062 2619 3114 te,
2652 3061 2710 3105 ut
2748 3051 2930 3115 edisti,
2990 3051 3147 3106 deam
3189 3052 3382 3107 factam
3422 3052 3619 3108 video:

2038 3141 2130 3208 qui
2177 3141 2379 3209 possim
2410 3155 2537 3210 ergo
2580 3142 2691 3210 ipse
2721 3142 3052 3197 divinitatem
3089 3158 3311 3213 sperare
3341 3142 3385 3198 si
3417 3142 3571 3197 edam
3599 3142 3623 3195 τ

2040 3233 2123 3297 Et,
2156 3232 2247 3301 qui
2290 3233 2462 3287 valeat
2494 3233 2677 3299 arbor,
2703 3249 2825 3304 qum
2856 3236 3018 3289 etiam
3055 3236 3248 3305 spiritu
3280 3243 3445 3299 caret,
3482 3234 3617 3290 deos

2039 3323 2249 3379 edicere
2294 3324 2385 3392 qui
2434 3340 2492 3378 se
2542 3324 2876 3380 vescantur?
2908 3327 3065 3395 quasi
3110 3343 3236 3380 vero
3290 3343 3449 3381 suum
3501 3328 3617 3396 ipsa

2041 3422 2262 3480 superet
2308 3412 2653 3468 ell‘ectoreml
2700 3415 2892 3469 \‘erum
2930 3416 3063 3470 nihil
3095 3417 3198 3469 tale
3228 3417 3502 3484 respondit
3532 3417 3621 3470 ille

2040 3503 2217 3566 uxori,
2245 3518 2419 3571 neque
2450 3520 2573 3558 cum
2607 3504 2722 3574 ipsa
2782 3517 2863 3560 est
2887 3520 2946 3560 ea
2978 3508 3045 3561 de
3084 3522 3140 3560 re
3169 3517 3615 3577 argumentatus:

2040 3594 2298 3648 nimirum
2351 3598 2442 3665 qui
2488 3597 2649 3650 etiam
2687 3598 2804 3667 ipse
2832 3598 3130 3653 divinitatis
3160 3599 3410 3667 cupidine
3445 3601 3620 3653 victus

2041 3702 2134 3755 per
2170 3688 2477 3742 vecordiam
2534 3690 2841 3744 tenebatur.
2891 3690 3132 3744 Eliicitur
3178 3690 3397 3759 itaque,
3445 3706 3620 3758 neque

2040 3778 2289 3831 arborem
2315 3780 2595 3834 arborisve
2626 3779 2859 3835 fructum
2897 3781 2978 3835 vel
3004 3798 3207 3845 escam,
3241 3798 3412 3852 neque
3444 3782 3621 3837 rebel-

2038 3868 2233 3923 lionem
2268 3870 2510 3924 attulisse
2545 3871 2734 3939 primis
2758 3871 2961 3927 nostris
3003 3873 3318 3941 parentibus
3348 3873 3599 3939 exitium,

2038 3960 2132 4014 sed
2187 3962 2365 4030 ipsum
2417 3979 2609 4017 eorutn
2663 3965 2907 4018 animum
2958 3981 3067 4034 quo
3100 3966 3617 4036 pracvaricabantur,

2045 4055 2151 4109 hoc
2184 4065 2288 4119 ρει,
2320 4056 2489 4124 ipsam
2523 4056 2825 4112 divinitatis
2860 4058 3232 4113 ambitionem.
3265 4058 3396 4112 Nam
3428 4059 3617 4113 eadem

2051 4148 2351 4202 ambitione
2381 4148 2631 4202 diabolus
2671 4166 2887 4219 quoque
2931 4166 3054 4203 cum
3098 4151 3213 4205 suis
3260 4153 3434 4220 copiis
3481 4154 3619 4207 deli-

2034 4242 2148 4310 quit
2182 4259 2194 4292 :
2230 4240 2603 4295 dicebatenim
2630 4257 2646 4298 :
2675 4241 2877 4296 Ponant
2900 4244 3076 4296 sedem
3105 4258 3452 4308 nteantsupru
3496 4246 3621 4295 stel-

2037 4330 2116 4383 las
2158 4329 2273 4387 Dei.
2306 4341 2354 4382 et
2386 4346 2473 4383 ero
2494 4331 2681 4383 similis
2707 4331 2979 4385 Altissimo
3004 4333 3086 4399 “;
3117 4342 3279 4401 atquc
3306 4334 3375 4387 ob
3408 4336 3507 4388 hoc
3540 4338 3621 4404 ip-

2038 4438 2155 4476 sum
2173 4431 2447 4491 peccatum
2472 4422 2611 4475 cmlo
2637 4423 2905 4477 deturbati
2926 4424 3348 4494 prtecipitatique
3368 4436 3495 4480 sunt
3519 4426 3615 4479 illi.

2115 4511 2389 4566 Hactenus
2433 4513 2789 4568 Philoxenus.
2844 4514 2950 4569 Sed
3002 4531 3101 4571 nos
3145 4517 3399 4580 dicimus,
3446 4516 3615 4587 ipsam

2043 4608 2544 4676 prtcvat-icationcm
2602 4605 2767 4662 fuisse
2795 4622 3014 4662 causam
3050 4610 3237 4662 mortis
3268 4609 3504 4674 Adamo,
3538 4610 3617 4663 id-

2040 4715 2147 4769 que
2178 4700 2389 4755 dnabus
2441 4700 2746 4753 rationibus
2797 4702 3243 4770 Comprobamus,
3276 4719 3504 4772 quarum
3551 4718 3619 4757 ex

2044 4792 2136 4845 Dei
2201 4794 2366 4846 verbo
2414 4802 2631 4862 sumpta
2712 4793 2825 4847 inec
2871 4806 2975 4848 est.
3008 4794 3230 4848 Dicebat
3278 4795 3421 4849 enim
3478 4795 3619 4850 Deus

2040 4883 2250 4937 Adamn
2283 4900 2296 4935 :
2336 4880 2451 4948 Quo
2487 4885 2570 4936 die
2609 4882 2895 4938 comederis
2946 4892 3000 4937 tu
3045 4885 3106 4937 de
3145 4884 3351 4947 arbore,
3401 4894 3617 4938 mortem

2038 4994 2079 5043 ο⁴
2104 4986 2243 5046 petes
2270 4976 2339 5029 “.
2370 4975 2551 5029 Altera
2579 4974 2694 5030 haec
2722 4984 2805 5030 est
2829 4993 2844 5030 :
2873 4975 2928 5029 Si
2960 4976 3260 5032 divinitatis
3292 4992 3386 5048 spe
3414 4978 3616 5043 oblata,

2038 5065 2248 5118 daemon
2282 5080 2385 5118 non
2414 5064 2678 5134 quivisset
2728 5063 2994 5118 Adamum
3029 5078 3196 5135 atque
3236 5066 3397 5121 Evam
3452 5064 3614 5120 sedu-

2037 5172 2179 5219 cere,
2213 5156 2399 5224 procul
2433 5156 2599 5210 dubio
2630 5157 3037 5212 immortalitate
3070 5159 3335 5228 promissa
3369 5158 3619 5228 impulis-

2043 5257 2124 5301 set
2152 5247 2216 5299 ad
2263 5248 2725 5316 prazvaricandum
2764 5267 2779 5314 ;
2838 5260 2998 5320 atque
3023 5252 3093 5305 ita
3156 5252 3347 5321 quovis
3400 5250 3614 5305 tandem

2043 5342 2203 5394 modo
2260 5341 2333 5395 illi
2366 5342 2685 5398 incidissent
2726 5344 2777 5398 in
2823 5357 3051 5399 mortem
3089 5346 3287 5399 violato
3306 5346 3403 5425 ρρί
3448 5344 3617 5413 impe-

2043 5434 2143 5497 rio,
2170 5449 2330 5504 quam
2363 5436 2475 5503 ipse
2508 5437 2680 5489 fuerat
2702 5438 2782 5491 cis
2808 5439 3203 5499 comminatus;
3236 5435 3458 5505 fregisse
3487 5452 3617 5505 ergo

2045 5535 2371 5595 praeceptum
2432 5526 2543 5590 llei,
2577 5526 2679 5582 fult
2729 5530 2858 5596 ipsis
2884 5529 3037 5581 exitii
3090 5544 3274 5581 causa.
3334 5525 3439 5583 Sed
3489 5544 3611 5595 cur,

2496 5731 2537 5760 ³⁸
2576 5730 2739 5783 Exod.
2777 5745 2889 5790 xvi,
2931 5730 3009 5782 17.

2492 5802 2534 5830 ⁵⁸
2564 5801 2664 5854 lsu.
2704 5817 2808 5863 MV,
2836 5800 2916 5855 Η.

3091 5733 3132 5761 ”⁷
3168 5732 3336 5787 Exod.
3372 5751 3479 5799 λιι,
3519 5735 3604 5788 l2.

2997 5802 3034 5829 “‘
3071 5800 3200 5857 UCII.
3232 5820 3291 5867 It,
3336 5805 3414 5857 l7.
