4088 6208
463 365 565 428 507

1743 365 1971 426 MOSlS
2008 363 2158 423 ΒΑΗ
2200 363 2443 427 (ἷΕΡΠᾹ

3621 365 3727 430 ἴιοὸ

396 538 413 559 ρ
464 479 742 549 inquiunt,
789 482 1048 553 imposuit
1077 481 1216 538 Deus
1246 481 1453 536 Adamn
1489 480 1685 550 legem,
1714 492 1878 548 quam
1910 491 2042 546 praz-
2075 477 2122 534 Α
2151 474 2239 530 illa
2265 478 2462 532 arbore
2489 483 2656 542 esset,
2701 477 2754 532 in
2789 479 3003 534 animas
3043 495 3233 536 eorum
3265 481 3356 551 qui
3399 480 3490 534 illo
3520 481 3733 536 aleren-

465 572 672 627 sciebat
718 574 896 643 ipsum
954 589 1062 629 non
1119 591 1242 630 esse
1294 571 1748 628 observaturum?
1796 570 2048 624 Proiecto

467 661 570 716 nisi
611 661 695 715 lex
741 661 814 715 illi
861 661 1052 718 fuisset
1095 666 1242 726 data,
1283 662 1334 716 in
1383 662 1558 716 multo
1616 659 1794 728 majus
1841 657 2044 712 malum

473 754 781 817 incidisset,
815 769 979 824 quam
1027 756 1216 810 incidit
1240 756 1408 810 Satan
1443 769 1458 808 :
1490 753 1790 823 praesertim
1831 767 1954 806 cum
1993 750 2044 804 in

469 857 578 898 tam
625 845 792 914 regali
829 857 1139 902 versaretur
1177 848 1398 917 palatio,
1434 847 1553 914 ipso
1588 844 1838 914 paradiso
1871 841 2050 897 omni-

469 935 572 988 bus
605 934 816 990 deliciis
847 935 1120 1002 allluente,
1165 938 1428 1007 imperata
1467 946 1549 990 est
1582 950 1713 1005 ergo
1746 935 1818 987 illi
1852 934 1934 989 lex
1959 932 2048 988 cui

470 1043 576 1080 non
605 1041 723 1087 erat
751 1031 1244 1095 obsecundaturus,
1279 1044 1347 1083 ne
1379 1030 1430 1082 in
1461 1027 1639 1096 majus
1678 1027 1884 1080 malum
1917 1040 2050 1094 pro-

470 1121 768 1184 laberetur,
793 1138 955 1192 quam
981 1122 1104 1176 data
1131 1121 1246 1192 lege
1278 1121 1407 1175 ruit.
1447 1118 1585 1173 Sunt
1609 1132 1736 1171 vero
1759 1118 1878 1172 aliae
1899 1131 2052 1173 com-

469 1213 652 1282 plures
716 1217 954 1272 rationes
1003 1215 1424 1286 praescribendae
1482 1215 1628 1268 illius
1680 1214 1813 1283 legis
1845 1231 1857 1266 :
1887 1227 2048 1283 quas,

468 1309 687 1363 volente
721 1309 848 1372 Deo,
879 1317 1002 1380 post
1035 1323 1226 1364 sumus
1250 1308 1592 1378 explicaturi.

542 1401 741 1456 Verum
777 1404 1058 1457 enimvero
1113 1411 1324 1471 quaerat
1401 1400 1636 1468 aliquis,
1706 1415 1804 1454 cur
1859 1399 2052 1453 Adami

470 1504 752 1563 peccatum
785 1496 928 1564 quod
963 1494 1181 1565 quidem
1213 1509 1322 1548 non
1353 1493 1638 1548 videbatur
1667 1491 2051 1564 gravissimum

473 1586 770 1642 durissima
823 1587 894 1642 sit
949 1602 1109 1657 poena
1178 1593 1494 1647 consecuta,
1534 1586 1646 1654 ipsa
1695 1598 1864 1639 mors.
1918 1581 2055 1638 Huic

470 1676 650 1746 primo
690 1676 1106 1747 respondemus,
1151 1677 1323 1745 magis
1373 1675 1526 1728 illum
1572 1674 1858 1730 admisisse
1906 1673 2058 1744 ﬂagi-

472 1769 631 1834 tium,
682 1785 844 1840 quam
891 1770 1220 1840 pependisse
1270 1783 1486 1837 ptenam
1525 1767 1862 1836 :multiplici
1908 1767 2052 1821 enim

472 1877 742 1917 noxarum
768 1877 965 1934 genere
1014 1863 1238 1916 rebellio
1282 1863 1370 1916 illa
1399 1860 1707 1923 constabat,
1747 1860 2055 1925 inscientia,
2093 1838 2131 1892 Β

472 1969 677 2020 errore,
707 1937 987 2024 superbia,
1029 1954 1433 2016 incredulitate,
1475 1952 1772 2015 calumnia,
1807 1962 2056 2007 contem.

472 2055 566 2115 ptu
607 2046 864 2116 denique.
921 2045 1213 2101 lnscientia
1261 2045 1533 2116 quidem,
1586 2045 1711 2114 quia
1775 2044 2053 2112 iumentis,

477 2138 776 2208 bestiisque
806 2139 1003 2193 similis
1041 2139 1234 2204 evasit,
1269 2139 1363 2208 qui
1400 2137 1606 2206 alioqui
1650 2137 1918 2207 sapientia
1972 2146 2058 2190 at-

472 2243 581 2298 que
619 2229 830 2284 ratione
881 2229 1136 2300 pollebat.
1179 2230 1375 2284 Errore
1407 2245 1556 2291 vero,
1586 2229 1783 2298 quippe
1811 2227 2058 2282 insidiosi

472 2320 792 2390 impostoris
822 2321 917 2376 sui
950 2323 1133 2377 verbis
1184 2323 1444 2378 seductus
1475 2329 1578 2377 est.
1619 2320 1884 2390 Superbia
1915 2335 2055 2390 quo-

475 2430 606 2482 quc,
647 2431 770 2469 nam
798 2415 1142 2470 divinitatem
1173 2415 1480 2470 allectabat.
1513 2414 1738 2483 Insuper
1769 2413 2064 2468 increduli-

470 2515 600 2574 tate,
639 2522 747 2561 non
779 2507 1034 2563 credebat
1063 2509 1209 2563 enim
1242 2517 1505 2563 eventura
1537 2523 1600 2560 ea
1637 2523 1758 2577 qua:
1795 2507 1898 2561 sibi
1929 2522 2062 2562 suus

437 2599 440 2602 ’
471 2600 724 2655 conditor
749 2600 890 2656 Deus
918 2611 1034 2655 erat
1056 2600 1459 2656 interminatus.
1481 2598 1780 2654 Calumniis
1805 2599 2062 2668 denique,

473 2702 529 2744 ut
563 2692 761 2761 quibus
795 2693 884 2748 ille
915 2709 1075 2749 suum
1121 2703 1204 2750 est
1253 2695 1560 2749 insectatus
1603 2701 1907 2762 parentem.
1958 2692 2062 2746 Po-

473 2793 682 2838 stremo
737 2786 899 2838 etiam
980 2797 1339 2856 contemptu;
1403 2801 1528 2840 nam
1580 2785 1900 2854 imperatam
1958 2785 2064 2840 sibi

477 2877 648 2944 legem
683 2877 987 2944 vilipendit,
1020 2879 1242 2945 sprevit,
1276 2878 1530 2945 neglexit.
1557 2876 1740 2945 Neque
1769 2877 1912 2930 enim
1948 2893 2065 2932 sce-

475 2968 608 3022 leris
636 2967 780 3022 illius
807 2968 1216 3022 existimatione
1247 2970 1577 3034 spectandus
1608 2977 1691 3022 est
1713 2968 1869 3022 cibus
1900 2985 2062 3038 quem

476 3061 732 3128 sumpsit.
769 3060 861 3115 sed
893 3061 1033 3129 quod
1063 3070 1246 3131 spreto
1276 3077 1377 3116 suo
1415 3061 1672 3116 eﬂ'ectore
1721 3060 1856 3125 Deo,
1885 3062 2049 3131 bujus

2155 579 2263 633 tur,
2292 572 2401 625 vim
2423 572 2718 642 quamdam
2756 573 3164 646 emcaciamque
3195 579 3379 632 indere
3406 578 3669 641 divinam,
3701 595 3730 634 a

2151 664 2364 718 creteris
2411 664 2606 719 anima:
2644 665 2860 722 viribus
2891 668 3201 733 diversam;
3247 670 3388 724 sicut
3443 674 3626 725 carnis
3667 687 3730 726 ac

2152 756 2266 810 vini
2293 757 2397 810 alia
2428 767 2512 811 est
2552 757 2606 811 in
2632 757 2875 813 humano
2904 774 3137 830 corpore
3161 760 3446 815 efﬁcientia
3475 802 3490 825 ,
3522 763 3626 816 alia
3653 763 3733 816 le-

2154 847 2438 920 guminum
2471 867 2484 903 :
2512 851 2719 919 quaevis
2767 851 2953 906 divina
3005 852 3406 922 eﬂicacitasque
3452 853 3655 907 bonum
3703 871 3732 908 a

2155 943 2300 996 mal-0
2325 953 2593 998 secernat.
2623 942 2824 999 Eadem
2859 945 3026 1015 igitur
3046 946 3208 999 etiam
3239 946 3448 1000 ratione
3480 948 3734 1002 arborem

2153 1034 2279 1089 vitae
2313 1045 2584 1102 vocatam,
2611 1038 2736 1107 quia
2763 1039 2928 1092 vitam
2962 1039 3324 1094 immortalem
3365 1041 3738 1110 suppeditaret

2155 1126 2223 1183 iis
2256 1127 2349 1197 qui
2387 1143 2454 1182 ex
2505 1129 2617 1196 ipsa
2670 1128 2852 1182 cibum
2893 1129 3400 1198 nutrimentumque
3441 1139 3733 1198 raperent;

2156 1220 2318 1289 idque
2352 1218 2534 1272 divina
2579 1219 2836 1288 quapiam
2875 1219 3184 1275 eﬂicientia.
3218 1218 3370 1274 lianc
3409 1221 3735 1275 sententiam

2158 1311 2336 1368 ﬁrmat
2374 1311 2670 1382 Numysius
2703 1312 3062 1382 philosophus
3107 1311 3454 1368 Christianus
3483 1313 3561 1368 sic
3595 1316 3738 1369 scri-

2159 1403 2292 1456 bens
2328 1420 2340 1457 :
2381 1401 2462 1455 En
2506 1403 2675 1455 Adam
2721 1404 2882 1456 evasit
2916 1404 3092 1472 qualis
3122 1419 3256 1456 unus
3289 1421 3314 1457 e
3364 1403 3515 1457 nobis
3541 1405 3610 1457 ad
3645 1421 3740 1458 co-

2156 1493 2505 1564 gnoscendum
2553 1496 2746 1547 bonum
2795 1505 2845 1548 et
2881 1495 3118 1558 malum;
3157 1511 3218 1549 ne
3283 1495 3450 1565 igitur
3493 1495 3741 1550 extendet

2157 1602 2376 1640 manum
2411 1603 2563 1640 suam
2590 1596 2640 1641 et
2677 1596 2853 1640 sumat
2881 1587 2944 1640 de
2971 1586 3158 1641 arbore
3186 1587 3330 1649 vitat,
3365 1597 3735 1657 vescatur-que,

2156 1686 2206 1730 et
2236 1678 2372 1751 vivat
2391 1688 2635 1744 perpetuo
2654 1675 2855 1731 “.Non
2876 1677 2993 1730 haec
3013 1676 3228 1731 dicebat
3264 1675 3404 1731 Deus
3436 1692 3529 1745 per
3552 1678 3740 1731 odium

2161 1776 2325 1838 atque
2370 1768 2656 1831 invidiam,
2702 1767 2796 1822 sed
2847 1769 2977 1835 quia
3024 1769 3281 1838 indignus
3309 1777 3455 1823 esset
3497 1769 3742 1824 Adamas

2162 1859 2254 1928 qui
2288 1859 2450 1912 vitam
2485 1862 2874 1929 sempiternam
2907 1868 3351 1928 consequeretur,
3383 1860 3581 1926 quippe
3611 1873 3746 1913 con-

2164 1964 2245 2008 tra
2279 1969 2438 2023 quem
2481 1951 2591 2022 jam
2626 1961 2751 2006 ante
2784 1952 2890 2005 lata
2937 1951 3115 2006 fuerat
3162 1952 3432 2006 sententia
3467 1971 3479 2006 :
3525 1950 3586 2005 In
3617 1939 3745 2021 pul-

2161 2063 2332 2100 verem
2361 2047 2629 2100 reverteris
2654 2046 2723 2102 ⁸⁸.
2743 2045 2985 2100 Semovit
3025 2045 3207 2115 itaque
3257 2045 3406 2098 illum
3437 2047 3506 2100 ab
3551 2045 3748 2100 arbore

2163 2138 2307 2202 vitae,
2345 2152 2413 2192 ne
2445 2138 2512 2192 de
2551 2138 2640 2192 illa
2677 2135 2860 2191 cibum
2910 2146 3156 2191 sumeret
3188 2155 3201 2191 :
3229 2139 3320 2207 qui
3363 2139 3518 2192 cibus
3559 2138 3748 2191 divino

2165 2233 2386 2285 decreto
2436 2230 2509 2285 illi
2561 2240 2706 2286 esset
2738 2230 3024 2285 adversus.
3052 2229 3175 2284 Haec
3223 2230 3314 2284 ille
3359 2230 3744 2300 philosophus,

2164 2325 2364 2394 quibus
2393 2324 2526 2378 satis
2556 2324 2733 2380 innuit
2775 2324 3094 2378 existimare
3126 2337 3205 2387 se,
3259 2322 3530 2392 ejusmodi
3579 2323 3751 2377 fuisse

2165 2432 2284 2471 eam
2307 2417 2562 2472 arborem
2584 2427 2644 2472 ut
2669 2417 2835 2471 vitam
2859 2417 3014 2470 daret
3037 2417 3103 2471 iis
3123 2415 3213 2486 qui
3246 2416 3423 2485 ipsam
3445 2425 3744 2484 gustare-ut.

2166 2508 2432 2564 Dominus
2453 2521 2585 2560 vero
2619 2505 2858 2562 Jacobus
2893 2505 3245 2576 Sarugensis,
3272 2505 3520 2561 oratione
3554 2522 3651 2559 sua
3680 2505 3751 2562 de

2166 2601 2338 2670 ejecto
2378 2599 2672 2654 Adamocx
2703 2600 2976 2668 paradiso,
2999 2599 3130 2653 dicit
3173 2599 3285 2652 ﬁeri
3314 2613 3475 2667 posse
3501 2607 3559 2651 ut
3587 2598 3751 2652 arbor

2169 2694 2261 2747 illa
2295 2694 2460 2747 vitam
2490 2693 2723 2748 allatura
2754 2692 2920 2748 fuerit
2955 2691 3325 2745 immortalem
3368 2690 3576 2744 Adamo
3601 2691 3646 2744 si
3681 2690 3752 2741 de

2166 2801 2228 2839 ea
2262 2787 2481 2846 edisset.
2535 2796 2819 2857 propterea
2860 2785 3003 2854 quod
3074 2782 3398 2851 mysterium
3449 2782 3647 2836 Christi
3693 2784 3748 2834 in

2169 2880 2258 2933 illa
2288 2880 2497 2940 lateret,
2542 2893 2605 2932 ac
2647 2877 2875 2948 proinde
2915 2877 3130 2931 occulta
3175 2875 3410 2943 quadam
3456 2871 3750 2926 cllicientia

2169 2972 2341 3041 ipsius
2397 2973 2606 3024 fructus
2657 2969 2906 3038 ramique
2962 2968 3274 3036 pollerent,
3321 2981 3443 3021 cum
3496 2965 3752 3020 Christus

2170 3065 2285 3133 ipse
2314 3073 2505 3133 suapte
2534 3075 2729 3116 natura
2755 3060 2866 3116 vita
2901 3060 2991 3122 sit,
3015 3075 3078 3114 ac
3115 3059 3428 3128 ubicunque
3478 3058 3566 3112 ille
3598 3058 3754 3113 adest

472 3151 630 3222 jussa
663 3152 914 3206 violarit:
936 3164 1125 3207 contra
1151 3168 1282 3208 vero
1310 3153 1554 3207 insidiosi
1584 3153 1760 3208 hostis
1793 3154 1874 3208 sui
1900 3156 2062 3210 verba
2091 3193 2135 3252 ο
2172 3156 2224 3210 in
2259 3157 2585 3226 proninquo,
2622 3154 2773 3209 illinc
2803 3155 2960 3224 longe
2988 3153 3128 3207 absit
3163 3167 3333 3206 mors.
3364 3149 3430 3204 Et
3453 3165 3581 3205 vero
3613 3152 3752 3205 banc

479 3245 667 3314 magni
703 3245 930 3311 fecerit;
970 3247 1020 3301 id
1056 3263 1186 3302 vero
1210 3247 1262 3302 in
1303 3250 1568 3302 rationem
1603 3250 1907 3302 vocandum
1959 3260 2065 3314 est,

477 3339 602 3393 inde
620 3338 903 3408 ﬂagitium.
931 3339 1062 3395 Illud
1089 3357 1342 3411 magnum
1373 3342 1543 3397 fuitet
1563 3345 1883 3413 gravissima
1908 3359 2067 3414 patria

477 3429 738 3501 piandum
777 3448 882 3485 non
918 3433 971 3486 in
1003 3433 1131 3487 Adae
1163 3444 1324 3502 caput
1375 3435 1548 3489 solum
1574 3475 1588 3499 ,
1623 3436 1718 3491 sed
1761 3437 1813 3490 in
1845 3453 2064 3492 omnem

479 3540 709 3594 prorsus
750 3525 1125 3594 posteritatem
1163 3536 1477 3595 propagata.
1501 3526 1659 3581 Sicut
1693 3540 1746 3582 et
1770 3527 1939 3594 Esau,
1971 3529 2064 3599 qui

479 3618 562 3682 (ut
593 3619 668 3672 ait
704 3617 1000 3687 Apostolus
1025 3619 1096 3686 δ’)
1138 3635 1238 3671 non
1275 3619 1468 3673 invenit
1505 3620 1678 3674 locum
1702 3622 2064 3691 paenitentiaz;

482 3725 588 3765 non
623 3726 777 3776 sane,
807 3709 936 3779 quia
985 3725 1098 3764 rem
1146 3712 1458 3780 quampiam
1511 3712 1828 3767 inusitatam
1880 3729 2068 3769 come-

481 3804 653 3860 disset
701 3805 894 3874 (lentes
940 3804 1083 3858 enim
1137 3805 1299 3859 modo
1327 3804 1563 3869 ederat),
1593 3795 1873 3876 sed'quod
1922 3815 2067 3862 esset

483 3913 598 3953 sure
646 3899 1055 3953 obsecundatus
1101 3898 1410 3968 cupiditati,
1458 3907 1851 3970 auctoremque
1901 3916 2063 3955 suum

485 3989 652 4044 Deum
688 3992 1129 4061 contempsisset.

691 4146 698 4154 _
1070 4081 1302 4140 CAPUT
1340 4081 1462 4138 xx.

557 4175 688 4242 Qua:
716 4178 878 4246 fuerit
933 4179 1091 4242 arbor
1123 4178 1218 4231 illa
1262 4179 1383 4233 vita:
1416 4178 1465 4230 in
1504 4178 1674 4231 medio
1717 4178 1969 4248 paradiso
2017 4183 2067 4230 et

485 4286 580 4324 cur
604 4272 722 4324 vita:
750 4273 908 4325 arbor
933 4273 1001 4324 sit
1035 4281 1239 4326 vocata.
1273 4271 1547 4341 Scriptum
1579 4282 1659 4325 est
1701 4271 1763 4338 in~
1798 4272 1934 4326 libro
1961 4269 2067 4324 Gc-

483 4380 678 4419 neseos
711 4381 724 4418 :
756 4367 824 4418 Et
858 4375 1224 4431 procreaverat
1259 4365 1514 4418 Dominus
1550 4364 1688 4418 Deus
1716 4381 1744 4417 e
1787 4374 1927 4418 terra
1958 4381 2071 4418 om-

484 4475 599 4511 nem
633 4462 871 4511 arborem
894 4461 1003 4512 visu
1029 4458 1388 4526 appetibilem,
1409 4470 1456 4512 et
1494 4459 1544 4511 in
1571 4459 1743 4511 cibum
1773 4457 2068 4526 pulchram;

2172 3249 2500 3304 sententiam
2551 3247 2626 3301 ait
2691 3247 3030 3301 Pliiloxenus
3083 3243 3430 3315 Mabugensis
3495 3259 3552 3297 se
3607 3245 3751 3298 nolle

2171 3353 2512 3408 oppugnare,
2546 3353 2671 3393 cum
2703 3335 2888 3391 credat
2921 3335 3032 3390 Deo
3061 3337 3244 3390 omnia
3274 3350 3396 3390 esse
3431 3335 3575 3389 factu
3614 3333 3754 3386 fari-

2171 3433 2263 3488 lia.
2300 3433 2566 3487 Caeterum
2601 3431 2690 3485 alii
2724 3432 2996 3496 doctores,
3031 3445 3178 3501 quos
3226 3444 3325 3484 nos
3376 3429 3632 3483 libentius
3664 3443 3753 3482 se-

2171 3527 2417 3598 quimur,
2451 3525 2625 3587 aiunt,
2659 3523 2801 3578 haud
2839 3523 2957 3577 ideo
2991 3523 3138 3592 quod
3177 3523 3342 3576 vitam
3395 3523 3512 3590 ipsa
3572 3519 3756 3572 conci-

2173 3621 2327 3674 liaret
2355 3618 2725 3681 vescentibus,
2755 3625 2998 3670 vocatam
3029 3629 3151 3669 esse
3183 3615 3303 3669 vita:
3323 3615 3572 3668 arborem
3603 3612 3756 3683 (per-

2172 3713 2297 3767 inde
2345 3710 2489 3766 enim
2525 3709 2678 3764 rudis
2711 3722 2774 3764 ac
2804 3707 2955 3764 stulti
3010 3706 3210 3777 ingenii
3251 3720 3394 3771 esse,
3443 3704 3756 3759 existimare

2173 3805 2423 3860 arborem
2478 3800 2640 3857 ullam
2681 3801 2812 3856 boni
2869 3799 3106 3869 malique
3157 3799 3523 3867 cognitionem
3571 3795 3753 3864 largiri

2171 3910 2330 3967 posse
2367 3895 2433 3949 iis
2470 3909 2500 3947 a
2539 3893 2738 3962 quibus
2773 3891 3024 3946 ederetur
3053 3909 3065 3945 :
3099 3899 3151 3943 et
3188 3904 3307 3944 esse
3337 3889 3622 3949 arborem,
3650 3902 3756 3955 qua

2171 3989 2214 4043 si
2249 4001 2496 4050 vescare,
2522 3985 2726 4041 evadas
2751 3981 3125 4051 immortalis),
3163 3981 3254 4036 sed
3298 3981 3368 4034 ob
3417 3980 3492 4043 id,
3542 3980 3644 4033 hoc
3679 3977 3760 4033 illi

2173 4094 2370 4133 nomen
2407 4093 2436 4132 a
2472 4077 2579 4132 Deo
2609 4076 2795 4131 datum
2828 4089 2971 4138 esse,
3010 4086 3120 4142 quo
3171 4071 3416 4127 Adamus
3449 4071 3514 4124 ad
3555 4084 3760 4141 paren-

2171 4172 2300 4226 dum
2356 4169 2681 4241 praescripta:
2748 4167 2854 4222 sibi
2912 4165 3013 4235 legi
3060 4164 3414 4219 auimaretur.
3452 4161 3584 4216 Nam
3631 4177 3758 4216 cum

2172 4266 2342 4320 soleat
2370 4263 2572 4333 quaevis
2602 4263 2685 4315 lex
2715 4259 2927 4314 duabus
2967 4259 3077 4311 fere
3112 4257 3310 4310 muniri
3342 4257 3522 4317 rebus,
3583 4269 3761 4322 paena:

2175 4359 2388 4413 scilicet
2451 4353 2899 4416 denuntiatione,
2954 4360 3007 4404 et
3064 4349 3273 4419 prtemii
3339 4348 3758 4418 pollicitatione,

2171 4463 2401 4520 quarum
2443 4447 2533 4499 illa
2583 4440 3119 4514 pnevaricationem,
3156 4440 3270 4494 bare
3311 4438 3749 4493 observationem

483 4551 653 4619 ξρδαηι
696 4553 853 4604 etiam
900 4551 1136 4602 arborem
1165 4551 1281 4603 rin
1311 4551 1363 4602 in
1393 4551 1560 4604 medio
1595 4551 1871 4617 paradiso,
1904 4560 1953 4604 ει
1982 4568 2071 4604 ar-
2103 4536 2146 4590 ί)
2172 4539 2460 4594 comitetur
2507 4537 2709 4607 (neque
2733 4535 2877 4587 enim
2927 4533 3109 4586 minus
3146 4531 3329 4586 deberi
3357 4530 3573 4585 videtur
3624 4545 3763 4598 prie-

482 4644 660 4697 borem
686 4643 918 4696 scientia:
959 4642 1082 4694 boni
1108 4654 1154 4696 et
1187 4642 1314 4696 mali
1332 4642 1398 4706 ⁸³,
1429 4653 1535 4696 etc.
1569 4642 1640 4696 De
1679 4642 1874 4697 arbore
1898 4643 2074 4698 scien-

486 4731 575 4785 tia:
611 4731 736 4784 boni
767 4739 816 4784 et
856 4730 981 4782 mali
1016 4729 1154 4784 satis
1184 4745 1212 4782 a
1250 4731 1407 4784 nobis
1450 4729 1562 4798 jam
1587 4729 1794 4786 dictum
1835 4738 1936 4797 cst,
1983 4746 2075 4786 su-

487 4833 671 4894 perest
725 4824 890 4893 igitur
923 4833 982 4878 ut
1013 4823 1080 4877 de
1109 4823 1308 4877 arbore
1349 4822 1472 4877 vitae
1515 4839 1660 4877 nunc
1712 4825 2070 4889 disseramus,

489 4919 558 4972 de
589 4934 692 4987 qua
718 4918 828 4972 duo
859 4919 974 4972 baac
1015 4917 1241 4972 veniunt
1271 4915 1623 4985 disquireuda
1660 4933 1672 4969 :
1703 4932 1799 4971 enr
1829 4917 1954 4972 vita:
1987 4933 2076 4971 ar-

486 5008 589 5063 bor
618 5017 864 5074 vocetur,
896 5017 949 5063 et
980 4993 1284 5078 cu'jusmodi
1320 5011 1483 5062 arbor
1511 5005 1628 5073 ipsa
1658 5005 1749 5060 sit.
1795 5007 1932 5060 Sunt
1979 5023 2076 5072 au-

490 5112 600 5158 tem
636 5101 728 5172 qui
760 5101 880 5157 ideo
909 5101 1031 5156 vitae
1059 5101 1308 5156 arborem
1345 5100 1668 5170 appellatam
1708 5108 1896 5170 putent
1927 5099 2073 5170 quod

488 5214 554 5253 ea
589 5205 731 5253 esset
767 5198 935 5267 ipsius
964 5197 1209 5252 conditio
1241 5207 1408 5266 atque
1448 5209 1642 5251 natura
1673 5205 1733 5249 ut
1767 5194 1932 5247 vitam
1975 5194 2077 5246 im«

491 5293 778 5348 tiiortalem
819 5293 885 5348 iis
915 5290 1231 5346 conciliaret
1269 5291 1361 5362 qui
1407 5307 1464 5344 sc
1496 5299 1877 5354 vescerentur;
1925 5287 2074 5340 enim

493 5403 620 5442 vero
651 5389 701 5442 lii
733 5389 984 5442 arborem
1023 5385 1265 5441 scientia:
1293 5384 1417 5438 boni
1453 5392 1506 5436 et
1532 5383 1682 5447 mali,
1713 5380 1829 5452 pari
1856 5394 2076 5450 quoque

494 5479 704 5531 ratione
728 5479 925 5534 dictam
961 5477 1170 5544 volunt,
1202 5476 1328 5546 quia
1377 5475 1748 5545 cognitionem
1780 5473 1907 5527 boni
1963 5488 2080 5526 ma-

495 5570 640 5639 lique
672 5573 738 5623 iis
770 5581 982 5640 pareret
1013 5571 1106 5641 qui
1155 5570 1327 5640 ipsam
1378 5568 1624 5634 ederent,
1665 5567 1961 5636 cibumque
2010 5581 2078 5618 ex

493 5680 556 5718 ea
593 5676 876 5733 caperent;
940 5679 1062 5720 nam
1118 5665 1325 5732 Deum,
1363 5678 1458 5735 per
1486 5677 1610 5717 eum
1655 5661 1837 5716 cibum
1878 5661 1973 5732 qui
2011 5674 2075 5714 ex

565 5849 610 5882 "
642 5845 806 5932 Hebr.
860 5859 953 5913 stt,
994 5846 1074 5902 l7.
1152 5847 1353 5905 “ch-
1389 5861 1450 5914 ιι,
1477 5847 1529 5902 9.
1607 5846 1650 5878 ⁸⁵
1678 5845 1814 5900 Gen.
1859 5859 1939 5909 Ill,
1972 5843 2061 5898 ῃ.

2175 4632 2342 4686 mium
2375 4631 2440 4685 iis
2469 4629 2560 4700 qui
2595 4629 2972 4696 obtemperant
2997 4667 3011 4690 ,
3040 4641 3202 4696 quam
3256 4623 3424 4677 multa
3455 4624 3521 4676 iis
3548 4623 3640 4690 qui
3673 4638 3762 4675 rc-

2175 4722 2396 4794 bcllant)
2435 4723 2649 4791 lataque
2681 4735 2710 4774 a
2755 4718 2866 4774 Deo
2910 4719 2995 4773 lex
3038 4726 3203 4782 esset,
3260 4732 3325 4769 ne
3369 4716 3537 4769 Adam
3592 4715 3659 4767 de
3698 4729 3763 4768 ea

2177 4818 2370 4871 arbore
2400 4831 2520 4885 quae
2550 4813 2791 4868 scicntia:
2837 4811 2961 4864 boni
2997 4819 3050 4864 et
3079 4810 3206 4863 mali
3239 4809 3545 4871 dicebatur,
3578 4816 3767 4876 gusta-

2176 4919 2279 4976 ret,
2325 4917 2379 4964 ct
2432 4905 2806 4979 pracvaricanti
2857 4919 3013 4974 poma
3060 4903 3348 4972 prostituta
3395 4901 3509 4969 ipsa
3561 4915 3707 4953 mors
3747 4916 3760 4952 :

2179 5003 2297 5068 Qua
2325 5003 2460 5056 enim
2497 5001 2602 5064 die,
2633 4997 2827 5068 inquit,
2869 4997 2932 5050 de
2968 4993 3063 5049 illa
3091 4995 3286 5056 oderis,
3316 5002 3534 5046 mortem
3572 4991 3764 5051 abibis;

2179 5096 2446 5164 reliquum
2508 5101 2665 5156 erat,
2724 5101 2783 5142 ut
2827 5089 3105 5159 praemium
3151 5085 3312 5140 etiam
3362 5083 3764 5153 promitterctur

2179 5187 2491 5259 observanti
2541 5185 2735 5254 legem.
2771 5183 2959 5250 Itaque
2997 5178 3143 5234 Deus
3190 5184 3618 5232 commonstrata
3661 5174 3768 5227 alia

2180 5283 2374 5338 arbore
2405 5297 2524 5350 qua:
2559 5278 2615 5331 in
2649 5273 2954 5330 meditullio
2984 5272 3221 5342 paradisi
3273 5279 3410 5332 sata,
3447 5282 3643 5337 magno
3673 5282 3769 5319 ex-

2180 5377 2358 5430 stabat
2396 5371 2630 5441 insiguis
2659 5370 2873 5429 decore,
2911 5365 3031 5418 vita:
3085 5376 3203 5416 eam
3242 5359 3555 5430 appellavit,
3603 5356 3784 5426 quasi

2180 5467 2432 5521 diceret:
2467 5465 2523 5517 Si
2575 5463 2642 5516 ab
2705 5462 2793 5514 illa
2847 5460 3043 5512 arbore
3098 5454 3345 5510 scientia).
3375 5451 3501 5506 boni
3550 5459 3604 5504 et
3643 5449 3770 5502 mali

2184 5572 2235 5616 te
2301 5558 2662 5622 continueris,
2708 5555 2918 5626 legique
2966 5565 3096 5605 meae
3146 5543 3632 5616 obteniperavcris,
3703 5558 3771 5595 cn

2186 5655 2282 5711 tibi
2325 5656 2576 5708 arborem
2621 5652 2742 5706 vitzc
2774 5647 2840 5704 dc
2871 5662 2974 5717 qua
3008 5643 3158 5709 cdes,
3193 5641 3452 5710 vivesque
3487 5637 3540 5693 in
3577 5650 3743 5707 perpc

2141 5840 2185 5871 ⁸⁵
2219 5837 2348 5896 ibid.
2391 5835 2468 5892 19.
