4088 6208
317 368 423 438 509

1451 385 1549 445 DE
1589 383 1996 446 PARADISO.
2040 411 2110 422 -·-
2146 385 2341 447 PARS
2382 385 2434 447 ῐ.

3475 384 3595 449 510

314 501 488 545 tuum.
526 487 630 545 Pro
663 491 1002 549 cohortando
1041 493 1206 565 igitur
1259 496 1468 552 Adamo
1494 499 1558 552 ad
1591 499 1896 568 obsequen-
1928 506 1970 562 Α
2004 498 2250 564 duraret,
2297 498 2400 553 hac
2449 503 2665 568 gustata
2723 494 2977 552 evaderet
3023 494 3391 551 immortalis?
3426 497 3594 565 Igitur

309 583 443 639 dum
497 585 619 650 legi,
682 596 874 640 vocata
917 594 1002 641 est
1059 588 1220 642 arbor
1285 590 1375 643 illa
1427 592 1552 645 vitte
1601 593 1784 656 arbor,
1847 602 1906 646 ut

309 687 574 746 quantum
606 680 796 733 mortis
838 681 1057 734 nomine
1095 696 1123 734 a
1154 683 1465 737 rebellando
1487 685 1860 738 deterrerctur
1886 725 1900 746 ,

317 776 532 820 tantum
566 767 688 820 vita:
719 768 984 823 vocabulo
1027 771 1092 823 ad
1145 770 1444 840 parendum
1502 772 1901 840 impelleretur;

324 875 502 928 eaque
541 861 712 929 gratia
760 864 1041 930 praemium
1082 868 1316 934 quoque
1360 865 1515 934 plane
1567 880 1632 918 ex
1676 865 1904 918 adverso

318 968 492 1024 preme
532 955 909 1024 responderet,
943 967 997 1010 et
1031 958 1138 1012 vita
1187 959 1367 1012 morti.
1399 957 1547 1010 lianc
1579 959 1899 1012 sententiam

311 1046 504 1117 probat
533 1049 696 1100 etiam
730 1049 887 1104 divus
933 1053 1186 1112 Severus,
1219 1053 1466 1106 oratione
1523 1052 1611 1116 55,
1666 1052 1729 1104 de
1784 1050 1901 1120 epi-

312 1139 556 1203 thronio,
592 1141 682 1194 ubi
712 1141 779 1196 de
812 1157 974 1197 cruce
1021 1144 1220 1200 Christi
1277 1146 1506 1214 loquens
1560 1146 1634 1200 ait
1669 1161 1683 1196 :
1720 1144 1901 1198 Altera

310 1247 448 1286 vero
477 1231 564 1285 illa
591 1232 732 1298 (vitae
760 1233 1008 1286 arborem
1045 1234 1189 1303 dico)
1227 1235 1452 1304 gloriam
1491 1233 1620 1287 Adae
1658 1232 1898 1301 paritura

309 1332 451 1385 erat,
485 1323 588 1377 nisi
660 1324 746 1377 ille
812 1324 1179 1393 intempestivi
1225 1326 1481 1395 cupidine
1552 1326 1658 1379 cibi
1698 1324 1896 1386 victus,

313 1430 425 1470 non
461 1416 734 1485 paruisset
772 1417 971 1471 edicto.
1002 1427 1107 1472 etc.
1146 1419 1213 1472 At
1247 1420 1390 1472 enim
1441 1429 1645 1488 quaeret
1677 1417 1897 1484 aliquis,

311 1523 415 1563 cur
452 1523 557 1562 non
598 1509 781 1578 potius
811 1524 1058 1580 regnum,
1097 1521 1190 1564 aut
1228 1511 1538 1579 incorrupta
1584 1508 1899 1562 immutabi-

310 1601 490 1672 lisque
521 1602 764 1658 conditio
813 1604 936 1657 vita?
963 1605 1228 1675 promissa
1260 1604 1330 1659 sit
1354 1604 1502 1670 Adae,
1529 1603 1573 1658 si
1610 1602 1750 1657 foret
1781 1615 1898 1654 mo-

311 1695 550 1766 rigerus.
582 1696 684 1748 Sed
720 1697 1114 1765 respondemus
1170 1713 1426 1767 capacem
1462 1697 1611 1751 illum
1649 1696 1898 1767 perfectae

311 1783 643 1854 disciplinze,
676 1786 838 1839 simul
871 1796 1034 1856 atque
1059 1788 1310 1842 conditus
1339 1797 1472 1852 erat,
1505 1802 1626 1842 esse
1660 1803 1766 1841 non
1803 1802 1898 1854 po-

316 1876 486 1932 tuisse
527 1876 650 1948 (δ’).
704 1875 757 1931 Si
790 1879 932 1932 enim
971 1889 1092 1947 post
1123 1879 1428 1934 universam
1483 1881 1626 1934 illam
1679 1870 1812 1950 legis
1853 1889 1905 1934 et

312 1951 702 2036 prophetarum
732 1968 1060 2034 doctrinam,
1090 1968 1402 2024 Judaeorum
1438 1972 1657 2040 quidam
1686 1973 1740 2026 in
1769 1971 1906 2026 Sad-

313 2058 654 2124 duca‘orum,
685 2067 744 2112 ut
774 2071 994 2125 vocant,
1043 2072 1258 2115 sectam
1289 2063 1524 2132 prolapsi
1556 2076 1706 2128 sunt,
1753 2079 1904 2117 mor-

314 2157 654 2221 tuorumque
708 2154 1168 2208 resurrectionem
1220 2164 1274 2209 et
1319 2156 1422 2208 alia
1467 2171 1599 2210 sana
1651 2157 1902 2226 dogmata

314 2253 582 2312 negarunt
640 2261 652 2297 :
734 2255 943 2314 quanto
1005 2246 1180 2316 magis
1249 2247 1672 2301 existimandum
1743 2248 1905 2303 fuerit

313 2336 606 2400 Adamum,
638 2336 688 2389 in
719 2337 838 2406 ipso
876 2339 1057 2393 statim
1087 2339 1381 2394 creationis
1414 2355 1526 2394 sute
1560 2340 1900 2407 rudimento,

315 2427 631 2493 incapacem
665 2427 832 2483 fuisse
879 2429 1145 2485 absoluta:
1175 2431 1322 2486 illius
1353 2432 1616 2486 doctrina:
1639 2450 1743 2503 qua
1779 2449 1903 2501 per-

315 2520 539 2573 suaderi
602 2521 904 2589 quivisset,
955 2538 1179 2577 manere
1228 2525 1446 2595 aliquod
1480 2527 1715 2580 sublime
1765 2542 1906 2595 prae.

313 2613 484 2666 mium
537 2629 633 2668 eos
680 2616 772 2684 qui
831 2616 997 2671 Deum
1064 2620 1352 2683 amarent,
1403 2630 1904 2689 przeceptorumquc

318 2704 442 2773 ejus
494 2707 852 2762 observantes
906 2719 1124 2771 essent;
1190 2711 1366 2780 ipsum
1428 2726 1620 2781 nempe
1686 2713 1906 2766 caeleste

314 2801 590 2867 regnum?
661 2799 912 2856 Profecto
962 2803 1186 2857 utftlios
1238 2813 1456 2858 nostros
1497 2820 1633 2872 quos
1679 2805 1906 2858 tenellos

317 2890 387 2946 ad
439 2891 628 2945 ludum
679 2893 1003 2947 litterarium
1071 2896 1339 2950 mittimus
1390 2895 1744 2960 erudiendos,
1779 2896 1906 2964 quia

316 2983 539 3054 ingenio
579 2984 758 3039 adhuc
791 2987 910 3041 rudi
945 2997 1094 3052 sunt,
1129 2997 1181 3042 et
1214 2987 1454 3042 nondum
1490 2988 1762 3052 absoluto,
1797 3005 1904 3043 non

318 3075 702 3146 hujuscemodi
761 3079 937 3132 verbis
978 3082 1410 3150 prosequimur:
1448 3081 1486 3145 l,
1548 3081 1615 3135 da
1683 3097 1903 3150 operam

318 3171 541 3237 litteris,
591 3181 646 3225 ut
704 3173 755 3226 in
790 3175 962 3226 virum
998 3175 1315 3244 prudentem
1364 3183 1526 3244 atque
1560 3176 1777 3230 doctum
1804 3215 1816 3237 ,
1853 3185 1906 3229 et

317 3265 664 3336 popularium
713 3275 930 3321 tuorum
989 3271 1274 3335 primatem
1315 3269 1554 3323 evadas:
1585 3269 1678 3323 sed
1738 3269 1903 3324 meris

317 3360 602 3415 blanditiis
639 3363 703 3414 ad
758 3362 1214 3432 frequentandum
1272 3363 1456 3417 ludum
1511 3363 1905 3432 discendasque

320 3451 533 3507 litteras
615 3453 985 3519 cohortamur,
1042 3464 1093 3509 ct
1170 3455 1480 3510 inducimus
1518 3474 1531 3509 :
1569 3457 1638 3510 ita
1698 3456 1906 3509 Adamo

321 3562 538 3616 quoque
602 3545 766 3611 Deus,
803 3563 992 3604 recens
1027 3565 1054 3603 a
1083 3565 1139 3605 se
1165 3551 1406 3605 conditio
1441 3552 1611 3621 legem
1636 3532 1639 3534 ’
1662 3550 1906 3620 praescri-

320 3638 505 3701 bebat,
544 3653 640 3707 per
669 3655 831 3708 quam
874 3656 932 3694 se
977 3642 1214 3696 revereri
1259 3643 1518 3706 disceret,
1551 3658 1779 3712 eamque
1828 3643 1906 3695 Ie-

320 3745 440 3801 gem
470 3733 516 3785 si
551 3731 871 3798 transiliret,
899 3745 1126 3787 mortem
1161 3735 1411 3789 denuntia
1427 3736 1554 3789 bat:
1595 3737 1675 3789 sin
1719 3735 1907 3789 obser-

319 3832 508 3889 varet,
561 3840 954 3880 concessurum
997 3841 1057 3880 se
1102 3828 1203 3898 ipsi
1249 3831 1602 3896 promittebat
1650 3829 1901 3882 arborem

319 3915 466 3978 vitae,
499 3915 564 3966 de
596 3930 701 3983 qua
734 3915 820 3968 ubi
852 3923 1146 3984 gustaSSet,
1173 3917 1401 3986 adeptus
1437 3915 1902 3969 immortalitatem

318 4007 569 4060 victurus
613 4017 756 4061 esset
800 4008 962 4060 vitam
1007 4009 1416 4077 sempiternam.
1449 4005 1565 4062 Non
1606 4022 1736 4076 ergo
1782 4006 1903 4060 rudi

321 4102 507 4157 adhuc
537 4114 588 4156 et
617 4103 835 4157 indocili
872 4104 1079 4157 homini
1109 4103 1360 4158 dicebat?
1397 4103 1637 4158 Daturus‘
1660 4119 1780 4156 sum
1809 4102 1902 4156 tibi

317 4193 569 4262 jussibus
621 4194 751 4247 meis
797 4195 1008 4262 parenti
1050 4194 1271 4248 eteleste
1317 4207 1584 4260 regnum;
1619 4191 1713 4245 sed
1745 4191 1906 4243 arbo-

322 4298 438 4337 rem
475 4283 641 4337 Veluti
676 4283 846 4352 digito
868 4285 1191 4338 ostendebat
1226 4297 1440 4338 amoena
1481 4284 1661 4352 specie
1698 4281 1906 4351 appeti-

326 4380 510 4444 bilem,
544 4379 834 4450 fructuque
869 4390 1139 4449 comptam
1179 4395 1302 4442 suo,
1367 4395 1531 4450 quam
1586 4380 1706 4433 vitae
1740 4377 1902 4431 arbo-

328 4485 442 4524 rem
482 4473 728 4535 vocabat,
761 4473 1143 4542 morigeroque
1177 4472 1250 4525 illi
1283 4471 1628 4540 promittebat
1677 4469 1793 4524 fore
1846 4476 1905 4522 ut

2007 607 2069 644 cx
2111 592 2175 645 iis
2226 607 2346 661 qua-
2385 591 2496 659 jant
2551 590 2692 644 dicta
2741 597 2890 653 sunt,
2927 587 3136 643 clarum
3167 597 3283 653 est,
3319 588 3442 641 ideo
3471 589 3596 643 vita:

2008 698 2202 737 nomen
2245 697 2274 735 a
2308 680 2416 736 Deo
2468 681 2652 734 arbori
2704 681 2780 734 illi
2813 695 2933 735 esse
2979 681 3235 742 inditum,
3269 689 3326 733 ut
3373 694 3440 733 eo
3486 696 3593 733 non

2007 775 2192 829 minus
2219 775 2488 828 Adamnm
2513 773 2578 828 ad
2609 775 3006 828 observandam
3032 773 3146 843 jam
3193 782 3306 827 tum
3345 773 3595 843 przeseri-

2006 876 2152 938 ptam
2183 884 2208 920 a
2238 882 2296 922 se
2333 867 2505 936 legem
2539 867 2808 920 animaret
2840 877 3002 936 atque
3027 871 3357 937 propensum
3398 867 3594 922 redde-

2004 969 2108 1018 ret.
2169 972 2331 1026 quam
2365 957 2528 1026 paulo
2573 968 2698 1011 ante
2742 957 2937 1011 mortis
2978 957 3252 1013 nominea
3285 958 3597 1012 rebellando

2003 1050 2358 1103 deterruerat.
2384 1049 2489 1104 Sed
2515 1051 2627 1104 haec
2651 1050 2716 1105 de
2744 1051 2986 1105 nominis
3014 1053 3230 1105 ratione
3254 1051 3389 1105 satis
3411 1059 3598 1106 sunto.

2005 1141 2159 1208 Quod
2194 1157 2358 1212 porro
2387 1149 2578 1208 restat,
2613 1142 2774 1211 cujus
2821 1158 2881 1196 ea
2933 1143 3097 1196 arbor
3141 1144 3358 1212 generis
3413 1143 3598 1204 fuerit,

2005 1237 2274 1291 neminem
2333 1236 2511 1292 adhuc
2565 1236 2850 1292 doctorum
2919 1236 3164 1290 omnium
3214 1235 3446 1307 legimus
3501 1237 3596 1306 qui

2002 1329 2182 1400 qualis
2232 1329 2408 1398 reipsa
2463 1339 2625 1399 atque
2676 1328 2812 1383 adeo
2869 1328 3116 1396 corporis
3164 1328 3350 1382 habitu
3403 1327 3589 1388 fuerit,

2002 1422 2330 1493 explicarit;
2373 1437 2495 1474 nam
2525 1422 2615 1491 qui
2666 1421 2894 1491 mystice
2929 1421 3422 1488 interpretarentur
3447 1418 3600 1471 inve-

2010 1515 2193 1568 nimus
2222 1513 2556 1580 complures,
2589 1521 2641 1566 et
2674 1526 2775 1566 nos
2805 1525 3023 1580 quoque
3059 1509 3168 1564 Deo
3201 1508 3348 1574 freti,
3380 1509 3600 1580 quando

2001 1606 2055 1661 in
2092 1603 2464 1676 operis‘hujus
2518 1617 2808 1672 progressu
2852 1601 3167 1672 paradisum
3224 1583 3461 1667 ﬁgurafe
3506 1616 3601 1656 ex-

2002 1699 2326 1770 plicabimus
2353 1737 2369 1760 ,
2401 1712 2464 1752 ea
2498 1711 2618 1766 quae
2647 1695 2712 1748 ad
2748 1709 2951 1748 arcana
2982 1694 3147 1763 hujus
3180 1694 3398 1748 arboris
3440 1707 3601 1748 sensa

2009 1799 2298 1860 spectant,
2333 1803 2689 1859 exponemus.
2728 1787 2966 1855 lngenue
3003 1787 3168 1856 igitur
3198 1788 3434 1841 fatemur
3462 1801 3600 1839 nou-

1939 1862 1979 1915 Β
2009 1885 2136 1940 dum
2172 1884 2428 1938 didicisse
2465 1896 2571 1936 nos
2600 1879 2908 1949 qualisnam
2943 1879 3108 1932 arbor
3142 1877 3304 1932 fuerit
3331 1893 3452 1947 qua:
3478 1877 3602 1931 vita:

2006 1977 2340 2040 vocabatur,
2395 1974 2612 2028 interim
2671 1979 3020 2042 corporatam
3073 1984 3260 2026 revera
3324 1969 3602 2024 exstitisse

2007 2077 2158 2126 certo
2217 2068 2462 2138 persuasi
2529 2081 2761 2132 sumus,
2815 2065 3107 2135 ipsumque
3153 2063 3484 2119 vocabulqu
3536 2078 3604 2117 ex

2015 2162 2317 2218 creationis
2373 2160 2511 2215 libro
2567 2159 2926 2219 didiseimus,
2979 2155 3122 2226 quod
3174 2171 3274 2225 pro
3327 2154 3603 2208 incitando

2004 2255 2216 2309 Adamo
2249 2253 2313 2307 ad
2344 2252 2706 2308 obedientiam
2741 2251 2930 2304 datum
2966 2249 3039 2302 illi
3077 2263 3198 2303 esse
3220 2247 3334 2317 jam
3369 2248 3601 2301 demon-

2006 2348 2301 2403 stravimus
2337 2365 2351 2401 :
2388 2361 2573 2400 verum
2606 2345 2839 2415 speciem
2867 2345 3068 2412 ipsam,
3090 2351 3142 2395 ct
3174 2340 3386 2395 fructus
3414 2342 3602 2409 quales

2007 2438 2246 2500 fuerint,
2309 2440 2620 2508 quibusque
2645 2447 2862 2505 compta
2913 2435 3078 2512 fuerit
3115 2433 3424 2496 frondibus,
3460 2447 3600 2485 non-

2011 2533 2141 2586 dum
2176 2530 2435 2584 discendo
2473 2545 2659 2583 sumus
2690 2528 2948 2583 assecuti.

2582 2619 2814 2673 CAPUT
2872 2619 3013 2674 XXI.

2082 2715 2156 2769 De
2182 2715 2341 2784 ﬂuvio
2388 2715 2477 2784 qui
2532 2713 2845 2780 paradisum
2898 2711 3130 2781 rigabat,
3173 2719 3223 2764 et
3259 2710 3323 2763 de
3371 2717 3600 2779 quatuor

2008 2808 2183 2877 ﬂuviis
2203 2808 2293 2877 qui
2327 2821 2390 2860 ex
2428 2806 2524 2859 illo
2559 2804 2968 2857 diducebantur.
3027 2832 3097 2844 ——
3157 2803 3331 2858 Porro
3386 2803 3452 2856 de
3489 2800 3592 2854 flu-

2010 2897 2157 2951 mine
2204 2896 2351 2965 quod
2414 2894 2725 2964 paradisum
2795 2895 3003 2961 irrigat,
3055 2895 3168 2948 lucc
3201 2896 3401 2963 scripta
3435 2895 3594 2947 nobis

2011 2989 2234 3058 reliquit
2286 2989 2441 3042 divus
2496 2987 2717 3042 Moses:
2766 2986 2830 3040 Et
2871 2990 3067 3058 ﬂuuteu
3121 2987 3480 3056 egrediebatur
3528 3002 3592 3038 ea:

2019 3082 2163 3135 (ideo
2191 3081 2261 3134 ad
2288 3080 2620 3150 irrigaudum
2649 3081 2985 3148 paradisum,
3022 3090 3181 3149 atque
3211 3080 3332 3133 inde
3364 3079 3596 3133 divisum

2012 3174 2176 3228 evasit
2209 3173 2264 3225 in
2290 3181 2522 3242 quatuor
2552 3173 2808 3240 capita".
2848 3171 2942 3226 Est
2992 3181 3176 3226 autem
3213 3188 3241 3226 a
3293 3173 3451 3226 nobis
3481 3173 3593 3241 jam

2008 3269 2216 3323 dictum
2266 3267 2442 3333 capite
2475 3265 2558 3318 16.
2591 3266 2737 3319 Edeu
2800 3281 2923 3319 esse
2954 3266 3230 3335 regionem
3263 3267 3589 3334 spatiostm.

2008 3360 2269 3428 amplam,
2298 3372 2592 3421 alumnam,
2622 3357 2851 3412 variam.
2884 3356 3207 3411 Paradisunt
3256 3373 3389 3412 vero
3413 3357 3593 3410 locum

2008 3469 2152 3517 esse,
2185 3453 2453 3523 pulchris,
2489 3452 2810 3515 fructuosis.
2845 3453 3262 3522 praestantibus,
3300 3453 3590 3506 laudabili-

2007 3547 2218 3614 busque
2244 3545 2556 3607 arboribus.
2589 3560 2699 3614 pra:
2737 3546 3018 3613 quibusvis
3055 3545 3178 3599 aliis
3217 3545 3270 3597 in
3298 3553 3406 3598 tota
3442 3545 3587 3596 Edeu

2007 3639 2145 3694 locis
2176 3648 2428 3693 ornatum
2473 3655 2486 3692 :
2523 3638 2846 3692 l‘aradisum
2878 3639 3024 3692 enim
3050 3637 3170 3706 ejus
3199 3637 3437 3707 regionis
3470 3652 3592 3706 quae.

2008 3731 2156 3786 Eden
2185 3732 2407 3792 dicitur,
2446 3741 2650 3799 partem
2704 3746 2827 3785 esse
2879 3731 3018 3785 inter
3055 3731 3190 3784 alias
3220 3747 3412 3785 omnes
3447 3745 3591 3800 pra:-

2007 3826 2425 3885 stantissimam,
2487 3824 3001 3888 laudabilissimam,
3063 3834 3230 3895 atque
3283 3825 3589 3878 cultoribus

2008 3919 2126 3974 suis
2177 3915 2701 3983 commodissimam.
2771 3915 2936 3984 Igitur
3001 3916 3130 3970 illud
3163 3915 3367 3970 ﬂumen
3404 3933 3595 3971 revera

2008 4011 2222 4080 ingens,
2253 4007 2516 4075 amplum,
2551 4009 2856 4075 copiosum,
2887 4008 3119 4077 insigne,
3164 4026 3227 4062 ex
3267 4019 3407 4063 terra
3442 4011 3589 4063 Edeu

2008 4102 2318 4157 scaturiens
2346 4109 2508 4165 atque
2566 4115 2916 4168 promanans,
2963 4101 3017 4153 in
3063 4103 3301 4155 medium
3347 4112 3596 4171 penetrat

2008 4193 2324 4263 paradisum
2350 4231 2365 4256 ,
2394 4207 2632 4262 eumque
2681 4190 2997 4245 universum
3062 4192 3287 4264 irrigat;
3323 4210 3431 4263 quo
3471 4211 3595 4263 pet-

2005 4286 2142 4351 luto,
2179 4285 2401 4340 finditur
2456 4286 2508 4339 in
2559 4292 2796 4354 quatuor
2859 4285 3054 4339 deinde
3110 4286 3327 4348 fluvios,
3365 4287 3596 4357 etipsos

2005 4379 2263 4451 grandes,
2296 4378 2388 4447 qui
2430 4377 2498 4430 ab
2548 4377 2640 4431 illo
2676 4377 2908 4439 diducti,
2974 4378 3136 4432 simul
3170 4386 3337 4446 atque
3381 4380 3596 4446 paradi-

2007 4489 2127 4529 sum
2161 4472 2456 4541 rcliqucre,
2493 4473 2596 4526 snb
2650 4472 2767 4541 ipsa
2829 4471 2998 4525 maris
3032 4469 3234 4525 Oceani
3281 4474 3413 4528 vada
3445 4472 3597 4526 dela-

325 4577 389 4616 ea
437 4573 752 4617 vesceretur
789 4574 842 4617 et
894 4565 1146 4618 evaderet
1192 4565 1540 4617 immortalis.
1584 4561 1771 4633 Neque
1819 4570 1904 4618 est
1936 4565 1978 4620 υ
2010 4564 2242 4629 buntur;
2279 4573 2442 4632 atque
2473 4563 2597 4616 inde
2621 4577 2814 4617 rursus
2859 4562 2912 4616 in
2940 4562 3090 4616 baca
3142 4561 3302 4616 nobis
3355 4562 3594 4618 habitata

323 4653 472 4724 quod
519 4654 643 4722 quis
695 4656 809 4708 ha‘c
857 4656 1083 4709 miretur
1119 4656 1170 4709 in
1206 4657 1449 4720 Adamo,
1501 4657 1721 4724 quando
1770 4656 1903 4725 ipsis

321 4745 487 4802 etiam
524 4743 728 4801 Iudaeis
757 4757 878 4816 post
907 4747 1197 4801 otunifaria
1249 4749 1383 4818 legis
1426 4757 1691 4817 praecepta
1740 4760 1904 4817 atque

320 4840 578 4893 instituta
617 4878 632 4902 ,
668 4855 773 4892 non
813 4840 1038 4894 caeleste
1071 4855 1293 4908 regnum
1344 4857 1372 4893 a
1415 4839 1526 4893 Deo
1573 4841 1901 4909 promissum

322 4931 506 4998 est,si
555 4933 715 4987 dictis
771 4934 888 5003 ejus
930 4933 1387 4996 obsecundarcnt,
1429 4933 1523 4988 sed
1570 4943 1713 4986 terra
1770 4932 1908 4986 lacte

320 5022 594 5091 melleque
635 5023 881 5089 afﬂuens,
912 5033 966 5077 et
1001 5024 1256 5076 arborqu
1299 5023 1686 5092 fructuumque
1732 5024 1906 5087 ferax,

324 5116 519 5184 quales
549 5127 678 5170 sunt
716 5117 838 5169 mali
879 5115 1117 5186 punicae,
1147 5116 1314 5181 olere,
1367 5118 1595 5187 palmae,
1628 5128 1733 5172 etc.
1767 5118 1907 5185 Quid

325 5207 495 5276 igitur
551 5209 752 5262 mirum
809 5209 853 5263 si
907 5209 1138 5274 Adamo,
1190 5212 1276 5264 cui
1326 5226 1501 5280 nuper
1549 5212 1685 5267 adeo
1741 5213 1909 5282 legem

329 5298 709 5370 imposuerat,
741 5301 955 5356 edulem
990 5302 1241 5358 arborem
1275 5304 1551 5370 ostendit,
1577 5321 1740 5376 quam
1792 5308 1912 5361 vita:

329 5394 640 5460 appellavit,
670 5409 731 5449 ea
761 5394 1125 5464 promissione
1151 5395 1382 5476 adjecta,
1409 5407 1467 5453 ut
1498 5398 1543 5453 si
1574 5398 1626 5452 iu
1653 5401 1915 5470 obsequio

397 5569 442 5602 ⁵⁸
476 5569 613 5623 Gen.
651 5585 710 5627 tt.
753 5569 835 5623 l0.

403 5713 499 5788 li‘)
532 5711 756 5769 Fall'tur
781 5714 1124 5788 iiar-Ceplta.
1146 5716 1278 5770 Nam
1307 5733 1429 5772 vera
1461 5717 1726 5788 theologia
1752 5719 1911 5774 docet

333 5779 602 5860 Atlantqu
653 5785 928 5839 conditum
1074 5787 1181 5842 lleo
1237 5789 1287 5842 iu
1350 5799 1493 5843 statu
1546 5779 1904 5855 perfecturum

331 5859 680 5908 sdentaruut
717 5868 768 5908 ct
807 5859 1203 5924 roguitionuut,
1235 5868 1342 5914 tam
1383 5860 1709 5913 naturalium
1745 5876 1907 5930 quant

2010 4666 2296 4727 emergunt
2331 4665 2495 4710 terra.
2533 4652 2722 4724 Neque
2751 4671 2882 4709 vero
2914 4656 3026 4710 lucc
3085 4656 3241 4710 nobis
3303 4657 3408 4726 ipsi
3434 4657 3596 4728 lingi-

2015 4766 2137 4805 mus
2183 4749 2277 4803 sed
2311 4757 2572 4818 tanquam
2606 4747 2773 4803 Mosis
2807 4750 3082 4818 praphetae
3128 4749 3308 4803 verbis
3358 4766 3595 4806 consen-

2011 4853 2173 4898 tanea
2231 4844 2672 4912 pronuntiamus,
2705 4857 2827 4912 qua:
2883 4853 3074 4896 sancto
3132 4840 3338 4913 Spiritu
3374 4855 3597 4899 auctore

2015 4937 2219 5006 seripta
2253 4949 2399 4989 sunt.
2432 4933 2568 4988 Nam
2602 4936 2800 4989 flumen
2835 4935 2965 4989 illud
3000 4951 3065 4989 ex
3131 4946 3272 4992 terra
3303 4936 3449 4991 Eden
3486 4938 3594 4992 ori-

2016 5029 2195 5098 ginem
2226 5030 2443 5094 ducere,
2475 5039 2640 5098 atque
2669 5027 2943 5099 proﬂuere
2985 5027 3072 5084 his
3105 5031 3286 5084 verbis
3318 5029 3592 5084 affirmat:

2016 5117 2241 5174 Flumen
2274 5121 2642 5191 egrediebatur
2696 5138 2762 5176 ea:
2810 5119 2982 5176 Eden.
3016 5120 3230 5177 Rursus
3261 5123 3406 5192 quod
3438 5137 3594 5191 para-

2015 5212 2189 5266 disllm
2224 5215 2432 5281 perluat
2452 5223 2617 5283 atque
2643 5215 2853 5284 irriget,
2873 5215 2957 5270 his
2989 5232 3001 5268 :
3029 5214 3464 5285 Ad-irrigaudum
3495 5231 3594 5282 pa-

2018 5307 2277 5360 radisum.
2319 5305 2590 5362 Praeterea
2623 5308 3017 5364 derivationem
3038 5310 3183 5363 illam
3210 5322 3372 5376 quam
3409 5307 3587 5377 iugen-

2019 5403 2098 5449 tcs
2124 5393 2320 5450 ﬂuvios
2346 5397 2459 5452 fieri
2484 5397 2747 5465 diximus,
2771 5399 3003 5469 irrigato
3030 5398 3140 5468 jam
3165 5407 3276 5451 tum
3300 5396 3553 5453 oaradiso
3577 5414 3591 5465 ;

2019 5725 2546 5792 superuaturaliu'n,
2583 5741 2702 5793 quae
2745 5723 3041 5794 principem
3076 5735 3127 5778 ι·ι
3162 5741 3327 5794 caput
3370 5728 3594 5786 humani

2016 5796 2232 5864 generis
2267 5796 2478 5852 dicebat
2513 5797 2569 5848 S.
2610 5795 2804 5851 Tltont.
2837 5812 2848 5851 I
2879 5813 2929 5864 p.
2966 5813 3021 5868 q.
3065 5797 3133 5854 υι
3163 5809 3266 5854 art.
3300 5801 3356 5854 5.
