  <div class='ocr_page' id='page_1' title='image "/cluster/home/n/w/nwhite01/storage/ocr_20150623/111/hvd.32044073502288/277.png"; bbox 0 0 4088 6208; ppageno 0'>
   <div class='ocr_carea' id='block_1_1' title="bbox 495 359 590 421">
    <p class='ocr_par' dir='ltr' id='par_1_1' title="bbox 495 359 590 421">
     <span class='ocr_line' id='line_1_1' title="bbox 495 359 590 421; baseline -0.042 1"><span class='ocrx_word' id='word_1_1' title='bbox 495 359 590 421; x_wconf 83' lang='grc'><strong>511</strong></span> 
     </span>
    </p>
   </div>
   <div class='ocr_carea' id='block_1_2' title="bbox 1763 344 2469 412">
    <p class='ocr_par' dir='ltr' id='par_1_2' title="bbox 1763 344 2469 412">
     <span class='ocr_line' id='line_1_2' title="bbox 1763 344 2469 412; baseline -0.008 -2"><span class='ocrx_word' id='word_1_2' title='bbox 1763 348 1993 412; x_wconf 83' lang='lat' dir='ltr'><strong>MOSIS</strong></span> <span class='ocrx_word' id='word_1_3' title='bbox 2030 344 2181 404; x_wconf 73' lang='grc' dir='ltr'><strong>ΒΑΗ</strong></span> <span class='ocrx_word' id='word_1_4' title='bbox 2222 344 2469 406; x_wconf 75' lang='lat' dir='ltr'><strong>CEPBA</strong></span> 
     </span>
    </p>
   </div>
   <div class='ocr_carea' id='block_1_3' title="bbox 3646 338 3751 401">
    <p class='ocr_par' dir='ltr' id='par_1_3' title="bbox 3646 338 3751 401">
     <span class='ocr_line' id='line_1_3' title="bbox 3646 338 3751 401; baseline -0.019 0"><span class='ocrx_word' id='word_1_5' title='bbox 3646 338 3751 401; x_wconf 66' lang='lat' dir='ltr'><strong>bl!</strong></span> 
     </span>
    </p>
   </div>
   <div class='ocr_carea' id='block_1_4' title="bbox 498 450 3752 536">
    <p class='ocr_par' dir='ltr' id='par_1_4' title="bbox 498 450 3752 536">
     <span class='ocr_line' id='line_1_4' title="bbox 498 450 3752 536; baseline -0.004 -14"><span class='ocrx_word' id='word_1_6' title='bbox 498 471 613 524; x_wconf 72' lang='lat' dir='ltr'><strong>lucc</strong></span> <span class='ocrx_word' id='word_1_7' title='bbox 646 466 810 523; x_wconf 80' lang='lat' dir='ltr'><strong>verba</strong></span> <span class='ocrx_word' id='word_1_8' title='bbox 844 464 1153 536; x_wconf 88' lang='lat' dir='ltr'><strong>signiﬁcant</strong></span> <span class='ocrx_word' id='word_1_9' title='bbox 1186 482 1199 519; x_wconf 91' lang='lat'><strong>:</strong></span> <span class='ocrx_word' id='word_1_10' title='bbox 1236 463 1302 517; x_wconf 85' lang='lat' dir='ltr'><strong>Et</strong></span> <span class='ocrx_word' id='word_1_11' title='bbox 1330 463 1478 519; x_wconf 82' lang='lat' dir='ltr'><strong>illim:</strong></span> <span class='ocrx_word' id='word_1_12' title='bbox 1500 463 1751 533; x_wconf 77' lang='lat' dir='ltr'><strong>ﬁnditur,</strong></span> <span class='ocrx_word' id='word_1_13' title='bbox 1800 474 1847 517; x_wconf 82' lang='lat' dir='ltr'><strong>et</strong></span> <span class='ocrx_word' id='word_1_14' title='bbox 1896 461 2073 517; x_wconf 76' lang='lat' dir='ltr'><strong>evadit</strong></span> <span class='ocrx_word' id='word_1_15' title='bbox 2103 460 2148 515; x_wconf 84' lang='grc' dir='ltr'><strong>Δ</strong></span> <span class='ocrx_word' id='word_1_16' title='bbox 2178 470 2275 523; x_wconf 89' lang='lat' dir='ltr'><strong>per</strong></span> <span class='ocrx_word' id='word_1_17' title='bbox 2304 456 2449 527; x_wconf 90' lang='lat' dir='ltr'><strong>quod</strong></span> <span class='ocrx_word' id='word_1_18' title='bbox 2482 455 2681 521; x_wconf 91' lang='lat' dir='ltr'><strong>ﬂuunt,</strong></span> <span class='ocrx_word' id='word_1_19' title='bbox 2714 451 3013 520; x_wconf 86' lang='lat' dir='ltr'><strong>dulciores,</strong></span> <span class='ocrx_word' id='word_1_20' title='bbox 3047 453 3372 518; x_wconf 81' lang='lat' dir='ltr'><strong>amariores,</strong></span> <span class='ocrx_word' id='word_1_21' title='bbox 3406 450 3752 521; x_wconf 84' lang='lat' dir='ltr'><strong>insulsiorcs,</strong></span> 
     </span>
    </p>
   </div>
   <div class='ocr_carea' id='block_1_5' title="bbox 495 556 2070 630">
    <p class='ocr_par' dir='ltr' id='par_1_5' title="bbox 495 556 2070 630">
     <span class='ocr_line' id='line_1_5' title="bbox 495 556 2070 630; baseline -0.003 -14"><span class='ocrx_word' id='word_1_22' title='bbox 495 565 551 616; x_wconf 73' lang='lat' dir='ltr'><strong>in</strong></span> <span class='ocrx_word' id='word_1_23' title='bbox 584 563 618 615; x_wconf 72' lang='grc'><strong>4</strong></span> <span class='ocrx_word' id='word_1_24' title='bbox 640 561 856 629; x_wconf 85' lang='lat' dir='ltr'><strong>capita:</strong></span> <span class='ocrx_word' id='word_1_25' title='bbox 892 561 1125 630; x_wconf 82' lang='lat' dir='ltr'><strong>denique</strong></span> <span class='ocrx_word' id='word_1_26' title='bbox 1158 574 1280 612; x_wconf 90' lang='lat' dir='ltr'><strong>eum</strong></span> <span class='ocrx_word' id='word_1_27' title='bbox 1308 556 1462 613; x_wconf 90' lang='lat' dir='ltr'><strong>addit</strong></span> <span class='ocrx_word' id='word_1_28' title='bbox 1488 557 1670 613; x_wconf 80' lang='lat' dir='ltr'><strong>Moses</strong></span> <span class='ocrx_word' id='word_1_29' title='bbox 1699 557 1867 612; x_wconf 90' lang='lat' dir='ltr'><strong>unius</strong></span> <span class='ocrx_word' id='word_1_30' title='bbox 1922 558 2070 612; x_wconf 89' lang='lat' dir='ltr'><strong>ﬂuvii</strong></span> 
     </span>
    </p>
   </div>
   <div class='ocr_carea' id='block_1_6' title="bbox 497 650 2072 720">
    <p class='ocr_par' dir='ltr' id='par_1_6' title="bbox 497 650 2072 720">
     <span class='ocr_line' id='line_1_6' title="bbox 497 650 2072 720; baseline -0.003 -12"><span class='ocrx_word' id='word_1_31' title='bbox 497 670 696 710; x_wconf 83' lang='lat' dir='ltr'><strong>nomen</strong></span> <span class='ocrx_word' id='word_1_32' title='bbox 733 668 853 708; x_wconf 91' lang='lat' dir='ltr'><strong>esse</strong></span> <span class='ocrx_word' id='word_1_33' title='bbox 895 650 1119 716; x_wconf 89' lang='lat' dir='ltr'><strong>Phison,</strong></span> <span class='ocrx_word' id='word_1_34' title='bbox 1176 665 1410 720; x_wconf 88' lang='lat' dir='ltr'><strong>eumque</strong></span> <span class='ocrx_word' id='word_1_35' title='bbox 1462 651 1698 705; x_wconf 84' lang='lat' dir='ltr'><strong>circuire</strong></span> <span class='ocrx_word' id='word_1_36' title='bbox 1761 650 2072 705; x_wconf 78' lang='lat' dir='ltr'><strong>universam</strong></span> 
     </span>
    </p>
   </div>
   <div class='ocr_carea' id='block_1_7' title="bbox 499 740 2076 810">
    <p class='ocr_par' dir='ltr' id='par_1_7' title="bbox 499 740 2076 810">
     <span class='ocr_line' id='line_1_7' title="bbox 499 740 2076 810; baseline -0.003 -11"><span class='ocrx_word' id='word_1_37' title='bbox 499 759 698 800; x_wconf 89' lang='lat' dir='ltr'><strong>terram</strong></span> <span class='ocrx_word' id='word_1_38' title='bbox 728 743 949 807; x_wconf 82' lang='lat' dir='ltr'><strong>Hevila;</strong></span> <span class='ocrx_word' id='word_1_39' title='bbox 1005 742 1231 797; x_wconf 89' lang='lat' dir='ltr'><strong>alterius</strong></span> <span class='ocrx_word' id='word_1_40' title='bbox 1286 756 1415 794; x_wconf 85' lang='lat' dir='ltr'><strong>vero</strong></span> <span class='ocrx_word' id='word_1_41' title='bbox 1449 740 1660 804; x_wconf 84' lang='lat' dir='ltr'><strong>Gcbon,</strong></span> <span class='ocrx_word' id='word_1_42' title='bbox 1694 741 1785 809; x_wconf 90' lang='lat' dir='ltr'><strong>qui</strong></span> <span class='ocrx_word' id='word_1_43' title='bbox 1820 740 2076 810; x_wconf 90' lang='lat' dir='ltr'><strong>pervadat</strong></span> 
     </span>
    </p>
   </div>
   <div class='ocr_carea' id='block_1_8' title="bbox 500 830 2077 903">
    <p class='ocr_par' dir='ltr' id='par_1_8' title="bbox 500 830 2077 903">
     <span class='ocr_line' id='line_1_8' title="bbox 500 830 2077 903; baseline -0.003 -14"><span class='ocrx_word' id='word_1_44' title='bbox 500 845 666 889; x_wconf 86' lang='lat' dir='ltr'><strong>totam</strong></span> <span class='ocrx_word' id='word_1_45' title='bbox 736 833 1009 903; x_wconf 80' lang='lat' dir='ltr'><strong>regionem</strong></span> <span class='ocrx_word' id='word_1_46' title='bbox 1068 830 1399 901; x_wconf 63' lang='lat' dir='ltr'><strong>Ethiopian;</strong></span> <span class='ocrx_word' id='word_1_47' title='bbox 1438 832 1655 885; x_wconf 89' lang='lat' dir='ltr'><strong>tertium</strong></span> <span class='ocrx_word' id='word_1_48' title='bbox 1706 846 1872 900; x_wconf 89' lang='lat' dir='ltr'><strong>porro</strong></span> <span class='ocrx_word' id='word_1_49' title='bbox 1906 830 2077 885; x_wconf 89' lang='lat' dir='ltr'><strong>Diclat</strong></span> 
     </span>
    </p>
   </div>
   <div class='ocr_carea' id='block_1_9' title="bbox 497 922 2076 995">
    <p class='ocr_par' dir='ltr' id='par_1_9' title="bbox 497 922 2076 995">
     <span class='ocr_line' id='line_1_9' title="bbox 497 922 2076 995; baseline -0.003 -16"><span class='ocrx_word' id='word_1_50' title='bbox 497 926 801 995; x_wconf 79' lang='lat' dir='ltr'><strong>appellari,</strong></span> <span class='ocrx_word' id='word_1_51' title='bbox 860 938 1099 992; x_wconf 91' lang='lat' dir='ltr'><strong>eumque</strong></span> <span class='ocrx_word' id='word_1_52' title='bbox 1167 930 1359 977; x_wconf 91' lang='lat' dir='ltr'><strong>contra</strong></span> <span class='ocrx_word' id='word_1_53' title='bbox 1434 922 1596 977; x_wconf 85' lang='lat' dir='ltr'><strong>Attur</strong></span> <span class='ocrx_word' id='word_1_54' title='bbox 1646 924 1763 989; x_wconf 88' lang='lat' dir='ltr'><strong>ire;</strong></span> <span class='ocrx_word' id='word_1_55' title='bbox 1838 923 2076 993; x_wconf 89' lang='lat' dir='ltr'><strong>denique</strong></span> 
     </span>
    </p>
   </div>
   <div class='ocr_carea' id='block_1_10' title="bbox 498 1015 2078 1089">
    <p class='ocr_par' dir='ltr' id='par_1_10' title="bbox 498 1015 2078 1089">
     <span class='ocr_line' id='line_1_10' title="bbox 498 1015 2078 1089; baseline 0.001 -18"><span class='ocrx_word' id='word_1_56' title='bbox 498 1027 754 1089; x_wconf 84' lang='lat' dir='ltr'><strong>quartum</strong></span> <span class='ocrx_word' id='word_1_57' title='bbox 793 1018 976 1072; x_wconf 86' lang='lat' dir='ltr'><strong>vocari</strong></span> <span class='ocrx_word' id='word_1_58' title='bbox 1010 1015 1335 1087; x_wconf 75' lang='lat' dir='ltr'><strong>Euphratem</strong></span> <span class='ocrx_word' id='word_1_59' title='bbox 1375 1036 1387 1072; x_wconf 76' lang='grc' dir='ltr'>ε</span> <span class='ocrx_word' id='word_1_60' title='bbox 1422 1018 1555 1073; x_wconf 91' lang='lat' dir='ltr'><strong>satis</strong></span> <span class='ocrx_word' id='word_1_61' title='bbox 1604 1017 1807 1071; x_wconf 80' lang='lat' dir='ltr'><strong>indicat</strong></span> <span class='ocrx_word' id='word_1_62' title='bbox 1843 1027 2078 1086; x_wconf 87' lang='lat' dir='ltr'><strong>quatuor</strong></span> 
     </span>
    </p>
   </div>
   <div class='ocr_carea' id='block_1_11' title="bbox 497 1109 2078 1180">
    <p class='ocr_par' dir='ltr' id='par_1_11' title="bbox 497 1109 2078 1180">
     <span class='ocr_line' id='line_1_11' title="bbox 497 1109 2078 1180; baseline 0 -15"><span class='ocrx_word' id='word_1_63' title='bbox 497 1126 593 1166; x_wconf 92' lang='lat' dir='ltr'><strong>eos</strong></span> <span class='ocrx_word' id='word_1_64' title='bbox 623 1109 841 1174; x_wconf 91' lang='lat' dir='ltr'><strong>ﬂuvios,</strong></span> <span class='ocrx_word' id='word_1_65' title='bbox 866 1118 1219 1179; x_wconf 80' lang='lat' dir='ltr'><strong>posteaquam</strong></span> <span class='ocrx_word' id='word_1_66' title='bbox 1245 1109 1557 1178; x_wconf 83' lang='lat' dir='ltr'><strong>paradisum</strong></span> <span class='ocrx_word' id='word_1_67' title='bbox 1590 1110 1949 1180; x_wconf 88' lang='lat' dir='ltr'><strong>reliquerunt,</strong></span> <span class='ocrx_word' id='word_1_68' title='bbox 1974 1112 2078 1165; x_wconf 91' lang='lat' dir='ltr'><strong>sub</strong></span> 
     </span>
    </p>
   </div>
   <div class='ocr_carea' id='block_1_12' title="bbox 499 1197 2078 1267">
    <p class='ocr_par' dir='ltr' id='par_1_12' title="bbox 499 1197 2078 1267">
     <span class='ocr_line' id='line_1_12' title="bbox 499 1197 2078 1267; baseline 0.004 -16"><span class='ocrx_word' id='word_1_69' title='bbox 499 1207 697 1251; x_wconf 88' lang='lat' dir='ltr'><strong>terram</strong></span> <span class='ocrx_word' id='word_1_70' title='bbox 725 1197 999 1267; x_wconf 90' lang='lat' dir='ltr'><strong>delapsos,</strong></span> <span class='ocrx_word' id='word_1_71' title='bbox 1033 1197 1247 1252; x_wconf 87' lang='lat' dir='ltr'><strong>tandem</strong></span> <span class='ocrx_word' id='word_1_72' title='bbox 1277 1198 1331 1252; x_wconf 93' lang='lat' dir='ltr'><strong>in</strong></span> <span class='ocrx_word' id='word_1_73' title='bbox 1382 1198 1487 1254; x_wconf 92' lang='lat' dir='ltr'><strong>boc</strong></span> <span class='ocrx_word' id='word_1_74' title='bbox 1528 1214 1557 1253; x_wconf 92' lang='lat' dir='ltr'><strong>a</strong></span> <span class='ocrx_word' id='word_1_75' title='bbox 1589 1200 1746 1255; x_wconf 90' lang='lat' dir='ltr'><strong>nobis</strong></span> <span class='ocrx_word' id='word_1_76' title='bbox 1770 1202 1917 1255; x_wconf 91' lang='lat' dir='ltr'><strong>culto</strong></span> <span class='ocrx_word' id='word_1_77' title='bbox 1946 1202 2078 1257; x_wconf 90' lang='lat' dir='ltr'><strong>orbe</strong></span> 
     </span>
    </p>
   </div>
   <div class='ocr_carea' id='block_1_13' title="bbox 498 1288 2078 1363">
    <p class='ocr_par' dir='ltr' id='par_1_13' title="bbox 498 1288 2078 1363">
     <span class='ocr_line' id='line_1_13' title="bbox 498 1288 2078 1363; baseline 0.006 -22"><span class='ocrx_word' id='word_1_78' title='bbox 498 1303 878 1357; x_wconf 73' lang='lat' dir='ltr'><strong>prorumpere,</strong></span> <span class='ocrx_word' id='word_1_79' title='bbox 935 1289 1337 1358; x_wconf 90' lang='lat' dir='ltr'><strong>scaturireque.</strong></span> <span class='ocrx_word' id='word_1_80' title='bbox 1399 1288 1473 1345; x_wconf 86' lang='lat' dir='ltr'><strong>Ea</strong></span> <span class='ocrx_word' id='word_1_81' title='bbox 1522 1291 1690 1363; x_wconf 86' lang='lat' dir='ltr'><strong>igitur</strong></span> <span class='ocrx_word' id='word_1_82' title='bbox 1712 1308 1837 1362; x_wconf 69' lang='lat' dir='ltr'><strong>quae</strong></span> <span class='ocrx_word' id='word_1_83' title='bbox 1860 1301 1977 1348; x_wconf 89' lang='lat' dir='ltr'><strong>tum</strong></span> <span class='ocrx_word' id='word_1_84' title='bbox 2010 1296 2078 1350; x_wconf 92' lang='lat' dir='ltr'><strong>de</strong></span> 
     </span>
    </p>
   </div>
   <div class='ocr_carea' id='block_1_14' title="bbox 499 1381 2081 1451">
    <p class='ocr_par' dir='ltr' id='par_1_14' title="bbox 499 1381 2081 1451">
     <span class='ocr_line' id='line_1_14' title="bbox 499 1381 2081 1451; baseline 0.004 -16"><span class='ocrx_word' id='word_1_85' title='bbox 499 1397 610 1436; x_wconf 90' lang='lat' dir='ltr'><strong>uno</strong></span> <span class='ocrx_word' id='word_1_86' title='bbox 638 1381 731 1435; x_wconf 92' lang='lat' dir='ltr'><strong>illo</strong></span> <span class='ocrx_word' id='word_1_87' title='bbox 771 1381 1017 1447; x_wconf 91' lang='lat' dir='ltr'><strong>ﬂumine,</strong></span> <span class='ocrx_word' id='word_1_88' title='bbox 1051 1391 1164 1438; x_wconf 89' lang='lat' dir='ltr'><strong>tum</strong></span> <span class='ocrx_word' id='word_1_89' title='bbox 1191 1383 1258 1437; x_wconf 91' lang='lat' dir='ltr'><strong>de</strong></span> <span class='ocrx_word' id='word_1_90' title='bbox 1285 1394 1521 1451; x_wconf 88' lang='lat' dir='ltr'><strong>quatuor</strong></span> <span class='ocrx_word' id='word_1_91' title='bbox 1550 1385 1674 1441; x_wconf 89' lang='lat' dir='ltr'><strong>aliis</strong></span> <span class='ocrx_word' id='word_1_92' title='bbox 1696 1390 1763 1439; x_wconf 90' lang='lat' dir='ltr'><strong>ab</strong></span> <span class='ocrx_word' id='word_1_93' title='bbox 1821 1387 1913 1441; x_wconf 90' lang='lat' dir='ltr'><strong>illo</strong></span> <span class='ocrx_word' id='word_1_94' title='bbox 1935 1387 2081 1443; x_wconf 86' lang='lat' dir='ltr'><strong>deri-</strong></span> 
     </span>
    </p>
   </div>
   <div class='ocr_carea' id='block_1_15' title="bbox 499 1473 2076 1535">
    <p class='ocr_par' dir='ltr' id='par_1_15' title="bbox 499 1473 2076 1535">
     <span class='ocr_line' id='line_1_15' title="bbox 499 1473 2076 1535; baseline 0.006 -10"><span class='ocrx_word' id='word_1_95' title='bbox 499 1473 639 1527; x_wconf 82' lang='lat' dir='ltr'><strong>vatis</strong></span> <span class='ocrx_word' id='word_1_96' title='bbox 670 1473 906 1528; x_wconf 81' lang='lat' dir='ltr'><strong>diximus</strong></span> <span class='ocrx_word' id='word_1_97' title='bbox 936 1490 1061 1529; x_wconf 90' lang='lat' dir='ltr'><strong>cum</strong></span> <span class='ocrx_word' id='word_1_98' title='bbox 1110 1473 1278 1530; x_wconf 86' lang='lat' dir='ltr'><strong>Mosis</strong></span> <span class='ocrx_word' id='word_1_99' title='bbox 1305 1475 1478 1530; x_wconf 91' lang='lat' dir='ltr'><strong>divini</strong></span> <span class='ocrx_word' id='word_1_100' title='bbox 1522 1478 1761 1534; x_wconf 87' lang='lat' dir='ltr'><strong>hominis</strong></span> <span class='ocrx_word' id='word_1_101' title='bbox 1803 1480 2076 1535; x_wconf 87' lang='lat' dir='ltr'><strong>sententia</strong></span> 
     </span>
    </p>
   </div>
   <div class='ocr_carea' id='block_1_16' title="bbox 500 1567 2077 1641">
    <p class='ocr_par' dir='ltr' id='par_1_16' title="bbox 500 1567 2077 1641">
     <span class='ocr_line' id='line_1_16' title="bbox 500 1567 2077 1641; baseline 0.004 -21"><span class='ocrx_word' id='word_1_102' title='bbox 500 1575 825 1636; x_wconf 72' lang='lat' dir='ltr'><strong>congruunt.</strong></span> <span class='ocrx_word' id='word_1_103' title='bbox 889 1567 995 1622; x_wconf 86' lang='lat' dir='ltr'><strong>Sed</strong></span> <span class='ocrx_word' id='word_1_104' title='bbox 1050 1569 1264 1639; x_wconf 75' lang='lat' dir='ltr'><strong>urgebit</strong></span> <span class='ocrx_word' id='word_1_105' title='bbox 1310 1570 1555 1639; x_wconf 84' lang='lat' dir='ltr'><strong>aliquis:</strong></span> <span class='ocrx_word' id='word_1_106' title='bbox 1603 1570 1708 1638; x_wconf 85' lang='lat' dir='ltr'><strong>Qui</strong></span> <span class='ocrx_word' id='word_1_107' title='bbox 1757 1572 1930 1641; x_wconf 83' lang='lat' dir='ltr'><strong>possit</strong></span> <span class='ocrx_word' id='word_1_108' title='bbox 1962 1572 2077 1627; x_wconf 81' lang='lat' dir='ltr'><strong>fieri</strong></span> 
     </span>
    </p>
   </div>
   <div class='ocr_carea' id='block_1_17' title="bbox 500 1658 2081 1734">
    <p class='ocr_par' dir='ltr' id='par_1_17' title="bbox 500 1658 2081 1734">
     <span class='ocr_line' id='line_1_17' title="bbox 500 1658 2081 1734; baseline 0.005 -22"><span class='ocrx_word' id='word_1_109' title='bbox 500 1670 560 1712; x_wconf 92' lang='lat' dir='ltr'><strong>ut</strong></span> <span class='ocrx_word' id='word_1_110' title='bbox 587 1667 821 1728; x_wconf 76' lang='lat' dir='ltr'><strong>quatuor</strong></span> <span class='ocrx_word' id='word_1_111' title='bbox 849 1660 923 1712; x_wconf 83' lang='lat' dir='ltr'><strong>illi</strong></span> <span class='ocrx_word' id='word_1_112' title='bbox 958 1658 1110 1715; x_wconf 90' lang='lat' dir='ltr'><strong>ﬂuvii</strong></span> <span class='ocrx_word' id='word_1_113' title='bbox 1144 1661 1401 1731; x_wconf 86' lang='lat' dir='ltr'><strong>paradiso</strong></span> <span class='ocrx_word' id='word_1_114' title='bbox 1428 1664 1636 1731; x_wconf 78' lang='lat' dir='ltr'><strong>egressi</strong></span> <span class='ocrx_word' id='word_1_115' title='bbox 1668 1665 2081 1734; x_wconf 68' lang='lat' dir='ltr'><strong>praecipitentur</strong></span> 
     </span>
    </p>
   </div>
   <div class='ocr_carea' id='block_1_18' title="bbox 500 1749 2079 1821">
    <p class='ocr_par' dir='ltr' id='par_1_18' title="bbox 500 1749 2079 1821">
     <span class='ocr_line' id='line_1_18' title="bbox 500 1749 2079 1821; baseline 0.005 -16"><span class='ocrx_word' id='word_1_116' title='bbox 500 1752 603 1806; x_wconf 88' lang='lat' dir='ltr'><strong>sub</strong></span> <span class='ocrx_word' id='word_1_117' title='bbox 642 1749 843 1806; x_wconf 80' lang='lat' dir='ltr'><strong>Oceani</strong></span> <span class='ocrx_word' id='word_1_118' title='bbox 870 1753 1029 1818; x_wconf 89' lang='lat' dir='ltr'><strong>vada,</strong></span> <span class='ocrx_word' id='word_1_119' title='bbox 1058 1763 1221 1821; x_wconf 89' lang='lat' dir='ltr'><strong>atque</strong></span> <span class='ocrx_word' id='word_1_120' title='bbox 1255 1755 1379 1809; x_wconf 88' lang='lat' dir='ltr'><strong>inde</strong></span> <span class='ocrx_word' id='word_1_121' title='bbox 1406 1756 1624 1811; x_wconf 87' lang='lat' dir='ltr'><strong>tandem</strong></span> <span class='ocrx_word' id='word_1_122' title='bbox 1681 1758 1734 1812; x_wconf 92' lang='lat' dir='ltr'><strong>in</strong></span> <span class='ocrx_word' id='word_1_123' title='bbox 1767 1758 1869 1812; x_wconf 89' lang='lat' dir='ltr'><strong>hac</strong></span> <span class='ocrx_word' id='word_1_124' title='bbox 1894 1769 2079 1815; x_wconf 89' lang='lat' dir='ltr'><strong>nostra</strong></span> 
     </span>
    </p>
   </div>
   <div class='ocr_carea' id='block_1_19' title="bbox 2175 548 3755 613">
    <p class='ocr_par' dir='ltr' id='par_1_19' title="bbox 2175 548 3755 613">
     <span class='ocr_line' id='line_1_19' title="bbox 2175 548 3755 613; baseline -0.001 -7"><span class='ocrx_word' id='word_1_125' title='bbox 2175 549 2431 606; x_wconf 82' lang='lat' dir='ltr'><strong>salsiores</strong></span> <span class='ocrx_word' id='word_1_126' title='bbox 2487 550 2743 613; x_wconf 88' lang='lat' dir='ltr'><strong>evadunt,</strong></span> <span class='ocrx_word' id='word_1_127' title='bbox 2801 564 2899 604; x_wconf 90' lang='lat' dir='ltr'><strong>cur</strong></span> <span class='ocrx_word' id='word_1_128' title='bbox 2948 563 3058 603; x_wconf 90' lang='lat' dir='ltr'><strong>non</strong></span> <span class='ocrx_word' id='word_1_129' title='bbox 3118 548 3561 604; x_wconf 88' lang='lat' dir='ltr'><strong>existimabimus</strong></span> <span class='ocrx_word' id='word_1_130' title='bbox 3630 548 3755 605; x_wconf 87' lang='lat' dir='ltr'><strong>illos</strong></span> 
     </span>
    </p>
   </div>
   <div class='ocr_carea' id='block_1_20' title="bbox 2175 641 3757 715">
    <p class='ocr_par' dir='ltr' id='par_1_20' title="bbox 2175 641 3757 715">
     <span class='ocr_line' id='line_1_20' title="bbox 2175 641 3757 715; baseline 0 -17"><span class='ocrx_word' id='word_1_131' title='bbox 2175 659 2392 715; x_wconf 90' lang='lat' dir='ltr'><strong>quoque</strong></span> <span class='ocrx_word' id='word_1_132' title='bbox 2418 644 2612 701; x_wconf 90' lang='lat' dir='ltr'><strong>ﬂuvios</strong></span> <span class='ocrx_word' id='word_1_133' title='bbox 2644 644 2909 715; x_wconf 84' lang='lat' dir='ltr'><strong>tantisper</strong></span> <span class='ocrx_word' id='word_1_134' title='bbox 2956 644 3086 698; x_wconf 89' lang='lat' dir='ltr'><strong>dum</strong></span> <span class='ocrx_word' id='word_1_135' title='bbox 3145 659 3242 713; x_wconf 91' lang='lat' dir='ltr'><strong>per</strong></span> <span class='ocrx_word' id='word_1_136' title='bbox 3289 641 3667 697; x_wconf 84' lang='lat' dir='ltr'><strong>beatissimum</strong></span> <span class='ocrx_word' id='word_1_137' title='bbox 3692 658 3757 698; x_wconf 88' lang='lat' dir='ltr'><strong>ac</strong></span> 
     </span>
    </p>
   </div>
   <div class='ocr_carea' id='block_1_21' title="bbox 2178 734 3755 808">
    <p class='ocr_par' dir='ltr' id='par_1_21' title="bbox 2178 734 3755 808">
     <span class='ocr_line' id='line_1_21' title="bbox 2178 734 3755 808; baseline -0.002 -16"><span class='ocrx_word' id='word_1_138' title='bbox 2178 738 2566 793; x_wconf 88' lang='lat' dir='ltr'><strong>felicissimum</strong></span> <span class='ocrx_word' id='word_1_139' title='bbox 2601 739 2779 794; x_wconf 90' lang='lat' dir='ltr'><strong>locum</strong></span> <span class='ocrx_word' id='word_1_140' title='bbox 2830 736 3147 808; x_wconf 85' lang='lat' dir='ltr'><strong>paradisum</strong></span> <span class='ocrx_word' id='word_1_141' title='bbox 3198 736 3419 801; x_wconf 89' lang='lat' dir='ltr'><strong>ﬂuunt,</strong></span> <span class='ocrx_word' id='word_1_142' title='bbox 3462 734 3755 804; x_wconf 74' lang='lat' dir='ltr'><strong>iucundis-</strong></span> 
     </span>
    </p>
   </div>
   <div class='ocr_carea' id='block_1_22' title="bbox 2178 829 3753 901">
    <p class='ocr_par' dir='ltr' id='par_1_22' title="bbox 2178 829 3753 901">
     <span class='ocr_line' id='line_1_22' title="bbox 2178 829 3753 901; baseline -0.003 -14"><span class='ocrx_word' id='word_1_143' title='bbox 2178 832 2316 887; x_wconf 90' lang='lat' dir='ltr'><strong>simo</strong></span> <span class='ocrx_word' id='word_1_144' title='bbox 2350 841 2517 901; x_wconf 89' lang='lat' dir='ltr'><strong>atque</strong></span> <span class='ocrx_word' id='word_1_145' title='bbox 2560 831 2891 887; x_wconf 80' lang='lat' dir='ltr'><strong>suavissimo</strong></span> <span class='ocrx_word' id='word_1_146' title='bbox 2925 845 3121 901; x_wconf 78' lang='lat' dir='ltr'><strong>sapore</strong></span> <span class='ocrx_word' id='word_1_147' title='bbox 3151 844 3275 885; x_wconf 88' lang='lat' dir='ltr'><strong>esse</strong></span> <span class='ocrx_word' id='word_1_148' title='bbox 3304 848 3319 897; x_wconf 90' lang='lat'><strong>;</strong></span> <span class='ocrx_word' id='word_1_149' title='bbox 3383 830 3435 883; x_wconf 90' lang='lat' dir='ltr'><strong>in</strong></span> <span class='ocrx_word' id='word_1_150' title='bbox 3471 829 3577 883; x_wconf 93' lang='lat' dir='ltr'><strong>hoc</strong></span> <span class='ocrx_word' id='word_1_151' title='bbox 3620 845 3753 883; x_wconf 91' lang='lat' dir='ltr'><strong>vero</strong></span> 
     </span>
    </p>
   </div>
   <div class='ocr_carea' id='block_1_23' title="bbox 2179 921 3755 979">
    <p class='ocr_par' dir='ltr' id='par_1_23' title="bbox 2179 921 3755 979">
     <span class='ocr_line' id='line_1_23' title="bbox 2179 921 3755 979; baseline -0.003 0"><span class='ocrx_word' id='word_1_152' title='bbox 2179 922 2539 979; x_wconf 87' lang='lat' dir='ltr'><strong>exsecrabilis</strong></span> <span class='ocrx_word' id='word_1_153' title='bbox 2574 931 2776 978; x_wconf 71' lang='lat' dir='ltr'><strong>nostra:</strong></span> <span class='ocrx_word' id='word_1_154' title='bbox 2805 931 2985 977; x_wconf 89' lang='lat' dir='ltr'><strong>tractu</strong></span> <span class='ocrx_word' id='word_1_155' title='bbox 3015 931 3172 977; x_wconf 73' lang='lat' dir='ltr'><strong>terrae</strong></span> <span class='ocrx_word' id='word_1_156' title='bbox 3213 922 3279 975; x_wconf 89' lang='lat' dir='ltr'><strong>de</strong></span> <span class='ocrx_word' id='word_1_157' title='bbox 3334 921 3423 975; x_wconf 91' lang='lat' dir='ltr'><strong>illa</strong></span> <span class='ocrx_word' id='word_1_158' title='bbox 3479 923 3755 975; x_wconf 87' lang='lat' dir='ltr'><strong>suavitate</strong></span> 
     </span>
    </p>
   </div>
   <div class='ocr_carea' id='block_1_24' title="bbox 2177 1014 3757 1086">
    <p class='ocr_par' dir='ltr' id='par_1_24' title="bbox 2177 1014 3757 1086">
     <span class='ocr_line' id='line_1_24' title="bbox 2177 1014 3757 1086; baseline 0 -15"><span class='ocrx_word' id='word_1_159' title='bbox 2177 1017 2475 1086; x_wconf 90' lang='lat' dir='ltr'><strong>plurimum</strong></span> <span class='ocrx_word' id='word_1_160' title='bbox 2503 1016 2819 1071; x_wconf 76' lang='lat' dir='ltr'><strong>remittere?</strong></span> <span class='ocrx_word' id='word_1_161' title='bbox 2853 1014 3021 1070; x_wconf 84' lang='lat' dir='ltr'><strong>Porro</strong></span> <span class='ocrx_word' id='word_1_162' title='bbox 3041 1017 3229 1071; x_wconf 84' lang='lat' dir='ltr'><strong>beatus</strong></span> <span class='ocrx_word' id='word_1_163' title='bbox 3254 1016 3433 1071; x_wconf 81' lang='lat' dir='ltr'><strong>Moses</strong></span> <span class='ocrx_word' id='word_1_164' title='bbox 3456 1025 3509 1070; x_wconf 91' lang='lat' dir='ltr'><strong>et</strong></span> <span class='ocrx_word' id='word_1_165' title='bbox 3536 1018 3757 1071; x_wconf 86' lang='lat' dir='ltr'><strong>nomina</strong></span> 
     </span>
    </p>
   </div>
   <div class='ocr_carea' id='block_1_25' title="bbox 2180 1107 3759 1179">
    <p class='ocr_par' dir='ltr' id='par_1_25' title="bbox 2180 1107 3759 1179">
     <span class='ocr_line' id='line_1_25' title="bbox 2180 1107 3759 1179; baseline -0.003 -14"><span class='ocrx_word' id='word_1_166' title='bbox 2180 1110 2396 1166; x_wconf 91' lang='lat' dir='ltr'><strong>illorum</strong></span> <span class='ocrx_word' id='word_1_167' title='bbox 2427 1118 2665 1179; x_wconf 89' lang='lat' dir='ltr'><strong>quatuor</strong></span> <span class='ocrx_word' id='word_1_168' title='bbox 2700 1109 3014 1172; x_wconf 88' lang='lat' dir='ltr'><strong>ﬂuviorum,</strong></span> <span class='ocrx_word' id='word_1_169' title='bbox 3039 1115 3093 1161; x_wconf 91' lang='lat' dir='ltr'><strong>et</strong></span> <span class='ocrx_word' id='word_1_170' title='bbox 3135 1108 3250 1161; x_wconf 91' lang='lat' dir='ltr'><strong>loca</strong></span> <span class='ocrx_word' id='word_1_171' title='bbox 3284 1123 3379 1177; x_wconf 87' lang='lat' dir='ltr'><strong>per</strong></span> <span class='ocrx_word' id='word_1_172' title='bbox 3411 1123 3533 1176; x_wconf 67' lang='lat' dir='ltr'><strong>qua:</strong></span> <span class='ocrx_word' id='word_1_173' title='bbox 3568 1107 3759 1161; x_wconf 88' lang='lat' dir='ltr'><strong>ferun-</strong></span> 
     </span>
    </p>
   </div>
   <div class='ocr_carea' id='block_1_26' title="bbox 2180 1199 3757 1271">
    <p class='ocr_par' dir='ltr' id='par_1_26' title="bbox 2180 1199 3757 1271">
     <span class='ocr_line' id='line_1_26' title="bbox 2180 1199 3757 1271; baseline -0.003 -13"><span class='ocrx_word' id='word_1_174' title='bbox 2180 1210 2289 1268; x_wconf 88' lang='lat' dir='ltr'><strong>tur,</strong></span> <span class='ocrx_word' id='word_1_175' title='bbox 2344 1202 2563 1271; x_wconf 86' lang='lat' dir='ltr'><strong>aliaque</strong></span> <span class='ocrx_word' id='word_1_176' title='bbox 2618 1202 2810 1257; x_wconf 89' lang='lat' dir='ltr'><strong>eodem</strong></span> <span class='ocrx_word' id='word_1_177' title='bbox 2846 1200 3150 1270; x_wconf 86' lang='lat' dir='ltr'><strong>spectantia</strong></span> <span class='ocrx_word' id='word_1_178' title='bbox 3204 1200 3407 1255; x_wconf 81' lang='lat' dir='ltr'><strong>diserte</strong></span> <span class='ocrx_word' id='word_1_179' title='bbox 3436 1199 3757 1268; x_wconf 83' lang='lat' dir='ltr'><strong>explicavit,</strong></span> 
     </span>
    </p>
   </div>
   <div class='ocr_carea' id='block_1_27' title="bbox 2180 1291 3755 1364">
    <p class='ocr_par' dir='ltr' id='par_1_27' title="bbox 2180 1291 3755 1364">
     <span class='ocr_line' id='line_1_27' title="bbox 2180 1291 3755 1364; baseline -0.003 -15"><span class='ocrx_word' id='word_1_180' title='bbox 2180 1304 2241 1349; x_wconf 90' lang='lat' dir='ltr'><strong>ut</strong></span> <span class='ocrx_word' id='word_1_181' title='bbox 2274 1310 2394 1364; x_wconf 67' lang='lat' dir='ltr'><strong>quae</strong></span> <span class='ocrx_word' id='word_1_182' title='bbox 2428 1294 2518 1348; x_wconf 89' lang='lat' dir='ltr'><strong>illa</strong></span> <span class='ocrx_word' id='word_1_183' title='bbox 2548 1302 2707 1348; x_wconf 74' lang='lat' dir='ltr'><strong>aetate</strong></span> <span class='ocrx_word' id='word_1_184' title='bbox 2763 1292 2869 1346; x_wconf 82' lang='lat' dir='ltr'><strong>non</strong></span> <span class='ocrx_word' id='word_1_185' title='bbox 2935 1291 3115 1362; x_wconf 91' lang='lat' dir='ltr'><strong>ignota</strong></span> <span class='ocrx_word' id='word_1_186' title='bbox 3180 1300 3406 1346; x_wconf 88' lang='lat' dir='ltr'><strong>essent:</strong></span> <span class='ocrx_word' id='word_1_187' title='bbox 3450 1292 3527 1345; x_wconf 90' lang='lat' dir='ltr'><strong>ait</strong></span> <span class='ocrx_word' id='word_1_188' title='bbox 3560 1291 3707 1345; x_wconf 88' lang='lat' dir='ltr'><strong>enim</strong></span> <span class='ocrx_word' id='word_1_189' title='bbox 3741 1309 3755 1344; x_wconf 89' lang='lat'>:</span> 
     </span>
    </p>
   </div>
   <div class='ocr_carea' id='block_1_28' title="bbox 2183 1382 3755 1453">
    <p class='ocr_par' dir='ltr' id='par_1_28' title="bbox 2183 1382 3755 1453">
     <span class='ocr_line' id='line_1_28' title="bbox 2183 1382 3755 1453; baseline -0.003 -14"><span class='ocrx_word' id='word_1_190' title='bbox 2183 1383 2390 1439; x_wconf 84' lang='lat' dir='ltr'><strong>Nomen</strong></span> <span class='ocrx_word' id='word_1_191' title='bbox 2453 1386 2612 1439; x_wconf 79' lang='lat' dir='ltr'><strong>unius</strong></span> <span class='ocrx_word' id='word_1_192' title='bbox 2687 1382 2917 1447; x_wconf 80' lang='lat' dir='ltr'><strong>Phison,</strong></span> <span class='ocrx_word' id='word_1_193' title='bbox 2975 1385 3065 1453; x_wconf 84' lang='lat' dir='ltr'><strong>qui</strong></span> <span class='ocrx_word' id='word_1_194' title='bbox 3110 1382 3405 1452; x_wconf 76' lang='lat' dir='ltr'><strong>perlabitur</strong></span> <span class='ocrx_word' id='word_1_195' title='bbox 3454 1383 3755 1437; x_wconf 76' lang='lat' dir='ltr'><strong>universum</strong></span> 
     </span>
    </p>
   </div>
   <div class='ocr_carea' id='block_1_29' title="bbox 2183 1475 3759 1545">
    <p class='ocr_par' dir='ltr' id='par_1_29' title="bbox 2183 1475 3759 1545">
     <span class='ocr_line' id='line_1_29' title="bbox 2183 1475 3759 1545; baseline -0.004 -10"><span class='ocrx_word' id='word_1_196' title='bbox 2183 1489 2379 1536; x_wconf 83' lang='lat' dir='ltr'><strong>terram</strong></span> <span class='ocrx_word' id='word_1_197' title='bbox 2433 1478 2660 1544; x_wconf 75' lang='lat' dir='ltr'><strong>Havilte,</strong></span> <span class='ocrx_word' id='word_1_198' title='bbox 2732 1478 2842 1531; x_wconf 82' lang='lat' dir='ltr'><strong>illic</strong></span> <span class='ocrx_word' id='word_1_199' title='bbox 2890 1487 2968 1530; x_wconf 76' lang='lat' dir='ltr'><strong>est</strong></span> <span class='ocrx_word' id='word_1_200' title='bbox 3015 1493 3231 1539; x_wconf 87' lang='lat' dir='ltr'><strong>aurum,</strong></span> <span class='ocrx_word' id='word_1_201' title='bbox 3285 1486 3333 1529; x_wconf 77' lang='lat' dir='ltr'><strong>et</strong></span> <span class='ocrx_word' id='word_1_202' title='bbox 3382 1475 3495 1541; x_wconf 79' lang='lat' dir='ltr'><strong>ejus</strong></span> <span class='ocrx_word' id='word_1_203' title='bbox 3526 1476 3759 1545; x_wconf 76' lang='lat' dir='ltr'><strong>regionis</strong></span> 
     </span>
    </p>
   </div>
   <div class='ocr_carea' id='block_1_30' title="bbox 2181 1563 3762 1637">
    <p class='ocr_par' dir='ltr' id='par_1_30' title="bbox 2181 1563 3762 1637">
     <span class='ocr_line' id='line_1_30' title="bbox 2181 1563 3762 1637; baseline -0.005 -14"><span class='ocrx_word' id='word_1_204' title='bbox 2181 1586 2370 1624; x_wconf 84' lang='lat' dir='ltr'><strong>aurum</strong></span> <span class='ocrx_word' id='word_1_205' title='bbox 2437 1577 2698 1637; x_wconf 71' lang='lat' dir='ltr'><strong>pra&#39;stans</strong></span> <span class='ocrx_word' id='word_1_206' title='bbox 2758 1576 2877 1629; x_wconf 81' lang='lat' dir='ltr'><strong>est;</strong></span> <span class='ocrx_word' id='word_1_207' title='bbox 2930 1564 3042 1617; x_wconf 79' lang='lat' dir='ltr'><strong>illic</strong></span> <span class='ocrx_word' id='word_1_208' title='bbox 3116 1563 3404 1625; x_wconf 80' lang='lat' dir='ltr'><strong>Bedolach,</strong></span> <span class='ocrx_word' id='word_1_209' title='bbox 3446 1577 3762 1631; x_wconf 61' lang='lat' dir='ltr'><strong>gemmarun</strong></span> 
     </span>
    </p>
   </div>
   <div class='ocr_carea' id='block_1_31' title="bbox 2182 1652 3759 1730">
    <p class='ocr_par' dir='ltr' id='par_1_31' title="bbox 2182 1652 3759 1730">
     <span class='ocr_line' id='line_1_31' title="bbox 2182 1652 3759 1730; baseline -0.005 -14"><span class='ocrx_word' id='word_1_210' title='bbox 2182 1661 2414 1724; x_wconf 83' lang='lat' dir='ltr'><strong>Berilli;</strong></span> <span class='ocrx_word' id='word_1_211' title='bbox 2445 1661 2601 1730; x_wconf 90' lang='lat' dir='ltr'><strong>quasi</strong></span> <span class='ocrx_word' id='word_1_212' title='bbox 2634 1660 2779 1713; x_wconf 84' lang='lat' dir='ltr'><strong>dicat</strong></span> <span class='ocrx_word' id='word_1_213' title='bbox 2806 1676 2818 1712; x_wconf 93' lang='lat'><strong>:</strong></span> <span class='ocrx_word' id='word_1_214' title='bbox 2856 1656 3011 1712; x_wconf 90' lang='lat' dir='ltr'><strong>Unus</strong></span> <span class='ocrx_word' id='word_1_215' title='bbox 3045 1657 3263 1711; x_wconf 85' lang='lat' dir='ltr'><strong>illorum</strong></span> <span class='ocrx_word' id='word_1_216' title='bbox 3290 1664 3530 1724; x_wconf 85' lang='lat' dir='ltr'><strong>quatuor</strong></span> <span class='ocrx_word' id='word_1_217' title='bbox 3560 1652 3759 1708; x_wconf 85' lang='lat' dir='ltr'><strong>ﬂuvio-</strong></span> 
     </span>
    </p>
   </div>
   <div class='ocr_carea' id='block_1_32' title="bbox 2185 1745 3754 1822">
    <p class='ocr_par' dir='ltr' id='par_1_32' title="bbox 2185 1745 3754 1822">
     <span class='ocr_line' id='line_1_32' title="bbox 2185 1745 3754 1822; baseline -0.003 -15"><span class='ocrx_word' id='word_1_218' title='bbox 2185 1770 2308 1809; x_wconf 89' lang='lat' dir='ltr'><strong>rum</strong></span> <span class='ocrx_word' id='word_1_219' title='bbox 2392 1752 2595 1808; x_wconf 86' lang='lat' dir='ltr'><strong>Phison</strong></span> <span class='ocrx_word' id='word_1_220' title='bbox 2634 1753 2711 1822; x_wconf 81' lang='grc'><strong>(5)</strong></span> <span class='ocrx_word' id='word_1_221' title='bbox 2778 1761 3026 1816; x_wconf 87' lang='lat' dir='ltr'><strong>vocatur,</strong></span> <span class='ocrx_word' id='word_1_222' title='bbox 3059 1749 3152 1818; x_wconf 89' lang='lat' dir='ltr'><strong>qui</strong></span> <span class='ocrx_word' id='word_1_223' title='bbox 3205 1748 3295 1803; x_wconf 88' lang='lat' dir='ltr'><strong>ubi</strong></span> <span class='ocrx_word' id='word_1_224' title='bbox 3332 1748 3401 1801; x_wconf 92' lang='lat' dir='ltr'><strong>ab</strong></span> <span class='ocrx_word' id='word_1_225' title='bbox 3432 1746 3632 1816; x_wconf 88' lang='lat' dir='ltr'><strong>ingenti</strong></span> <span class='ocrx_word' id='word_1_226' title='bbox 3666 1745 3754 1802; x_wconf 81' lang='lat' dir='ltr'><strong>illc</strong></span> 
     </span>
    </p>
   </div>
   <div class='ocr_carea' id='block_1_33' title="bbox 502 1834 3757 1924">
    <p class='ocr_par' dir='ltr' id='par_1_33' title="bbox 502 1834 3757 1924">
     <span class='ocr_line' id='line_1_33' title="bbox 502 1834 3757 1924; baseline -0.005 -20"><span class='ocrx_word' id='word_1_227' title='bbox 502 1854 645 1900; x_wconf 77' lang='lat' dir='ltr'><strong>terra</strong></span> <span class='ocrx_word' id='word_1_228' title='bbox 676 1846 1008 1914; x_wconf 82' lang='lat' dir='ltr'><strong>erumpant?</strong></span> <span class='ocrx_word' id='word_1_229' title='bbox 1048 1846 1184 1901; x_wconf 87' lang='lat' dir='ltr'><strong>Huic</strong></span> <span class='ocrx_word' id='word_1_230' title='bbox 1217 1848 1393 1917; x_wconf 89' lang='lat' dir='ltr'><strong>primo</strong></span> <span class='ocrx_word' id='word_1_231' title='bbox 1420 1850 1833 1920; x_wconf 79' lang='lat' dir='ltr'><strong>respondemus,</strong></span> <span class='ocrx_word' id='word_1_232' title='bbox 1864 1867 1925 1907; x_wconf 75' lang='lat' dir='ltr'><strong>ea</strong></span> <span class='ocrx_word' id='word_1_233' title='bbox 1957 1869 2082 1924; x_wconf 66' lang='lat' dir='ltr'><strong>qua;</strong></span> <span class='ocrx_word' id='word_1_234' title='bbox 2110 1834 2155 1853; x_wconf 68' lang='lat'>”</span> <span class='ocrx_word' id='word_1_235' title='bbox 2184 1841 2403 1897; x_wconf 89' lang='lat' dir='ltr'><strong>ﬂumine</strong></span> <span class='ocrx_word' id='word_1_236' title='bbox 2435 1841 2668 1895; x_wconf 90' lang='lat' dir='ltr'><strong>medium</strong></span> <span class='ocrx_word' id='word_1_237' title='bbox 2704 1838 2981 1906; x_wconf 89' lang='lat' dir='ltr'><strong>perluente</strong></span> <span class='ocrx_word' id='word_1_238' title='bbox 3007 1836 3314 1906; x_wconf 87' lang='lat' dir='ltr'><strong>paradisum</strong></span> <span class='ocrx_word' id='word_1_239' title='bbox 3344 1834 3621 1888; x_wconf 88' lang='lat' dir='ltr'><strong>derivatus</strong></span> <span class='ocrx_word' id='word_1_240' title='bbox 3650 1842 3757 1895; x_wconf 86' lang='lat' dir='ltr'><strong>est,</strong></span> 
     </span>
    </p>
   </div>
   <div class='ocr_carea' id='block_1_34' title="bbox 500 1937 2081 2009">
    <p class='ocr_par' dir='ltr' id='par_1_34' title="bbox 500 1937 2081 2009">
     <span class='ocr_line' id='line_1_34' title="bbox 500 1937 2081 2009; baseline 0.006 -16"><span class='ocrx_word' id='word_1_241' title='bbox 500 1953 533 1993; x_wconf 84' lang='lat' dir='ltr'><strong>a</strong></span> <span class='ocrx_word' id='word_1_242' title='bbox 563 1937 721 1993; x_wconf 89' lang='lat' dir='ltr'><strong>nobis</strong></span> <span class='ocrx_word' id='word_1_243' title='bbox 760 1938 872 1994; x_wconf 87' lang='lat' dir='ltr'><strong>ﬂeri</strong></span> <span class='ocrx_word' id='word_1_244' title='bbox 899 1954 1005 1994; x_wconf 90' lang='lat' dir='ltr'><strong>non</strong></span> <span class='ocrx_word' id='word_1_245' title='bbox 1034 1955 1199 2009; x_wconf 91' lang='lat' dir='ltr'><strong>posse</strong></span> <span class='ocrx_word' id='word_1_246' title='bbox 1246 1941 1652 2009; x_wconf 84' lang='lat' dir='ltr'><strong>existimantur,</strong></span> <span class='ocrx_word' id='word_1_247' title='bbox 1717 1943 1896 2000; x_wconf 81' lang='lat' dir='ltr'><strong>facilia</strong></span> <span class='ocrx_word' id='word_1_248' title='bbox 1958 1962 2081 2003; x_wconf 88' lang='lat' dir='ltr'><strong>esse</strong></span> 
     </span>
    </p>
   </div>
   <div class='ocr_carea' id='block_1_35' title="bbox 504 2031 2078 2105">
    <p class='ocr_par' dir='ltr' id='par_1_35' title="bbox 504 2031 2078 2105">
     <span class='ocr_line' id='line_1_35' title="bbox 504 2031 2078 2105; baseline 0.008 -22"><span class='ocrx_word' id='word_1_249' title='bbox 504 2034 613 2085; x_wconf 85' lang='lat' dir='ltr'><strong>Deo</strong></span> <span class='ocrx_word' id='word_1_250' title='bbox 644 2050 659 2087; x_wconf 88' lang='lat'><strong>:</strong></span> <span class='ocrx_word' id='word_1_251' title='bbox 698 2031 849 2085; x_wconf 90' lang='lat' dir='ltr'><strong>illum</strong></span> <span class='ocrx_word' id='word_1_252' title='bbox 881 2046 1009 2087; x_wconf 89' lang='lat' dir='ltr'><strong>vero</strong></span> <span class='ocrx_word' id='word_1_253' title='bbox 1037 2048 1199 2103; x_wconf 91' lang='lat' dir='ltr'><strong>quem</strong></span> <span class='ocrx_word' id='word_1_254' title='bbox 1239 2033 1480 2091; x_wconf 88' lang='lat' dir='ltr'><strong>diximus</strong></span> <span class='ocrx_word' id='word_1_255' title='bbox 1513 2046 1751 2105; x_wconf 84' lang='lat' dir='ltr'><strong>quatuor</strong></span> <span class='ocrx_word' id='word_1_256' title='bbox 1788 2037 2078 2095; x_wconf 89' lang='lat' dir='ltr'><strong>ﬂuviorum</strong></span> 
     </span>
    </p>
   </div>
   <div class='ocr_carea' id='block_1_36' title="bbox 498 2125 2078 2201">
    <p class='ocr_par' dir='ltr' id='par_1_36' title="bbox 498 2125 2078 2201">
     <span class='ocr_line' id='line_1_36' title="bbox 498 2125 2078 2201; baseline 0.005 -23"><span class='ocrx_word' id='word_1_257' title='bbox 498 2138 742 2189; x_wconf 87' lang='lat' dir='ltr'><strong>cursum,</strong></span> <span class='ocrx_word' id='word_1_258' title='bbox 775 2131 939 2193; x_wconf 89' lang='lat' dir='ltr'><strong>atque</strong></span> <span class='ocrx_word' id='word_1_259' title='bbox 961 2125 1081 2195; x_wconf 82' lang='lat' dir='ltr'><strong>ejus</strong></span> <span class='ocrx_word' id='word_1_260' title='bbox 1112 2126 1327 2193; x_wconf 88' lang='lat' dir='ltr'><strong>generis</strong></span> <span class='ocrx_word' id='word_1_261' title='bbox 1352 2126 1477 2192; x_wconf 85' lang='lat' dir='ltr'><strong>alia,</strong></span> <span class='ocrx_word' id='word_1_262' title='bbox 1502 2128 1744 2183; x_wconf 91' lang='lat' dir='ltr'><strong>divinum</strong></span> <span class='ocrx_word' id='word_1_263' title='bbox 1777 2146 1900 2185; x_wconf 90' lang='lat' dir='ltr'><strong>esse</strong></span> <span class='ocrx_word' id='word_1_264' title='bbox 1919 2146 2078 2201; x_wconf 84' lang='lat' dir='ltr'><strong>opus.</strong></span> 
     </span>
    </p>
   </div>
   <div class='ocr_carea' id='block_1_37' title="bbox 502 2210 2076 2288">
    <p class='ocr_par' dir='ltr' id='par_1_37' title="bbox 502 2210 2076 2288">
     <span class='ocr_line' id='line_1_37' title="bbox 502 2210 2076 2288; baseline 0.009 -25"><span class='ocrx_word' id='word_1_265' title='bbox 502 2224 610 2263; x_wconf 91' lang='lat' dir='ltr'><strong>non</strong></span> <span class='ocrx_word' id='word_1_266' title='bbox 678 2210 1032 2267; x_wconf 71' lang='lat' dir='ltr'><strong>humanum.~</strong></span> <span class='ocrx_word' id='word_1_267' title='bbox 1080 2212 1285 2268; x_wconf 88' lang='lat' dir='ltr'><strong>Deinde</strong></span> <span class='ocrx_word' id='word_1_268' title='bbox 1350 2215 1454 2270; x_wconf 93' lang='lat' dir='ltr'><strong>hoc</strong></span> <span class='ocrx_word' id='word_1_269' title='bbox 1506 2232 1725 2288; x_wconf 81' lang='lat' dir='ltr'><strong>quoque</strong></span> <span class='ocrx_word' id='word_1_270' title='bbox 1755 2236 2076 2288; x_wconf 87' lang='lat' dir='ltr'><strong>responsum</strong></span> 
     </span>
    </p>
   </div>
   <div class='ocr_carea' id='block_1_38' title="bbox 501 2302 2079 2381">
    <p class='ocr_par' dir='ltr' id='par_1_38' title="bbox 501 2302 2079 2381">
     <span class='ocr_line' id='line_1_38' title="bbox 501 2302 2079 2381; baseline 0.011 -27"><span class='ocrx_word' id='word_1_271' title='bbox 501 2302 777 2367; x_wconf 88' lang='lat' dir='ltr'><strong>volumus,</strong></span> <span class='ocrx_word' id='word_1_272' title='bbox 802 2305 1120 2375; x_wconf 87' lang='lat' dir='ltr'><strong>paradisum</strong></span> <span class='ocrx_word' id='word_1_273' title='bbox 1152 2306 1327 2362; x_wconf 91' lang='lat' dir='ltr'><strong>multo</strong></span> <span class='ocrx_word' id='word_1_274' title='bbox 1353 2308 1675 2366; x_wconf 87' lang='lat' dir='ltr'><strong>sublimiore</strong></span> <span class='ocrx_word' id='word_1_275' title='bbox 1701 2314 1937 2381; x_wconf 88' lang='lat' dir='ltr'><strong>positum</strong></span> <span class='ocrx_word' id='word_1_276' title='bbox 1959 2331 2079 2372; x_wconf 88' lang='lat' dir='ltr'><strong>esse</strong></span> 
     </span>
    </p>
   </div>
   <div class='ocr_carea' id='block_1_39' title="bbox 504 2392 2076 2475">
    <p class='ocr_par' dir='ltr' id='par_1_39' title="bbox 504 2392 2076 2475">
     <span class='ocr_line' id='line_1_39' title="bbox 504 2392 2076 2475; baseline 0.012 -28"><span class='ocrx_word' id='word_1_277' title='bbox 504 2392 745 2464; x_wconf 88' lang='lat' dir='ltr'><strong>regione,</strong></span> <span class='ocrx_word' id='word_1_278' title='bbox 774 2404 937 2466; x_wconf 89' lang='lat' dir='ltr'><strong>atque</strong></span> <span class='ocrx_word' id='word_1_279' title='bbox 968 2398 1084 2452; x_wconf 68' lang='lat' dir='ltr'><strong>haec</strong></span> <span class='ocrx_word' id='word_1_280' title='bbox 1118 2407 1306 2452; x_wconf 86' lang='lat' dir='ltr'><strong>nostra</strong></span> <span class='ocrx_word' id='word_1_281' title='bbox 1360 2411 1533 2456; x_wconf 88' lang='lat' dir='ltr'><strong>exstet</strong></span> <span class='ocrx_word' id='word_1_282' title='bbox 1556 2409 1736 2470; x_wconf 89' lang='lat' dir='ltr'><strong>terra;</strong></span> <span class='ocrx_word' id='word_1_283' title='bbox 1762 2420 1937 2475; x_wconf 87' lang='lat' dir='ltr'><strong>eoque</strong></span> <span class='ocrx_word' id='word_1_284' title='bbox 1962 2408 2076 2466; x_wconf 87' lang='lat' dir='ltr'><strong>ﬁeri</strong></span> 
     </span>
    </p>
   </div>
   <div class='ocr_carea' id='block_1_40' title="bbox 503 2487 2078 2558">
    <p class='ocr_par' dir='ltr' id='par_1_40' title="bbox 503 2487 2078 2558">
     <span class='ocr_line' id='line_1_40' title="bbox 503 2487 2078 2558; baseline 0.009 -17"><span class='ocrx_word' id='word_1_285' title='bbox 503 2487 736 2543; x_wconf 78' lang='lat' dir='ltr'><strong>utillinc</strong></span> <span class='ocrx_word' id='word_1_286' title='bbox 784 2503 879 2557; x_wconf 88' lang='lat' dir='ltr'><strong>per</strong></span> <span class='ocrx_word' id='word_1_287' title='bbox 927 2488 1294 2558; x_wconf 83' lang='lat' dir='ltr'><strong>praecipitium</strong></span> <span class='ocrx_word' id='word_1_288' title='bbox 1358 2491 1682 2548; x_wconf 86' lang='lat' dir='ltr'><strong>delabantur</strong></span> <span class='ocrx_word' id='word_1_289' title='bbox 1739 2494 1887 2550; x_wconf 90' lang='lat' dir='ltr'><strong>ﬂuvii</strong></span> <span class='ocrx_word' id='word_1_290' title='bbox 1928 2506 2078 2556; x_wconf 89' lang='lat' dir='ltr'><strong>tanto</strong></span> 
     </span>
    </p>
   </div>
   <div class='ocr_carea' id='block_1_41' title="bbox 501 2580 2076 2659">
    <p class='ocr_par' dir='ltr' id='par_1_41' title="bbox 501 2580 2076 2659">
     <span class='ocr_line' id='line_1_41' title="bbox 501 2580 2076 2659; baseline 0.009 -26"><span class='ocrx_word' id='word_1_291' title='bbox 501 2594 625 2633; x_wconf 90' lang='lat' dir='ltr'><strong>cum</strong></span> <span class='ocrx_word' id='word_1_292' title='bbox 650 2580 873 2649; x_wconf 87' lang='lat' dir='ltr'><strong>impetu,</strong></span> <span class='ocrx_word' id='word_1_293' title='bbox 900 2593 1168 2651; x_wconf 89' lang='lat' dir='ltr'><strong>quantum</strong></span> <span class='ocrx_word' id='word_1_294' title='bbox 1198 2583 1383 2639; x_wconf 79' lang='lat' dir='ltr'><strong>verbis</strong></span> <span class='ocrx_word' id='word_1_295' title='bbox 1404 2585 1711 2655; x_wconf 82' lang='lat' dir='ltr'><strong>exprimere</strong></span> <span class='ocrx_word' id='word_1_296' title='bbox 1737 2604 1843 2643; x_wconf 90' lang='lat' dir='ltr'><strong>non</strong></span> <span class='ocrx_word' id='word_1_297' title='bbox 1876 2593 2076 2659; x_wconf 88' lang='lat' dir='ltr'><strong>possis,</strong></span> 
     </span>
    </p>
   </div>
   <div class='ocr_carea' id='block_1_42' title="bbox 502 2672 2076 2747">
    <p class='ocr_par' dir='ltr' id='par_1_42' title="bbox 502 2672 2076 2747">
     <span class='ocr_line' id='line_1_42' title="bbox 502 2672 2076 2747; baseline 0.01 -23"><span class='ocrx_word' id='word_1_298' title='bbox 502 2684 676 2741; x_wconf 90' lang='lat' dir='ltr'><strong>eoque</strong></span> <span class='ocrx_word' id='word_1_299' title='bbox 702 2672 903 2742; x_wconf 91' lang='lat' dir='ltr'><strong>impetu</strong></span> <span class='ocrx_word' id='word_1_300' title='bbox 947 2674 1189 2745; x_wconf 80' lang='lat' dir='ltr'><strong>impulsi,</strong></span> <span class='ocrx_word' id='word_1_301' title='bbox 1220 2677 1503 2747; x_wconf 87' lang='lat' dir='ltr'><strong>pressique</strong></span> <span class='ocrx_word' id='word_1_302' title='bbox 1548 2680 1650 2735; x_wconf 90' lang='lat' dir='ltr'><strong>sub</strong></span> <span class='ocrx_word' id='word_1_303' title='bbox 1693 2684 1884 2737; x_wconf 87' lang='lat' dir='ltr'><strong>oceani</strong></span> <span class='ocrx_word' id='word_1_304' title='bbox 1941 2685 2076 2739; x_wconf 89' lang='lat' dir='ltr'><strong>vada</strong></span> 
     </span>
    </p>
   </div>
   <div class='ocr_carea' id='block_1_43' title="bbox 504 2761 2076 2842">
    <p class='ocr_par' dir='ltr' id='par_1_43' title="bbox 504 2761 2076 2842">
     <span class='ocr_line' id='line_1_43' title="bbox 504 2761 2076 2842; baseline 0.011 -29"><span class='ocrx_word' id='word_1_305' title='bbox 504 2761 806 2832; x_wconf 81' lang='lat' dir='ltr'><strong>rapiantur,</strong></span> <span class='ocrx_word' id='word_1_306' title='bbox 865 2764 1011 2820; x_wconf 90' lang='lat' dir='ltr'><strong>unde</strong></span> <span class='ocrx_word' id='word_1_307' title='bbox 1075 2782 1267 2823; x_wconf 86' lang='lat' dir='ltr'><strong>rursus</strong></span> <span class='ocrx_word' id='word_1_308' title='bbox 1294 2769 1579 2836; x_wconf 84' lang='lat' dir='ltr'><strong>prosiliant</strong></span> <span class='ocrx_word' id='word_1_309' title='bbox 1611 2771 1995 2842; x_wconf 88' lang='lat' dir='ltr'><strong>ebullianlque</strong></span> <span class='ocrx_word' id='word_1_310' title='bbox 2023 2774 2076 2830; x_wconf 88' lang='lat' dir='ltr'><strong>in</strong></span> 
     </span>
    </p>
   </div>
   <div class='ocr_carea' id='block_1_44' title="bbox 507 2853 2077 2929">
    <p class='ocr_par' dir='ltr' id='par_1_44' title="bbox 507 2853 2077 2929">
     <span class='ocr_line' id='line_1_44' title="bbox 507 2853 2077 2929; baseline 0.011 -25"><span class='ocrx_word' id='word_1_311' title='bbox 507 2853 607 2905; x_wconf 90' lang='lat' dir='ltr'><strong>hoc</strong></span> <span class='ocrx_word' id='word_1_312' title='bbox 636 2868 667 2907; x_wconf 86' lang='lat' dir='ltr'><strong>a</strong></span> <span class='ocrx_word' id='word_1_313' title='bbox 698 2853 857 2909; x_wconf 86' lang='lat' dir='ltr'><strong>nobis</strong></span> <span class='ocrx_word' id='word_1_314' title='bbox 885 2855 1035 2909; x_wconf 90' lang='lat' dir='ltr'><strong>culto</strong></span> <span class='ocrx_word' id='word_1_315' title='bbox 1066 2857 1219 2911; x_wconf 87' lang='lat' dir='ltr'><strong>orbe.</strong></span> <span class='ocrx_word' id='word_1_316' title='bbox 1246 2856 1383 2911; x_wconf 82' lang='lat' dir='ltr'><strong>Nam</strong></span> <span class='ocrx_word' id='word_1_317' title='bbox 1407 2858 1500 2927; x_wconf 89' lang='lat' dir='ltr'><strong>qui</strong></span> <span class='ocrx_word' id='word_1_318' title='bbox 1557 2874 1731 2929; x_wconf 87' lang='lat' dir='ltr'><strong>aquas</strong></span> <span class='ocrx_word' id='word_1_319' title='bbox 1765 2864 1818 2916; x_wconf 90' lang='lat' dir='ltr'><strong>in</strong></span> <span class='ocrx_word' id='word_1_320' title='bbox 1840 2866 2077 2922; x_wconf 86' lang='lat' dir='ltr'><strong>sublime</strong></span> 
     </span>
    </p>
   </div>
   <div class='ocr_carea' id='block_1_45' title="bbox 504 2941 2078 3016">
    <p class='ocr_par' dir='ltr' id='par_1_45' title="bbox 504 2941 2078 3016">
     <span class='ocr_line' id='line_1_45' title="bbox 504 2941 2078 3016; baseline 0.013 -23"><span class='ocrx_word' id='word_1_321' title='bbox 504 2941 726 3004; x_wconf 89' lang='lat' dir='ltr'><strong>ducere,</strong></span> <span class='ocrx_word' id='word_1_322' title='bbox 763 2951 925 3011; x_wconf 89' lang='lat' dir='ltr'><strong>atque</strong></span> <span class='ocrx_word' id='word_1_323' title='bbox 951 2959 1016 2998; x_wconf 86' lang='lat' dir='ltr'><strong>ex</strong></span> <span class='ocrx_word' id='word_1_324' title='bbox 1041 2945 1171 3000; x_wconf 87' lang='lat' dir='ltr'><strong>altis</strong></span> <span class='ocrx_word' id='word_1_325' title='bbox 1221 2946 1532 3016; x_wconf 86' lang='lat' dir='ltr'><strong>erectisque</strong></span> <span class='ocrx_word' id='word_1_326' title='bbox 1576 2951 1857 3007; x_wconf 88' lang='lat' dir='ltr'><strong>canalibus</strong></span> <span class='ocrx_word' id='word_1_327' title='bbox 1911 2955 2078 3014; x_wconf 87' lang='lat' dir='ltr'><strong>veluti</strong></span> 
     </span>
    </p>
   </div>
   <div class='ocr_carea' id='block_1_46' title="bbox 506 3030 2079 3113">
    <p class='ocr_par' dir='ltr' id='par_1_46' title="bbox 506 3030 2079 3113">
     <span class='ocr_line' id='line_1_46' title="bbox 506 3030 2079 3113; baseline 0.012 -30"><span class='ocrx_word' id='word_1_328' title='bbox 506 3030 831 3099; x_wconf 86' lang='lat' dir='ltr'><strong>siphonibus</strong></span> <span class='ocrx_word' id='word_1_329' title='bbox 881 3033 1215 3102; x_wconf 81' lang='lat' dir='ltr'><strong>profundere</strong></span> <span class='ocrx_word' id='word_1_330' title='bbox 1240 3035 1511 3102; x_wconf 86' lang='lat' dir='ltr'><strong>laborant,</strong></span> <span class='ocrx_word' id='word_1_331' title='bbox 1550 3038 1584 3093; x_wconf 93' lang='lat' dir='ltr'><strong>ii</strong></span> <span class='ocrx_word' id='word_1_332' title='bbox 1615 3056 1681 3096; x_wconf 81' lang='lat' dir='ltr'><strong>ex</strong></span> <span class='ocrx_word' id='word_1_333' title='bbox 1716 3041 1878 3113; x_wconf 84' lang='lat' dir='ltr'><strong>longo</strong></span> <span class='ocrx_word' id='word_1_334' title='bbox 1903 3045 2079 3102; x_wconf 88' lang='lat' dir='ltr'><strong>inter-</strong></span> 
     </span>
    </p>
   </div>
   <div class='ocr_carea' id='block_1_47' title="bbox 2182 1926 3757 2006">
    <p class='ocr_par' dir='ltr' id='par_1_47' title="bbox 2182 1926 3757 2006">
     <span class='ocr_line' id='line_1_47' title="bbox 2182 1926 3757 2006; baseline -0.01 -15"><span class='ocrx_word' id='word_1_335' title='bbox 2182 1935 2425 2006; x_wconf 88' lang='lat' dir='ltr'><strong>atquein</strong></span> <span class='ocrx_word' id='word_1_336' title='bbox 2463 1943 2662 1989; x_wconf 90' lang='lat' dir='ltr'><strong>terram</strong></span> <span class='ocrx_word' id='word_1_337' title='bbox 2698 1932 2798 1987; x_wconf 89' lang='lat' dir='ltr'><strong>sub</strong></span> <span class='ocrx_word' id='word_1_338' title='bbox 2840 1930 3043 1985; x_wconf 86' lang='lat' dir='ltr'><strong>Oceani</strong></span> <span class='ocrx_word' id='word_1_339' title='bbox 3071 1928 3203 1982; x_wconf 85' lang='lat' dir='ltr'><strong>vade</strong></span> <span class='ocrx_word' id='word_1_340' title='bbox 3256 1942 3314 1981; x_wconf 89' lang='lat' dir='ltr'><strong>se</strong></span> <span class='ocrx_word' id='word_1_341' title='bbox 3351 1926 3575 1994; x_wconf 86' lang='lat' dir='ltr'><strong>recepit,</strong></span> <span class='ocrx_word' id='word_1_342' title='bbox 3629 1939 3757 1977; x_wconf 89' lang='lat' dir='ltr'><strong>rur-</strong></span> 
     </span>
    </p>
   </div>
   <div class='ocr_carea' id='block_1_48' title="bbox 2181 2015 3762 2096">
    <p class='ocr_par' dir='ltr' id='par_1_48' title="bbox 2181 2015 3762 2096">
     <span class='ocr_line' id='line_1_48' title="bbox 2181 2015 3762 2096; baseline -0.011 -10"><span class='ocrx_word' id='word_1_343' title='bbox 2181 2045 2275 2086; x_wconf 79' lang='lat' dir='ltr'><strong>Sus</strong></span> <span class='ocrx_word' id='word_1_344' title='bbox 2300 2028 2531 2096; x_wconf 85' lang='lat' dir='ltr'><strong>prosilit,</strong></span> <span class='ocrx_word' id='word_1_345' title='bbox 2561 2027 2780 2089; x_wconf 88' lang='lat' dir='ltr'><strong>emicat,</strong></span> <span class='ocrx_word' id='word_1_346' title='bbox 2811 2022 3150 2090; x_wconf 89' lang='lat' dir='ltr'><strong>scaturitque</strong></span> <span class='ocrx_word' id='word_1_347' title='bbox 3201 2021 3255 2074; x_wconf 92' lang='lat' dir='ltr'><strong>in</strong></span> <span class='ocrx_word' id='word_1_348' title='bbox 3290 2017 3530 2074; x_wconf 84' lang='lat' dir='ltr'><strong>Occidua</strong></span> <span class='ocrx_word' id='word_1_349' title='bbox 3571 2015 3762 2071; x_wconf 87' lang='lat' dir='ltr'><strong>mundi</strong></span> 
     </span>
    </p>
   </div>
   <div class='ocr_carea' id='block_1_49' title="bbox 2182 2105 3765 2192">
    <p class='ocr_par' dir='ltr' id='par_1_49' title="bbox 2182 2105 3765 2192">
     <span class='ocr_line' id='line_1_49' title="bbox 2182 2105 3765 2192; baseline -0.009 -17"><span class='ocrx_word' id='word_1_350' title='bbox 2182 2122 2423 2192; x_wconf 84' lang='lat' dir='ltr'><strong>regione,</strong></span> <span class='ocrx_word' id='word_1_351' title='bbox 2456 2120 2600 2173; x_wconf 91' lang='lat' dir='ltr'><strong>unde</strong></span> <span class='ocrx_word' id='word_1_352' title='bbox 2629 2115 3119 2185; x_wconf 69' lang='lat' dir='ltr'><strong>Septentrionalein</strong></span> <span class='ocrx_word' id='word_1_353' title='bbox 3177 2123 3386 2179; x_wconf 83' lang='lat' dir='ltr'><strong>petens,</strong></span> <span class='ocrx_word' id='word_1_354' title='bbox 3450 2118 3619 2163; x_wconf 89' lang='lat' dir='ltr'><strong>totam</strong></span> <span class='ocrx_word' id='word_1_355' title='bbox 3675 2105 3765 2160; x_wconf 60' lang='lat' dir='ltr'><strong>lno</strong></span> 
     </span>
    </p>
   </div>
   <div class='ocr_carea' id='block_1_50' title="bbox 2180 2198 3765 2276">
    <p class='ocr_par' dir='ltr' id='par_1_50' title="bbox 2180 2198 3765 2276">
     <span class='ocr_line' id='line_1_50' title="bbox 2180 2198 3765 2276; baseline -0.01 -9"><span class='ocrx_word' id='word_1_356' title='bbox 2180 2214 2371 2268; x_wconf 88' lang='lat' dir='ltr'><strong>dorum</strong></span> <span class='ocrx_word' id='word_1_357' title='bbox 2401 2210 2658 2265; x_wconf 89' lang='lat' dir='ltr'><strong>ditionem</strong></span> <span class='ocrx_word' id='word_1_358' title='bbox 2722 2206 2873 2262; x_wconf 81' lang='lat' dir='ltr'><strong>alluit</strong></span> <span class='ocrx_word' id='word_1_359' title='bbox 2920 2206 3057 2276; x_wconf 57' lang='lat' dir='ltr'><strong>(haec</strong></span> <span class='ocrx_word' id='word_1_360' title='bbox 3102 2202 3247 2258; x_wconf 90' lang='lat' dir='ltr'><strong>enim</strong></span> <span class='ocrx_word' id='word_1_361' title='bbox 3292 2199 3494 2254; x_wconf 73' lang='lat' dir='ltr'><strong>Ilavilze</strong></span> <span class='ocrx_word' id='word_1_362' title='bbox 3541 2198 3765 2251; x_wconf 71' lang='lat' dir='ltr'><strong>nomine</strong></span> 
     </span>
    </p>
   </div>
   <div class='ocr_carea' id='block_1_51' title="bbox 2183 2290 3764 2377">
    <p class='ocr_par' dir='ltr' id='par_1_51' title="bbox 2183 2290 3764 2377">
     <span class='ocr_line' id='line_1_51' title="bbox 2183 2290 3764 2377; baseline -0.01 -16"><span class='ocrx_word' id='word_1_363' title='bbox 2183 2303 2567 2377; x_wconf 84' lang='lat' dir='ltr'><strong>signiﬁcatur),</strong></span> <span class='ocrx_word' id='word_1_364' title='bbox 2626 2317 2691 2357; x_wconf 89' lang='lat' dir='ltr'><strong>ac</strong></span> <span class='ocrx_word' id='word_1_365' title='bbox 2744 2299 2963 2354; x_wconf 82' lang='lat' dir='ltr'><strong>tandem</strong></span> <span class='ocrx_word' id='word_1_366' title='bbox 3020 2297 3073 2352; x_wconf 93' lang='lat' dir='ltr'><strong>in</strong></span> <span class='ocrx_word' id='word_1_367' title='bbox 3131 2308 3278 2350; x_wconf 87' lang='lat' dir='ltr'><strong>mare</strong></span> <span class='ocrx_word' id='word_1_368' title='bbox 3305 2292 3524 2349; x_wconf 90' lang='lat' dir='ltr'><strong>desinit.</strong></span> <span class='ocrx_word' id='word_1_369' title='bbox 3576 2290 3764 2346; x_wconf 61' lang='lat' dir='ltr'><strong>Graece</strong></span> 
     </span>
    </p>
   </div>
   <div class='ocr_carea' id='block_1_52' title="bbox 2182 2384 3762 2452">
    <p class='ocr_par' dir='ltr' id='par_1_52' title="bbox 2182 2384 3762 2452">
     <span class='ocr_line' id='line_1_52' title="bbox 2182 2384 3762 2452; baseline -0.01 -1"><span class='ocrx_word' id='word_1_370' title='bbox 2182 2395 2382 2451; x_wconf 80' lang='lat' dir='ltr'><strong>Phison</strong></span> <span class='ocrx_word' id='word_1_371' title='bbox 2449 2392 2657 2447; x_wconf 88' lang='lat' dir='ltr'><strong>Diiobis</strong></span> <span class='ocrx_word' id='word_1_372' title='bbox 2720 2399 2965 2445; x_wconf 90' lang='lat' dir='ltr'><strong>vocatur.</strong></span> <span class='ocrx_word' id='word_1_373' title='bbox 3033 2385 3241 2442; x_wconf 88' lang='lat' dir='ltr'><strong>Ferunt</strong></span> <span class='ocrx_word' id='word_1_374' title='bbox 3302 2393 3483 2439; x_wconf 90' lang='lat' dir='ltr'><strong>autem</strong></span> <span class='ocrx_word' id='word_1_375' title='bbox 3528 2384 3762 2452; x_wconf 83' lang='lat' dir='ltr'><strong>pleram-</strong></span> 
     </span>
    </p>
   </div>
   <div class='ocr_carea' id='block_1_53' title="bbox 2179 2474 3768 2558">
    <p class='ocr_par' dir='ltr' id='par_1_53' title="bbox 2179 2474 3768 2558">
     <span class='ocr_line' id='line_1_53' title="bbox 2179 2474 3768 2558; baseline -0.01 -15"><span class='ocrx_word' id='word_1_376' title='bbox 2179 2502 2288 2558; x_wconf 91' lang='lat' dir='ltr'><strong>que</strong></span> <span class='ocrx_word' id='word_1_377' title='bbox 2328 2486 2461 2557; x_wconf 69' lang='lat' dir='ltr'><strong>ripze</strong></span> <span class='ocrx_word' id='word_1_378' title='bbox 2511 2485 2676 2554; x_wconf 91' lang='lat' dir='ltr'><strong>hujus</strong></span> <span class='ocrx_word' id='word_1_379' title='bbox 2720 2482 2867 2538; x_wconf 90' lang='lat' dir='ltr'><strong>ﬂuvii</strong></span> <span class='ocrx_word' id='word_1_380' title='bbox 2913 2495 3136 2536; x_wconf 84' lang='lat' dir='ltr'><strong>arenam</strong></span> <span class='ocrx_word' id='word_1_381' title='bbox 3193 2485 3359 2548; x_wconf 87' lang='lat' dir='ltr'><strong>atque</strong></span> <span class='ocrx_word' id='word_1_382' title='bbox 3412 2476 3572 2529; x_wconf 85' lang='lat' dir='ltr'><strong>etiam</strong></span> <span class='ocrx_word' id='word_1_383' title='bbox 3620 2474 3768 2527; x_wconf 81' lang='lat' dir='ltr'><strong>alvei</strong></span> 
     </span>
    </p>
   </div>
   <div class='ocr_carea' id='block_1_54' title="bbox 2180 2569 3765 2650">
    <p class='ocr_par' dir='ltr' id='par_1_54' title="bbox 2180 2569 3765 2650">
     <span class='ocr_line' id='line_1_54' title="bbox 2180 2569 3765 2650; baseline -0.009 -17"><span class='ocrx_word' id='word_1_384' title='bbox 2180 2587 2475 2650; x_wconf 79' lang='lat' dir='ltr'><strong>przestante</strong></span> <span class='ocrx_word' id='word_1_385' title='bbox 2495 2591 2633 2631; x_wconf 92' lang='lat' dir='ltr'><strong>auro</strong></span> <span class='ocrx_word' id='word_1_386' title='bbox 2662 2575 3033 2636; x_wconf 86' lang='lat' dir='ltr'><strong>abundare,et</strong></span> <span class='ocrx_word' id='word_1_387' title='bbox 3048 2571 3276 2642; x_wconf 86' lang='lat' dir='ltr'><strong>gemmis</strong></span> <span class='ocrx_word' id='word_1_388' title='bbox 3300 2569 3556 2640; x_wconf 86' lang='lat' dir='ltr'><strong>pretiosis</strong></span> <span class='ocrx_word' id='word_1_389' title='bbox 3586 2583 3598 2632; x_wconf 84' lang='lat'>;</span> <span class='ocrx_word' id='word_1_390' title='bbox 3636 2582 3765 2620; x_wconf 82' lang='lat' dir='ltr'><strong>nam</strong></span> 
     </span>
    </p>
   </div>
   <div class='ocr_carea' id='block_1_55' title="bbox 2179 2658 3763 2735">
    <p class='ocr_par' dir='ltr' id='par_1_55' title="bbox 2179 2658 3763 2735">
     <span class='ocr_line' id='line_1_55' title="bbox 2179 2658 3763 2735; baseline -0.009 -8"><span class='ocrx_word' id='word_1_391' title='bbox 2179 2687 2285 2727; x_wconf 80' lang='lat' dir='ltr'><strong>vox</strong></span> <span class='ocrx_word' id='word_1_392' title='bbox 2315 2671 2563 2732; x_wconf 83' lang='lat' dir='ltr'><strong>Hebraea,</strong></span> <span class='ocrx_word' id='word_1_393' title='bbox 2597 2668 2850 2730; x_wconf 81' lang='lat' dir='ltr'><strong>Bedotah,</strong></span> <span class='ocrx_word' id='word_1_394' title='bbox 2870 2666 3196 2735; x_wconf 81' lang='lat' dir='ltr'><strong>margaritas</strong></span> <span class='ocrx_word' id='word_1_395' title='bbox 3225 2660 3515 2732; x_wconf 86' lang='lat' dir='ltr'><strong>signiﬁcat.</strong></span> <span class='ocrx_word' id='word_1_396' title='bbox 3551 2658 3763 2714; x_wconf 87' lang='lat' dir='ltr'><strong>Secun-</strong></span> 
     </span>
    </p>
   </div>
   <div class='ocr_carea' id='block_1_56' title="bbox 2182 2752 3769 2824">
    <p class='ocr_par' dir='ltr' id='par_1_56' title="bbox 2182 2752 3769 2824">
     <span class='ocr_line' id='line_1_56' title="bbox 2182 2752 3769 2824; baseline -0.01 -7"><span class='ocrx_word' id='word_1_397' title='bbox 2182 2762 2233 2817; x_wconf 89' lang='lat' dir='ltr'><strong>di</strong></span> <span class='ocrx_word' id='word_1_398' title='bbox 2263 2760 2409 2815; x_wconf 89' lang='lat' dir='ltr'><strong>ﬂuvii</strong></span> <span class='ocrx_word' id='word_1_399' title='bbox 2444 2774 2643 2813; x_wconf 89' lang='lat' dir='ltr'><strong>nomen</strong></span> <span class='ocrx_word' id='word_1_400' title='bbox 2690 2767 2773 2813; x_wconf 86' lang='lat' dir='ltr'><strong>est</strong></span> <span class='ocrx_word' id='word_1_401' title='bbox 2801 2756 3012 2812; x_wconf 84' lang='lat' dir='ltr'><strong>Gebon.</strong></span> <span class='ocrx_word' id='word_1_402' title='bbox 3050 2755 3102 2810; x_wconf 93' lang='lat' dir='ltr'><strong>Is</strong></span> <span class='ocrx_word' id='word_1_403' title='bbox 3148 2761 3401 2824; x_wconf 85' lang='lat' dir='ltr'><strong>peragrat</strong></span> <span class='ocrx_word' id='word_1_404' title='bbox 3448 2752 3769 2805; x_wconf 84' lang='lat' dir='ltr'><strong>universam</strong></span> 
     </span>
    </p>
   </div>
   <div class='ocr_carea' id='block_1_57' title="bbox 2184 2840 3768 2916">
    <p class='ocr_par' dir='ltr' id='par_1_57' title="bbox 2184 2840 3768 2916">
     <span class='ocr_line' id='line_1_57' title="bbox 2184 2840 3768 2916; baseline -0.007 -8"><span class='ocrx_word' id='word_1_405' title='bbox 2184 2861 2387 2908; x_wconf 89' lang='lat' dir='ltr'><strong>terram</strong></span> <span class='ocrx_word' id='word_1_406' title='bbox 2447 2850 2619 2912; x_wconf 89' lang='lat' dir='ltr'><strong>Cbus.</strong></span> <span class='ocrx_word' id='word_1_407' title='bbox 2680 2849 2732 2903; x_wconf 89' lang='lat' dir='ltr'><strong>id</strong></span> <span class='ocrx_word' id='word_1_408' title='bbox 2780 2858 2886 2913; x_wconf 91' lang='lat' dir='ltr'><strong>est,</strong></span> <span class='ocrx_word' id='word_1_409' title='bbox 2924 2846 3263 2916; x_wconf 62' lang='lat' dir='ltr'><strong>Ethiopian;</strong></span> <span class='ocrx_word' id='word_1_410' title='bbox 3309 2840 3768 2897; x_wconf 77' lang='lat' dir='ltr'><strong>hicanonnullis</strong></span> 
     </span>
    </p>
   </div>
   <div class='ocr_carea' id='block_1_58' title="bbox 2181 2935 3766 3013">
    <p class='ocr_par' dir='ltr' id='par_1_58' title="bbox 2181 2935 3766 3013">
     <span class='ocr_line' id='line_1_58' title="bbox 2181 2935 3766 3013; baseline -0.009 -11"><span class='ocrx_word' id='word_1_411' title='bbox 2181 2947 2344 3002; x_wconf 89' lang='lat' dir='ltr'><strong>etiam</strong></span> <span class='ocrx_word' id='word_1_412' title='bbox 2370 2944 2571 3000; x_wconf 87' lang='lat' dir='ltr'><strong>Sichor</strong></span> <span class='ocrx_word' id='word_1_413' title='bbox 2606 2941 2683 3013; x_wconf 85' lang='lat'><strong>(6)</strong></span> <span class='ocrx_word' id='word_1_414' title='bbox 2721 2941 3042 3011; x_wconf 88' lang='lat' dir='ltr'><strong>appellatur.</strong></span> <span class='ocrx_word' id='word_1_415' title='bbox 3099 2938 3271 2994; x_wconf 67' lang='lat' dir='ltr'><strong>Graeci</strong></span> <span class='ocrx_word' id='word_1_416' title='bbox 3304 2935 3481 2991; x_wconf 80' lang='lat' dir='ltr'><strong>Nilum</strong></span> <span class='ocrx_word' id='word_1_417' title='bbox 3511 2942 3712 2988; x_wconf 83' lang='lat' dir='ltr'><strong>vocant</strong></span> <span class='ocrx_word' id='word_1_418' title='bbox 3743 2951 3766 2987; x_wconf 84' lang='lat'><strong>:</strong></span> 
     </span>
    </p>
   </div>
   <div class='ocr_carea' id='block_1_59' title="bbox 2182 3027 3766 3107">
    <p class='ocr_par' dir='ltr' id='par_1_59' title="bbox 2182 3027 3766 3107">
     <span class='ocr_line' id='line_1_59' title="bbox 2182 3027 3766 3107; baseline -0.006 -15"><span class='ocrx_word' id='word_1_419' title='bbox 2182 3037 2274 3107; x_wconf 89' lang='lat' dir='ltr'><strong>qui</strong></span> <span class='ocrx_word' id='word_1_420' title='bbox 2309 3052 2339 3091; x_wconf 90' lang='lat' dir='ltr'><strong>a</strong></span> <span class='ocrx_word' id='word_1_421' title='bbox 2369 3051 2564 3107; x_wconf 83' lang='lat' dir='ltr'><strong>magno</strong></span> <span class='ocrx_word' id='word_1_422' title='bbox 2623 3035 2848 3088; x_wconf 87' lang='lat' dir='ltr'><strong>ﬂumine</strong></span> <span class='ocrx_word' id='word_1_423' title='bbox 2907 3032 3208 3103; x_wconf 81' lang='lat' dir='ltr'><strong>digressus,</strong></span> <span class='ocrx_word' id='word_1_424' title='bbox 3273 3038 3435 3099; x_wconf 90' lang='lat' dir='ltr'><strong>atque</strong></span> <span class='ocrx_word' id='word_1_425' title='bbox 3463 3027 3563 3083; x_wconf 90' lang='lat' dir='ltr'><strong>sub</strong></span> <span class='ocrx_word' id='word_1_426' title='bbox 3594 3027 3766 3083; x_wconf 85' lang='lat' dir='ltr'><strong>maris</strong></span> 
     </span>
    </p>
   </div>
   <div class='ocr_carea' id='block_1_60' title="bbox 506 3119 3769 3207">
    <p class='ocr_par' dir='ltr' id='par_1_60' title="bbox 506 3119 3769 3207">
     <span class='ocr_line' id='line_1_60' title="bbox 506 3119 3769 3207; baseline 0 -35"><span class='ocrx_word' id='word_1_427' title='bbox 506 3119 649 3176; x_wconf 92' lang='lat' dir='ltr'><strong>vallo</strong></span> <span class='ocrx_word' id='word_1_428' title='bbox 702 3129 1035 3180; x_wconf 87' lang='lat' dir='ltr'><strong>cataractam</strong></span> <span class='ocrx_word' id='word_1_429' title='bbox 1070 3126 1184 3182; x_wconf 85' lang='lat' dir='ltr'><strong>sive</strong></span> <span class='ocrx_word' id='word_1_430' title='bbox 1239 3130 1599 3200; x_wconf 68' lang='lat' dir='ltr'><strong>praecipitium</strong></span> <span class='ocrx_word' id='word_1_431' title='bbox 1636 3132 1768 3202; x_wconf 90' lang='lat' dir='ltr'><strong>ipsis</strong></span> <span class='ocrx_word' id='word_1_432' title='bbox 1806 3137 2079 3207; x_wconf 79' lang='lat' dir='ltr'><strong>quoddam</strong></span> <span class='ocrx_word' id='word_1_433' title='bbox 2110 3141 2154 3203; x_wconf 83' lang='lat' dir='ltr'>C</span> <span class='ocrx_word' id='word_1_434' title='bbox 2185 3128 2413 3184; x_wconf 78' lang='lat' dir='ltr'><strong>fumium</strong></span> <span class='ocrx_word' id='word_1_435' title='bbox 2440 3127 2713 3195; x_wconf 74' lang='lat' dir='ltr'><strong>delapsus,</strong></span> <span class='ocrx_word' id='word_1_436' title='bbox 2740 3124 2952 3191; x_wconf 84' lang='lat' dir='ltr'><strong>prosilit</strong></span> <span class='ocrx_word' id='word_1_437' title='bbox 2975 3123 3191 3177; x_wconf 89' lang='lat' dir='ltr'><strong>tandem</strong></span> <span class='ocrx_word' id='word_1_438' title='bbox 3213 3121 3514 3191; x_wconf 88' lang='lat' dir='ltr'><strong>ebullitque</strong></span> <span class='ocrx_word' id='word_1_439' title='bbox 3535 3120 3587 3173; x_wconf 90' lang='lat' dir='ltr'><strong>in</strong></span> <span class='ocrx_word' id='word_1_440' title='bbox 3610 3119 3769 3189; x_wconf 80' lang='lat' dir='ltr'><strong>plaga</strong></span> 
     </span>
    </p>
   </div>
   <div class='ocr_carea' id='block_1_61' title="bbox 507 3213 2083 3299">
    <p class='ocr_par' dir='ltr' id='par_1_61' title="bbox 507 3213 2083 3299">
     <span class='ocr_line' id='line_1_61' title="bbox 507 3213 2083 3299; baseline 0.012 -31"><span class='ocrx_word' id='word_1_441' title='bbox 507 3213 616 3268; x_wconf 90' lang='lat' dir='ltr'><strong>alta</strong></span> <span class='ocrx_word' id='word_1_442' title='bbox 648 3213 949 3273; x_wconf 85' lang='lat' dir='ltr'><strong>devexitate</strong></span> <span class='ocrx_word' id='word_1_443' title='bbox 976 3218 1268 3288; x_wconf 90' lang='lat' dir='ltr'><strong>abruptum</strong></span> <span class='ocrx_word' id='word_1_444' title='bbox 1294 3231 1457 3293; x_wconf 91' lang='lat' dir='ltr'><strong>atque</strong></span> <span class='ocrx_word' id='word_1_445' title='bbox 1482 3224 1706 3281; x_wconf 88' lang='lat' dir='ltr'><strong>difﬁcile</strong></span> <span class='ocrx_word' id='word_1_446' title='bbox 1739 3242 2083 3299; x_wconf 84' lang='lat' dir='ltr'><strong>comparant,</strong></span> 
     </span>
    </p>
   </div>
   <div class='ocr_carea' id='block_1_62' title="bbox 508 3308 2077 3388">
    <p class='ocr_par' dir='ltr' id='par_1_62' title="bbox 508 3308 2077 3388">
     <span class='ocr_line' id='line_1_62' title="bbox 508 3308 2077 3388; baseline 0.012 -26"><span class='ocrx_word' id='word_1_447' title='bbox 508 3323 603 3377; x_wconf 87' lang='lat' dir='ltr'><strong>per</strong></span> <span class='ocrx_word' id='word_1_448' title='bbox 631 3308 776 3378; x_wconf 91' lang='lat' dir='ltr'><strong>quod</strong></span> <span class='ocrx_word' id='word_1_449' title='bbox 807 3311 1108 3367; x_wconf 85' lang='lat' dir='ltr'><strong>deturbatae</strong></span> <span class='ocrx_word' id='word_1_450' title='bbox 1134 3331 1331 3385; x_wconf 85' lang='lat' dir='ltr'><strong>magno</strong></span> <span class='ocrx_word' id='word_1_451' title='bbox 1354 3332 1476 3370; x_wconf 89' lang='lat' dir='ltr'><strong>cum</strong></span> <span class='ocrx_word' id='word_1_452' title='bbox 1513 3319 1716 3388; x_wconf 89' lang='lat' dir='ltr'><strong>impetu</strong></span> <span class='ocrx_word' id='word_1_453' title='bbox 1745 3323 1846 3377; x_wconf 91' lang='lat' dir='ltr'><strong>sub</strong></span> <span class='ocrx_word' id='word_1_454' title='bbox 1874 3331 2077 3381; x_wconf 89' lang='lat' dir='ltr'><strong>terram</strong></span> 
     </span>
    </p>
   </div>
   <div class='ocr_carea' id='block_1_63' title="bbox 507 3403 2083 3485">
    <p class='ocr_par' dir='ltr' id='par_1_63' title="bbox 507 3403 2083 3485">
     <span class='ocr_line' id='line_1_63' title="bbox 507 3403 2083 3485; baseline 0.011 -30"><span class='ocrx_word' id='word_1_455' title='bbox 507 3403 813 3458; x_wconf 84' lang='lat' dir='ltr'><strong>condantur</strong></span> <span class='ocrx_word' id='word_1_456' title='bbox 847 3422 861 3463; x_wconf 87' lang='lat'><strong>:</strong></span> <span class='ocrx_word' id='word_1_457' title='bbox 890 3405 994 3460; x_wconf 87' lang='lat' dir='ltr'><strong>sub</strong></span> <span class='ocrx_word' id='word_1_458' title='bbox 1020 3422 1126 3475; x_wconf 90' lang='lat' dir='ltr'><strong>qua</strong></span> <span class='ocrx_word' id='word_1_459' title='bbox 1165 3417 1451 3477; x_wconf 89' lang='lat' dir='ltr'><strong>postquam</strong></span> <span class='ocrx_word' id='word_1_460' title='bbox 1487 3420 1710 3475; x_wconf 78' lang='lat' dir='ltr'><strong>coactae,</strong></span> <span class='ocrx_word' id='word_1_461' title='bbox 1766 3422 1929 3485; x_wconf 90' lang='lat' dir='ltr'><strong>atque</strong></span> <span class='ocrx_word' id='word_1_462' title='bbox 1980 3434 2083 3473; x_wconf 90' lang='lat' dir='ltr'><strong>suo</strong></span> 
     </span>
    </p>
   </div>
   <div class='ocr_carea' id='block_1_64' title="bbox 511 3496 2083 3571">
    <p class='ocr_par' dir='ltr' id='par_1_64' title="bbox 511 3496 2083 3571">
     <span class='ocr_line' id='line_1_64' title="bbox 511 3496 2083 3571; baseline 0.012 -25"><span class='ocrx_word' id='word_1_463' title='bbox 511 3496 747 3562; x_wconf 87' lang='lat' dir='ltr'><strong>ipsarum</strong></span> <span class='ocrx_word' id='word_1_464' title='bbox 782 3497 984 3567; x_wconf 91' lang='lat' dir='ltr'><strong>impetu</strong></span> <span class='ocrx_word' id='word_1_465' title='bbox 1008 3514 1207 3566; x_wconf 72' lang='lat' dir='ltr'><strong>pressa:</strong></span> <span class='ocrx_word' id='word_1_466' title='bbox 1231 3499 1591 3570; x_wconf 90' lang='lat' dir='ltr'><strong>aliquousque</strong></span> <span class='ocrx_word' id='word_1_467' title='bbox 1614 3503 1839 3571; x_wconf 70' lang='lat' dir='ltr'><strong>ﬂuxere,</strong></span> <span class='ocrx_word' id='word_1_468' title='bbox 1871 3510 2083 3565; x_wconf 84' lang='lat' dir='ltr'><strong>tandem</strong></span> 
     </span>
    </p>
   </div>
   <div class='ocr_carea' id='block_1_65' title="bbox 510 3586 2084 3667">
    <p class='ocr_par' dir='ltr' id='par_1_65' title="bbox 510 3586 2084 3667">
     <span class='ocr_line' id='line_1_65' title="bbox 510 3586 2084 3667; baseline 0.013 -31"><span class='ocrx_word' id='word_1_469' title='bbox 510 3601 604 3653; x_wconf 88' lang='lat' dir='ltr'><strong>per</strong></span> <span class='ocrx_word' id='word_1_470' title='bbox 660 3586 876 3640; x_wconf 88' lang='lat' dir='ltr'><strong>canales</strong></span> <span class='ocrx_word' id='word_1_471' title='bbox 936 3587 1057 3642; x_wconf 92' lang='lat' dir='ltr'><strong>illos</strong></span> <span class='ocrx_word' id='word_1_472' title='bbox 1083 3603 1278 3658; x_wconf 84' lang='lat' dir='ltr'><strong>magna</strong></span> <span class='ocrx_word' id='word_1_473' title='bbox 1330 3591 1379 3643; x_wconf 89' lang='lat' dir='ltr'><strong>vi</strong></span> <span class='ocrx_word' id='word_1_474' title='bbox 1431 3608 1538 3660; x_wconf 87' lang='lat' dir='ltr'><strong>qua</strong></span> <span class='ocrx_word' id='word_1_475' title='bbox 1596 3610 1661 3648; x_wconf 88' lang='lat' dir='ltr'><strong>ex</strong></span> <span class='ocrx_word' id='word_1_476' title='bbox 1693 3600 1956 3667; x_wconf 55' lang='lat' dir='ltr'><strong>praecipiti</strong></span> <span class='ocrx_word' id='word_1_477' title='bbox 1992 3602 2084 3656; x_wconf 87' lang='lat' dir='ltr'><strong>illo</strong></span> 
     </span>
    </p>
   </div>
   <div class='ocr_carea' id='block_1_66' title="bbox 509 3682 2084 3747">
    <p class='ocr_par' dir='ltr' id='par_1_66' title="bbox 509 3682 2084 3747">
     <span class='ocr_line' id='line_1_66' title="bbox 509 3682 2084 3747; baseline 0.013 -20"><span class='ocrx_word' id='word_1_478' title='bbox 509 3689 640 3728; x_wconf 89' lang='lat' dir='ltr'><strong>casu</strong></span> <span class='ocrx_word' id='word_1_479' title='bbox 683 3686 963 3744; x_wconf 82' lang='lat' dir='ltr'><strong>urgentur,</strong></span> <span class='ocrx_word' id='word_1_480' title='bbox 989 3694 1208 3732; x_wconf 85' lang='lat' dir='ltr'><strong>sursum</strong></span> <span class='ocrx_word' id='word_1_481' title='bbox 1251 3682 1509 3737; x_wconf 83' lang='lat' dir='ltr'><strong>emicant.</strong></span> <span class='ocrx_word' id='word_1_482' title='bbox 1544 3685 1667 3739; x_wconf 89' lang='lat' dir='ltr'><strong>II.ce</strong></span> <span class='ocrx_word' id='word_1_483' title='bbox 1693 3687 1765 3739; x_wconf 92' lang='lat' dir='ltr'><strong>ita</strong></span> <span class='ocrx_word' id='word_1_484' title='bbox 1798 3706 1855 3744; x_wconf 91' lang='lat' dir='ltr'><strong>se</strong></span> <span class='ocrx_word' id='word_1_485' title='bbox 1885 3692 2084 3747; x_wconf 86' lang='lat' dir='ltr'><strong>habere</strong></span> 
     </span>
    </p>
   </div>
   <div class='ocr_carea' id='block_1_67' title="bbox 508 3766 2082 3840">
    <p class='ocr_par' dir='ltr' id='par_1_67' title="bbox 508 3766 2082 3840">
     <span class='ocr_line' id='line_1_67' title="bbox 508 3766 2082 3840; baseline 0.015 -24"><span class='ocrx_word' id='word_1_486' title='bbox 508 3766 762 3819; x_wconf 87' lang='lat' dir='ltr'><strong>dominus</strong></span> <span class='ocrx_word' id='word_1_487' title='bbox 805 3769 969 3821; x_wconf 86' lang='lat' dir='ltr'><strong>etiam</strong></span> <span class='ocrx_word' id='word_1_488' title='bbox 1030 3768 1303 3839; x_wconf 82' lang='lat' dir='ltr'><strong>Ephrann,</strong></span> <span class='ocrx_word' id='word_1_489' title='bbox 1339 3783 1545 3829; x_wconf 89' lang='lat' dir='ltr'><strong>etcum</strong></span> <span class='ocrx_word' id='word_1_490' title='bbox 1604 3793 1669 3830; x_wconf 92' lang='lat' dir='ltr'><strong>eo</strong></span> <span class='ocrx_word' id='word_1_491' title='bbox 1697 3779 1949 3838; x_wconf 89' lang='lat' dir='ltr'><strong>doctores</strong></span> <span class='ocrx_word' id='word_1_492' title='bbox 1992 3784 2082 3840; x_wconf 88' lang='lat' dir='ltr'><strong>alii</strong></span> 
     </span>
    </p>
   </div>
   <div class='ocr_carea' id='block_1_68' title="bbox 511 3855 2083 3934">
    <p class='ocr_par' dir='ltr' id='par_1_68' title="bbox 511 3855 2083 3934">
     <span class='ocr_line' id='line_1_68' title="bbox 511 3855 2083 3934; baseline 0.018 -28"><span class='ocrx_word' id='word_1_493' title='bbox 511 3855 823 3911; x_wconf 84' lang='lat' dir='ltr'><strong>afﬁrmant:</strong></span> <span class='ocrx_word' id='word_1_494' title='bbox 858 3875 1027 3929; x_wconf 83' lang='lat' dir='ltr'><strong>quare</strong></span> <span class='ocrx_word' id='word_1_495' title='bbox 1061 3877 1161 3915; x_wconf 91' lang='lat' dir='ltr'><strong>nos</strong></span> <span class='ocrx_word' id='word_1_496' title='bbox 1192 3878 1411 3933; x_wconf 90' lang='lat' dir='ltr'><strong>quoque</strong></span> <span class='ocrx_word' id='word_1_497' title='bbox 1470 3868 1698 3924; x_wconf 84' lang='lat' dir='ltr'><strong>libenter</strong></span> <span class='ocrx_word' id='word_1_498' title='bbox 1729 3876 2083 3934; x_wconf 87' lang='lat' dir='ltr'><strong>assentimur.</strong></span> 
     </span>
    </p>
   </div>
   <div class='ocr_carea' id='block_1_69' title="bbox 509 3945 2085 4025">
    <p class='ocr_par' dir='ltr' id='par_1_69' title="bbox 509 3945 2085 4025">
     <span class='ocr_line' id='line_1_69' title="bbox 509 3945 2085 4025; baseline 0.016 -27"><span class='ocrx_word' id='word_1_499' title='bbox 509 3945 777 4000; x_wconf 68' lang='lat' dir='ltr'><strong>Caeterum</strong></span> <span class='ocrx_word' id='word_1_500' title='bbox 828 3950 973 4019; x_wconf 91' lang='lat' dir='ltr'><strong>quod</strong></span> <span class='ocrx_word' id='word_1_501' title='bbox 1019 3951 1086 4005; x_wconf 89' lang='lat' dir='ltr'><strong>ad</strong></span> <span class='ocrx_word' id='word_1_502' title='bbox 1135 3968 1385 4022; x_wconf 86' lang='lat' dir='ltr'><strong>saporem</strong></span> <span class='ocrx_word' id='word_1_503' title='bbox 1432 3964 1661 4025; x_wconf 75' lang='lat' dir='ltr'><strong>spectat,</strong></span> <span class='ocrx_word' id='word_1_504' title='bbox 1716 3962 1932 4019; x_wconf 81' lang='lat' dir='ltr'><strong>idemne</strong></span> <span class='ocrx_word' id='word_1_505' title='bbox 1976 3967 2085 4023; x_wconf 89' lang='lat' dir='ltr'><strong>illis</strong></span> 
     </span>
    </p>
   </div>
   <div class='ocr_carea' id='block_1_70' title="bbox 509 4038 2082 4119">
    <p class='ocr_par' dir='ltr' id='par_1_70' title="bbox 509 4038 2082 4119">
     <span class='ocr_line' id='line_1_70' title="bbox 509 4038 2082 4119; baseline 0.015 -29"><span class='ocrx_word' id='word_1_506' title='bbox 509 4038 667 4107; x_wconf 81' lang='lat' dir='ltr'><strong>aquis</strong></span> <span class='ocrx_word' id='word_1_507' title='bbox 698 4048 915 4095; x_wconf 86' lang='lat' dir='ltr'><strong>maneat</strong></span> <span class='ocrx_word' id='word_1_508' title='bbox 947 4040 1089 4112; x_wconf 88' lang='lat' dir='ltr'><strong>apud</strong></span> <span class='ocrx_word' id='word_1_509' title='bbox 1117 4059 1241 4107; x_wconf 91' lang='lat' dir='ltr'><strong>nos,</strong></span> <span class='ocrx_word' id='word_1_510' title='bbox 1276 4048 1368 4115; x_wconf 93' lang='lat' dir='ltr'><strong>qui</strong></span> <span class='ocrx_word' id='word_1_511' title='bbox 1396 4047 1573 4103; x_wconf 88' lang='lat' dir='ltr'><strong>fuerat</strong></span> <span class='ocrx_word' id='word_1_512' title='bbox 1600 4050 1653 4103; x_wconf 92' lang='lat' dir='ltr'><strong>in</strong></span> <span class='ocrx_word' id='word_1_513' title='bbox 1692 4054 1966 4119; x_wconf 86' lang='lat' dir='ltr'><strong>paradiso,</strong></span> <span class='ocrx_word' id='word_1_514' title='bbox 2013 4074 2082 4114; x_wconf 89' lang='lat' dir='ltr'><strong>an</strong></span> 
     </span>
    </p>
   </div>
   <div class='ocr_carea' id='block_1_71' title="bbox 512 4130 2085 4217">
    <p class='ocr_par' dir='ltr' id='par_1_71' title="bbox 512 4130 2085 4217">
     <span class='ocr_line' id='line_1_71' title="bbox 512 4130 2085 4217; baseline 0.013 -34"><span class='ocrx_word' id='word_1_515' title='bbox 512 4130 736 4185; x_wconf 90' lang='lat' dir='ltr'><strong>minime</strong></span> <span class='ocrx_word' id='word_1_516' title='bbox 770 4150 783 4185; x_wconf 88' lang='lat'><strong>:</strong></span> <span class='ocrx_word' id='word_1_517' title='bbox 814 4148 915 4188; x_wconf 90' lang='lat' dir='ltr'><strong>nos</strong></span> <span class='ocrx_word' id='word_1_518' title='bbox 938 4139 1294 4205; x_wconf 86' lang='lat' dir='ltr'><strong>pronuntiare</strong></span> <span class='ocrx_word' id='word_1_519' title='bbox 1326 4154 1433 4193; x_wconf 88' lang='lat' dir='ltr'><strong>non</strong></span> <span class='ocrx_word' id='word_1_520' title='bbox 1464 4140 1804 4209; x_wconf 85' lang='lat' dir='ltr'><strong>dubitamus,</strong></span> <span class='ocrx_word' id='word_1_521' title='bbox 1840 4147 1891 4200; x_wconf 91' lang='lat' dir='ltr'><strong>in</strong></span> <span class='ocrx_word' id='word_1_522' title='bbox 1923 4164 2085 4217; x_wconf 79' lang='lat' dir='ltr'><strong>para-</strong></span> 
     </span>
    </p>
   </div>
   <div class='ocr_carea' id='block_1_72' title="bbox 511 4224 2086 4307">
    <p class='ocr_par' dir='ltr' id='par_1_72' title="bbox 511 4224 2086 4307">
     <span class='ocr_line' id='line_1_72' title="bbox 511 4224 2086 4307; baseline 0.013 -31"><span class='ocrx_word' id='word_1_523' title='bbox 511 4224 632 4278; x_wconf 87' lang='lat' dir='ltr'><strong>diso</strong></span> <span class='ocrx_word' id='word_1_524' title='bbox 663 4240 779 4280; x_wconf 82' lang='lat' dir='ltr'><strong>esse</strong></span> <span class='ocrx_word' id='word_1_525' title='bbox 810 4238 1029 4298; x_wconf 82' lang='lat' dir='ltr'><strong>gustatu</strong></span> <span class='ocrx_word' id='word_1_526' title='bbox 1077 4229 1419 4298; x_wconf 84' lang='lat' dir='ltr'><strong>gratissimas</strong></span> <span class='ocrx_word' id='word_1_527' title='bbox 1450 4236 1934 4307; x_wconf 78' lang='lat' dir='ltr'><strong>suavissimasquc,</strong></span> <span class='ocrx_word' id='word_1_528' title='bbox 1963 4241 2086 4296; x_wconf 87' lang='lat' dir='ltr'><strong>inde</strong></span> 
     </span>
    </p>
   </div>
   <div class='ocr_carea' id='block_1_73' title="bbox 511 4323 2083 4399">
    <p class='ocr_par' dir='ltr' id='par_1_73' title="bbox 511 4323 2083 4399">
     <span class='ocr_line' id='line_1_73' title="bbox 511 4323 2083 4399; baseline 0.011 -28"><span class='ocrx_word' id='word_1_529' title='bbox 511 4327 691 4376; x_wconf 84' lang='lat' dir='ltr'><strong>autem</strong></span> <span class='ocrx_word' id='word_1_530' title='bbox 722 4335 1061 4391; x_wconf 83' lang='lat' dir='ltr'><strong>progressas,</strong></span> <span class='ocrx_word' id='word_1_531' title='bbox 1124 4323 1420 4392; x_wconf 90' lang='lat' dir='ltr'><strong>plurimum</strong></span> <span class='ocrx_word' id='word_1_532' title='bbox 1472 4330 1759 4385; x_wconf 87' lang='lat' dir='ltr'><strong>suavitatis</strong></span> <span class='ocrx_word' id='word_1_533' title='bbox 1813 4334 2083 4399; x_wconf 84' lang='lat' dir='ltr'><strong>amittere,</strong></span> 
     </span>
    </p>
   </div>
   <div class='ocr_carea' id='block_1_74' title="bbox 512 4412 2082 4489">
    <p class='ocr_par' dir='ltr' id='par_1_74' title="bbox 512 4412 2082 4489">
     <span class='ocr_line' id='line_1_74' title="bbox 512 4412 2082 4489; baseline 0.012 -29"><span class='ocrx_word' id='word_1_534' title='bbox 512 4412 783 4467; x_wconf 85' lang='lat' dir='ltr'><strong>acredinis</strong></span> <span class='ocrx_word' id='word_1_535' title='bbox 813 4430 940 4468; x_wconf 87' lang='lat' dir='ltr'><strong>vero</strong></span> <span class='ocrx_word' id='word_1_536' title='bbox 967 4417 1311 4481; x_wconf 88' lang='lat' dir='ltr'><strong>contrahere,</strong></span> <span class='ocrx_word' id='word_1_537' title='bbox 1332 4435 1456 4473; x_wconf 89' lang='lat' dir='ltr'><strong>eum</strong></span> <span class='ocrx_word' id='word_1_538' title='bbox 1480 4420 1610 4475; x_wconf 89' lang='lat' dir='ltr'><strong>illud</strong></span> <span class='ocrx_word' id='word_1_539' title='bbox 1644 4423 1875 4489; x_wconf 87' lang='lat' dir='ltr'><strong>paradisi</strong></span> <span class='ocrx_word' id='word_1_540' title='bbox 1905 4426 2082 4480; x_wconf 84' lang='lat' dir='ltr'><strong>solum</strong></span> 
     </span>
    </p>
   </div>
   <div class='ocr_carea' id='block_1_75' title="bbox 514 4504 2082 4581">
    <p class='ocr_par' dir='ltr' id='par_1_75' title="bbox 514 4504 2082 4581">
     <span class='ocr_line' id='line_1_75' title="bbox 514 4504 2082 4581; baseline 0.013 -27"><span class='ocrx_word' id='word_1_541' title='bbox 514 4505 632 4559; x_wconf 84' lang='lat' dir='ltr'><strong>|-.eta</strong></span> <span class='ocrx_word' id='word_1_542' title='bbox 684 4504 777 4559; x_wconf 92' lang='lat' dir='ltr'><strong>Dei</strong></span> <span class='ocrx_word' id='word_1_543' title='bbox 828 4510 1139 4575; x_wconf 89' lang='lat' dir='ltr'><strong>precatione</strong></span> <span class='ocrx_word' id='word_1_544' title='bbox 1202 4509 1419 4565; x_wconf 89' lang='lat' dir='ltr'><strong>beatum</strong></span> <span class='ocrx_word' id='word_1_545' title='bbox 1477 4526 1533 4567; x_wconf 88' lang='lat' dir='ltr'><strong>et</strong></span> <span class='ocrx_word' id='word_1_546' title='bbox 1588 4514 1713 4569; x_wconf 86' lang='lat' dir='ltr'><strong>felix</strong></span> <span class='ocrx_word' id='word_1_547' title='bbox 1739 4514 1848 4581; x_wconf 90' lang='lat' dir='ltr'><strong>sit;</strong></span> <span class='ocrx_word' id='word_1_548' title='bbox 1887 4526 1942 4571; x_wconf 90' lang='lat' dir='ltr'><strong>at</strong></span> <span class='ocrx_word' id='word_1_549' title='bbox 1978 4519 2082 4575; x_wconf 88' lang='lat' dir='ltr'><strong>hoc</strong></span> 
     </span>
    </p>
   </div>
   <div class='ocr_carea' id='block_1_76' title="bbox 513 4609 2077 4670">
    <p class='ocr_par' dir='ltr' id='par_1_76' title="bbox 513 4609 2077 4670">
     <span class='ocr_line' id='line_1_76' title="bbox 513 4609 2077 4670; baseline 0.011 -16"><span class='ocrx_word' id='word_1_550' title='bbox 513 4612 755 4657; x_wconf 89' lang='lat' dir='ltr'><strong>nostrum</strong></span> <span class='ocrx_word' id='word_1_551' title='bbox 815 4614 1040 4669; x_wconf 90' lang='lat' dir='ltr'><strong>contra,</strong></span> <span class='ocrx_word' id='word_1_552' title='bbox 1104 4609 1479 4667; x_wconf 83' lang='lat' dir='ltr'><strong>exsecratione</strong></span> <span class='ocrx_word' id='word_1_553' title='bbox 1531 4610 1718 4665; x_wconf 79' lang='lat' dir='ltr'><strong>infelix</strong></span> <span class='ocrx_word' id='word_1_554' title='bbox 1784 4623 1839 4666; x_wconf 88' lang='lat' dir='ltr'><strong>et</strong></span> <span class='ocrx_word' id='word_1_555' title='bbox 1903 4614 2077 4670; x_wconf 88' lang='lat' dir='ltr'><strong>triste.</strong></span> 
     </span>
    </p>
   </div>
   <div class='ocr_carea' id='block_1_77' title="bbox 512 4694 2075 4765">
    <p class='ocr_par' dir='ltr' id='par_1_77' title="bbox 512 4694 2075 4765">
     <span class='ocr_line' id='line_1_77' title="bbox 512 4694 2075 4765; baseline 0.013 -24"><span class='ocrx_word' id='word_1_556' title='bbox 512 4695 787 4756; x_wconf 66' lang='lat' dir='ltr'><strong>Quantum</strong></span> <span class='ocrx_word' id='word_1_557' title='bbox 836 4694 1004 4765; x_wconf 83' lang='lat' dir='ltr'><strong>igitur</strong></span> <span class='ocrx_word' id='word_1_558' title='bbox 1052 4696 1280 4752; x_wconf 86' lang='lat' dir='ltr'><strong>interest</strong></span> <span class='ocrx_word' id='word_1_559' title='bbox 1337 4699 1477 4753; x_wconf 88' lang='lat' dir='ltr'><strong>inter</strong></span> <span class='ocrx_word' id='word_1_560' title='bbox 1535 4716 1659 4754; x_wconf 86' lang='lat' dir='ltr'><strong>eum</strong></span> <span class='ocrx_word' id='word_1_561' title='bbox 1726 4701 1928 4758; x_wconf 91' lang='lat' dir='ltr'><strong>fontem</strong></span> <span class='ocrx_word' id='word_1_562' title='bbox 1986 4704 2075 4761; x_wconf 84' lang='lat' dir='ltr'><strong>cui</strong></span> 
     </span>
    </p>
   </div>
   <div class='ocr_carea' id='block_1_78' title="bbox 514 4783 2084 4861">
    <p class='ocr_par' dir='ltr' id='par_1_78' title="bbox 514 4783 2084 4861">
     <span class='ocr_line' id='line_1_78' title="bbox 514 4783 2084 4861; baseline 0.01 -24"><span class='ocrx_word' id='word_1_563' title='bbox 514 4783 839 4838; x_wconf 89' lang='lat' dir='ltr'><strong>benedicuut</strong></span> <span class='ocrx_word' id='word_1_564' title='bbox 868 4800 1079 4854; x_wconf 88' lang='lat' dir='ltr'><strong>omnes,</strong></span> <span class='ocrx_word' id='word_1_565' title='bbox 1104 4800 1158 4842; x_wconf 90' lang='lat' dir='ltr'><strong>et</strong></span> <span class='ocrx_word' id='word_1_566' title='bbox 1188 4804 1311 4843; x_wconf 88' lang='lat' dir='ltr'><strong>cum</strong></span> <span class='ocrx_word' id='word_1_567' title='bbox 1344 4806 1507 4861; x_wconf 90' lang='lat' dir='ltr'><strong>quem</strong></span> <span class='ocrx_word' id='word_1_568' title='bbox 1557 4809 1719 4846; x_wconf 90' lang='lat' dir='ltr'><strong>nemo</strong></span> <span class='ocrx_word' id='word_1_569' title='bbox 1784 4811 1890 4849; x_wconf 91' lang='lat' dir='ltr'><strong>non</strong></span> <span class='ocrx_word' id='word_1_570' title='bbox 1934 4797 2084 4852; x_wconf 81' lang='lat' dir='ltr'><strong>dete-</strong></span> 
     </span>
    </p>
   </div>
   <div class='ocr_carea' id='block_1_79' title="bbox 513 4880 2084 4955">
    <p class='ocr_par' dir='ltr' id='par_1_79' title="bbox 513 4880 2084 4955">
     <span class='ocr_line' id='line_1_79' title="bbox 513 4880 2084 4955; baseline 0.011 -29"><span class='ocrx_word' id='word_1_571' title='bbox 513 4886 690 4931; x_wconf 82' lang='lat' dir='ltr'><strong>statur</strong></span> <span class='ocrx_word' id='word_1_572' title='bbox 721 4893 737 4942; x_wconf 90' lang='lat'><strong>;</strong></span> <span class='ocrx_word' id='word_1_573' title='bbox 774 4888 983 4933; x_wconf 84' lang='lat' dir='ltr'><strong>tantum</strong></span> <span class='ocrx_word' id='word_1_574' title='bbox 1036 4880 1211 4933; x_wconf 75' lang='lat' dir='ltr'><strong>differt</strong></span> <span class='ocrx_word' id='word_1_575' title='bbox 1240 4884 1509 4955; x_wconf 86' lang='lat' dir='ltr'><strong>suavitate</strong></span> <span class='ocrx_word' id='word_1_576' title='bbox 1558 4895 1723 4955; x_wconf 89' lang='lat' dir='ltr'><strong>atque</strong></span> <span class='ocrx_word' id='word_1_577' title='bbox 1748 4889 2084 4954; x_wconf 76' lang='lat' dir='ltr'><strong>amaznitate,</strong></span> 
     </span>
    </p>
   </div>
   <div class='ocr_carea' id='block_1_80' title="bbox 516 4953 2085 5047">
    <p class='ocr_par' dir='ltr' id='par_1_80' title="bbox 516 4953 2085 5047">
     <span class='ocr_line' id='line_1_80' title="bbox 516 4953 2085 5047; baseline 0.01 -26"><span class='ocrx_word' id='word_1_578' title='bbox 516 4969 731 5021; x_wconf 90' lang='lat' dir='ltr'><strong>illorum</strong></span> <span class='ocrx_word' id='word_1_579' title='bbox 766 4966 1052 5025; x_wconf 86' lang='lat' dir='ltr'><strong>ﬂuviorum</strong></span> <span class='ocrx_word' id='word_1_580' title='bbox 1104 4988 1267 5042; x_wconf 86' lang='lat' dir='ltr'><strong>sapor</strong></span> <span class='ocrx_word' id='word_1_581' title='bbox 1300 4956 1458 5046; x_wconf 55' lang='lat' dir='ltr'><strong>quiem</strong></span> <span class='ocrx_word' id='word_1_582' title='bbox 1491 4953 1541 5030; x_wconf 75' lang='lat' dir='ltr'><strong>in</strong></span> <span class='ocrx_word' id='word_1_583' title='bbox 1572 4979 1852 5047; x_wconf 87' lang='lat' dir='ltr'><strong>paradiso,</strong></span> <span class='ocrx_word' id='word_1_584' title='bbox 1900 4982 1968 5034; x_wconf 89' lang='lat' dir='ltr'><strong>ab</strong></span> <span class='ocrx_word' id='word_1_585' title='bbox 2020 4998 2085 5036; x_wconf 90' lang='lat' dir='ltr'><strong>eo</strong></span> 
     </span>
    </p>
   </div>
   <div class='ocr_carea' id='block_1_81' title="bbox 516 5064 2086 5144">
    <p class='ocr_par' dir='ltr' id='par_1_81' title="bbox 516 5064 2086 5144">
     <span class='ocr_line' id='line_1_81' title="bbox 516 5064 2086 5144; baseline 0.011 -33"><span class='ocrx_word' id='word_1_586' title='bbox 516 5078 679 5130; x_wconf 87' lang='lat' dir='ltr'><strong>quem</strong></span> <span class='ocrx_word' id='word_1_587' title='bbox 715 5064 854 5131; x_wconf 89' lang='lat' dir='ltr'><strong>apud</strong></span> <span class='ocrx_word' id='word_1_588' title='bbox 886 5079 984 5118; x_wconf 92' lang='lat' dir='ltr'><strong>nos</strong></span> <span class='ocrx_word' id='word_1_589' title='bbox 1015 5064 1283 5121; x_wconf 87' lang='lat' dir='ltr'><strong>obtinent.</strong></span> <span class='ocrx_word' id='word_1_590' title='bbox 1312 5067 1446 5123; x_wconf 84' lang='lat' dir='ltr'><strong>Nam</strong></span> <span class='ocrx_word' id='word_1_591' title='bbox 1484 5069 1528 5124; x_wconf 90' lang='lat' dir='ltr'><strong>si</strong></span> <span class='ocrx_word' id='word_1_592' title='bbox 1584 5080 1857 5126; x_wconf 82' lang='lat' dir='ltr'><strong>nostrates</strong></span> <span class='ocrx_word' id='word_1_593' title='bbox 1911 5090 2086 5144; x_wconf 72' lang='lat' dir='ltr'><strong>aquze,</strong></span> 
     </span>
    </p>
   </div>
   <div class='ocr_carea' id='block_1_82' title="bbox 518 5156 2089 5233">
    <p class='ocr_par' dir='ltr' id='par_1_82' title="bbox 518 5156 2089 5233">
     <span class='ocr_line' id='line_1_82' title="bbox 518 5156 2089 5233; baseline 0.008 -25"><span class='ocrx_word' id='word_1_594' title='bbox 518 5156 685 5210; x_wconf 88' lang='lat' dir='ltr'><strong>unius</strong></span> <span class='ocrx_word' id='word_1_595' title='bbox 713 5156 1068 5227; x_wconf 86' lang='lat' dir='ltr'><strong>ejusdemque</strong></span> <span class='ocrx_word' id='word_1_596' title='bbox 1094 5167 1300 5214; x_wconf 81' lang='lat' dir='ltr'><strong>naturae</strong></span> <span class='ocrx_word' id='word_1_597' title='bbox 1335 5178 1458 5216; x_wconf 91' lang='lat' dir='ltr'><strong>cum</strong></span> <span class='ocrx_word' id='word_1_598' title='bbox 1493 5164 1620 5227; x_wconf 91' lang='lat' dir='ltr'><strong>sint,</strong></span> <span class='ocrx_word' id='word_1_599' title='bbox 1657 5180 1752 5233; x_wconf 88' lang='lat' dir='ltr'><strong>pro</strong></span> <span class='ocrx_word' id='word_1_600' title='bbox 1778 5165 1877 5219; x_wconf 91' lang='lat' dir='ltr'><strong>soli</strong></span> <span class='ocrx_word' id='word_1_601' title='bbox 1914 5165 2089 5221; x_wconf 88' lang='lat' dir='ltr'><strong>indole</strong></span> 
     </span>
    </p>
   </div>
   <div class='ocr_carea' id='block_1_83' title="bbox 597 5360 2101 5430">
    <p class='ocr_par' dir='ltr' id='par_1_83' title="bbox 597 5360 2101 5430">
     <span class='ocr_line' id='line_1_83' title="bbox 597 5360 2101 5430; baseline 0.001 -12"><span class='ocrx_word' id='word_1_602' title='bbox 597 5364 672 5429; x_wconf 61' lang='grc' dir='ltr'><strong>(Β)</strong></span> <span class='ocrx_word' id='word_1_603' title='bbox 700 5360 855 5418; x_wconf 84' lang='lat' dir='ltr'><strong>Unde</strong></span> <span class='ocrx_word' id='word_1_604' title='bbox 891 5363 994 5417; x_wconf 91' lang='lat' dir='ltr'><strong>hoc</strong></span> <span class='ocrx_word' id='word_1_605' title='bbox 1062 5379 1256 5418; x_wconf 89' lang='lat' dir='ltr'><strong>nomen</strong></span> <span class='ocrx_word' id='word_1_606' title='bbox 1316 5364 1512 5418; x_wconf 87' lang='lat' dir='ltr'><strong>habeat</strong></span> <span class='ocrx_word' id='word_1_607' title='bbox 1570 5365 1779 5421; x_wconf 77' lang='lat' dir='ltr'><strong>nescire</strong></span> <span class='ocrx_word' id='word_1_608' title='bbox 1809 5381 1894 5422; x_wconf 92' lang='lat' dir='ltr'><strong>me</strong></span> <span class='ocrx_word' id='word_1_609' title='bbox 1912 5364 2101 5430; x_wconf 89' lang='lat' dir='ltr'><strong>fateor,</strong></span> 
     </span>
    </p>
   </div>
   <div class='ocr_carea' id='block_1_84' title="bbox 521 5434 1636 5503">
    <p class='ocr_par' dir='ltr' id='par_1_84' title="bbox 521 5434 1636 5503">
     <span class='ocr_line' id='line_1_84' title="bbox 521 5434 1636 5503; baseline 0.003 -19"><span class='ocrx_word' id='word_1_610' title='bbox 521 5436 660 5503; x_wconf 76' lang='lat' dir='ltr'><strong>intra</strong></span> <span class='ocrx_word' id='word_1_611' title='bbox 716 5444 902 5503; x_wconf 75' lang='lat' dir='ltr'><strong>autem</strong></span> <span class='ocrx_word' id='word_1_612' title='bbox 939 5434 1100 5487; x_wconf 85' lang='lat' dir='ltr'><strong>habet</strong></span> <span class='ocrx_word' id='word_1_613' title='bbox 1129 5434 1360 5503; x_wconf 80' lang='lat' dir='ltr'><strong>Dijabis,</strong></span> <span class='ocrx_word' id='word_1_614' title='bbox 1392 5450 1512 5503; x_wconf 87' lang='lat' dir='ltr'><strong>cap.</strong></span> <span class='ocrx_word' id='word_1_615' title='bbox 1543 5434 1636 5488; x_wconf 65' lang='grc'><strong>28.</strong></span> 
     </span>
    </p>
   </div>
   <div class='ocr_carea' id='block_1_85' title="bbox 594 5501 2095 5575">
    <p class='ocr_par' dir='ltr' id='par_1_85' title="bbox 594 5501 2095 5575">
     <span class='ocr_line' id='line_1_85' title="bbox 594 5501 2095 5575; baseline 0.002 -22"><span class='ocrx_word' id='word_1_616' title='bbox 594 5501 903 5575; x_wconf 67' lang='lat' dir='ltr'><strong>(6)_Siebor</strong></span> <span class='ocrx_word' id='word_1_617' title='bbox 937 5520 1036 5575; x_wconf 71' lang='lat' dir='ltr'><strong>vos</strong></span> <span class='ocrx_word' id='word_1_618' title='bbox 1073 5515 1157 5558; x_wconf 80' lang='lat' dir='ltr'><strong>est</strong></span> <span class='ocrx_word' id='word_1_619' title='bbox 1192 5501 1474 5558; x_wconf 66' lang='lat' dir='ltr'><strong>llebraiea</strong></span> <span class='ocrx_word' id='word_1_620' title='bbox 1516 5503 1831 5575; x_wconf 84' lang='lat' dir='ltr'><strong>signiﬁcans</strong></span> <span class='ocrx_word' id='word_1_621' title='bbox 1886 5510 2095 5575; x_wconf 77' lang='lat' dir='ltr'><strong>nigrum</strong></span> 
     </span>
    </p>
   </div>
   <div class='ocr_carea' id='block_1_86' title="bbox 523 5572 2099 5646">
    <p class='ocr_par' dir='ltr' id='par_1_86' title="bbox 523 5572 2099 5646">
     <span class='ocr_line' id='line_1_86' title="bbox 523 5572 2099 5646; baseline 0.004 -23"><span class='ocrx_word' id='word_1_622' title='bbox 523 5589 586 5646; x_wconf 73' lang='lat' dir='ltr'><strong>ac</strong></span> <span class='ocrx_word' id='word_1_623' title='bbox 620 5572 890 5646; x_wconf 65' lang='lat' dir='ltr'><strong>rabidum.</strong></span> <span class='ocrx_word' id='word_1_624' title='bbox 923 5572 1075 5638; x_wconf 83' lang='lat' dir='ltr'><strong>Quod</strong></span> <span class='ocrx_word' id='word_1_625' title='bbox 1097 5584 1277 5646; x_wconf 80' lang='lat' dir='ltr'><strong>autem</strong></span> <span class='ocrx_word' id='word_1_626' title='bbox 1298 5574 1632 5646; x_wconf 6' lang='lat' dir='ltr'><strong>Nilusgetiain</strong></span> <span class='ocrx_word' id='word_1_627' title='bbox 1657 5589 1685 5625; x_wconf 93' lang='lat' dir='ltr'><strong>a</strong></span> <span class='ocrx_word' id='word_1_628' title='bbox 1709 5572 1975 5629; x_wconf 71' lang='lat' dir='ltr'><strong>veteribus</strong></span> <span class='ocrx_word' id='word_1_629' title='bbox 2005 5578 2099 5646; x_wconf 80' lang='grc' dir='ltr'><strong>μὲ-</strong></span> 
     </span>
    </p>
   </div>
   <div class='ocr_carea' id='block_1_87' title="bbox 527 5642 2102 5761">
    <p class='ocr_par' dir='ltr' id='par_1_87' title="bbox 527 5642 2102 5761">
     <span class='ocr_line' id='line_1_87' title="bbox 527 5642 2102 5761; baseline 0.006 -71"><span class='ocrx_word' id='word_1_630' title='bbox 527 5643 622 5761; x_wconf 52' lang='lat' dir='ltr'><strong>lat;</strong></span> <span class='ocrx_word' id='word_1_631' title='bbox 648 5643 822 5697; x_wconf 89' lang='lat' dir='ltr'><strong>dictus</strong></span> <span class='ocrx_word' id='word_1_632' title='bbox 851 5645 923 5699; x_wconf 74' lang='lat' dir='ltr'><strong>sit</strong></span> <span class='ocrx_word' id='word_1_633' title='bbox 969 5653 1201 5699; x_wconf 88' lang='lat' dir='ltr'><strong>testatur</strong></span> <span class='ocrx_word' id='word_1_634' title='bbox 1238 5643 1560 5698; x_wconf 77' lang='lat' dir='ltr'><strong>Plutarchus</strong></span> <span class='ocrx_word' id='word_1_635' title='bbox 1601 5642 1782 5700; x_wconf 79' lang='lat' dir='ltr'><strong>libello</strong></span> <span class='ocrx_word' id='word_1_636' title='bbox 1817 5646 1890 5699; x_wconf 74' lang='lat' dir='ltr'><strong>De</strong></span> <span class='ocrx_word' id='word_1_637' title='bbox 1925 5642 2102 5713; x_wconf 67' lang='lat' dir='ltr'><strong>ﬂuini~</strong></span> 
     </span>
     <span class='ocr_line' id='line_1_88' title="bbox 529 5728 705 5761; baseline 0 0"><span class='ocrx_word' id='word_1_638' title='bbox 529 5728 578 5761; x_wconf 70' lang='grc' dir='ltr'><strong>ΠΙ</strong></span> <span class='ocrx_word' id='word_1_639' title='bbox 621 5728 705 5761; x_wconf 75' lang='grc' dir='ltr'><strong>αδ.</strong></span> 
     </span>
    </p>
   </div>
   <div class='ocr_carea' id='block_1_88' title="bbox 529 5728 705 5764">
    <p class='ocr_par' dir='ltr' id='par_1_88' title="bbox 529 5728 705 5764">
     <span class='ocr_line' id='line_1_89' title="bbox 529 5728 705 5764; baseline -0.006 0"><span class='ocrx_word' id='word_1_640' title='bbox 529 5728 705 5764; x_wconf 75' lang='grc' dir='ltr'><strong>ηιυιιδ.</strong></span> 
     </span>
    </p>
   </div>
   <div class='ocr_carea' id='block_1_89' title="bbox 604 5780 1794 5858">
    <p class='ocr_par' dir='ltr' id='par_1_89' title="bbox 604 5780 1794 5858">
     <span class='ocr_line' id='line_1_90' title="bbox 604 5780 1794 5858; baseline 0.006 -25"><span class='ocrx_word' id='word_1_641' title='bbox 604 5781 680 5854; x_wconf 76' lang='lat'><strong>(7)</strong></span> <span class='ocrx_word' id='word_1_642' title='bbox 716 5780 925 5847; x_wconf 78' lang='lat' dir='ltr'><strong>Melius,</strong></span> <span class='ocrx_word' id='word_1_643' title='bbox 958 5784 1011 5838; x_wconf 90' lang='lat' dir='ltr'><strong>in</strong></span> <span class='ocrx_word' id='word_1_644' title='bbox 1047 5785 1520 5858; x_wconf 56' lang='lat' dir='ltr'><strong>Mediterraneum,</strong></span> <span class='ocrx_word' id='word_1_645' title='bbox 1554 5806 1673 5856; x_wconf 85' lang='lat' dir='ltr'><strong>cap.</strong></span> <span class='ocrx_word' id='word_1_646' title='bbox 1708 5788 1794 5842; x_wconf 71' lang='lat'><strong>28.</strong></span> 
     </span>
    </p>
   </div>
   <div class='ocr_carea' id='block_1_90' title="bbox 2189 3213 3759 3288">
    <p class='ocr_par' dir='ltr' id='par_1_90' title="bbox 2189 3213 3759 3288">
     <span class='ocr_line' id='line_1_91' title="bbox 2189 3213 3759 3288; baseline -0.006 -13"><span class='ocrx_word' id='word_1_647' title='bbox 2189 3220 2550 3281; x_wconf 69' lang='lat' dir='ltr'><strong>meridionali,</strong></span> <span class='ocrx_word' id='word_1_648' title='bbox 2584 3229 2747 3288; x_wconf 88' lang='lat' dir='ltr'><strong>atque</strong></span> <span class='ocrx_word' id='word_1_649' title='bbox 2779 3218 3093 3272; x_wconf 87' lang='lat' dir='ltr'><strong>universam</strong></span> <span class='ocrx_word' id='word_1_650' title='bbox 3122 3215 3443 3285; x_wconf 64' lang='lat' dir='ltr'><strong>IEtbiopum</strong></span> <span class='ocrx_word' id='word_1_651' title='bbox 3480 3213 3759 3284; x_wconf 86' lang='lat' dir='ltr'><strong>regionem</strong></span> 
     </span>
    </p>
   </div>
   <div class='ocr_carea' id='block_1_91' title="bbox 2186 3304 3769 3385">
    <p class='ocr_par' dir='ltr' id='par_1_91' title="bbox 2186 3304 3769 3385">
     <span class='ocr_line' id='line_1_92' title="bbox 2186 3304 3769 3385; baseline -0.005 -18"><span class='ocrx_word' id='word_1_652' title='bbox 2186 3328 2507 3385; x_wconf 86' lang='lat' dir='ltr'><strong>peragrans,</strong></span> <span class='ocrx_word' id='word_1_653' title='bbox 2537 3310 2756 3365; x_wconf 90' lang='lat' dir='ltr'><strong>demum</strong></span> <span class='ocrx_word' id='word_1_654' title='bbox 2784 3311 2835 3365; x_wconf 90' lang='lat' dir='ltr'><strong>in</strong></span> <span class='ocrx_word' id='word_1_655' title='bbox 2865 3310 3090 3364; x_wconf 82' lang='lat' dir='ltr'><strong>Adriam</strong></span> <span class='ocrx_word' id='word_1_656' title='bbox 3119 3316 3445 3362; x_wconf 84' lang='lat' dir='ltr'><strong>exoneratur</strong></span> <span class='ocrx_word' id='word_1_657' title='bbox 3477 3306 3552 3373; x_wconf 85' lang='lat'><strong>(7)</strong></span> <span class='ocrx_word' id='word_1_658' title='bbox 3580 3304 3769 3373; x_wconf 79' lang='lat' dir='ltr'><strong>:quod</strong></span> 
     </span>
    </p>
   </div>
   <div class='ocr_carea' id='block_1_92' title="bbox 2186 3398 3764 3475">
    <p class='ocr_par' dir='ltr' id='par_1_92' title="bbox 2186 3398 3764 3475">
     <span class='ocr_line' id='line_1_93' title="bbox 2186 3398 3764 3475; baseline -0.009 -13"><span class='ocrx_word' id='word_1_659' title='bbox 2186 3422 2337 3462; x_wconf 88' lang='lat' dir='ltr'><strong>mare</strong></span> <span class='ocrx_word' id='word_1_660' title='bbox 2390 3404 2603 3475; x_wconf 67' lang='lat' dir='ltr'><strong>{Egypli</strong></span> <span class='ocrx_word' id='word_1_661' title='bbox 2676 3404 2810 3459; x_wconf 90' lang='lat' dir='ltr'><strong>ﬁnes</strong></span> <span class='ocrx_word' id='word_1_662' title='bbox 2866 3404 3042 3459; x_wconf 88' lang='lat' dir='ltr'><strong>alluit.</strong></span> <span class='ocrx_word' id='word_1_663' title='bbox 3083 3402 3304 3456; x_wconf 88' lang='lat' dir='ltr'><strong>Tertius</strong></span> <span class='ocrx_word' id='word_1_664' title='bbox 3336 3399 3531 3454; x_wconf 91' lang='lat' dir='ltr'><strong>ﬂuvius</strong></span> <span class='ocrx_word' id='word_1_665' title='bbox 3558 3398 3764 3461; x_wconf 86' lang='lat' dir='ltr'><strong>Diclat,</strong></span> 
     </span>
    </p>
   </div>
   <div class='ocr_carea' id='block_1_93' title="bbox 2187 3491 3769 3567">
    <p class='ocr_par' dir='ltr' id='par_1_93' title="bbox 2187 3491 3769 3567">
     <span class='ocr_line' id='line_1_94' title="bbox 2187 3491 3769 3567; baseline -0.007 -13"><span class='ocrx_word' id='word_1_666' title='bbox 2187 3501 2291 3555; x_wconf 92' lang='lat' dir='ltr'><strong>hoc</strong></span> <span class='ocrx_word' id='word_1_667' title='bbox 2321 3506 2425 3565; x_wconf 88' lang='lat' dir='ltr'><strong>est,</strong></span> <span class='ocrx_word' id='word_1_668' title='bbox 2461 3496 2659 3567; x_wconf 86' lang='lat' dir='ltr'><strong>Tigris,</strong></span> <span class='ocrx_word' id='word_1_669' title='bbox 2700 3506 2892 3552; x_wconf 91' lang='lat' dir='ltr'><strong>contra</strong></span> <span class='ocrx_word' id='word_1_670' title='bbox 2921 3495 3080 3550; x_wconf 82' lang='lat' dir='ltr'><strong>Attur</strong></span> <span class='ocrx_word' id='word_1_671' title='bbox 3113 3494 3191 3565; x_wconf 93' lang='lat'><strong>(8)</strong></span> <span class='ocrx_word' id='word_1_672' title='bbox 3239 3491 3377 3547; x_wconf 92' lang='lat' dir='ltr'><strong>ﬂuit.</strong></span> <span class='ocrx_word' id='word_1_673' title='bbox 3419 3491 3657 3557; x_wconf 86' lang='lat' dir='ltr'><strong>Quartus</strong></span> <span class='ocrx_word' id='word_1_674' title='bbox 3684 3499 3769 3544; x_wconf 89' lang='lat' dir='ltr'><strong>est</strong></span> 
     </span>
    </p>
   </div>
   <div class='ocr_carea' id='block_1_94' title="bbox 2189 3581 3774 3658">
    <p class='ocr_par' dir='ltr' id='par_1_94' title="bbox 2189 3581 3774 3658">
     <span class='ocr_line' id='line_1_95' title="bbox 2189 3581 3774 3658; baseline -0.006 -14"><span class='ocrx_word' id='word_1_675' title='bbox 2189 3590 2410 3655; x_wconf 84' lang='lat' dir='ltr'><strong>Peratb,</strong></span> <span class='ocrx_word' id='word_1_676' title='bbox 2471 3591 2522 3643; x_wconf 91' lang='lat' dir='ltr'><strong>id</strong></span> <span class='ocrx_word' id='word_1_677' title='bbox 2575 3600 2678 3652; x_wconf 88' lang='lat' dir='ltr'><strong>est,</strong></span> <span class='ocrx_word' id='word_1_678' title='bbox 2731 3588 3052 3658; x_wconf 80' lang='lat' dir='ltr'><strong>Euphrates.</strong></span> <span class='ocrx_word' id='word_1_679' title='bbox 3093 3586 3159 3639; x_wconf 77' lang='lat' dir='ltr'><strong>Et</strong></span> <span class='ocrx_word' id='word_1_680' title='bbox 3202 3586 3255 3640; x_wconf 91' lang='lat' dir='ltr'><strong>bi</strong></span> <span class='ocrx_word' id='word_1_681' title='bbox 3290 3600 3509 3655; x_wconf 90' lang='lat' dir='ltr'><strong>quoque</strong></span> <span class='ocrx_word' id='word_1_682' title='bbox 3531 3583 3663 3644; x_wconf 88' lang='lat' dir='ltr'><strong>duo.</strong></span> <span class='ocrx_word' id='word_1_683' title='bbox 3697 3581 3774 3635; x_wconf 82' lang='lat' dir='ltr'><strong>ab</strong></span> 
     </span>
    </p>
   </div>
   <div class='ocr_carea' id='block_1_95' title="bbox 2191 3676 3769 3752">
    <p class='ocr_par' dir='ltr' id='par_1_95' title="bbox 2191 3676 3769 3752">
     <span class='ocr_line' id='line_1_96' title="bbox 2191 3676 3769 3752; baseline -0.006 -16"><span class='ocrx_word' id='word_1_684' title='bbox 2191 3683 2284 3736; x_wconf 91' lang='lat' dir='ltr'><strong>illo</strong></span> <span class='ocrx_word' id='word_1_685' title='bbox 2311 3681 2601 3752; x_wconf 89' lang='lat' dir='ltr'><strong>grandiore</strong></span> <span class='ocrx_word' id='word_1_686' title='bbox 2630 3680 2863 3742; x_wconf 91' lang='lat' dir='ltr'><strong>diducti,</strong></span> <span class='ocrx_word' id='word_1_687' title='bbox 2894 3689 2948 3734; x_wconf 89' lang='lat' dir='ltr'><strong>et</strong></span> <span class='ocrx_word' id='word_1_688' title='bbox 2979 3678 3081 3735; x_wconf 89' lang='lat' dir='ltr'><strong>sub</strong></span> <span class='ocrx_word' id='word_1_689' title='bbox 3111 3692 3259 3731; x_wconf 90' lang='lat' dir='ltr'><strong>mare</strong></span> <span class='ocrx_word' id='word_1_690' title='bbox 3290 3676 3456 3731; x_wconf 86' lang='lat' dir='ltr'><strong>mersi</strong></span> <span class='ocrx_word' id='word_1_691' title='bbox 3494 3680 3769 3745; x_wconf 86' lang='lat' dir='ltr'><strong>prodeunt</strong></span> 
     </span>
    </p>
   </div>
   <div class='ocr_carea' id='block_1_96' title="bbox 2190 3768 3772 3829">
    <p class='ocr_par' dir='ltr' id='par_1_96' title="bbox 2190 3768 3772 3829">
     <span class='ocr_line' id='line_1_97' title="bbox 2190 3768 3772 3829; baseline -0.005 -1"><span class='ocrx_word' id='word_1_692' title='bbox 2190 3775 2402 3829; x_wconf 88' lang='lat' dir='ltr'><strong>tandem</strong></span> <span class='ocrx_word' id='word_1_693' title='bbox 2449 3774 2503 3828; x_wconf 88' lang='lat' dir='ltr'><strong>in</strong></span> <span class='ocrx_word' id='word_1_694' title='bbox 2568 3773 2747 3827; x_wconf 90' lang='lat' dir='ltr'><strong>medio</strong></span> <span class='ocrx_word' id='word_1_695' title='bbox 2813 3772 2914 3825; x_wconf 93' lang='lat' dir='ltr'><strong>boe</strong></span> <span class='ocrx_word' id='word_1_696' title='bbox 2954 3780 3142 3825; x_wconf 90' lang='lat' dir='ltr'><strong>nostro</strong></span> <span class='ocrx_word' id='word_1_697' title='bbox 3163 3769 3294 3823; x_wconf 89' lang='lat' dir='ltr'><strong>urbe</strong></span> <span class='ocrx_word' id='word_1_698' title='bbox 3317 3768 3512 3822; x_wconf 90' lang='lat' dir='ltr'><strong>vicinis</strong></span> <span class='ocrx_word' id='word_1_699' title='bbox 3539 3768 3682 3820; x_wconf 89' lang='lat' dir='ltr'><strong>inter</strong></span> <span class='ocrx_word' id='word_1_700' title='bbox 3710 3782 3772 3821; x_wconf 86' lang='lat' dir='ltr'><strong>se</strong></span> 
     </span>
    </p>
   </div>
   <div class='ocr_carea' id='block_1_97' title="bbox 2190 3859 3772 3934">
    <p class='ocr_par' dir='ltr' id='par_1_97' title="bbox 2190 3859 3772 3934">
     <span class='ocr_line' id='line_1_98' title="bbox 2190 3859 3772 3934; baseline -0.004 -13"><span class='ocrx_word' id='word_1_701' title='bbox 2190 3866 2429 3921; x_wconf 86' lang='lat' dir='ltr'><strong>fontibus</strong></span> <span class='ocrx_word' id='word_1_702' title='bbox 2469 3864 2775 3934; x_wconf 85' lang='lat' dir='ltr'><strong>perluitque</strong></span> <span class='ocrx_word' id='word_1_703' title='bbox 2801 3862 2973 3916; x_wconf 88' lang='lat' dir='ltr'><strong>Diclat</strong></span> <span class='ocrx_word' id='word_1_704' title='bbox 2999 3860 3317 3916; x_wconf 88' lang='lat' dir='ltr'><strong>orientalem</strong></span> <span class='ocrx_word' id='word_1_705' title='bbox 3352 3859 3772 3929; x_wconf 71' lang='lat' dir='ltr'><strong>Mesopotamia:</strong></span> 
     </span>
    </p>
   </div>
   <div class='ocr_carea' id='block_1_98' title="bbox 2188 3952 3775 4028">
    <p class='ocr_par' dir='ltr' id='par_1_98' title="bbox 2188 3952 3775 4028">
     <span class='ocr_line' id='line_1_99' title="bbox 2188 3952 3775 4028; baseline -0.005 -15"><span class='ocrx_word' id='word_1_706' title='bbox 2188 3957 2497 4028; x_wconf 87' lang='lat' dir='ltr'><strong>regionem;</strong></span> <span class='ocrx_word' id='word_1_707' title='bbox 2530 3971 2713 4024; x_wconf 88' lang='lat' dir='ltr'><strong>quem,</strong></span> <span class='ocrx_word' id='word_1_708' title='bbox 2748 3966 2804 4010; x_wconf 92' lang='lat' dir='ltr'><strong>ut</strong></span> <span class='ocrx_word' id='word_1_709' title='bbox 2831 3954 3027 4009; x_wconf 85' lang='lat' dir='ltr'><strong>Perath</strong></span> <span class='ocrx_word' id='word_1_710' title='bbox 3061 3961 3238 4008; x_wconf 89' lang='lat' dir='ltr'><strong>tractu</strong></span> <span class='ocrx_word' id='word_1_711' title='bbox 3297 3952 3481 4007; x_wconf 90' lang='lat' dir='ltr'><strong>vicino</strong></span> <span class='ocrx_word' id='word_1_712' title='bbox 3520 3954 3775 4023; x_wconf 77' lang='lat' dir='ltr'><strong>aliquan-</strong></span> 
     </span>
    </p>
   </div>
   <div class='ocr_carea' id='block_1_99' title="bbox 2187 4046 3777 4118">
    <p class='ocr_par' dir='ltr' id='par_1_99' title="bbox 2187 4046 3777 4118">
     <span class='ocr_line' id='line_1_100' title="bbox 2187 4046 3777 4118; baseline -0.002 -13"><span class='ocrx_word' id='word_1_713' title='bbox 2187 4051 2280 4105; x_wconf 90' lang='lat' dir='ltr'><strong>diu</strong></span> <span class='ocrx_word' id='word_1_714' title='bbox 2315 4051 2605 4104; x_wconf 86' lang='lat' dir='ltr'><strong>comitatus</strong></span> <span class='ocrx_word' id='word_1_715' title='bbox 2635 4058 2737 4111; x_wconf 91' lang='lat' dir='ltr'><strong>est,</strong></span> <span class='ocrx_word' id='word_1_716' title='bbox 2760 4049 3016 4103; x_wconf 85' lang='lat' dir='ltr'><strong>labuntur</strong></span> <span class='ocrx_word' id='word_1_717' title='bbox 3056 4047 3218 4101; x_wconf 84' lang='lat' dir='ltr'><strong>ambo</strong></span> <span class='ocrx_word' id='word_1_718' title='bbox 3248 4046 3301 4101; x_wconf 91' lang='lat' dir='ltr'><strong>in</strong></span> <span class='ocrx_word' id='word_1_719' title='bbox 3332 4062 3589 4118; x_wconf 86' lang='lat' dir='ltr'><strong>magnum</strong></span> <span class='ocrx_word' id='word_1_720' title='bbox 3626 4062 3777 4102; x_wconf 87' lang='lat' dir='ltr'><strong>mare</strong></span> 
     </span>
    </p>
   </div>
   <div class='ocr_carea' id='block_1_100' title="bbox 2187 4142 2787 4209">
    <p class='ocr_par' dir='ltr' id='par_1_100' title="bbox 2187 4142 2787 4209">
     <span class='ocr_line' id='line_1_101' title="bbox 2187 4142 2787 4209; baseline -0.007 -12"><span class='ocrx_word' id='word_1_721' title='bbox 2187 4144 2443 4197; x_wconf 83' lang='lat' dir='ltr'><strong>australa:</strong></span> <span class='ocrx_word' id='word_1_722' title='bbox 2474 4142 2654 4196; x_wconf 71' lang='lat' dir='ltr'><strong>Bosrze</strong></span> <span class='ocrx_word' id='word_1_723' title='bbox 2686 4142 2787 4209; x_wconf 87' lang='lat'><strong>(9).</strong></span> 
     </span>
    </p>
   </div>
   <div class='ocr_carea' id='block_1_101' title="bbox 2756 4232 3207 4288">
    <p class='ocr_par' dir='ltr' id='par_1_101' title="bbox 2756 4232 3207 4288">
     <span class='ocr_line' id='line_1_102' title="bbox 2756 4232 3207 4288; baseline 0.004 -3"><span class='ocrx_word' id='word_1_724' title='bbox 2756 4232 2986 4288; x_wconf 78' lang='lat' dir='ltr'><strong>CAPUT</strong></span> <span class='ocrx_word' id='word_1_725' title='bbox 3040 4232 3207 4287; x_wconf 76' lang='lat' dir='ltr'><strong>XXII.</strong></span> 
     </span>
    </p>
   </div>
   <div class='ocr_carea' id='block_1_102' title="bbox 2268 4325 3783 4393">
    <p class='ocr_par' dir='ltr' id='par_1_102' title="bbox 2268 4325 3783 4393">
     <span class='ocr_line' id='line_1_103' title="bbox 2268 4325 3783 4393; baseline -0.001 -13"><span class='ocrx_word' id='word_1_726' title='bbox 2268 4326 2394 4380; x_wconf 84' lang='lat' dir='ltr'><strong>Tria</strong></span> <span class='ocrx_word' id='word_1_727' title='bbox 2426 4326 2543 4378; x_wconf 88' lang='lat' dir='ltr'><strong>loca</strong></span> <span class='ocrx_word' id='word_1_728' title='bbox 2580 4341 2674 4393; x_wconf 87' lang='lat' dir='ltr'><strong>pro</strong></span> <span class='ocrx_word' id='word_1_729' title='bbox 2720 4325 2925 4377; x_wconf 83' lang='lat' dir='ltr'><strong>Adamo</strong></span> <span class='ocrx_word' id='word_1_730' title='bbox 2992 4327 3207 4379; x_wconf 84' lang='lat' dir='ltr'><strong>condita</strong></span> <span class='ocrx_word' id='word_1_731' title='bbox 3248 4343 3279 4379; x_wconf 90' lang='lat' dir='ltr'><strong>a</strong></span> <span class='ocrx_word' id='word_1_732' title='bbox 3328 4326 3432 4379; x_wconf 85' lang='lat' dir='ltr'><strong>Deo</strong></span> <span class='ocrx_word' id='word_1_733' title='bbox 3461 4356 3529 4366; x_wconf 90' lang='lat'><strong>-—</strong></span> <span class='ocrx_word' id='word_1_734' title='bbox 3581 4326 3783 4379; x_wconf 84' lang='lat' dir='ltr'><strong>Solent</strong></span> 
     </span>
    </p>
   </div>
   <div class='ocr_carea' id='block_1_103' title="bbox 2188 4415 3777 4491">
    <p class='ocr_par' dir='ltr' id='par_1_103' title="bbox 2188 4415 3777 4491">
     <span class='ocr_line' id='line_1_104' title="bbox 2188 4415 3777 4491; baseline -0.003 -16"><span class='ocrx_word' id='word_1_735' title='bbox 2188 4420 2408 4491; x_wconf 90' lang='lat' dir='ltr'><strong>quidam</strong></span> <span class='ocrx_word' id='word_1_736' title='bbox 2445 4418 2776 4488; x_wconf 89' lang='lat' dir='ltr'><strong>percontari,</strong></span> <span class='ocrx_word' id='word_1_737' title='bbox 2833 4419 2964 4487; x_wconf 88' lang='lat' dir='ltr'><strong>quid</strong></span> <span class='ocrx_word' id='word_1_738' title='bbox 3010 4417 3220 4473; x_wconf 84' lang='lat' dir='ltr'><strong>Adamo</strong></span> <span class='ocrx_word' id='word_1_739' title='bbox 3246 4415 3478 4489; x_wconf 67' lang='lat' dir='ltr'><strong>Evaaque</strong></span> <span class='ocrx_word' id='word_1_740' title='bbox 3527 4416 3777 4472; x_wconf 87' lang='lat' dir='ltr'><strong>futurum</strong></span> 
     </span>
    </p>
   </div>
   <div class='ocr_carea' id='block_1_104' title="bbox 2191 4509 3781 4581">
    <p class='ocr_par' dir='ltr' id='par_1_104' title="bbox 2191 4509 3781 4581">
     <span class='ocr_line' id='line_1_105' title="bbox 2191 4509 3781 4581; baseline -0.006 -12"><span class='ocrx_word' id='word_1_741' title='bbox 2191 4515 2398 4579; x_wconf 89' lang='lat' dir='ltr'><strong>fuisset,</strong></span> <span class='ocrx_word' id='word_1_742' title='bbox 2432 4515 2477 4569; x_wconf 91' lang='lat' dir='ltr'><strong>si</strong></span> <span class='ocrx_word' id='word_1_743' title='bbox 2542 4513 2851 4581; x_wconf 89' lang='lat' dir='ltr'><strong>impositam</strong></span> <span class='ocrx_word' id='word_1_744' title='bbox 2909 4512 3013 4566; x_wconf 88' lang='lat' dir='ltr'><strong>sibi</strong></span> <span class='ocrx_word' id='word_1_745' title='bbox 3064 4528 3089 4564; x_wconf 91' lang='lat' dir='ltr'><strong>a</strong></span> <span class='ocrx_word' id='word_1_746' title='bbox 3131 4511 3237 4565; x_wconf 90' lang='lat' dir='ltr'><strong>Deo</strong></span> <span class='ocrx_word' id='word_1_747' title='bbox 3286 4511 3453 4580; x_wconf 78' lang='lat' dir='ltr'><strong>legem</strong></span> <span class='ocrx_word' id='word_1_748' title='bbox 3509 4509 3561 4564; x_wconf 92' lang='lat' dir='ltr'><strong>in</strong></span> <span class='ocrx_word' id='word_1_749' title='bbox 3613 4523 3781 4578; x_wconf 85' lang='lat' dir='ltr'><strong>para-</strong></span> 
     </span>
    </p>
   </div>
   <div class='ocr_carea' id='block_1_105' title="bbox 2187 4602 3779 4676">
    <p class='ocr_par' dir='ltr' id='par_1_105' title="bbox 2187 4602 3779 4676">
     <span class='ocr_line' id='line_1_106' title="bbox 2187 4602 3779 4676; baseline -0.005 -13"><span class='ocrx_word' id='word_1_750' title='bbox 2187 4610 2309 4664; x_wconf 92' lang='lat' dir='ltr'><strong>diso</strong></span> <span class='ocrx_word' id='word_1_751' title='bbox 2405 4622 2510 4661; x_wconf 90' lang='lat' dir='ltr'><strong>non</strong></span> <span class='ocrx_word' id='word_1_752' title='bbox 2594 4604 2902 4676; x_wconf 84' lang='lat' dir='ltr'><strong>fregissent.</strong></span> <span class='ocrx_word' id='word_1_753' title='bbox 2994 4604 3089 4659; x_wconf 87' lang='lat' dir='ltr'><strong>llis</strong></span> <span class='ocrx_word' id='word_1_754' title='bbox 3152 4605 3584 4675; x_wconf 89' lang='lat' dir='ltr'><strong>respondemus,</strong></span> <span class='ocrx_word' id='word_1_755' title='bbox 3643 4602 3779 4657; x_wconf 87' lang='lat' dir='ltr'><strong>sub-</strong></span> 
     </span>
    </p>
   </div>
   <div class='ocr_carea' id='block_1_106' title="bbox 2188 4694 3780 4767">
    <p class='ocr_par' dir='ltr' id='par_1_106' title="bbox 2188 4694 3780 4767">
     <span class='ocr_line' id='line_1_107' title="bbox 2188 4694 3780 4767; baseline -0.006 -10"><span class='ocrx_word' id='word_1_756' title='bbox 2188 4701 2460 4757; x_wconf 89' lang='lat' dir='ltr'><strong>vehemlos</strong></span> <span class='ocrx_word' id='word_1_757' title='bbox 2496 4699 2661 4755; x_wconf 87' lang='lat' dir='ltr'><strong>fuisse</strong></span> <span class='ocrx_word' id='word_1_758' title='bbox 2688 4714 2753 4753; x_wconf 87' lang='lat' dir='ltr'><strong>ex</strong></span> <span class='ocrx_word' id='word_1_759' title='bbox 2786 4698 3039 4767; x_wconf 86' lang='lat' dir='ltr'><strong>paradiso</strong></span> <span class='ocrx_word' id='word_1_760' title='bbox 3064 4712 3229 4766; x_wconf 89' lang='lat' dir='ltr'><strong>supra</strong></span> <span class='ocrx_word' id='word_1_761' title='bbox 3278 4697 3385 4751; x_wconf 91' lang='lat' dir='ltr'><strong>hoc</strong></span> <span class='ocrx_word' id='word_1_762' title='bbox 3412 4696 3534 4751; x_wconf 66' lang='lat' dir='ltr'><strong>caeli</strong></span> <span class='ocrx_word' id='word_1_763' title='bbox 3589 4694 3780 4748; x_wconf 86' lang='lat' dir='ltr'><strong>ﬁrma-</strong></span> 
     </span>
    </p>
   </div>
   <div class='ocr_carea' id='block_1_107' title="bbox 2192 4788 3781 4863">
    <p class='ocr_par' dir='ltr' id='par_1_107' title="bbox 2192 4788 3781 4863">
     <span class='ocr_line' id='line_1_108' title="bbox 2192 4788 3781 4863; baseline -0.004 -16"><span class='ocrx_word' id='word_1_764' title='bbox 2192 4803 2434 4849; x_wconf 88' lang='lat' dir='ltr'><strong>mentum</strong></span> <span class='ocrx_word' id='word_1_765' title='bbox 2465 4792 2608 4863; x_wconf 91' lang='lat' dir='ltr'><strong>quod</strong></span> <span class='ocrx_word' id='word_1_766' title='bbox 2642 4806 2803 4860; x_wconf 91' lang='lat' dir='ltr'><strong>supra</strong></span> <span class='ocrx_word' id='word_1_767' title='bbox 2830 4805 2930 4845; x_wconf 91' lang='lat' dir='ltr'><strong>nos</strong></span> <span class='ocrx_word' id='word_1_768' title='bbox 2965 4790 3201 4859; x_wconf 86' lang='lat' dir='ltr'><strong>positum</strong></span> <span class='ocrx_word' id='word_1_769' title='bbox 3253 4788 3552 4850; x_wconf 90' lang='lat' dir='ltr'><strong>intuemur,</strong></span> <span class='ocrx_word' id='word_1_770' title='bbox 3611 4794 3781 4855; x_wconf 88' lang='lat' dir='ltr'><strong>atque</strong></span> 
     </span>
    </p>
   </div>
   <div class='ocr_carea' id='block_1_108' title="bbox 2192 4881 3781 4952">
    <p class='ocr_par' dir='ltr' id='par_1_108' title="bbox 2192 4881 3781 4952">
     <span class='ocr_line' id='line_1_109' title="bbox 2192 4881 3781 4952; baseline -0.008 -10"><span class='ocrx_word' id='word_1_771' title='bbox 2192 4889 2245 4942; x_wconf 92' lang='lat' dir='ltr'><strong>iu</strong></span> <span class='ocrx_word' id='word_1_772' title='bbox 2284 4887 2490 4943; x_wconf 79' lang='lat' dir='ltr'><strong>etelesti</strong></span> <span class='ocrx_word' id='word_1_773' title='bbox 2537 4901 2704 4952; x_wconf 75' lang='lat' dir='ltr'><strong>regno</strong></span> <span class='ocrx_word' id='word_1_774' title='bbox 2732 4885 3007 4952; x_wconf 83' lang='lat' dir='ltr'><strong>voluptate</strong></span> <span class='ocrx_word' id='word_1_775' title='bbox 3039 4882 3341 4938; x_wconf 89' lang='lat' dir='ltr'><strong>incredibili</strong></span> <span class='ocrx_word' id='word_1_776' title='bbox 3392 4889 3448 4935; x_wconf 90' lang='lat' dir='ltr'><strong>et</strong></span> <span class='ocrx_word' id='word_1_777' title='bbox 3489 4881 3781 4934; x_wconf 82' lang='lat' dir='ltr'><strong>immorta-</strong></span> 
     </span>
    </p>
   </div>
   <div class='ocr_carea' id='block_1_109' title="bbox 2189 4969 3776 5051">
    <p class='ocr_par' dir='ltr' id='par_1_109' title="bbox 2189 4969 3776 5051">
     <span class='ocr_line' id='line_1_110' title="bbox 2189 4969 3776 5051; baseline -0.008 -16"><span class='ocrx_word' id='word_1_778' title='bbox 2189 4982 2342 5036; x_wconf 83' lang='lat' dir='ltr'><strong>litate</strong></span> <span class='ocrx_word' id='word_1_779' title='bbox 2368 4995 2593 5051; x_wconf 88' lang='lat' dir='ltr'><strong>prorsus</strong></span> <span class='ocrx_word' id='word_1_780' title='bbox 2611 4979 2847 5033; x_wconf 86' lang='lat' dir='ltr'><strong>beandos</strong></span> <span class='ocrx_word' id='word_1_781' title='bbox 2873 4994 2887 5041; x_wconf 90' lang='lat'><strong>;</strong></span> <span class='ocrx_word' id='word_1_782' title='bbox 2919 4976 3021 5030; x_wconf 91' lang='lat' dir='ltr'><strong>hoc</strong></span> <span class='ocrx_word' id='word_1_783' title='bbox 3036 4976 3180 5030; x_wconf 88' lang='lat' dir='ltr'><strong>enim</strong></span> <span class='ocrx_word' id='word_1_784' title='bbox 3199 4974 3405 5044; x_wconf 68' lang='lat' dir='ltr'><strong>praemii</strong></span> <span class='ocrx_word' id='word_1_785' title='bbox 3436 4982 3598 5042; x_wconf 87' lang='lat' dir='ltr'><strong>atqtte</strong></span> <span class='ocrx_word' id='word_1_786' title='bbox 3618 4969 3776 5040; x_wconf 89' lang='lat' dir='ltr'><strong>pretii</strong></span> 
     </span>
    </p>
   </div>
   <div class='ocr_carea' id='block_1_110' title="bbox 2194 5062 3774 5145">
    <p class='ocr_par' dir='ltr' id='par_1_110' title="bbox 2194 5062 3774 5145">
     <span class='ocr_line' id='line_1_111' title="bbox 2194 5062 3774 5145; baseline -0.009 -17"><span class='ocrx_word' id='word_1_787' title='bbox 2194 5090 2291 5145; x_wconf 89' lang='lat' dir='ltr'><strong>pro</strong></span> <span class='ocrx_word' id='word_1_788' title='bbox 2316 5074 2604 5128; x_wconf 83' lang='lat' dir='ltr'><strong>observata</strong></span> <span class='ocrx_word' id='word_1_789' title='bbox 2646 5070 2761 5141; x_wconf 83' lang='lat' dir='ltr'><strong>lege</strong></span> <span class='ocrx_word' id='word_1_790' title='bbox 2794 5070 3033 5125; x_wconf 89' lang='lat' dir='ltr'><strong>dandum</strong></span> <span class='ocrx_word' id='word_1_791' title='bbox 3074 5068 3180 5124; x_wconf 90' lang='lat' dir='ltr'><strong>illis</strong></span> <span class='ocrx_word' id='word_1_792' title='bbox 3242 5068 3427 5123; x_wconf 81' lang='lat' dir='ltr'><strong>fuisse.</strong></span> <span class='ocrx_word' id='word_1_793' title='bbox 3463 5064 3592 5119; x_wconf 89' lang='lat' dir='ltr'><strong>Tria</strong></span> <span class='ocrx_word' id='word_1_794' title='bbox 3628 5062 3774 5118; x_wconf 78' lang='lat' dir='ltr'><strong>enim</strong></span> 
     </span>
    </p>
   </div>
   <div class='ocr_carea' id='block_1_111' title="bbox 2194 5155 3777 5234">
    <p class='ocr_par' dir='ltr' id='par_1_111' title="bbox 2194 5155 3777 5234">
     <span class='ocr_line' id='line_1_112' title="bbox 2194 5155 3777 5234; baseline -0.008 -13"><span class='ocrx_word' id='word_1_795' title='bbox 2194 5167 2310 5221; x_wconf 90' lang='lat' dir='ltr'><strong>loca</strong></span> <span class='ocrx_word' id='word_1_796' title='bbox 2346 5166 2662 5220; x_wconf 85' lang='lat' dir='ltr'><strong>condiderat</strong></span> <span class='ocrx_word' id='word_1_797' title='bbox 2688 5179 2783 5234; x_wconf 91' lang='lat' dir='ltr'><strong>pro</strong></span> <span class='ocrx_word' id='word_1_798' title='bbox 2815 5162 3023 5217; x_wconf 86' lang='lat' dir='ltr'><strong>Adamo</strong></span> <span class='ocrx_word' id='word_1_799' title='bbox 3085 5161 3223 5216; x_wconf 88' lang='lat' dir='ltr'><strong>Deus</strong></span> <span class='ocrx_word' id='word_1_800' title='bbox 3252 5178 3266 5214; x_wconf 85' lang='lat'>;</span> <span class='ocrx_word' id='word_1_801' title='bbox 3296 5160 3515 5224; x_wconf 75' lang='lat' dir='ltr'><strong>ecelnm,</strong></span> <span class='ocrx_word' id='word_1_802' title='bbox 3558 5155 3777 5226; x_wconf 81' lang='lat' dir='ltr'><strong>paradi-</strong></span> 
     </span>
    </p>
   </div>
   <div class='ocr_carea' id='block_1_112' title="bbox 2283 5357 3783 5434">
    <p class='ocr_par' dir='ltr' id='par_1_112' title="bbox 2283 5357 3783 5434">
     <span class='ocr_line' id='line_1_113' title="bbox 2283 5357 3783 5434; baseline -0.003 -16"><span class='ocrx_word' id='word_1_803' title='bbox 2283 5363 2357 5434; x_wconf 90' lang='lat'><strong>(8)</strong></span> <span class='ocrx_word' id='word_1_804' title='bbox 2389 5364 2587 5426; x_wconf 79' lang='lat' dir='ltr'><strong>Ascnr,</strong></span> <span class='ocrx_word' id='word_1_805' title='bbox 2620 5362 2781 5434; x_wconf 54' lang='lat' dir='ltr'><strong>infra:</strong></span> <span class='ocrx_word' id='word_1_806' title='bbox 2837 5362 3022 5432; x_wconf 83' lang='lat' dir='ltr'><strong>Tigrin</strong></span> <span class='ocrx_word' id='word_1_807' title='bbox 3055 5363 3217 5418; x_wconf 83' lang='lat' dir='ltr'><strong>etiam</strong></span> <span class='ocrx_word' id='word_1_808' title='bbox 3245 5359 3412 5434; x_wconf 81' lang='lat' dir='ltr'><strong>hodie</strong></span> <span class='ocrx_word' id='word_1_809' title='bbox 3450 5357 3577 5434; x_wconf 67' lang='lat' dir='ltr'><strong>Syri</strong></span> <span class='ocrx_word' id='word_1_810' title='bbox 3606 5357 3783 5434; x_wconf 69' lang='lat' dir='ltr'><strong>Diclat</strong></span> 
     </span>
    </p>
   </div>
   <div class='ocr_carea' id='block_1_113' title="bbox 2201 5428 3776 5505">
    <p class='ocr_par' dir='ltr' id='par_1_113' title="bbox 2201 5428 3776 5505">
     <span class='ocr_line' id='line_1_114' title="bbox 2201 5428 3776 5505; baseline -0.006 -15"><span class='ocrx_word' id='word_1_811' title='bbox 2201 5428 2361 5505; x_wconf 77' lang='lat' dir='ltr'><strong>vulgo</strong></span> <span class='ocrx_word' id='word_1_812' title='bbox 2403 5445 2637 5497; x_wconf 83' lang='lat' dir='ltr'><strong>vocant;</strong></span> <span class='ocrx_word' id='word_1_813' title='bbox 2672 5444 2723 5487; x_wconf 87' lang='lat' dir='ltr'><strong>et</strong></span> <span class='ocrx_word' id='word_1_814' title='bbox 2755 5428 2965 5486; x_wconf 74' lang='lat' dir='ltr'><strong>Plinius</strong></span> <span class='ocrx_word' id='word_1_815' title='bbox 2995 5434 3153 5487; x_wconf 74' lang='lat' dir='ltr'><strong>aliine</strong></span> <span class='ocrx_word' id='word_1_816' title='bbox 3188 5431 3466 5505; x_wconf 42' lang='lat' dir='ltr'><strong>vocabulo</strong></span> <span class='ocrx_word' id='word_1_817' title='bbox 3496 5428 3776 5498; x_wconf 43' lang='lat' dir='ltr'><strong>&#39;Diglitum</strong></span> 
     </span>
    </p>
   </div>
   <div class='ocr_carea' id='block_1_114' title="bbox 2203 5500 3775 5571">
    <p class='ocr_par' dir='ltr' id='par_1_114' title="bbox 2203 5500 3775 5571">
     <span class='ocr_line' id='line_1_115' title="bbox 2203 5500 3775 5571; baseline -0.005 -12"><span class='ocrx_word' id='word_1_818' title='bbox 2203 5500 2529 5568; x_wconf 58' lang='lat' dir='ltr'><strong>appellatalii</strong></span> <span class='ocrx_word' id='word_1_819' title='bbox 2563 5513 2849 5567; x_wconf 88' lang='lat' dir='ltr'><strong>memorat,</strong></span> <span class='ocrx_word' id='word_1_820' title='bbox 2891 5520 2995 5571; x_wconf 71' lang='lat' dir='ltr'><strong>qui</strong></span> <span class='ocrx_word' id='word_1_821' title='bbox 3030 5505 3203 5555; x_wconf 83' lang='lat' dir='ltr'><strong>lenior</strong></span> <span class='ocrx_word' id='word_1_822' title='bbox 3236 5501 3374 5563; x_wconf 88' lang='lat' dir='ltr'><strong>ﬂuit,</strong></span> <span class='ocrx_word' id='word_1_823' title='bbox 3415 5500 3509 5554; x_wconf 88' lang='lat' dir='ltr'><strong>lib.</strong></span> <span class='ocrx_word' id='word_1_824' title='bbox 3536 5514 3611 5563; x_wconf 77' lang='lat' dir='ltr'><strong>vr,</strong></span> <span class='ocrx_word' id='word_1_825' title='bbox 3649 5513 3775 5567; x_wconf 76' lang='lat' dir='ltr'><strong>eap.</strong></span> 
     </span>
    </p>
   </div>
   <div class='ocr_carea' id='block_1_115' title="bbox 2201 5577 2290 5631">
    <p class='ocr_par' dir='ltr' id='par_1_115' title="bbox 2201 5577 2290 5631">
     <span class='ocr_line' id='line_1_116' title="bbox 2201 5577 2290 5631; baseline -0.022 -1"><span class='ocrx_word' id='word_1_826' title='bbox 2201 5577 2290 5631; x_wconf 76' lang='lat'><strong>‘27.</strong></span> 
     </span>
    </p>
   </div>
   <div class='ocr_carea' id='block_1_116' title="bbox 2289 5640 3775 5713">
    <p class='ocr_par' dir='ltr' id='par_1_116' title="bbox 2289 5640 3775 5713">
     <span class='ocr_line' id='line_1_117' title="bbox 2289 5640 3775 5713; baseline -0.007 -12"><span class='ocrx_word' id='word_1_827' title='bbox 2289 5648 2365 5710; x_wconf 73' lang='lat'><strong>(9)</strong></span> <span class='ocrx_word' id='word_1_828' title='bbox 2416 5646 2641 5700; x_wconf 84' lang='lat' dir='ltr'><strong>Bosram</strong></span> <span class='ocrx_word' id='word_1_829' title='bbox 2682 5646 2835 5697; x_wconf 85' lang='lat' dir='ltr'><strong>aiunt</strong></span> <span class='ocrx_word' id='word_1_830' title='bbox 2889 5642 3006 5713; x_wconf 66' lang='lat' dir='ltr'><strong>Syri</strong></span> <span class='ocrx_word' id='word_1_831' title='bbox 3070 5641 3257 5713; x_wconf 62' lang='lat' dir='ltr'><strong>urbem</strong></span> <span class='ocrx_word' id='word_1_832' title='bbox 3309 5656 3430 5696; x_wconf 88' lang='lat' dir='ltr'><strong>esse</strong></span> <span class='ocrx_word' id='word_1_833' title='bbox 3490 5644 3555 5693; x_wconf 87' lang='lat' dir='ltr'><strong>ad</strong></span> <span class='ocrx_word' id='word_1_834' title='bbox 3588 5640 3775 5693; x_wconf 86' lang='lat' dir='ltr'><strong>sinum</strong></span> 
     </span>
    </p>
   </div>
   <div class='ocr_carea' id='block_1_117' title="bbox 2208 5709 3769 5782">
    <p class='ocr_par' dir='ltr' id='par_1_117' title="bbox 2208 5709 3769 5782">
     <span class='ocr_line' id='line_1_118' title="bbox 2208 5709 3769 5782; baseline -0.006 -12"><span class='ocrx_word' id='word_1_835' title='bbox 2208 5718 2516 5776; x_wconf 73' lang='lat' dir='ltr'><strong>Persicum,</strong></span> <span class='ocrx_word' id='word_1_836' title='bbox 2547 5716 2745 5782; x_wconf 83' lang='lat' dir='ltr'><strong>alioqui</strong></span> <span class='ocrx_word' id='word_1_837' title='bbox 2781 5709 2945 5765; x_wconf 65' lang='lat' dir='ltr'><strong>Anius</strong></span> <span class='ocrx_word' id='word_1_838' title='bbox 2982 5729 3039 5771; x_wconf 83' lang='lat' dir='ltr'><strong>ll,</strong></span> <span class='ocrx_word' id='word_1_839' title='bbox 3073 5709 3379 5782; x_wconf 15' lang='lat' dir='ltr'><strong>inrlduinea</strong></span> <span class='ocrx_word' id='word_1_840' title='bbox 3417 5720 3769 5772; x_wconf 65' lang='lat' dir='ltr'><strong>recensent&quot;;</strong></span> 
     </span>
    </p>
   </div>
   <div class='ocr_carea' id='block_1_118' title="bbox 2211 5781 3415 5857">
    <p class='ocr_par' dir='ltr' id='par_1_118' title="bbox 2211 5781 3415 5857">
     <span class='ocr_line' id='line_1_119' title="bbox 2211 5781 3415 5857; baseline -0.007 -15"><span class='ocrx_word' id='word_1_841' title='bbox 2211 5799 2259 5842; x_wconf 87' lang='lat' dir='ltr'><strong>et</strong></span> <span class='ocrx_word' id='word_1_842' title='bbox 2291 5788 2430 5857; x_wconf 83' lang='lat' dir='ltr'><strong>apud</strong></span> <span class='ocrx_word' id='word_1_843' title='bbox 2461 5781 2771 5848; x_wconf 83' lang='lat' dir='ltr'><strong>Jcrctniatn,</strong></span> <span class='ocrx_word' id='word_1_844' title='bbox 2811 5801 2858 5838; x_wconf 90' lang='lat' dir='ltr'><strong>e.</strong></span> <span class='ocrx_word' id='word_1_845' title='bbox 2910 5783 2987 5846; x_wconf 81' lang='lat' dir='ltr'><strong>i8,</strong></span> <span class='ocrx_word' id='word_1_846' title='bbox 3029 5784 3078 5836; x_wconf 88' lang='lat' dir='ltr'><strong>in</strong></span> <span class='ocrx_word' id='word_1_847' title='bbox 3107 5781 3415 5838; x_wconf 61' lang='lat' dir='ltr'><strong>Morbitidc.</strong></span> 
     </span>
    </p>
   </div>
  </div>
