4088 6208
294 315 400 380 ἴ-ῘἹ

1432 314 1527 375 DE
1568 314 1970 377 PARADISO.
2011 338 2081 350 --
2121 316 2315 376 PARS
2356 317 2409 375 Ι.

3454 321 3554 387 5H

290 449 440 497 sum,
468 441 520 484 et
552 430 689 483 hanc
741 442 860 499 qua:
917 436 1067 480 extra
1126 428 1437 496 paradisum
1495 437 1579 482 est
1638 437 1833 481 terram
1864 446 1876 480 :
1910 436 1955 491 Α
1986 441 2233 497 parentes
2256 427 2425 481 nostri
2457 429 2728 483 cavissan
2751 429 2853 485 sibi
2878 439 3040 499 atque
3078 432 3361 487 Dominum
3393 450 3551 490 suum

290 525 456 590 idque
491 518 919 587 hacjus'tissima
966 519 1175 571 ratione
1231 519 1435 572 scilicet
1466 530 1524 573 ut
1565 518 1716 571 illum
1755 534 1783 571 a
1814 534 1873 573 se

288 614 543 669 effectum
576 611 867 665 oblectaret
902 610 953 662 in
990 609 1261 678 paradiso,
1294 611 1454 664 simul
1490 619 1545 663 et
1568 610 1870 679 periculum

292 704 534 767 faceret,
590 702 967 771 morigrrusne
1027 700 1167 755 foret
1230 702 1282 756 in
1351 704 1684 758 observanda
1736 705 1872 775 lege,

294 815 365 852 an
399 797 662 851 rebellis:
727 804 779 847 et
830 793 1102 864 morigero
1154 795 1371 863 quidem
1421 798 1701 865 praemium
1745 791 1873 851 culti

296 892 548 962 prrecepti
594 889 818 941 daretur
853 902 1073 954 regnum
1111 890 1354 953 cmleste,
1389 890 1441 942 in
1475 904 1585 958 quo
1620 906 1681 943 ex
1711 904 1874 959 para-

294 985 413 1037 diso
440 982 842 1042 sustolleretur,
881 990 938 1033 ut
992 981 1061 1033 ibi
1102 981 1281 1035 omnis
1304 996 1499 1051 expers
1526 986 1876 1039 mortalitatis

302 1075 355 1128 in
387 1089 599 1128 summa
633 1073 910 1142 voluptate
967 1073 1126 1127 vitam
1161 1076 1424 1144 agitaret;
1474 1076 1693 1132 rebellis
1742 1093 1875 1131 vero

294 1175 460 1233 atque
491 1165 873 1232 przevaricator
933 1179 962 1214 e
994 1166 1247 1234 paradiso
1275 1167 1327 1220 in
1360 1168 1500 1221 hanc
1533 1169 1873 1223 maledictam

296 1265 496 1307 terram
530 1255 925 1309 detruderetur.
960 1255 1093 1311 Nam
1128 1268 1180 1311 et
1210 1259 1381 1327 angeli
1409 1260 1563 1328 jussa
1592 1269 1873 1329 peragunt,

294 1346 601 1415 divinaeque
639 1348 902 1400 voluntati
940 1350 1303 1418 obsequentes
1332 1360 1480 1417 sunt,
1517 1368 1621 1405 non
1660 1352 1864 1421 absque

290 1451 391 1504 spe
428 1436 630 1504 pramtii
660 1438 803 1505 quod
846 1439 976 1506 ipsis
1002 1440 1220 1492 dabitur
1242 1448 1362 1508 post
1395 1443 1698 1510 generalem
1725 1458 1873 1496 mor-

294 1520 484 1582 talium
518 1531 971 1583 resurrectionem
1008 1532 1118 1600 (IO)
1150 1549 1163 1584 :
1195 1533 1356 1603 igitur
1382 1534 1424 1585 si
1455 1536 1628 1602 angeli
1654 1550 1714 1588 ea
1747 1551 1870 1595 cum

294 1637 393 1689 spe
426 1623 518 1676 Dei
555 1623 758 1676 cultum
791 1636 1183 1693 exsequuntur,
1246 1628 1418 1679 Adam
1470 1644 1683 1696 quoque
1711 1640 1876 1698 atque

296 1712 406 1766 Eva
444 1728 563 1767 eum
614 1715 757 1768 omni
790 1730 886 1768 sua
920 1717 1239 1783 posteritate
1278 1717 1380 1785 legi
1408 1718 1603 1773 divime
1636 1720 1687 1773 in
1722 1737 1875 1790 para-

295 1804 417 1858 diso
445 1806 545 1858 hac
580 1821 675 1874 spe
700 1806 1027 1873 paruissent,
1060 1808 1430 1876 virtutemque
1480 1813 1867 1876 excoluissent,

295 1897 441 1965 quod
469 1898 591 1951 inde
620 1898 683 1951 ad
713 1898 835 1952 εωιὶ
879 1915 1100 1968 regnum
1122 1894 1305 1955 essent
1324 1901 1607 1955 evehendi.
1631 1901 1872 1957 Ellicitur

294 2001 427 2056 ergo
461 1997 517 2041 ut
555 1990 1008 2057 quemadmodum
1042 1991 1236 2058 ahjecti
1288 2005 1414 2046 sunt
1462 1994 1515 2046 in
1549 1995 1688 2049 hanc
1722 1997 1874 2050 dete-

295 2081 547 2134 rtabilem
585 2090 778 2135 terram
834 2094 1051 2153 propter
1083 2101 1241 2138 suum
1271 2097 1549 2155 peccatum
1591 2089 1872 2159 legemque

296 2171 392 2225 Dei
423 2172 699 2233 violatam.
733 2174 805 2229 ita
833 2175 877 2229 si
918 2176 1050 2245 legis
1102 2177 1456 2234 observantes
1517 2183 1873 2250 mansissent,

295 2261 537 2317 futurum
572 2264 764 2328 fuisse.
801 2267 1101 2322 utcoeleste
1134 2282 1361 2338 regnum
1417 2273 1871 2336 conscenderent,

294 2364 461 2422 atque
488 2355 619 2409 inibi
650 2357 703 2410 in
750 2357 959 2412 deliciis
1014 2370 1335 2429 perpetuum
1374 2362 1633 2431 degerent
1671 2381 1869 2421 aevum.

297 2441 425 2497 Ilaec
461 2445 531 2497 ita
549 2459 672 2500 esse
719 2454 947 2501 testatur
995 2448 1290 2518 Gregorius
1317 2448 1623 2522 Theologus
1656 2468 1717 2507 ea
1746 2471 1871 2509 ora-

296 2538 445 2591 tioue
474 2553 636 2607 quam
671 2540 892 2609 scripsit
923 2541 977 2595 in
1010 2542 1344 2597 Dominicam
1394 2559 1613 2611 novam,
1648 2547 1729 2600 his
1752 2563 1873 2602 ver-

298 2628 382 2682 his
420 2645 436 2682 :
471 2629 526 2682 Si
556 2632 949 2686 mansissemus
989 2633 1038 2686 id
1100 2635 1244 2703 quod
1297 2650 1538 2699 eramus,
1594 2638 1874 2706 legemque

300 2718 394 2774 Dei
431 2720 901 2787 observassemus,
931 2723 985 2778 id
1018 2722 1145 2778 facti
1188 2741 1431 2780 essemus
1465 2727 1607 2795 quod
1633 2731 1874 2782 nonfue-

299 2825 510 2876 ramus,
544 2827 637 2881 per
663 2828 947 2868 accessum
982 2817 1239 2869 nimirqu
1266 2816 1330 2870 ad
1367 2817 1571 2887 lignum
1600 2820 1722 2872 vitae
1753 2829 1876 2887 post

296 2905 502 2975 lignum
533 2907 799 2962 scientian
861 2907 965 2963 Sed
994 2908 1121 2978 quid
1155 2909 1280 2965 lacti
1311 2910 1330 2964 ?
1362 2910 1489 2965 facti
1518 2911 1872 2977 immortales,

292 3010 461 3067 atque
496 3000 563 3052 ad
592 2997 759 3053 Deum
801 3002 1021 3070 propius
1072 3002 1320 3057 admissi.
1356 3001 1689 3059 Philoxenus
1740 3021 1876 3075 pra:-

296 3100 444 3145 terea
497 3093 745 3147 oratione
799 3095 866 3147 de
920 3098 1384 3165 contemplatione
1444 3098 1573 3165 ligni
1623 3100 1746 3153 vita:
1796 3101 1945 3166 sicc

292 3184 490 3237 scribit
518 3198 532 3236 :
577 3182 720 3237 Deus
752 3198 858 3238 non
891 3187 1069 3239 solum
1105 3202 1201 3252 per
1234 3196 1445 3241 natura:
1469 3189 1790 3242 instinctum
1820 3199 1876 3245 et

294 3273 594 3344 Seripturai
646 3279 1021 3332 auctoritatem
1064 3280 1216 3333 ducit
1279 3296 1379 3336 nos
1432 3280 1485 3334 in
1536 3283 1871 3353 agnitionem

294 3368 680 3438 mysteriorum
742 3371 948 3437 crucis,
1002 3371 1097 3425 sed
1138 3388 1233 3442 per
1289 3374 1465 3442 ipsum
1506 3376 1672 3429 etiam
1709 3390 1873 3444 quem

294 3462 578 3514 conseruit
602 3461 935 3527 paradisum,
966 3478 1086 3533 quae
1118 3465 1285 3531 prima
1326 3464 1429 3518 fuit
1457 3466 1669 3537 generis
1695 3467 1869 3521 nostri

297 3553 579 3606 habitatio.
617 3550 750 3606 Nam
784 3564 840 3608 ut
868 3559 1183 3624 angelorum
1216 3559 1373 3611 sedes
1394 3567 1478 3611 est
1514 3558 1736 3624 cadum,
1764 3561 1873 3613 die-

296 3660 520 3699 monum
552 3661 680 3700 vero
732 3657 854 3715 post
903 3649 1140 3716 ipsorum
1195 3640 1384 3704 easum
1446 3667 1540 3705 aer
1577 3653 1871 3720 (nimirum

296 3740 475 3794 medio
501 3740 714 3809 positus
747 3720 923 3810 loco)’;
961 3742 1180 3812 insuper
1210 3743 1569 3797 animantium
1591 3745 1871 3798 brutorum

293 3842 347 3885 et
387 3833 673 3886 hominum
706 3845 826 3902 post
856 3836 1111 3887 violatam
1144 3835 1340 3905 legem,
1371 3836 1483 3889 haec
1518 3846 1659 3889 terra
1686 3837 1738 3888 in
1765 3850 1872 3905 qua

296 3939 442 3979 nunc
501 3940 821 3991 versamur;
888 3926 1121 3995 denique
1178 3928 1404 3995 piscium
1470 3934 1526 3980 et
1568 3928 1870 3980 natatilium

293 4016 541 4069 omnium
589 4032 777 4085 aquae;
815 4029 1087 4085 postremo
1122 4020 1315 4071 animae
1371 4032 1570 4086 corpus
1624 4018 1677 4071 iu
1729 4020 1871 4086 quod

297 4109 533 4177 primum
567 4118 651 4163 est
683 4110 977 4178 inSpirata:
1014 4110 1093 4163 sic
1118 4126 1333 4179 quoque
1364 4110 1668 4164 destinatus
1698 4110 1875 4165 fuerat

298 4196 589 4264 paradisus
642 4206 699 4250 ut
742 4208 885 4253 esset
933 4198 1236 4261 hominum,
1288 4201 1601 4268 priusquam
1655 4216 1876 4269 peccas-

298 4298 437 4352 sent,
495 4288 856 4343 domicilium.
920 4292 1052 4343 Lam
1110 4306 1272 4359 porro
1336 4293 1390 4345 in
1432 4308 1500 4345 eo
1537 4292 1656 4347 leve
1710 4305 1873 4362 atque

300 4379 589 4434 observatu
632 4381 788 4435 facile
827 4383 1136 4436 mandatum
1172 4383 1471 4452 accepisset
1531 4385 1790 4448 Adantus,
1826 4387 1871 4439 si

1979 521 2347 587 agnovissent,
2374 522 2602 589 ejusque
2625 523 2935 589 paruissent
2958 524 3147 592 jussis,
3167 534 3220 579 et
3249 527 3414 578 animi
3442 544 3558 580 mo-

1977 609 2205 663 destiam
2246 610 2716 679 humilitatemth
2773 614 3161 679 retinuissent,
3217 632 3554 686 nequaquam

1976 701 2293 754 amisissent
2351 702 2400 755 id
2433 719 2541 771 quo
2600 705 2808 768 praediti
2847 704 3057 759 fuerant
3090 708 3255 761 decus
3289 718 3449 777 atque
3472 725 3560 761 or-

1977 800 2319 845 namentum.
2355 792 2598 861 Denique
2636 793 2890 849 dominus
2914 794 3148 849 Jacobus
3171 795 3555 859 Botnaneusis.

1977 884 2225 937 oratione
2257 884 2322 938 de
2373 884 2549 953 ejecto
2580 886 2791 939 Adamo
2834 897 2986 941 extra
3050 889 3385 957 paradisum,
3446 890 3559 944 hare

1977 975 2179 1045 scripta
2236 978 2455 1045 reliquit
2495 993 2509 1029 :
2557 976 2883 1033 Condiderat
2926 979 3065 1033 Dens
3126 981 3416 1044 Adamum,
3452 997 3557 1035 non

1977 1083 2083 1136 quo
2119 1068 2369 1134 paradiso
2392 1070 2639 1137 pelleret,
2674 1071 2767 1124 sed
2802 1079 2859 1122 ut
2897 1072 3210 1139 paradisum
3244 1072 3409 1126 veluti
3435 1074 3559 1142 jure

1980 1159 2322 1211 Inui-editario
2380 1160 2704 1223 possideret,
2742 1163 2793 1213 in
2836 1177 3010 1230 eoque
3061 1163 3456 1232 dominaretur,
3491 1182 3557 1220 eo

1981 1248 2259 1307 hominem
2292 1250 2541 1314 tinxerat,
2575 1252 2772 1321 quippe
2808 1255 2967 1323 cujus
3002 1255 3173 1324 gratia
3208 1258 3369 1309 etiam
3395 1273 3559 1311 mun-

1979 1343 2104 1391 dum
2150 1340 2328 1409 ipsum
2380 1352 2710 1397 creaverat:
2774 1346 3128 1413 quamobrem
3183 1349 3347 1402 simul
3399 1360 3559 1419 atque

1976 1431 2225 1484 conditus
2278 1440 2382 1497 est,
2446 1432 2684 1488 incolere
2744 1438 3056 1503 paradisum
3109 1442 3296 1509 C(Bpit.
3341 1444 3559 1511 quando

1976 1521 2154 1574 adhuc
2190 1521 2337 1574 nulla
2367 1524 2675 1591 nuptiarum
2710 1527 2913 1579 mentio
2946 1538 3084 1583 erat.
3110 1529 3246 1583 Tum
3274 1547 3395 1584 mox
3429 1535 3559 1586 sub-

1973 1613 2093 1681 jicit
2126 1631 2141 1669 :
2170 1612 2235 1666 Et
2266 1626 2323 1665 ut
2371 1616 2423 1666 in
2454 1618 2725 1683 paradiso,
2766 1618 2837 1670 ita
2868 1621 2919 1671 in
2960 1620 3097 1673 cmlo
3128 1637 3342 1690 quoque
3364 1624 3557 1677 victuri

1977 1717 2131 1758 erant
2168 1707 2220 1759 in
2259 1709 2585 1761 suavissima
2624 1726 2745 1761 cuin
2804 1708 2911 1763 Deo
2953 1715 3365 1779 consuetudine,
3397 1725 3559 1785 atque

1975 1792 2346 1850 familiaritate
2366 1838 2381 1859 ,
2405 1807 2510 1850 etc.
2535 1796 3018 1868 Colligiturit-tque
3040 1817 3103 1854 ex
3139 1804 3221 1856 his
3247 1815 3554 1859 sanctorum

1972 1887 2190 1941 l’atrum
2220 1899 2379 1955 atpie
2401 1891 2747 1956 probatorum
2779 1902 3059 1946 auctorum
3090 1895 3267 1960 dictis,
3292 1897 3555 1950 Adamntn

1972 1989 2025 2035 et
2060 1979 2251 2045 Evam,
2299 1982 2343 2036 si
2374 1982 2609 2036 mandati
2651 1984 2816 2037 divini
2845 1985 3196 2040 observantes
3228 1990 3558 2043 mansissent

1976 2088 2155 2139 neque
2208 2074 2562 2141 deliquissent
2604 2075 2971 2130 sustollendos
3031 2077 3199 2132 fuisse
3233 2080 3282 2131 in
3335 2082 3556 2135 coalesre

1976 2180 2199 2233 regnum
2238 2181 2399 2233 supra
2442 2165 2870 2231 firmamentum,
2909 2168 2996 2221 ubi
3029 2185 3252 2236 prorsus
3277 2173 3556 2225 immorta-

1974 2255 2123 2327 litate
2154 2258 2356 2320 donati,
2389 2259 2441 2310 in
2470 2259 2797 2327 sempiterna
2817 2260 3388 2328 vixissentvoluptate.
3414 2262 3555 2328 Quin

1975 2345 2079 2399 hec
2112 2348 2285 2415 ipsum
2319 2348 2513 2400 rationi
2577 2366 2730 2417 aeque
2763 2360 2909 2404 certe
2957 2363 3381 2406 consentaneum
3426 2364 3510 2408 est
3538 2371 3554 2417 ;

1976 2450 2031 2492 ut
2058 2440 2201 2491 enim
2263 2449 2481 2507 prepter
2529 2440 2740 2494 violata
2796 2442 2929 2510 legis
2964 2456 3243 2509 peccatum
3303 2447 3557 2513 paradiso

1974 2529 2237 2582 eliminati
2282 2540 2428 2590 sunt,
2459 2540 2622 2599 atque
2678 2532 2730 2583 in
2763 2532 2904 2584 hanc
2954 2535 3292 2586 maledictum
3341 2536 3548 2589 detrusi

1976 2630 2199 2683 terram,
2231 2622 2300 2673 ita
2334 2623 2379 2673 si
2401 2621 2786 2690 divinisjussis
2808 2627 3356 2691 obtemperavissent,
3382 2641 3557 2695 eoque

1972 2712 2105 2782 justi
2147 2711 2319 2767 effecti
2359 2712 2612 2780 fuissent,
2651 2716 2754 2768 hoc
2806 2726 2964 2768 erant
2996 2718 3221 2786 praemio
3247 2719 3552 2783 alliciendi;

1977 2808 2189 2860 scilicet
2219 2817 2275 2859 ut
2312 2822 2377 2859 ex
2424 2806 2676 2874 paradiso
2712 2811 2764 2862 in
2796 2810 3016 2865 cmleSIe
3051 2826 3275 2880 regnum
3320 2814 3557 2884 emigra-

1979 2908 2116 2961 rettt,
2136 2914 2251 2967 quo,
2281 2900 2407 2952 inde
2446 2899 2514 2952 ab
2542 2900 2673 2953 urbe
2696 2902 2915 2955 condito
2936 2902 3066 2971 ipsis
3091 2906 3267 2957 fuerat
3286 2914 3553 2974 paratum,

1978 2996 2036 3043 ut
2061 2990 2135 3043 ait
2165 2988 2448 3051 Dominus,
2502 2990 2568 3043 ad
2603 2992 2732 3045 Adae
2762 3001 2817 3046 et
2865 2989 2991 3047 Evaa
3021 2996 3414 3062 posteritatem.

2523 3080 2753 3136 CAPUT
2818 3083 3004 3137 XXIII.

2050 3173 2301 3239 Quandiu
2362 3178 2416 3228 in
2451 3176 2706 3244 paradiso
2756 3178 3078 3231 mansissent
3117 3181 3429 3247 priusquam
3488 3184 3560 3236 ad

1975 3269 2177 3322 calcate
2211 3284 2423 3336 regnum
2452 3270 2763 3323 traducendi
2794 3271 3047 3339 fuissent,
3079 3276 3125 3327 si
3154 3289 3255 3327 non
3291 3277 3555 3347 deliquis-

1975 3370 2087 3413 sent
2107 3360 2265 3427 primi
2295 3372 2559 3428 parentes.
2594 3391 2664 3400 —
2714 3360 2818 3417 Sed
2848 3366 2959 3431 jam
3018 3369 3252 3434 quaestio
3278 3372 3453 3425 oritur
3488 3374 3557 3426 de

1985 3452 2242 3520 temporis
2265 3453 2441 3521 spatio
2474 3456 2793 3523 quantisper
2825 3457 3033 3511 scilicet
3058 3459 3111 3512 in
3142 3461 3393 3528 paradiso
3424 3461 3557 3519 fuis~

1979 3552 2099 3595 sent
2121 3547 2514 3619 commoraturi
2546 3546 2707 3614 primi
2741 3549 2911 3601 nostri
2952 3560 3227 3617 parentes,
3262 3562 3551 3624 antequam

1975 3636 2040 3688 ad
2105 3637 2326 3690 caeleste
2387 3652 2612 3705 regnum
2668 3638 3064 3709 etnigrassent,
3126 3641 3171 3695 si
3247 3647 3558 3711 paruissent

1977 3726 2172 3779 divina
2204 3727 2328 3795 legi.
2358 3725 2644 3795 Tantisper
2670 3743 2802 3782 sane
2854 3730 2979 3783 dum
3045 3746 3145 3799 pro
3177 3732 3359 3788 divina
3390 3735 3556 3790 bene-

1975 3818 2210 3870 dictione
2251 3834 2266 3872 :
2326 3816 2558 3873 Crescite
2614 3830 2661 3873 et
2699 3822 3163 3891 multiplicamini,
3205 3827 3347 3881 aucti
3410 3831 3557 3897 prole

1977 3917 2139 3977 atque
2200 3910 2535 3979 multiplicati
2595 3912 2843 3967 homines
2902 3929 3190 3969 numerum
3250 3931 3557 3988 :equassent

1978 3999 2191 4053 Satanas
2246 4010 2298 4053 et
2366 4017 2554 4054 earnm
2607 4004 2886 4070 cepiarmn
2940 4019 3060 4072 qua:
3114 4021 3237 4059 cum
3288 4008 3402 4077 ipso
3459 4026 3556 4066 ex-

1974 4095 2215 4149 ciderant
2245 4095 2403 4149 uelo.
2451 4096 2525 4148 Eo
2572 4096 2715 4148 enim
2752 4112 2982 4150 numero
3038 4099 3273 4166 expleto,
3307 4104 3398 4168 qui
3456 4121 3553 4156 nu-

1976 4204 2161 4242 merus
2206 4188 2259 4240 in
2312 4186 2403 4240 Dei
2440 4187 2748 4257 cognitione
2781 4186 2886 4242 fuit
2938 4187 3211 4254 definitus,
3262 4195 3555 4262 elapsoque

1970 4279 2083 4349 jam
2138 4286 2249 4331 tum
2292 4278 2442 4346 justo
2494 4288 2778 4346 tempore;
2837 4278 3184 4332 traducturus
3241 4290 3357 4333 erat
3408 4282 3554 4351 ipsos

1978 4371 2121 4425 Deus
2152 4372 2203 4424 in
2237 4386 2461 4441 regnum
2493 4370 2736 4426 cmleste.
2785 4371 2914 4438 Ejus
2944 4371 3090 4424 enim
3127 4372 3199 4424 rei
3242 4374 3409 4440 gratia
3445 4384 3551 4428 tam

300 4473 389 4525 cui
435 4476 724 4542 paruisset,
752 4475 803 4527 in
834 4475 1033 4529 cmlum
1066 4476 1214 4531 illinc
1246 4475 1556 4531 evehendus
1588 4486 1706 4532 erat
1738 4495 1753 4531 :
1782 4480 1872 4531 illo
1907 4449 1948 4503 υ
1979 4463 2295 4532 spatiosum,
2320 4463 2583 4531 amplum,
2608 4476 2859 4531 capacem
2884 4462 3197 4516 condiderat
3219 4466 3552 4533 Pal'adisu'".

301 4575 509 4634 spreto,
573 4566 777 4636 Deique
825 4568 1069 4637 neglecto
1097 4568 1285 4633 verbo,
1351 4584 1459 4624 non
1506 4572 1666 4624 modo
1700 4571 1877 4625 caruit

298 4659 459 4723 creto,
485 4660 628 4727 quod
657 4659 759 4713 sibi
790 4659 991 4727 alioqui
1025 4674 1147 4713 cum
1180 4660 1520 4729 incorporeis
1543 4662 1648 4716 illis
1702 4663 1875 4730 copiis

295 4766 593 4803 commune
631 4748 876 4802 futurum
924 4748 1149 4814 luisset;
1182 4764 1367 4803 verum
1407 4751 1574 4805 etiam
1597 4752 1871 4818 paradiso,

293 4840 393 4909 qui
421 4841 635 4894 medius
665 4851 781 4893 erat
813 4841 983 4904 locus,
1018 4856 1114 4909 per
1147 4840 1498 4909 ignominiam
1526 4841 1767 4909 dejectus
1786 4849 1869 4895 est

296 4929 354 4983 in
385 4931 525 4985 bane
552 4940 753 4985 terram
812 4943 1030 5001 peccato
1080 4932 1395 4997 obnoxiam,
1447 4932 1592 4985 utin
1627 4948 1690 4985 ea
1746 4947 1869 4986 cum

296 5025 475 5078 brutis
548 5024 849 5093 pecudibus
920 5032 1247 5078 versaretur.
1300 5024 1565 5078 Praeterea
1621 5024 1872 5079 dominus

296 5113 538 5169 Joannes
555 5116 801 5169 oratione
832 5126 1020 5170 contra
1052 5131 1147 5170 eos
1174 5118 1263 5185 qui
1300 5115 1558 5169 mundum
1583 5115 1874 5185 gubernari

300 5221 330 5259 a
358 5205 695 5262 daemonibus
725 5218 934 5274 putant,
969 5208 1228 5275 scriptum
1257 5207 1472 5276 reliquit
1499 5208 1552 5260 in
1581 5209 1716 5260 hanc
1740 5222 1867 5260 sen—

302 5298 522 5350 tentiam
549 5314 562 5351 :
600 5295 655 5351 Si
681 5299 980 5366 ejiciendus
1014 5307 1130 5349 erat
1160 5298 1329 5350 Adam
1359 5298 1428 5351 de
1474 5296 1749 5365 paradiso,
1774 5311 1873 5349 cur

301 5388 369 5441 ab
394 5388 551 5443 initio
584 5389 813 5443 donatus
836 5400 915 5442 est
946 5404 973 5440 a
1017 5388 1124 5443 Deo
1167 5388 1463 5456 paradiso?
1490 5396 1674 5441 nostra
1726 5396 1871 5441 certe

294 5495 462 5535 causa
491 5483 605 5535 hcec
642 5482 715 5535 ita
767 5482 985 5536 evenire
1031 5479 1332 5549 oportebat.
1358 5477 1491 5531 Nam
1524 5478 1569 5532 si
1597 5480 1757 5546 primi
1792 5480 1866 5532 illi

374 5688 485 5756 (I0)
516 5690 683 5743 Caute
741 5693 855 5759 lege
892 5708 905 5742 τ
970 5690 1102 5743 nihil
1157 5690 1302 5742 enim
1332 5689 1536 5758 praemii
1570 5689 1875 5743 essentialis

306 5766 510 5828 attgrlts
536 5762 756 5815 obvenit
806 5772 895 5819 aut
930 5770 1205 5817 accrescat
1250 5768 1374 5829 post
1419 5760 1725 5830 generalem
1767 5762 1869 5812 h0-

1982 4561 2041 4606 ut
2070 4553 2339 4607 universe
2368 4554 2672 4621 posteritati
2705 4554 2832 4607 Adae
2870 4555 3006 4608 satis
3044 4555 3095 4608 in
3138 4555 3256 4624 ipso
3282 4566 3425 4611 esset
3449 4558 3550 4612 loci

1985 4644 2049 4698 ad
2081 4644 2425 4699 morandum.
2460 4645 2514 4698 In
2545 4645 2645 4699 hac
2692 4646 2853 4700 etiam
2907 4648 3174 4701 sententia
3215 4660 3297 4702 est
3345 4648 3554 4718 Grego-

1977 4738 2091 4790 rius
2114 4733 2422 4806 Theulogus
2449 4738 2577 4789 dum
2638 4736 2714 4791 ait
2752 4738 3015 4791 mundum
3058 4739 3416 4809 superiorem,
3463 4758 3556 4795 ex-

1976 4830 2111 4898 pleri
2133 4830 2326 4883 debere
2348 4846 2362 4891 ;
2383 4839 2537 4883 vocat
2570 4830 2713 4884 enim
2737 4830 2999 4883 mundum
3028 4832 3384 4900 superiorem,
3410 4834 3555 4903 ipsas

1980 4921 2228 4977 cmlestes
2254 4921 2458 4990 copias,
2488 4937 2717 4989 quarum
2747 4936 3031 4975 numerum
3054 4961 3070 4987 ,
3104 4924 3297 4976 diaboli
3348 4933 3402 4978 et
3433 4924 3554 4992 ejus

1982 5013 2259 5068 sociorum
2313 5028 2444 5068 casu
2484 5013 2834 5076 diminutum,
2884 5024 3072 5067 censet
3136 5014 3551 5070 instaurandum

1984 5119 2107 5160 esse
2159 5114 2323 5173 atque
2347 5104 2729 5173 supplendum,
2764 5103 2952 5159 ascitis
2987 5106 3207 5159 totidem
3244 5108 3295 5158 in
3337 5106 3550 5158 illorum

1982 5198 2073 5267 qui
2105 5198 2352 5251 excidere
2401 5197 2617 5261 locum;
2650 5197 2756 5251 hoc
2786 5204 2892 5259 est,
2938 5199 3202 5251 traductis
3239 5198 3291 5249 in
3330 5196 3550 5250 eteleste

1979 5303 2204 5358 regnum
2260 5287 2592 5342 hominibus.
2652 5286 2944 5358 Gregorius
2989 5303 3206 5358 quoque
3261 5286 3549 5356 Nyssaznus

1979 5381 2388 5436 Commentario
2412 5382 2479 5436 de
2518 5382 2918 5451 compositione
2968 5381 3229 5436 hominis.
3257 5379 3418 5448 capit.
3463 5379 3547 5443 l8,

1978 5474 2042 5528 ad
2068 5474 2211 5527 hunc
2238 5473 2457 5527 modum
2489 5474 2675 5529 scribit
2703 5490 2719 5528 :
2753 5472 2855 5527 Sed
2921 5472 3115 5525 modus
3151 5470 3238 5523 ille
3289 5471 3551 5539 multipli-

1987 5687 2195 5741 minum
2251 5685 2729 5742 resurrectionem,
2786 5680 2891 5734 nisi
2952 5686 3159 5731 tantum
3216 5680 3550 5737 accidentalc

1982 5755 2112 5812 Vide
2163 5755 2375 5811 Sixtum
2413 5758 2506 5809 lib.
2547 5771 2595 5821 ν,
2634 5751 2904 5818 Biblioth.,
2948 5759 3131 5803 auuol.
3180 5750 3295 5805 I26.
