4088 6208
492 292 597 356 515

1773 282 2003 342 MOSIS
2048 280 2195 338 ΒΑΚ
2237 277 2483 335 CEPHA

3663 268 3766 331 515

485 403 643 457 candi
672 402 761 472 qui
798 403 851 456 in
879 403 1193 470 angelorum
1229 409 1423 453 natura
1454 406 1560 459 est,
1589 397 1640 448 in
1675 395 1742 448 iis
1782 394 1946 447 etiam
1975 391 2067 459 qui
2101 399 2144 453 Α
2175 378 3769 451 sedidemillemodusquoangelnrumnaturamnltipncata

488 496 713 566 paulum
741 494 993 548 diminuti
1045 493 1258 548 suntab
1302 491 1509 559 angelis
1537 491 1663 557 (hoc
1717 496 1834 549 est,
1886 485 1937 536 in
1973 485 2069 536 ho-

494 587 754 657 minibus)
778 588 919 640 viam
954 584 1455 639 suamexercuisset
1498 582 1562 634 ad
1602 575 2071 647 multiplicandum

493 695 664 747 genus
724 679 1024 731 humanum
1067 690 1236 745 usque
1278 676 1343 727 ad
1376 672 1657 726 delinitum
1691 668 1911 739 Opiticis
1946 682 2078 720 con-

491 774 614 827 silio
646 786 956 826 numerum.

1044 854 1281 937 CAPUT
1317 877 1511 933 XXIV.

566 1004 829 1056 Adamnm
853 1010 897 1053 et
930 998 1094 1053 Evam
1130 1014 1230 1051 non
1262 998 1398 1048 solos
1434 994 1487 1045 in
1516 991 1769 1062 paradiso
1799 1003 2079 1041 mansuros

496 1095 786 1165 fuisse.secl
825 1092 998 1146 sobole
1031 1091 1198 1143 ntulta
1224 1085 1511 1157 augendos,
1535 1086 1581 1137 si
1619 1082 1931 1136 mandatum
1984 1080 2081 1133 Dei

494 1202 598 1239 non
617 1180 1182 1237 violassent—Solent
1204 1193 1363 1247 porro
1382 1177 1484 1241 hoc
1505 1176 1667 1230 etiam
1685 1188 1926 1243 quarere
1946 1171 1992 1241 (l
2010 1170 2079 1241 Ι),

494 1279 587 1347 qui
656 1293 831 1329 rerum
897 1272 1399 1343 cognoscendarum
1461 1268 1735 1322 desiderio
1791 1274 2078 1326 tenentur;

494 1370 725 1424 fuissent
766 1382 831 1419 ne
868 1365 1025 1433 primi
1078 1372 1329 1433 parentes
1365 1359 1465 1415 soli
1524 1361 1576 1412 in
1618 1358 1869 1428 paradiso
1900 1370 2081 1409 mora-

502 1461 630 1521 turi,
665 1460 709 1512 si
765 1460 934 1524 legem
973 1457 1397 1517 observassent;
1449 1468 1515 1505 an
1550 1467 1678 1505 vero
1723 1450 1908 1504 sobole
1958 1464 2083 1517 pro-

496 1562 674 1606 creata
730 1551 1089 1603 nihilominus
1148 1548 1452 1601 crevissent
1517 1560 1742 1597 numero
1810 1541 2081 1595 homines.

497 1648 705 1712 Quibus
722 1661 1041 1715 responsum
1070 1644 1318 1695 volumus
1337 1650 1714 1708 generaturos,
1738 1636 2085 1701 maximoque

498 1755 726 1792 numero
778 1736 1213 1806 multiplicaudos
1262 1734 1473 1785 fuisse:
1530 1731 1693 1796 idque
1741 1726 1822 1779 vel
1864 1740 1929 1779 ex
1969 1723 2083 1792 ipsa

499 1832 872 1885 benedictione
933 1844 1037 1895 qua
1094 1826 1240 1894 ipsos
1304 1832 1628 1892 prosecutus
1682 1820 1863 1871 fuerat
1941 1813 2085 1868 Deus

497 1932 774 1983 constare,
810 1936 933 1974 cum
982 1918 1227 1972 diceret:
1262 1914 1492 1970 Crescite
1526 1923 1574 1966 et
1635 1908 2082 1979 multiplicamini,

501 2024 798 2081 terramque
836 2011 1028 2080 replete
1069 2018 1117 2062 et
1166 2026 1283 2062 eam
1315 2008 1558 2076 subigite.
1611 2004 1686 2059 lia
1720 2006 1864 2059 enim
1922 2002 2088 2057 verba

500 2124 624 2160 cum
662 2105 825 2160 simul
855 2121 975 2159 cum
1013 2103 1189 2156 fausta
1227 2102 1543 2171 precatione
1604 2098 1925 2152 mandatum
1958 2112 2089 2151 con—

504 2196 705 2246 tineant
732 2209 747 2259 ;
779 2193 900 2260 quis
939 2193 1197 2257 ambigat,
1231 2191 1361 2259 quin
1422 2190 1513 2243 Dei
1568 2199 1622 2241 et
1674 2187 1987 2257 apprccatio
2037 2194 2091 2240 et

506 2288 821 2338 mandatum
873 2300 1099 2353 prorsus
1137 2285 1441 2352 priestantla
1498 2280 1746 2334 fuerint?
1792 2279 2092 2334 Conficitur

506 2378 729 2444 itaque,
799 2376 1067 2429 Adanium
1130 2386 1185 2429 et
1239 2374 1403 2427 Evam
1459 2373 1700 2427 sobolem
1742 2384 2090 2424 numerosam

506 2482 896 2538 propagatums
939 2470 1147 2531 fuisse;
1198 2483 1372 2537 neque
1418 2470 1565 2523 solos
1618 2467 1741 2521 illos
1780 2463 2091 2535 paradisum

509 2565 869 2628 habitaturus,
904 2564 946 2617 si
975 2562 1294 2617 obedientes
1328 2561 1681 2614 mansissent.

1057 2675 1289 2733 CAPUT
1361 2674 1531 2729 XXV.

578 2799 870 2861 (laterum,
894 2795 1037 2864 quod
1064 2795 1232 2862 quaeri
1261 2793 1418 2856 solet,
1442 2807 1535 2861 per
1555 2790 1925 2845 Venereumne
1950 2804 2097 2842 com-

510 2890 729 2959 plexum
795 2902 1017 2955 Operam
1054 2885 1240 2938 liberis
1296 2883 1581 2953 gignendis
1634 2882 1812 2935 daturi
1871 2880 2098 2935 fuissent

514 2981 762 3033 homines
803 2977 853 3030 in
886 2977 1165 3046 paradiso,
1196 2990 1263 3029 an
1316 2977 1522 3044 absque
1560 2974 1763 3045 nuptiis
1795 2991 1809 3029 :
1838 2973 2094 3039 dicimus,

513 3085 573 3127 ut
609 3075 724 3142 ipsa
775 3082 959 3125 nostra
1001 3080 1194 3124 natura
1259 3084 1465 3124 arcano
1530 3069 1828 3123 conditoris
1880 3068 1967 3123 sui
2002 3067 2095 3121 Dei

514 3166 743 3221 consilio
793 3165 927 3219 scite
958 3164 1307 3229 fecundatur,
1362 3176 1612 3232 augetur,
1656 3162 2094 3231 multiplicatur;

513 3261 587 3311 ita
622 3260 938 3313 universum
976 3272 1195 3327 quoque
1236 3257 1536 3309 humanum
1578 3270 1749 3323 genus
1800 3253 2099 3307 fecundan-

512 3352 668 3415 dum,
699 3352 1030 3422 augendum,
1066 3350 1540 3419 multiplicandum
1575 3348 1766 3412 fuisse,
1791 3358 1847 3401 et
1874 3347 2095 3416 quidem

438 3472 447 3479 -
515 3445 725 3513 absque
774 3443 1091 3497 concubitu.
1122 3440 1254 3494 Nam
1284 3450 1336 3494 et
1375 3439 1553 3509 angeli
1604 3440 1760 3493 multi
1805 3450 2099 3495 evaserunt

514 3539 756 3606 quidem,
791 3536 883 3589 sed
916 3537 1126 3601 absque
1182 3534 1408 3602 nuptiis.
1447 3543 1502 3585 et
1540 3534 1712 3585 Adam
1768 3543 1930 3601 atque
1987 3532 2097 3589 Eva

515 3629 631 3682 sine
674 3628 880 3680 Venere
921 3626 1033 3679 nati
1079 3624 1327 3689 fuerant;
1359 3626 1426 3679 ad
1484 3625 1609 3688 hoc,
1652 3627 1991 3680 etiamnunc
2020 3627 2100 3680 vi-

515 3721 642 3774 dere
673 3729 756 3773 est
786 3719 965 3773 multa
996 3718 1316 3771 animalium
1356 3733 1549 3786 genera
1580 3719 1787 3788 absque
1810 3721 1952 3775 coitu
1987 3736 2102 3789 pro-

515 3812 723 3881 pagat‘i,
743 3813 903 3881 quale
927 3820 1009 3865 est
1028 3811 1290 3865 vermium
1313 3828 1507 3882 genus,
1536 3821 1585 3866 et
1609 3811 1869 3878 culicum,
1888 3814 2103 3882 aliaque

515 3904 816 3972 complura.
853 3903 1001 3959 Hanc
1035 3906 1360 3959 sententiam
1408 3907 1672 3975 approbat
1705 3921 1925 3975 quoque
1957 3906 2102 3960 Gre-

517 3998 700 4067 gorius
737 3996 1014 4069 Nyssaaus,
1040 3998 1462 4053 Commentariis
1483 3999 1550 4052 de
1573 3998 1811 4053 hominis
1829 3998 2104 4069 composi-

521 4090 687 4154 tione,
716 4089 881 4158 Capit.
916 4088 1002 4152 18,
1030 4089 1287 4159 inquiens
1323 4105 1339 4144 :
1368 4089 1535 4143 Aiunt
1581 4090 1824 4159 quidam,
1858 4091 1902 4143 si
1925 4090 2104 4142 nullus

520 4186 716 4238 fuisset
739 4186 790 4237 in
818 4183 1073 4253 paradiso
1120 4183 1462 4252 complexus,
1493 4182 1763 4237 humanas
1806 4184 2019 4238 animas
2051 4183 2106 4237 in

520 4295 719 4349 magno
751 4294 974 4332 numero
996 4280 1208 4333 futuras
1240 4293 1346 4332 non
1379 4277 1568 4333 fuisse.
1594 4276 1703 4332 Nos
1725 4293 1852 4332 vero
1875 4278 2107 4332 dicimus

520 4369 796 4422 hominem
829 4381 955 4424 ante
1001 4383 1279 4439 peccatum
1341 4369 1642 4422 admissum
1685 4369 2104 4439 quasiangelum

2154 492 2262 544 .est
2311 481 2362 534 in
2405 482 2642 534 lmtnano
2702 492 2897 545 gent-re
2937 477 3077 544 quod
3133 474 3421 528 Paululum
3465 474 3529 525 ab
3574 474 3773 543 angelis

2179 576 2438 626 ntinutnm
2475 571 2634 634 est",
2658 570 2845 623 ellirax
2887 568 3096 629 fuisset,
3123 580 3178 621 ut
3211 568 3276 621 ad
3299 582 3422 620 eum
3453 577 3773 634 augesceret

2180 681 2468 719 numerum
2487 664 2579 732 qui
2610 662 2705 717 Dei
2734 662 2963 717 consilio
2982 661 3238 715 definitus
3262 667 3399 713 erat.
3421 658 3572 723 Quod
3592 658 3776 727 siquis

2180 775 2311 813 vero
2337 767 2544 827 quaerat
2582 754 3038 826 procreandarum
3076 753 3381 807 animarum
3417 752 3623 820 absque
3668 768 3774 805 nu-

2184 851 2309 921 ptiis
2336 853 2600 903 rationem
2644 846 2977 915 modumque
3003 885 3017 909 ,
3052 845 3098 899 is
3131 844 3365 899 vicissim
3413 842 3567 896 nobis
3606 840 3772 901 dicat,

2183 959 2294 1013 quo
2330 940 2632 996 subsistant
2664 941 2825 993 modo
2860 938 3056 1006 angeli,
3092 936 3173 991 sic
3198 936 3339 990 enim
3372 935 3623 988 homines
3655 934 3776 987 sine

2184 1037 2468 1106 complexu
2507 1035 2737 1089 fuissent
2764 1032 3102 1101 multiplicati
3130 1040 3186 1083 ut
3214 1029 3416 1099 angeli.
3450 1028 3596 1081 ldem
3623 1026 3770 1095 Nys-

2185 1146 2347 1191 smus,
2379 1146 2498 1197 cap.
2538 1129 2623 1182 14.
2656 1128 2772 1197 ejus
2832 1125 3036 1194 operis,
3094 1124 3174 1178 sic
3221 1125 3383 1176 habet
3421 1141 3433 1175 :
3478 1121 3533 1174 Si
3573 1136 3656 1174 me
3688 1120 3776 1173 in-

2187 1225 2571 1293 terrogaveris,
2614 1222 2706 1291 qui
2761 1220 3068 1289 potuissent
3118 1226 3197 1271 tot
3257 1216 3540 1270 hominum
3604 1213 3774 1267 unliia

2189 1317 2485 1386 procreari,
2520 1316 2564 1370 si
2614 1314 2937 1369 concubitus
2978 1312 3163 1367 nullus
3218 1310 3437 1373 fuisset,
3499 1324 3618 1383 ego.
3654 1326 3778 1364 tuu-

2190 1425 2337 1465 tuum
2372 1426 2436 1464 ex
2474 1420 2524 1464 te
2571 1418 2773 1479 petam,
2812 1408 2903 1475 qui
2959 1408 3027 1461 sit
3088 1416 3383 1476 prognatus
3421 1404 3615 1470 Adam,
3677 1406 3776 1474 qui

2190 1505 2321 1566 Eva,
2346 1504 2566 1573 quando
2596 1504 2755 1556 nulla:
2776 1502 3143 1555 intervenerat
3175 1498 3404 1568 nuptiae!
3436 1498 3574 1563 Quid
3603 1498 3776 1567 ergo?

2189 1600 2253 1653 ad
2280 1612 2479 1653 eumne
2515 1598 2764 1660 modum,
2798 1612 2911 1663 quo
2949 1594 3021 1647 illi
3074 1602 3197 1647 sunt
3249 1591 3452 1657 effecti,
3510 1592 3773 1645 nascituri

2190 1700 2346 1745 erant
2406 1690 2665 1756 deinceps
2709 1702 2900 1741 omnes
2952 1682 3263 1738 mortales?
3322 1682 3463 1735 Sane
3513 1681 3779 1750 genitura:

2192 1784 2389 1836 modus
2420 1782 2614 1835 talisne
2649 1796 2716 1833 an
2768 1779 2906 1831 alius
2940 1776 3101 1829 fuerit
3137 1776 3371 1835 futurus,
3408 1773 3458 1826 id
3495 1773 3606 1841 jam
3640 1774 3777 1825 mihi

2192 1888 2298 1927 non
2337 1882 2419 1926 est
2458 1870 2836 1939 explicandum
2876 1887 2889 1921 :
2945 1870 3045 1921 hoc
3095 1867 3236 1920 enim
3277 1863 3437 1918 modo
3489 1862 3774 1933 quanitur,

2192 1967 2542 2021 connubione
2577 1979 2715 2033 Opus
2768 1962 2964 2016 fuisset
3017 1959 3123 2013 Deo
3157 1959 3222 2012 ad
3276 1959 3572 2011 humanum
3604 1972 3781 2033 genus

2192 2058 2667 2128 multiplicandqu
2729 2060 2781 2109 in
2835 2055 3017 2117 terris,
3076 2068 3143 2105 an
3196 2051 3441 2105 tninime.
3504 2050 3781 2103 Hactenus

2192 2165 2256 2204 ex
2292 2149 2539 2218 Nyssieo.
2578 2146 2682 2201 Sed
2729 2156 2786 2200 et
2833 2144 3092 2198 dominus
3115 2140 3351 2196 Jacobus
3382 2142 3447 2195 de
3496 2139 3722 2194 Botnam
3760 2156 3779 2195 :

2194 2243 2269 2297 Ex
2303 2242 2504 2312 quibus
2534 2240 2755 2311 (inquit)
2784 2252 2970 2307 quaeso
3008 2237 3216 2303 nuptiis
3252 2234 3431 2289 editus
3463 2244 3546 2288 est
3572 2234 3782 2287 Adam?

2194 2351 2332 2406 quos
2365 2349 2559 2404 passus
2598 2334 2712 2400 ipse
2745 2332 2963 2385 dolores
3014 2341 3069 2383 ut
3106 2328 3268 2381 Evam
3306 2328 3559 2396 pareret?
3586 2326 3780 2381 Millies

2196 2428 2513 2499 angelorum
2572 2425 2744 2479 millia
2802 2432 2949 2478 stant
3001 2437 3184 2475 coram
3248 2420 3379 2485 Deo,
3437 2435 3537 2474 nec
3598 2430 3778 2474 tamen

2197 2538 2385 2577 eorum
2438 2521 2587 2575 ullus
2625 2529 2779 2573 utero
2820 2527 3085 2585 gestatus,
3114 2523 3209 2569 aut
3255 2513 3475 2583 gravida
3507 2513 3628 2566 alvo
3652 2528 3781 2566 cum

2199 2614 2483 2668 doloribus
2527 2613 2581 2666 in
2618 2612 2794 2665 lucem
2852 2609 3033 2662 editus
3064 2617 3190 2661 est:
3230 2607 3403 2659 tnulto
3433 2620 3562 2674 ergo
3609 2602 3784 2673 magis

2200 2703 2626 2760 existimandum
2681 2711 2763 2756 est
2805 2700 3053 2771 Opificem
3085 2698 3251 2751 Deum
3286 2698 3534 2751 homines
3573 2698 3785 2764 absque

2200 2800 2406 2867 nuptiis
2453 2808 2869 2868 procreaturum
2905 2795 3104 2859 fuisse,
3141 2795 3281 2847 sicut
3314 2791 3516 2861 primos
3561 2804 3787 2857 quoque

2202 2893 2323 2946 illos
2357 2900 2633 2961 parentes,
2682 2904 2709 2943 c
2741 2889 2943 2956 quibus
2991 2887 3245 2941 universa
3279 2884 3389 2939 hac
3431 2882 3643 2953 generis
3681 2882 3789 2933 hu-

2203 2985 2350 3038 mani
2406 2984 2697 3053 posteritas
2727 2992 2852 3034 nata
2887 2988 2993 3045 est,
3044 2978 3371 3050 procreavit.
3407 2975 3473 3028 Et
3511 2973 3670 3044 paulo
3702 2973 3790 3026 in-

2204 3076 2375 3131 ferius
2405 3093 2418 3128 :
2454 3073 2593 3139 Quid
2623 3089 2775 3143 ergo,
2820 3073 2990 3125 dicito
3022 3070 3174 3134 mihi,
3209 3068 3522 3122 Abrahamo
3577 3064 3786 3135 profuit

2203 3185 2270 3222 ne
2318 3169 2648 3222 concubitus
2682 3169 2748 3219 ad
2787 3164 3186 3234 procreandam
3227 3162 3520 3218 sobolem?
3561 3159 3785 3212 Minime

2201 3277 2378 3316 sane:
2413 3262 2615 3330 quippe
2670 3259 2763 3328 qui
2820 3267 2898 3312 tot
2951 3258 3112 3312 annis
3143 3272 3364 3326 Operam
3414 3255 3614 3309 frustra
3656 3253 3786 3307 huic

2201 3356 2441 3410 dedisset
2463 3394 2477 3416 ,
2515 3354 2663 3408 hisce
2692 3353 2835 3422 apud
2880 3353 3047 3407 Deum
3097 3351 3281 3406 verbis
3312 3350 3472 3403 etiam
3504 3361 3617 3402 tum
3653 3363 3789 3403 usus
3820 3410 3827 3413 ,

2201 3456 2286 3502 est
2319 3463 2332 3499 :
2368 3446 2611 3514 Domine,
2649 3444 2775 3515 quid
2800 3446 2927 3498 mihi
2960 3445 3185 3498 daturus
3210 3460 3264 3497 es
3295 3444 3383 3512 qui
3402 3442 3577 3495 liberis
3596 3442 3795 3495 careo?

2203 3538 2370 3610 Igitur
2396 3550 2455 3592 ιιι
2498 3547 2629 3592 tunc
2676 3554 2741 3592 ex
2776 3550 2994 3593 mortuo
3024 3537 3169 3591 elieti
3203 3538 3351 3590 senis
3386 3535 3530 3588 illius
3558 3549 3791 3601 corpore

2203 3632 2372 3687 edidit.
2406 3631 2549 3686 Deus
2582 3644 2692 3686 tam
2724 3632 2892 3684 multa
2928 3631 3208 3684 hominum
3246 3630 3414 3682 millii
3442 3647 3455 3681 :
3481 3630 3552 3682 ita
3585 3630 3630 3681 si
3663 3628 3793 3681 inde

2205 3724 2274 3778 ab
2337 3724 2495 3778 initio
2562 3723 2656 3778 Dei
2720 3723 3004 3793 praeceptis
3082 3724 3490 3789 acquievisscnt
3545 3721 3791 3774 Adamus

2209 3834 2455 3887 uxorque
2486 3818 2616 3883 Eva,
2650 3826 2815 3887 atque
2859 3819 2926 3870 ab
2956 3819 3150 3871 arbore
3180 3799 3485 3885 appetenda
3524 3832 3582 3870 se
3623 3816 3797 3868 absti-

2207 3913 2485 3975 nuissent;
2544 3927 2649 3965 non
2702 3911 2966 3965 defuisset
3020 3911 3127 3965 Deo
3190 3910 3515 3965 fecundandi
3577 3909 3797 3977 generis

2209 4002 2432 4055 humani
2500 4003 2659 4056 ratio.
2721 4001 3024 4054 Conficitur
3071 4016 3202 4069 ergo
3233 4014 3300 4054 ex
3335 4001 3399 4054 iis
3440 4015 3561 4068 qua:
3612 3999 3799 4051 adhuc

2207 4094 2351 4148 dicta
2384 4104 2535 4154 sunt.
2564 4094 2815 4147 homines
2876 4094 2928 4145 in
2967 4094 3221 4161 paradiso
3277 4091 3650 4160 absquegullo
3694 4106 3800 4143 nu—

2217 4186 2378 4256 ptiali
2416 4185 2702 4256 complexu
2739 4187 2916 4255 reipsa
2953 4185 3311 4239 fclilicaturos
3348 4184 3551 4248 fuisse,
3586 4188 3679 4236 sed
3730 4198 3800 4236 eo

2209 4280 2371 4335 modo
2410 4294 2574 4347 quem
2609 4278 2762 4332 solus
2803 4278 2986 4346 Opifex
3022 4277 3163 4331 Deus
3195 4276 3367 4330 novit.

2767 4366 3003 4422 CAPUT
3054 4366 3245 4422 XXVI.

522 4462 713 4527 fuisse,
751 4463 844 4516 sed
902 4478 998 4532 per
1034 4472 1314 4532 peccaturo
1358 4463 1567 4525 ruisse;
1604 4462 1718 4531 ipsa
1749 4463 1890 4516 enim
1932 4478 2107 4517 resur-
2142 4465 2181 4518 D
2284 4464 2439 4518 Sicut
2474 4473 2653 4518 autem
2691 4463 2896 4529 absque
2928 4463 3224 4517 concubitu
3259 4462 3492 4518 fuissent
3517 4462 3797 4529 prognati,

521 4559 695 4609 rectio
733 4554 939 4609 reditus
970 4562 1052 4607 est
1083 4556 1147 4607 ad
1181 4555 1467 4623 pristinam
1532 4554 1923 4608 conditionetr.
1970 4555 2109 4625 Ergo

523 4647 567 4699 si
605 4653 723 4714 post
760 4648 1218 4699 resurrectionem
1254 4647 1461 4700 erimus
1502 4647 1667 4700 veluti
1721 4647 1922 4716 angeli,
1971 4663 2107 4701 con-

525 4737 773 4803 sequitur
807 4735 938 4789 tales
966 4750 1184 4804 quoque
1221 4734 1392 4789 fuisse
1439 4743 1565 4789 ante
1597 4749 1906 4806 peccatum.
1942 4736 2105 4805 Atqui

525 4827 699 4896 angeli
738 4843 841 4880 non
866 4828 1461 4898 jungunturjamplexu;
1492 4844 1621 4898 ergo
1660 4844 1836 4897 neque
1861 4830 2107 4882 homines

520 4918 699 4989 juncti
754 4919 984 4973 fuissent
1031 4922 1134 4974 nisi
1172 4932 1487 4989 peccassent
1536 4939 1549 4975 :
1598 4923 1690 4976 sed
1731 4923 1871 4975 sicut
1932 4923 2108 4994 angeli

527 5011 734 5079 absque
766 5013 969 5081 nuptiis
1005 5013 1198 5066 millies
1235 5013 1382 5066 mille
1410 5025 1561 5080 sunt,
1592 5024 1643 5066 et
1691 5014 1961 5084 myriades
1993 5032 2109 5085 my-

529 5104 743 5156 riadum
800 5119 1025 5157 numero
1072 5114 1355 5172 superant,
1385 5104 1457 5156 ita
1487 5120 1584 5157 nos
1609 5119 1846 5173 quoque,
1876 5105 1979 5159 nisi
2012 5123 2109 5158 an-

530 5201 734 5267 gelicus
751 5199 835 5251 ille
854 5207 1024 5251 status
1043 5198 1094 5251 in
1114 5198 1268 5251 nobis
1289 5207 1528 5253 mutatus
1550 5199 1741 5252 fuisset
1759 5198 2031 5253 connubio
2045 5200 2111 5253 ad

532 5292 706 5346 nostri
734 5292 1240 5362 multiplicationcm
1274 5292 1497 5346 minime
1528 5308 1665 5363 opus
1710 5292 2111 5357 habuissemus;

601 5438 646 5468 ⁵⁷
681 5437 826 5491 Psal.
863 5452 976 5501 \‘Ill,
1018 5437 1050 5490 5
1078 5454 1091 5501 ;
1121 5434 1284 5489 Hebr.
1317 5451 1374 5500 tt,
1404 5434 1454 5490 7.

605 5556 716 5623 (ll)
751 5563 921 5611 caute
954 5558 1067 5626 lege
1097 5555 1199 5608 hoc
1224 5563 1408 5625 caput,
1441 5568 1562 5606 nam
1616 5553 1863 5626 dissonat
1905 5569 1933 5605 a
1960 5568 2112 5626 com-

536 5629 688 5679 muni
741 5642 903 5678 st-nsn
971 5624 1352 5696 theologorum
1420 5625 1732 5676 docentium
1769 5624 1826 5696 in
1852 5634 1994 5676 statu
2030 5625 2114 5676 iu-

537 5696 1054 5750 nucentitefnturatn
1085 5695 1254 5750 fuisse
1284 5696 1563 5748 hominum
1590 5695 1994 5762 generationem
2031 5711 2120 5761 per

537 5764 979 5821 cominiStionctu
1012 5768 1180 5823 maris
1212 5776 1266 5822 ct
1300 5765 1489 5823 femin.
1518 5763 1648 5819 Vide
1672 5762 1730 5818 S.
1766 5764 1956 5817 Thom.
1990 5780 2026 5833 ι,
2068 5781 2119 5833 p.

2219 4559 2477 4624 auctique
2537 4569 2765 4608 numero
2799 4553 3049 4607 homines
3083 4552 3135 4605 in
3173 4554 3451 4622 paradiso,
3476 4553 3545 4605 ita
3580 4552 3631 4603 in
3676 4567 3803 4603 ve:a

2212 4650 2512 4717 voluptate,
2550 4655 2718 4715 atque
2748 4644 2979 4698 infinitis
3000 4645 3251 4714 partibus
3288 4644 3496 4708 majore
3521 4657 3686 4710 quam
3718 4649 3807 4693 est

2212 4756 2277 4794 ca
2310 4756 2414 4808 qna
2454 4738 2615 4792 hodie
2650 4737 2912 4791 mortales
2948 4736 3207 4790 fruuntur
3236 4737 3497 4797 maxima,
3532 4734 3643 4786 illic
3672 4743 3807 4786 ωιλ-

2218 4839 2323 4883 tem
2380 4830 2932 4898 agitassent,utpote
2982 4827 3162 4882 omnis
3217 4828 3457 4889 laboris,
3514 4826 3809 4894 perturba-

2217 4925 2405 4988 tionis,
2465 4925 2751 4986 molestiae,
2805 4923 3051 4988 doloris,
3114 4923 3289 4976 tnorbi
3344 4921 3583 4989 denique
3639 4929 3806 4986 atque

2216 5014 2558 5083 aegritudinis
2578 5024 2845 5082 expertes.
2870 5012 3123 5068 Edissent
3140 5015 3283 5067 enim
3305 5013 3370 5067 de
3393 5008 3811 5079 paradisiarbo—

2220 5107 2393 5171 ribus,
2415 5116 2468 5160 et
2486 5106 2873 5159 suavissimum
2897 5121 2961 5159 ex
2987 5108 3225 5160 maximo
3261 5107 3352 5159 illo
3375 5104 3813 5169 dulcissimoqne

2224 5198 2461 5268 paradisi
2494 5198 2717 5251 flumine
2741 5205 2929 5266 potum
2955 5200 3217 5252 bibissent
3244 5200 3453 5266 absque
3478 5194 3627 5248 omni
3665 5194 3814 5246 inter

2222 5308 2284 5347 se
2317 5290 2550 5345 dissidio
2610 5292 2834 5357 rixave;
2882 5294 3097 5361 qualem
3131 5292 3305 5362 angeli
3340 5290 3464 5360 ipsi,
3499 5299 3552 5342 et
3584 5286 3813 5357 qualem

2217 5572 2274 5623 τι.
2307 5555 2399 5615 98,
2429 5564 2535 5611 art.
2578 5556 2633 5613 2.
2660 5556 2889 5625 ejusque
2943 5563 3275 5625 interpretes
3311 5552 3549 5625 Baunes,
3589 5547 3811 5625 Cutnel,

2222 5620 2553 5691 Valentiam,
2584 5620 2865 5690 Molinam,
2899 5635 2952 5680 ct
2986 5620 3202 5680 Sixtum
3259 5624 3462 5679 Senen.
3497 5620 3641 5676 Jem.
3708 5622 3808 5678 lib.

2226 5715 2304 5765 \',.
2348 5697 2483 5749 Bibl.
2522 5709 2708 5752 attttot.
2752 5696 2841 5751 ‘20.
