4088 6208
337 307 435 370 517

1467 309 1563 366 DE
1604 307 2007 367 PARADISO.
2049 330 2118 338 --
2159 306 2352 364 PARS
2393 305 2440 365 Ι.

3491 296 3592 362 hi3

337 423 583 469 Aitamns
609 432 731 468 eum
769 416 874 470 Eva
917 426 1040 470 ante
1074 417 1267 471 fartam
1309 418 1501 488 legem,
1523 421 1688 473 vitam
1725 420 1916 472 viven-
1949 425 1992 479 Α
2020 431 2343 485 corporeum
2367 414 2608 485 quidem,
2631 412 2676 470 si
2711 413 2888 482 ipsmn
2918 409 3302 480 aspectabileut
3323 425 3552 480 anguem
3581 433 3595 476 ;

337 519 420 562 tcs
457 509 508 560 in
547 506 786 576 perfecta
825 524 978 578 pace,
1029 509 1318 572 cbaritate,
1360 511 1674 565 concordia.
1702 511 1915 581 Quippe

335 597 422 650 his
450 599 652 664 quibus
681 597 792 662 jam
822 600 1081 652 mortales
1120 599 1356 653 fruimur
1389 602 1782 668 voluptatibus,
1815 617 1914 655 sua

331 688 534 757 cuique
599 690 847 743 molestia
877 691 1132 755 coita-ret,
1169 693 1329 746 veluti
1360 693 1483 748 cibo
1539 696 1756 765 largiori
1790 711 1916 748 cru-

331 780 520 833 ditatis
581 780 821 845 tnalunt,
880 782 1030 848 potui
1086 783 1379 850 copiosiori
1459 801 1698 852 nausea,
1757 788 1915 841 bonae

332 870 628 924 valetudini
723 876 988 938 adversa,
1063 875 1245 928 robori
1320 877 1699 943 imbecillitas,
1763 881 1915 933 bonae

333 959 523 1014 forma:
582 959 934 1029 deformitas;
986 973 1147 1033 atque
1195 965 1245 1018 iu
1296 968 1418 1021 aliis
1476 985 1713 1038 quoque.
1747 971 1810 1024 At
1857 971 1910 1024 in

335 1054 588 1121 paradiso
606 1054 752 1106 nulla
782 1056 970 1110 fuisset
997 1057 1332 1126 ejuseemodi
1354 1077 1534 1115 rerum
1561 1063 1909 1130 vicissitudo;

333 1159 484 1199 mera
535 1147 682 1199 enim
745 1148 854 1202 illic
903 1149 1156 1219 voluptas
1208 1151 1430 1216 fuisset,
1492 1155 1751 1210 molestiae
1782 1172 1912 1210 vero

331 1249 562 1304 prorsus
595 1238 778 1303 nullae,
809 1249 1004 1310 atquae
1028 1249 1150 1310 post
1174 1244 1432 1298 violatum
1466 1245 1557 1301 Dei
1595 1249 1909 1302 mandatum

335 1329 549 1384 tandem
582 1340 759 1386 enata:
789 1334 922 1388 sint.
963 1334 1262 1404 Major-ibus
1293 1354 1422 1407 ergo
1444 1340 1654 1395 deliciis
1684 1358 1748 1396 ex
1787 1343 1911 1398 cibo

327 1429 573 1491 potaque
622 1425 732 1478 illic
775 1426 952 1481 affecti
1000 1427 1272 1495 fuissent,
1309 1446 1474 1500 quam
1505 1435 1707 1502 quibus
1751 1435 1913 1490 hodie

329 1517 599 1569 mortales
630 1516 1036 1574 demulcentnr.

876 1611 1106 1668 CAPUT
1158 1614 1374 1670 XXVII.
1457 1667 1469 1674 .

408 1701 485 1753 De
529 1710 765 1769 serpente
797 1703 886 1771 qui
939 1703 1106 1757 Evam
1143 1707 1362 1760 adortus
1398 1707 1692 1776 decepit.—
1742 1711 1907 1764 Porro

2019 509 2320 578 Spiritalem
2381 523 2530 573 vero,
2581 507 2627 561 si
2693 522 2914 561 sensum
2976 518 3196 558 onmem
3249 501 3595 571 t'ffJgicnlettt

2021 601 2279 655 Satanam
2313 601 2407 670 qui
2445 601 2586 654 intra
2641 600 2793 653 illum
2829 598 3028 652 latebat
3079 605 3242 665 atque
3278 596 3401 648 inde
3436 601 3596 651 verba

2019 691 2810 746 faciebatconsideres.Altera
2849 689 3079 758 quaestio
3131 697 3235 740 est.
3274 686 3350 738 Ex
3387 703 3603 755 gruere-

2020 801 2086 838 ne
2120 785 2416 853 reptilium,
2442 800 2508 837 an
2537 800 2667 837 vero
2701 792 3023 836 camerarum
3054 779 3414 832 animamtium
3443 778 3602 833 fuerit

2019 874 2106 926 ille
2138 889 2384 942 serpens,
2412 873 2463 925 in
2488 888 2648 941 quem
2692 853 2751 926 se
2776 872 3030 925 Satanam
3083 869 3409 932 insinuasse,
3439 878 3603 936 atque

2018 964 2089 1018 ita
2123 979 2246 1018 cum
2278 964 2510 1017 muliere
2534 947 2864 1018 collocutum
2891 963 3174 1016 diximus?
3207 963 3602 1018 Existimamns

2017 1072 2143 1111 vero
2183 1073 2246 1110 ex
2293 1056 2594 1109 bestiarum
2629 1072 2735 1109 non
2783 1057 3087 1123 repentium
3139 1072 3368 1111 numero
3400 1057 3596 1120 fuisse,

2017 1149 2179 1217 idque
2213 1147 2296 1202 his
2331 1148 2480 1201 ducti
2506 1151 2864 1218 argumentis.
2884 1147 3067 1202 Primo
3084 1149 3261 1204 Muses
3277 1152 3350 1204 ait
3376 1166 3602 1218 serpen-

2017 1249 2122 1292 tem
2178 1241 2347 1294 fuisse
2377 1240 2696 1294 astutiorem
2730 1241 2986 1293 omnibus
3015 1242 3238 1306 bestiis;
3280 1258 3384 1295 non
3413 1253 3596 1296 autem

2014 1329 2172 1399 dixit,
2209 1329 2466 1383 omnibus
2495 1329 2804 1396 reptilibus.
2849 1331 2913 1380 Et
2960 1331 3121 1398 paulo
3152 1339 3272 1399 post
3311 1333 3424 1398 ipse
3459 1331 3600 1386 Dens

2017 1421 2080 1474 ad
2109 1430 2416 1488 serpentem
2441 1419 2602 1472 verba
2629 1435 2822 1474 rursus
2845 1421 3063 1474 faciens
3097 1439 3107 1474 :
3151 1421 3467 1474 Maledictus
3492 1422 3599 1492 (in-

2013 1514 2150 1583 quit)
2181 1530 2291 1583 pra:
2319 1514 2460 1565 omni
2494 1513 2657 1564 bestia
2707 1513 2845 1580 agri.
2879 1524 2925 1565 et
2955 1529 3065 1582 prce
3087 1515 3229 1566 omni
3255 1515 3513 1574 animali,
3549 1523 3599 1566 ct

2013 1622 2122 1673 pra:
2151 1604 2394 1659 omnibus
2431 1605 2728 1671 reptatibus,
2761 1605 2968 1657 dictum
3021 1621 3129 1658 non
3167 1617 3269 1665 est,
3328 1607 3405 1658 Ad
3462 1608 3596 1670 hoc,

2015 1701 2255 1752 Adamns
2316 1701 2366 1752 in
2432 1700 2550 1766 ipso
2587 1697 2741 1749 initio
2795 1698 3016 1750 nomina
3067 1698 3257 1750 bestiis
3291 1698 3597 1768 avibusque

331 1791 400 1844 de
435 1801 687 1858 serpente
725 1795 804 1847 sic
839 1795 1054 1849 locutus
1105 1808 1188 1852 est
1234 1802 1392 1853 unus
1446 1800 1621 1855 Moses
1655 1821 1669 1856 τ
1704 1803 1772 1856 [ξι
1803 1820 1914 1857 ser-
1949 1779 1985 1833 Β
2019 1791 2318 1854 indiderat,
2355 1799 2410 1842 ut
2443 1797 2672 1841 testatur
2724 1786 3032 1856 Scriptura,
3063 1805 3170 1842 non
3200 1791 3358 1841 etiam
3395 1791 3598 1857 reptili-

328 1896 456 1950 pens
488 1883 741 1936 callidior
773 1895 886 1939 erat
933 1887 1170 1943 omnibus
1206 1893 1565 1946 animantibus
1613 1896 1748 1962 agri,
1795 1911 1914 1964 quae

327 1975 638 2030 condiderat
670 1977 926 2032 Dominus
950 1980 1128 2048 Deus;
1151 1985 1392 2054 dixitque
1414 2003 1624 2053 serpens
1653 1990 1864 2042 mulieri
1893 2006 1912 2043 :

343 2054 470 2119 f’ere
521 2069 656 2122 dixit
712 2071 870 2135 Deus,
917 2090 980 2128 ne
1019 2079 1353 2130 vesceremini
1389 2080 1452 2131 de
1485 2081 1723 2135 omnibus
1753 2099 1913 2149 para-

329 2156 522 2210 disi".
560 2159 672 2232 rllic
728 2163 913 2218 det-em
971 2166 1128 2222 nobis
1167 2171 1530 2237 expendendae
1573 2183 1733 2242 atque
1784 2190 1912 2228 exa-

332 2254 602 2306 minandae
626 2257 959 2322 quaestiones
1008 2273 1578 2331 occurrunt,_quarnm
1617 2266 1791 2333 prima
1829 2278 1912 2323 est

331 2341 567 2398 fueritne
621 2361 944 2417 corporatus
995 2368 1218 2421 serpens
1275 2356 1346 2407 ita
1403 2365 1461 2409 ut
1524 2359 1699 2414 oculis
1765 2369 1912 2414 esset

333 2437 680 2502 aspectabilis
701 2440 793 2508 qui
825 2455 948 2494 cum
990 2443 1212 2498 muliere
1237 2445 1667 2514 colloquehatur,
1689 2465 1756 2504 an
1786 2467 1910 2505 vero

335 2526 502 2580 Satan
555 2533 828 2599 corporali
880 2537 1149 2602 serpentis
1192 2539 1430 2606 Speciem
1466 2555 1578 2608 prae
1611 2557 1669 2595 se
1707 2542 1908 2608 ferens,

331 2617 478 2671 illam
516 2623 588 2673 sit
617 2620 845 2688 affatus;
867 2639 935 2676 an
966 2626 1203 2695 denique
1231 2630 1392 2682 Satan
1426 2630 1563 2684 intra
1602 2643 1908 2702 serpentem

333 2708 533 2773 latens,
566 2714 724 2766 verba
763 2713 849 2767 illa
882 2716 948 2770 ad
993 2719 1274 2772 mulierem
1316 2719 1524 2776 fecerit.
1557 2724 1700 2778 Sane
1739 2727 1914 2782 donti-

334 2815 438 2853 nus
473 2799 723 2871 Eplrraem
759 2806 994 2875 quodam
1042 2823 1144 2861 suo
1179 2813 1574 2867 connuentario
1599 2815 1676 2867 ait
1706 2833 1908 2886 corpo—

333 2899 511 2944 ratum
545 2904 847 2963 serpentem
869 2895 1057 2960 fuisse,
1079 2898 1170 2966 qui
1191 2901 1474 2954 mulierem
1497 2904 1769 2960 allocutus
1794 2915 1908 2961 est:

334 2976 597 3034 Satanam
621 2983 762 3035 enim
788 2998 818 3035 a
848 2983 955 3037 Deo
977 2986 1254 3052 petivisse,
1277 2997 1332 3040 ut
1354 2991 1590 3056 serpenti
1642 2997 1912 3049 sermonis

333 3068 647 3123 facultatem
707 3074 1028 3127 concederet
1099 3077 1165 3129 ad
1224 3079 1545 3133 tentandum
1598 3083 1908 3151 Adamum;

331 3161 479 3214 sicut
512 3176 645 3232 opes
667 3160 786 3217 Jubi
824 3181 1042 3235 quoque
1067 3169 1166 3221 sibi
1193 3172 1427 3236 permitti
1459 3175 1774 3240 postulavit,
1799 3141 1908 3246 quo
1938 3141 1983 3200 α

331 3254 401 3307 de
439 3255 558 3321 ejus
595 3257 853 3325 patientia
883 3257 1087 3312 faceret
1114 3265 1437 3328 periculum.
1468 3264 1545 3319 Ex
1581 3283 1688 3335 quo
1719 3283 1912 3324 conse-

332 3347 542 3412 quitur,
578 3347 651 3401 ita
702 3350 774 3402 illi
824 3366 1091 3419 corporeo
1127 3356 1364 3421 serpenti
1415 3360 1686 3413 sermonis
1749 3376 1909 3416 usum

332 3433 508 3489 fuisse
558 3437 766 3502 datum,
819 3450 876 3494 ut
939 3442 1109 3497 asinae
1157 3442 1414 3512 Balaam;
1449 3448 1557 3501 imo
1613 3466 1741 3503 vero
1800 3467 1909 3506 non

335 3528 506 3580 solam
559 3531 946 3599 rlocutionen't,
991 3551 1176 3589 verum
1223 3539 1383 3590 etiam
1449 3541 1784 3596 intellectum
1835 3546 1910 3599 illi

332 3623 578 3688 serpenti
637 3624 865 3678 inditum
925 3627 1096 3682 fuisse
1150 3630 1384 3683 aflirtnat
1444 3630 1727 3700 Ephraem,
1786 3652 1908 3689 cum

337 3711 483 3766 Deus
518 3715 698 3780 ipsum
749 3727 804 3769 ut
835 3719 1228 3786 intelligentem
1270 3723 1341 3775 sit
1387 3722 1582 3778 affatus
1619 3727 1702 3780 bis
1737 3729 1908 3780 male-

335 3803 496 3856 dictis
534 3807 906 3876 perstringens
954 3828 965 3862 :
1019 3809 1292 3885 Pulverent
1323 3813 1476 3878 edes,
1513 3823 1562 3867 et
1607 3832 1764 3884 super
1790 3833 1910 3870 ven-

336 3903 471 3949 trem
494 3909 639 3950 tuum
663 3899 1040 3956 ambulabis".
1068 3903 1300 3972 Cyr-illus
1323 3920 1469 3969 vero,
1486 3908 1731 3961 oratione
1757 3911 1911 3963 tertia

337 3991 603 4046 adversus
632 3991 908 4047 Juliannm
939 3995 1245 4064 perfugam,
1271 3997 1348 4050 ait
1371 3999 1551 4066 ipsum
1574 3997 1831 4054 Satanam
1855 4017 1914 4057 se

335 4082 394 4137 in
439 4095 693 4152 serpente
736 4086 1178 4153 trausformasse,
1208 4098 1372 4158 atque
1405 4089 1479 4145 ita
1528 4107 1651 4144 eum
1688 4095 1914 4148 muliere

337 4177 667 4231 collocutum
712 4193 869 4243 esse;
917 4195 980 4232 ac
1035 4180 1263 4248 proinde
1316 4181 1491 4249 ipsum
1544 4197 1762 4250 queque
1811 4187 1911 4240 sub

338 4271 606 4337 serpentis
626 4286 854 4340 persona
884 4271 1083 4325 divinis
1105 4273 1406 4328 maledictis
1429 4289 1551 4328 esse
1574 4276 1910 4344 perculsum.

343 4358 632 4415 Existimat
685 4363 829 4416 enim
901 4362 1164 4435 Cyrillus,
1228 4365 1536 4426 alantionem,
1595 4383 1756 4436 posse
1815 4384 1912 4438 pro

2018 1883 2175 1937 bus:
2219 1897 2283 1936 ac
2334 1881 2563 1950 proinde
2624 1881 2731 1933 Eva
2788 1896 2816 1933 a
2874 1881 2991 1932 viro
3044 1881 3236 1934 educta
3297 1882 3592 1934 bestiarum

2016 1975 2236 2028 nomine
2264 1981 2593 2043 serpentem,
2624 1972 2768 2042 quod
2788 1988 2854 2026 ex
2882 1973 3178 2026 bestiarum
3204 1989 3400 2042 genere
3425 1984 3593 2037 esset,

2020 2065 2218 2133 Ifevio;
2267 2068 2371 2121 hoc
2418 2076 2524 2128 est,
2560 2057 2752 2120 bestia:
2796 2067 3019 2119 nomine
3069 2067 3406 2136 appellavit;
3444 2069 3590 2136 quod

2015 2176 2214 2214 nomen
2269 2161 2336 2214 ab
2390 2158 2597 2212 Adamo
2632 2160 2899 2212 didicerat
2953 2160 3181 2213 scilicet.
3246 2160 3372 2213 Erat
3429 2162 3590 2226 igitur

2014 2268 2240 2322 serpens
2289 2269 2352 2306 ex
2407 2247 2702 2306 bestiarum
2762 2267 2977 2321 genere,
3017 2268 3121 2304 non
3173 2262 3351 2303 autem
3401 2268 3591 2305 eorum

2015 2347 2374 2400 animantium
2413 2361 2533 2413 quae
2568 2344 2778 2414 reptilia
2833 2343 3109 2396 dicuntur.
3146 2341 3388 2407 Quaestio
3439 2345 3594 2395 tertia

2013 2445 2096 2491 est
2129 2457 2141 2490 :
2173 2440 2254 2489 An
2278 2438 2439 2505 pedes
2468 2436 2716 2488 habuerit
2740 2450 2996 2502 serpens;
3024 2444 3096 2495 et,
3119 2435 3161 2486 si
3188 2435 3375 2486 habuit
3399 2435 3592 2502 pedes;

2015 2529 2268 2597 bipesne,
2301 2544 2367 2580 an
2403 2545 2531 2581 vero
2563 2528 2876 2594 quadrupes
2914 2527 3074 2577 fuerit
3105 2525 3128 2577 ’ἶ
3154 2526 3232 2577 Ad
3267 2530 3403 2577 hanc
3444 2542 3594 2593 qua:-

2014 2622 2246 2676 slionetn
2311 2620 2727 2688 respondemus,
2784 2619 3192 2686 quadrupedem
3229 2616 3428 2683 fuisse,
3469 2633 3592 2669 cum

2013 2728 2076 2768 ex
2136 2711 2432 2766 bestiarum
2493 2725 2688 2776 genere
2730 2708 2900 2778 (Mose
2957 2715 3117 2775 teste)
3165 2707 3598 2775 ftterit;easque

2013 2805 2340 2866 animantes,
2403 2817 2540 2871 quas
2573 2801 2775 2854 bestias
2816 2799 3058 2854 solemus
3110 2814 3324 2861 vocare,
3356 2802 3635 2867 quadru-a

2013 2895 2176 2964 pedes
2237 2911 2357 2948 esse
2414 2896 2713 2948 videamus.
2770 2895 2832 2948 Et
2893 2908 3018 2946 vero
3067 2891 3320 2945 deminus
3347 2892 3593 2959 Ephrann

2013 2989 2140 3042 dum
2177 2987 2288 3040 haec
2333 2986 2386 3039 in
2439 2988 2552 3040 suis
2587 2985 3012 3039 Commentariis
3046 2983 3300 3051 explicat,
3328 2983 3468 3034 inter
3489 2982 3593 3034 alia

2017 3077 2091 3130 ait
2128 3095 2140 3130 a
2184 3078 2331 3130 ltaue
2389 3076 2639 3138 volebas,
2680 3085 2738 3128 ut
2789 3075 2962 3127 Adam
3025 3074 3298 3125 amitteret
3361 3071 3588 3140 gloriam

2015 3184 2207 3233 suam;
2240 3183 2461 3236 serpens
2515 3181 2640 3219 vero
2712 3182 2776 3218 ne
2829 3163 3059 3234 pedibus
3091 3164 3306 3230 quidem
3339 3163 3597 3215 multare-

2017 3261 2136 3314 tur?
2170 3259 2296 3312 Erat
2326 3275 2453 3325 ergo
2487 3259 2796 3327 quadrupes
2822 3257 3016 3325 anguis
3043 3272 3057 3306 :
3086 3255 3178 3307 sed
3206 3255 3331 3322 quia
3361 3254 3461 3306 fuit
3493 3253 3596 3305 Sa.

2018 3363 2155 3405 lanae
2193 3367 2484 3420 Ut‘gattttltt,
2520 3359 2572 3402 cf.
2629 3349 2848 3402 inhaesit
2899 3349 2998 3416 ipsi
3055 3346 3234 3398 divina
3267 3345 3593 3406 exsecratio,

2014 3461 2076 3497 ex
2108 3443 2280 3498 bestia
2338 3444 2516 3496 factus
2564 3450 2646 3496 est
2711 3442 2900 3510 rrptilc
2964 3438 3187 3499 animal,
3219 3449 3270 3490 et
3306 3453 3428 3490 cum
3467 3446 3595 3490 ante

2014 3537 2240 3606 pedibus
2257 3537 2582 3604 gradiretur,
2612 3535 2868 3602 deinceps
2891 3547 3060 3603 prono
3082 3542 3266 3584 ventre
3290 3531 3556 3598 prorepsit
3581 3548 3592 3582 :

2015 3629 2155 3681 sicut
2189 3638 2243 3682 et
2279 3628 2467 3692 Satan,
2509 3628 2634 3697 quia
2676 3628 3062 3697 praevaricatus
3089 3623 3282 3685 fuerat,
3312 3638 3375 3675 ex
3401 3623 3596 3691 angelo

2015 3732 2260 3776 evaserat
2297 3722 2660 3783 daemonium;
2702 3729 2753 3774 et
2782 3731 2837 3774 ut
2867 3735 3003 3772 uxor
3033 3717 3152 3779 Lot,
3177 3718 3301 3785 quiat
3337 3715 3599 3784 respexit,

2016 3828 2081 3865 ex
2120 3814 2341 3866 muliere
2373 3830 2493 3882 quae
2518 3823 2643 3866 ante
2679 3821 2822 3875 erat,
2866 3811 3249 3864 transformata
3278 3818 3356 3861 est
3393 3807 3445 3860 in
3477 3817 3594 3860 sta-

2017 3913 2164 3957 tuam
2212 3905 2364 3957 salis.
2398 3905 2600 3969 Quarta
2645 3903 2876 3971 qu.es:io
2902 3913 3004 3963 est,
3043 3902 3086 3955 si
3123 3902 3354 3955 Satanas
3393 3903 3443 3954 in
3500 3917 3598 3954 an-

2016 4012 2173 4064 guem
2196 4011 2253 4048 se
2287 3993 2603 4056 insinuavit,
2634 4003 2797 4060 atque
2820 4007 2881 4045 ex
2907 4007 2971 4044 eo
2998 3993 3109 4060 ipse
3141 3994 3205 4043 aal
3239 3992 3402 4043 Evam
3436 3991 3596 4045 verba

2018 4087 2174 4153 fecit;
2229 4102 2326 4141 cur
2380 4085 2428 4137 id
2484 4100 2512 4137 a
2570 4084 2716 4136 Mose
2751 4083 3012 4150 scriptum
3053 4098 3157 4133 non
3183 4081 3394 4143 sit,sed
3427 4083 3596 4135 solius

2014 4179 2204 4249 tinguis
2226 4176 2364 4230 facta
2390 4177 2610 4229 mentio.
2635 4174 2732 4227 llic
2752 4173 3171 4240 respondemus:
3193 4170 3390 4224 llosem
3413 4174 3484 4224 rci
3507 4188 3599 4239 ge-

2015 4283 2112 4326 stae
2135 4272 2474 4338 scriptorem,
2516 4285 2621 4322 non
2660 4268 3005 4335 interpretem
3032 4266 3208 4333 egisse
3245 4280 3257 4316 :
3283 4279 3345 4315 ac
3371 4264 3598 4331 proinde

2016 4363 2194 4433 qualis
2237 4377 2463 4432 quaeque
2516 4377 2600 4414 res
2647 4360 2756 4412 visa
2788 4371 2891 4420 est,
2913 4355 3075 4409 talem
3110 4357 3176 4408 ab
3203 4355 3319 4423 ipso
3353 4371 3472 4407 esse
3502 4355 3596 4408 de-

349 4451 576 4507 arbitrio
625 4467 721 4507 aut
770 4455 1038 4525 serpentis
1089 4467 1182 4511 aut
1217 4459 1356 4513 alius
1388 4460 1643 4514 animalis
1673 4463 1910 4532 speciem
1950 4493 1993 4546 ο
2022 4455 2303 4524 scriptam,
2339 4471 2444 4505 non
2484 4454 2611 4506 item
2637 4451 2966 4519 explicatum
2998 4448 3088 4515 qui
3118 4463 3175 4500 se
3204 4460 3390 4500 revera
3430 4446 3598 4499 habe-

343 4561 507 4614 quam
547 4548 773 4602 voluerit
802 4565 1036 4602 sumere.
1082 4549 1151 4604 At
1199 4551 1455 4607 dominus
1489 4551 1722 4610 lacubus
1754 4555 1917 4609 Satu-

345 4640 551 4707 gensis,
603 4643 1001 4695 commentario
1055 4658 1156 4697 suo
1199 4643 1265 4698 de
1300 4645 1454 4712 pulso
1506 4645 1716 4700 Adamo
1762 4658 1914 4700 extra

339 4735 682 4802 paradisum,
725 4734 876 4800 dicit,
920 4736 1177 4790 Satanam
1210 4754 1269 4790 se
1301 4738 1704 4806 incorporatum
1750 4725 1915 4810 atque

335 4826 726 4894 aspectabilem
773 4841 1006 4895 anguem
1039 4827 1372 4894 insinuasse,
1397 4835 1451 4880 et
1483 4827 1607 4890 inde
1635 4844 1758 4883 cum
1789 4845 1912 4882 tnu-

339 4918 478 4972 liere
553 4933 676 4973 esse
747 4919 1080 4974 collocutum
1141 4941 1154 4975 :
1215 4937 1379 4991 quam
1432 4923 1747 4991 Opinionem
1815 4938 1916 4976 nos

339 5010 509 5066 etiam
588 5012 958 5081 approbamus
1039 5023 1203 5082 atque
1286 5017 1691 5083 amplectimur.
1770 5013 1919 5068 llanc

335 5103 487 5158 enim
549 5118 732 5157 verant
781 5118 904 5159 esse
951 5104 1034 5158 vel
1090 5104 1142 5158 id
1196 5107 1398 5175 arguit,
1443 5108 1588 5176 quod
1634 5107 1920 5178 paradisus

341 5199 540 5269 duplex
574 5209 723 5266 erat;
753 5214 1050 5268 corporeus
1096 5211 1146 5254 et
1186 5200 1470 5267 spiritalis,
1514 5211 1571 5254 ut
1596 5200 1807 5270 magnis
1836 5215 1923 5254 ra-

346 5292 588 5346 tionibus
627 5301 712 5346 est
759 5307 788 5345 a
845 5292 1004 5346 nobis
1052 5292 1485 5346 demonstratum
1523 5311 1534 5346 :
1569 5292 1742 5346 Adam
1789 5292 1918 5346 item

342 5381 564 5452 Evaque
594 5384 829 5452 duplicis
857 5393 907 5438 et
935 5387 1253 5453 compositae
1289 5386 1439 5440 fuere
1466 5394 1694 5447 naturae,
1722 5386 1921 5454 quippe

339 5475 432 5543 qui
476 5489 542 5527 es
578 5489 806 5544 corpore
831 5483 1146 5529 constarent
1179 5484 1232 5529 ct
1262 5477 1471 5541 anima;
1505 5491 1675 5545 quare
1701 5490 1921 5544 serpen-

340 5577 449 5620 tem
509 5583 731 5637 quoque
780 5566 1053 5638 duplicem
1100 5567 1273 5624 fuisse
1311 5568 1736 5631 existimandum
1781 5578 1914 5623 est:

1460 5748 1502 5778 “°
1536 5746 1576 5800 ll
1611 5746 1738 5802 Cur.
1773 5761 1833 5814 ιι,
1863 5747 1917 5803 5.

416 5747 462 5782 ⁸³
483 5751 620 5807 Gen.
661 5766 745 5820 ιιι,
778 5750 829 5804 ι.
905 5751 948 5782 δ’
983 5748 1120 5805 Gen.
1176 5762 1251 5816 nt,
1297 5747 1382 5802 li.

2025 4553 2124 4598 ret.
2148 4542 2258 4597 Eia
2285 4553 2463 4597 autem
2487 4552 2792 4609 serpentem
2823 4539 3056 4604 videbat,
3081 4547 3387 4606 serpentem
3412 4553 3596 4592 secum

2023 4637 2335 4706 loquentem
2396 4635 2649 4688 audiebat
2679 4648 2693 4686 :
2734 4633 2835 4687 hoc
2886 4633 3048 4701 igitur
3081 4633 3258 4700 ipsum
3293 4628 3469 4684 Moses
3498 4644 3599 4682 suo

2026 4729 2228 4798 scripto
2293 4726 2568 4798 prodidit,
2618 4725 3082 4795 quemadmodum
3146 4723 3273 4776 alibi
3324 4732 3432 4777 tres
3483 4721 3601 4776 illos

2025 4840 2164 4894 quos
2196 4822 2794 4882 videbatAbrahamus,
2831 4818 2979 4872 viros
3011 4815 3320 4887 appellavit,
3354 4831 3475 4868 cum
3502 4813 3599 4866 viri

2029 4933 2134 4970 non
2185 4923 2385 4969 essent.
2419 4911 2499 4964 Ad
2568 4911 2691 4974 hoc,
2748 4909 2790 4964 si
2847 4909 3003 4963 divus
3067 4907 3288 4969 Paulus,
3331 4905 3421 4974 qui
3454 4913 3600 4958 tanto

2031 5008 2284 5078 temporis
2333 5006 2614 5059 intervallo
2656 5003 2856 5057 Mosetn
2915 5011 3137 5055 secutus
3187 5008 3306 5060 est,
3352 5012 3475 5050 cum
3515 5009 3600 5048 res

2023 5103 2136 5173 jam
2189 5111 2301 5170 tum
2358 5099 2642 5169 explicatae
2698 5102 2904 5160 essent,
2950 5093 3189 5163 serpenti
3242 5107 3348 5144 non
3385 5086 3600 5142 Satanae

2030 5193 2388 5262 imposluram
2422 5187 2689 5248 attribuit,
2722 5184 2973 5255 inquiens
3013 5201 3026 5238 a
3075 5181 3267 5236 Vereor
3313 5180 3450 5232 sicut
3491 5192 3598 5229 ser-

2022 5297 2148 5350 pens
2190 5282 2388 5351 decepit
2436 5278 2691 5344 Evam",
2733 5285 2862 5340 etc.,
2904 5289 3002 5331 cur
3029 5290 3134 5328 non
3170 5271 3362 5326 merito
3397 5267 3599 5328 Moses,

2025 5375 2116 5445 qui
2142 5385 2251 5428 tam
2279 5373 2464 5426 multis
2497 5370 2750 5426 aetatibus
2779 5367 3007 5423 Paulum
3038 5366 3334 5435 praecessit,
3357 5361 3599 5415 fraudein

2024 5466 2262 5539 serpenti
2311 5464 2628 5534 ascripsisse
2660 5460 2951 5517 videatur?
2989 5456 3287 5526 Scriptoris
3315 5455 3459 5508 enim
3497 5463 3600 5517 est,

2025 5579 2113 5621 res
2137 5571 2318 5634 gestas
2337 5575 2596 5625 narrare;
2623 5569 2677 5614 at
2697 5553 3007 5624 interpretis
3036 5564 3257 5616 munus,
3283 5565 3311 5603 a
3336 5546 3600 5618 scriptore
