4088 6208
390 2194 395 2199 ι
477 2166 568 2219 ille
600 2166 765 2235 gloria
804 2167 1028 2221 indutus
1058 2168 1398 2235 ve8titusqne

493 286 598 353 519

1786 284 2018 347 MOSIS
2060 286 2212 346 ΒΑΗ
2250 284 2499 345 CEPIIA

3676 286 3783 350 520

491 402 704 473 prodita
740 400 1009 471 explicare
1045 419 1056 453 :
1092 414 1156 455 ac
1205 397 1434 468 proinde
1469 395 1667 463 Moses,
1697 398 1789 465 qui
1838 397 2075 466 scriptor
2106 403 2149 458 Α
2182 413 2286 452 nus
2345 397 2609 451 obsecuta
2646 395 2839 450 fuisset
2873 394 3055 451 dictis.
3106 394 3297 467 Igitur,
3334 408 3391 452 ut
3440 413 3549 452 sum
3603 397 3782 454 fraudi

488 510 598 550 non
659 494 928 562 interpres
987 508 1108 546 esse
1176 492 1388 557 voluit,
1453 502 1597 545 recte
1657 491 1903 545 narravit
1962 506 2081 544 ser-

485 595 703 655 pentem
744 600 869 639 cum
905 583 1011 638 Eva
1036 584 1367 639 collocutum
1408 599 1550 648 esse,
1582 599 1689 638 non
1723 595 1904 639 autem
1939 585 2082 641 dixit

490 656 750 731 Sittanam
788 680 928 730 intra
958 688 1265 747 serpentem
1318 676 1490 732 fuisse
1525 678 1881 732 occultatum.
1919 676 2082 743 Qua:-

489 775 597 828 stio
628 773 820 843 quinta
850 783 954 836 est,
985 776 1344 842 quamobrem
1380 772 1610 827 Satanas
1648 771 1915 826 Adamum
1952 788 2075 827 cum

486 882 656 920 uxore
691 864 989 921 seduxerit.
1032 863 1144 921 Nos
1173 866 1553 919 existimamus
1613 880 1837 920 causam
1862 867 2079 921 Satanae

486 958 657 1014 fuisse
692 960 949 1014 invidiam
979 975 1087 1029 qua
1123 960 1246 1014 illos
1280 959 1755 1029 prosequebatur;
1788 975 1913 1013 nam
1952 974 2074 1012 cum

486 1052 577 1105 illc
634 1052 857 1107 sublimi
917 1067 1014 1106 sua
1077 1050 1343 1120 dignitate
1399 1052 1685 1120 gloriaque
1745 1052 2076 1118 excidisset,

485 1142 799 1211 videretque
834 1156 996 1212 porro
1024 1140 1292 1195 Adamum
1323 1156 1386 1195 ex
1416 1143 1529 1195 luto
1560 1142 1987 1209 conformatum,
2008 1143 2075 1197 ad

483 1238 777 1305 imaginem
816 1246 997 1290 tamen
1026 1235 1551 1305 sitnilitudinctnque
1575 1235 1665 1290 Dei
1700 1235 1903 1290 factum
1931 1253 2072 1303 esse,

483 1339 646 1399 atque
675 1331 921 1384 onmium
961 1344 1140 1382 rerum
1172 1345 1294 1399 qua:
1329 1330 1381 1381 in
1420 1329 1579 1384 terris
1610 1338 1794 1384 εδει-ιιι
1845 1330 2075 1399 imperio

481 1425 746 1493 potitum;
822 1406 1081 1493 prreterea
1164 1423 1478 1492 paradisum
1544 1424 1755 1478 deliciis
1817 1426 2072 1479 omnilms

482 1519 697 1587 plenum
745 1518 1099 1584 iucolcntem,
1143 1527 1311 1587 atque
1359 1518 1726 1585 angelicarum
1784 1520 2069 1587 c0piarum

480 1609 749 1663 fruentem
776 1610 1064 1674 societate,
1087 1626 1145 1664 se
1177 1626 1304 1664 vero
1327 1619 1516 1663 contra
1540 1611 1884 1665 deturbatum
1910 1622 2075 1681 atque

478 1702 773 1771 tlejcctum,
814 1704 1053 1756 maxima
1108 1712 1386 1772 permotus
1415 1705 1681 1757 adversus
1718 1704 1987 1759 Adamnm
2018 1714 2071 1758 et

2187 487 2343 543 locus
2404 498 2549 542 esset
2613 487 2905 558 verbisque
2962 488 3116 555 fides,
3170 489 3350 543 induit
3420 500 3780 560 corporatunt

2185 580 2318 635 illud
2356 596 2648 652 organum,
2680 591 3026 651 serpentem,
3055 596 3229 651 eoque
3262 582 3449 637 babitu
3488 583 3777 638 visendutn

2186 687 2246 728 se
2268 673 2539 729 exbibuit.
2575 673 2818 743 Septima
2851 674 3083 742 quaestio
3131 683 3236 739 est,
3271 689 3373 728 cur
3423 691 3534 744 pra:
3566 676 3781 732 caeteris

2186 763 2376 818 bestiis
2442 778 2675 833 anguem
2709 763 2811 819 sibi
2845 762 3080 819 Satanas
3106 763 3160 818 in
3195 780 3463 835 organum
3494 766 3780 837 delegerit.

2183 856 2360 925 Hujus
2406 856 2485 911 rei
2533 871 2730 911 causas
2769 856 2971 910 multas
2996 871 3119 911 esse
3148 856 3383 911 dicimus
3420 854 3605 911 Primo
3636 858 3783 913 enim

2183 950 2395 1003 nullum
2442 958 2563 1003 erat
2596 964 2774 1019 angue
2820 949 3021 1004 animal
3052 950 3119 1005 ad
3178 948 3483 1005 fallendum
3512 952 3784 1017 astutius;

2179 1040 2233 1093 id
2268 1042 2413 1110 quod
2450 1041 2607 1096 divus
2641 1041 2817 1098 Moses
2849 1059 3071 1113 quoque
3101 1043 3185 1098 bis
3214 1043 3397 1099 verbis
3444 1044 3730 1116 significat
3764 1063 3781 1100 :

2185 1130 2254 1183 Et
2305 1148 2515 1199 serpens
2553 1142 2668 1186 erat
2718 1133 2968 1187 callidior
2997 1136 3140 1187 omni
3186 1135 3356 1189 bestia
3390 1138 3530 1204 agri.
3562 1134 3699 1190 Nam
3729 1144 3787 1193 et

2188 1227 2553 1279 animantium
2617 1227 2721 1279 alia
2785 1226 3001 1281 vafritie
3056 1227 3352 1293 excellunt,
3425 1236 3482 1282 ut
3543 1230 3775 1299 vulpes;

2187 1322 2316 1386 alia,
2346 1322 2464 1374 rudi
2520 1321 2871 1389 simplicitate
2922 1331 3073 1384 sunt,
3106 1331 3165 1374 ut
3196 1336 3354 1375 oves.
3394 1320 3597 1377 Deinde
3649 1337 3777 1378 cum

2181 1413 2379 1481 anguis
2440 1410 2628 1464 letbali
2688 1424 2901 1463 veneno
2943 1409 3160 1479 plenum
3208 1409 3449 1471 animal,
3485 1419 3783 1465 consenta-

2180 1518 2342 1557 neum
2385 1512 2529 1566 erat,
2565 1513 2622 1557 ut
2672 1503 2753 1557 vel
2807 1514 3028 1572 propter
3080 1513 3288 1557 naturae
3335 1504 3780 1570 congruentiam,

2180 1595 2525 1650 mortiferum
2590 1611 2753 1649 suum
2815 1594 3055 1648 toxicum
3120 1593 3507 1648 commisceret
3545 1593 3782 1650 Satanas

2176 1704 2302 1743 eum
2340 1689 2611 1757 serpentis
2642 1702 2874 1742 veneno.
2905 1687 3118 1749 Tertio,
3180 1695 3239 1739 ut
3291 1685 3431 1739 idem
3463 1688 3780 1741 usuveniret

479 1796 647 1850 Evam
681 1797 907 1859 invidia,
944 1798 1091 1865 ipsos
1116 1796 1358 1849 seduxit.
1383 1793 1651 1848 Nimirum
1682 1796 2065 1865 hujuscemodi
2099 1788 2139 1840 Β
2173 1776 2389 1833 suam“
2434 1779 2580 1846 (μιοά
2644 1778 2756 1831 “"0
2811 1777 2886 1830 iui
2922 1777 3150 1847 ρτοάίεο
3181 1792 3194 1829 ³
3236 1776 3282 1830 is
3314 1778 3459 1831 enim
3488 1786 3777 1846 l’OSlquam

477 1890 907 1958 cogitationibus
960 1888 1267 1957 exagitatus
1317 1898 1401 1941 est
1437 1906 1451 1941 :
1489 1889 1601 1958 Ego
1665 1889 1759 1959 qui
1812 1888 2071 1957 spiritalis

477 2000 622 2048 smn,
659 1983 884 2046 exsule;
926 1992 981 2037 at
1014 1982 1184 2035 Adam
1217 1983 1309 2051 qui
1342 1997 1639 2051 corporeus
1678 1992 1781 2047 est,
1818 1984 1962 2038 intro
1988 1994 2072 2038 est

479 2085 731 2143 receptus
767 2094 780 2129 :
816 2092 917 2144 ego
967 2073 1289 2144 proﬂigatus
1322 2079 1582 2147 omnique
1611 2077 1782 2143 gloria
1832 2087 2066 2141 exutus;

1434 2183 1575 2237 :rgo
1607 2168 1658 2221 in
1707 2169 1848 2230 imo,
1892 2168 1980 2221 ille
2017 2169 2067 2220 in

475 2276 693 2313 summo
720 2279 731 2311 ε
760 2260 1016 2329 eguapud
1044 2261 1266 2325 bestias,
1295 2261 1379 2312 illc
1410 2262 1549 2329 apud
1581 2260 1804 2331 angelos
1838 2278 1851 2314 :
1884 2274 1985 2327 ego
2015 2259 2067 2312 in

473 2361 628 2406 vasta
682 2350 997 2417 solitudine,
1049 2352 1137 2405 ille
1194 2354 1339 2405 inter
1374 2352 1780 2407 amantissimas
1827 2352 2069 2423 paradisi

472 2445 699 2498 arbores
729 2456 1002 2500 versatur.
1034 2442 1443 2513 llnjuscetnodi,
1480 2444 1729 2514 inquam,
1773 2445 2070 2515 cogitatio-

475 2551 575 2591 nes
636 2534 704 2590 ad
764 2536 1182 2605 prosequendos
1238 2535 1361 2590 illos
1410 2536 1612 2591 invidia
1687 2535 2069 2606 fallendosque

475 2630 656 2699 ipsum
692 2628 1030 2699 impulerunt
1067 2645 1080 2683 :
1113 2630 1314 2700 quippe
1355 2630 1696 2699 intelligebat
1724 2646 1789 2685 ex
1822 2645 1889 2685 eo
1918 2631 2065 2702 quod

473 2721 576 2775 sibi
610 2722 909 2788 acciderat,
940 2721 986 2776 si
1020 2722 1483 2792 peccaretAdam,
1507 2723 1753 2779 futurum
1788 2734 1848 2779 ut
1883 2734 2069 2780 rueret

472 2815 618 2868 sicut
690 2814 806 2883 ipse
860 2815 1011 2883 prior
1083 2816 1606 2886 cecideratzatque
1667 2833 1731 2872 ex
1807 2828 2064 2888 peccato,

471 2905 668 2959 borum
719 2906 879 2975 plane
927 2906 1158 2961 alterum
1210 2908 1418 2962 Adamo
1465 2920 1793 2963 eventurum
1826 2926 1970 2977 esse,
2006 2920 2067 2966 ut

471 2996 554 3050 vel
582 3004 909 3055 moreretur.
945 3012 1043 3066 pro
1077 2998 1185 3054 lata
1216 2998 1329 3069 jant
1360 3012 1488 3054 ante
1513 3002 1806 3065 sententia,
1842 3002 1959 3070 Quo
1981 3004 2067 3057 die

471 3090 755 3142 comederis
810 3090 873 3141 de
934 3090 1061 3155 illa,
1117 3104 1341 3146 mortem
1391 3103 1637 3163 appetes;
1672 3096 1755 3149 vel
1806 3098 2063 3164 paradiso

469 3177 860 3247 expelleretur,
892 3188 1055 3249 atque
1104 3180 1300 3235 deinde
1330 3182 1517 3236 sobole
1558 3193 1840 3248 procreata
1872 3185 2062 3239 multi-

469 3271 765 3341 plicaretur
808 3274 1109 3328 secundum
1161 3274 1392 3330 faustam
1429 3276 1575 3329 illam
1609 3280 2062 3347 apprccationem

470 3382 575 3437 qua
597 3367 742 3424 Deus
761 3367 826 3422 ad
850 3369 973 3424 illos
994 3384 1127 3422 usus
1152 3368 1401 3422 dixerat:
1424 3368 1655 3423 Crescite
1671 3379 1716 3423 et
1737 3370 2065 3441 multiplica-

469 3463 642 3529 mini;
676 3465 782 3515 boc
825 3476 953 3515 vero
986 3462 1032 3515 si
1063 3460 1136 3514 illi
1169 3463 1528 3528 centingcret,
1563 3470 1673 3514 tum
1709 3462 1824 3516 fore
1866 3472 1925 3518 ιιι
1952 3465 2067 3534 ipse

469 3555 603 3609 etin
629 3555 779 3608 illum
805 3556 1073 3622 ipsum,et
1096 3555 1146 3605 in
1174 3553 1320 3607 illius
1346 3569 1561 3608 onmem
1583 3555 2068 3623 posteritatemim-

466 3646 681 3715 perium
716 3655 1016 3703 exerceret.
1037 3644 1204 3716 Igitur
1228 3646 1293 3700 ad
1315 3646 1465 3700 illum
1501 3646 1795 3701 fallendum
1824 3649 2067 3719 percitus

469 3745 555 3791 est
584 3752 732 3790 mera
759 3736 985 3792 invidizr.
1022 3736 1183 3792 Sexta
1219 3739 1449 3807 quaestio
1480 3748 1585 3803 est,
1620 3756 1720 3794 cur
1749 3756 1859 3795 non
1896 3756 2063 3813 appa-

468 3831 641 3884 ruerit
687 3828 851 3883 Satau
882 3830 1072 3898 primis
1119 3831 1441 3901 parentibus
1476 3832 1713 3886 ltumana
1746 3835 1951 3904 specie,
1979 3834 2063 3889 vel

468 3924 649 3978 divina
686 3924 857 3993 (quali
894 3923 1373 3995 Dominns_noster
1413 3926 1464 3979 in
1522 3930 1750 3997 monte),
1777 3939 1870 3981 aut
1894 3928 2064 3997 figura

469 4016 741 4085 majorum
800 4015 1125 4083 bestiarum,
1163 4017 1353 4087 quales
1392 4028 1522 4073 sttnt
1552 4020 1771 4084 cameli,
1800 4021 2064 4088 elephan-

470 4113 573 4169 tes,
602 4114 654 4158 et
684 4105 868 4174 ejusce
910 4107 1130 4174 generis
1173 4106 1295 4158 alia:
1330 4123 1343 4159 :
1396 4116 1490 4159 aut
1542 4107 1780 4177 denique
1827 4123 1926 4162 cur
1955 4125 2062 4163 non

468 4213 569 4252 suo
600 4199 772 4268 ipsius
804 4200 1027 4266 preprio
1057 4210 1222 4269 atque
1254 4200 1437 4253 nativo
1475 4199 1686 4265 babitu,
1726 4199 1821 4255 sed
1851 4216 2063 4269 organo

468 4302 607 4356 Opus
668 4288 945 4342 habuerit.
997 4287 1138 4342 Sane
1173 4288 1412 4341 bumana
1443 4290 1625 4358 specie
1650 4304 1756 4342 non
1789 4292 2059 4360 apparuit,

416 4438 419 4441 λ
470 4379 618 4449 quod
673 4383 838 4435 sciret
883 4381 1050 4433 Evam
1086 4397 1194 4434 non
1242 4380 1494 4450 ignorare
1555 4381 1743 4448 alium,
1779 4393 1976 4451 prastcr
2004 4397 2062 4437 se

469 4482 746 4535 suumque
801 4470 1056 4521 maritum
1118 4468 1393 4523 hominem
1429 4469 1639 4523 nullum
1690 4486 1842 4537 esse;
1880 4487 2055 4542 neque
2089 4488 2130 4543 υ
2166 4465 2395 4534 quaestio
2450 4464 2762 4534 bujuSmOdi
2822 4475 2903 4520 est
2948 4484 2963 4520 :

472 4574 601 4614 vero
644 4558 785 4613 Deus
817 4560 918 4628 ipsi
950 4560 1302 4628 permittebat
1337 4572 1395 4614 ut
1428 4560 1706 4615 hominem
1742 4563 2051 4631 simularet,

469 4667 539 4706 ne
589 4651 793 4720 justam
836 4651 1058 4705 haberet
1109 4653 1218 4707 Eva
1251 4655 1457 4708 erroris
1491 4655 1575 4709 sui
1622 4654 2051 4722 excusationem,

469 4740 784 4809 conspicata
845 4739 1119 4794 hominem
1156 4740 1261 4795 sibi
1284 4741 1514 4796 similem
1547 4757 1577 4796 a
1601 4758 1711 4813 quo
1754 4742 2051 4798 falleretur.

469 4828 641 4884 Perro
689 4830 910 4897 divina,
945 4830 1029 4885 vel
1064 4831 1334 4901 majorum
1388 4832 1690 4889 bestiarum
1731 4834 1903 4905 figura
1944 4848 2051 4887 non

473 4928 747 4999 apparuit,
785 4930 931 4999 quod
986 4929 1070 4983 bae
1112 4931 1322 5000 species
1358 4932 1530 4986 nimio
1561 4941 1709 4986 metu
1744 4934 2060 4989 concussis-

469 5029 594 5078 sent
638 5022 1162 5092 perturbassentque
1224 5023 1529 5089 mulierem,
1566 5024 1765 5078 nedum
1811 5025 1879 5078 ad
1956 5041 2058 5080 au-

472 5114 820 5169 scultandum
880 5114 1062 5169 verbis
1090 5115 1207 5170 suis
1264 5115 1625 5169 induxissent.
1659 5115 1769 5170 Sua
1823 5116 2060 5188 denique

466 5206 643 5276 ipsius
691 5208 929 5260 naturali
979 5207 1160 5276 specie
1205 5223 1311 5261 non
1343 5216 1427 5261 est
1469 5207 1614 5261 illam
1646 5207 1897 5273 adortus,
1928 5211 2065 5279 quia

470 5299 647 5366 magis
701 5300 863 5353 etiam
933 5307 1277 5355 consternata
1317 5298 1435 5368 ipsa
1483 5297 1677 5355 fuisset
1725 5301 1768 5355 si
1802 5300 1922 5371 ejus
1956 5301 2050 5371 qui

468 5390 686 5445 videndi
723 5407 944 5447 sensum
994 5389 1200 5445 falleret
1236 5391 1396 5444 verba
1436 5390 1711 5457 audisset;
1744 5407 1915 5462 eoque
1956 5392 2062 5446 mi-

490 5563 532 5593 ⁶¹
566 5564 703 5618 Luc.
737 5582 829 5634 xv,
867 5567 926 5621 Η
963 5582 1120 5637 seqq.

469 5790 622 5847 bile.

2177 1887 2392 1927 sutmuo
2452 1872 2664 1925 bonore
2703 1869 3018 1933 excidisset,
3053 1870 3105 1923 in
3139 1884 3232 1923 eas
3254 1874 3507 1924 redactus
3532 1882 3615 1925 est
3646 1870 3777 1925 vita:

2178 1965 2429 2019 miserias
2476 1973 2535 2018 ut
2575 1978 2769 2033 porcos
2798 1977 3027 2032 pascere
3069 1977 3361 2033 cogeretur
3388 1964 3429 1994 ⁶¹
3475 1982 3488 2018 :
3528 1964 3609 2017 sic
3665 1965 3778 2018 sci-

2175 2058 2301 2112 licet
2355 2060 2522 2110 Satan
2560 2071 2625 2110 ex
2667 2070 2766 2109 sua
2801 2057 3059 2124 delapsus
3108 2056 3302 2125 gloria,
3348 2058 3400 2109 in
3433 2072 3774 2130 anguennse

2175 2148 2496 2202 insinuavit.
2536 2147 2774 2213 Quarto,
2815 2157 2874 2200 ut
2917 2162 3043 2199 cum
3076 2158 3218 2201 esset
3253 2146 3549 2217 aliquando
3578 2149 3775 2217 anguis

2174 2257 2337 2310 super
2368 2251 2609 2295 ventrem
2646 2256 2809 2295 suum
2844 2250 3235 2309 prorepturus;
3270 2240 3320 2295 id
3353 2244 3551 2308 ipsum,
3618 2242 3770 2296 bumi

2174 2349 2414 2402 serpere,
2455 2332 2770 2401 diaboliqui
2810 2332 2862 2385 in
2895 2348 3072 2403 angue
3105 2332 3361 2397 latuerat,
3394 2332 3553 2387 nobis
3579 2348 3768 2387 casum

2173 2427 2244 2481 ob
2275 2428 2468 2481 oculos
2500 2434 2747 2495 poneret.
2783 2425 3029 2495 Denique
3063 2424 3135 2479 ita
3169 2436 3365 2479 natura
3387 2435 3766 2495 comparatum

2174 2528 2260 2573 est
2318 2526 2631 2588 serpentum
2684 2533 2881 2588 genus,
2917 2526 2976 2571 ut
3033 2516 3248 2571 occulta
3307 2517 3558 2586 quaedam
3599 2517 3764 2573 veluti

2174 2610 2417 2666 fraterna
2474 2611 2674 2666 indolis
2733 2611 3064 2679 conjunctio
3116 2610 3217 2679 ipsi
3266 2626 3389 2664 cum
3424 2610 3767 2665 daemonibus

2173 2703 2476 2758 intercedat
2507 2702 2646 2773 (12),
2688 2704 2793 2757 etsi
2832 2716 2895 2756 ea
2955 2716 3057 2755 nos
3089 2702 3274 2755 lateat.
3302 2699 3502 2755 Octava
3534 2702 3766 2772 quaestio

2173 2803 2277 2860 est,
2305 2811 2404 2850 cur
2432 2795 2744 2865 permiserit
2769 2795 2915 2849 Deus
2934 2793 3151 2848 Satanae
3171 2804 3226 2847 et
3256 2796 3489 2864 serpenti
3519 2796 3575 2848 in
3597 2811 3765 2864 para-

2172 2889 2353 2944 disum
2418 2888 2647 2942 introire
2682 2905 2696 2940 :
2731 2890 2843 2941 imo
2886 2903 3017 2943 vero
3048 2888 3284 2953 Satanae,
3326 2888 3592 2941 Adamum
3626 2904 3759 2942 cum

2170 2990 2345 3038 uxore
2379 2981 2590 3036 fallere.
2632 2980 2713 3035 Ad
2752 2981 2894 3035 banc
2924 2981 3284 3049 qumstionem
3316 2982 3716 3051 respondemus
3741 3020 3759 3048 ,

2172 3076 2354 3128 varias
2396 3076 2470 3129 ob
2519 3089 2608 3129 res
2639 3075 2908 3144 permissa
2942 3074 3032 3128 illa
3070 3089 3216 3129 esse.
3284 3072 3541 3129 Permisit
3578 3077 3754 3137 enim.

2091 3133 2134 3191 Ο
2166 3171 2295 3225 dum
2354 3169 2572 3226 Satanae
2625 3171 2933 3226 libertatem
2988 3188 3093 3227 non
3147 3173 3426 3242 impedivit
3463 3173 3759 3243 quominus

2165 3271 2360 3331 suopte
2390 3261 2618 3317 arbitrio
2648 3272 2916 3327 uteretur,
2976 3262 3115 3316 sicut
3150 3278 3326 3333 neque
3356 3265 3539 3316 Uziam
3568 3264 3759 3333 probi-

2170 3355 2286 3408 buit
2343 3370 2373 3407 a
2411 3354 2776 3415 sanctissimis
2825 3355 3026 3425 adytis,
3050 3370 3118 3408 ne
3151 3370 3250 3424 pro
3304 3355 3578 3425 voluptate
3611 3357 3662 3410 in
3692 3370 3756 3411 ea

2166 3456 2512 3518 penetraret.
2542 3446 2809 3503 Praeterea
2860 3448 2987 3502 sivit
3034 3446 3176 3503 Dens
3236 3449 3324 3501 illa
3373 3450 3612 3515 evenire,
3644 3465 3759 3521 quo

2166 3539 2499 3604 ostenderet,
2534 3539 2997 3609 quemadmodum
3046 3539 3159 3595 fieri
3186 3540 3362 3609 pomit
3391 3550 3449 3594 ut
3482 3541 3753 3596 Adamnan

2166 3629 2251 3683 sui
2299 3629 2591 3700 imaginem
2638 3630 3167 3700 similitudinemque
3195 3631 3262 3685 de
3294 3640 3437 3687 terra
3479 3633 3753 3692 aboleret:

2167 3720 2240 3773 ita
2284 3735 2478 3776 rursus
2532 3735 2591 3774 se
2646 3720 2774 3775 buic
2820 3720 2922 3790 ipsi
2978 3722 3293 3790 permisisse
3336 3732 3392 3778 ut
3442 3734 3632 3792 posset
3659 3728 3759 3794 per

2167 3816 2482 3886 superbiam
2512 3826 2675 3888 atque
2702 3815 2899 3871 fastum
2936 3815 3193 3874 aﬂ‘ectare
3228 3817 3469 3872 divinam
3499 3819 3759 3889 majesta-

2168 3921 2298 3965 tem.
2345 3911 2575 3981 Insuper
2624 3920 2682 3965 ut
2729 3927 2796 3966 ne
2853 3910 2990 3964 nihil
3042 3920 3191 3966 esset
3248 3927 3372 3966 cum
3419 3928 3528 3982 quo
3554 3912 3750 3967 Adami

2168 4003 2390 4057 libertas
2423 4003 2633 4058 arbitrii
2664 4015 2850 4074 posset
2886 4004 3171 4058 decertare
3204 4004 3480 4075 :denique
3516 4014 3571 4059 ut
3604 4006 3753 4074 peri-

2167 4097 2350 4148 culum
2385 4095 2537 4149 fieret
2570 4096 2636 4148 de
2658 4096 2870 4148 Adamn
2905 4095 3280 4150 obscrvansne
3308 4096 3549 4149 mandati
3579 4095 3752 4150 divini

2168 4198 2338 4254 esset,
2377 4202 2443 4241 an
2478 4188 2727 4242 minime.
2790 4187 2959 4243 Erant
3010 4190 3175 4259 igitur
3227 4205 3353 4244 cum
3400 4191 3563 4245 arbor
3608 4190 3749 4259 ipsa,

2165 4288 2279 4334 tum
2338 4278 2573 4333 Satanas
2607 4291 2770 4349 atque
2805 4296 3029 4349 serpens
3060 4280 3123 4334 ad
3177 4282 3568 4351 explorandam
3623 4283 3757 4336 Adae

2165 4372 2376 4425 arbitrii
2409 4371 2717 4425 libertatem
2749 4374 3164 4427 accommodata
3194 4372 3755 4429 iustt'umcnta.Nona

3019 4464 3131 4521 Cur
3185 4468 3349 4535 angui
3409 4466 3757 4522 maledixerit

2163 4557 2326 4621 Deus,
2380 4556 2473 4627 qui
2529 4557 2741 4611 nullum
2801 4558 2983 4613 scelus
3040 4568 3303 4628 patrarat,
3353 4557 3570 4613 Satanae
3618 4575 3756 4614 vero

2160 4649 2349 4720 ﬂagitii
2396 4665 2488 4705 reo
2536 4652 2811 4720 noxioqne
2858 4650 2995 4704 nihil
3056 4650 3185 4704 mali
3235 4651 3572 4720 imprecatus
3625 4651 3752 4707 sit?

2163 4760 2341 4813 neque
2361 4744 2504 4799 enim
2530 4743 2704 4799 libero
2723 4744 2978 4799 utebatur
3000 4744 3195 4812 anguis
3219 4743 3470 4809 arbitrio,
3496 4752 3550 4796 ut
3567 4729 3756 4813 posset

2162 4852 2222 4892 se
2254 4834 2471 4891 Satanae
2516 4852 2614 4905 pro
2659 4837 3027 4891 instrumento
3069 4851 3174 4889 non
3210 4844 3490 4905 praestare.
3523 4836 3603 4891 Ad
3636 4837 3753 4891 haec

2162 4928 2398 4984 dicimus
2462 4929 2787 4986 detestatum
2845 4944 2965 4984 esse
3016 4942 3249 4998 anguem
3312 4936 3372 4983 ut
3423 4929 3525 4983 boc
3569 4929 3745 4999 ipsum

2163 5021 2385 5077 Satanas
2433 5023 2720 5078 molestum
2783 5023 3076 5086 accideret,
3110 5022 3203 5093 qui
3247 5021 3346 5076 illo
3376 5022 3634 5077 utebatur
3667 5024 3753 5075 in-

2164 5125 2504 5182 strumento;
2542 5114 2710 5169 veluti
2757 5114 2805 5169 si
2854 5115 2980 5185 quis
3015 5115 3289 5169 musicum
3322 5113 3752 5169 instrumentum

2164 5205 2496 5276 confringat,
2528 5222 2637 5277 quo
2668 5222 2794 5261 eutn
2836 5208 2929 5278 qui
2963 5207 3056 5262 illo
3121 5208 3355 5263 canebat
3419 5206 3698 5261 excruciet
3735 5223 3751 5258 :

2164 5314 2370 5369 equum
2430 5292 2688 5354 nimirum
2742 5302 2979 5372 graviter
3032 5299 3347 5370 prostravit,
3378 5307 3438 5354 ut
3480 5313 3755 5355 sessorem

2174 5393 2340 5449 simul
2375 5400 2789 5460 conSterneret;
2825 5409 3129 5463 navemque
3184 5393 3473 5459 subvertit,
3522 5402 3580 5445 ut
3620 5406 3760 5444 nau-

538 5720 654 5809 ψ)
686 5721 1181 5797 Caulclegemam
1216 5727 1519 5786 similitudo
1549 5729 1826 5807 quaedam,
1866 5728 2092 5802 indolis,
2134 5748 2242 5791 non
2334 5733 2575 5793 fraterna
2627 5738 2945 5809 conjunctio
3000 5739 3140 5797 inest
3193 5738 3421 5798 colubro
3463 5752 3588 5795 cum
3631 5737 3756 5792 ἀξιε-
