4088 6208
315 248 411 314 δρι

1449 255 1547 315 DE
1590 251 1987 314 PARADISO.
2034 278 2098 288 -
2137 252 2331 312 PARS
2371 250 2423 313 Ι.

3467 239 3572 302 δΖΞ

315 381 423 423 tam
483 368 763 422 multaret.
820 363 1145 438 Serpentem
1201 380 1330 437 ergo
1392 367 1698 422 maledictis
1752 366 1898 421 feriit
1926 364 2119 430 Aliam
2178 374 2399 434 propter
2457 360 2804 415 Hebraeorum
2871 367 3091 425 quoque
3148 352 3573 408 imbecillitatem

316 460 477 524 Deus,
513 468 569 513 ut
601 458 859 513 Satanam
922 458 1108 514 dolore
1161 468 1385 530 angeret
1430 460 1521 527 qui
1554 460 1606 512 in
1642 467 1899 528 serpente

313 551 674 621 loquebatur;
732 551 874 604 sicut
929 561 983 604 et
1035 549 1299 619 legionem
1356 549 1548 604 alllixit
1619 549 1897 619 perdendo

312 658 513 715 porcos
534 644 579 674 ”
610 660 623 695 :
656 642 821 695 simul
849 650 1014 709 atque
1044 642 1187 696 enim
1220 640 1454 695 Satanas
1481 641 1761 710 conspexit
1796 656 1897 695 an-

314 750 470 806 guem
495 733 714 788 amissis
739 734 969 802 pedibus
1004 733 1154 786 humi
1178 733 1435 798 volutari,
1470 734 1669 787 acerbo
1695 749 1899 803 angore

313 826 664 882 excruciatus
717 834 819 879 est.
857 822 1125 878 Praeterea
1179 825 1300 878 ideo
1350 839 1567 894 quoque
1619 824 1900 878 maledixit

315 916 577 985 serpenti,
613 914 759 985 quod
810 914 1023 968 Adamo
1059 924 1225 981 atque
1270 913 1394 968 Eva:
1442 914 1700 984 peccandi
1735 930 1896 968 causa

314 1008 652 1072 exstitisset;
705 1005 848 1059 sicut
908 1005 1216 1073 iumentum
1270 1004 1537 1074 lapidibus
1568 1005 1900 1059 obruebatur

316 1113 441 1154 cum
471 1114 580 1167 quo
614 1112 817 1165 corpus
866 1098 1163 1152 miscuerat
1192 1097 1431 1161 homo“,
1469 1113 1535 1153 eo
1560 1099 1703 1167 quod
1732 1114 1899 1153 causa

318 1190 444 1243 mali
481 1191 705 1255 luisset;
738 1190 999 1259 scriptum
1033 1201 1115 1245 est
1138 1190 1285 1245 enim
1326 1207 1339 1244 :
1376 1189 1456 1243 En
1506 1192 1703 1245 malum
1740 1194 1897 1256 venit,

315 1283 407 1337 sed
424 1298 499 1335 me
516 1282 599 1335 illi
624 1298 715 1349 per
734 1300 883 1349 quem
905 1285 1041 1336 venit
1062 1285 1131 1338 “.
1151 1286 1228 1338 Ad
1254 1287 1366 1340 hcce
1386 1287 1459 1340 ita
1482 1286 1759 1341 maledixit
1784 1303 1900 1342 ser-

317 1376 467 1445 penti
505 1384 725 1443 propter
762 1376 1043 1440 Satanam,
1074 1387 1131 1430 ut
1169 1388 1327 1432 terrae
1353 1389 1573 1448 propter
1603 1379 1897 1434 Adamum.

317 1468 550 1536 Insuper
589 1469 688 1522 hac
736 1470 898 1523 etiam
959 1471 1024 1524 de
1076 1486 1242 1524 causa
1302 1471 1583 1526 maledixit
1636 1474 1897 1541 serpenti,

316 1574 427 1629 quo
451 1561 619 1613 Adam
653 1559 867 1629 Evaque
887 1560 999 1630 (ubi
1035 1561 1280 1616 viderent
1314 1572 1573 1632 quautam
1607 1566 1899 1618 sustineret

315 1665 541 1720 serpens
594 1667 656 1706 ex
712 1652 895 1706 divina
951 1654 1338 1709 maledictione
1371 1658 1621 1719 multam,
1669 1656 1899 1725 pedibus

2002 456 2179 509 noluit
2249 454 2427 509 Moses
2500 452 2749 522 spiritum
2828 450 2965 502 intra
3034 460 3262 516 anguem
3325 446 3579 500 latentem

2002 548 2271 618 prodere;
2319 564 2386 601 ne
2431 546 2638 602 scilicet
2669 545 2749 599 illi
2802 541 3173 597 adversariam
3208 538 3583 606 Deopotesta-

2002 647 2110 694 tem
2145 654 2265 694 esse
2306 639 2471 692 ullam
2521 642 2898 707 opinarentur,
2943 648 3062 703 quae
3109 631 3412 701 majoribus
3444 630 3584 684 freta

2001 732 2212 785 viribus
2263 740 2447 800 posset
2500 729 2707 799 aliquid
2742 729 2912 782 invito
2942 741 3101 796 agere
3132 726 3262 780 Deo.
3293 721 3428 776 Nam
3464 722 3586 777 ideo

2000 824 2165 877 etiam
2200 824 2519 893 angelorum
2556 822 2701 875 nulla
2739 829 2822 875 est
2852 837 2881 873 a
2914 820 3060 874 Mose
3090 818 3232 872 facta
3279 816 3485 870 mentio
3519 816 3586 870 ad

2002 914 2196 983 Agaris
2224 929 2396 985 usque
2413 921 2649 978 triatem,
2674 929 2744 967 ne
2772 911 2941 967 Judaei
2972 911 3382 980 suspicarentur
3403 908 3587 978 plures

2000 1024 2121 1063 esse
2155 1008 2307 1062 deos.
2346 1005 2573 1076 Insuper
2617 1006 2868 1076 quamvis
2902 1022 3011 1061 non
3061 1013 3252 1075 aperte
3308 1004 3585 1061 maledixit

2005 1100 2224 1154 Satanae
2266 1098 2440 1163 Deus,
2506 1109 2683 1153 tamen
2726 1099 2939 1154 occulte
2972 1108 3136 1166 atque
3170 1097 3490 1151 abscondite
3537 1096 3588 1150 id

2001 1192 2069 1246 ab
2135 1192 2228 1246 illo
2283 1193 2523 1246 maxime
2577 1201 2758 1246 actum
2839 1207 2960 1247 esse
3021 1190 3379 1245 alllrmamus.
3450 1190 3587 1242 Dum

2000 1283 2144 1336 enim
2166 1297 2420 1353 expresse
2443 1299 2674 1354 anguem
2699 1285 3111 1347 exsecrabatur,
3139 1282 3302 1337 tacite
3327 1280 3588 1335 Satanam

2002 1374 2303 1429 maledictis
2330 1375 2727 1445 perstringebat
2746 1392 2760 1439 ;
2782 1376 2924 1440 quod
2947 1385 3064 1444 post
3091 1370 3590 1443 proliabinius,jDeo

1997 1466 2245 1535 juvante.
2286 1466 2437 1521 Hauc
2491 1469 2635 1520 enim
2700 1466 2915 1520 Satanae
2950 1466 3389 1520 maledictionem
3446 1465 3590 1517 clare

2002 1565 2240 1626 arguunt
2270 1557 2360 1610 illa
2394 1557 2596 1611 Christi
2628 1558 2788 1611 verba
2817 1558 2869 1611 in
2896 1556 3190 1627 Evangelio
3217 1575 3229 1611 :
3270 1557 3409 1621 Quia
3437 1556 3583 1626 prinv

2004 1666 2120 1715 cepa
2185 1651 2366 1702 mundi
2424 1650 2581 1718 hujus
2614 1650 2731 1718 jam
2771 1650 3042 1718 judicatus
3084 1661 3160 1703 est
3204 1651 3269 1707 ⁸³.
3303 1650 3369 1704 Ει
3402 1653 3528 1707 alibi
3572 1671 3585 1707 :

317 1742 485 1798 orbus
510 1753 671 1813 atque
697 1760 859 1814 super
898 1756 1139 1800 ventrem
1171 1748 1518 1816 prorcptans)
1554 1749 1898 1803 animadver-
1933 1722 1972 1777 Β
2003 1741 2311 1795 Disceditea
2329 1759 2427 1805 me,
2454 1742 2744 1806 maledicti,
2764 1745 3006 1812 inignem
3026 1746 3588 1815 wternum,quipara-

318 1847 493 1893 tereut
542 1850 704 1908 atque
741 1839 1107 1908 intelligerent
1140 1840 1193 1893 in
1230 1855 1391 1910 quam
1430 1855 1646 1909 gravem
1682 1840 1901 1893 incidis-

319 1938 442 1985 Sent
496 1944 761 1991 errorem,
797 1940 1175 2000 quantumque
1227 1930 1491 2000 ﬂagitium
1546 1930 1901 1985 admisissent

320 2023 558 2091 serpenti
614 2022 1098 2092 obtemperantes:
1132 2038 1196 2077 ac
1229 2023 1456 2092 proinde
1522 2022 1575 2075 in
1620 2032 1897 2091 posterum

321 2129 519 2182 magno
545 2124 689 2169 metu
725 2116 1161 2169 continerentur.
1200 2114 1302 2169 Sed
1327 2115 1480 2185 juvet
1508 2115 1649 2184 apud
1683 2129 1777 2170 eos
1808 2115 1899 2185 qui

320 2206 461 2259 hanc
494 2216 711 2261 movent
754 2208 1109 2276 quaestionem
1170 2206 1269 2259 hac
1318 2217 1567 2260 mutuum
1598 2206 1901 2275 quastione

319 2299 396 2351 uti
432 2316 446 2351 :
477 2300 625 2351 ltane
658 2315 774 2363 vos,
803 2300 1070 2368 serpentis
1101 2298 1411 2353 vindicandi
1446 2299 1617 2368 gratia
1655 2300 1900 2367 quaeritis

318 2406 415 2445 cur
468 2392 847 2445 exsecratione
876 2391 1192 2460 perstrictus
1243 2393 1314 2445 sit
1344 2391 1437 2460 qui
1471 2391 1699 2445 arbitrio
1732 2391 1902 2446 libero

320 2486 546 2539 minime
596 2486 832 2540 donatus
883 2485 1009 2539 mali
1040 2486 1111 2538 uil
1153 2486 1430 2556 patrarat?
1463 2485 1626 2540 dicite
1648 2526 1661 2550 ,
1692 2500 1899 2555 quaeso,

317 2578 559 2633 vicissim
588 2578 743 2641 mihi,
785 2593 884 2632 cur
915 2576 1064 2642 ferte,
1115 2577 1386 2646 jumeuta,
1420 2576 1671 2631 volucres
1702 2576 1903 2630 diluvio

318 2673 557 2742 periere,
604 2688 723 2740 qua:
756 2687 864 2725 non
922 2670 1304 2738 deliquerunt?
1336 2680 1431 2724 aut
1485 2670 1613 2740 quid
1655 2686 1903 2724 meruere

317 2779 479 2828 oves,
516 2765 789 2833 bovesque
831 2772 883 2817 et
913 2778 1039 2818 aves
1072 2779 1191 2833 quzr
1238 2763 1483 2833 quotidie
1540 2763 1785 2817 insontes
1836 2763 1900 2815 ad

318 2855 588 2911 sacriﬁcia
636 2856 1014 2911 debebantur?
1068 2856 1207 2921 Quid
1255 2856 1646 2911 commiserant
1708 2869 1898 2924 pecora

314 2948 442 3013 Job,
461 2964 581 3017 qua:
610 2949 827 3003 innoxia
850 2965 971 3002 cum
1009 2959 1212 3013 essent,
1232 2948 1341 3020 igni
1365 2958 1493 3003 sunt
1520 2948 1718 3003 tradita
1737 2950 1903 3003 devo-

2005 1842 2085 1885 tus
2105 1842 2181 1887 est
2203 1835 2410 1887 diabolo
2428 1844 2475 1888 et
2495 1835 2695 1904 angelis
2722 1835 2855 1902 ejus.
2885 1834 3101 1889 Decima
3123 1838 3348 1904 quaestio
3368 1847 3469 1897 est,
3491 1853 3589 1891 cur

2002 1923 2179 1979 Moses
2210 1936 2514 1996 serpentem
2543 1926 2823 1996 scripserit
2848 1929 3165 1981 astutiorem
3205 1927 3374 1983 fuisse
3398 1925 3596 1983 bestiis'

2005 2018 2143 2086 agri,
2184 2034 2291 2071 non
2324 2028 2505 2073 autem
2543 2020 2971 2089 prudentiorem.
3015 2021 3094 2073 Ad
3125 2021 3265 2075 hanc
3292 2024 3590 2091 responde-

2005 2123 2127 2162 mus
2190 2109 2535 2176 prudentiam
2565 2110 2744 2165 virtuti
2774 2110 2985 2165 amnem
3033 2126 3155 2167 esse
3182 2128 3195 2177 ;
3231 2120 3409 2167 ustum
3437 2128 3586 2180 vero,

2002 2201 2171 2255 vitiis.
2207 2201 2277 2255 Et
2315 2212 2441 2256 sunt
2478 2204 2614 2258 inter
2663 2204 2867 2259 bestias
2908 2205 3025 2259 alia:
3085 2205 3412 2271 hebetiores,
3469 2208 3589 2260 alia:

2002 2294 2343 2352 callidiores;
2387 2311 2563 2364 neque
2620 2296 2708 2349 hic
2755 2295 2969 2367 Moyses
3000 2312 3256 2367 anguem,
3304 2300 3585 2354 hominum

2002 2387 2429 2455 comparatione,
2452 2389 2868 2443 callidissimum
2910 2392 3304 2459 pronuntiavit,
3341 2396 3431 2447 sed
3460 2408 3585 2447 cum

2006 2478 2221 2533 caeteris
2280 2480 2537 2541 collatum
2575 2481 2783 2548 bestiis,
2841 2484 3156 2538 hominibus
3202 2500 3332 2539 vero
3370 2489 3586 2555 propria

2005 2571 2271 2639 sapientia
2297 2572 2694 2641 prudentiaque
2740 2574 2902 2627 tribui
2934 2575 3095 2640 solet,
3123 2578 3213 2646 qui
3240 2578 3444 2648 alioqui
3477 2594 3587 2633 non

2007 2664 2182 2717 solum
2213 2674 2437 2718 caeteras
2464 2666 2792 2730 animantes,
2846 2670 2939 2721 sed
2972 2667 3118 2738 ipsos
3149 2669 3312 2725 etiam
3379 2686 3587 2743 angues

2004 2766 2124 2810 astu
2160 2763 2320 2824 atque
2346 2755 2564 2809 solertia
2590 2758 2747 2827 longe
2776 2769 3053 2815 auteeunt.

2533 2852 2762 2908 CAPUT
2808 2853 3046 2911 XXVIII.

2078 2944 2222 3015 (13“)
2250 2945 2478 3016 Scripsit
2508 2956 2688 3002 autem
2728 2947 2921 3005 beatus
2952 2948 3128 3033 Moses
3154 2952 3218 3008 de
3237 2953 3494 3023 paradiso
3520 2938 3586 3009 ad

317 3040 527 3093 rando?
576 3041 687 3094 Cur
738 3039 992 3096 Christus
1039 3040 1238 3111 legioni
1281 3040 1528 3110 permisit
1588 3055 1783 3109 porcos
1844 3040 1895 3093 in
1928 3065 1974 3127 ο
2007 3038 2153 3092 hunc
2180 3038 2399 3093 modum
2437 3056 2451 3094 :
2488 3038 2554 3091 Et
2590 3039 2923 3108 pluntaverat
2953 3043 3215 3100 Dominus
3248 3047 3388 3102 Deus
3418 3066 3585 3118 para-

318 3133 455 3185 mari
494 3132 863 3195 suﬂocandos,
898 3133 990 3203 qui
1023 3149 1129 3187 non
1170 3133 1501 3204 peccarant?
1545 3132 1658 3187 Cur
1688 3132 1900 3187 sacriﬁ-

318 3226 610 3290 cabantur,
668 3225 1146 3295 ollerebanturque
1203 3226 1474 3280 columbas
1537 3241 1601 3280 ac
1658 3232 1899 3281 turtures

319 3336 417 3390 pro
443 3320 729 3389 expiandis
750 3319 986 3388 peccatis
1018 3335 1251 3388 quorum
1282 3320 1413 3389 ipsae
1441 3329 1688 3389 expertes
1713 3320 1902 3374 erant?

320 3411 431 3465 Cur
467 3412 585 3465 ovis
622 3427 717 3479 [πυ
756 3410 936 3481 populi
966 3411 1337 3481 redemptione
1368 3412 1778 3475 immolabatur,
1805 3422 1899 3465 aut

322 3508 519 3561 hmdus
562 3509 899 3563 mactabatur
931 3524 1025 3576 pro
1055 3506 1303 3561 ecclesia:
1333 3506 1628 3575 impietate,
1668 3507 1750 3561 vel
1796 3506 1897 3559 bos

320 3612 419 3669 pro
451 3598 740 3653 sacerdote
793 3599 1080 3669 improbo,
1130 3614 1254 3654 cum
1306 3613 1481 3667 neque
1532 3599 1671 3663 ovis,
1718 3613 1895 3668 neque

322 3692 538 3754 haedus,
576 3677 749 3759 neque
796 3692 893 3746 bos
940 3689 1335 3762 deliquissent?
1366 3690 1477 3744 Cur
1526 3690 1895 3753 contumeliis,

320 3782 432 3837 imo
456 3783 622 3836 etiam
657 3793 830 3838 morte
862 3782 1037 3837 allecti
1083 3792 1209 3836 sunt
1242 3796 1338 3850 pro
1370 3772 1569 3851 populo
1624 3781 1898 3850 prepheta:

319 3871 957 3937 iunoccntissinuHQuid
1015 3870 1302 3926 Christus?
1346 3885 1523 3925 nonne
1571 3871 1894 3940 supplicium

315 3964 501 4017 crucis
533 3962 794 4017 sustinuit
826 3977 922 4031 pro
957 3962 1160 4017 nostris
1190 3963 1429 4031 peccatis
1452 3960 1474 4012 ?
1496 3959 1606 4015 Cur
1631 3974 1759 4031 ergo
1780 3976 1893 4014 ser-

316 4058 499 4127 pentis
549 4058 774 4110 multam
834 4056 1475 4127 suggillatis?Numquid
1534 4058 1745 4127 :equius
1775 4044 1900 4112 esse

316 4152 596 4205 duceretis
619 4152 665 4205 si
690 4150 956 4204 Adamum
994 4148 1138 4205 Deus
1171 4151 1549 4205 maledictione
1580 4151 1894 4211 multasset,

316 4251 629 4312 serpentem
652 4258 775 4297 vero
800 4241 1017 4296 interim
1044 4242 1111 4295 ab
1137 4243 1285 4295 omni
1312 4257 1453 4296 noxa
1480 4242 1711 4296 liberum
1734 4250 1900 4312 atque

315 4336 600 4405 impunem
636 4336 911 4391 habuisset
946 4334 968 4387 Τ
997 4333 1457 4389 Destituendusne
1487 4335 1581 4389 tibi
1614 4335 1900 4390 videbatur

2004 3131 2181 3183 disum
2214 3132 2265 3183 in
2318 3128 2468 3184 Eden
2509 3131 2572 3184 ab
2620 3132 2773 3185 initio
2812 3132 2879 3188 “.
2929 3134 2994 3188 Et
3040 3137 3086 3191 si
3130 3140 3421 3207 paradisus
3460 3151 3585 3197 ante

2002 3222 2269 3277 Adamum
2303 3224 2553 3281 conditus
2597 3236 2744 3282 esset
2791 3234 2974 3283 tamen
3046 3230 3222 3288 Moses
3253 3246 3438 3291 creato
3464 3238 3577 3307 jam

2004 3316 2213 3370 Adamo
2260 3317 2459 3387 agitde
2528 3320 2741 3374 consito
2809 3323 3086 3391 paradiso,
3146 3326 3406 3384 nimirum
3453 3333 3582 3401 quia

2005 3409 2295 3462 revertitur
2344 3409 2411 3463 ad
2454 3411 2790 3480 superiorem
2841 3414 3152 3473 historiam.
3188 3419 3323 3474 Nam
3354 3437 3478 3477 eum
3515 3426 3584 3481 ab

2004 3500 2071 3554 iis
2103 3499 2169 3555 de
2221 3501 2424 3570 quibus
2464 3503 2517 3556 in
2553 3519 2648 3558 sex
2704 3506 2898 3562 diebus
2944 3508 3291 3579 loquebatur,
3339 3517 3582 3572 nomium

2003 3593 2242 3663 perfecta
2272 3595 2584 3651 narratione
2616 3597 2890 3667 digressus
2921 3600 3085 3658 fuerit
3113 3644 3128 3669 ,
3162 3605 3302 3660 redit
3332 3625 3478 3666 nunc
3514 3612 3580 3666 ad

2003 3686 2393 3742 absolvendum
2469 3689 2617 3743 illam
2674 3693 3079 3762 narrationem,
3140 3713 3313 3769 eaque
3372 3705 3582 3760 ratione

2004 3779 2113 3849 agit
2152 3778 2259 3842 hic,
2305 3788 2428 3849 post
2468 3791 2715 3836 creatum
2748 3784 3039 3851 Adamum,
3092 3790 3158 3845 de
3191 3795 3448 3862 paradiso
3487 3800 3580 3867 qui

2003 3871 2207 3941 alioqui
2246 3880 2372 3926 ante
2403 3871 2553 3927 illum
2600 3871 2780 3927 fuerat
2808 3876 3082 3934 conditus.
3116 3880 3236 3937 Jam
3275 3902 3403 3942 vero
3447 3891 3579 3959 quid

2003 3964 2075 4018 sit
2109 3962 2420 4032 paradisus,
2448 3972 2501 4017 et
2529 3980 2628 4018 cur
2660 3980 2688 4018 a
2722 3966 2830 4021 Deo
2860 3971 3128 4036 consitus.
3164 3991 3273 4044 quo
3306 3980 3432 4034 item
3467 3982 3579 4051 die,

2002 4066 2055 4111 et
2082 4057 2171 4110 ubi
2203 4055 2469 4119 locorum,
2505 4055 2558 4109 in
2582 4065 2796 4113 terrane
2822 4074 2891 4113 an
2922 4060 2974 4116 in
3003 4064 3161 4128 etelo,
3185 4067 3309 4121 etin
3332 4085 3435 4139 qua
3460 4080 3581 4128 tan-

2002 4149 2122 4203 dem
2161 4147 2351 4203 mundi
2380 4148 2603 4217 regione
2629 4151 2867 4221 positus,
2900 4162 3014 4209 tum
3044 4172 3164 4225 quae
3196 4159 3303 4215 hue
3330 4174 3580 4229 spectant

2003 4241 2105 4295 alia
2159 4257 2325 4310 supra
2374 4249 2501 4295 sunt
2540 4257 2569 4294 a
2612 4243 2771 4298 nobis
2803 4244 2920 4300 suis
2994 4248 3295 4318 disceptata
3346 4256 3579 4312 rationi.

2002 4334 2125 4389 bus.
2152 4331 2420 4387 Caeterum
2457 4330 2600 4387 Eden
2633 4335 2784 4391 locus
2814 4346 2894 4392 est
2922 4355 3176 4397 amoenus
3206 4351 3368 4413 atque
3396 4351 3580 4406 omnis

315 4426 565 4480 Adamus
618 4435 766 4481 tanta
822 4424 994 4494 gloria
1020 4464 1035 4487 ,
1094 4433 1351 4494 tantoque
1401 4426 1606 4479 honore
1629 4464 1644 4489 ,
1705 4427 1899 4496 anguis
1931 4409 1974 4464 Ῐ)
2006 4424 2220 4496 generis
2248 4424 2536 4480 arboribus
2569 4426 2773 4492 varius,
2815 4430 2867 4482 in
2898 4445 3007 4498 quo
3031 4432 3151 4487 loco
3183 4409 3325 4491 Deus
3364 4439 3582 4507 paradi-

316 4532 455 4575 vero
515 4533 578 4572 ne
630 4519 859 4587 pedibus
924 4519 1144 4589 quidem
1207 4517 1585 4574 mutilandus?
1632 4518 1734 4573 Sed
1787 4520 1897 4589 jam

315 4609 506 4664 dicent
534 4627 548 4663 ;
577 4610 686 4663 Cur
717 4612 910 4665 saltem
953 4625 1061 4665 non
1101 4611 1267 4666 etiam
1315 4609 1575 4665 Satanam
1619 4612 1781 4665 simul
1819 4622 1903 4667 est

312 4713 641 4754 exsecratus
693 4718 817 4756 cum
881 4706 1176 4772 serpente?
1249 4720 1439 4758 verum
1508 4706 1901 4774 respondemus

313 4792 492 4849 Deum
521 4794 730 4849 idcirco
760 4810 865 4849 non
897 4796 1255 4852 maledixisse
1281 4796 1497 4852 Satanae
1521 4798 1737 4869 (£5),ne
1758 4798 1906 4852 Ada-

314 4902 443 4941 mus
470 4887 693 4957 Evaque
714 4890 1214 4946 animadverterent
1236 4890 1488 4961 spiritum
1532 4891 1769 4962 aliquem
1797 4906 1902 4946 non

318 4982 710 5049 inspectabilem
766 4997 922 5049 esse,
953 4999 1127 5056 eoque
1161 4986 1214 5039 in
1250 4986 1423 5039 multo
1469 4983 1703 5054 majores
1742 4999 1900 5055 rape-

2004 4530 2124 4570 sum
2158 4515 2443 4570 consuevit
2487 4523 2652 4587 atque
2693 4520 2985 4590 disposuit.
3037 4521 3164 4579 Haec
3189 4526 3335 4582 enim
3369 4530 3531 4583 verba
3563 4549 3577 4586 :

2008 4605 2077 4660 Et
2118 4609 2452 4676 plantarerat
2502 4608 2758 4664 Dominus
2808 4611 2949 4667 Deus
2992 4616 3344 4685 paradisum,
3393 4633 3578 4690 aperte

2005 4699 2317 4764 ostendunt,
2365 4716 2710 4771 nequaquam
2741 4704 2809 4759 ab
2854 4706 3078 4763 homine
3117 4709 3268 4763 illum
3300 4726 3419 4766 esse
3445 4728 3572 4767 coni

2009 4792 2175 4845 situm
2211 4792 2673 4865 dispositumque
2704 4836 2721 4857 ,
2773 4799 2997 4866 perinde
3065 4786 3129 4856 ac
3199 4800 3313 4856 Noe
3364 4804 3575 4858 vineam

2000 4884 2285 4955 plantavit,
2314 4897 2409 4941 aut
2435 4897 2494 4942 ut
2521 4889 2632 4952 jam
2660 4903 2956 4945 conserunt
2981 4894 3242 4949 mortales
3266 4895 3575 4965 paradisos,

2000 4976 2295 5047 hortosque
2324 4995 2339 5044 ;
2374 4979 2469 5033 sed
2505 4979 2670 5034 Deum
2710 4980 2915 5050 ipsum,
2958 4998 3057 5037 suo
3104 4986 3279 5055 ipsius
3313 4986 3497 5041 studio
3526 4998 3577 5041 et

323 5082 512 5127 rentur
545 5087 758 5130 errores
788 5092 800 5128 :
826 5091 1003 5145 neque
1038 5077 1181 5130 enim
1215 5078 1392 5132 adhuc
1421 5076 1665 5132 sciebant
1694 5075 1899 5145 aliquid
1996 5070 2257 5125 mandato
2288 5071 2437 5126 illum
2472 5074 2750 5142 plantassc
2788 5076 2935 5130 sicut
2964 5077 3037 5131 ait
3070 5078 3277 5133 Psaltes
3305 5079 3473 5133 David
3510 5078 3579 5132 de

325 5176 442 5219 esse
500 5174 696 5233 praeter
752 5166 945 5231 Deum,
979 5169 1122 5236 quod
1168 5169 1341 5223 oculis
1386 5168 1535 5223 cerni
1572 5176 1797 5237 posset:
1831 5168 1897 5220 ad
1996 5159 2108 5216 Deo
2161 5164 2325 5218 verba
2359 5164 2566 5222 faciens
2616 5185 2630 5221 :

432 5327 477 5359 “
530 5326 719 5381 Matth.
753 5343 874 5393 xm,
898 5327 987 5394 51,
1027 5326 1116 5381 3‘2.
1231 5327 1272 5358 ⁶¹
1316 5326 1491 5383 Levit.
1521 5328 1614 5393 x'x,
1648 5328 1735 5382 15.

401 5482 513 5552 (15)
550 5482 780 5537 Temere
813 5482 915 5536 ista
972 5480 1169 5536 astruit
1192 5479 1502 5552 Bar-Cepha
1535 5494 1656 5552 cum
1685 5488 1891 5534 certum

324 5550 419 5607 sit,
454 5550 722 5606 Adamum
771 5553 823 5605 in
873 5554 1123 5622 paradiso
1171 5551 1456 5606 excellenti
1513 5550 1745 5618 quadam
1804 5564 1897 5602 co-

324 5622 571 5691 gnitione
620 5624 837 5677 novisse
888 5624 1221 5676 substantias
1256 5622 1551 5690 spiritales.
1588 5622 1634 5691 id
1671 5628 1755 5672 est
1785 5622 1896 5671 An-

320 5688 473 5762 getes
502 5692 557 5748 S.
600 5692 799 5749 Thom.
870 5707 884 5745 ι
914 5705 1054 5764 part.
1093 5708 1147 5761 q.
1174 5692 1263 5757 94,
1288 5688 1553 5745 'art.?.ad
1577 5688 1738 5745 linem
1775 5698 1896 5745 cor.

644 5792 914 5855 PATROL.
948 5791 1062 5852 Gtt.
1104 5788 1250 5852 CXI.

1814 5326 1858 5357 "
1900 5324 2092 5382 Matth.

2684 5167 2753 5221 Et
2800 5167 2945 5222 cedri
2975 5167 3163 5224 Libani
3191 5188 3322 5240 quas
3361 5173 3579 5240 planta-

2163 5343 2319 5396 xvnt,
2350 5328 2402 5384 6.
2553 5330 2598 5362 ⁵⁸
2636 5330 2795 5385 Joan.
2823 5347 2938 5395 xvi,
2972 5331 3057 5384 ll.
3180 5327 3225 5359 “
3264 5328 3395 5384 Gen.
3432 5342 3494 5395 ll,
3519 5330 3571 5386 8.

2007 5490 2369 5619 Ροῧξῗῗτὶξοο
2426 5551 2604 5620 capite
2644 5552 2818 5605 verba
2872 5550 3036 5606 Mosis
3083 5550 3149 5605 de
3181 5550 3453 5618 paradiso,
3487 5570 3575 5607 re-

2005 5622 2214 5693 busque
2262 5637 2327 5676 eo
2367 5622 2775 5693 spectantibus:
2826 5637 2951 5693 non,
2982 5622 3210 5690 mystico
3265 5638 3451 5691 sensu,
3481 5626 3575 5679 sed

2005 5690 2136 5761 ipsis
2166 5690 2579 5751 accommodata
2611 5693 2775 5751 rebus
2813 5691 3179 5763 explicantur.

3186 5782 3247 5853 ιι
