4088 6208
499 256 600 317 523

1760 250 1991 311 HOSIS
2034 248 2187 308 BAR
2222 246 2467 307 CEPHA

3636 256 3741 319 524

497 368 565 417 vit
590 366 657 415 “.
714 362 777 417 Et
823 366 1109 419 t'ero‘hinc
1152 364 1315 420 etiam
1372 370 1608 427 constat,
1662 362 1972 431 paradisum
2002 361 2068 415 ab
2098 376 2142 429 Α
2172 359 2480 429 ingessisse,
2514 373 2777 435 suamque
2822 376 3009 416 vocem
3040 363 3208 433 ipsius
3241 364 3616 435 intelligentia:
3651 384 3742 423 Γε-

496 460 613 524 ipso
644 455 753 510 Deo
780 470 899 511 esse
932 456 1227 525 plantatum
1256 496 1270 521 ,
1324 453 1469 525 quod
1502 453 1780 522 Scriptura
1812 454 1975 515 dicat,
2004 451 2067 504 ab

501 549 676 602 initio.
714 547 971 615 Sequitur
998 548 1139 617 apud
1171 549 1354 602 Mosen
1392 564 1403 599 :
1461 545 1527 597 Et
1576 547 1745 613 posuit
1786 544 1892 596 illic
1928 545 2072 597 Ada-

499 654 639 692 mum
666 654 818 707 quem
845 639 1093 708 ﬁnxerat.
1130 636 1286 702 Quod
1318 638 1393 689 ait
1426 653 1437 689 :
1495 635 1561 687 Et
1591 636 1764 703 posuit
1793 636 1901 687 illic
1927 636 2072 686 Ada-

502 747 667 794 mum,
703 738 1083 800 argumentum
1121 737 1205 783 est
1236 728 1421 798 gloria:
1467 742 1630 797 quam
1684 727 1823 781 Deus
1864 726 2073 779 Adamo

502 822 771 881 attribuit.
806 822 931 873 dum
970 820 1145 891 ipsum
1185 819 1479 873 collocaret
1516 821 1568 871 in
1618 818 1868 887 paradiso
1911 816 2074 871 ratiis

504 912 789 965 arboribus
822 926 1060 975 amomo,
1087 919 1145 963 ut
1171 925 1229 964 se
1258 910 1387 964 inibi
1415 909 1528 978 ipse
1558 908 1878 974 oblectaret,
1900 923 2075 976 neque

501 1004 628 1057 sirit
660 1005 711 1056 in
746 1002 925 1066 terris,
980 1016 1130 1055 more
1176 1012 1501 1055 cancrorum
1543 999 1900 1054 animantium
1953 1013 2075 1068 qua:

504 1096 711 1149 ratione
746 1101 953 1154 carent,
990 1091 1246 1162 pabulum
1278 1106 1521 1161 carpere.
1547 1090 1700 1156 Quod
1732 1106 1895 1161 porro
1925 1091 2076 1145 addi-

507 1198 591 1241 tur
640 1206 655 1239 :
703 1188 869 1253 Quem
921 1186 1151 1255 ﬁnxerat
1185 1183 1323 1253 (Li),
1368 1184 1420 1237 in
1456 1182 1569 1237 haec
1599 1197 1699 1236 nos
1731 1197 1891 1237 sensa
1926 1182 2078 1236 ducit

501 1285 679 1349 prium
709 1299 773 1337 ex
805 1284 920 1336 sola
965 1292 1107 1335 terra
1153 1282 1323 1334 Deum
1373 1293 1482 1333 non
1526 1279 1838 1333 condidisse
1884 1277 2075 1332 Adami

503 1388 729 1443 corpus,
781 1372 873 1425 sed
931 1386 995 1423 cx
1051 1380 1289 1439 quatuor
1320 1369 1604 1423 elementis
1654 1368 1876 1422 tinxisse
1914 1376 2077 1437 atque

503 1468 874 1532 composuisse
910 1464 1078 1532 (certe
1113 1461 1293 1531 ﬁglina
1324 1461 1531 1530 absque
1556 1476 1695 1530 aqua
1730 1475 1837 1515 non
1876 1459 1954 1528 ﬁt)
1985 1460 2078 1513 de-

505 1556 630 1609 inde
658 1570 764 1609 non
802 1555 871 1608 ita
901 1554 1018 1608 solo
1053 1556 1215 1609 verbo
1258 1552 1613 1622 progenuisse
1651 1551 1844 1605 Adami
1880 1565 2079 1621 corpus

504 1662 571 1700 ex
614 1656 755 1699 terra
784 1686 799 1710 ,
841 1655 981 1701 srcut
1012 1659 1076 1698 ex
1111 1644 1214 1697 hac
1254 1643 1369 1697 solo
1405 1642 1685 1711 suojussu
1720 1642 1916 1695 herbas
1952 1658 2077 1711 pio-

2177 463 2553 521 przesentasse,
2584 454 2826 523 quando,
2847 456 3124 511 utdictum
3154 466 3257 520 est,
3281 458 3393 512 ﬁeri
3426 473 3533 514 non
3549 462 3745 527 potuit,

2177 556 2235 598 ut
2266 545 2319 598 in
2350 545 2597 614 corporis
2624 560 2842 599 sensum
2884 547 3143 617 aliquem,
3176 564 3445 620 apparens
3479 551 3622 609 Deus
3664 557 3746 606 in-

2175 646 2442 689 curreret.
2470 635 2574 690 Sed
2603 636 2835 690 aliorum
2865 639 3055 709 opinio
3087 649 3189 704 est,
3210 641 3376 696 Deum
3418 657 3476 696 se
3504 646 3751 713 corporis

2182 726 2376 781 Adami
2402 727 2655 781 sensibus
2674 728 3028 798 corporaliter
3053 727 3135 800 (ut
3153 730 3445 798 sie;diram)
3465 731 3745 797 οὺιυιιεδυ,

2182 829 2248 869 eo
2274 816 2554 885 quod,bac
2576 817 2736 871 modo
2764 819 2994 883 ratione,
3016 834 3187 889 neque
3206 833 3479 891 .przeterea
3504 823 3607 877 alia
3642 824 3752 878 ulla

2183 907 2403 976 assequi
2434 906 2521 961 ille
2558 916 2739 963 mente
2761 918 2946 980 posset
2978 910 3192 967 divinas
3216 914 3591 981 apparitiones
3623 931 3751 969 eas-

2178 1012 2285 1068 que
2339 998 2640 1068 intelligere
2698 1017 2711 1053 :
2770 1001 2949 1073 ipsum
3001 1004 3148 1057 enim
3206 1004 3351 1060 illius
3408 1007 3745 1064 conditorem

2180 1089 2374 1153 Deum,
2405 1105 2528 1145 sese
2559 1092 2624 1146 ad
2661 1091 2780 1161 ejus
2819 1092 3177 1148 humilitatem
3204 1094 3506 1161 demisisse,
3544 1098 3755 1167 ipsique

2180 1182 2251 1234 ita
2267 1183 2602 1253 apparuisse,
2616 1185 2949 1255 caeteroquin
2981 1186 3344 1252 immensum;
3382 1188 3521 1243 unde
3548 1204 3756 1246 caussa

2179 1287 2353 1341 quens
2383 1281 2495 1338 est,
2554 1272 2610 1330 bi
2672 1283 2730 1329 ut
2781 1275 3009 1331 ulterius
3059 1276 3263 1344 dicant,
3306 1280 3471 1334 Deum
3514 1279 3754 1335 humana

2180 1378 2352 1433 eaque
2414 1367 2558 1436 regia
2613 1376 2667 1421 et
2735 1381 2958 1437 prorsus
3008 1367 3399 1439 augustissima
3454 1373 3634 1438 specie
3695 1387 3756 1426 se

2185 1454 2392 1506 Adamo
2466 1456 2785 1511 exhibuisse
2855 1458 3244 1527 aspectabilem
3314 1469 3368 1514 et
3432 1476 3750 1530 quanquam

2182 1560 2354 1614 neque
2403 1561 2601 1602 manus
2658 1547 2874 1613 habent,
2932 1565 3107 1620 neque
3154 1552 3339 1622 pedes,
3375 1561 3469 1606 aut
3520 1553 3749 1618 vultum,

2184 1640 2267 1692 vel
2303 1655 2387 1703 os,
2436 1649 2615 1693 tamen
2653 1641 3027 1698 demittentem
3081 1659 3139 1698 se
3185 1646 3341 1717 quasi
3378 1645 3464 1700 his
3501 1647 3755 1702 omnibus

503 1736 755 1797 duxerat,
792 1733 1157 1800 auimaliaque
1193 1742 1413 1794 caetera,
1442 1741 1601 1799 atque
1630 1745 1697 1783 ex
1734 1730 1893 1800 aquis
1925 1730 2075 1783 varia
2112 1705 2154 1761 Β
2181 1742 2322 1785 esset
2363 1732 2637 1802 praeditus.
2672 1734 2740 1788 ab
2781 1733 2989 1789 Adamo
3031 1705 3217 1789 visuni
3270 1752 3414 1803 esse,
3467 1748 3626 1808 atque
3679 1740 3755 1793 ita

503 1825 734 1894 piscium
772 1840 1005 1894 genera;
1054 1824 1147 1879 sed
1201 1823 1318 1877 suis
1369 1823 1501 1878 illud
1548 1822 1804 1877 manibus
1853 1821 2079 1875 ﬁnxisse

504 1926 666 1984 atque
696 1914 1088 1979 conformasse,
1126 1931 1247 1983 quae
1284 1931 1368 1969 res
1402 1915 1737 1985 amplissima
1770 1930 1924 1978 sane,
1979 1914 2080 1967 lio-

506 2008 704 2062 minem
742 2023 850 2078 prae
896 2008 1121 2077 reliquis
1170 2008 1356 2071 rebus,
1408 2008 1581 2078 gloria
1610 2023 1638 2063 a
1674 2006 1780 2061 Deo
1827 2018 2078 2060 ornatum

509 2100 773 2153 ostendit.
828 2098 1094 2153 Praeterea
1136 2101 1397 2153 Adamum
1437 2114 1543 2154 non
1575 2107 1727 2151 utero
1760 2082 2079 2166 conceptum

507 2201 773 2262 partu-lue
817 2191 1012 2245 deinde
1054 2191 1256 2244 editum
1300 2206 1421 2245 esse
1449 2228 1463 2252 ,
1513 2198 1570 2243 ut
1622 2190 1777 2243 hodie
1824 2188 2076 2243 homines

510 2280 784 2348 procreari
840 2280 1127 2344 videmus;
1180 2278 1271 2333 Dei
1322 2278 1575 2331 manibus
1607 2276 1885 2331 conditum
1923 2275 2086 2329 exsti-

510 2376 661 2427 tisse.
710 2373 936 2442 lusupcr
972 2382 1031 2425 ttt
1074 2372 1448 2442 jumentorum
1485 2379 1539 2425 et
1577 2368 1836 2433 ferarum,
1864 2380 2084 2421 eorum-

513 2482 618 2535 que
652 2481 772 2533 quae
802 2468 980 2518 volatu
1012 2474 1066 2518 et
1102 2480 1222 2533 qua:
1254 2473 1439 2516 natatu
1477 2471 1704 2515 utuntur
1727 2459 2085 2514 animantium

512 2572 737 2628 corpora
770 2556 931 2608 simul
960 2563 1013 2608 et
1045 2555 1258 2609 animas
1281 2570 1347 2607 ex
1379 2564 1517 2607 terra
1554 2561 1607 2606 et
1632 2553 1790 2621 aquis
1821 2551 2086 2606 condide-

510 2662 616 2710 rat,
650 2665 771 2719 quae
810 2648 993 2701 omnia
1039 2647 1247 2700 ratione
1281 2657 1501 2709 carent;
1558 2661 1666 2697 non
1702 2646 1781 2699 sic
1816 2644 2085 2699 Adamum

513 2744 678 2796 etiam
707 2740 974 2805 olfecisse,
1010 2741 1103 2793 sed
1140 2739 1304 2808 hujus
1336 2752 1537 2807 corpus
1571 2736 1789 2806 quidem
1823 2750 1888 2789 ex
1922 2736 2086 2789 lnnno

516 2833 913 2903 composuisse,
939 2841 1194 2885 caeterum
1226 2830 1463 2883 animam
1497 2844 1558 2882 ex
1590 2829 1759 2882 nihilo
1791 2829 2084 2882 Cl't‘aViSSL‘.

518 2928 762 2995 Denique
792 2938 897 2977 non
931 2938 1047 2976 eam
1087 2921 1252 2975 fuisse
1286 2924 1353 2974 ab
1386 2920 1538 2974 initio
1564 2920 1847 2974 hominum
1877 2959 1891 2983 ,
1918 2935 2091 2989 popa:-

2182 1822 2433 1876 manibus
2461 1823 2575 1876 suis
2604 1823 2753 1876 illum
2784 1821 3071 1889 formasse,
3103 1826 3244 1893 quod
3279 1829 3358 1896 (ut
3394 1826 3655 1897 diximus)
3676 1830 3755 1884 ad

2180 1912 2300 1981 ejus
2337 1914 2429 1979 qui
2484 1914 2823 1968 iormabatur
2874 1915 3100 1983 gloriam
3171 1916 3601 1987 dignitatemque
3632 1933 3759 1991 Spe-

2182 2013 2312 2059 ctat.
2345 2003 2449 2058 Sed
2478 2006 2747 2074 expendat
2778 2004 3103 2074 suojudicio
3137 2008 3304 2062 lector
3337 2012 3431 2062 bas
3466 2012 3603 2064 duas
3634 2014 3753 2080 opi-

2182 2098 2409 2160 niones;
2466 2113 2530 2153 ac
2589 2110 2765 2152 utram
2813 2101 2984 2163 malit,
3013 2103 3185 2155 altera
3230 2103 3464 2168 omissa,
3505 2103 3754 2159 retineat.

2182 2186 2352 2242 Porro
2388 2187 2538 2243 fuere
2586 2206 2650 2243 ex
2696 2190 2963 2244 haereticis
3004 2192 3096 2261 qui
3128 2193 3373 2247 dicerent
3443 2195 3584 2248 duos
3613 2194 3758 2248 Adae

2186 2295 2305 2333 mos
2354 2297 2382 2334 a
2435 2280 2544 2335 Deo
2591 2291 2804 2339 creatos
2860 2282 3064 2350 fuisse;
3112 2284 3275 2359 idque
3316 2302 3380 2340 ex
3435 2302 3501 2341 eo
3551 2288 3756 2357 colligi,

2184 2371 2331 2441 quod
2382 2372 2559 2429 Moses
2607 2374 2837 2429 duorum
2893 2377 3222 2442 meminerit,
3270 2377 3461 2432 dicens
3522 2378 3749 2434 alterum

2187 2465 2273 2518 die
2307 2474 2463 2519 sexto
2493 2466 2774 2522 conditum
2809 2484 2929 2523 esse
2956 2508 2971 2531 ,
3024 2469 3253 2525 alterum
3308 2472 3395 2526 hic
3440 2479 3561 2539 post
3614 2472 3755 2527 diem

2190 2570 2402 2611 sextum
2442 2574 2454 2611 :
2492 2560 2559 2613 ad
2608 2559 2759 2614 illum
2798 2562 2942 2615 enim
2998 2572 3244 2631 spectare
3296 2578 3359 2618 ea
3416 2567 3626 2617 verba:
3688 2561 3757 2617 Et

2192 2649 2350 2717 ﬁnxit
2388 2649 2643 2705 Dominus
2674 2651 2811 2706 Deus
2843 2654 3107 2707 Adamum
3130 2654 3391 2722 pulverem
3422 2666 3643 2710 eterra.
3689 2658 3760 2710 At

2200 2742 2369 2806 hunc,
2413 2757 2589 2811 neque
2620 2758 2682 2798 ex
2717 2743 2937 2813 pulvere
2970 2746 3149 2799 dicere
3180 2745 3386 2811 Mosen,
3418 2748 3510 2801 sed
3547 2748 3763 2817 simpli-

2193 2832 2351 2899 citer,
2398 2833 2661 2888 Adamum
2720 2835 2829 2890 illic
2869 2837 3121 2906 posuisse
3170 2853 3330 2907 quem
3367 2839 3613 2894 tinxerat.
3652 2839 3763 2895 Sed

2196 2941 2296 2979 nos
2344 2924 2452 2981 illis
2512 2928 2904 2996 respondemus
2960 2947 2972 2981 :
3028 2928 3100 2981 Ex
3134 2944 3200 2983 eo
3229 2931 3369 3000 quod
3400 2939 3523 2984 ante
3549 2931 3767 2987 dixerat

517 3022 733 3080 lorum,
762 3018 1049 3070 nationum
1103 3015 1313 3067 turbam
1348 3014 1402 3066 in
1438 3023 1580 3067 terra
1616 3029 1778 3082 quam
1818 3012 1975 3066 hodie
2011 3014 2090 3064 vi-
2117 3055 2165 3112 α
2195 3015 2370 3073 Moses
2414 3019 2679 3075 Adamum
2736 3021 2823 3075 die
2853 3031 3007 3076 sexto
3069 3037 3199 3097 esse.
3244 3033 3511 3087 creatum,
3546 3026 3764 3093 deinde,

513 3109 688 3174 dctis;
726 3108 819 3163 sed
877 3108 1044 3162 Deum
1086 3107 1261 3176 primo
1313 3106 1533 3160 tinxisse
1577 3120 1863 3175 personam
1921 3119 2083 3157 unam

516 3202 715 3270 (ipsum
747 3200 871 3254 dico
907 3200 1199 3267 Adamum)
1227 3196 1419 3252 deinde
1450 3213 1513 3251 ex
1545 3197 1633 3250 illa
1669 3196 1937 3250 formasse
1962 3212 2084 3248 mu-

513 3295 740 3357 lierem;
789 3301 953 3361 atque
1003 3291 1073 3345 ita
1109 3290 1366 3358 deinceps
1399 3305 1493 3357 per
1536 3289 1709 3341 virum
1744 3297 1797 3340 et
1830 3287 2085 3341 feminam

512 3394 860 3453 procreatum
915 3396 1036 3437 esse
1093 3396 1265 3450 genus
1320 3382 1620 3434 humanum
1683 3398 1694 3431 :
1761 3389 1920 3448 atque
1974 3381 2086 3432 La-c

516 3479 700 3531 omnia
743 3476 1093 3543 intelligimus
1142 3489 1205 3527 ex
1258 3470 1422 3527 verbo
1476 3472 1567 3526 illo
1606 3492 1617 3524 :
1661 3469 1943 3535 Finxcrat,
1979 3487 2085 3541 quo

519 3586 650 3623 usus
682 3576 763 3621 est
796 3566 995 3620 MOses.

592 3664 708 3725 Quo
753 3658 937 3711 habitu
982 3658 1123 3711 Dens
1174 3658 1479 3727 apparuerit
1512 3657 1718 3710 Adanto
1756 3670 1801 3711 et
1840 3656 1982 3712 Eutr.
2020 3689 2087 3696 ~—

518 3750 622 3803 Sed
675 3750 819 3803 enim
871 3764 1050 3817 operae
1107 3747 1341 3814 pretium
1389 3745 1552 3800 fuerit
1600 3760 1933 3816 cognoscere
1981 3763 2087 3815 quo

519 3844 707 3897 habitu
756 3839 1065 3910 apparuerit
1112 3839 1251 3892 Deus
1302 3838 1530 3903 Adamo,
1589 3839 1702 3893 sive
1760 3838 1884 3893 dum
1918 3838 2088 3907 ipsius

517 3948 715 4003 corpus
772 3934 1019 3999 lingeret,
1070 3931 1186 3984 sive
1228 3928 1355 3983 dum
1398 3930 1567 3999 legem
1616 3930 1717 4000 ipsi
1764 3929 2086 3999 imponeret,

520 4026 634 4079 sive
660 4024 881 4093 quando
912 4038 975 4077 cx
1014 4020 1185 4090 ipsius
1218 4032 1367 4075 costa
1398 4022 1577 4076 ablata
1610 4021 1867 4074 conderet
1898 4020 2085 4084 Evam,

518 4119 631 4171 sive
654 4116 890 4186 denique
914 4116 1005 4169 ubi
1039 4116 1091 4169 in
1121 4115 1377 4185 paradiso
1408 4113 1764 4167 obambulans
1794 4127 1950 4167 suam
1980 4114 2088 4167 illis

518 4226 535 4257 κ
552 4224 703 4262 ocem
728 4210 1019 4278 ingereret,
1044 4207 1336 4261 inclinante
1354 4206 1456 4259 die.
1494 4204 1777 4258 Philoxeni
1800 4205 2089 4275 Mahugen-

516 4303 593 4356 sis
631 4301 899 4356 sententia
933 4311 1039 4362 est,
1088 4300 1405 4369 priusquam
1442 4297 1762 4367 deliquisset
1793 4297 1961 4350 Adam
1988 4298 2087 4350 ad-

2146 3093 2165 3115 ⁸
2193 3111 2394 3166 omissa
2419 3112 2505 3166 illa
2542 3115 2878 3179 narratione,
2900 3093 3198 3168 etiamtum
3221 3115 3556 3185 imperfecta,
3580 3128 3755 3175 trans-

2196 3201 2292 3256 ivit
2334 3204 2403 3258 ad
2445 3206 2775 3259 mentionem
2818 3204 2927 3259 diei
2970 3207 3235 3276 septimze,
3271 3209 3414 3263 unde
3445 3224 3655 3276 rursus,
3688 3215 3753 3263 ad

2190 3295 2571 3354 absolvendam
2604 3295 2747 3350 illam
2776 3306 2903 3351 ante
2927 3307 3159 3368 emptam
3196 3300 3504 3362 historiam,
3540 3303 3761 3355 reverti-

2193 3401 2279 3443 tur
2332 3388 2752 3460 haudquaquam
2801 3403 3229 3445 consentaneum
3277 3408 3398 3448 esse
3463 3402 3521 3447 ut
3575 3394 3762 3448 existi-

2192 3498 2401 3537 memus
2430 3482 2567 3536 duos
2598 3497 2625 3532 a
2657 3480 2768 3535 Deo
2791 3481 3013 3537 ell‘ectos
3042 3482 3212 3537 fuisse
3238 3484 3498 3549 Adamos,
3523 3486 3614 3539 scd
3641 3486 3763 3539 uni~

2192 3592 2339 3631 cum.
2373 3574 2505 3628 Nam
2543 3574 2683 3628 idem
2730 3590 2948 3646 quoque
2977 3579 3044 3630 de
3093 3577 3305 3643 bestiis,
3333 3578 3400 3632 de
3447 3578 3762 3639 arboribus,

2190 3668 2258 3721 de
2277 3666 2551 3737 paradiso,
2575 3673 2627 3719 et
2652 3664 2872 3722 ﬂuinine
2901 3668 3045 3723 hunc
3066 3669 3269 3740 rigante
3294 3669 3437 3724 fecit.
3462 3668 3594 3724 Cum
3619 3673 3765 3725 en'tn

2197 3758 2474 3813 historiam
2529 3757 2742 3811 illarum
2789 3774 2969 3813 rerum
3016 3761 3258 3814 nondum
3308 3761 3597 3831 perfectam
3634 3765 3762 3817 reli-

2194 3853 2440 3922 quisset,
2478 3852 2565 3906 hic
2606 3851 2721 3922 jam
2755 3852 2891 3905 redit
2922 3852 2990 3906 ad
3021 3867 3137 3906 eam
3172 3853 3580 3907 absolvendam.
3618 3854 3767 3910 Prae-

2195 3949 2340 3994 terea
2377 3940 2481 3994 hoc
2514 3954 2731 4009 quoque
2762 3939 2870 3993 illis
2902 3939 3316 4008 respondemus,
3345 3955 3522 4009 neque
3552 3940 3764 4007 Mosen,

2195 4047 2372 4103 neque
2402 4047 2728 4103 quemquam
2803 4032 3215 4103 prophetarum,
3250 4042 3341 4085 aut
3370 4034 3765 4102 apostolorum,

2191 4122 2273 4174 vel
2299 4122 2753 4192 evangelistarum
2776 4137 3013 4192 unquam
3049 4136 3401 4187 memorasse,
3436 4123 3571 4177 duos
3598 4138 3628 4176 a
3657 4121 3767 4176 Deo

2192 4221 2407 4266 creatos
2430 4210 2754 4280 cﬂectosque
2777 4209 2948 4265 fuisse
2976 4212 3235 4276 Adamos,
3258 4214 3350 4266 sed
3372 4225 3536 4264 unum
3562 4210 3763 4263 solum.

2194 4299 2363 4355 Porro
2403 4300 2685 4353 sciendum
2713 4309 2815 4365 est,
2858 4298 3023 4353 Vetus
3082 4299 3484 4355 Testamentum
3518 4300 3769 4369 pluribus

516 4409 708 4448 versus
762 4393 853 4445 Dei
884 4392 1222 4457 mandatum,
1280 4390 1447 4444 Deum
1498 4404 1673 4459 neque
1714 4404 1809 4458 per
1834 4390 2085 4458 angelum
2122 4387 2166 4440 ῐ)
2197 4390 2649 4444 translationibus
2674 4406 2739 4444 ex
2774 4389 2997 4443 Hebriea
3028 4392 3079 4443 in
3103 4389 3345 4445 Graecam
3379 4390 3615 4461 linguam
3646 4407 3768 4445 esse

517 4499 693 4555 neque
722 4498 818 4552 per
848 4498 962 4536 rem
1000 4482 1238 4550 aliquant
1266 4490 1609 4553 corporatam
1640 4480 1717 4535 illi
1748 4481 2087 4549 apparuisse,

517 4577 608 4630 sed
643 4576 823 4643 ipsum
851 4588 972 4628 sese
1003 4574 1079 4626 illi
1114 4584 1576 4643 repraesentasse;
1623 4587 1729 4626 non
1773 4572 1921 4641 quod
1961 4586 2089 4626 cor-

520 4666 670 4736 poris
699 4665 784 4719 sui
822 4666 1098 4729 sensibus,
1139 4665 1336 4728 Adam,
1367 4673 1714 4735 apparentem
1758 4662 1926 4717 Deum
1964 4678 2089 4733 per-

516 4758 699 4827 cipere
745 4765 947 4825 posset,
998 4757 1090 4811 sed
1141 4756 1341 4810 mentis
1394 4756 1766 4824 intelligentia.
1810 4754 1942 4807 Nam
1985 4754 2089 4808 etsi

516 4849 797 4903 habitabat
851 4849 1066 4916 quidem
1119 4848 1262 4901 intra
1352 4861 1553 4916 corpus
1628 4846 1819 4899 Adami
1884 4846 2094 4908 anima,

522 4956 702 4996 tamen
736 4957 843 4993 non
877 4955 1037 4995 secus
1081 4952 1246 5010 atque
1292 4939 1599 5009 incorporei
1648 4938 1846 5008 angeli,
1879 4952 1943 4991 ea
1974 4952 2093 4990 cer-

521 5048 649 5088 nere
681 5033 827 5086 illam
859 5032 1121 5102 quivissc,
1158 5048 1277 5102 quae
1306 5048 1471 5102 supra
1500 5046 1662 5085 omne
1691 5045 1889 5100 corpus
1919 5040 2091 5084 mate—

522 5126 765 5193 riemque
791 5136 1135 5194 corporatam
1170 5126 1420 5178 feruntur
1455 5141 1467 5177 :
1524 5124 1705 5192 itaque
1741 5137 1865 5176 cum
1898 5121 2089 5192 integri

521 5219 682 5271 etiam
720 5229 831 5271 tum
867 5227 1052 5272 essent
1094 5217 1287 5270 anima
1330 5216 1517 5269 Adami
1550 5229 1762 5277 sensus,
1795 5229 1967 5283 neque
1995 5220 2091 5266 abs

522 5320 746 5376 peccato
787 5308 1168 5385 contaminati,
1214 5308 1380 5361 Deum
1414 5323 1470 5363 sc
1513 5306 1711 5362 mentis
1739 5305 1884 5360 illius
1914 5304 2092 5359 ocul;s

620 5516 663 5544 "
706 5516 847 5571 i’sal.
874 5527 985 5579 ctit,
1032 5514 1113 5568 l6.

2200 4481 2589 4549 transpositunt
2609 4497 2623 4534 :
2646 4478 2831 4549 Syrice
2845 4494 2971 4533 vero
2996 4478 3262 4532 redditum
3285 4492 3405 4532 esse
3423 4494 3526 4531 una
3548 4477 3769 4545 quidem

2201 4574 2642 4643 interpretatione
2663 4587 2728 4626 ex
2748 4572 2865 4641 ipso
2878 4571 3120 4634 Hebraeo,
3137 4570 3242 4624 alte
3253 4584 3309 4623 ra
3330 4583 3536 4623 veroex
3556 4568 3772 4623 Graeco.

2201 4665 2473 4720 Caaterum
2512 4681 2636 4734 qua:
2682 4664 2847 4718 fuerit
2881 4674 2987 4717 tam
3022 4665 3315 4716 multarum
3359 4662 3770 4715 translationum

2201 4774 2392 4820 causa,
2446 4765 2499 4812 et
2533 4774 2651 4828 qua:
2689 4758 2833 4811 inter
2864 4756 3006 4825 ipsas
3050 4756 3265 4809 cretei-is
3315 4755 3536 4823 probior
3578 4755 3771 4807 existi-

2203 4850 2338 4904 mari
2390 4847 2618 4910 debeat,
2685 4861 2807 4900 cum
2864 4846 2986 4899 aliis
3030 4844 3149 4913 cjus
3187 4845 3402 4912 generis
3437 4844 3775 4911 argumentis

2200 4939 2559 4993 disseruimus
2602 4936 2654 4989 in
2688 4949 2753 4989 eo
2780 4934 2918 4988 libro
2949 4949 3107 5001 quem
3153 4932 3227 4985 De
3276 4946 3369 4985 sea:
3414 4932 3595 4985 diebus
3632 4944 3770 4999 prae-

2200 5031 2467 5086 misimus.
2516 5029 2682 5098 Igitur
2726 5027 2781 5081 in
2823 5042 2885 5081 ea
2930 5026 3115 5081 Grzeca
3163 5025 3501 5079 traductioae
3527 5037 3648 5092 quae
3684 5032 3769 5076 est

2206 5120 2559 5191 Septuaginta
2608 5119 2989 5186 interpretum,
3028 5120 3107 5175 sic
3165 5118 3368 5187 scripta
3417 5124 3634 5170 exstant
3676 5114 3771 5167 illa

2203 5214 2368 5268 Mosis
2395 5213 2557 5267 verba
2600 5230 2615 5266 :
2673 5211 2741 5265 Et
2771 5213 3101 5280 plantaverat
3134 5211 3393 5265 Dominus
3427 5209 3569 5263 Deus
3598 5224 3770 5277 para-

2200 5305 2373 5357 disum
2409 5304 2462 5357 in
2488 5301 2636 5357 Edcn
2679 5305 2744 5358 ab
2788 5306 3005 5367 oriente,
3050 5313 3098 5357 et
3132 5304 3304 5367 posuit
3346 5302 3456 5357 illic
3505 5301 3775 5356 hominem

603 5692 712 5755 (li)
754 5692 907 5757 Quod
960 5694 1096 5751 verti
1162 5695 1389 5765 ﬁnxerat
1425 5734 1441 5763 ,
1504 5704 1588 5755 est
1631 5694 1857 5753 verbum
1914 5691 2104 5760 Gabat,
2144 5693 2287 5765 quod
2352 5694 2511 5766 plane
2536 5690 2829 5763 respondet
2861 5691 3069 5751 Graeco.
3104 5694 3350 5758 πλάταις.
