4088 6208
298 360 400 424 5‘25

1439 358 1537 417 DE
1572 358 1980 429 PARADISO.
2016 383 2086 394 -··
2123 361 2316 420 PARS
2358 358 2408 421 I.

3438 355 3543 420 5%

295 479 544 549 μετιεῖσι.
592 471 868 528 Orientem
915 470 1078 544 igitur
1109 469 1380 540 appellant
1407 468 1482 522 illi
1513 469 1862 538 interpretes,
1894 482 1933 542 Α
1971 469 2267 539 prophetiae
2304 467 2447 526 dona
2472 465 2525 520 in
2559 465 2738 536 ipsum
2764 465 3016 530 contulit,
3050 473 3370 534 propnatam
3393 469 3537 524 enim

294 585 414 626 eam
445 579 714 622 terrarum
752 562 1027 632 regionem
1054 577 1118 622 ex
1159 576 1268 633 qua
1301 560 1383 616 sol
1415 560 1702 627 oboritur;
1739 576 1864 614 nam

295 666 351 719 in
384 661 477 716 illo
503 667 682 714 tractu
722 655 1006 711 orientalis
1028 655 1364 724 plantaverat
1399 653 1869 722 collocaveratque

293 754 632 828 paradisum,
681 761 738 804 ut
778 748 1031 811 Basilius,
1095 756 1149 802 ct
1197 747 1315 815 ejus
1363 745 1529 800 l‘rater
1573 746 1869 814 Gregorius

303 854 656 908 sttestantur,
705 851 760 896 et
802 841 1064 896 Dominus
1127 839 1362 892 Severus
1419 853 1655 908 quoque.
1713 837 1869 903 Quod

243 920 255 963 δ
293 953 428 994 vero
455 937 523 990 ad
557 935 732 1004 ipsum
776 945 973 984 nomen
1020 927 1234 993 attinet,
1263 942 1374 997 quo
1413 928 1489 982 illi
1528 924 1668 980 LXX
1703 927 1872 979 inter-

293 1038 476 1100 pretes
551 1026 640 1079 hic
717 1021 890 1076 Adam
952 1030 1150 1074 vocant
1224 1021 1462 1089 (vocant
1534 1018 1681 1073 enim
1738 1015 1871 1070 Bar-

293 1118 439 1174 Noso
473 1115 633 1187 [15]),
669 1114 770 1167 tria
793 1120 921 1167 sunt
942 1111 1202 1167 vocabula
1225 1110 1424 1180 quibus
1447 1110 1558 1164 fere
1585 1109 1868 1178 Scriptura

292 1222 348 1266 et
389 1213 490 1264 hoc
522 1209 640 1263 loco
669 1216 723 1261 et
755 1205 1009 1273 superius
1048 1204 1217 1260 utitur
1249 1219 1348 1275 pro
1386 1202 1581 1257 Adami
1630 1199 1872 1270 appella-

297 1305 480 1366 tione;
529 1298 693 1363 Noso,
747 1294 1044 1360 Bar-Noso,
1089 1296 1284 1350 Adam.
1333 1296 1402 1349 Et
1445 1293 1600 1349 Noso
1651 1292 1870 1362 quidem

292 1404 488 1459 vocat,
547 1392 675 1446 dum
726 1390 802 1446 ait
863 1404 881 1442 .'
953 1387 1236 1442 Faciamus
1297 1385 1447 1441 Naso
1503 1384 1580 1454 (id
1645 1391 1728 1439 est
1774 1385 1873 1436 ho—

293 1487 524 1555 minem)
570 1482 639 1538 αδ
677 1483 960 1552 imaginem
987 1489 1223 1534 nostram
1258 1480 1550 1533 secundum
1617 1475 1872 1530 similitu-

292 1580 469 1633 linem
508 1583 742 1628 nostram
769 1587 788 1634 ;
819 1570 988 1625 Adam
1021 1585 1152 1625 vero
1178 1571 1307 1624 dum
1339 1570 1470 1624 dicit
1504 1588 1517 1622 :
1573 1566 1642 1621 Et
1672 1565 1873 1621 creavit

295 1668 436 1722 Deus
495 1666 664 1720 Adam
720 1662 788 1716 ad
842 1660 1126 1729 imaginem
1179 1674 1330 1712 suam
1370 1678 1386 1714 :
1424 1656 1488 1710 Et
1537 1656 1708 1725 posuit
1761 1651 1874 1706 illic

294 1759 470 1814 Adam
513 1771 667 1825 quem
724 1753 1068 1822 formauerat.
1123 1749 1369 1818 Denique
1422 1746 1733 1808 Bar—Noso,
1783 1744 1872 1798 hic

1969 560 2140 615 fuisse
2171 560 2340 615 Adam
2401 559 2481 613 vel
2528 557 2655 612 hinc
2685 565 2899 614 constat
2927 557 3071 627 quod
3104 572 3199 625 per
3223 556 3536 612 vaticinium

1969 652 2206 707 dixerit:
2240 653 2370 706 Ilwc
2391 651 2510 720 jam
2553 665 2678 702 caro
2703 649 2764 702 de
2818 665 2976 702 carne
3015 665 3126 701 mea
3159 657 3206 702 et
3244 664 3300 702 os
3329 647 3392 701 de
3431 666 3542 702 os~e

1971 761 2104 806 meo,
2159 745 2269 796 hare
2323 744 2594 796 vocabitur
2661 743 2870 806 mulier,
2935 750 3041 795 etc.
3099 739 3336 806 Decimo,
3391 743 3544 798 auxit

1970 834 2144 903 ipsum
2191 832 2478 886 sacerdotii
2514 847 2735 885 munere
2766 849 2779 896 ;
2835 847 2956 886 nam
2991 829 3157 884 fuisse
3179 829 3540 904 saperdotem,

1943 938 2034 984 ex
2085 921 2311 977 Davidis
2357 922 2650 992 psalmistze
2681 923 2861 976 verbis
2889 922 3255 990 cognoscitur,
3291 921 3418 974 dum
3457 937 3550 974 ve-

1974 1015 2076 1069 luti
2121 1016 2433 1083 loquentem
2483 1014 2755 1067 Adamum
2803 1029 2924 1066 cum
2977 1012 3086 1066 Deo
3119 1013 3383 1068 inducens
3418 1014 3542 1068 ait:

1973 1099 2207 1156 Pinxisti
2232 1118 2310 1156 me
2337 1113 2387 1155 et
2431 1102 2654 1171 posuisti
2704 1115 2858 1168 super
2907 1118 3119 1154 manum
3166 1111 3313 1156 tuam
3345 1102 3426 1169 “;
3461 1119 3549 1156 sa-

1974 1194 2273 1249 cerdotium
2325 1193 2469 1248 enim
2530 1209 2791 1248 manuum
2846 1194 3194 1263 impositioue
3243 1193 3544 1256 confertur,

1975 1283 2122 1340 sicut
2160 1294 2210 1339 et
2240 1283 2543 1354 baptismus
2569 1323 2582 1338 .
2625 1283 2945 1350 Undecimo,
2977 1287 3125 1357 regia
3155 1295 3318 1355 atque
3345 1286 3548 1355 princi-

1974 1376 2083 1449 pali
2115 1376 2291 1445 ipsum
2335 1376 2629 1431 donatione
2677 1377 3072 1446 ampliﬁcavit;
3121 1380 3196 1432 ait
3238 1378 3383 1432 enim
3425 1396 3439 1430 :
3478 1376 3549 1430 Et

1974 1471 2326 1525 dominamini
2349 1470 2578 1539 piscibus
2613 1471 2800 1534 maris,
2828 1479 2876 1525 et
2909 1470 3208 1525 volucribus
3232 1473 3366 1526 caeli.
3402 1471 3575 1525 Duo“

1975 1563 2214 1627 decimo,
2263 1562 2337 1615 ita
2381 1562 2558 1630 ipsum
2591 1563 2950 1632 comparavit,
2978 1562 3240 1616 utanimo
3278 1572 3441 1632 atque
3469 1564 3554 1616 in-

1978 1653 2275 1722 telligentia
2349 1668 2446 1707 sua
2535 1654 2740 1722 angelis
2783 1662 2927 1709 esset
2975 1654 3282 1709 lainiliaris.
3331 1654 3552 1710 Decimo

1980 1745 2162 1807 tertio,
2191 1745 2432 1799 condidit
2464 1747 2642 1814 ipsum
2685 1759 2913 1814 corpore
2947 1746 3050 1799 levi
3091 1756 3255 1816 atque
3278 1749 3554 1817 expedito,

295 1848 608 1917 (sequamur
641 1840 780 1897 LXX
803 1843 1160 1910 interpretum
1193 1837 1651 1905 translationem).
1684 1832 1873 1887 Posuit
1905 1831 1947 1886 Β
1980 1845 2290 1892 nouantem
2343 1837 2493 1906 gravi
2519 1837 2678 1906 quale
2703 1835 2920 1892 demum
2940 1837 3107 1892 evasi;
3138 1849 3259 1907 post
3299 1838 3553 1893 violatam

293 1937 410 1994 illic
441 1932 733 1989 Bar-Nosa
761 1933 836 2000 (id
884 1941 989 1993 est,
1027 1929 1198 1984 lilium
1228 1929 1487 1994 hominis)
1520 1943 1672 1998 quem
1704 1927 1872 1994 [inreo

293 2037 401 2098 rat.
456 2029 633 2096 Atque
665 2026 778 2078 haec
822 2024 924 2080 tria
952 2023 1176 2077 nomina
1206 2022 1346 2074 inter
1390 2035 1448 2074 se
1481 2020 1554 2073 ita
1593 2018 1870 2080 dill‘erunt,

294 2131 356 2174 ut
387 2119 534 2176 Naso
565 2118 779 2187 proprie
809 2116 1126 2170 universum
1170 2127 1345 2183 genus
1372 2112 1654 2166 hominum
1689 2121 1875 2165 osten-

291 2214 420 2276 dat;
457 2209 740 2265 BaroNoso
769 2225 896 2263 vero
932 2223 1058 2262 eum
1091 2205 1184 2276 qui
1219 2221 1284 2261 ex
1317 2205 1544 2258 homine
1577 2210 1875 2274 prognatus

295 2303 390 2366 sit,
435 2301 540 2354 hoc
596 2308 699 2363 est,
741 2299 906 2351 ﬁlium
961 2296 1198 2350 hominis
1248 2295 1521 2362 signiticet
1563 2311 1576 2346 :
1625 2304 1680 2347 et
1729 2289 1874 2344 Noso

296 2395 517 2463 quidem
564 2390 890 2461 pluraliter,
926 2383 1208 2440 Βίης-Νοεο
1238 2400 1368 2440 vero
1408 2381 1757 2455 singulariter
1797 2381 1878 2453 (ut

296 2485 376 2537 sic
407 2483 604 2549 dicam)
636 2479 996 2548 accipiantur,
1058 2488 1454 2548 spectentque;
1487 2474 1634 2530 Noso
1667 2474 1780 2528 fere
1807 2475 1872 2528 ad

297 2575 472 2642 ipsam
503 2573 766 2642 speciem,
802 2568 1077 2625 Bar-Noso
1115 2585 1244 2625 vero
1273 2570 1340 2623 ad
1375 2568 1672 2623 individua.
1703 2566 1874 2620 Porro

295 2666 364 2725 de
416 2679 550 2718 voce
601 2663 772 2716 Adam
818 2662 1006 2716 dicunt
1069 2662 1210 2730 apud
1255 2675 1358 2714 nos
1405 2657 1575 2730 Syros
1628 2658 1877 2727 plerique

297 2755 715 2825 appellationem
765 2767 887 2807 esse
939 2752 1323 2822 particularem
1372 2749 1638 2819 hominis,
1676 2765 1870 2818 perso-

301 2863 546 2918 namque
589 2863 752 2900 unam
813 2855 1202 2914 reprwscutarc
1255 2861 1268 2895 :
1323 2858 1512 2897 verum
1565 2841 1654 2896 alii
1694 2840 1884 2893 existi-

297 2951 475 3000 maut,
529 2940 668 3007 apud
711 2938 967 2991 Hebraeos
1013 2951 1212 2990 nomen
1255 2949 1374 2990 esse
1430 2933 1770 3003 specilicum,
1824 2940 1879 2994 et

295 3047 477 3090 totum
514 3049 682 3103 genus
719 3034 1016 3086 humanum
1054 3048 1151 3086 sua
1179 3033 1404 3087 notione
1434 3031 1710 3100 amplecti,
1740 3029 1884 3087 sicut

1975 1926 2168 1996 legem.
2257 1925 2474 1978 Decimo
2551 1933 2747 1994 quarto
2827 1925 2950 1978 deni
2976 1942 3084 1994 ;ue,
3132 1927 3313 1995 posuit
3377 1930 3553 1995 ipsum

1977 2017 2030 2071 in
2079 2016 2332 2087 paradiso
2366 2055 2380 2080 ,
2447 2025 2508 2069 ut
2584 2016 2715 2071 inibi
2784 2017 3144 2074 obiectaretur
3187 2034 3363 2088 neque
3427 2035 3555 2076 cum

1978 2111 2190 2166 caeteris
2253 2108 2583 2163 animalibus
2642 2110 2842 2166 mentis
2909 2111 3222 2180 expertibus
3282 2112 3335 2165 in
3412 2122 3556 2166 terra

1984 2201 2268 2258 nascendo
2329 2201 2550 2270 reliquit
2612 2219 2627 2255 :
2709 2202 2774 2256 Et
2824 2205 3001 2256 enasci
3047 2204 3242 2274 fecerat
3299 2203 3556 2264 Dominus

1981 2294 2121 2348 Deus
2149 2313 2175 2347 ε
2206 2304 2346 2348 terra
2395 2311 2598 2348 onmem
2645 2295 2888 2348 arborem
2919 2297 3031 2366 ipso
3073 2307 3285 2366 aspectu
3312 2308 3558 2352 cometem

1979 2386 2123 2446 dam,
2166 2393 2214 2438 et
2253 2384 2528 2453 pulchram
2557 2386 2625 2437 ad
2653 2387 2955 2439 vescendum
2978 2403 2999 2448 ,'
3023 2387 3111 2442 die
3151 2388 3358 2442 Scilicet
3387 2390 3554 2442 tertio

1981 2477 2314 2545 produxerat
2367 2475 2634 2529 Dominus
2687 2492 2782 2531 eas
2831 2478 3059 2532 arbores
3104 2495 3168 2531 ex
3222 2488 3388 2544 terra,
3433 2497 3554 2532 cum

1981 2569 2186 2624 diceret
2218 2584 2233 2621 :
2267 2567 2532 2620 Producat
2558 2577 2698 2621 terra
2728 2569 2944 2623 herbam
2973 2571 3191 2624 uiridem
3219 2589 3393 2624 semen
3419 2575 3558 2641 [oeti-

1983 2661 2175 2730 ﬁcans,
2216 2670 2265 2714 et
2307 2659 2550 2715 arborem
2584 2661 2944 2730 fructiferam,
2989 2671 3095 2717 etc.
3135 2661 3330 2718 Verum
3377 2666 3462 2718 hic
3490 2669 3556 2719 al

1984 2750 2220 2820 priorem
2248 2749 2395 2802 illam
2432 2749 2800 2804 narrationem
2837 2751 3166 2820 regreditur,
3197 2751 3370 2822 ipsam
3399 2754 3562 2809 abso-

1984 2841 2199 2896 luturus
2227 2841 2356 2910 quin
2405 2842 2520 2912 ipse
2566 2843 2726 2896 etiam
2770 2843 3059 2910 paradisus
3111 2844 3199 2898 die
3247 2845 3339 2898 illo
3397 2846 3560 2902 tertio

1986 2932 2242 2990 consitus
2273 2932 2468 2984 fuerat.
2507 2932 2777 2986 Cancrum
2829 2933 2939 2988 Deo
2971 2936 3222 2989 attribuit
3251 2936 3427 2994 Moses
3468 2940 3560 2996 illa

1985 3023 2151 3079 verba
2187 3042 2200 3078 :
2235 3021 2303 3075 Et
2331 3025 2510 3077 enasci
2543 3025 2742 3093 fecerat
2771 3028 3004 3092 arbores,
3042 3036 3102 3082 ut
3130 3028 3558 3098 intelligeremus

297 3127 540 3187 alitehac
581 3126 817 3178 diximus
872 3125 923 3178 in
975 3123 1382 3179 Commentario
1428 3135 1614 3178 nostro
1668 3124 1733 3177 de
1786 3136 1880 3176 sex
1911 3158 1952 3214 ο
1987 3131 2094 3172 non
2132 3115 2200 3170 ab
2231 3115 2450 3170 homine
2489 3125 2637 3170 satas
2671 3117 2864 3180 fuisse,
2913 3120 2982 3172 ut'
3017 3117 3130 3174 Noe
3181 3122 3344 3176 vitem
3392 3124 3555 3190 sevit,

297 3218 518 3271 diebus.
553 3216 762 3274 llursus
794 3214 887 3267 alii
917 3224 1062 3274 sunt,
1099 3215 1190 3282 qui
1219 3222 1414 3283 putant
1450 3228 1645 3267 nomen
1704 3210 1878 3266 Adam

298 3319 580 3376 stiutptum
611 3322 733 3361 esse
774 3322 838 3362 ex
874 3307 994 3376 ipso
1025 3306 1262 3359 hominis
1293 3319 1520 3374 corpore
1540 3346 1554 3370 ,
1587 3314 1641 3358 et
1669 3303 1717 3356 ei
1752 3317 1883 3373 pro-

301 3401 425 3469 prie
456 3399 770 3468 impositum
807 3411 928 3451 esse
957 3413 1022 3451 eo
1047 3397 1191 3466 quod
1219 3413 1283 3450 ex
1318 3406 1460 3451 terra
1487 3414 1606 3466 quae
1637 3398 1879 3452 Adama-

303 3497 400 3548 tho
429 3492 627 3545 dicitur
646 3489 1026 3544 conﬁrmatum
1057 3490 1128 3542 sit
1158 3505 1171 3540 :
1209 3487 1355 3542 Noso
1385 3503 1514 3544 vero
1545 3489 1612 3544 ad
1641 3491 1879 3544 animum

303 3582 663 3652 peculiariter
690 3591 956 3654 spectare.
987 3579 1254 3637 Caeterum
1289 3581 1420 3649 quid
1452 3581 1558 3635 sibi
1593 3581 1720 3634 velit
1750 3582 1881 3636 illud

305 3684 470 3726 terrze
505 3670 854 3734 vocabulum,
889 3669 1214 3734 Adamotho,
1271 3668 1384 3724 illic
1415 3684 1634 3738 quoque
1663 3685 1694 3722 a
1726 3670 1882 3730 nobis

303 3772 388 3822 cst
414 3761 767 3829 explicatum.

379 3851 566 3909 Dei”
622 3850 870 3924 beneﬁcia
930 3850 984 3903 in
1039 3847 1322 3902 Adamum.
1359 3847 1653 3903 —Verum
1707 3863 1880 3903 cmm-

310 3964 443 4008 νοω
475 3961 654 4018 opera:
686 3946 918 4016 pretium
968 3953 1050 4000 est
1100 3952 1159 3997 ut
1205 3942 1478 4012 expendas
1517 3943 1604 3996 hic
1632 3950 1884 3996 accurate

306 4038 458 4113 apud
513 4040 757 4092 animum
789 4045 965 4102 tuum,
1000 4051 1162 4106 quam
1197 4034 1386 4090 multis
1432 4035 1612 4088 niodis
1639 4038 1882 4090 cohone-

309 4131 544 4186 staverit
571 4127 712 4182 Deus
739 4127 1032 4181 Adamum.
1065 4125 1245 4179 Primo
1274 4127 1418 4180 enim
1453 4140 1578 4180 cum
1611 4126 1667 4181 in
1703 4143 1881 4182 rerum

309 4231 508 4276 natura
563 4234 790 4289 prorsus
840 4235 947 4272 non
1002 4228 1177 4283 esset,
1223 4220 1564 4286 procreavit,
1621 4219 1886 4290 etlicitque

311 4315 496 4383 ipsum
524 4328 591 4366 ex
627 4311 797 4366 nihilo
830 4319 890 4365 ut
923 4309 1128 4382 aliquid
1179 4317 1344 4364 esset.
1378 4311 1583 4366 Deinde
1625 4310 1692 4366 ad
1728 4327 1882 4366 suam

313 4406 490 4473 ipsius
591 4404 878 4474 imaginem
969 4413 1024 4456 et
1117 4401 1526 4458 similitudinem
1623 4404 1882 4458 COndidil.

1987 3215 2084 3262 aut
2111 3207 2247 3260 alias
2272 3208 2518 3273 arbores,
2553 3208 2643 3261 alii
2667 3227 2682 3275 ;
2714 3212 2810 3266 sed
2838 3211 3007 3280 ipsius
3036 3210 3128 3264 Dei
3159 3228 3290 3266 cura
3325 3229 3389 3268 ac
3418 3226 3556 3269 nutu

1987 3309 2372 3369 prmccptoque
2413 3299 2714 3365 exstitisse,
2743 3301 2896 3370 juxta
2937 3303 3067 3356 illud
3097 3302 3400 3362 Psalmistte
3433 3324 3447 3361 :
3490 3305 3560 3362 Et

1988 3390 2130 3452 cedri
2154 3390 2346 3446 Libani
2397 3408 2528 3461 quas
2576 3393 2836 3461 plantavit
2879 3395 2946 3448 "’.
2981 3394 3090 3450 Sed
3125 3397 3295 3451 videri
3327 3409 3562 3469 possunt

1988 3484 2155 3537 verba
2181 3486 2358 3550 potius
2382 3486 2448 3542 ad
2478 3485 2618 3538 [tunc
2649 3487 2870 3540 modum
2899 3503 3021 3544 esse
3049 3489 3270 3559 legenda
3295 3507 3309 3542 :
3341 3489 3559 3546 Omnem

1994 3575 2235 3628 arborem
2259 3575 2535 3644 pulchram
2570 3576 2639 3629 ad
2678 3581 3040 3650 spectandum,
3078 3589 3128 3634 et
3151 3586 3561 3652 exspectandam

1987 3669 2060 3722 ad
2093 3668 2422 3732 vescendum,
2452 3669 2798 3735 pulchritudo
2820 3672 2967 3724 enim
2997 3673 3061 3726 ad
3096 3673 3310 3728 videndi
3339 3691 3560 3730 sensum

1991 3763 2244 3829 pertinet,
2289 3760 2562 3829 appetitus
2594 3776 2724 3815 vero
2761 3765 2826 3816 ad
2859 3763 3043 3816 cibum
3086 3775 3312 3832 spectat.
3363 3764 3556 3820 Verum

1986 3852 2274 3907 consuevit
2302 3849 2584 3920 Scriptura
2612 3855 2976 3922 appetendam
3010 3855 3212 3910 referre
3243 3859 3307 3910 ad
3347 3860 3560 3924 oculos,

1991 3945 2151 4014 quale
2195 3953 2278 3998 est
2310 3943 2439 3997 illud
2489 3944 2718 4000 Joannis
2759 3947 3106 4016 evangelista:
3157 3950 3212 4002 in
3267 3950 3505 4019 Epistula
3542 3970 3559 4008 :

1992 4035 2164 4091 Omne
2185 4035 2322 4106 quod
2339 4036 2488 4090 estin
2515 4043 2729 4099 mundo,
2753 4039 3178 4107 concupiscentia
3204 4041 3438 4108 corporis
3462 4052 3560 4108 est,

1991 4137 2040 4182 et
2076 4127 2500 4196 concupiscentia
2547 4128 2820 4182 oculorum
2850 4129 2918 4183 ε’.
2972 4128 3037 4181 Et
3087 4131 3326 4182 arborem
3359 4133 3480 4184 vita:
3509 4137 3562 4185 in

1993 4219 2163 4272 ntedio
2201 4219 2476 4287 paradiso,
2519 4229 2566 4272 et
2613 4219 2855 4273 arborem
2893 4223 3126 4274 scientia:
3165 4221 3289 4273 boni
3317 4233 3365 4274 et
3409 4223 3561 4276 ntali.

1994 4312 2141 4366 Duas
2169 4313 2246 4368 ait
2278 4311 2567 4366 Dominum
2595 4313 2778 4367 enasci
2814 4315 3007 4369 fecisse
3033 4315 3258 4371 arbores
3297 4317 3352 4369 in
3385 4316 3564 4371 medio

1996 4404 2272 4473 paradiso,
2307 4405 2532 4458 alteram
2573 4405 2712 4469 vitac,
2758 4407 2983 4460 alteram
3038 4410 3302 4464 scientiae.
3359 4410 3562 4465 Viden-

319 4495 532 4561 Tertio,
562 4512 686 4549 cum
725 4497 901 4564 ipsius
931 4494 1093 4564 longe
1139 4496 1485 4564 praestantior
1513 4505 1659 4551 esset
1695 4506 1887 4550 natura
1926 4513 1967 4566 ο
1997 4497 2125 4551 dum
2159 4497 2324 4564 igitur
2361 4497 2454 4564 qui
2502 4497 2616 4551 lieri
2667 4502 2925 4568 potuerit.
2987 4511 3039 4554 ut
3091 4501 3212 4556 duae
3244 4502 3469 4558 arbores
3511 4505 3563 4558 in

312 4605 490 4662 quam
535 4590 625 4644 cui
666 4605 860 4644 nianus
901 4587 1160 4656 vocisque
1203 4603 1336 4640 usus
1367 4588 1589 4641 attribui
1625 4588 1886 4650 deberet,

313 4691 504 4736 tamen
532 4681 685 4738 illum
719 4688 772 4732 et
819 4677 1069 4732 manibus
1102 4679 1218 4732 suis
1249 4675 1492 4743 tinxisse,
1523 4687 1576 4732 et
1603 4693 1733 4732 voce
1763 4677 1893 4734 alia»

306 4781 408 4828 tus
464 4784 590 4830 esse
645 4767 752 4822 dici
802 4767 997 4822 voluit.
1051 4764 1289 4833 Quarto,
1345 4766 1629 4819 conditura
1684 4765 1890 4819 ratione

313 4863 560 4926 ornavit,
609 4875 718 4930 qua
775 4859 988 4914 caneris
1036 4857 1406 4916 animantibus
1456 4858 1544 4912 illa
1578 4857 1891 4912 carentibus

313 4962 653 5024 praestaret;
688 4951 915 5018 Quinto,
947 4950 1033 5005 sui
1073 4950 1386 5027 cognitione
1427 4949 1604 5019 ipsum
1632 4949 1890 5018 dignatus

317 5055 418 5101 est.
450 5043 638 5109 Sexto,
664 5044 888 5102 admisit
917 5043 1094 5111 ipsum
1125 5042 1290 5097 veluti
1326 5043 1380 5096 in
1406 5058 1560 5097 suam
1598 5041 1890 5096 familiari-

322 5143 510 5204 tatem,
548 5147 604 5195 ut
647 5152 711 5192 ea
752 5152 877 5192 sese
923 5151 1022 5206 pro
1053 5134 1288 5196 arbitrio
1314 5135 1632 5197 oblectaret,
1663 5134 1892 5188 medita-

325 5228 558 5286 tionibus
587 5229 1252 5298 conlemplationibusque
1271 5225 1470 5281 divinis
1501 5241 1702 5281 vacans
1732 5236 1895 5295 atque

323 5319 632 5389 indulgens.
713 5321 1004 5390 Septimo,
1085 5319 1548 5376 immortalitatem
1615 5316 1889 5387 promisit.

317 5406 543 5476 Octavo,
593 5411 836 5471 maxime
883 5411 1061 5481 ipsum
1124 5411 1391 5481 sapientia
1450 5409 1667 5469 imbuit.
1718 5411 1892 5476 Nono,

388 5572 434 5602 ⁶⁶
473 5569 620 5626 I’sal.
652 5585 915 5634 cxxxvm,
953 5569 1038 5627 16,
1132 5567 1174 5600 ⁸⁷
1215 5567 1357 5623 Psal.
1391 5584 1506 5634 cur,
1545 5569 1629 5623 16.

1999 4587 2118 4657 ipso
2163 4595 2443 4650 exstarent
2493 4588 2730 4656 paradisi
2797 4592 3099 4645 meditullio
3143 4610 3155 4646 :
3216 4608 3376 4647 unam
3416 4595 3563 4649 enim

1999 4680 2171 4734 solam
2203 4695 2365 4748 posse
2411 4681 2650 4736 medium
2692 4682 2944 4738 obtinere
2997 4684 3174 4739 locum
3213 4701 3372 4739 nemo
3405 4703 3570 4757 nuga-

2001 4771 2164 4837 verit,
2202 4780 2254 4828 at
2298 4773 2423 4828 duae
2454 4783 2513 4828 ut
2543 4774 2707 4828 simul
2749 4775 2927 4829 medio
2970 4777 3230 4845 quopiam
3269 4778 3390 4834 loco
3419 4780 3566 4835 exsi-

1996 4869 2162 4927 stant,
2199 4878 2302 4918 non
2339 4864 2422 4918 las
2464 4872 2572 4920 est.
2607 4862 2744 4920 Sunt
2793 4865 2956 4936 igitur
3003 4868 3095 4937 qui
3139 4867 3318 4923 dicant
3352 4871 3564 4926 unicam

1996 4952 2166 5009 fuisse
2214 4955 2266 5008 in
2316 4955 2434 5023 ipso
2487 4956 2666 5010 medio
2726 4959 3034 5025 consitam,
3084 4975 3204 5016 eam
3263 4977 3385 5031 qua:
3447 4964 3567 5017 vita:

1996 5054 2241 5110 vocatur,
2268 5047 2493 5102 alteram
2525 5065 2656 5105 vero
2676 5066 2798 5120 quae
2819 5052 3120 5122 appellatur
3147 5055 3388 5110 scientia!
3412 5057 3565 5124 juxta

1997 5136 2147 5190 illam
2207 5137 2330 5192 vita:
2383 5139 2657 5197 exstitisse
2713 5152 2911 5199 satam.
2969 5145 3072 5198 Sed
3125 5145 3210 5200 his
3274 5146 3568 5214 objicimus

1998 5230 2172 5298 ipsam
2213 5231 2549 5300 Scriptorum
2578 5253 2591 5298 ;
2626 5251 2746 5304 (μην
2771 5239 2928 5290 verba
2962 5239 3052 5290 illa
3083 5254 3098 5292 :
3125 5240 3190 5294 In
3216 5238 3386 5291 medio
3407 5253 3568 5305 para-

2000 5321 2137 5382 diso,
2199 5323 2264 5378 ad
2316 5336 2604 5394 utramque
2662 5313 2912 5383 arborem
2978 5331 3400 5392 accommodat,
3456 5344 3566 5385 non

2002 5423 2187 5470 autem
2224 5416 2290 5471 ad
2321 5433 2440 5472 eam
2469 5434 2594 5488 quae
2627 5421 2750 5476 vita:
2772 5432 2882 5489 est,
2916 5424 3109 5479 solam.
3134 5422 3250 5478 lloc
3271 5422 3415 5478 enim
3444 5423 3574 5479 inde

1709 5570 1751 5601 ⁸⁸
1791 5570 1809 5625 1
1841 5569 1999 5626 .loao.
2035 5588 2099 5635 ll,
2130 5573 2218 5628 lli.

548 5707 714 5796 iApttd
746 5705 883 5768 LXX
934 5708 986 5765 in
1029 5707 1218 5773 Graeco
1272 5717 1375 5768 est.
1417 5705 1717 5777 ἂνθρωποι)
1765 5709 1911 5779 quod
1952 5712 2113 5775 Sirus
2183 5717 2473 5794 interpres,
2508 5730 2667 5796 quem
2716 5728 2907 5773 auctor
2949 5717 3218 5788 sequitur,
3259 5719 3436 5777 reddit
3465 5720 3576 5776 itlie

283 5777 587 5836 Barnoso.
