4100 6212
363 304 470 367 ὖῖ)

1529 305 2046 368 DE-PARADiSO
2111 327 2178 339 -··
2223 301 2413 362 PARS
2451 300 2505 360 Ῑ.

3461 311 3464 314 ·
3533 284 3639 349 530

365 419 514 473 fluvii
543 417 707 474 simul
739 425 901 488 atque
929 419 1158 474 derivati
1186 427 1314 474 sunt
1344 419 1531 474 abillo
1557 421 1946 491 principaliore
2057 412 2165 472 illic
2189 417 2332 471 haud
2363 414 2457 468 diu
2490 410 2715 476 mansit,
2750 423 2871 469 sua.
2902 401 3326 461 uonEil’ectoris
3357 401 3442 456 sui
3475 401 3633 470 culpa

361 511 630 564 ﬁtmtine:
662 510 903 578 absorpti
935 510 1038 564 sub
1062 510 1363 576 Oceanum,
1397 513 1614 566 tandem
1650 513 1940 582 prosiliunt

366 603 420 654 in
460 601 642 656 medio
679 609 943 656 terrarum
977 604 1124 660 orbe.
1169 604 1408 659 fontibus
1443 619 1554 658 non
1590 604 1776 673 procul
1807 605 1946 657 inter

351 708 422 745 se
446 691 727 756 dissipatis
756 708 820 746 ac
845 694 1086 762 prolapsi
1124 695 1378 749 desinunt
1425 695 1476 749 in
1510 711 1662 750 mare
1692 694 1946 750 Australe

368 781 542 849 ipsius
572 782 776 837 Bosraz.
806 783 972 838 Porro
1001 784 1172 839 Assur
1207 794 1364 840 vocat
1393 787 1667 854 regionem
1701 787 1858 840 Attur
1895 794 1949 838 et

365 871 743 929 Ninevitarum
777 890 839 929 ac
869 873 1193 944 Bethgarme
1213 915 1228 939 ,
1271 877 1487 945 aliaque
1518 870 1948 946 circumquaque

369 967 450 1020 his
475 967 788 1035 adjacentia
820 968 956 1022 loca.
987 967 1090 1022 Sed
1113 968 1536 1037 eniquuzerunt
1557 969 1645 1023 hic
1674 969 1944 1032 homines,

366 1057 464 1124 qui
501 1058 672 1126 possit
710 1059 822 1112 fieri
857 1068 914 1112 ut
946 1058 998 1111 hi
1032 1069 1266 1126 quatuor
1297 1057 1443 1112 ﬂuvii
1481 1059 1698 1113 veniant
1726 1075 1755 1112 e
1785 1074 1948 1128 para-

369 1146 496 1200 diso
524 1188 538 1211 ,
565 1158 619 1202 et
656 1149 1028 1218 absorpti-sub
1059 1149 1332 1204 Oceanum
1378 1150 1516 1205 intra
1552 1159 1710 1204 terra-
1741 1151 1949 1205 viscera

377 1248 578 1304 mcent,
612 1255 672 1293 ac
701 1241 914 1293 tandem
943 1249 1242 1310 emergant,
1282 1240 1738 1311 eﬁ‘undanturque
1762 1242 1815 1296 in
1849 1241 1952 1296 hac

378 1328 766 1380 nostra-terra!
803 1325 1001 1380 Verum
1047 1327 1187 1381 hanc
1212 1328 1592 1396 qumstionem,
1629 1340 1684 1384 et
1711 1329 1831 1397 ejus
1858 1345 1952 1399 ge-

373 1420 521 1472 neris
570 1420 707 1473 alias
752 1419 860 1488 jam
909 1419 1042 1473 satis
1083 1420 1454 1476 dissolvimus.
1516 1421 1688 1477 Porro
1743 1421 1953 1486 Moses,

372 1507 643 1575 explicata
675 1509 988 1559 narratione
1016 1522 1204 1561 carum
1237 1524 1419 1562 rerum
1456 1523 1576 1578 quae
1607 1509 1672 1565 ad
1711 1510 1948 1579 paradisi

374 1595 586 1648 laudem
647 1593 1215 1664 magniﬁcentiamque
1249 1614 1260 1649 :
1297 1596 1421 1650 item
1474 1612 1659 1651 earum
1712 1613 1832 1668 qua:
1889 1600 1953 1653 ad

374 1681 576 1736 ﬁumen
609 1681 796 1749 ingens
827 1697 936 1750 quo
976 1681 1062 1736 ille
1098 1683 1304 1752 rigatur
1338 1703 1350 1738 :
1387 1683 1624 1756 denique
1653 1686 1718 1740 ad
1751 1687 1956 1741 seduli-

2054 508 2252 564 cveuit.
2280 505 2436 572 Quod
2458 517 2626 575 porro
2645 500 2916 570 sequitur:
2947 495 3011 551 Ut
3033 512 3151 550 eum
3176 494 3368 547 coleret
3393 503 3441 546 et
3469 504 3649 545 casto-

2053 601 2223 663 diret,
2259 612 2490 668 quanam
2544 594 2836 650 sententia.
2871 591 2972 646 erit
3008 586 3426 657 accipiendum?
3492 584 3649 656 Nunc

2056 691 2188 762 quid
2223 689 2508 761 paradisus
2542 687 2750 742 cultore
2781 683 3076 762 cgebat,_in
3108 695 3216 750 quo
3249 679 3448 734 silvosa
3476 679 3648 732 senti-

2055 797 2290 851 cosaque
2311 779 2566 835 materies
2591 795 2695 832 non
2720 775 3136 833 succrescebat?
3159 775 3270 828 haec
3296 771 3441 826 enim
3466 779 3652 841 postea

2054 891 2151 945 per
2179 873 2607 929 exsecrationem
2649 870 2811 939 cmpit
2844 870 2896 923 in
2921 883 2982 924 ea
3021 877 3188 931 terra,
3220 874 3342 935 quae
3367 874 3516 919 extra
3549 878 3647 930 pa-

2058 964 2301 1017 radisum
2351 972 2498 1027 erat,
2542 962 2746 1016 enasci.
2783 959 3051 1013 Praeterea
3081 958 3172 1028 qui
3223 957 3399 1026 potuit
3443 957 3654 1010 cultore

2058 1070 2196 1124 opus
2257 1055 2458 1108 habere
2510 1052 2838 1122 paradisus,
2875 1050 3052 1104 omnis
3104 1049 3316 1119 generis
3360 1047 3649 1102 arboribus

2059 1145 2381 1200 abundans?
2443 1144 2676 1214 denique
2741 1143 3016 1213 quomodo
3071 1141 3367 1201 coluisset.
3413 1138 3634 1209 quando

2060 1251 2237 1306 neque
2267 1235 2504 1301 sarcula,
2552 1249 2744 1304 aequae
2797 1248 2996 1303 scopae,
3027 1242 3122 1286 aut
3175 1231 3411 1286 alterius
3438 1237 3650 1299 generis

2064 1328 2426 1382 instrumenta
2453 1327 2678 1382 cultura:
2703 1324 2840 1380 facta
2885 1323 3372 1379 erant...Sintiliter
3414 1338 3647 1391 quorum

2064 1419 2297 1474 habebat
2322 1419 2576 1474 custodia
2601 1432 2740 1487 opus
2773 1416 3079 1486 paradisus,
3109 1430 3232 1468 cum
3263 1415 3393 1467 nulli
3419 1429 3649 1483 usquam

2063 1515 2393 1570 exsisterent
2440 1512 2594 1582 egeni
2641 1509 2929 1564 homines?
2967 1508 3106 1574 Quid
3145 1522 3273 1575 ergo
3322 1507 3424 1561 sibi
3463 1507 3652 1559 volunt

2064 1607 2153 1661 illa
2181 1606 2364 1661 verba:
2407 1603 2476 1658 Ut
2524 1603 2712 1657 coleret
2763 1599 3181 1654 etcustodiret?
3236 1599 3652 1667 Respondemus

2067 1696 2262 1750 nonid
2313 1693 2618 1765 signiﬁcare
2668 1690 2949 1746 fodiendas
3000 1688 3086 1742 illi,
3118 1688 3288 1743 fuisse
3342 1688 3563 1742 scrobes
3596 1686 3647 1738 in

375 1780 544 1826 tatem
583 1772 674 1826 Dei
712 1772 1016 1828 conditoris
1061 1774 1205 1830 illius
1245 1783 1407 1842 atque
1436 1779 1634 1832 saturis
1665 1788 1911 1848 spectant
1943 1778 2034 1834 :B
2063 1789 2259 1860 quibus
2282 1787 2495 1858 plantas
2523 1791 2850 1846 consereret,
2883 1787 2940 1834 ut
2961 1778 3074 1834 Noe
3100 1779 3312 1832 vineam
3341 1820 3354 1843 ,
3381 1786 3474 1830 aut
3504 1776 3649 1829 Ιειὺο·

375 1862 573 1916 transit
619 1863 684 1916 ad
727 1863 1016 1918 dicendum
1048 1866 1113 1919 de
1147 1865 1368 1921 inducto
1397 1869 1605 1924 Adamo
1636 1871 1687 1924 in
1737 1872 1955 1941 paradi-

373 1969 493 2006 sum
522 1954 606 2008 his
636 1954 811 2009 verbis
843 1974 858 2005 :
893 1954 957 2008 Et
992 1959 1191 2025 accepit
1220 1957 1474 2013 Dominus
1500 1961 1638 2016 Deus
1663 1962 1952 2026 Adamum,

375 2054 425 2097 α
446 2046 617 2113 pasuit
647 2047 818 2113 ipsum
858 2047 908 2099 in
934 2049 1185 2116 paradiso
1217 2048 1386 2105 Eden.
1415 2051 1535 2116 Quo
1575 2054 1758 2108 habitu
1790 2071 1957 2125 appa-

376 2136 547 2189 ruerit
578 2137 716 2191 Deus
746 2139 974 2202 Adamo,
1009 2138 1245 2195 diximus
1285 2158 1480 2211 nuper.
1541 2142 1659 2197 Jam
1695 2161 1822 2200 vero
1859 2148 1960 2202 hoc

379 2226 673 2282 videndum
701 2238 804 2294 est,
827 2232 990 2296 unde,
1015 2240 1068 2286 et
1093 2249 1200 2302 quo
1226 2235 1507 2290 sustulerit
1535 2237 1710 2306 ipsum
1741 2241 1961 2308 quando

378 2317 661 2385 Scriptura
697 2320 768 2373 ait
802 2337 815 2374 :
845 2319 916 2372 Et
963 2324 1158 2390 accepit
1194 2324 1448 2380 Dominus
1489 2326 1625 2381 Deus
1671 2329 1958 2384 Arionium.

378 2408 549 2476 Igitur
577 2411 796 2480 quidam
833 2424 1025 2482 putant
1049 2414 1444 2472 ex..ler,usalem
1481 2419 1753 2474 sublatura
1790 2431 1964 2476 trans-

378 2502 568 2556 tulisse
598 2503 648 2556 in
685 2505 997 2573 paradisum
1032 2525 1044 2559 :
1084 2523 1207 2560 nam
1244 2508 1296 2561 in
1324 2506 1625 2564 Jerusalem
1668 2510 1959 2566 formatum

377 2607 522 2656 esse,
561 2594 647 2648 ubi
675 2605 735 2648 et
757 2607 982 2650 mortem
1019 2599 1182 2651 etiam
1217 2599 1433 2653 obierit.
1482 2600 1586 2655 Alii
1620 2617 1747 2656 vero
1773 2603 1961 2658 existi-

381 2694 528 2737 mant
556 2726 572 2750 ,
620 2701 683 2739 ex
738 2686 858 2740 loco
893 2689 1183 2744 humiliore
1228 2699 1392 2760 atque
1423 2692 1612 2747 viliore
1672 2695 1963 2749 sustulisse

379 2778 435 2830 in
469 2778 644 2832 locum
677 2780 962 2836 sublimem
995 2782 1476 2852 magniﬁcumque,
1530 2793 1582 2840 et
1612 2787 1777 2840 veluti
1807 2803 1963 2842 crea-

386 2877 500 2922 tum
542 2885 570 2922 a
605 2887 663 2925 se
699 2857 876 2942 regem
914 2873 1193 2929 induxisse
1226 2875 1278 2928 in
1328 2877 1562 2946 regalem
1615 2879 1820 2934 sedem.
1859 2879 1963 2934 Sed

382 2976 622 3029 quonam
651 2963 799 3017 illum
832 2966 992 3019 modo
1019 2967 1276 3020 sustulit?
1309 2966 1657 3038 Respondent
1684 2971 1961 3037 nonnulli,

380 3053 433 3105 id
473 3054 615 3123 quod
652 3055 926 3124 Scriptura
969 3059 1081 3111 ait:
1117 3057 1179 3112 Et
1223 3062 1462 3130 accepit,
1496 3062 1631 3115 nihil
1669 3063 1812 3117 aliud
1851 3064 1955 3118 sibi

380 3145 518 3198 velle
545 3161 707 3214 quam
741 3146 906 3201 Deum
943 3150 1146 3206 dixisse
1186 3154 1250 3206 ad
1297 3154 1446 3208 illum
1479 3173 1491 3206 :
1522 3153 1645 3219 Abi,
1675 3157 1964 3225 ipsumque

380 3237 643 3291 continuo
697 3239 1000 3308 profectum
1044 3258 1182 3297 esse.
1233 3243 1336 3298 Sed
1389 3246 1472 3299 his
1526 3246 1795 3314 objiciunt
1845 3247 1961 3313 alii,

383 3326 650 3380 incertum
680 3329 848 3385 fuisse
872 3331 1102 3396 Adamo,
1143 3333 1302 3397 unde,
1329 3347 1381 3389 et
1410 3351 1518 3405 quo
1541 3336 1694 3390 abire
1719 3337 1960 3394 deberet.

383 3412 594 3478 Quibus
623 3416 694 3468 illi
724 3419 1070 3486 respondent,
1101 3419 1200 3488 ipsi
1227 3421 1277 3473 in
1312 3433 1545 3477 mentem
1578 3423 1792 3478 venisse
1822 3427 1964 3480 unde

383 3516 439 3580 et
465 3522 574 3573 quo
597 3509 905 3561 abeundum
941 3511 1065 3575 sibi,
1095 3521 1256 3580 atque
1285 3513 1372 3566 ubi
1405 3513 1758 3569 habitandum
1790 3525 1961 3580 esset,

386 3596 546 3648 sicuti
606 3599 718 3651 tisa
775 3600 1052 3668 prophetis
1103 3601 1275 3656 solent
1331 3605 1572 3660 evenire.
1624 3604 1826 3661 Verum
1873 3606 1965 3662 alii

385 3688 594 3740 malunt
633 3689 966 3754 existimare,
1040 3690 1204 3744 Deum
1243 3693 1452 3748 Adamo
1501 3695 1734 3751 humana
1787 3699 1968 3766 specie

385 3776 729 3844 apparuisse,
773 3778 1067 3848 ipsumque
1113 3781 1514 3848 apprehensum
1567 3789 1968 3850 transportasse

386 3867 440 3919 in
469 3869 806 3936 paradisum.
837 3870 940 3923 Sed
969 3870 1118 3924 dices
1143 3889 1155 3924 :
1185 3872 1300 3925 sive
1325 3887 1421 3940 per
1448 3873 1642 3929 mentis
1672 3874 1964 3940 visionem,

362 3959 504 4013 sive
539 3976 633 4029 per
667 3961 959 4015 liumanam
1005 3962 1227 4032 ﬁguram
1278 3963 1353 4017 illi
1404 3966 1751 4034 apparuerit;
1803 3977 1968 4037 atque

367 4051 463 4104 'ila
503 4053 858 4116 transtulerit,
892 4070 1088 4123 magno
1121 4054 1296 4110 fuisse
1333 4071 1471 4125 opus
1501 4058 1758 4126 temporis
1791 4061 1968 4128 spatio

391 4144 460 4195 ad
513 4144 620 4197 iter
665 4144 765 4199 hoc
801 4145 1222 4199 conﬁciendum.
1273 4145 1444 4216 Igitur
1477 4158 1658 4202 nostra
1695 4151 1966 4204 sententia

393 4244 495 4298 cst,
533 4233 699 4287 Deum
742 4236 1006 4292 formasse
1032 4239 1297 4292 Adamum
1329 4248 1477 4294 extra
1514 4241 1852 4309 paradisum,
1883 4252 1969 4297 at-

367 4345 369 4347 ί
397 4340 502 4404 que
525 4325 676 4380 illinc
703 4340 978 4399 arreptum
1007 4331 1316 4385 sustullisse
1343 4332 1394 4385 in
1422 4333 1755 4401 paradisum,
1787 4335 1970 4405 ibique

2065 1880 2232 1936 riosis
2257 1879 2436 1948 ipsum
2461 1874 2838 1932 instrumentis
2862 1872 3135 1942 operando
3160 1869 3459 1922 molestiam
3485 1868 3649 1920 ullam

2060 1970 2242 2025 subire
2259 1969 2530 2033 debuisse,
2556 1965 2650 2021 sed
2672 1965 2723 2019 in
2749 1980 2814 2018 eo
2833 1965 3064 2034 positum
3084 1959 3252 2015 fuisse
3276 1959 3478 2013 cultum
3500 1958 3648 2010 illum

2063 2069 2121 2114 ιιι
2161 2059 2292 2113 inibi
2319 2058 2500 2112 locum
2526 2055 2630 2110 sibi
2668 2069 2766 2124 pro
2785 2052 3119 2106 habitatione
3155 2057 3386 2118 aptaret,
3427 2048 3652 2116 viasque

2061 2165 2125 2203 ac
2178 2150 2418 2204 semitas
2467 2130 2669 2217 quibus
2721 2143 3009 2200 commode
3059 2149 3243 2210 posset
3272 2140 3652 2204 obambulare,

2060 2242 2430 2310 complanaret
2455 2279 2470 2304 ,
2524 2254 2593 2293 ne
2625 2236 2832 2293 scilicet
2883 2236 3092 2288 otiosus
3123 2241 3296 2287 esset:
3331 2231 3547 2300 quando
3583 2247 3648 2283 ex

2070 2336 2183 2388 otio
2217 2333 2446 2403 plurima
2473 2340 2807 2386 enascantur
2833 2329 2996 2389 mala,
3031 2327 3184 2396 juxta
3214 2326 3342 2380 illud
3377 2325 3652 2394 Sapientis

2061 2426 2345 2495 cujusdam
2384 2442 2399 2479 :
2435 2425 2617 2478 Otium
2674 2422 2875 2477 malum
2937 2431 3060 2486 est,
3129 2429 3183 2473 et
3220 2419 3463 2472 frondent
3517 2417 3655 2486 parit

2064 2517 2298 2585 pigritia.
2361 2515 2424 2568 lit
2475 2515 2637 2568 divus
2684 2511 2884 2566 Paulus
2916 2513 3044 2567 dicit
3085 2528 3098 2564 :
3136 2510 3260 2565 Nisi
3298 2508 3447 2562 aliud
3486 2525 3645 2578 quam

2064 2609 2230 2660 otium
2271 2607 2573 2674 agentes“.
2613 2605 2676 2658 Et
2705 2605 2832 2659 alibi
2857 2606 2953 2664 ait.
2984 2601 3247 2672 quasdam
3283 2599 3516 2655 feminas
3542 2615 3652 2655 non

2063 2696 2238 2751 solum
2269 2696 2472 2751 otiosas
2502 2710 2648 2760 esse,
2676 2708 2861 2748 verum
2899 2693 3059 2746 etiam
3091 2689 3456 2760 quarumdam
3481 2688 3652 2742 mala-

2066 2806 2185 2843 rnm
2219 2804 2398 2844 rerum
2440 2788 2785 2843 occasionem
2830 2784 3374 2846 dare"..C:cterum,
3410 2781 3554 2850 quod
3588 2782 3656 2835 de

2067 2879 2423 2935 custodiendo
2477 2879 2732 2948 paradiso
2785 2877 2994 2932 dictum
3039 2885 3140 2940 est,
3173 2875 3240 2929 id.
3271 2875 3336 2927 ad
3387 2874 3652 2928 arcendas

2067 2969 2190 3024 inde
2215 2956 2419 3024 bestias
2449 2975 2687 3034 spectat;
2719 2965 2954 3036 paradisi
2997 2965 3139 3019 enim
3190 2965 3362 3017 vineae
3401 2963 3651 3030 hortique

2068 3061 2158 3114 alii
2185 3061 2403 3130 quando
2439 3063 2510 3114 ab
2543 3059 2853 3113 hominibus
2904 3057 3106 3112 deserti
3149 3067 3397 3120 manent,
3428 3057 3653 3110 concul-

2070 3161 2284 3213 cantur,
2318 3152 2812 3220 opprintnnturque
2837 3167 2866 3204 a
2910 3151 3060 3204 feris.
3087 3149 3258 3219 Igitur
3296 3157 3347 3199 et
3379 3149 3558 3202 colere
3596 3154 3678 3203 et.

2069 3242 2372 3303 custodire.
2417 3242 2482 3296 ad
2532 3258 2718 3295 curam
2759 3240 3108 3294 habitationis
3156 3238 3346 3294 Adami
3405 3248 3651 3308 spectat;

2069 3349 2244 3402 neque
2293 3334 2436 3388 enim
2494 3334 2558 3387 ad
2612 3333 2868 3401 exiguum
2904 3333 3169 3387 duntaxat
3204 3341 3416 3400 tempus
3467 3331 3651 3384 datum

2069 3424 2246 3478 fuerat
2280 3426 2328 3479 ei
2363 3426 2494 3479 illud
2551 3426 2890 3481 domicilium
2935 3427 2986 3478 in
3022 3441 3130 3494 quo
3167 3432 3426 3486 maneret,
3464 3424 3554 3476 sed
3587 3423 3652 3476 ad

2069 3515 2390 3568 diuturnum
2436 3514 2790 3584 longumque.
2825 3514 3050 3583 Insuper
3095 3512 3199 3565 huc
3229 3526 3447 3582 quoque
3477 3511 3656 3565 cultus

2071 3603 2160 3657 ille
2189 3612 2242 3656 et
2271 3603 2515 3657 custodia
2552 3603 2857 3672 pertinent,
2893 3610 2950 3655 ut
3000 3609 3143 3656 esset
3173 3599 3413 3654 Adamus
3445 3599 3570 3667 vigil
3607 3611 3659 3651 et

2068 3702 2284 3759 cautus;
2307 3703 2734 3764 agnosceretque
2752 3703 3028 3758 parentem
3050 3707 3209 3746 suum
3228 3707 3290 3744 ex
3318 3690 3448 3760 ipsis
3465 3691 3659 3760 plantis

2071 3787 2455 3854 fructibusque.
2481 3783 2740 3853 paradisi,
2778 3799 2874 3837 ceu
2924 3785 3156 3837 colonus
3197 3783 3503 3850 plantarum
3555 3783 3657 3835 im-

2071 3875 2389 3931 mortalium
2424 3894 2439 3930 :
2477 3876 2582 3929 hoc
2629 3885 2713 3930 est
2761 3875 3069 3928 divinarum
3129 3875 3561 3944 cogitationum,
3601 3887 3660 3930 ut

2071 3969 2147 4022 ait
2177 3967 2473 4035 Gregorius
2510 3964 2844 4034 Theologus.
2886 3964 3131 4033 Denique
3183 3966 3288 4019 illis
3318 3967 3528 4020 colendi
3558 3983 3658 4022 cu-

2073 4059 2454 4130 stodiendique
2486 4058 2674 4112 verbis
2713 4057 3023 4112 ostenditur
3054 4056 3216 4111 etiam
3244 4096 3259 4120 ,
3311 4058 3467 4126 longe
3502 4060 3659 4115 aliter

2074 4153 2324 4208 homines
2354 4153 2518 4206 vitam
2556 4165 2712 4206 suam
2746 4150 3031 4205 instituere
3061 4148 3260 4203 debere
3291 4164 3456 4216 quam
3494 4164 3656 4217 pecu-

2075 4246 2173 4300 des
2211 4245 2440 4299 rationis
2481 4251 2733 4311 expertes
2782 4242 3025 4312 degant:
3065 4242 3146 4295 hac
3192 4241 3336 4295 enim
3376 4241 3442 4294 ad
3475 4241 3659 4294 colen-

2075 4331 2204 4387 dum
2263 4330 2808 4398 custodiendumque-
2851 4327 3164 4398 paradisum
3247 4326 3469 4380 minime
3528 4336 3657 4380 sunt

401 4416 1006 4483 diruisisse;caeterum
1059 4436 1125 4475 eo
1179 4423 1455 4493 accepisse
1516 4425 1699 4489 modo,
1752 4442 1863 4495 quo
1919 4423 2394 4519 ethestinataz;
2450 4420 2542 4478 sed
2593 4423 2754 4477 homo
2806 4428 2892 4476 est
2938 4419 3083 4473 illius
3131 4418 3310 4473 cultor
3356 4427 3408 4472 et
3470 4426 3691 4472 custos.

400 4505 621 4574 Enorh,
661 4520 713 4564 et
745 4511 1072 4582 Philippum.
1109 4513 1242 4568 Nam
1278 4524 1337 4570 ιιι
1379 4517 1445 4570 de
1489 4514 1671 4571 Enoch
1705 4519 1969 4586 scriptum

403 4608 577 4652 exstat
609 4617 622 4652 :
660 4601 724 4654 Et
751 4603 869 4656 tulit
900 4604 1072 4672 ipsum
1097 4604 1236 4659 Deus
1256 4607 1337 4672 ";
1396 4605 1632 4676 itemque
1670 4605 1918 4677 Philippo
1949 4623 1964 4663 :

408 4691 480 4742 λιν
506 4690 738 4761 Spiritus
775 4694 988 4749 Domini
1018 4698 1193 4766 rapuit
1222 4698 1392 4766 ipsum
1414 4699 1458 4730 ⁷ο
1493 4715 1508 4753 :
1544 4700 1623 4754 sic
1649 4709 1703 4754 et
1733 4701 1966 4755 dicimus

399 4781 824 4842 Adamum'esse
854 4803 882 4841 a
924 4788 1031 4843 Deo
1062 4797 1274 4858 raptum
1306 4804 1370 4844 ex
1404 4805 1466 4844 eo
1503 4791 1625 4846 loco
1655 4806 1762 4861 quo
1791 4791 1970 4848 fuerat

394 4879 690 4941 formatus.
723 4890 887 4949 atque
920 4884 971 4935 in
1013 4883 1323 4952 paradisum
1358 4885 1767 4952 transpositum.
1797 4885 1968 4939 Dimi-

395 4975 569 5040 sitque
608 4975 777 5041 ipsum
821 4975 872 5026 in
925 4975 1174 5042 paradiso
1215 4976 1396 5038 Ede»,
1446 4985 1501 5028 ut
1536 4993 1653 5029 eum
1697 4977 1886 5031 coleret
1922 4989 1971 5031 et

397 5064 706 5116 custodiret.
735 5064 810 5117 lio
833 5064 979 5133 quod
1004 5065 1137 5117 dicit
1168 5081 1180 5117 :
1212 5063 1280 5116 Et
1301 5063 1499 5118 dimisit
1527 5066 1696 5134 ipsum
1726 5068 1778 5120 in
1811 5084 1973 5137 para-

400 5156 535 5218 diso,
573 5155 814 5208 declarat
842 5155 1008 5208 Deum
1041 5155 1254 5209 sublato
1283 5155 1494 5211 Adamo
1527 5173 1635 5211 non
1661 5159 1970 5214 ostendisse

400 5244 562 5295 aiodo
591 5243 826 5311 paradisi
879 5242 1336 5311 pulchritudinem
1386 5247 1969 5317 magniﬁcentia-mque,

406 5341 457 5383 ct
486 5349 604 5387 mox
638 5333 763 5387 inde
790 5333 1112 5402 abripuisse.
1139 5335 1230 5387 sed
1262 5335 1392 5390 inibi
1423 5337 1631 5402 relicto,
1658 5336 1971 5394 facultatem

405 5426 658 5477 manendi
681 5423 1170 5492 sequeoblectandi
1193 5426 1510 5496 permisisse
1532 5435 1590 5481 ut
1614 5428 1806 5485 inloco
1828 5431 1974 5487 illius

399 5517 574 5588 ipsius
626 5518 798 5588 gratia
851 5518 1072 5574 condito
1124 5517 1562 5590 coneiunatoque
1603 5535 1616 5574 :
1651 5535 1775 5576 nam
1829 5524 2006 5590 quod,

483 5707 526 5738 ⁶⁹
558 5706 693 5764 Gen.
727 5723 779 5774 v,
806 5707 896 5764 Ἡ.
973 5706 1016 5740 ⁷⁸
1049 5706 1167 5763 Act.
1195 5718 1311 5772 vin,
1340 5704 1426 5760 39.

1505 5706 1545 5737 ⁷³
1579 5704 1622 5760 ιι
1655 5703 1846 5761 Thess.
1873 5720 1950 5770 Ili,
1999 5704 2079 5759 ll.

2074 4517 2412 4587 designatus,
2445 4530 2618 4584 eaque
2656 4529 2714 4568 re
2751 4513 3043 4582 plurimum
3076 4512 3176 4566 iste
3207 4509 3276 4564 ab
3307 4509 3412 4564 illis
3435 4508 3652 4573 differt,

2073 4611 2219 4680 quod
2261 4610 2438 4677 ipsum
2479 4622 2698 4677 quoque
2730 4606 2859 4660 dum
2897 4603 3172 4658 liouiiuem
3207 4601 3441 4672 prepriis
3475 4603 3655 4656 mani.-

2078 4703 2181 4757 hus
2201 4700 2455 4754 formarat
2480 4698 2641 4764 Deus,
2662 4697 2948 4754 ostendere
2969 4695 3158 4751 voluit.
3180 4694 3347 4748 Porro
3366 4705 3651 4763 postquam

2077 4793 2144 4848 de
2170 4792 2478 4846 introducto
2507 4791 2559 4844 in
2587 4790 2898 4860 paradisum
2927 4789 3136 4842 Adamo
3166 4786 3443 4851 disseruit,
3477 4795 3529 4840 et
3557 4801 3656 4839 cur

2077 4900 2200 4939 eum
2237 4886 2377 4938 Deus
2411 4883 2538 4937 illuc
2569 4880 2842 4936 intulisset
2871 4920 2885 4945 ,
2912 4878 3220 4947 explicavit,
3264 4876 3563 4947 digreditur
3587 4874 3652 4926 ad

2078 4973 2366 5028 dicendum
2397 4973 2466 5028 dc
2500 4973 2617 5040 lege
2647 4971 2721 5024 illi
2755 4969 3007 5039 imposita
3048 4967 3130 5021 his
3157 4967 3339 5022 verbis
3372 4984 3384 5020 :
3420 4964 3486 5019 Et
3518 4979 3647 5032 pras-

2080 5065 2215 5134 cepit
2249 5064 2504 5118 Dominus
2548 5062 2688 5116 Dens
2721 5062 2926 5116 Adamo
2949 5102 2963 5126 ,
2988 5062 3223 5132 dixitque
3244 5059 3344 5129 ipsi
3369 5070 3390 5110 .·
3429 5057 3504 5110 De
3542 5072 3649 5111 om.-

2072 5156 2223 5210 nibus
2263 5155 2540 5209 arboribus
2574 5171 2692 5225 qua:
2722 5164 2843 5208 sunt
2877 5154 2932 5206 in
2969 5154 3242 5222 paradiso,
3273 5149 3473 5204 edendo
3506 5147 3650 5212 edes;-

2075 5259 2126 5301 at
2155 5247 2219 5301 de
2249 5247 2434 5300 arbore
2463 5247 2694 5300 scientia:
2721 5246 2840 5300 boni
2864 5253 2912 5299 et
2950 5244 3078 5298 ntali
3124 5259 3225 5296 non
3256 5241 3374 5294 cdes
3422 5241 3484 5292 de
3513 5239 3647 5306 ipsa.

2079 5339 2191 5394 Hoc
2249 5339 2412 5408 igitur
2458 5347 2541 5392 est
2582 5348 2949 5408 praeceptum,
3012 5337 3125 5388 inec
3172 5333 3253 5386 lex
3296 5344 3457 5398 quam
3513 5329 3654 5384 Dens

2079 5431 2287 5486 Adamo
2321 5429 2602 5498 imposuit,
2629 5444 2697 5484 ne
2721 5428 2909 5483 ederet
2939 5425 3007 5481 de
3029 5423 3228 5478 arbore
3256 5420 3514 5476 scientire.
3542 5420 3649 5475 Sed

2078 5525 2189 5596 jam
2245 5523 2298 5578 in
2340 5521 2780 5593 disquisitionem
2815 5518 2998 5584 venit,
3036 5524 3168 5587 quot
3218 5513 3392 5570 modis
3439 5514 3650 5570 dicatur

2157 5702 2253 5759 ",l
2283 5703 2422 5758 'l'im.
2463 5719 2513 5764 v,
2575 5700 2655 5754 l3.
