4100 6212
507 341 606 406 521

1778 333 2007 400 MOSIS
2048 329 2203 398 ΒΑΕ
2243 330 2489 398 CEPHA

3654 308 3762 375 582

508 463 643 532 legis
672 462 1019 527 vocabulum,
1052 470 1104 516 et
1131 460 1417 530 cuiusnam
1454 459 1671 529 generis
1701 457 1786 510 lex
1824 457 2083 524 imperata
2115 455 2158 510 Α
2185 466 2307 519 quae
2357 452 2568 505 ratione
2619 449 2854 508 vacant,
2894 441 3314 532 haudquaquam
3350 434 3759 532 est-cencefsa.

509 555 673 609 fuerit
720 555 960 616 Adai’no,
1001 553 1233 622 denique
1271 567 1369 606 cur
1401 551 1562 604 ullam
1617 551 1690 603 illi
1727 550 1865 604 Deus
1912 548 2079 616 legem

507 646 779 702 statuerit.
811 646 1051 699 Dicimus
1081 645 1244 714 igitur
1275 644 1444 713 legem
1481 642 1694 698 duobus
1731 641 1836 695 dici
1867 639 2043 694 modis
2065 679 2080 703 ,

507 739 926 802 univ‘ersaliter,
957 743 1011 791 et
1050 735 1449 806 particulariter
1484 754 1496 788 :
1532 734 1680 788 verbi
1732 733 1928 803 gratia,
1959 729 2083 784 uni-

507 829 735 885 versalis
783 830 864 883 lex
912 840 993 884 est
1053 828 1295 898 cognitio
1331 828 1416 882 illa
1468 828 1726 882 naturalis
1759 839 1878 896 qua:
1927 822 2082 877 nobis

510 923 674 977 insita
704 933 826 987 est,
861 933 914 976 et
951 923 1030 978 vis
1080 923 1278 991 ingenii
1311 933 1416 992 qua
1450 922 1759 991 iudicamus
1805 917 2009 974 bonum
2051 933 2080 971 a

509 1014 654 1068 malo
690 1033 702 1068 :
736 1029 855 1068 eam
898 1015 1040 1067 enim
1079 1013 1273 1067 indidit
1317 1013 1459 1068 Deus
1508 1015 1753 1067 omnium
1802 1011 2080 1064 hominum

508 1105 729 1170 animis,
766 1105 998 1160 laudans
1026 1106 1194 1172 ipsos,
1234 1106 1278 1160 si
1315 1106 1456 1176 quod
1492 1105 1692 1160 bonum
1723 1115 1806 1160 est
1854 1104 1906 1159 id
1949 1118 2084 1173 ope-

508 1208 721 1262 rentur,
753 1209 803 1250 et
833 1200 1074 1252 vicissim
1105 1198 1332 1267 culpatis
1379 1200 1751 1264 damnatisque
1787 1199 1830 1252 si
1880 1197 2080 1250 malum

505 1298 745 1356 patrent,
779 1291 1132 1358 quantumvis
1161 1290 1372 1344 occulte
1402 1305 1461 1343 ea
1493 1299 1838 1358 peragantnr.
1867 1286 1999 1341 Nam
2028 1295 2083 1340 et

507 1381 560 1434 in
613 1381 876 1448 gentium,
911 1390 967 1433 ut
991 1380 1066 1434 ait
1105 1379 1325 1446 Paulus,
1369 1379 1612 1433 cordibus
1647 1381 1841 1447 scripta
1867 1378 1949 1431 lea:
1981 1386 2080 1440 est,

506 1479 659 1524 etest
683 1472 810 1538 ipsis
843 1488 939 1524 sua
971 1473 1289 1525 conscientia
1322 1473 1468 1525 testis
1490 1472 1556 1532 ⁷³,
1581 1481 1684 1526 etc.
1716 1471 1843 1540 Ejus
1871 1470 2084 1538 generis

506 1569 591 1613 est
620 1560 747 1612 illud
786 1560 997 1614 Domini
1034 1562 1235 1616 dietum
1266 1580 1279 1616 :
1315 1561 1467 1616 Sicut
1496 1562 1652 1615 vultis
1677 1578 1762 1614 vos
1792 1569 1846 1614 ut
1885 1562 2082 1631 faciant

505 1649 648 1704 vobis
681 1649 937 1715 homines,
966 1651 1040 1706 sic
1075 1653 1236 1721 facile
1267 1652 1423 1703 etiam
1459 1667 1542 1704 ros
1574 1652 1704 1716 ipsis
1728 1650 1796 1704 ⁷³.
1839 1650 2083 1704 Particu-

507 1745 638 1799 laris
673 1745 756 1797 lex
799 1755 978 1798 autem
1015 1756 1117 1810 est,
1157 1744 1336 1814 qualis
1365 1759 1424 1798 ea
1463 1758 1626 1814 quam
1669 1744 1808 1798 Deus
1839 1743 2086 1812 praescri-

507 1837 672 1890 bebat
708 1838 840 1906 ipsis
871 1836 1156 1892 Noacbitis
1181 1881 1195 1904 ,
1221 1853 1306 1891 “ne
1338 1847 1688 1892 vescerentur
1723 1838 1991 1907 sanguine
2017 1835 2084 1901 7’;

506 1930 633 1983 item
671 1931 851 1998 qualis
902 1931 1152 2000 imposita
1185 1939 1303 1984 erat
1353 1931 1665 1985 Judmorum
1700 1929 1991 1993 Nazarzeis,
2022 1919 2090 1984 de

504 2033 612 2071 non
681 2020 912 2073 bibendo
965 2021 1112 2084 vino,
1148 2028 1239 2073 aut
1275 2021 1470 2085 sicera,
1525 2037 1702 2092 neque
1750 2021 2089 2077 admovenda

503 2113 666 2182 capiti
705 2113 968 2168 novacula
991 2113 1073 2178 ⁷⁸,
1110 2115 1300 2183 quales
1334 2115 1570 2185 denique
1607 2115 1918 2170 .ludzeoruni
1975 2123 2086 2170 stas

502 2209 633 2258 tnta:
659 2203 808 2259 fuere
835 2205 1230 2268 sacerdotibus,
1263 2205 1329 2259 de
1364 2207 1557 2269 rebus,
1589 2189 1710 2262 aliis
1754 2208 2089 2271 omittendis,

505 2297 630 2351 aliis
695 2296 940 2366 agendis.
990 2294 1128 2350 Cum
1183 2297 1345 2366 igitur
1401 2298 1533 2367 legis
1572 2300 1838 2354 vocabulo
1873 2299 2090 2356 duobus

506 2393 725 2439 utamur
767 2385 944 2440 modis
970 2426 984 2451 ,
1021 2393 1075 2439 et
1119 2386 1542 2455 particulariter,
1579 2396 1632 2442 ct
1688 2389 2088 2452 universaliter,

504 2476 898 2547 respondemus
951 2477 1017 2532 ad
1058 2480 1282 2532 alteram
1325 2481 1701 2548 quaestionem,
1758 2497 1864 2534 non
1918 2479 2089 2535 fuisse

502 2572 678 2641 legem
710 2571 1074 2626 universalcm
1126 2572 1218 2627 sed
1269 2572 1650 2640 particularem
1685 2573 1863 2640 illam;
1897 2590 1964 2627 ne
1990 2589 2092 2644 gu-

504 2669 675 2718 staret
700 2665 765 2717 de
789 2664 984 2717 arbore
1015 2663 1288 2728 scientiae;
1315 2663 1417 2717 soli
1449 2664 1594 2718 enim
1627 2663 1834 2720 Adamo
1865 2665 2093 2734 ejusque

506 2755 724 2825 conjugi
764 2771 882 2809 eam
933 2757 1296 2825 imperaverat
1323 2753 1466 2810 Dens
1503 2771 1609 2809 non
1645 2757 1805 2810 etiam
1836 2757 2092 2810 universo

504 2847 692 2914 generi
733 2846 994 2900 humano.
1047 2845 1164 2900 Jam
1203 2854 1449 2912 superest
1498 2856 1638 2900 utet
1687 2851 1786 2901 boc
1817 2849 2091 2915 disquira-

511 2947 651 2995 mns,
688 2947 791 3001 qua
837 2933 905 2986 de
960 2950 1125 2988 causa
1178 2934 1389 2988 dederit
1445 2935 1585 2992 Deus
1636 2937 1844 2991 Adamo
1895 2939 2089 3008 legem.

507 3023 803 3080 Censeinus
849 3033 1029 3078 aut-in
1066 3026 1134 3078 ob
1168 3023 1303 3080 bene
1339 3027 1536 3083 multas
1571 3044 1765 3085 causas
1803 3030 1852 3084 id
1887 3028 2088 3084 factum

2186 537 2468 592 Postremo
2495 537 2564 591 ob
2591 535 2693 590 ltoc
2722 547 2937 605 quoque
2969 534 3072 584 lata
3106 539 3188 585 est
3217 527 3428 580 Adamo
3458 523 3538 575 lex
3573 535 3602 573 a
3633 520 3761 582 Deo,
3798 541 3810 588 ς

2187 639 2246 682 ut
2280 629 2368 682 ille
2394 629 2557 683 sciret
2595 635 2758 695 atque
2795 623 3140 690 intelligeret,
3173 619 3401 672 alterum
3434 615 3542 668 Deo
3571 627 3769 680 super-

2185 735 2307 774 esse
2366 721 2623 773 saerulum
2693 719 2748 771 in
2810 731 2920 784 quo
3003 714 3225 783 dignum
3302 710 3532 778 pretium
3595 705 3768 758 solvet

2187 810 2432 875 utrisque
2456 821 2508 862 ct
2535 811 2600 864 iis
2627 809 2719 877 qui
2746 808 3043 861 observant
3068 813 3122 857 et
3151 803 3216 855 iis
3246 802 3337 870 qui
3369 799 3570 850 violant
3592 797 3765 863 leges.

2189 885 2292 952 Sed
2330 907 2562 968 pergunt
2608 890 2852 966 qiirerere
2892 892 3137 948 nonnulli
3172 889 3399 943 ulterius
3423 928 3437 948 ,
3461 901 3562 940 cur
3591 885 3767 953 legem

2189 992 2372 1045 tulerit
2399 990 2540 1045 Deus
2567 991 2777 1044 Adamo
2803 1003 2968 1058 quam
2995 984 3272 1054 prazsciret
3303 983 3481 1051 ipsum
3507 994 3612 1030 non
3646 991 3771 1029 esse

2186 1083 2624 1137 observaturum.
2652 1081 2728 1133 Ad
2759 1081 2861 1134 boc
2883 1079 3058 1150 primo
3082 1077 3471 1143 respondemus
3500 1086 3606 1124 non
3645 1068 3770 1122 ideo

2185 1175 2522 1230 conditorem
2584 1175 2747 1226 Deum
2803 1173 2970 1239 legem
3019 1171 3229 1223 Adamo
3278 1165 3655 1234 imperavisse,
3711 1171 3770 1214 ut

2186 1281 2305 1319 eam
2356 1267 2704 1327 observaret,
2763 1279 2938 1332 neque
2997 1277 3214 1323 rursus,
3251 1269 3306 1312 ut
3361 1258 3589 1310 violaret
3641 1255 3772 1323 (quo

2188 1367 2368 1413 vestra
2396 1361 2508 1412 haec
2539 1359 2770 1429 qurestio
2800 1365 3010 1426 Spectat
3039 1370 3163 1408 cum
3193 1352 3376 1406 dicitis
3407 1367 3421 1404 :
3452 1350 3580 1409 Cur,
3607 1356 3772 1414 quam

2188 1452 2465 1522 praesciret
2495 1453 2644 1506 illum
2681 1452 2852 1521 legent
2890 1463 2997 1503 non
3033 1447 3365 1515 praestitum,
3406 1439 3773 1512 praeceperit),

2187 1545 2279 1600 sed
2309 1560 2403 1599 eas
2448 1545 2518 1598 ob
2553 1557 2748 1597 causas
2799 1555 2938 1612 quas
2977 1555 3151 1609 nuper
3195 1535 3771 1592 commemoravimus.

2188 1638 2398 1707 Quippe
2447 1633 2590 1690 aliud
2651 1643 2732 1689 est
2773 1636 3105 1699 observare,
3157 1631 3304 1685 aliud
3339 1644 3444 1682 non
3482 1627 3777 1679 observare

2189 1731 2381 1799 legem,
2445 1739 2497 1782 et
2536 1726 2679 1780 aliud
2723 1727 2863 1780 seire
2911 1740 2968 1780 se
3009 1721 3208 1777 habere
3243 1733 3566 1782 creatorem,
3607 1727 3777 1784 seque

2191 1839 2312 1878 esse
2339 1831 2579 1875 creatum
2620 1829 2674 1873 et
2705 1819 2987 1889 praeditum
3023 1815 3234 1870 arbitrii
3269 1815 3538 1876 libertate,
3579 1809 3775 1877 liuius-

2193 1929 2299 1983 que
2331 1915 2544 1984 generis
2573 1921 2767 1965 cmtera
2803 1923 3154 1979 cognoscere.
3197 1907 3462 1960 Praeterea
3495 1903 3730 1957 dicimus
3760 1920 3774 1955 :

2195 2004 2348 2061 Sicut
2388 2005 2659 2074 prmscivit
2691 2003 2840 2057 illum
2876 2017 2983 2056 non
3017 2001 3440 2055 observaturum
3475 1997 3666 2063 legem,
3703 1993 3776 2047 ita

2193 2097 2463 2166 prazseivit
2502 2110 2722 2166 quoque
2757 2094 3001 2148 futurum
3038 2101 3096 2146 ut
3140 2102 3425 2162 postquam
3481 2091 3654 2157 legem
3688 2085 3779 2140 ille

2193 2188 2580 2242 transilivisset
2607 2196 2660 2240 et
2691 2201 2786 2255 per
2816 2195 3098 2254 peccatum
3133 2184 3444 2247 cecidisset,
3484 2183 3599 2250 ipse
3629 2179 3782 2231 veni.

2193 2291 2294 2341 ret.
2329 2281 2638 2344 redimeret,
2671 2280 2980 2332 sublevaret
3011 2279 3160 2331 illum
3199 2292 3225 2330 a
3264 2292 3392 2329 casu
3423 2273 3652 2344 p~-ccati.
3693 2271 3780 2324 ln-

2193 2387 2355 2442 5uper
2401 2374 2569 2441 legem
2604 2373 2722 2425 ideo
2746 2372 2867 2424 tulit
2899 2370 3022 2441 (etsi
3079 2371 3334 2424 violatam
3376 2371 3438 2421 iri
3492 2385 3600 2420 non
3629 2369 3782 2435 igno-

2195 2467 2361 2533 raret)
2388 2481 2496 2534 quo
2529 2464 2945 2530 intelligeretur,
2979 2465 3153 2530 ipsum
3191 2477 3310 2514 esse
3345 2461 3653 2518 Dominum,
3685 2459 3778 2527 qui

2198 2558 2603 2611 condendarum
2661 2556 2838 2625 legum
2875 2555 3096 2608 haberet
3129 2563 3477 2622 potestatem,
3511 2554 3776 2604 Adamum

2195 2665 2324 2702 vero
2357 2657 2665 2704 creaturam
2695 2689 2708 2712 ,
2746 2659 2797 2701 et
2826 2665 2950 2700 eum
2986 2647 3075 2715 qui
3113 2647 3309 2699 merito
3342 2645 3553 2713 legibus
3589 2660 3779 2712 parere

2194 2741 2435 2796 deberet.
2471 2741 2738 2795 l’rzeterea
2775 2743 2884 2810 quo
2918 2750 3194 2794 constaret
3231 2741 3459 2792 liberum
3486 2739 3779 2792 arbitrium

2195 2835 2275 2886 eis
2305 2833 2652 2903 peculiariter
2688 2847 3014 2886 concessum
3053 2847 3175 2885 esse
3226 2831 3385 2884 rebus
3430 2831 3628 2883 creatis
3657 2843 3781 2897 qua:

2195 2928 2405 2981 ratioae
2436 2927 2662 2995 pollent,
2701 2933 2758 2978 ut
2790 2922 2960 2995 penes
2989 2926 3138 2993 ipsas
3165 2934 3310 2977 esset
3339 2923 3416 2976 vel
3441 2937 3657 2975 scrvare
3687 2922 3779 2975 vel

2195 3018 2444 3087 frangere
2497 3017 2661 3086 leges.
2703 3016 2782 3070 Ad
2822 3016 2938 3070 bace
2988 3015 3221 3069 sancivit
3272 3014 3442 3082 legem
3494 3011 3776 3079 Deusjam

504 3134 533 3172 a
584 3117 694 3172 Deo
736 3133 876 3172 esse.
913 3115 1098 3171 Primo
1147 3119 1314 3180 enim,
1368 3129 1427 3174 ut
1478 3119 1666 3174 sciret‘
1693 3138 1750 3177 se
1802 3122 2088 3176 Dominum
2117 3137 2162 3197 α
2198 3123 2308 3166 tum
2342 3111 2636 3180 prtesciens
2664 3109 2904 3163 futurum
2935 3117 2993 3162 ut
3021 3109 3337 3172 violaretur,
3393 3121 3502 3175 quo
3527 3122 3588 3158 ea
3617 3106 3781 3158 obsc-

502 3207 950 3277 conditoremque
995 3206 1193 3261 habere
1229 3208 1318 3276 qui
1369 3209 1469 3262 sibi
1505 3223 1622 3263 eam
1652 3209 1820 3279 legem
1852 3211 2087 3280 impera-

501 3298 689 3362 visset,
734 3313 854 3351 nam
900 3287 1244 3352 dominorum
1285 3310 1367 3351 cst
1402 3299 1546 3366 leges
1587 3300 1837 3364 sancire,
1895 3302 2090 3355 deinde

503 3398 566 3444 ut
615 3404 674 3444 se
705 3401 947 3443 creatum
980 3387 1343 3457 ellcctumque
1377 3399 1697 3457 agnosceret
1731 3405 1744 3442 :
1777 3389 1972 3458 quippe
2007 3391 2086 3444 lex

505 3481 775 3534 creaturis
806 3490 971 3547 atque
1019 3477 1226 3533 effectis
1260 3481 1422 3533 statui
1472 3480 1626 3543 solet,
1669 3487 1725 3534 ut
1758 3482 1834 3534 ait
1873 3481 2038 3535 David
2072 3499 2084 3534 :

504 3569 697 3625 Statue
729 3569 856 3638 ipsis
890 3570 1267 3638 legis-latorem,
1297 3578 1352 3622 ut
1381 3570 1549 3622 sciant
1578 3580 1753 3640 gentes
1777 3588 1829 3624 se
1852 3571 2086 3626 homines

501 3666 722 3718 esse"'.
754 3663 829 3715 Ad
866 3663 988 3727 hoc,
1016 3669 1074 3714 ut
1107 3662 1431 3729 intelligeret
1467 3663 1763 3718 libertatem
1794 3663 1892 3718 sibi
1920 3663 2091 3719 lacul-

503 3761 781 3823 tatemque
826 3751 1035 3806 arbitrii
1085 3766 1113 3804 a
1162 3743 1270 3805 Deo
1320 3752 1500 3806 (latam
1536 3769 1656 3808 esse
1703 3772 1824 3809 cum
1873 3757 1940 3810 ab
1995 3757 2088 3811 illo

501 3843 870 3911 conderetur;
924 3859 1101 3914 neque
1152 3846 1294 3898 enim
1362 3847 1530 3917 legem
1587 3847 1686 3917 ipsi
1738 3848 2089 3918 imposuisset

501 3935 886 4006 particularem
923 3945 975 3990 et
1012 3951 1132 4005 quae
1161 3951 1222 3989 ex
1256 3937 1534 3991 voluntate
1588 3939 1865 4007 penderet,
1915 3955 1981 3993 ne
2022 3940 2087 3993 de

505 4027 703 4081 arbore
741 4028 924 4082 ederet
970 4027 1211 4083 scientia:
1237 4071 1250 4094 ,
1280 4028 1382 4082 nisi
1415 4035 1539 4082 ante
1573 4029 1820 4084 libertate
1853 4039 2089 4097 potesta-

504 4131 667 4190 teque
715 4121 922 4174 arbitrii
956 4120 1156 4190 proprii
1184 4120 1358 4188 ipsum
1413 4121 1688 4183 donasset,
1719 4137 1821 4190 qna
1857 4122 1901 4176 si
1934 4122 2089 4176 vellet

502 4216 822 4268 observaret
848 4213 1041 4281 legem,
1076 4213 1160 4268 sin
1192 4213 1390 4276 nollet,
1428 4229 1532 4267 non
1567 4216 1901 4269 observaret.
1942 4213 2085 4269 Prae-

503 4307 652 4360 terea
690 4305 857 4374 legem
893 4299 1016 4359 ideo
1043 4306 1226 4375 posuit
1253 4306 1462 4359 Adamn
1490 4305 1651 4369 Deus,
1691 4317 1749 4360 ut
1780 4307 1951 4361 libero
2000 4308 2085 4376 ip-

503 4398 622 4452 sius
662 4396 889 4452 arbitrio
922 4407 1066 4452 esset
1111 4399 1364 4452 materies
1411 4408 1463 4453 et
1495 4400 1658 4453 veluti
1687 4399 1934 4455 clibanus
1979 4417 2087 4471 quo

2195 3203 2375 3273 quiosi
2409 3219 2437 3256 a
2475 3203 2771 3256 rebellibus
2801 3206 3238 3263 secernerentnr,
3275 3199 3546 3268 amicique
3577 3197 3643 3250 ab
3675 3197 3776 3249 lio-

2193 3297 2459 3360 5tibus,et
2485 3295 2662 3365 legum
2691 3295 2925 3349 cultores
2959 3309 2987 3347 a
3025 3291 3564 3362 praevaricatoribus,
3606 3299 3771 3357 atque

2193 3403 2315 3441 cum
2369 3387 2586 3441 illorum
2616 3388 2788 3441 virtus
2811 3427 2824 3447 ,
2863 3399 2976 3440 tum
3012 3388 3206 3440 borum
3245 3385 3515 3438 vitiositas
3545 3380 3774 3436 manife-

2193 3483 2359 3536 staria
2387 3481 2536 3536 ﬁeret
2559 3519 2572 3542 ,
2604 3491 3141 3548 cognoscereturque
3171 3497 3184 3532 :
3221 3477 3434 3532 sublata
3469 3477 3608 3529 enim
3637 3475 3773 3543 lege,

2191 3573 2402 3627 nullum
2456 3573 2598 3626 inter
2649 3580 2915 3639 utrosque
2967 3569 3260 3624 discrimen
3306 3568 3488 3622 fuerit.
3527 3566 3592 3620 Et
3643 3580 3775 3619 vero

2193 3667 2332 3722 banc
2361 3667 2523 3721 etiam
2553 3666 2624 3720 ob
2657 3682 2767 3720 rem
2804 3667 2908 3719 lata
2946 3683 2972 3718 a
3003 3663 3109 3719 Deo
3138 3665 3218 3718 lex
3252 3672 3356 3725 est,
3389 3678 3554 3732 quam
3591 3669 3775 3713 tamen

2191 3776 2298 3814 non
2323 3758 2599 3815 nesciebat
2626 3759 3132 3820 transiliendam,ne
3156 3769 3213 3811 ut
3236 3758 3576 3811 nesciremus
3595 3755 3773 3823 ipsum

2192 3853 2386 3906 merito
2414 3853 2534 3921 iure
2581 3854 2649 3907 iis
2689 3855 2780 3921 qui
2826 3851 2926 3918 legi
2977 3859 3228 3919 parerent
3285 3849 3586 3902 retribuere
3634 3843 3774 3898 deli.

2191 3943 2304 3997 cias
2336 3943 2522 3998 mundi
2550 3983 2564 4008 ,
2596 3952 2893 4010 contraque
2927 3940 3225 3995 rebellibus
3253 3953 3529 3994 aerumnas
3559 3934 3772 3989 mundi.

2192 4033 2465 4089 Pi'zcterea
2518 4043 2576 4088 ut
2629 4035 2664 4088 ii
2695 4035 2786 4104 qui
2841 4035 3046 4088 ratione
3103 4041 3353 4095 tttuntur,
3409 4030 3774 4099 intelligerent

2191 4125 2336 4195 quod
2371 4125 2536 4179 alium
2570 4126 2660 4180 ille
2697 4125 2892 4179 habeat
2940 4124 3203 4180 mundum
3258 4123 3310 4177 in
3348 4138 3457 4192 quo
3496 4122 3685 4174 merita
3720 4122 3773 4174 in

2193 4233 2469 4286 quemque
2495 4217 2735 4272 conferet
2754 4217 3001 4287 prmia.
3035 4217 3276 4285 Denique
3302 4231 3408 4269 non
3437 4215 3538 4268 alia
3566 4214 3780 4267 ratione

2192 4307 2522 4377 praescripsit
2593 4308 2740 4361 illam
2796 4309 3006 4363 Adamo
3062 4308 3281 4377 legem,
3340 4324 3504 4377 quam
3567 4307 3781 4362 sciebat

2192 4402 2366 4470 ipsum
2401 4414 2870 4471 transgressurum
2899 4443 2914 4464 .
2949 4412 3113 4472 atque
3154 4411 3277 4470 post
3329 4401 3450 4455 aliis
3529 4399 3780 4453 mortali-

505 4489 832 4558 probarctur
858 4529 872 4553 ,
924 4487 1068 4542 sicut
1121 4489 1197 4541 ait
1251 4487 1547 4560 Gregorius
1597 4486 1902 4561 Tlteologus
1928 4492 2038 4563 (Π)
2069 4509 2083 4546 :
2119 4478 2162 4534 ι)
2193 4496 2293 4548 bus
2324 4487 2448 4550 tidei
2485 4495 2653 4565 leges,
2688 4512 2794 4552 non
2832 4497 3050 4551 nescius
3107 4496 3373 4565 plurimos
3424 4493 3538 4548 fore
3591 4493 3775 4548 inere-

507 4581 664 4635 Dedit
709 4579 1007 4649 (inquiens)
1045 4581 1257 4649 legem,
1298 4581 1576 4636 materiem
1625 4583 1795 4637 libero
1831 4584 2079 4638 arbitrio.

505 4671 662 4724 Sicut
721 4670 865 4724 cnim
908 4687 1002 4741 per
1045 4671 1189 4741 ligna
1237 4673 1536 4741 periculum
1590 4673 1648 4728 lit
1683 4674 1748 4728 de
1783 4684 1898 4729 arte
1946 4673 2081 4729 fabri

503 4763 743 4833 lignarii,
779 4779 847 4818 an
888 4765 1054 4834 probe
1084 4777 1246 4835 atque
1275 4775 1461 4822 exacte
1487 4782 1604 4821 eam
1633 4777 1840 4834 teneat,
1877 4783 1943 4822 an
1979 4768 2082 4823 ιηίο

503 4855 805 4918 nime,item
829 4872 920 4922 per
937 4873 1129 4910 aurum
1149 4865 1370 4927 argenta
1385 4875 1540 4926 mque
1557 4859 1621 4913 de
1640 4858 1901 4913 aurifabri
1921 4869 2038 4914 arte
2064 4876 2077 4912 :

506 4950 577 5004 ita
629 4965 722 5018 per
775 4948 942 5019 legem
997 4951 1202 5004 Adamn
1257 4953 1608 5006 constitutam
1664 4952 1952 5022 probatum
1999 4961 2085 5006 est

459 5107 461 5116 λ
505 5044 678 5112 ipsius
710 5041 938 5097 liberum
969 5044 1279 5110 arbitrium,
1306 5054 1752 5114 compertumque
1776 5043 2082 5100 libertatem

457 5202 467 5220 ὓ
506 5133 677 5204 ipsius
705 5135 987 5189 remissam
1027 5137 1368 5206 solutamque
1398 5151 1520 5191 esse
1553 5151 1615 5190 ac
1646 5137 1817 5205 magis
1851 5153 2084 5208 propen-

503 5228 632 5282 dere
683 5226 749 5280 ad
786 5229 1254 5296 prrevaricandum
1290 5231 1753 5298 peecandumque.
1799 5230 1934 5283 Nam
1987 5245 2082 5284 va-

507 5320 702 5376 luisset
759 5321 978 5388 quidem
1032 5321 1324 5378 observarc
1379 5320 1572 5390 legem,
1631 5333 1684 5376 et
1734 5332 1913 5377 tamen
1972 5337 2079 5376 non

505 5410 833 5476 observavit,
865 5413 1043 5483 qualis
1070 5429 1201 5468 sane
1233 5414 1463 5467 facultas
1504 5414 1679 5469 brutis
1709 5414 2079 5469 animantibus

573 5587 620 5620 ’³
675 5589 831 5648 Rom.
871 5607 934 5658 tt,
971 5592 1056 5647 l5.
1135 5594 1180 5624 ⁷⁵
1207 5589 1395 5647 Matth.
1442 5609 1534 5657 vlt,
1575 5591 1658 5652 l2.

573 5764 686 5837 (l7)
717 5764 978 5826 Oratione
1008 5769 1062 5824 in
1091 5768 1266 5827 Natali
1293 5769 1518 5827 Clu'isti.

1735 5593 1780 5626 ⁷⁸
1834 5592 1969 5650 Gen.
2010 5601 2084 5662 nt,
2120 5592 2173 5650 4.

2195 4587 2380 4640 (lnios.

2262 4677 2372 4733 Cur
2407 4679 2492 4736 lex
2519 4682 2861 4750 particularis
2890 4690 3083 4748 prwter
3109 4678 3409 4732 naturalem
3442 4676 3647 4730 Adamo
3677 4692 3776 4745 po-

2191 4777 2297 4828 sita
2347 4778 2433 4830 sit.
2459 4805 2530 4815 —-
2569 4773 2814 4828 Ulterius
2842 4781 3116 4842 quaerunt,
3149 4786 3274 4825 cum
3329 4779 3474 4822 esset
3525 4769 3773 4820 Adanins

2188 4865 2422 4918 naturali
2459 4866 2574 4933 lege
2605 4863 2932 4916 informatus
2958 4877 3078 4930 qua:
3113 4861 3167 4913 in
3196 4857 3773 4925 cooscientimjudicio

2193 4958 2367 5026 posita
2398 4965 2480 5010 est
2527 4955 2733 5010 bonum
2761 4995 2775 5015 .
2807 4971 2837 5009 a
2862 4955 3006 5008 malo
3041 4953 3435 5021 distinguente,
3479 4966 3576 5004 cur
3631 4950 3768 5001 lianc

2190 5049 2416 5102 alteram
2453 5048 2834 5117 particularem
2863 5047 3026 5100 etiam
3071 5044 3212 5099 Dens
3267 5046 3364 5113 ipsi
3401 5041 3766 5109 imperaverit.

2189 5157 2255 5194 ne
2285 5141 2467 5194 ederet
2495 5141 2560 5192 de
2590 5140 2784 5192 arbore
2812 5135 3094 5191 scientiae?
3137 5135 3235 5188 llic
3268 5133 3682 5198 respondemus,
3714 5126 3769 5180 id

2187 5231 2390 5286 factum
2422 5246 2547 5286 esse
2584 5244 2694 5300 quo
2739 5228 3005 5284 illustrior
3051 5238 3198 5282 esset
3245 5227 3456 5280 bonitas
3495 5221 3774 5276 Creatoris

2183 5323 2400 5390 Adami,
2452 5332 2514 5377 ut
2556 5321 2650 5392 qui
2705 5336 2815 5376 non
2868 5321 2995 5375 sivit
3047 5319 3226 5389 ipsum
3265 5318 3432 5372 rebus
3465 5311 3771 5384 majoribus

2185 5415 2429 5470 animum
2481 5430 2644 5470 suum
2695 5427 3010 5484 occupare:
3043 5412 3236 5466 deinde
3286 5425 3352 5465 ne
3385 5424 3479 5480 per
3523 5418 3768 5460 errorem

2247 5595 2292 5630 "
2323 5594 2482 5683 N‘um.
2516 5611 2592 5660 vi,
2637 5595 2691 5652 Si.
2773 5595 2837 5627 τ’·
2869 5591 3010 5649 Psal.
3056 5606 3128 5656 ix,
3170 5590 3260 5642 ﬁt.
