4100 6212
412 317 481 374 33
592 327 609 335 ‘
1521 324 1619 383 DE
1662 324 2062 386 PARADISO.
2103 349 2173 363 -
2213 326 2409 386 PARS
2450 327 2498 386 I’.
3516 333 3619 397 53%

372 425 459 480 ille
491 425 848 489 existimaret.
886 442 946 484 se
977 444 1160 485 rerum
1208 416 1547 489 conditarum
1588 452 1711 491 esse
1767 438 1945 493 domi-
1974 450 2018 504 Α
2049 438 2317 509 agendum
2382 438 2834 495 omittendumve.
2922 440 3001 497 Ad
3079 457 3223 497 came
3280 446 3619 514 questionem

371 534 524 582 num,
557 534 734 588 neque
784 536 951 591 supra
992 539 1049 579 se
1092 525 1371 581 dominum
1403 528 1569 582 aiiunt
1611 544 1754 584 esse.
1787 529 1946 596 Nam,

374 613 520 667 verbi
557 611 750 682 gratia,
784 629 907 669 cum
947 617 1424 676 animadvertisset
1490 623 1673 677 omnia
1708 624 1796 678 illa
1828 640 1949 692 qua:

375 703 477 759 sub
507 714 790 774 aspectum
824 708 1028 763 cadunt
1060 725 1159 765 sua
1193 727 1359 767 causa
1387 729 1507 768 esse
1537 715 1725 769 ell‘ecta
1754 731 1783 769 a
1822 716 1948 776 Deo,

372 810 541 863 seque
574 796 815 851 naturali
849 799 1131 867 praeditum
1185 804 1251 854 ab
1294 802 1388 858 illo
1415 805 1756 874 cognitione,
1788 814 1950 875 atque

373 902 538 940 omue
584 902 760 957 genus
809 891 1041 946 delicias
1081 894 1183 948 sibi
1219 894 1424 964 absque
1467 898 1576 950 ullo
1612 898 1839 951 molesto
1874 898 1950 950 la-

376 976 510 1031 bore
541 976 595 1031 in
626 990 882 1049 promptu
906 996 1052 1045 esse,
1082 983 1319 1053 denique
1350 1002 1433 1040 res
1460 989 1819 1053 aspectabiics
1846 987 1947 1042 sibi

375 1067 676 1124 servientes
712 1072 866 1137 quasi
901 1073 1148 1137 ancillas,
1179 1083 1251 1139 et,
1291 1085 1346 1129 ut
1395 1077 1560 1131 semel
1594 1079 1793 1141 dicam,
1826 1094 1948 1131 cum

373 1156 605 1215 vidisset
654 1160 837 1215 omnia
891 1161 979 1215 illa
1019 1163 1160 1218 bona
1194 1166 1393 1234 quibus
1450 1168 1655 1236 absque
1705 1167 1950 1221 molestia

375 1262 471 1308 aut
503 1267 633 1306 cura
667 1252 1039 1308 obieetabatur
1073 1272 1088 1309 :
1121 1255 1278 1312 facile
1313 1259 1483 1325 ipsius
1513 1260 1730 1314 animus
1758 1275 1824 1314 ex
1866 1260 1951 1315 his

378 1344 540 1399 rrbus
585 1360 683 1415 per
743 1349 1108 1417 arrOgautiam
1157 1351 1653 1421 conﬁdentiamque
1706 1361 1952 1408 mutatus

380 1437 482 1491 sibi
536 1438 941 1506 persuasisset,
976 1456 1062 1495 res
1097 1457 1285 1496 omnes
1312 1458 1433 1512 qua:
1472 1445 1704 1499 conditae
1746 1455 1951 1509 essent,

376 1531 442 1584 ad
518 1545 578 1586 se
638 1541 920 1600 spectare,
979 1548 1155 1602 neque
1212 1533 1356 1589 alius
1406 1536 1773 1591 dominationi
1835 1552 1955 1591 esse

379 1621 656 1691 subiectas
686 1639 700 1674 :
735 1622 837 1676 nisi
872 1622 1010 1677 hanc
1044 1625 1269 1679 alteram
1301 1642 1331 1681 a
1365 1626 1474 1679 Deo
1504 1626 1673 1694 legem
1707 1629 1954 1698 accepis-

379 1720 500 1776 set,
531 1711 597 1767 de
642 1727 748 1766 non
783 1714 1051 1781 gustanda
1096 1715 1291 1769 arbore
1314 1754 1329 1779 ,
1376 1732 1496 1786 qua!
1534 1728 1793 1788 perpetuo
1826 1719 1955 1787 ipsis

2049 532 2492 602 respondemus,
2550 548 2668 587 eam
2730 534 3253 604 concupiscentiam
3299 554 3419 605 quae
3480 541 3621 595 circa

2049 623 2230 677 cibum
2297 634 2547 678 versatur
2608 625 2842 693 primunt
2905 640 3025 681 esse
3082 626 3248 680 animi
3320 630 3488 682 nostri
3548 629 3628 683 al-

2051 712 2294 779 lectum,
2373 730 2549 784 eoque
2632 724 2778 769 recte
2844 718 3071 783 primam
3161 718 3339 785 primo
3422 719 3625 772 homini

2050 805 2258 859 Adamo
2316 806 2488 875 legem
2556 807 2623 859 de
2678 806 2768 859 illa
2827 823 2951 862 esse
3014 808 3346 876 impositam.
3405 808 3510 862 Sed
3574 821 3627 862 ut

2051 896 2256 948 clarius
2316 895 2509 949 evadat
2558 896 2699 964 quod
2742 897 3000 961 dicimus,
3038 899 3191 951 multi
3225 909 3278 951 et
3329 900 3462 952 varii
3503 910 3631 953 sunt

2049 984 2274 1039 aﬂ‘eetus
2298 986 2493 1054 quibus
2552 997 2739 1040 nostra
2773 989 2994 1041 libertas
3033 989 3343 1055 impellitur.
3395 1005 3629 1058 quorum

2051 1078 2297 1131 omnium
2331 1080 2625 1148 praecipua.
2652 1089 2700 1132 et
2743 1080 2903 1133 veluti
2939 1080 3088 1133 radix
3123 1090 3207 1135 est
3239 1084 3637 1151 concupiscen—

2055 1171 2151 1224 tia.
2186 1170 2310 1224 Harc
2342 1184 2503 1238 porro
2532 1168 2801 1223 tritariam
2855 1171 3115 1224 dividitur
3164 1189 3177 1224 :
3234 1188 3355 1224 nam
3417 1181 3510 1226 aut
3561 1171 3631 1225 ad

2052 1262 2256 1315 ventris
2304 1261 2596 1329 ingluviem
2624 1260 2881 1329 pertinet,
2929 1269 3024 1313 aut
3052 1260 3118 1314 ad
3164 1277 3325 1330 opum
3378 1263 3637 1331 pecunia-

2053 1367 2283 1421 rumque
2317 1351 2621 1415 avaritiam,
2654 1360 2750 1403 aut
2775 1350 2841 1403 ad
2882 1352 3081 1419 'glorire
3129 1351 3500 1404 ambitionem.
3540 1351 3632 1405 llis

2052 1442 2196 1497 enim
2251 1440 2428 1495 tribus
2484 1440 2828 1495 aﬂ'ectionum
2882 1439 3197 1508 generibus
3229 1443 3635 1508 comprehensa:

2055 1540 2312 1588 tenentur
2340 1548 2531 1588 omnes
2560 1547 2737 1601 pravae
2773 1531 3096 1599 cupiditates
3129 1547 3142 1582 :
3182 1541 3235 1585 et
3265 1532 3350 1586 his
3411 1534 3639 1585 adortus

2056 1623 2388 1693 estquidem
2426 1621 2658 1677 Satanas
2696 1622 2985 1675 Dominum
3033 1631 3279 1675 nostrum
3320 1622 3372 1675 in
3402 1622 3653 1676 deserto-

2057 1724 2112 1769 ct
2137 1714 2192 1769 in
2226 1714 2388 1779 urbe;
2422 1728 2630 1777 verum,
2667 1712 2978 1768 succubuit.
3008 1712 3273 1766 Caeterum
3310 1713 3518 1766 ventris
3542 1727 3638 1766 cu-

381 1800 673 1857 observata
731 1804 909 1858 oculis
973 1804 1027 1858 in
1079 1805 1397 1861 memoriam
1456 1817 1801 1878 mentemque
1854 1797 2029 1877 ipsiB
2063 1805 2283 1876 piditas,
2354 1805 2579 1875 reliquis
2649 1805 2865 1861 duabus
2915 1805 3206 1859 violentior
3269 1805 3644 1875 diliiciliorque

380 1903 663 1948 revocaret
690 1895 937 1949 servilem
976 1896 1349 1966 humilemque
1378 1915 1531 1952 suam
1562 1900 1952 1965 conditionem,

382 1999 549 2051 seque
587 1980 790 2053 habere
820 1981 1108 2040 Dominum
1146 2004 1174 2041 a
1205 2005 1312 2058 quo
1341 1984 1609 2058 ejusmodi
1650 1992 1733 2045 lex
1765 1992 1831 2044 de
1865 2008 1956 2045 ar-

381 2077 513 2133 bore
542 2076 642 2132 sibi
679 2085 823 2134 esset
868 2077 1143 2148 imposita,
1177 2089 1339 2150 atque
1371 2098 1463 2138 eas
1495 2082 1641 2150 ipsas
1676 2092 1957 2138 creaturas

382 2185 503 2237 quae
536 2166 636 2225 sibi
668 2169 930 2235 serviunt,
965 2170 1031 2224 ad
1063 2171 1214 2225 illum
1267 2189 1426 2227 suum
1488 2186 1734 2243 spectare
1778 2174 1958 2228 Domi-

386 2275 535 2313 num.
597 2255 730 2313 Nam
790 2260 835 2315 si
887 2277 1009 2315 cum
1059 2260 1227 2330 legem
1286 2264 1508 2318 haberet
1544 2265 1867 2329 naturalem,
1905 2275 1959 2320 et

382 2352 605 2420 insuper
636 2352 774 2407 hanc
808 2350 875 2405 de
923 2355 1138 2420 arbore,
1172 2370 1293 2425 qua:
1321 2356 1483 2410 veluti
1536 2357 1777 2427 adjutrix
1812 2358 1957 2413 illius

382 2451 549 2504 esset,
576 2453 755 2497 tamen
784 2442 1013 2515 deliquit
1044 2457 1236 2516 suapte
1258 2449 1555 2508 voluntate.
1577 2457 1741 2518 atque
1794 2449 1959 2503 sedu-

383 2542 507 2587 ctus
539 2542 623 2587 est
666 2551 680 2587 :
716 2543 922 2603 quanto
957 2536 1130 2603 magis
1157 2548 1435 2606 peccasset
1466 2538 1757 2607 lapsusque
1788 2549 1959 2604 esset,

382 2624 427 2676 si
463 2626 575 2678 haec
604 2624 669 2679 de
702 2626 896 2679 arbore
927 2625 1011 2679 lex
1041 2626 1214 2697 posita
1265 2627 1368 2695 ipsi
1415 2643 1524 2680 non
1560 2627 1791 2683 luisset?
1823 2628 1961 2682 Rur-

382 2726 503 2777 sus,
557 2717 601 2772 si
634 2725 826 2786 praeter
864 2716 1012 2772 illam
1056 2718 1361 2774 naturalem
1419 2719 1743 2791 legemuon
1797 2721 1957 2775 etiam

384 2808 528 2863 hanc
590 2807 889 2865 interdictae
944 2812 1160 2867 arboris
1217 2815 1557 2882 accepisset,
1611 2814 1963 2869 musitassent

388 2902 592 2957 morosi
629 2900 921 2966 homines,
957 2921 1052 2960 cur
1083 2921 1189 2959 non
1226 2907 1464 2961 dedisset
1504 2907 1578 2960 illi
1614 2905 1754 2962 Deus
1790 2907 1961 2975 legem

386 2993 577 3056 aliam,
614 3010 786 3065 eaque
817 2994 1121 3050 subsidium
1152 2997 1427 3051 attulisset
1459 2997 1772 3066 priusquam
1809 2996 1963 3050 labe-

385 3099 536 3144 retur
588 3103 683 3156 per
736 3090 1063 3157 peccatum?
1116 3087 1282 3143 Recte
1344 3090 1510 3160 igitur
1562 3087 1701 3143 Deus
1729 3090 1961 3152 Adamo,

386 3189 682 3249 antequam
712 3192 998 3251 peccaret,
1032 3182 1171 3237 hanc
1201 3181 1370 3251 legem
1403 3183 1471 3236 de
1497 3182 1693 3236 arbore
1725 3182 1964 3236 scientiae

388 3273 669 3344 imposuit,
706 3273 830 3328 licet
875 3282 1147 3342 praeterea
1192 3272 1425 3326 naturali
1470 3272 1588 3343 lege
1639 3272 1964 3327 informatus

387 3375 552 3421 esset.
584 3362 723 3431 Quin
763 3363 865 3419 hoc
906 3363 1129 3433 insuper
1184 3365 1327 3418 scire
1378 3362 1673 3426 convenit,
1703 3379 1808 3415 non
1849 3362 1965 3432 jam

390 3470 504 3512 tum
550 3455 837 3526 inquinate
869 3455 1080 3511 Adamo
1126 3457 1357 3526 positam
1407 3471 1529 3512 esse
1561 3471 1590 3509 a
1627 3455 1735 3509 Deo
1770 3456 1966 3526 legem,

391 3549 484 3603 sed
527 3548 710 3601 adhuc
746 3562 881 3617 puro
914 3547 1194 3617 proboque
1242 3553 1295 3601 et
1323 3546 1482 3600 veluti
1515 3546 1584 3599 ab
1614 3546 1761 3599 omni
1809 3546 1969 3599 vitio-

393 3639 559 3694 sitate
607 3640 917 3708 percolato;
966 3638 1046 3694 sic
1085 3637 1233 3692 enim
1285 3638 1460 3707 ipsum
1516 3638 1853 3692 condiderat.
1887 3637 1969 3690 Ad

390 3735 506 3789 iure
540 3734 673 3787 illud
707 3734 869 3787 etiam
904 3732 1203 3801 quaeritur,
1243 3748 1342 3785 cur
1379 3731 1520 3786 Deus
1552 3730 1760 3785 Adamo
1798 3730 1967 3801 legem

391 3825 455 3878 dc
476 3824 674 3879 arbore
702 3823 792 3877 illa
826 3822 1198 3893 imperaverit,
1229 3831 1283 3876 et
1306 3838 1411 3875 non
1441 3822 1506 3875 de
1526 3821 1631 3874 alia
1652 3835 1711 3874 re
1746 3820 1966 3890 quavis.

392 3916 803 3987 Respondemus
826 3924 1006 3970 autem
1034 3934 1047 3969 :
1072 3914 1192 3981 Quo
1215 3923 1636 3984 cognosceretur
1654 3914 1799 3967 illius
1819 3927 1972 3966 amor

390 4025 518 4080 erga
569 4026 729 4064 suum
779 4017 1059 4078 parentem
1094 4006 1287 4061 Deum.
1340 4005 1533 4061 Omnis
1570 4007 1714 4060 enim
1765 4006 1850 4059 lex
1890 4004 1972 4059 vel

392 4102 460 4155 ad
516 4116 757 4155 amorem
814 4100 868 4153 itt
921 4099 1128 4162 Deum,
1167 4099 1249 4152 vel
1306 4098 1370 4152 ad
1424 4113 1664 4151 amorem
1709 4097 1973 4151 adversus

393 4197 710 4267 proximum
744 4205 950 4261 spectat
982 4214 994 4249 :
1033 4195 1144 4264 jam
1174 4210 1303 4249 vero
1346 4194 1478 4248 nulli
1517 4193 1695 4248 adhuc
1726 4194 1974 4248 homines

397 4302 629 4356 usquam
658 4294 811 4340 erant
836 4326 852 4348 ,
882 4294 942 4339 ut
974 4285 1232 4339 mandare
1262 4285 1471 4339 Adamo
1501 4293 1684 4353 posset
1718 4298 1785 4336 ne
1828 4281 1976 4336 occi-

394 4382 569 4441 deret,
598 4389 777 4435 autne
808 4379 1176 4434 committeret
1205 4378 1654 4440 adulterium,vel
1680 4393 1745 4431 ne
1770 4376 1973 4431 furtum

395 4473 618 4537 faceret,
663 4483 714 4527 ct
738 4490 857 4543 qua:
886 4481 1014 4526 sunt
1047 4471 1207 4540 hujus
1237 4470 1451 4540 generis
1502 4471 1631 4524 alia.
1674 4469 1971 4524 illiusmodi
2004 4501 2052 4559 D
2079 4464 2203 4517 aliis
2226 4462 2372 4517 vitiis
2402 4463 2639 4516 deditus.
2694 4460 2995 4516 Conﬁcitur
3043 4474 3192 4528 ergo,
3242 4458 3408 4512 Deum
3448 4459 3685 4513 Adamo

395 4565 539 4620 enim
562 4565 846 4636 pratcrplis
865 4564 1047 4617 nullus
1072 4572 1200 4617 tunc
1233 4562 1384 4617 locus
1404 4576 1525 4615 esse
1542 4564 1733 4628 potuit,
1752 4560 1973 4629 quando

397 4655 527 4710 nulli
567 4664 729 4709 erant
757 4654 848 4708 alii
892 4654 1140 4708 homines
1166 4690 1182 4716 ,
1217 4652 1445 4719 ideoque
1479 4653 1649 4718 legem
1681 4652 1747 4704 de
1779 4652 1974 4706 arbore

396 4740 626 4808 ferebat,
680 4759 784 4810 qua
845 4740 1183 4797 observanda
1224 4742 1396 4811 pietas
1457 4739 1651 4795 Adatni
1712 4740 1973 4797 adversus

392 4852 559 4891 suum
593 4835 939 4891 Conditorem
971 4844 1381 4901 agnosceretur.

468 4926 577 4983 Cur
633 4928 697 4981 de
755 4927 857 4981 cibi
925 4927 1343 4995 concupiscentia
1417 4926 1499 4978 lea:
1548 4925 1749 4979 Adamo
1800 4925 1973 4993 posita

394 5022 486 5075 sit.
514 5051 580 5060 —
610 5019 850 5089 Denique
886 5029 939 5073 et
966 5016 1097 5072 illttd
1129 5019 1267 5072 solet
1292 5018 1482 5089 quaeri,
1514 5033 1613 5070 cur
1643 5017 1782 5067 Deus
1804 5015 1970 5085 legent

398 5113 612 5167 Adamo
644 5112 1009 5181 imperaverit,
1052 5125 1174 5180 qua:
1222 5110 1287 5163 ad
1322 5109 1426 5163 cibi
1468 5107 1969 5173 concupiscentiam

403 5213 696 5276 spectaret,
730 5220 838 5259 non
872 5204 937 5258 ad
984 5203 1146 5256 aliam
1194 5218 1307 5256 rem
1339 5200 1676 5269 quampiam.
1703 5198 1975 5252 Potuisset

399 5298 543 5350 enim
582 5297 652 5349 illi
684 5296 789 5350 lata
828 5296 942 5363 lege
974 5293 1230 5348 mandare
1269 5302 1325 5346 ut
1359 5291 1621 5361 quosdam
1655 5289 1985 5344 nominatim-

406 5392 753 5457 prwscriptos
783 5388 901 5442 dies
918 5386 1142 5454 jejunus
1170 5394 1265 5438 aut
1291 5383 1539 5454 precibus
1569 5397 1767 5437 vacans
1795 5393 1977 5438 trans-

403 5480 596 5549 igeret,
634 5480 715 5535 vel
750 5497 811 5537 se
860 5494 969 5534 uno
994 5478 1297 5548 eodemque
1352 5478 1467 5531 loco
1505 5492 1598 5545 per
1626 5491 1721 5531 eos
1777 5475 1978 5530 immo-

401 5584 495 5628 tus
550 5573 895 5636 contineret,
950 5579 1043 5625 aut
1096 5569 1409 5638 hujusmodi
1465 5567 1610 5621 aliud
1694 5568 1976 5638 quidpiam

480 5748 525 5783 "
558 5744 763 5804 Tliren.
796 5760 833 5813 ι,
866 5748 948 5801 li.
1027 5740 1071 5777 ”
1098 5742 1289 5800 Matth.
1318 5757 1392 5809 tv,
1425 5742 1477 5796 ι.
1556 5744 1597 5775 7°
1636 5740 1770 5799 ibid.
1796 5744 1849 5797 '5.

2059 1896 2381 1951 mortalibus
2414 1896 2682 1951 incumbit
2712 1914 2728 1950 :
2767 1896 2915 1966 quod
2950 1897 3033 1951 vel
3068 1897 3196 1952 hinc
3239 1908 3473 1961 constat,
3518 1901 3644 1967 quia

2056 1990 2267 2059 absque
2288 1989 2527 2059 pecunia
2552 1996 2604 2043 et
2642 1989 2813 2057 gloria
2851 1990 3033 2043 vivere
3078 1988 3329 2045 homines
3367 2001 3593 2059 possum
3630 2007 3642 2041 :

2059 2090 2113 2135 at
2144 2081 2264 2134 sine
2309 2081 2430 2134 cibo
2467 2096 2573 2135 non
2598 2091 2829 2148 possunt
2860 2080 2999 2134 sicut
3038 2080 3176 2149 apud
3201 2079 3490 2135 Jeremiam
3520 2097 3648 2151 pro-

2058 2171 2275 2241 phetam
2330 2172 2590 2238 scriptum
2618 2216 2619 2219 η
2649 2181 2829 2225 exstat
2873 2188 2885 2223 :
2945 2170 3210 2224 Dedemnt
3244 2189 3324 2227 res
3354 2189 3479 2225 mas
3525 2189 3647 2242 prc-

2058 2265 2223 2317 tiosas
2262 2280 2358 2333 pro
2413 2264 2548 2326 cibo,
2605 2274 2659 2316 ut
2704 2264 3063 2315 instaurat-ent
3120 2265 3355 2316 animam
3402 2265 3647 2317 suam".

2059 2355 2245 2423 Neque
2278 2357 2421 2409 enim
2446 2356 2741 2409 adversum
2770 2370 2868 2407 nos
2906 2354 3035 2408 facit
3060 2356 3191 2409 illud
3225 2357 3442 2409 Domini
3479 2358 3647 2411 nostri
3685 2389 3691 2401 ι

2059 2448 2309 2499 dictum:
2359 2445 2479 2499 Non
2532 2448 2586 2498 in
2642 2446 2755 2499 solo
2795 2462 2930 2513 pana
2983 2448 3104 2499 vivit
3164 2448 3318 2500 homo
3360 2449 3425 2501 ⁷⁸.
3484 2448 3652 2517 Igitur
3694 2476 3695 2479 η

2060 2539 2319 2608 quoniam
2362 2538 2514 2608 gula,
2533 2538 2705 2606 prima
2729 2547 2812 2590 est
2840 2538 2891 2590 in
2910 2539 3066 2593 nobis
3094 2539 3430 2607 perturbatio
3459 2540 3648 2599 animi,

2062 2638 2489 2684 consentaneum
2524 2638 2659 2693 erat,
2716 2628 2986 2697 utpriunn
3028 2628 3162 2697 legis
3209 2629 3421 2682 Adamo
3475 2631 3652 2698 primo

2064 2721 2272 2776 homini
2308 2720 2544 2775 ferenda:
2604 2729 2747 2774 esset
2794 2721 3032 2774 occasio.
3070 2722 3135 2774 Et
3193 2736 3322 2776 vero
3374 2723 3499 2791 quia
3557 2738 3685 2791 per-

2075 2812 2285 2866 vcntris
2348 2811 2666 2881 ingluviem,
2729 2811 2946 2881 cibique
3001 2815 3361 2881 appelentiam
3422 2812 3654 2867 Satanas

2065 2904 2334 2959 Adamum
2355 2904 2578 2967 vicerat,
2614 2904 2817 2981 idcirco
2844 2914 2897 2958 ct
2929 2905 3186 2959 Christus
3207 2906 3333 2959 imle
3368 2907 3651 2960 victoriam
3686 2954 3689 2955 ν

2067 3011 2222 3051 suam
2261 2996 2526 3050 adversus
2555 2995 2707 3048 illum
2737 2996 2791 3049 in
2814 2996 3042 3050 deserto
3070 3007 3151 3049 est
3181 2997 3495 3065 auspicatus
3526 3014 3651 3052 cuiu

2068 3088 2141 3142 illi
2165 3086 2390 3151 diceret,
2423 3088 2755 3156 ut-est-apud
2788 3088 2973 3142 divum
2998 3088 3302 3143 Matthaeum
3335 3108 3348 3143 :
3384 3089 3447 3145 Si
3479 3089 3653 3145 Filius
3686 3130 3693 3137 .

2068 3178 2167 3233 Dei
2188 3178 2481 3244 es,,dicito.
2528 3188 2583 3232 ut
2649 3178 2852 3247 lapides
2886 3180 2977 3233 isti
3032 3196 3193 3249 panes
3214 3182 3347 3249 [iant
3380 3182 3449 3235 '9.
3485 3184 3656 3238 Porro
3682 3224 3695 3231 κ

2068 3282 2196 3327 sunt
2228 3273 2322 3343 qui
2357 3272 2525 3328 Deum
2558 3274 2802 3343 culpent,
2849 3275 2996 3344 qtted
3043 3275 3313 3331 Adamum
3350 3277 3687 3332 condiderit.

2070 3365 2175 3419 cibi
2205 3365 2421 3419 avidum
2470 3381 2536 3420 ac
2571 3381 2868 3421 voracem:
2910 3377 2963 3422 et
3011 3366 3253 3431 interim,
3303 3370 3415 3438 lege
3448 3369 3576 3434 lata,
3626 3387 3694 3422 at.

2069 3458 2193 3513 cibo
2217 3458 2543 3512 cohibuerit.
2580 3458 2685 3513 Sed
2734 3474 2835 3513 nos
2875 3460 2940 3514 ad
2979 3458 3096 3514 haec
3141 3461 3399 3523 dicimus,
3455 3462 3655 3515 nullam
3692 3502 3695 3505 γ

2072 3550 2163 3604 hic
2198 3552 2253 3605 in
2279 3550 2448 3604 Deum
2507 3562 2810 3605 creatorem
2845 3567 3003 3620 posse
3027 3551 3240 3622 culpam
3272 3551 3529 3617 conferri,
3562 3553 3655 3607 sed
3689 3596 3695 3601 .

2073 3641 2129 3695 in
2152 3641 2327 3710 ipsum
2356 3642 2624 3696 Adamum
2644 3640 2972 3709 justissime.
3028 3642 3184 3710 cujus
3212 3644 3480 3697 rationem
3501 3645 3657 3697 audi:

2073 3732 2341 3801 Cupidine
2391 3749 2511 3802 qua:
2544 3742 2629 3789 est
2662 3735 2715 3788 in
2749 3736 2928 3797 nobis,
2960 3744 3045 3791 est
3071 3744 3345 3804 quatenus
3389 3736 3558 3790 libere
3580 3736 3661 3788 uti
3678 3764 3695 3781 ιν

2080 3824 2440 3894 permittitur,
2473 3833 2556 3878 est
2590 3825 2753 3879 etiam
2784 3827 2875 3879 ubi
2908 3828 3208 3881 coercenda
3248 3826 3663 3895 cohibendaque
3696 3858 3701 3862 η

2086 3925 2190 3971 est.
2225 3914 2299 3967 Ea
2354 3916 2521 3986 igitur
2545 3932 2671 3983 pars
2708 3917 2856 3969 illius
2891 3932 3012 3984 quae
3037 3928 3225 3971 nostro
3251 3917 3373 3972 usui
3397 3916 3665 3987 permissa
3694 3955 3701 3963 .

2076 4016 2183 4070 est,
2215 4005 2374 4074 culpa
2405 4015 2583 4069 vacat,
2616 4020 2794 4074 neque
2822 4007 2939 4074 lege
2974 4005 3255 4060 inhibetur
3295 4024 3307 4059 :
3346 4006 3525 4075 qualis
3556 4015 3662 4066 est,
3692 4054 3695 4055 ν

2079 4107 2140 4152 ut
2172 4096 2423 4161 edamus,
2458 4106 2515 4149 ut
2540 4096 2812 4158 bibamus,
2836 4106 2894 4149 ut
2925 4096 3283 4158 dormiamus,
3307 4106 3468 4164 atque
3497 4095 3662 4163 hujus

2077 4187 2295 4258 generis
2320 4188 2424 4241 alia
2462 4187 2751 4243 iaciamus.
2794 4186 3137 4240 Ilel'rcnauda
3171 4200 3299 4238 vero
3333 4186 3663 4238 coercenda—

2077 4294 2186 4348 quc
2211 4279 2305 4333 illa
2336 4287 2445 4343 est,
2481 4294 2646 4349 quam
2677 4279 2761 4333 lex
2793 4286 2940 4332 vetat
2968 4276 3244 4342 exerceri;
3276 4276 3439 4329 veluti
3473 4276 3514 4329 si
3541 4274 3666 4343 quis

2083 4372 2310 4443 gulosus
2340 4371 2433 4434 sit,
2472 4370 2857 4433 autcbriosus,
2882 4369 2965 4421 vel
2995 4376 3260 4423 scortator
3281 4376 3334 4421 ct
3360 4366 3669 4435 hujusmodi

2081 4554 2253 4624 legem
2277 4554 2424 4608 illam
2446 4553 2850 4623 perscripsisse,
2886 4568 2995 4607 non
3032 4562 3091 4606 ut
3121 4566 3346 4621 prorsus
3378 4551 3512 4604 nihil
3542 4552 3670 4605 edc-

2081 4659 2186 4712 ret,
2222 4651 2315 4704 sed
2366 4658 2426 4704 ut
2451 4650 2519 4704 de
2556 4650 2793 4704 unailla
2816 4649 3014 4704 arbore
3070 4664 3175 4703 non
3220 4648 3426 4713 ederet.
3455 4645 3589 4700 Nam
3620 4647 3668 4700 si

2082 4742 2340 4796 nullailli
2378 4757 2472 4811 per
2515 4757 2633 4796 eam
2669 4743 2838 4811 legem
2876 4755 2936 4795 re
2969 4743 3113 4795 vesci
3145 4740 3408 4802 licuisset,
3443 4740 3671 4809 culpam

2082 4836 2184 4891 dus
2214 4850 2402 4891 revera
2452 4833 2647 4889 fuisset
2679 4834 2824 4889 Deus
2880 4832 3180 4903 legislator,
3237 4834 3327 4903 qui
3389 4833 3537 4886 illam
3595 4834 3699 4885 ita.

2082 4924 2399 4983 condiderat
2431 4936 2490 4980 ut
2536 4925 2745 4979 edendo
2780 4924 2944 4979 vitam
2979 4924 3253 4980 sustinere
3306 4924 3545 4978 deberet.
3601 4922 3671 4977 At

2081 5018 2301 5088 quando
2339 5017 2407 5071 ab
2445 5017 2605 5072 unica
2642 5016 2821 5087 ipsum
2854 5017 3122 5071 duntaxat
3150 5028 3345 5071 arnore
3374 5014 3668 5085 prohibuit.
3720 5002 3729 5016 ’

2082 5122 2261 5178 neque
2294 5106 2344 5163 id
2374 5110 2454 5163 vel
2478 5123 2570 5177 per
2599 5108 2858 5162 invidiam
2887 5108 2967 5162 vel
2997 5123 3094 5179 per
3126 5110 3311 5163 odium
3342 5125 3357 5174 ;
3394 5108 3487 5162 sed
3517 5114 3575 5160 ut
3603 5121 3693 5160 ea.

2087 5200 2206 5271 ejus
2246 5201 2380 5271 legis
2402 5201 2782 5256 observatione
2810 5216 3033 5257 causam
3065 5202 3287 5255 haberet
3318 5198 3669 5270 permittendi

2085 5294 2280 5349 deinde
2304 5293 2406 5363 ipsi
2441 5302 2658 5363 gustare
2682 5294 2809 5347 vitae
2834 5294 3107 5356 arborem,
3133 5309 3242 5361 quo
3272 5295 3374 5359 vita
3409 5290 3669 5359 deinceps

2086 5383 2193 5438 l‘rui
2240 5382 2570 5453 sempiterna
2625 5392 2855 5453 posset:
2893 5383 3036 5437 haud
3095 5382 3285 5436 insons
3320 5395 3451 5434 sane
3496 5379 3670 5434 videri

2088 5475 2181 5531 ille
2199 5474 2379 5543 {debet
2406 5473 2496 5538 qui
2549 5489 2659 5529 non
2695 5473 2972 5529 satiaverit
3001 5486 3155 5528 suam
3209 5471 3557 5539 cupiditatem
3599 5470 3671 5525 ab

2094 5568 2317 5641 reliquis
2348 5567 2667 5635 arboribus;
2700 5581 2873 5636 neque
2902 5564 3112 5621 unicam
3145 5562 3292 5618 illam
3329 5561 3531 5631 vitarit,
3560 5578 3679 5633 qua
