4100 6212
489 282 594 352 537

1618 291 1718 351 DE
1753 289 2163 352 PARADISO.
2201 315 2270 327 --
2312 291 2509 352 PARS
2549 293 2600 353 Ι.

3633 293 3741 356 538

556 397 668 453 Cur
702 397 904 452 Adamo
938 409 1114 454 creato
1167 417 1270 456 non
1303 401 1495 457 dixerit
1533 402 1674 456 Deus
1707 403 1900 458 bonum
1949 420 2061 457 esse
2087 407 2133 464 Α
2163 404 2420 465 Numine,
2480 416 2532 459 et
2574 405 2625 459 in
2660 405 2888 460 aliarum
2939 404 3200 459 virtutum
3254 407 3512 461 exercitio
3564 408 3740 463 virum

485 489 637 560 quod
669 489 994 558 fecisset.—-
1037 491 1177 547 Sunt
1209 509 1273 549 ex
1313 495 1700 565 interpretibus
1745 497 1836 565 qui
1879 496 2062 551 dicant

487 595 548 634 ea
586 578 742 634 verba
775 595 804 632 a
839 582 945 636 Deo
979 587 1328 650 pronuntiata
1355 601 1478 642 esse
1525 602 1655 642 voce
1679 603 1800 657 quae
1844 589 1916 640 'in
1964 603 2061 642 an-

469 671 667 724 diendi
715 687 938 726 sensum
1004 679 1242 740 caderet,
1285 679 1348 731 ad
1381 677 1742 732 erudiendum
1795 679 2058 732 Adamnm

467 763 903 834 docendumque
959 769 1102 836 quod
1156 768 1296 824 Drus
1349 780 1562 824 creator
1621 771 1713 834 sit,
1767 770 1886 839 ipse
1933 786 2060 825 vero

464 867 608 906 cum
634 868 802 908 uxore
835 856 1106 926 rebusque
1123 859 1245 913 aliis
1270 876 1392 928 qua!
1422 877 1651 930 nsquam
1678 870 1880 922 essent,
1905 875 2059 916 crea-

481 951 639 995 turae.
673 943 942 997 Caeterum
974 963 1074 1001 cur
1111 963 1234 1002 cmn
1291 950 1539 1005 finxisset
1602 951 1742 1006 Deus
1788 951 2055 1005 Adamum

458 1048 589 1088 non
642 1035 863 1100 dixerit,
897 1039 1080 1093 videre
1113 1056 1170 1094 se
1198 1042 1246 1094 id
1289 1042 1432 1111 quod
1457 1045 1789 1098 condidisset
1819 1061 1938 1098 esse
1959 1045 2054 1097 bo-

483 1140 635 1188 num,
667 1127 811 1182 sicut
848 1129 916 1184 de
950 1132 1172 1198 reliquis
1205 1133 1366 1187 rebus
1409 1149 1438 1187 a
1493 1150 1552 1188 se
1606 1135 1810 1190 effectis
1851 1121 2057 1190 dixisse

482 1226 852 1285 memoratur;
892 1220 1165 1291 duplicem
1198 1225 1578 1280 existimamus
1627 1242 1747 1281 esse
1777 1242 1996 1281 causam
2035 1244 2051 1281 :

478 1311 726 1373 alteram,
763 1313 890 1382 quia
921 1314 1007 1369 hic
1057 1315 1306 1371 dicturus
1359 1327 1476 1371 erat
1508 1335 1614 1373 non
1675 1333 1796 1373 esse
1827 1319 2049 1384 bonum,

453 1416 666 1470 parum
705 1405 850 1459 enim
880 1405 968 1458 illa
997 1406 1107 1460 duo
1133 1409 1272 1462 inter
1302 1425 1358 1463 se
1378 1418 1746 1464 consentanea
1779 1410 2048 1474 fuissent;

455 1494 724 1560 .alteram,
779 1497 906 1565 quia
966 1499 1018 1550 in
1073 1499 1321 1554 libertate
1362 1501 1574 1555 arbitrii
1630 1504 1760 1557 Athe
1809 1505 2045 1570 positum

471 1598 608 1649 erat,
637 1596 694 1640 ut
724 1596 816 1642 aut
847 1588 1020 1644 bonus
1052 1601 1146 1645 aut
1181 1608 1287 1647 non
1315 1593 1523 1649 ’bonus
1554 1605 1699 1649 esset
1737 1613 1749 1650 :
1788 1596 1910 1650 Non
1944 1611 2044 1665 est,

475 1678 677 1746 inquit,
720 1680 934 1744 bonum,
963 1683 1224 1736 Adamum
1247 1702 1358 1739 esse
1386 1687 1576 1742 solum.
1605 1687 1744 1753 Quid
1779 1690 1941 1760 igitur
1966 1692 2046 1746 fa-

2168 495 2284 564 ipsa
2330 495 2598 565 adjuvat:
2650 512 2773 550 nam
2827 507 2886 550 ut
2943 495 3143 551 Paulus
3177 496 3250 550 ait
3281 495 3518 551 :Christi
3571 498 3738 564 salus,

2167 595 2214 638 ct
2245 586 2370 640 viris
2425 599 2472 640 et
2506 587 2733 656 [entinis'
2755 603 2820 642 ea:
2870 603 3016 656 wquo
3051 597 3127 640 est
3159 589 3447 648 communis
3480 589 3544 641 “.
3576 588 3730 655 Quod

2167 690 2330 744 porro
2378 677 2560 731 addit:
2595 677 2786 742 Qualis
2820 679 2927 745 ipse
2948 686 3047 740 est,
3096 677 3319 746 perinde
3367 684 3448 730 est
3483 691 3544 730 ac
3577 680 3627 730 si
3660 679 3744 731 di-

2166 770 2273 826 cat,
2335 779 2454 831 qua:
2536 766 2723 818 eadem
2780 775 2984 818 naturae
3050 763 3364 818 conditione
3437 780 3560 817 cum
3625 767 3742 819 viro

2165 857 2388 922 praedita
2442 855 2533 918 sit,
2600 872 2705 908 non
2758 865 2938 909 autem
2996 872 3116 925 qua:
3165 865 3225 909 ut
3293 856 3466 910 bestia
3524 857 3602 908 vel
3648 857 3740 925 ju-

2165 957 2426 1012 mentum,
2467 962 2685 1014 operam
2733 948 2806 1000 illi
2865 957 3102 1015 praestet,
3137 962 3255 1016 quae
3289 947 3522 1000 lunnana
3555 959 3741 1002 carent

2163 1038 2361 1091 indole.
2424 1038 2686 1092 Prmterea
2738 1041 3022 1107 paritatem
3089 1056 3304 1110 quoque
3361 1050 3591 1104 naturae,
3650 1041 3738 1095 illa

2145 1131 2346 1195 verba,
2405 1139 2460 1185 et
2493 1133 3012 1187 consimilitudinem
3066 1134 3119 1187 in
3162 1143 3390 1203 utroque
3441 1150 3571 1187 sexu
3644 1149 3738 1187 os-

2159 1223 2404 1287 tendunt,
2449 1224 2522 1277 ita
2578 1233 2637 1277 ut
2667 1226 2935 1289 neutrius,
2994 1228 3073 1280 vel
3131 1227 3475 1294 praestantior
3507 1226 3586 1279 vel
3638 1227 3725 1279 de-

2155 1315 2354 1370 sertior
2428 1315 2730 1370 existimari
2793 1318 3008 1372 debeat.
3061 1319 3299 1386 Denique
3363 1334 3486 1371 cum
3561 1318 3784 1398 tribus.

2158 1406 2268 1459 fere
2333 1407 2532 1471 modis,
2576 1423 2672 1462 eos
2726 1409 2818 1476 qui
2895 1412 3034 1463 alios
3085 1409 3346 1475 adjuvant
3402 1409 3734 1477 distinguere
3768 1391 3799 1401 η

2153 1497 2427 1552 soleamus
2474 1501 2592 1565 (aut
2643 1501 2788 1554 enim
2843 1502 3017 1566 major
3044 1516 3198 1569 opem
3233 1500 3336 1553 fert
3388 1501 3607 1563 minori,
3638 1512 3732 1556 aut

2155 1590 2331 1644 minor
2369 1591 2626 1660 majorem
2662 1593 2836 1661 juvat,
2868 1605 2959 1647 aut
3010 1595 3236 1662 aiqualis
3261 1595 3458 1664 aequali
3509 1609 3730 1662 operam

2152 1683 2463 1737 commodat
2507 1700 2521 1747 ;
2567 1685 2716 1738 verbi
2769 1686 2964 1752 gratia,
3025 1686 3296 1740 interdum
3358 1703 3449 1740 rex
3497 1687 3732 1754 opitula-

474 1781 565 1824 elo
611 1787 751 1840 opus
784 1781 867 1826 est
897 1784 952 1828 ut
990 1775 1153 1829 faciat
1195 1778 1243 1830 ei
1294 1779 1668 1847 adjutorium?
1706 1758 1837 1835 Nam
1894 1785 1937 1838 si
1999 1786 2050 1840 id
2085 1758 2124 1810 Β
2157 1782 2244 1826 lur
2278 1773 2502 1828 humilis
2537 1774 2867 1828 conditionis
2905 1771 3046 1839 viro,
3103 1783 3156 1827 et
3195 1775 3358 1828 etiam
3391 1776 3480 1828 ubi
3521 1789 3731 1843 pauper

471 1863 614 1930 quod
638 1879 740 1917 non
758 1875 840 1920 est
867 1866 1065 1920 bonum
1096 1868 1450 1938 rejiciendum
1474 1882 1576 1938 est,
1603 1873 1730 1927 illud
1761 1890 1890 1930 sane
1911 1879 2052 1944 quo.l

473 1955 674 2009 bonum
703 1967 810 2022 est,
842 1960 999 2026 plane
1033 1970 1089 2014 ut
1132 1963 1500 2017 constituatur
1550 1967 1835 2030 convenit;
1888 1982 2055 2036 nega-

473 2047 548 2100 tio
589 2047 732 2101 eniin
783 2050 828 2104 si
888 2049 1022 2105 falsa
1075 2053 1164 2114 sit,
1219 2053 1632 2110 allirmationem
1689 2072 1810 2112 esse
1866 2075 2050 2113 veram

475 2154 758 2194 necessum
787 2153 869 2197 est
898 2161 911 2208 ;
954 2151 1080 2197 sunt
1113 2147 1256 2198 enim
1302 2146 1389 2200 illa
1420 2148 1521 2200 sibi
1565 2148 1705 2202 inter
1749 2165 1807 2204 se
1841 2166 1906 2205 ex
1935 2153 2055 2205 dia-

472 2241 648 2303 metro
693 2235 939 2300 opposita
985 2253 998 2288 :
1063 2234 1282 2290 Faciam
1341 2238 1443 2306 ipsi
1497 2240 1824 2308 adjutorium
1879 2243 2051 2311 qualis

469 2319 578 2389 ipse
607 2335 704 2376 est.
739 2323 918 2393 Nuper
950 2327 1163 2382 dicebat
1194 2328 1334 2383 Deus
1364 2347 1379 2384 :
1406 2329 1696 2386 Faciamus
1748 2335 2007 2388 [continent
2033 2353 2048 2402 ;

471 2413 559 2468 hic
589 2431 717 2469 vero
750 2418 879 2470 dicit
917 2435 932 2472 :
967 2417 1218 2475 Faciam.
1254 2419 1519 2476 Nimirum
1556 2424 1684 2477 illud
1738 2426 1895 2480 nobis
1925 2441 2049 2478 ora-

469 2505 652 2560 Culum
713 2523 942 2562 numero
1013 2510 1208 2579 plurali
1279 2512 1458 2580 prodit
1509 2523 1619 2567 tres
1674 2527 2050 2568 sacrosanctas

469 2613 762 2666 personas,
797 2601 898 2656 hoc
948 2617 1097 2668 vero,
1152 2604 1438 2673 singulari,
1494 2621 1658 2658 unam
1707 2609 2046 2660 essentiam:

471 2699 529 2742 ut
553 2706 614 2743 ex
651 2691 736 2744 his
763 2692 972 2747 duobus
1009 2695 1245 2748 Orarulis
1281 2696 1672 2766 intelligamus,
1727 2696 1896 2751 Deum
1929 2713 2050 2752 esse

471 2794 635 2833 unam
669 2784 990 2847 essentiam,
1020 2793 1072 2837 et
1109 2794 1218 2838 tres
1276 2799 1557 2855 personas.
1597 2787 1677 2840 Ad
1729 2787 1851 2852 hoc,
1885 2802 2048 2855 supra

473 2874 540 2927 dc
599 2873 925 2930 formatione
977 2877 1169 2931 Adami
1238 2893 1401 2947 agens
1456 2880 1716 2935 dicebat:
1761 2879 2047 2934 Faciamus

469 2967 728 3021 hominem
759 2969 827 3021 ad
857 2970 1138 3037 imaginem
1170 2985 1429 3035 nostram,
1461 2988 1569 3042 quo
1599 2973 1927 3042 significaret
1953 2989 2048 3043 per

472 3056 693 3110 verbum
726 3060 937 3111 numeri
976 3060 1220 3128 pluralis,
1254 3062 1708 3116 consultationem
1750 3065 2040 3131 quamdam
2069 3096 2112 3155 ς

465 3148 1038 3219 deliberationemque,
1081 3152 1242 3220 idque
1303 3153 1368 3206 ad
1404 3155 1543 3222 ejus,
1577 3155 1668 3223 qui
1724 3153 2042 3211 formamlus

463 3251 600 3298 erat.
640 3242 955 3311 dignitatem
993 3247 1294 3313 spectabat.
1327 3255 1385 3299 ut
1429 3245 1520 3314 qni
1576 3263 1682 3300 non
1725 3249 2047 3303 conderetur

468 3331 676 3401 absque
745 3335 911 3388 verbo
949 3344 1004 3390 et
1075 3337 1308 3390 consilio
1372 3338 1868 3408 deliberationeque
1928 3340 2042 3406 Dei,

464 3433 652 3477 contra
680 3433 735 3478 at
757 3443 843 3493 μευ
866 3428 1051 3481 bestiae
1079 3430 1304 3484 rationis
1333 3440 1579 3498 expertes
1599 3447 1719 3501 qua:
1750 3434 1866 3486 solo
1891 3432 2045 3500 jussu

465 3517 786 3570 ex5titerurit
824 3537 836 3571 :
873 3519 958 3573 hic
997 3537 1143 3587 vero,
1172 3523 1261 3575 u‘i
1297 3523 1362 3576 de
1395 3523 1672 3576 formanda
1710 3523 1818 3579 Eva
1849 3534 2046 3580 tracta-

465 3617 572 3670 tur,
601 3611 706 3661 ait:
745 3604 980 3664 Faciam.
1010 3613 1070 3664 Et
1105 3614 1218 3666 hmc
1236 3614 1527 3678 variantia,
1555 3617 1862 3683 complures
1886 3617 2046 3671 habet

464 3699 728 3754 rationes.
754 3699 936 3754 Primo
959 3703 1104 3755 enim
1133 3703 1391 3762 ostendit.
1442 3719 1605 3756 unam
1665 3720 1788 3759 esse
1831 3707 1928 3759 viri
1964 3706 2046 3759 fe-

465 3792 734 3861 minchue
782 3804 1064 3860 naturam;
1118 3794 1312 3848 deinde
1364 3795 1454 3847 Dei
1507 3793 1746 3849 studium
1783 3777 2044 3851 adversus

463 3883 732 3937 Adamum
801 3893 853 3937 et
908 3884 1072 3939 Evam
1106 3885 1340 3954 explicat
1373 3885 1607 3951 clarius;
1644 3885 1710 3937 ad
1756 3885 1879 3949 hoc,
1914 3901 2041 3954 pro-

469 3972 551 4025 dit
579 3971 702 4026 Evaa
731 3974 1099 4028 conditionem
1147 3973 1370 4029 minime
1405 3989 1866 4043 supervacaneam
1899 3992 2037 4032 esse.

463 4060 695 4133 insuper
729 4065 882 4118 docet
932 4056 1050 4118 Deo.
1078 4080 1185 4119 non
1224 4065 1438 4120 tandem
1473 4065 1766 4133 aliquando
1809 4067 1862 4120 in
1893 4082 2043 4120 men-

464 4163 573 4208 tem
637 4160 853 4211 venisse
903 4157 970 4210 de
1017 4157 1416 4211 conformanda
1470 4157 1603 4220 Eva,
1655 4158 1748 4212 sed
1811 4158 1865 4211 in
1924 4158 2042 4228 ipso

464 4249 653 4298 statim
688 4246 841 4300 initio
886 4247 1051 4301 simul
1103 4256 1265 4316 atque
1319 4247 1588 4301 Adamum
1634 4247 1910 4302 conderet.
1978 4248 2044 4303 Et

467 4334 582 4389 haec
629 4336 845 4404 quidem
905 4352 1066 4391 sensa
1120 4352 1183 4390 ex
1231 4339 1417 4400 verbo,
1478 4335 1722 4399 Faciant,
1758 4353 2039 4393 commen-
2067 4339 2092 4361 ‘

2157 1865 2402 1920 subsidio
2459 1876 2541 1920 est
2595 1866 2772 1930 diviti,
2835 1882 2977 1934 s:epe
3059 1879 3277 1934 quoque
3346 1865 3426 1918 vir
3478 1866 3730 1934 princeps

2157 1957 2384 2026 principi
2434 1959 2572 2022 viro,
2623 1968 2718 2011 aut
2769 1957 3010 2025 plebeius
3073 1957 3281 2025 plebeio
3313 1957 3593 2024 suppetias
3644 1973 3732 2010 vc-

2139 2048 2254 2114 'nit)
2321 2057 2547 2117 possunt
2598 2051 2777 2103 addita
2811 2050 2978 2102 videri
3027 2049 3186 2103 verba
3224 2049 3311 2114 illa
3348 2062 3364 2101 :
3400 2048 3590 2113 Qualis
3621 2051 3730 2115 ipse

2154 2150 2251 2204 est,
2294 2151 2350 2194 ut
2405 2141 2672 2210 a‘qttaletn
2702 2143 2895 2210 a-quali
2933 2141 3134 2195 auxilio
3162 2156 3281 2195 esse
3341 2141 3726 2208 intelligamus,

2155 2232 2282 2284 dum
2327 2231 2434 2284 Eva
2487 2231 2756 2285 Adamum
2807 2233 3051 2300 adjuvat.
3106 2233 3258 2297 Quod
3307 2239 3350 2287 si
3415 2248 3544 2287 vero
3604 2233 3728 2300 quis

2154 2324 2395 2392 objiciat,
2447 2324 2615 2378 Evam
2661 2323 2870 2377 Adamo
2917 2323 3038 2392 plus
3103 2325 3480 2393 angustiarum
3564 2339 3728 2392 quam

2154 2417 2272 2485 opis
2320 2418 2614 2471 attulisse:
2654 2418 2701 2470 ei
2738 2417 3213 2484 respondebimus,
3253 2417 3463 2486 culpam
3501 2420 3618 2483 ejus
3646 2417 3722 2483 rei

2153 2520 2260 2559 non
2289 2506 2341 2560 in
2386 2507 2510 2559 Eva:
2539 2506 2877 2560 conditorem
2923 2506 3112 2568 Deum,
3142 2508 3233 2561 sed
3267 2509 3320 2561 in
3354 2511 3523 2576 ipsam
3561 2509 3727 2570 Evam

2154 2610 2278 2650 esse
2350 2597 2759 2652 conferendam.
2804 2598 2957 2652 Sicut
3008 2599 3170 2651 hodie
3229 2599 3473 2651 videmus
3529 2599 3728 2652 multas

2153 2689 2384 2744 feminas
2416 2691 2570 2745 triste
2621 2691 2753 2744 viris
2789 2692 2906 2745 suis
2969 2691 3302 2745 connubium
3333 2692 3592 2758 reddere;
3631 2693 3726 2753 sed

2151 2782 2200 2834 i.l
2279 2781 2493 2834 illarmn
2569 2782 2808 2850 ipsarum
2874 2784 3005 2837 vitio
3059 2786 3196 2848 fieri,
3258 2800 3362 2837 non
3415 2795 3596 2838 autem
3639 2786 3725 2854 ip-

2149 2889 2332 2928 sarum
2361 2874 2538 2943 opifici
2571 2875 2680 2928 Deo
2710 2875 2811 2929 hoc
2859 2877 3075 2930 crimini
3114 2891 3272 2946 posse
3318 2880 3473 2930 verti.
3509 2877 3640 2931 Nam
3671 2889 3727 2934 et

2149 2982 2342 3020 manus
2380 2977 2576 3021 nostra:
2619 2982 2682 3020 eo
2728 2968 2932 3022 edoctae
2963 2981 3108 3032 sunt,
3141 2981 3198 3023 ut
3231 2985 3350 3038 quzu
3391 2972 3556 3036 proba
3599 2979 3726 3025 sunt

2151 3070 2212 3106 ea
2246 3063 2427 3122 agant,
2451 3055 2562 3122 jam
2616 3055 2660 3109 si
2705 3056 2838 3125 ipsis
2886 3057 2951 3111 ad
3015 3062 3274 3127 patranda
3313 3061 3452 3114 mala
3484 3070 3722 3128 utamur,

2149 3147 2252 3197 erit
2281 3161 2411 3199 sane
2450 3156 2634 3200 nostra
2682 3162 2744 3201 ea
2785 3148 2966 3215 culpa,
3003 3164 3109 3202 non
3152 3151 3458 3206 conditoris
3508 3153 3718 3207 illarum

2147 3236 2240 3290 Dei
2283 3254 2296 3289 :
2331 3245 2384 3290 et
2419 3238 2610 3293 oculos
2653 3251 2871 3292 nostros
2915 3241 3172 3294 formavit
3213 3241 3356 3296 Deus
3390 3253 3447 3296 ut
3479 3245 3728 3300 viderent

2147 3345 2269 3397 quae
2308 3338 2452 3383 recta
2488 3338 2617 3384 sunt
2657 3339 2793 3384 teste
2844 3330 3064 3395 Davidc,
3115 3333 3157 3388 si
3199 3343 3375 3388 tamen
3422 3335 3486 3388 ad
3517 3353 3578 3390 ea
3605 3354 3723 3406 qua:

2149 3437 2360 3491 tmpura
2395 3432 2521 3476 sunt
2552 3424 2697 3492 ipsos
2720 3424 3084 3491 intendamus,
3119 3427 3243 3494 quis
3266 3425 3581 3483 ideeliectori
3617 3431 3723 3484 Deo

2147 3529 2209 3568 ac
2239 3528 2342 3566 non
2391 3514 2572 3582 potius
2623 3524 2824 3568 nostra;
2876 3515 3159 3569 vitiositati
3190 3518 3465 3571 ascribat?
3510 3521 3578 3570 Et
3607 3519 3723 3588 [or-

2146 3614 2379 3658 marerat
2410 3605 2664 3659 Dominus
2686 3605 2823 3660 Deus
2853 3623 2880 3661 e
2905 3618 3043 3661 terra
3063 3624 3262 3661 onmem
3300 3609 3558 3663 volucrem
3583 3612 3720 3666 cali.

2145 3694 2265 3750 Non
2306 3696 2416 3764 jam
2449 3695 2714 3752 formasse
2748 3697 2914 3751 Deum
2952 3699 3091 3752 alios
3121 3701 3450 3762 animantes,
3480 3702 3723 3771 aliasque

2147 3788 2399 3840 volucres
2430 3795 2551 3855 post
2576 3789 2886 3856 superiores
2934 3789 3190 3854 aliirmat,
3238 3790 3330 3844 sed
3362 3790 3428 3844 de
3455 3791 3564 3844 illis
3591 3791 3722 3860 ipsis

2147 3893 2368 3947 prorsus
2401 3879 2487 3932 hic
2529 3881 2726 3948 agitur,
2772 3890 2936 3949 atque
2971 3881 3038 3934 ad
3072 3881 3263 3935 eadem
3325 3882 3536 3948 el'lecta,
3584 3884 3722 3937 relit

2145 3972 2338 4036 oratio,
2403 3971 2548 4038 quod
2609 3971 2727 4024 ideo
2756 3971 2849 4036 sit,
2903 3981 2962 4024 ut
3019 3971 3387 4040 intelligamus
3440 3976 3714 4028 Adamum

2145 4063 2322 4117 solum
2361 4071 2414 4115 ct
2455 4063 2662 4130 absque
2723 4061 2832 4114 ullo
2895 4061 3170 4129 adjutorio
3223 4065 3365 4131 quod
3419 4067 3720 4121 consimilis

2144 4161 2292 4208 esset
2336 4169 2457 4205 cum
2517 4151 2636 4220 ipso
2689 4159 2917 4214 naturae,
2983 4152 3272 4205 formatum
3307 4152 3480 4218 primo
3528 4153 3717 4222 fuisse,

2145 4261 2268 4298 cum
2303 4243 2509 4307 bestiae,
2532 4243 2804 4312 jumenta,
2833 4257 2960 4296 aves
3001 4244 3218 4311 gemino
3249 4258 3378 4297 sexu
3404 4245 3717 4300 simulcon-

2145 4336 2254 4388 dita
2309 4343 2512 4391 essent.
2563 4333 2832 4389 (Laterum
2879 4333 3149 4388 formandi
3201 4335 3426 4388 verbum
3472 4335 3560 4390 hic
3611 4353 3716 4392 non

467 4428 629 4481 tando
659 4427 854 4482 elicere
911 4439 1224 4496 possumus.
1267 4429 1434 4483 Porro
1486 4444 1610 4483 cum
1649 4430 1904 4498 adjutorii
1944 4445 2038 4482 vo-
2071 4440 2124 4498 1)
2151 4427 2223 4480 ita
2259 4428 2632 4494 accipiendum
2669 4437 2751 4481 est
2782 4428 2938 4496 quasi
2992 4444 3055 4483 ex
3090 4437 3230 4482 terra
3277 4429 3384 4482 sint
3414 4443 3719 4499 coagmen-

466 4517 719 4572 cabulum
771 4519 935 4574 variis
980 4530 1272 4588 usurpetur
1309 4518 1508 4582 modis,
1568 4520 1699 4573 illud
1757 4521 2044 4588 quwritur,

466 4622 574 4677 qua
625 4608 678 4661 in
743 4623 800 4662 re
838 4610 1094 4678 adjuvare
1154 4609 1400 4663 debuerit
1435 4593 1544 4663 Eva
1596 4611 1898 4676 Adamum;
1945 4612 2048 4665 hoc

466 4709 552 4755 est
609 4701 810 4755 femina
857 4703 1054 4756 virum.
1090 4703 1393 4756 Statuimus
1435 4711 1617 4756 autem
1666 4701 1718 4754 in
1773 4701 2040 4770 plurimis.

465 4793 651 4846 Primo
697 4795 749 4847 in
819 4795 1166 4863 procreandis
1244 4794 1454 4858 liberis,
1535 4795 1636 4847 hoc
1699 4804 1803 4857 est,
1888 4804 2044 4846 utero

467 4886 766 4954 gestandis.
807 4886 1071 4940 Praeterea
1110 4886 1164 4940 in
1223 4886 1501 4939 educanda
1558 4883 1709 4954 prole
1761 4895 2043 4954 prognata.

465 4976 696 5046 Insuper
733 4989 792 5033 ut
845 4979 910 5031 ad
947 4978 1122 5030 virum
1163 4985 1370 5046 spectat
1425 4992 1489 5030 ea
1538 4975 1740 5045 quibus
1771 4991 1916 5044 opus
1966 4984 2050 5029 est

464 5067 720 5140 colligere
743 5079 1188 5137 comportat-eque
1233 5069 1455 5122 aliunde
1507 5067 1751 5128 domum,
1787 5068 1856 5121 ita
1898 5067 2048 5120 femi-

465 5177 550 5232 nae
608 5172 712 5227 est,
747 5161 892 5215 domi
923 5162 1108 5216 omnia
1163 5162 1437 5226 ordinare,
1485 5170 1648 5230 atque
1690 5160 1826 5214 utin
1863 5175 2044 5226 prom-

465 5265 560 5326 ptu
610 5257 722 5309 sint
760 5257 1048 5324 disponere
1108 5255 1618 5323 administrareqne.
1678 5255 1900 5318 Adlnec,
1961 5253 2042 5307 fe-

467 5348 614 5402 mina
665 5347 730 5401 bt
772 5348 825 5402 in
860 5348 998 5403 lanis
1053 5349 1124 5401 ita
1182 5359 1236 5402 et
1296 5347 1349 5400 in
1381 5347 1627 5402 adversis
1680 5347 1915 5402 ferendis
1949 5362 2042 5401 so-

467 5426 609 5492 ciam
650 5455 710 5493 se
742 5441 857 5494 viro
892 5451 1172 5509 praestare,
1225 5454 1442 5508 unaque
1497 5454 1661 5494 onera
1693 5440 1876 5494 omnia
1905 5439 2041 5494 sub-

466 5527 547 5597 ite
588 5530 767 5586 debet.
811 5531 1053 5601 Denique
1101 5539 1155 5586 et
1211 5531 1261 5585 in
1331 5531 1647 5599 reverendo,
1707 5531 2042 5593 colendoque

543 5706 588 5738 "
618 5704 792 5760 fiatut.
831 5721 911 5769 Ill,
963 5705 1052 5762 ‘28.

2155 4527 2262 4572 tata
2296 4517 2616 4583 animantia,
2654 4518 2800 4582 ferai,
2856 4535 3018 4586 aves;
3062 4521 3174 4574 btec
3212 4520 3354 4574 cnim
3408 4523 3521 4590 ipsa
3594 4538 3719 4590 pro-

2100 4661 2103 4664 .
2151 4612 2306 4666 duxit
2353 4625 2564 4675 natura,
2608 4614 2750 4667 s'cut
2779 4622 2831 4667 et
2878 4614 3086 4683 reptilia
3141 4629 3476 4684 progcnucre
3539 4630 3715 4684 aqum,

2107 4755 2110 4760 .
2153 4714 2210 4757 ut
2269 4715 2394 4758 ante
2420 4716 2501 4759 est
2555 4720 2582 4758 a
2638 4705 2782 4760 Mose
2835 4707 3089 4761 dictum:
3138 4707 3232 4761 sed

3292 4707 3414 4762 ideo
3449 4708 3719 4763 formandi

2149 4796 2265 4851 sive
2317 4797 2548 4865 lingendi
2597 4797 2761 4851 verbo
2798 4798 2968 4850 utitur
3021 4798 3322 4867 Scriptura,
3366 4809 3424 4853 ut
3482 4801 3722 4856 sciamus

2151 4903 2257 4942 non
2319 4887 2489 4942 solam
2534 4897 2732 4940 terram
2779 4889 2866 4942 illa
2922 4892 3316 4958 procreavisse,
3358 4895 3504 4960 quod
3549 4893 3721 4960 Musis

2149 4980 2308 5033 verba
2346 4998 2359 5034 :
2402 4979 2668 5034 Producat
2703 4992 2846 5034 terra
2889 4984 3124 5036 animam
3158 4986 3716 5053 viventem,jumenm,

2147 5081 2195 5124 et
2224 5072 2462 5140 reptilia,
2496 5083 2629 5136 etc.,
2693 5073 3019 5128 videbantur
3061 5091 3300 5143 sonare;
3334 5077 3426 5129 sed
3457 5092 3520 5129 ex
3565 5084 3724 5130 terra:

2147 5163 2308 5217 simul
2347 5172 2400 5216 et
2442 5178 2703 5230 aquarmn
2741 5166 2969 5235 coagulo
3017 5174 3176 5219 enata
3207 5181 3347 5230 esse,
3373 5176 3464 5218 aut
3491 5181 3554 5217 ex
3585 5180 3723 5233 qua—

2147 5263 2271 5308 tuor
2323 5255 2503 5322 potius
2534 5255 2838 5312 elementis.
2882 5258 3018 5311 Nam
3054 5275 3118 5312 es
3156 5259 3261 5323 bis,
3311 5269 3370 5311 ut
3402 5257 3616 5322 Adami,
3647 5260 3718 5311 ita

2144 5352 2461 5398 cmterorum
2497 5359 2714 5415 quoque
2761 5347 3144 5407 animantium,
3201 5346 3462 5405 ferarum,
3512 5346 3716 5410 mium,

2146 5437 2417 5506 reptilium
2454 5453 2680 5506 corpora
2718 5449 2846 5493 sunt
2885 5439 3182 5508 composita
3223 5454 3238 5502 ;
3271 5438 3364 5492 sed
3403 5438 3546 5492 illius
3579 5455 3720 5496 cor-
3802 5435 3804 5437 ’

2145 5543 2268 5597 pus,
2321 5527 2414 5584 Dei
2466 5529 2638 5599 ipsius
2678 5539 2764 5586 cst
2810 5531 3063 5586 manibus
3095 5527 3484 5599 informatum,
3524 5531 3715 5603 horum

2426 5739 2450 5784 ὺ
