4100 6212
412 307 519 370 539

1674 317 1901 377 110515
1948 317 2096 375 ΒΑΗ
2142 316 2395 377 ΩΕΡΗΛ

3564 315 3671 377 5M

413 436 544 477 varo
591 436 817 493 corpora
870 438 979 481 non
1026 431 1301 491 manibus.
1361 430 1455 486 sed
1507 434 1626 486 solo
1688 436 1846 501 jussu
1903 432 2210 494 DeiAnon
2268 434 2459 489 Adanti
2493 443 2674 490 autem
2727 435 2936 507 lingua,
2972 437 3397 506 nominibusque
3429 436 3497 492 ab
3556 438 3673 506 ipso

410 517 755 571 coaluerunt.
810 517 878 573 Et
924 520 1078 575 duxit
1137 536 1199 576 ea
1247 524 1316 576 ad
1355 524 1638 577 Atlantem.
1696 524 1851 579 Unde
1901 524 2001 578 ad-

412 612 573 665 duxit
606 603 772 674 feras,
814 612 1080 681 jumenta,
1117 626 1265 679 aves,
1300 617 1366 670 ad
1400 618 1705 670 Atlamutn?
1739 618 1995 670 nimirum

413 719 443 752 te
480 702 780 767 montibus,
861 706 1271 770 solitudinibus,
1326 704 1555 777 aliisque
1609 708 1740 763 locis
1798 710 1998 779 passim

414 794 668 860 collecta,
722 796 842 851 solo
874 807 1009 851 nutu
1047 813 1146 853 suo
1181 802 1245 853 ad
1280 801 1548 854 Adamum
1602 810 1732 871 egit,
1762 804 1897 856 sicut
1932 803 1999 855 ad

413 882 526 940 Noe
582 876 802 958 qu'oque
839 891 1030 945 diluvii
1100 904 1365 961 tempore.
1434 892 1569 947 Nam
1638 900 1696 946 ut
1750 895 1857 959 hic,
1928 895 1999 949 ita

416 979 635 1033 volente
665 979 791 1043 Deo,
839 981 971 1035 nihil
1017 983 1116 1037 sibi
1162 984 1229 1038 ab
1275 986 1489 1039 illorum
1530 986 1751 1040 feritate
1797 996 2001 1040 metue-

423 1068 534 1136 lrat,
587 1070 659 1124 ita
702 1086 882 1142 neque
929 1076 1191 1138 Adamus,
1241 1088 1307 1130 co
1344 1078 1487 1146 quod
1538 1079 1716 1134 adhuc
1767 1094 1871 1131 non
1906 1080 2002 1134 de-

417 1158 669 1227 liquisset
727 1169 988 1219 adversus
1024 1165 1118 1221 Dei
1164 1169 1480 1221 mandatum
1512 1186 1524 1221 :
1555 1170 1665 1223 imo
1725 1186 1851 1223 vero
1881 1170 1998 1239 ipsa

418 1253 686 1306 Adamum
719 1258 1123 1319 reverebantur,
1170 1262 1546 1329 pavebantque
1578 1276 1641 1315 ae
1700 1264 2002 1317 tremebant

423 1343 489 1396 ad
520 1348 693 1412 ipsius
728 1358 1101 1416 OOHSpt'Clllm.
1163 1350 1263 1403 Sed
1312 1363 1361 1404 ct
1413 1354 1516 1407 hoc
1561 1353 1999 1407 animadverten-

420 1433 551 1485 tlnm
595 1446 700 1496 est,
732 1436 819 1488 hit:
852 1450 1078 1505 prorsus
1127 1450 1288 1510 atque
1336 1444 1558 1496 omnino
1603 1443 1851 1497 eﬂ'ectum
1882 1444 1998 1497 dari

326 1596 331 1599 ν
420 1521 565 1589 quod
601 1535 726 1577 ante
766 1528 979 1581 dixerat
1021 1529 1164 1585 Deus
1194 1532 1258 1584 ad
1290 1534 1537 1588 homines
1578 1552 1594 1587 :
1634 1534 1998 1588 Dominamini

416 1615 645 1679 piscibus
702 1621 865 1673 maris
918 1632 965 1674 et
1032 1624 1327 1677 volucribus
1384 1626 1520 1689 emli,
1577 1626 1826 1696 Omnith
1876 1630 1997 1680 ani-

418 1707 586 1757 ntanti
616 1717 790 1762 terra.
840 1708 906 1764 Et
941 1724 1135 1767 rursus
1169 1729 1185 1766 ε
1238 1713 1596 1768 Dominamini
1620 1718 1853 1783 piscibus
1881 1734 1996 1769 ma-

421 1797 519 1860 m,
553 1806 661 1852 etc.
700 1799 853 1864 Quod
878 1813 1054 1856 autem
1078 1804 1164 1857 illa
1193 1805 1256 1859 ad
1288 1806 1582 1873 Adamum,
1621 1824 1725 1861 non
1753 1808 1997 1864 Adamus
2030 1787 2071 1842 Β

418 1889 483 1941 ad
534 1890 622 1941 illa
652 1890 889 1957 ducitur,
928 1895 1321 1962 atnplilicandze
1353 1898 1633 1969 dignitatis
1678 1915 1843 1955 causa
1899 1902 1998 1969 lit;

419 1983 575 2049 quasi
625 1997 713 2038 res
755 1994 1017 2052 possessu
1065 1989 1459 2045 transferantur
1495 1993 1562 2047 ad
1605 2006 1997 2062 possessorem,

419 2083 515 2127 aut
564 2079 832 2145 mancipia
893 2083 1163 2135 ducantur
1196 2082 1262 2136 ad
1310 2085 1599 2138 Dominum
1644 2104 1657 2140 :
1700 2087 2002 2140 ostenditur

420 2169 589 2233 enim,
615 2165 700 2221 illa
742 2171 1059 2239 obsequium
1093 2174 1291 2228 debere
1321 2176 1553 2239 Adamo,
1586 2178 2000 2248 ejusquecausa

417 2272 542 2312 esse
590 2262 830 2316 condita.
871 2261 938 2316 Ut
972 2265 1165 2319 rideret
1198 2269 1386 2336 quibus
1433 2269 1529 2322 illa
1568 2272 1857 2340 appellaret
1903 2289 1999 2325 no-

418 2349 673 2407 minibus.
708 2351 824 2405 Nun
856 2354 971 2410 hzec
1004 2372 1070 2411 eo
1101 2357 1377 2423 dicuntur,
1411 2360 1565 2429 quasi
1609 2364 1745 2417 Deus
1782 2363 1999 2416 illorum

422 2446 641 2499 nomina
668 2461 731 2500 ex
776 2447 983 2503 Adamo
1015 2450 1229 2503 discere
1278 2466 1416 2519 opus
1452 2453 1720 2517 habuerit,
1755 2455 1847 2507 sed
1882 2454 2003 2507 vul-

427 2534 543 2602 gari
593 2537 873 2590 hominum
907 2554 1056 2593 more
1098 2540 1341 2609 loquitur
1393 2542 1596 2605 Moses;
1632 2545 1831 2613 quippe
1864 2546 2006 2598 sole-

427 2643 548 2681 mus
582 2644 703 2697 quaz
738 2630 938 2699 alioqui
975 2632 1131 2685 nobis
1170 2634 1333 2685 etiam
1380 2638 1820 2703 perspectissima
1850 2647 2000 2702 sunt,

419 2728 483 2771 ea
524 2724 706 2771 tamen
752 2730 1054 2789 proponere
1109 2722 1230 2776 aliis
1274 2731 1331 2775 ut
1392 2726 1631 2791 ipsorum
1674 2724 2001 2778 sententiam

426 2819 647 2877 queque
688 2809 755 2863 de
788 2811 893 2864 illis
939 2811 1224 2867 audiamus
1274 2831 1286 2865 :
1348 2812 1488 2867 Deus
1538 2815 1683 2866 enim
1740 2816 1808 2868 ab
1856 2810 2003 2868 omni

420 2896 723 2948 aeternitate
774 2908 969 2951 cuncta
1012 2904 1162 2953 novit
1230 2890 1542 2969 priusquam
1593 2904 1880 2957 exsistant.
1934 2904 2004 2957 Et

416 2985 783 3053 quotcumque
809 2986 1147 3053 appellaverit
1186 2990 1420 3043 Adumns
1469 2992 1701 3043 animant
1732 2994 2002 3060 viventem,

419 3077 475 3128 id
515 3079 616 3130 erit
652 3080 750 3144 ipsi
784 3093 993 3134 nomen.
1024 3082 1157 3135 Cum
1193 3082 1346 3147 dicit,
1393 3087 1755 3151 appellaverit,
1815 3098 2001 3142 osten-

421 3168 499 3223 dit
532 3170 752 3224 nomina
782 3171 889 3226 illis
909 3187 1031 3227 esse
1071 3174 1137 3228 ab
1185 3173 1394 3228 Adamo
1423 3176 1610 3230 indita.
1654 3178 1788 3231 Cum
1838 3194 2001 3247 porro

418 3263 571 3317 addit
617 3265 865 3318 Animam
895 3267 1167 3331 viventem,
1219 3268 1396 3338 arguit
1437 3285 1497 3322 ea
1532 3270 1690 3321 mmlo
1719 3270 1768 3322 id
1799 3279 2004 3339 tumpu-

423 3358 498 3411 ris
530 3358 597 3410 ad
646 3358 914 3412 Adamrm
949 3362 1210 3428 producta
1236 3375 1382 3423 esse,
1414 3376 1536 3429 quae
1572 3362 1790 3415 animali
1818 3363 2000 3416 anima

424 3452 504 3515 (ut
544 3451 623 3503 sie
666 3450 867 3520 dicunt)
906 3450 1057 3504 fuere
1084 3452 1326 3520 przrdita.
1378 3451 1621 3521 Denique
1662 3469 1785 3506 cunt
1819 3455 1951 3508 dicit
1986 3469 2001 3508 :

420 3540 488 3593 Id
515 3538 613 3594 erit
640 3542 738 3610 ipsi
769 3556 974 3603 nomen,
1007 3544 1366 3608 demonstrat,
1399 3557 1462 3598 ea
1510 3546 1846 3612 singulorum
1879 3562 2001 3602 esse

424 3632 644 3686 nemina
685 3644 806 3700 quae
835 3634 964 3702 ipsis
992 3634 1202 3687 suntab
1232 3634 1443 3689 Adamo
1475 3636 1671 3704 posita.
1703 3636 2001 3693 Conﬁcitur

424 3724 628 3793 itaque,
659 3726 859 3795 pisees,
903 3726 1136 3795 reptilia,
1179 3726 1422 3793 arbores,
1471 3729 1703 3792 sctnina,
1747 3729 1998 3799 virgulta,

424 3816 640 3874 herbas.
678 3827 979 3887 ca-teraque
1026 3833 1088 3871 es
1134 3828 1286 3873 terra
1319 3820 1621 3882 nascentia,
1652 3830 1705 3873 et
1740 3834 1825 3875 res
1863 3834 1999 3888 pra:-

420 3915 573 3961 terea
610 3907 744 3962 alias
790 3909 1060 3964 inanimas
1080 3950 1093 3973 ,
1128 3924 1234 3963 non
1263 3911 1363 3964 hoc
1392 3910 1511 3964 loco
1542 3926 1718 3979 neque
1754 3912 1854 3964 hac
1885 3913 2001 3966 vice

420 4002 639 4056 nemina
669 4017 763 4055 sua
786 4002 853 4055 ab
888 4002 1096 4057 Adamo
1125 4004 1420 4072 accepisse,
1453 4004 1545 4058 sed
1582 4005 1688 4059 alio
1719 4015 1840 4075 post
1862 4014 1993 4059 tem.

421 4104 573 4159 pore,
603 4106 778 4162 netptc
800 4093 943 4146 enim
974 4094 1063 4147 illa
1085 4096 1267 4149 omnia
1302 4106 1528 4165 potuere
1553 4112 1655 4150 una
1690 4112 1810 4150 cum
1843 4097 1997 4163 lctis,

413 4186 701 4254 jumentls,
748 4188 1065 4243 volucribus
1100 4189 1163 4243 ad
1218 4190 1485 4245 Adamum
1535 4190 1769 4252 adduci,
1834 4200 1999 4258 atque

420 4278 535 4332 lucc
588 4280 760 4346 prima
791 4290 872 4334 est
900 4282 964 4333 de
1002 4280 1109 4333 illis
1149 4282 1328 4336 verbis
1368 4281 1652 4336 doctorum
1702 4283 1998 4339 sententia.

413 4368 684 4424 Caeterum
720 4371 807 4423 alii
842 4372 919 4425 sic
950 4372 1285 4438 existimant,
1332 4373 1472 4427 dicta
1531 4373 1621 4427 illa
1675 4373 1844 4429 Mosis
1888 4372 2024 4428 non'

2105 525 2248 577 datis
2280 526 2357 578 uti
2395 543 2409 579 :
2444 526 2588 580 unde
2612 527 2918 590 coniicitur,
2953 527 3040 581 illa
3082 526 3248 583 Musis
3294 527 3459 581 verba
3491 529 3675 581 adim-

2102 615 2312 683 perium
2346 617 2494 685 quod
2527 617 2655 672 Adae
2705 618 2932 687 ejusque
2956 618 3257 688 posteritati
3295 618 3348 670 in
3391 617 3555 679 feras,
3586 617 3675 684 ju-

2103 714 2306 768 menta,
2342 706 2594 760 volucres
2627 721 2654 758 a
2686 706 2793 759 Deo
2818 721 3136 761 concessum
3168 705 3365 767 fuerat,
3394 714 3637 771 spectare
3656 700 3681 768 ς’

2104 805 2163 849 ut
2196 811 2295 865 pro
2324 797 2440 861 illo,
2472 799 2670 867 quibus
2701 798 3006 851 collibitum
3038 803 3185 851 esset
3245 795 3579 857 numinibus,
3611 809 3675 847 ea

2102 889 2369 957 appellare
2400 898 2603 957 posset.
2638 888 2733 943 Est
2765 897 2819 943 et
2848 889 3003 943 tertia
3039 888 3306 943 sententia
3347 902 3561 943 eorum.
3582 887 3672 955 qui

2096 979 2263 1032 verba
2298 980 2387 1033 illa
2435 979 2680 1035 referunt
2724 980 2790 1035 ad
2832 980 3005 1049 ipsum
3060 979 3324 1033 rationem
3384 992 3491 1046 qtta
3532 975 3676 1031 Deus

2103 1072 2397 1125 humanum
2429 1088 2600 1142 genus
2629 1074 2885 1134 ornavit;
2920 1086 2983 1127 ea
3026 1073 3171 1127 enim
3206 1071 3334 1124 dum
3369 1072 3531 1123 homo
3564 1070 3677 1123 uti-

2099 1173 2187 1217 tur
2240 1164 2524 1233 appositis,
2561 1172 2616 1219 et
2661 1164 2825 1229 feras,
2853 1174 2907 1218 et
2939 1164 3185 1218 volucres
3213 1172 3547 1226 caaterasque
3586 1177 3674 1216 res

2098 1266 2333 1319 creatas,
2393 1255 2706 1310 nominibus
2745 1256 3018 1324 appellare
3065 1262 3283 1323 petest:
3323 1251 3388 1306 Et
3420 1254 3674 1320 imposuit

2099 1348 2269 1399 Adam
2295 1351 2505 1400 nomina
2536 1349 2677 1400 omni
2704 1348 2946 1413 animali,
2971 1358 3019 1402 et
3053 1349 3195 1400 omni
3226 1347 3437 1400 volucri
3469 1346 3607 1407 cali,
3627 1352 3677 1399 et

2100 1440 2243 1491 omni
2279 1439 2457 1493 bestiis
2485 1443 2619 1507 ogrl.
2675 1440 2907 1505 Quidam
2948 1449 3139 1509 putant
3194 1438 3485 1503 Adamum,
3542 1453 3676 1492 voce

2098 1546 2219 1599 quae
2250 1546 2412 1583 sensu
2456 1531 2659 1600 percipi
2715 1531 3003 1600 audirique
3063 1540 3246 1599 posset
3285 1530 3631 1599 pronuntiata
3659 1569 3676 1593 ,

2098 1622 2326 1690 singulis
2344 1624 2700 1677 animantium
2728 1623 3012 1691 speciebus
3044 1624 3438 1691 volucrumque
3458 1624 3674 1676 nomina

2104 1715 2389 1777 indidisse,
2426 1730 2547 1769 cum
2579 1714 2812 1769 editiore
2844 1715 3098 1769 collicqu
3118 1723 3274 1769 term
3297 1730 3395 1783 pro
3422 1715 3683 1784 paradiso

2103 1806 2427 1861 insidentem
2460 1816 2799 1877 angustaque
2816 1808 3074 1863 amictum
3102 1808 3384 1876 majestate
3412 1816 3467 1861 et
3497 1808 3682 1876 splen-

2103 1898 2235 1953 dore
2259 1913 2419 1967 quem
2454 1899 2641 1952 habitu
2669 1914 2780 1968 pra!
2807 1915 2865 1954 se
2893 1897 3121 1963 ferebat,
3140 1909 3193 1951 et
3209 1899 3340 1953 solis
3364 1899 3547 1952 radios
3576 1914 3673 1952 su-

2104 1998 2385 2057 perantem
2431 2004 2447 2054 ;
2500 1988 2589 2041 illa
2627 1988 2921 2044 submissis
2958 1988 3227 2056 capitibus
3275 2002 3467 2056 prona,
3506 2002 3681 2055 neque

2103 2095 2212 2149 prae
2244 2078 2415 2132 nimio
2435 2079 2630 2131 decore
2660 2093 2768 2147 quo
2791 2079 2883 2133 ille
2913 2077 3251 2145 Splendebat,
3279 2076 3476 2129 intueri
3502 2076 3677 2144 ipsum

2103 2170 2379 2225 audientis
2447 2170 2763 2238 singulatim
2827 2169 3190 2237 praeterirent,
3240 2168 3462 2236 suisque
3494 2168 3681 2221 abillo

2103 2263 2509 2332 appellarentur
2560 2277 2624 2315 ex
2680 2262 2869 2316 ordine
2930 2261 3240 2315 nominibus
3298 2262 3447 2331 (nam
3505 2277 3683 2331 neque

2102 2354 2363 2407 lsraelitae
2393 2354 2686 2423 quiverunt
2736 2352 2902 2407 Musis
2928 2354 3135 2405 vultum
3178 2352 3452 2422 inspicere
3479 2353 3548 2407 ob
3574 2354 3681 2406 ltil-

2103 2461 2288 2515 gorem
2318 2460 2426 2513 quo
2450 2444 2752 2498 collucebat
2795 2443 2841 2475 ⁸³
2878 2458 3056 2513 neque
3102 2458 3201 2497 nos
3251 2443 3495 2497 valemus
3548 2458 3680 2497 ocu-

2105 2539 2281 2591 lorum
2312 2537 2481 2592 aciem
2503 2537 2782 2590 intendere
2802 2536 2853 2589 in
2887 2536 3054 2589 solem
3083 2545 3301 2604 propter
3326 2536 3680 2600 resplendens

2099 2628 2265 2697 jubar
2298 2642 2406 2697 quo
2434 2626 2806 2682 circumdatus
2825 2627 3122 2693 est)veluti
3156 2627 3303 2680 verbi
3338 2628 3533 2695 gratia,
3555 2641 3677 2680 cum

2103 2728 2320 2773 taurum
2401 2720 2491 2773 ille
2550 2721 2771 2773 nomine
2826 2721 3012 2784 cieret,
3071 2720 3256 2772 audito
3308 2722 3527 2774 nomine
3579 2735 3681 2774 suo

2102 2822 2294 2866 taurus
2331 2814 2597 2866 transibat
2632 2828 2819 2865 coram
2857 2813 2966 2878 illo,
2996 2812 3177 2880 capite
3207 2813 3467 2873 demisso,
3499 2826 3677 2879 neque

2104 2904 2315 2958 obtueri
2345 2904 2521 2972 ipsum
2557 2916 2749 2972 potens
2786 2921 2801 2957 :
2837 2904 3090 2958 similiter
3122 2904 3440 2957 nominatim
3474 2903 3676 2957 citatus

2102 3012 2277 3064 equus
2333 2997 2665 3066 agnosci-bat
2720 3012 2942 3061 nomen,
3002 2997 3418 3066 prmteribatque
3472 2996 3677 3065 deiecta

2104 3089 2533 3157 cervice,neque
2555 3088 2745 3142 Adami
2782 3099 3133 3158 conspectum
3172 3090 3483 3143 sustinens:
3521 3099 3681 3156 atque

2106 3182 2179 3234 ita
2206 3180 2273 3235 de
2305 3193 2616 3250 num-upato
2645 3182 2825 3244 asino,
2848 3181 3080 3252 aliisque
3106 3181 3336 3252 singulis
3362 3181 3680 3235 animalium

2104 3284 2159 3329 et
2191 3275 2491 3329 bestiarum
2522 3276 2918 3344 volucrumque
2943 3275 3251 3346 speciebus.
3287 3274 3391 3330 Sed
3420 3276 3681 3330 dicetalio

2105 3367 2228 3436 quis
2255 3384 2268 3419 :
2294 3366 2449 3421 Unde
2496 3366 2762 3421 didicerat
2787 3368 3053 3430 Adamus,
3090 3382 3198 3437 quo
3222 3383 3394 3438 genus
3429 3365 3681 3436 quodque

2106 3459 2327 3512 nomine
2366 3468 2511 3513 esset
2543 3459 2871 3515 vocandum.
2908 3461 2988 3515 Ad
3046 3461 3148 3514 hoc
3181 3460 3529 3528 respondent.
3558 3458 3679 3528 qui-

2104 3549 2207 3604 bus
2234 3549 2349 3605 bazc
2380 3549 2758 3619 interpretatio
2784 3552 2962 3620 placet
2998 3548 3233 3618 Spiritus
3276 3551 3449 3603 sancti
3484 3549 3677 3604 fretum

2103 3642 2300 3712 gratia,
2337 3642 2629 3710 instinctu,
2667 3653 2831 3713 atque
2878 3643 3163 3698 eﬂicientia
3204 3660 3217 3707 ;
3258 3644 3407 3697 illum
3443 3644 3683 3712 propriis

2101 3735 2403 3803 appellasse
2428 3752 2659 3805 quaeque
2684 3736 2963 3791 vocabulis
2989 3754 3001 3789 :
3034 3737 3234 3807 quippe
3265 3736 3412 3790 sicut
3446 3736 3680 3805 apostoli

2102 3828 2324 3897 impulsi
2362 3838 2491 3884 sunt
2523 3828 2590 3883 ad
2625 3828 2959 3897 loquendum
2996 3829 3117 3884 aliis
3158 3830 3381 3896 linguis,
3434 3846 3534 3900 pro
3612 3844 3679 3884 eo

2101 3936 2165 3974 ac
2203 3920 2441 3990 Spiritus
2468 3930 2692 3975 sanctus
2721 3916 3049 3991 suggerebat
3072 3922 3206 3990 ipsis
3232 3932 3290 3975 ut
3324 3924 3682 3991 loquerentur

2102 4011 2204 4073 ⁸³⁸,
2226 4012 2297 4064 ita
2334 4012 2497 4065 etiam
2553 4012 2818 4065 Adamutn
2848 4014 2916 4066 ab
2943 4012 3188 4080 ejusdem
3240 4014 3415 4068 sancti
3449 4014 3683 4083 Spiritus

2102 4101 2437 4171 benignitate
2484 4102 2920 4173 ellicacitateque
2950 4095 3231 4175 acc’epissc
3285 4118 3337 4159 ct
3392 4106 3676 4161 scientiam

2099 4204 2155 4249 et
2185 4211 2370 4249 vocem
2401 4205 2455 4249 et
2483 4196 2814 4261 orationem,
2871 4205 3034 4266 atque
3066 4199 3137 4251 ita
3200 4198 3431 4266 singulis
3465 4199 3681 4251 anima-

2102 4284 2232 4339 lium
2272 4288 2562 4351 generibus
2593 4303 2691 4342 sua
2731 4288 3047 4345 attribuisse
3096 4290 3338 4344 nomina.
3378 4288 3549 4343 Porro
3584 4290 3682 4345 iis-

2102 4380 2222 4432 dem
2254 4379 2358 4433 illis
2389 4380 2457 4434 ab
2493 4381 2701 4435 Adamo
2759 4381 2952 4449 positis
3006 4383 3321 4437 nominibus
3354 4398 3507 4438 usam
3560 4398 3683 4438 esse

415 4469 481 4513 eo
520 4472 765 4530 spectare
810 4462 965 4530 quasi
1030 4462 1275 4518 Adamus
1320 4465 1539 4518 nomina
1607 4465 1892 4534 iumentis,
1926 4469 2004 4520 ie-
2034 4485 2079 4541 ι)
2109 4473 2416 4526 universam
2474 4472 2752 4526 hominum
2808 4476 3179 4543 posteritatem
3235 4488 3409 4543 usque
3437 4476 3501 4528 ad
3548 4475 3679 4528 illud

416 4552 513 4614 ris,
558 4553 865 4607 volucribus
914 4557 1177 4621 posuerit,
1228 4557 1319 4610 sed
1358 4558 1422 4609 ad
1457 4558 1739 4626 imperium
1782 4557 1996 4621 Adami,

413 4645 559 4714 quod
615 4645 663 4698 ei
730 4660 795 4699 ea
828 4646 994 4699 simul
1048 4648 1303 4703 universo
1341 4650 1523 4719 generi
1568 4649 1805 4703 humano
1834 4649 1999 4703 inilla

412 4740 594 4792 datum
646 4748 748 4801 est,
807 4743 1094 4810 pertinere.
1148 4740 1280 4795 Nam
1317 4758 1481 4811 penes
1506 4758 1650 4812 quos
1684 4754 1769 4797 est
1807 4758 1989 4796 rerum

413 4831 767 4901 quarumdam
792 4832 1119 4896 dominium,
1150 4834 1186 4888 ii
1223 4835 1423 4904 quibus
1458 4838 1648 4891 volunt
1681 4836 1993 4891 nominibus

413 4934 610 4977 reseas
633 4932 875 4989 censent,
958 4926 1102 4980 sicut
1176 4942 1432 4996 possesor
1509 4945 1571 4982 cu
1636 4944 1760 4997 qua:
1847 4944 1975 4997 pos-

413 5015 569 5070 sitiet.
636 5016 775 5083 Quid
831 5018 974 5073 enim
1031 5020 1230 5089 alioqui
1320 5021 1633 5091 profuisset,
1706 5022 1981 5091 inquiunt,

412 5108 552 5163 hanc
614 5120 709 5163 aut
770 5109 915 5164 illam
991 5113 1217 5167 bestiam
1312 5115 1654 5168 volucremve
1726 5113 1829 5166 hoc
1896 5111 1982 5165 vel

411 5202 504 5258 illo
565 5204 787 5257 nomine
841 5220 1210 5272 nuncupasse,
1302 5210 1441 5273 ﬂll'lti
1508 5222 1706 5261 nomen
1802 5221 1980 5273 neque

412 5295 542 5364 ipsa:
583 5308 879 5366 agnoscere
908 5299 1235 5368 quivisscnt,
1296 5314 1469 5369 neque
1508 5315 1573 5352 co
1601 5298 1799 5353 saeculo
1837 5300 1981 5353 ullus

412 5388 729 5466 mortalium
780 5389 849 5443 ab
908 5390 1115 5445 Atlante
1149 5390 1403 5445 discere?
1442 5390 1522 5443 Ad
1585 5392 1689 5446 hoc
1738 5390 1984 5445 videmus

348 5474 355 5489 ’
412 5474 656 5548 singulas
692 5490 879 5550 gentes
937 5497 1037 5537 sua
1103 5498 1323 5553 quaque
1395 5484 1576 5551 lingua
1623 5495 1987 5551 sermoneque

411 5582 478 5626 ac
512 5573 789 5631 vocabulis
806 5578 1060 5646 propriis,
1082 5578 1387 5633 animantes
1413 5594 1651 5649 avesque
1676 5579 1983 5643 nominare;

482 5748 527 5779 ⁸³
574 5748 747 5805 Exod.
805 5768 987 5823 sunt,
1036 5758 1124 5814 29.
1204 5760 1281 5793 ⁸³*
1344 5758 1462 5814 Act.
1503 5774 1560 5826 ll,
1628 5759 1681 5815 4.

2103 4574 2320 4633 tempus
2349 4576 2457 4631 quo
2485 4573 2612 4619 sunt
2639 4563 2883 4621 confusa:
2914 4566 3111 4636 lingua:
3137 4584 3151 4620 :
3174 4576 3228 4620 et
3256 4568 3398 4621 sicut
3421 4567 3509 4621 ille
3527 4566 3681 4620 fetui-

2103 4673 2227 4710 natn
2265 4660 2493 4709 vocabat
2533 4656 2838 4717 mulierem,
2894 4667 2949 4711 et
2979 4659 3164 4726 Evam,
3201 4659 3274 4712 ita
3304 4672 3495 4714 omnes
3536 4658 3681 4713 illius

2098 4745 2282 4801 sat-culi
2304 4744 2535 4799 l‘etninas
2566 4747 2632 4799 ad
2651 4746 2913 4801 confusas
2943 4747 3155 4819 linguas
3185 4765 3361 4819 usque
3384 4749 3679 4819 appellatas

2093 4854 2216 4893 esse
2248 4838 2524 4899 mulieres,
2544 4848 2599 4892 et
2640 4839 2781 4893 Evas
2807 4858 2821 4904 ;
2872 4841 3091 4908 quando
3120 4842 3286 4895 etiam
3324 4842 3487 4896 hodie
3517 4840 3674 4895 multi

2096 4929 2405 4983 mortalium
2436 4929 2749 4985 iisutuntur
2778 4932 3080 4995 vocabulis,
3115 4948 3239 5001 qua:
3276 4945 3407 4989 sunt
3440 4935 3509 4988 ab
3531 4934 3677 4987 Ada-

2094 5035 2182 5073 mo
2211 5024 2427 5088 primun
2465 5020 2697 5088 prodita.
2738 5024 2805 5072 At
2858 5021 2948 5074 alii
2979 5023 3357 5091 interpretum,
3403 5034 3460 5076 ut
3504 5038 3679 5091 nuper

2092 5122 2373 5166 ostensum
2406 5127 2433 5165 a
2466 5112 2622 5166 nobis
2653 5121 2756 5173 est,
2789 5112 2972 5167 dicere
3013 5115 3243 5178 malunt,
3281 5114 3462 5168 Mosen
3500 5114 3675 5183 signi-

2089 5206 2254 5258 ticare
2287 5204 2394 5259 illis
2424 5204 2628 5266 verbis,
2660 5205 2944 5274 imperium
2973 5206 3184 5260 Adamo
3222 5207 3450 5276 ejusque
3486 5218 3673 5277 poste-

2086 5296 2231 5350 ritati
2258 5310 2604 5353 concessum.
2638 5312 2737 5366 pro
2760 5313 2867 5365 quo
2900 5300 3119 5352 nomina
3138 5299 3511 5354 animantibus
3533 5312 3674 5354 cun-

2088 5391 2191 5444 ctis
2258 5390 2533 5458 rebuSqne
2580 5389 2703 5444 aliis
2758 5390 3036 5459 imponere
3091 5395 3323 5460 possint.
3380 5392 3487 5446 Alii
3542 5406 3674 5446 vero

2089 5483 2429 5548 existimant,
2463 5485 2576 5538 haec
2629 5484 2695 5537 ad
2730 5483 2899 5553 ipsam
2929 5484 3193 5539 rationem
3222 5493 3503 5554 spectare,
3564 5497 3673 5552 qua

2091 5578 2276 5632 donati
2314 5577 2380 5631 ab
2410 5576 2603 5646 opilice
2648 5574 2758 5632 Deo
2801 5578 3069 5644 homines,
3106 5577 3221 5632 suis
3287 5592 3374 5633 res
3425 5590 3673 5647 quasque
