4100 6212
403 302 508 368 543

1648 363 1655 370 _
1680 299 1906 359 MOSlS
1947 297 2096 355 ΒΔΗ
2136 296 2381 357 ΟΕΡΗᾹ

3539 298 3644 362 5H

398 420 746 472 altu-rutrum,
778 422 837 464 ut
865 421 959 466 aut
1003 411 1211 466 doloris
1241 427 1403 465 sensu
1437 410 1623 478 aliquo
1658 409 1971 462 aftleeretur
2002 414 2044 467 Α
2077 403 2286 471 Tertia,
2327 416 2386 460 ut
2435 406 2674 462 arctiore
2729 408 3126 480 constringeret
3173 426 3358 466 amore
3392 412 3568 466 virum
3598 423 3655 470 εἰ

400 505 454 558 in
503 501 799 556 auferenda
843 513 1026 563 costa;
1056 511 1151 554 aut
1183 501 1353 556 nullo.
1388 499 1508 553 Jam
1541 513 1670 553 vero
1689 499 1734 552 si
1767 497 1976 551 doluis~

398 605 526 655 set.
587 594 772 648 odium
837 595 1098 647 adversus
1131 592 1419 661 conjugem
1456 607 1609 645 suam
1657 591 1819 644 Evam
1847 606 1976 645 con-

401 687 680 754 cepisset:
723 685 807 738 sin
871 664 1017 738 nullo
1058 694 1235 738 tactus
1291 684 1484 736 fuisset
1521 684 1731 740 dolore.
1793 683 1979 737 existi-

403 787 608 831 ntassct
651 775 837 829 falsam
873 775 1135 829 duntaxat
1174 773 1619 842 imaginationem
1662 771 1832 826 fuisse
1855 787 1977 825 eam

401 881 522 934 qua:
553 866 619 919 de
659 866 784 919 Evze
819 866 1132 920 conditione
1181 880 1282 919 suo
1337 865 1526 918 animo
1561 863 1976 930 obversabatur,

403 973 577 1026 neque
613 959 788 1025 reipsa
818 966 874 1012 ct
905 974 1029 1011 vere
1060 958 1363 1012 accedisse.
1394 957 1592 1010 lmbuit
1625 957 1789 1026 igitur
1823 956 1974 1009 illum

404 1064 598 1101 somno
647 1047 788 1102 Deus
815 1063 880 1101 ne
922 1048 1052 1118 quid
1087 1048 1296 1101 doloris
1353 1047 1584 1100 sentiret
1606 1047 1732 1099 dum
1761 1055 1970 1100 costam

403 1142 677 1195 amitteret
709 1158 726 1195 :
787 1157 1084 1212 rursusque
1114 1140 1292 1195 ell‘ecit
1333 1150 1391 1194 ut
1416 1140 1726 1194 intellectus
1752 1140 1835 1194 sui
1871 1154 1980 1193 mo-

405 1245 484 1296 tu,
527 1247 734 1289 costam
781 1235 884 1289 sibi
919 1235 1107 1297 adimi,
1133 1236 1300 1304 inque
1346 1233 1510 1287 Evam
1544 1233 1859 1287 roncinnari
1898 1234 1979 1287 vi-

403 1327 586 1380 derit:
631 1342 742 1394 quo
776 1342 836 1379 ea
880 1343 966 1381 res
1014 1325 1187 1394 ipsius
1227 1327 1411 1380 animo
1439 1326 1705 1394 impressa
1765 1326 1980 1394 fixaque

402 1417 617 1486 penitus
650 1427 827 1472 mente
853 1421 1100 1482 haereret,
1137 1433 1308 1487 neque
1331 1417 1464 1472 falsa
1499 1419 1573 1470 rei
1630 1418 1808 1486 imago
1832 1419 1981 1471 exis-

405 1511 722 1574 timaretur;
757 1511 869 1564 lme
902 1525 1028 1564 vero
1075 1511 1245 1563 animi
1291 1509 1644 1579 intelligentia
1688 1519 1849 1578 atque
1883 1524 1980 1563 no-

405 1603 480 1655 tio
535 1617 599 1654 ex
648 1601 830 1655 divina
900 1613 986 1655 est
1040 1612 1158 1654 orta
1198 1601 1547 1665 revelatione,
1607 1609 1659 1653 et
1693 1601 1977 1655 instinctu.

399 1693 572 1763 Igitur
595 1709 700 1748 non
730 1697 1032 1749 naturalem
1065 1709 1316 1748 somnum
1349 1702 1403 1747 et
1432 1696 1690 1748 usitatum
1713 1694 1981 1747 illumim-

403 1785 555 1839 misit
598 1787 804 1838 Adatno
865 1786 1028 1850 Deus,
1059 1800 1167 1854 quo
1196 1783 1446 1839 eﬂ‘ectum
1509 1795 1594 1838 est
1654 1799 1721 1838 ne
1755 1785 1984 1840 sentiret

403 1875 668 1940 dolorem,
701 1892 953 1946 aegreque
991 1877 1216 1931 haberet
1249 1877 1378 1931 dum
1426 1877 1527 1931 sibi
1599 1887 1748 1932 costa
1800 1878 1983 1932 deme-

406 1975 556 2022 retur
591 1987 603 2022 :
641 1985 703 2023 ex
760 1984 869 2038 quo
903 1970 1090 2024 dolore
1136 1970 1369 2024 subinde
1407 1971 1458 2023 itt
1514 1970 1831 2023 memoriam
1875 1971 1980 2024 sibi

405 2068 742 2123 recurrente,
801 2059 976 2114 hostis
1019 2061 1282 2113 adversus
1340 2077 1457 2112 eam
1526 2060 1805 2114 mulierem
1866 2060 1980 2114 fieri

406 2147 700 2218 potuisset,
743 2164 863 2218 quae
909 2149 976 2204 ab
1013 2153 1130 2218 ipso
1183 2149 1291 2202 Deo
1316 2162 1431 2204 erat
1483 2150 1847 2215 conformata,
1886 2151 1982 2206 sed

404 2255 468 2308 ea
545 2242 718 2308 ipsum
772 2243 972 2308 quiete,
1024 2241 1139 2296 sive
1181 2244 1383 2297 exstasi
1456 2243 1717 2308 devinxit,
1777 2245 1829 2297 in
1875 2258 1982 2312 qua

406 2333 548 2386 scire
585 2343 772 2401 posset
796 2342 958 2403 atque
987 2334 1307 2404 intelligere,
1330 2334 1458 2388 illttd
1495 2350 1604 2388 rem
1639 2335 1810 2403 ipsam
1839 2349 1981 2397 esse,

406 2425 549 2492 quod
607 2427 660 2479 in
718 2442 800 2487 se.
850 2437 904 2481 et
945 2427 1150 2480 circum
1196 2443 1254 2481 se
1306 2427 1566 2495 agebatur
1607 2444 1634 2480 a
1668 2426 1798 2490 Deo,
1835 2427 1982 2480 nullo

409 2527 588 2586 tamen
618 2519 832 2573 interim
859 2520 1060 2574 doloris
1097 2536 1260 2575 sensu
1296 2531 1492 2574 tactus.
1552 2521 1628 2573 Ad
1663 2521 1774 2574 haec
1808 2521 1982 2574 scien-

335 2629 338 2632 ι
407 2607 539 2662 dum
599 2609 905 2676 est,,quod
959 2609 1258 2679 praphetis,
1303 2625 1427 2662 cum
1484 2609 1862 2661 imbuerentur
1896 2608 1981 2663 di-

406 2701 547 2755 vinis
581 2702 1002 2756 revelationibns
1027 2703 1263 2757 dabatur
1305 2702 1468 2756 sin.ul
1505 2703 1702 2756 mentis
1734 2713 1983 2758 eontem-

407 2793 606 2861 plativa
658 2794 741 2847 vis
784 2794 1052 2862 quaedam,
1085 2810 1191 2860 qua
1227 2811 1414 2848 sacras
1445 2796 1566 2849 illas
1620 2799 1983 2854 revelationes

407 2884 984 2952 penitusiutuerentur
1002 2893 1165 2953 atque
1188 2885 1553 2953 exprndercnt
1576 2905 1587 2939 :
1609 2903 1713 2956 qua
1740 2898 1986 2942 eontem-

408 2977 664 3045 plationis
682 2977 730 3029 vi
761 2978 962 3046 alioqui
999 2995 1104 3030 non
1139 2992 1354 3045 semper
1392 2979 1483 3032 sed
1522 2980 1640 3032 solo
1683 2981 1982 3036 illiusmodi

2083 497 2364 564 feminam,
2393 514 2457 550 eo
2497 498 2641 566 quod
2675 497 2792 554 haec
2818 514 2881 553 ex
2925 500 3016 554 illo
3058 512 3200 554 esset
3249 510 3389 554 orta.
3421 500 3654 566 Quarta,

2087 599 2145 642 ιιι
2193 589 2441 643 eﬂ‘ectnm
2473 589 2789 644 redderetur
2815 593 2961 660 quod
2993 591 3170 647 Moses
3219 594 3285 646 de
3347 593 3556 647 Adamo
3579 595 3660 648 di-

2081 679 2203 733 cit:
2239 677 2541 731 Masculum
2593 689 2643 732 et
2679 680 2931 748 [auinam
2987 683 3179 734 creavit
3231 684 3392 748 ipsos.
3456 681 3656 748 Quinta

2082 770 2321 840 denique
2349 788 2414 827 ne
2456 772 2656 827 femina
2711 775 3072 843 principatum
3103 773 3398 838 aﬂectaret,
3428 777 3522 844 qni
3557 776 3653 830 viri

2081 871 2188 917 est.
2223 863 2402 929 Quaeri
2441 880 2604 934 porro
2639 875 2838 935 potest,
2871 882 2970 920 cur
3017 866 3155 921 Deus
3185 867 3349 921 Evam
3376 883 3482 920 non
3510 882 3660 922 eum-

2082 957 2252 1026 pserit
2275 972 2338 1010 ex
2373 967 2524 1027 parte
2559 961 2805 1028 corporis
2835 961 3023 1014 Adami
3079 962 3370 1025 anteriore,
3401 969 3496 1015 aut
3534 963 3656 1016 infi-

2083 1065 2192 1112 ma,
2227 1052 2668 1119 antpnsteriore,
2707 1063 2800 1106 aut
2849 1054 3084 1122 denique
3115 1069 3390 1123 suprema,
3443 1055 3537 1109 sed
3589 1073 3654 1111 es

2084 1141 2264 1196 medio
2295 1157 2543 1210 corpore.
2607 1142 2852 1198 Dicimus
2883 1160 3012 1198 vero
3051 1160 3116 1198 ex
3171 1147 3440 1201 anteriore
3506 1157 3660 1216 parte

2081 1242 2356 1302 acceptam
2393 1247 2499 1287 non
2520 1249 2661 1296 esse,
2695 1250 2762 1288 ne
2786 1235 2944 1288 vellet
2968 1235 3140 1304 potior
3160 1236 3342 1288 haberi
3374 1238 3660 1306 virumque

2082 1324 2310 1393 imperio
2345 1340 2631 1392 premere;
2665 1341 2840 1395 neque
2897 1343 3088 1381 rursus
3126 1342 3192 1380 ex
3241 1329 3560 1396 posteriore,
3593 1344 3660 1382 ne

2083 1416 2200 1468 viro
2230 1424 2372 1470 esset
2409 1418 2744 1477 contemptui
2775 1434 2788 1469 :
2819 1434 2884 1471 ex
2920 1419 3098 1486 capite
3126 1434 3252 1471 vero
3281 1418 3514 1472 ablatam
3549 1435 3656 1477 non

2083 1520 2224 1570 esse,
2256 1521 2324 1560 ne
2357 1506 2558 1575 primas
2592 1523 2711 1576 quae
2734 1507 2848 1562 viro
2879 1509 3147 1563 debentur
3180 1509 3376 1563 femina
3402 1511 3502 1565 sibi
3536 1513 3662 1566 vina-

2083 1596 2326 1661 dicaret;
2361 1608 2411 1651 et
2447 1613 2574 1651 vero
2609 1613 2785 1668 neque
2838 1616 2907 1654 ex
2967 1601 3156 1654 ultima
3213 1614 3363 1669 parte
3419 1606 3662 1671 corporis

2087 1688 2374 1743 formatam
2420 1705 2560 1752 esse,
2603 1706 2671 1744 ne
2706 1692 2786 1744 vir
2839 1691 3096 1745 feminam
3134 1694 3300 1746 multo
3340 1710 3398 1748 se
3439 1695 3658 1748 inferio-

2089 1797 2202 1836 rem
2236 1783 2692 1851 humilioremque
2724 1784 3059 1848 aestimaret;
3095 1785 3187 1839 sed
3211 1801 3274 1839 ex
3310 1787 3485 1840 medio
3538 1802 3663 1842 cor-

2087 1885 2237 1940 pore,
2280 1880 2338 1924 ut
2363 1873 2619 1926 mediocri
2644 1874 2783 1941 apud
2818 1873 2991 1927 virum
3021 1874 3330 1944 dignatione
3354 1877 3661 1936 haberetur.

2088 1963 2234 2017 Solet
2269 1965 2494 2018 ulterius
2516 1965 2623 2018 hoc
2653 1966 2813 2018 etiam
2839 1967 3027 2034 quaeri,
3054 1981 3152 2020 cur
3174 1983 3204 2021 e
3233 1968 3452 2023 sinistra
3486 1972 3665 2039 potius

2089 2057 2335 2123 corporis
2371 2065 2544 2125 parte,
2579 2072 2741 2125 quam
2773 2058 2967 2112 dextra
2994 2058 3066 2112 sit
3093 2059 3270 2113 ablata
3297 2076 3310 2123 ;
3347 2075 3664 2129 possumus.

2084 2163 2193 2216 que
2226 2151 2568 2218 respondere,
2601 2150 2719 2205 ideo
2747 2166 2778 2204 e
2808 2151 2995 2204 dextra
3032 2160 3182 2220 parte
3219 2163 3490 2223 sumptam
3551 2169 3655 2207 non

2086 2255 2209 2295 esse
2264 2257 2329 2295 ne
2357 2257 2482 2295 cum
2547 2243 2663 2296 viro
2721 2241 2956 2296 conferri
3007 2245 3320 2313 aequat-ique
3381 2261 3438 2298 se
3467 2245 3663 2308 vellet;

2086 2335 2221 2388 duas
2253 2349 2381 2387 vero
2431 2349 2551 2389 esse
2607 2334 2867 2398 rationes,
2929 2350 3026 2388 cur
3087 2350 3118 2389 e
3201 2336 3425 2389 sinistro
3505 2336 3666 2390 latere

2085 2429 2156 2482 sit
2215 2426 2446 2481 formata
2512 2444 2525 2479 :
2597 2429 2864 2512 alteram,
2921 2438 2979 2481 ttt
3060 2429 3130 2482 sit
3180 2432 3296 2483 viro
3345 2429 3666 2497 obscquiosa

2083 2519 2310 2588 ejusque
2388 2520 2616 2588 imperio
2719 2521 3144 2587 obtemperans;
3259 2521 3521 2581 alteram,
3611 2528 3669 2574 ut.

2084 2612 2288 2665 sciatur
2319 2612 2615 2667 ittl‘trmoris
2642 2628 2761 2666 eam
2822 2622 3026 2666 naturze
3053 2627 3191 2665 esse.
3221 2611 3353 2665 Nam
3385 2612 3666 2666 sinistrum

2084 2703 2226 2756 latus
2277 2703 2467 2757 dextro
2503 2703 2828 2758 imbecillius
2854 2713 2974 2768 est;
3015 2719 3189 2770 neque
3217 2704 3359 2758 enim
3413 2717 3531 2756 sese
3567 2718 3667 2772 po-

2087 2804 2191 2848 test
2248 2795 2455 2863 absque
2511 2796 2686 2850 dextri
2746 2796 2950 2850 auxilio
3007 2795 3312 2864 subrigcre,
3371 2803 3428 2848 ιιι
3490 2810 3667 2864 neque
3735 2809 3742 2815 ·

2089 2886 2287 2941 femina
2325 2902 2383 2940 se
2415 2888 2622 2957 absque
2681 2888 2795 2941 viro
2827 2899 3132 2942 sustentare
3182 2889 3338 2941 valet.
3423 2887 3486 2940 Et
3535 2902 3663 2941 vero

2089 2978 2375 3032 sinistrum
2406 2995 2634 3049 arguere
2665 2980 3117 3043 imbecillitatem,
3144 2981 3225 3034 vel
3277 2982 3388 3049 ipsa
3416 2980 3665 3034 animan-

408 3069 802 3124 revelationum
839 3082 1079 3140 tempore
1104 3086 1258 3125 mens
1296 3072 1538 3139 ipsorum
1567 3073 1835 3128 illustrata
1870 3091 1982 3128 ma-
2015 3086 2060 3148 ρ
2095 3069 2227 3122 tium
2263 3079 2453 3125 natura
2480 3080 2744 3126 monstrat
2767 3086 2997 3140 quorum
3019 3072 3263 3126 omnium
3298 3073 3512 3126 sinistra
3543 3087 3662 3138 pars

402 3164 588 3220 nebat.
624 3161 972 3217 auferebatur
1000 3178 1127 3216 vero
1175 3179 1235 3217 ea
1287 3165 1355 3217 ab
1380 3165 1514 3234 ipsis
1552 3177 1672 3232 post
1703 3168 1988 3222 revelatio-

405 3269 504 3308 nes
552 3255 644 3309 sed
692 3267 1007 3311 remanente
1045 3258 1258 3311 interim
1293 3257 1397 3311 lixa
1429 3260 1480 3312 in
1513 3261 1753 3326 ipsorum
1785 3269 1986 3324 mente,

405 3361 529 3400 vera
579 3351 1013 3418 contemplativa:
1043 3349 1186 3403 illius
1240 3349 1457 3404 virtutis
1509 3351 1792 3416 memoria,
1825 3352 1985 3406 etiam

406 3451 776 3510 posteaquam
813 3442 1166 3497 evanuissent
1228 3441 1359 3510 ipsa:
1418 3443 1776 3498 revelationes
1826 3443 1988 3498 simul

405 3547 532 3585 cum
570 3535 619 3586 vi
656 3535 740 3588 illa
777 3535 1218 3602 contemplativa.
1263 3533 1337 3586 lta
1364 3535 1509 3588 enim
1564 3535 1763 3588 accidit
1810 3536 1987 3590 Abra-

405 3623 554 3688 ham,
591 3626 790 3678 e-xstasi
827 3635 1077 3691 correpto
1105 3625 1175 3688 ",
1219 3625 1416 3680 Eliszeo
1453 3627 1628 3680 visum
1677 3628 1880 3682 videnti
1911 3630 1981 3694 ”,

408 3719 540 3772 item
582 3718 738 3771 ls:ni'.e
780 3731 904 3770 cum
953 3727 1204 3772 cerneret
1266 3719 1428 3772 Deum
1490 3707 1768 3774 sedentem
1824 3737 1986 3789 super

407 3810 603 3864 solium
643 3810 724 3872 '3;
773 3821 1033 3879 prteterea
1058 3811 1324 3866 Ezechieli
1358 3813 1589 3866 intuenti
1639 3814 1985 3870 Clterttbinns

405 3900 650 3955 invectus
680 3901 746 3965 ⁵⁸,
781 3901 1018 3970 denique
1054 3902 1212 3957 Petro
1276 3904 1668 3972 contemplanti
1708 3907 1882 3960 velum
1916 3907 1982 3962 ⁸⁵.

404 3989 572 4060 Igitur
603 3993 683 4046 sic
718 3992 961 4048 Adamus
1006 4010 1227 4064 quoque
1277 3994 1507 4050 allectus
1530 4008 1647 4051 erat
1671 4012 1795 4051 eum
1829 3998 1988 4068 quie-

407 4092 514 4137 tem
549 4084 662 4139 sive
706 4087 964 4142 exstasim
999 4088 1100 4156 ipsi
1154 4088 1471 4144 immisisset
1505 4089 1649 4144 Deus
1681 4108 1695 4143 :
1730 4093 1985 4160 apparuit

405 4176 550 4231 enim
589 4177 639 4232 ei
681 4179 839 4243 Deus,
875 4181 1110 4250 dataque
1156 4189 1238 4236 est
1298 4182 1400 4250 ipsi
1440 4182 1603 4236 simul
1635 4182 1719 4237 vis
1744 4198 1806 4236 ea
1832 4198 1984 4236 men-

406 4271 476 4324 tis
517 4273 936 4342 contemplativa
972 4291 1076 4343 qua
1126 4275 1382 4329 cernebat
1434 4276 1600 4330 eximi
1661 4291 1691 4331 e
1723 4292 1825 4331 suo
1858 4291 1982 4330 eor-

403 4371 538 4427 pnre
585 4371 790 4414 costam
836 4370 890 4415 et
942 4361 1199 4416 feminam
1229 4361 1451 4415 formari
1488 4378 1503 4415 :
1534 4361 1627 4416 sed
1687 4370 1979 4430 postquam

2095 3163 2420 3217 imbecillior
2453 3170 2533 3217 est
2569 3178 2732 3232 quam
2785 3164 2995 3216 dextra.
3037 3161 3128 3216 Est
3157 3164 3338 3231 itaque
3376 3163 3427 3215 in
3451 3161 3661 3217 feminis

2093 3263 2576 3324 temperamentum
2609 3256 2854 3325 corporis
2877 3255 3144 3323 frigidius,
3175 3254 3518 3318 imbecillius,
3541 3270 3664 3310 cru-

2094 3350 2238 3411 dins,
2270 3348 2408 3400 utin
2443 3355 2595 3416 parte
2643 3347 2998 3402 animantium
3037 3347 3282 3401 sinistra.
3325 3345 3466 3411 Quin
3528 3347 3665 3398 inter

2091 3442 2238 3512 ipsos
2269 3441 2414 3495 viros
2445 3439 2684 3509 reperias
2707 3439 2867 3508 cujus
2887 3440 3136 3494 dextrum
3164 3438 3303 3492 latus
3323 3439 3391 3491 sit
3413 3438 3666 3501 calidum,

2093 3543 2454 3603 vegetamque
2483 3535 2764 3588 sinistrum
2797 3549 2946 3596 vero,
2981 3532 3234 3599 frigidum
3259 3547 3322 3584 ac
3355 3530 3665 3584 ﬂaccidttm.

2091 3626 2170 3682 Ad
2209 3626 2321 3680 haec
2362 3626 2637 3679 masculus
2687 3626 2740 3678 in
2780 3625 2968 3679 dextro
3026 3623 3194 3677 latere
3226 3622 3555 3690 concipitur,
3589 3621 3667 3677 fe-

2093 3718 2248 3772 mella
2302 3718 2353 3771 in
2417 3717 2659 3772 sinistro.
2717 3717 2784 3772 At
2825 3719 2966 3771 enim
3005 3733 3069 3770 cx
3130 3716 3245 3784 ipsa
3304 3717 3670 3770 imbecillitate

2090 3823 2252 3876 quam
2289 3808 2342 3862 in
2397 3823 2526 3863 sexu
2578 3807 2839 3861 feminino
2871 3807 3043 3875 palam
3077 3807 3374 3869 cernimus,
3409 3808 3544 3861 satis
3575 3824 3668 3860 ar-

2090 3915 2254 3969 gnere
2280 3899 2461 3963 liceat,
2495 3899 2656 3953 Evam
2691 3914 2720 3953 e
2763 3899 2988 3952 sinistro
3021 3897 3210 3952 Atlami
3246 3898 3433 3962 latere,
3481 3909 3538 3952 ut
3565 3900 3670 3952 tni-

2088 4006 2194 4044 nus
2248 3990 2444 4054 valido,
2503 4005 2626 4044 esse
2703 4000 3002 4058 acceptam.
3063 3990 3232 4044 Porro
3289 4006 3389 4043 cur
3445 4003 3652 4046 costam

2065 4069 2142 4135 ἐι
2176 4097 2282 4134 ιιοιι
2343 4081 2504 4135 aliam
2562 4082 2810 4149 corporis
2849 4092 3054 4150 partem
3112 4081 3324 4134 Adamo
3377 4082 3672 4138 detraxerit

2089 4169 2255 4236 Deus,
2293 4187 2456 4241 quam
2488 4171 2843 4225 concinnaret
2879 4171 2930 4224 in
2957 4169 3235 4233 feminam,
3267 4171 3529 4240 plurimas
3561 4174 3662 4224 ha-

2085 4262 2274 4317 bemus
2306 4263 2543 4318 rationes
2573 4281 2587 4328 ;
2619 4279 2742 4316 nam
2778 4278 2900 4317 cum
2963 4263 3015 4316 in
3069 4275 3222 4316 costa
3267 4272 3321 4317 et
3355 4280 3570 4316 carnem
3605 4273 3662 4318 et

2085 4368 2232 4415 ossa,
2285 4361 2336 4406 et
2378 4366 2596 4414 nervos,
2659 4363 2712 4407 et
2765 4353 3090 4422 sanguinem
3154 4353 3396 4407 invenire
3449 4354 3560 4418 sit;
3601 4370 3665 4407 ett

409 4450 670 4507 abscessit
703 4467 708 4472 '
743 4453 810 4506 ab
861 4453 977 4522 ipso
1037 4454 1314 4514 revelatio,
1365 4463 1528 4522 atque
1584 4454 1761 4507 ablata
1817 4455 1986 4512 simul
2019 4450 2072 4510 D
2100 4445 2237 4514 ipsao
2269 4451 2327 4498 υι
2369 4443 2607 4512 Ferreolo
2645 4445 3009 4512 θὺεοιυιοίιιιθ
3047 4445 3317 4509 membro,
3371 4444 3670 4512 Ρθτίθειεηη

405 4551 488 4596 est
530 4543 725 4597 mentis
770 4544 856 4596 illa
919 4543 1000 4598 vis
1049 4544 1494 4612 contemplativa,
1550 4546 1758 4598 mansit
1798 4555 1978 4598 tamen

405 4632 764 4686 nihilominus
805 4633 957 4686 firma
999 4636 1050 4688 in
1097 4635 1270 4703 ipsius
1291 4635 1500 4697 animo,
1533 4635 1608 4688 rei
1633 4635 1698 4690 de
1725 4650 1782 4688 se
1817 4643 1982 4704 gesta:

406 4737 534 4776 vera
569 4726 898 4779 recordatio.

478 4811 586 4866 Cur
622 4811 732 4866 Eva
763 4830 861 4867 non
915 4815 1074 4868 etiant
1136 4827 1190 4870 ut
1234 4816 1473 4883 Adqmus
1519 4835 1583 4873 ea:
1630 4819 1838 4888 puluere
1863 4821 1975 4889 for-

409 4911 553 4955 mata
607 4905 698 4956 sit.
758 4934 828 4944 —
879 4903 945 4958 Et
1003 4909 1202 4970 accepit
1251 4926 1412 4963 unam
1479 4927 1507 4964 ε
1561 4913 1722 4964 costis
1787 4911 1973 4978 ipsius,

406 4990 700 5060 clausitque
752 5011 912 5048 carne
939 4996 1054 5064 ejus
1095 4997 1291 5052 locum.
1335 5000 1446 5054 Cur
1485 5017 1549 5054 ex
1598 5001 1716 5068 ipso
1770 5000 1978 5054 Adamo

408 5081 727 5139 ‘ormaverit
769 5084 911 5143 Deus
965 5087 1153 5152 Evam,
1205 5100 1260 5144 ct
1313 5107 1420 5145 non
1465 5107 1531 5145 ex
1565 5100 1722 5145 terra:
1760 5091 1982 5160 pulvere

412 5173 630 5229 ﬁnxerit
660 5177 803 5232 sicut
856 5178 1033 5247 ipsutn
1080 5181 1348 5235 Adamnm
1394 5181 1557 5235 varia:
1600 5190 1728 5236 sunt
1777 5197 1978 5238 causae.

409 5263 616 5333 Prima,
648 5279 704 5324 ut
735 5286 839 5325 una
875 5274 1172 5341 eademque
1201 5273 1377 5335 radix,
1401 5283 1455 5328 et
1487 5273 1744 5329 nascendi
1777 5274 1982 5343 princi-

416 5357 566 5425 pium
619 5364 1052 5418 essetomnibus
1098 5364 1411 5420 hominilms
1448 5364 1565 5434 ipse
1617 5366 1814 5421 Adam.
1840 5365 1985 5420 Alle-

417 5460 473 5496 ra
525 5465 586 5500 ne
620 5449 862 5507 dicerent
897 5455 1223 5507 contentiosi
1271 5455 1540 5519 homines,
1594 5455 1759 5507 alium
1815 5456 1983 5509 fuisse

420 5535 632 5602 Adami,
675 5542 840 5597 aliutn
873 5545 994 5599 Eva:
1043 5545 1410 5609 conditorem,
1468 5547 1561 5600 sed
1611 5545 1769 5600 fateri
1821 5561 1980 5616 coge-

418 5635 630 5691 rentur,
659 5632 725 5684 ab
744 5649 852 5689 uno
869 5636 1166 5708 eodemque
1199 5637 1308 5692 Deo
1330 5637 1520 5692 ambos
1545 5651 1664 5693 esse
1691 5637 1975 5691 formatos.

487 5741 532 5775 “
561 5741 695 5802 Gen.
739 5749 866 5814 xv,l
905 5767 1058 5820 seqq.
1133 5754 1178 5785 θ’
1211 5750 1272 5806 l\'
1303 5751 1433 5822 Reg.
1475 5770 1541 5818 vt,
1575 5753 1653 5807 l7.
1732 5751 1775 5784 "
1829 5751 1930 5805 lsa.
1970 5764 2040 5818 ιι,
2098 5749 2115 5803 l
2153 5765 2302 5819 seqq.
2383 5749 2426 5778 ’ἰ
2460 5745 2659 5804 Ezeelt.
2715 5763 2770 5813 ιι,
2817 5747 2871 5801 4.

2091 4536 2442 4605 numerisque
2486 4537 2740 4592 onmihus
2763 4537 3064 4592 absolutam
3095 4552 3216 4591 esse
3267 4527 3557 4590 formatam
3587 4535 3669 4591 fe-

2088 4630 2288 4683 minam
2334 4639 2480 4683 recte
2515 4629 2807 4695 colligitur.
2864 4629 3128 4683 Praeterea
3159 4629 3400 4683 eoetiam
3456 4630 3666 4698 signiﬁ-

2085 4732 2265 4776 catum
2312 4730 2418 4785 est,
2453 4721 2526 4776 ita
2569 4722 2826 4775 feminam
2863 4729 3171 4792 protectore
3229 4720 3345 4774 viro
3376 4735 3512 4788 Opus
3565 4720 3666 4773 ha-

2085 4814 2214 4869 bere
2241 4814 2344 4868 sub
2366 4815 2523 4882 enjns
2552 4814 2742 4868 umbra
2777 4822 2888 4867 tuta
2933 4816 3116 4878 lateat,
3134 4821 3188 4866 ut
3221 4821 3386 4867 costae
3425 4812 3664 4866 brachiis

2084 4913 2352 4960 conlecta:
2385 4914 2762 4974 proteguntur.
2804 4904 3044 4973 Denique
3073 4905 3260 4958 eodem
3286 4910 3491 4964 spectat
3521 4917 3662 4970 quo.

2087 5017 2193 5071 que
2241 5002 2558 5072 mysterium
2593 4999 2828 5069 perfossi
2873 5000 3060 5054 lateris
3107 4998 3318 5052 Domini
3369 4999 3541 5052 nostri
3607 4998 3660 5049 in

2088 5105 2271 5154 cruce,
2307 5105 2373 5143 ex
2425 5103 2535 5158 quo
2567 5078 2828 5158 profluxit
2887 5089 3112 5158 sanguis
3161 5099 3215 5142 et
3266 5102 3427 5156 aqua,
3463 5096 3520 5140 ttt
3560 5085 3664 5142 hac

2088 5190 2505 5237 renaseerentnr
2538 5181 2720 5236 lideles
2761 5196 2855 5250 per
2899 5180 3250 5248 baptismum,
3285 5177 3378 5232 illo
3416 5192 3544 5232 vero
3569 5192 3658 5231 ex-

2082 5273 2378 5341 piarentur.
2402 5273 2523 5327 ltleo
2549 5271 2691 5324 enim
2719 5272 2916 5325 lancea
2938 5269 3152 5324 Domini
3184 5267 3352 5323 nostri
3384 5269 3526 5322 latus
3541 5282 3664 5335 per-

2083 5370 2264 5415 tnsum
2311 5371 2414 5424 est,
2442 5371 2499 5412 ut
2541 5359 2713 5413 lueret
2742 5357 3094 5428 expiarctque
3127 5357 3341 5412 feminae
3374 5357 3520 5410 iilius
3545 5371 3662 5408 sce-

2086 5450 2192 5513 lus,
2226 5465 2345 5519 qua:
2380 5465 2445 5503 ex
2501 5449 2668 5503 latere
2704 5448 2802 5502 viri
2866 5464 2959 5517 per
2997 5455 3203 5502 costam
3254 5444 3430 5500 fuerat
3479 5454 3660 5500 enata.

2088 5541 2261 5595 Porro
2297 5541 2416 5595 ideo
2444 5540 2679 5609 explevit
2700 5555 2864 5595 carne
2890 5540 3066 5595 locum
3097 5546 3362 5607 exempta:
3384 5547 3571 5601 costae,
3595 5551 3664 5593 ne

2096 5634 2280 5688 dolore
2314 5632 2618 5688 alliceretur
2633 5640 2978 5702 experrectus
3025 5630 3219 5706 Adam,
3254 5645 3319 5686 eo
3345 5631 3487 5700 quod
3509 5636 3665 5701 parte

2950 5746 2992 5779 ’³
3029 5745 3150 5802 Act.
3181 5761 3233 5811 χ,
3278 5744 3360 5798 ll.
