4100 6212
413 334 516 402 515
1543 315 1641 374 DE
1683 305 2049 372 PA'RADISC

2149 327 2189 338 -
2225 300 2421 361 PARS
2463 298 2510 358 Ι.
3557 277 3662 340 ωδ

412 468 475 510 ea
512 445 758 516 ecrporis
788 448 932 496 esset
971 436 1228 500 mutilus;
1253 430 1696 496 simultatemque
1726 423 1990 478 adversus
2017 418 2069 480 Α
2094 429 2215 485 qua:
2239 421 2320 467 est
2334 407 2582 478 corporis
2605 413 2659 461 et
2679 403 2877 458 animae
2896 396 3231 455 commistio.
3266 393 3333 446 Et
3347 392 3571 446 adduxit
3603 394 3684 459 ip-

2303 503 2314 516 -
2349 505 2363 516 ι
2398 499 2410 516 ι
2529 513 2588 516 η-
2633 494 2786 516 ινμιι-
2845 503 2889 516 ,ι
2911 505 3014 516 -..Α
3036 488 3180 516 ,ιη-,ιι
3206 487 3350 516 πιηηα
3373 485 3396 516 9
3415 482 3558 516 αα...»
3577 497 3684 516 ιιι...

417 482 475 510 ra
512 482 594 504 ιιιι
646 482 758 499 uno
788 482 932 496 υυ-ινν
971 482 1193 491 ---------ι
1214 482 1228 500 ,
1254 482 1317 488 -ν-
1449 482 1458 484 -
1511 482 1516 483 γ
1609 482 1623 496 ,
2111 482 2126 485 _

417 482 712 600 detractiam
745 535 845 590 sibi
873 539 1078 602 partem
1107 527 1441 596 conciperet.
1473 520 1536 576 Et
1558 534 1683 574 vero
1707 516 1816 570 duo
1843 521 1992 577 sunt,
2104 521 2218 559 tam
2245 503 2314 556 ad
2331 499 2615 554 Adamum.
2633 494 2809 560 Unde,
2841 503 3017 562 etquo
3033 488 3186 543 duxit
3206 487 3351 540 illam
3373 485 3396 538 ἲ
3415 482 3558 538 Sane
3577 497 3686 536 non

419 577 712 600 υιῖιιαυιαιι-
746 577 845 590 u-u-
873 577 956 602 ..ν-η-
972 577 1078 585 ---π
1112 577 1286 596 _-_-_,.
1315 577 1322 578 γ

419 651 538 708 qua:
573 628 823 698 expedite
856 624 1000 679 Deus
1027 621 1235 692 peregit
1262 618 1313 672 in
1343 615 1533 670 Adami
1568 623 1841 681 corpore:
1871 607 2000 660 alte-
2101 612 2170 653 ex
2203 609 2314 650 uno
2370 594 2489 646 loco
2520 589 2587 644 ad
2629 588 2897 642 alterum:
2945 581 3039 638 sed
3080 595 3202 635 cum
3243 587 3368 630 ante
3413 577 3466 628 in
3504 590 3683 629 rerum

1641 703 1652 708 Α
1804 700 1814 708 ’
2108 699 2294 708 ““““
2375 699 2480 708 ‘“‘"
2545 681 2732 708 θηῖηυιο
2839 672 3098 708 τιν-Λιῖηνῖι
3175 670 3228 708 in
3296 681 3478 708 rprnm
3540 675 3683 708 nm“.

461 670 538 690 υω
573 670 823 698 υθιινυ.-ν
856 670 1000 679 vv..-
1028 670 1108 692 Γ--
1128 670 1233 689 νη--
1265 670 1274 672 ἡ
1669 670 1682 681 ⁵

421 670 543 784 :um
595 721 738 792 quod
769 727 976 773 costam
1009 715 1216 782 absque
1268 709 1454 764 dolore
1477 703 1702 766 exemit,
1768 700 1999 754 alterum
2107 699 2300 744 natura
2375 699 2482 740 non
2545 681 2760 744 fuisset,
2839 672 3103 746 produxit
3175 670 3230 724 in
3296 681 3479 720 rerum
3540 675 3694 720 natu-

2336 777 2372 792 “
2431 787 2507 792 --~
2559 789 2601 792 ——
2659 771 2777 792 ΞΙ-ιι
2829 767 3027 792 ιΙῖηξιιιιι
3091 761 3154 792 ιλ
3209 759 3470 792 Arlnmnm
3527 755 3689 792 d||l||g|

424 755 543 784 ῘυΙΙΙ
595 755 738 792 ιιυυυ
769 755 976 773 ινα-αυ-
1009 755 1216 782 υιυυῚμυ
1269 755 1452 764 ...ην-ν
1481 755 1632 761 -._-__,
1690 755 1701 766 ,

424 817 566 889 quod
603 829 699 884 pro
715 819 868 865 costa
888 821 1110 861 carnem
1143 801 1388 866 suffecit;
1417 806 1472 852 et
1501 796 1718 865 quidem
1741 799 2001 847 neutrum
2111 796 2252 835 ram.
2334 777 2607 831 Caeterum
2659 771 2781 825 ideo
2824 767 3027 823 dicitur
3090 761 3156 816 ad
3200 759 3471 814 Adamum
3527 755 3691 809 ducta

1809 883 1820 889 -
2121 885 2229 889 η--
2310 866 2432 889 ---τη
2494 865 2607 889 ηε..-
2645 862 2814 889 αυλις..
2875 860 3046 889 ἱηοηιη
3088 851 3431 889 ιιηηιιίιιρνιιι-
3468 845 3663 889 enncin

424 845 566 889 ηυυιι
604 845 868 884 ριυιυδιυι
889 845 1110 861 ιιιιυυιη
1143 845 1352 858 ..μων-ι.-
1375 845 1388 866 ⁷
1421 845 1471 852 ν-
1506 845 1683 865 Ί----γ
1711 845 1717 846 ,
1748 845 1772 846 κν
1797 845 1806 847 ἡ

377 898 618 966 Virorum
659 904 926 960 sentiente
960 899 1188 961 Adamo,
1223 910 1334 948 rein
1373 902 1554 946 tamen
1591 889 1765 956 ipsam
1809 879 2007 936 intelli-
2111 885 2267 934 esse,
2305 866 2437 937 quia
2490 865 2609 931 ejus
2643 862 2816 931 gratia
2875 860 3048 927 ipsam
3088 851 3434 909 condiderat.
3468 845 3663 901 conciti

2435 955 2469 966 "
2706 952 2738 966 --
2785 965 2792 966 κ
2845 949 2857 966 9
2900 965 2908 966 κ
2968 946 3239 966 οΑμῐ-,.---.,.
3279 958 3294 966 -
3337 938 3551 966 Πηηέιι...
3597 937 3663 966 ἐκ.

423 937 514 966 ιιυι
530 937 618 963 ull]
659 937 925 960 δῦιιιιυιιιυ
960 937 1188 961 Ilua-Iuv,
1224 937 1334 948 σν--υ
1373 937 1554 946 ν.-.-----
1594 937 1671 956 ,r_
1718 937 1742 938 η

421 1007 583 1070 gente
613 1004 775 1063 atque
795 995 1160 1060 cognoscente
1192 999 1285 1054 per
1317 981 1558 1036 divinam
1595 974 2004 1033 revelationem,
2109 968 2376 1026 naratque
2433 955 2620 1018 Deus;
2671 952 2745 1005 ait
2773 949 2918 1004 enim
2968 946 3242 1013 Scriptura
3279 958 3294 995 :
3329 938 3553 992 Faciam
3597 937 3699 1004 ips,

1715 1067 1749 1070 —
1935 1065 1944 1070 -
2157 1046 2495 1070 J,,,_-__:---r-....
2529 1043 2700 1070 -....t.'.
2733 1044 2842 1070 ιη...
2873 1048 2944 1070 ..ρο
2997 1038 3098 1070 Ωηιι
3137 1049 3240 1070 nnn
3265 1040 3341 1070 pel
3397 1039 3461 1070 ιιι
3491 1027 3557 1070 ,ιι
3580 1026 3698 1070 in“)

427 1065 592 1162 quam
628 1085 826 1141 mentis
852 1077 1310 1159 contemplatique
1339 1073 1675 1128 intuebatur.
1704 1067 1769 1120 Et
1798 1065 2008 1119 concin-

427 1155 570 1238 navit
593 1178 846 1233 Dominus
875 1172 1016 1226 Deus
1063 1187 1090 1223 ε
1113 1155 1260 1224 costa
1279 1181 1436 1236 quam
1462 1169 1758 1232 sumpserat
1779 1172 1844 1211 ea:
1859 1155 2008 1208 Ada-

429 1287 514 1326 mo
549 1266 819 1338 (carinam.
859 1259 980 1314 Haec
1013 1273 1121 1311 non
1150 1263 1275 1310 sunt
1313 1269 1341 1306 a
1396 1250 1506 1303 Deo
1555 1248 1727 1302 tribus
1782 1240 2011 1298 diversis

432 1369 659 1433 iperacta
696 1355 942 1418 vicibus;
999 1363 1174 1419 neque
1205 1346 1256 1400 id
1306 1343 1439 1398 dicit
1486 1340 1683 1403 Moses,
1715 1335 2014 1404 sumpsisse

437 1425 604 1506 ficum
647 1447 824 1518 primo
881 1453 1112 1505 costam,
1152 1448 1271 1508 post
1317 1434 1622 1503 explevisse
1677 1431 1854 1483 locum
1895 1425 2014 1492 ejus

438 1559 624 1605 carne,
651 1555 714 1595 ac
746 1547 875 1592 tunc
919 1536 1139 1589 demum
1165 1529 1524 1584 concinnasse
1583 1523 1840 1577 feminam
1874 1537 1887 1572 :
1925 1531 2017 1570 ve-

438 1654 559 1693 rum
587 1635 790 1695 subito,
821 1641 875 1685 et
907 1629 1050 1684 oculi
1085 1623 1406 1681 brevissima
1446 1618 1740 1674 nictatione
1765 1619 2017 1682 exempta

439 1740 521 1784 est
547 1736 721 1790 costa,
757 1723 1094 1789 suffectaque
1149 1730 1300 1782 caro,
1334 1722 1386 1768 et
1421 1709 1764 1766 conformata
1795 1705 2017 1760 femina.

444 1817 580 1872 Nam
612 1817 655 1871 si
691 1817 830 1868 intra
863 1811 1007 1866 oculi
1059 1817 1396 1863 momentum
1428 1807 1676 1871 resurget
1707 1800 2020 1853 universum

445 1923 614 1978 genus
647 1907 970 1963 humanum,
1004 1909 1061 1954 ut
1088 1898 1246 1951 divus
1271 1894 1476 1948 Paulus
1509 1893 1603 1956 ait,
1639 1891 1710 1954 ³⁵,
1743 1889 1910 1942 multo
1942 1887 2020 1940 fa-

447 1977 608 2054 cilius
667 1994 964 2063 intelligere
1021 2002 1337 2059 possumus,
1385 1983 1546 2040 simul
1603 1981 1692 2036 illa
1738 1981 1840 2034 tria
1884 1977 2026 2047 apud

447 2091 716 2144 Attatnum
745 2103 775 2139 a
814 2087 920 2139 Deo
969 2089 1182 2152 peracta
1217 2093 1340 2134 esse
1375 2094 1391 2132 :
1440 2091 1627 2131 verum
1670 2073 1890 2143 quando
1917 2087 2022 2124 non

451 2182 629 2251 pomit
658 2177 835 2231 Moses
863 2174 1027 2228 simul
1053 2171 1236 2226 omnia
1271 2172 1384 2224 haec
1409 2169 1574 2224 verbo
1605 2182 1714 2221 uno
1737 2162 2030 2232 complecti

452 2284 615 2340 atque
632 2270 917 2322 enuntiare
945 2275 998 2320 et
1032 2263 1360 2328 describere,
1381 2270 1602 2318 coactus
1626 2267 1708 2313 est
1747 2272 1812 2311 ex
1842 2256 2033 2310 ordine

455 2368 636 2421 dicere
672 2362 841 2417 Deum
871 2360 1084 2428 cepisse
1122 2359 1351 2420 'costam,
1385 2367 1438 2409 et
1467 2361 1633 2408 costa:
1659 2354 1778 2405 loco
1813 2364 2033 2408 carnem

463 2456 838 2526 supposuisse,
867 2468 930 2506 ac
959 2451 1217 2504 feminam
1245 2447 1623 2502 concinnasse.
1646 2442 1857 2498 Rursus
1887 2456 2034 2511 quie-

461 2551 619 2614 ritur,
653 2564 748 2600 cur
776 2545 953 2600 Moses
985 2545 1049 2596 de
1067 2535 1558 2606 Adamo‘uSurpct,
1591 2535 1772 2598 (.cbal,
1802 2535 1904 2586 boc
1932 2541 2034 2596 est,

461 2640 696 2711 fingendi
735 2639 850 2693 sive
879 2633 1168 2704 subigendi
1198 2629 1424 2685 verbum
1457 2644 1470 2691 ;
1503 2637 1556 2681 at
1580 2629 1646 2680 de
1679 2625 1811 2690 Eva,
1839 2623 2036 2688 Tacen,

464 2735 567 2788 ltoc
600 2741 703 2794 cst,
743 2725 1128 2784 concinnandi.
1153 2720 1591 2791 Respondemus,
1628 2717 1862 2787 fingendi
1891 2716 2042 2769 subi-

464 2823 689 2897 gendive
719 2819 1042 2875 vocabulum
1096 2815 1211 2868 luto
1268 2812 1581 2873 convenire,
1617 2825 1682 2864 ex
1725 2824 1835 2878 quo
1869 2807 2040 2860 Adam

468 2913 734 2968 formatus
752 2921 869 2976 est;
895 2909 1070 2978 subigi
1090 2907 1233 2961 enim
1267 2905 1439 2958 lutum
1463 2901 1638 2965 debet,
1671 2909 1725 2954 ut
1762 2899 2040 2969 quidpiam

468 3021 534 3062 ex
559 3005 676 3076 ipso
709 3002 840 3068 fiat;
875 3009 930 3054 at
959 3009 1108 3054 costa
1145 3011 1268 3050 cum
1295 2995 1407 3064 jam
1442 3003 1554 3046 tum
1592 2991 1821 3046 subacto
1845 3005 1908 3044 cx
1931 2990 2044 3044 luto

475 3099 702 3153 formata
732 3094 1042 3156 exsisteret,
1076 3090 1191 3146 sola
1226 3087 1672 3144 concinnitudine
1715 3099 1854 3154 opus
1882 3085 2050 3138 liabe-

469 3192 584 3256 bat,
617 3201 676 3244 ut
711 3191 762 3242 in
804 3187 1062 3242 feminam
1087 3185 1360 3238 evaderet.

546 3280 653 3334 Cur
683 3294 786 3332 nun
820 3276 1013 3328 dixerit
1051 3271 1244 3332 Moses,
1281 3269 1594 3338 inspiratam
1614 3268 1667 3321 in
1693 3267 1880 3336 [aciem
1903 3268 2049 3327 Eure,

472 3374 729 3433 animam,
758 3378 815 3421 ut
844 3371 906 3421 de
934 3366 1140 3420 Adamo
1168 3363 1302 3416 dixit
1351 3392 1424 3410 ..-
1455 3359 1573 3414 Jam
1600 3365 1738 3426 vero;
1770 3359 1874 3413 hoc
1904 3374 2050 3428 quo-

478 3478 585 3536 que
615 3460 937 3530 interrogari
981 3465 1178 3527 potest,
1212 3471 1311 3510 cur
1349 3471 1456 3508 non
1483 3454 1552 3508 sit
1582 3454 1784 3507 dictum
1818 3452 1885 3504 de
1920 3450 2050 3513 Eva,

481 3557 626 3628 quod
665 3551 1019 3608 insnfilaverit
1049 3549 1188 3604 Deus
1221 3549 1273 3602 in
1307 3549 1480 3617 ipsam
1514 3547 1774 3609 animam,
1819 3546 1962 3599 situt
1989 3547 2056 3598 de

479 3647 686 3699 Adamo
713 3644 975 3711 scriptum
1013 3649 1096 3694 est
1131 3656 1144 3692 :
1187 3637 1254 3690 Et
1285 3636 1564 3704 iusuﬁt’arit
1597 3638 1650 3688 in
1685 3635 1876 3704 faciem
1894 3636 2057 3701 ipsius

480 3738 714 3791 animam
740 3734 967 3788 vitalem.
998 3730 1410 3800 Respondemus
1439 3742 1786 3796 nequaquam
1817 3739 1882 3780 eo
1914 3725 2057 3779 istud

483 3829 683 3884 factum
725 3844 846 3881 esse
877 3826 1021 3894 quod
1052 3822 1161 3876 Em
1204 3837 1311 3875 non
1347 3819 1514 3873 fuerit
1549 3819 1772 3888 praedita
1805 3816 2059 3870 rationali

485 3923 666 3976 anima
697 3917 919 3988 perinde
953 3931 1016 3971 ac
1067 3915 1314 3969 Adamus
1347 3921 1442 3966 aut
1502 3927 1606 3963 non
1645 3910 1945 3977 composita
1995 3923 2061 3962 ex

485 4026 716 4081 corpore
745 4019 796 4064 et
823 4009 1024 4072 anima,
1047 4016 1104 4059 ut
1129 4005 1236 4072 ille,
1253 4016 1428 4072 neque
1451 4014 1578 4053 vero
1595 3997 1756 4053 etiam
1775 3997 2064 4065 quasiani-

491 4119 580 4156 ma
609 4118 673 4156 CX
717 4114 946 4169 corpore
982 4108 1261 4164 nascatur,
1289 4096 1434 4148 SiClll
1459 4109 1521 4147 05
1544 4108 1608 4146 ex
1640 4106 1761 4146 0558
1776 4100 1828 4143 ει
1852 4104 1979 4143 caro
2000 4104 2064 4142 οι

492 4209 659 4249 carne
694 4210 707 4246 :
743 4192 836 4245 sed
870 4190 1080 4243 duabus
1135 4187 1201 4241 de
1245 4186 1424 4240 causis
1461 4183 1594 4237 illud
1643 4181 2064 4252 praetermissum

495 4288 549 4342 in
584 4285 811 4340 historia
840 4298 983 4347 esse,
1009 4294 1242 4349 quarum
1269 4277 1436 4330 altera
1460 4284 1564 4337 est,
1613 4289 1738 4327 cum
1772 4280 1897 4325 ante
1927 4277 2070 4323 esset

499 4380 564 4433 de
596 4380 804 4431 Adamo
833 4374 1189 4443 explicatum,
1230 4371 1526 4423 humanam
1565 4375 1816 4419 naturain
1847 4378 1912 4415 ex
1942 4375 2068 4415 cor-

499 4485 630 4543 pore
661 4481 714 4524 et
743 4483 926 4524 annua
954 4469 1009 4520 in
1040 4467 1210 4533 ipsius
1237 4461 1431 4516 faciem
1465 4459 1735 4515 insuﬂlata
1793 4464 2069 4517 constare,

504 4566 726 4638 minime
752 4567 868 4616 erat
891 4558 1257 4614 necessarium
1287 4553 1424 4608 idem
1452 4555 1517 4607 de
1543 4553 1648 4606 Eva
1676 4553 1762 4604 hic
1793 4558 2069 4618 repetere;

502 4659 692 4721 altera,
707 4655 832 4724 quia
852 4667 975 4708 cum
991 4657 1198 4705 costam
1214 4655 1563 4714 temperasset
1579 4644 1720 4696 Deus
1737 4641 1893 4694 rebus
1909 4636 2079 4692 omni-

514 4749 617 4803 bus
643 4748 844 4818 quibus
872 4758 1008 4812 opus
1024 4749 1140 4795 erat
1175 4737 1683 4802 conforrnassetque
1714 4733 1766 4784 in
1795 4730 2077 4791 feminam,

503 4841 727 4895 dubium
761 4849 1018 4890 essenon
1059 4834 1230 4902 potuit
1260 4831 1392 4899 quin
1425 4826 1590 4881 simul
1638 4824 1875 4876 animant
1901 4821 1960 4880 in
1995 4818 2080 4887 ip-

508 4935 624 4988 sius
648 4929 839 4984 faciem
899 4928 1243 4994 inspirassct,
1297 4922 1459 4990 idque
1489 4919 1571 4972 vel
1601 4918 1725 4987 hinc
1758 4915 2077 4982 intelligitur

510 5024 654 5093 quod
694 5031 748 5075 et
771 5021 814 5073 si
839 5019 946 5072 alio
968 5016 1315 5069 modoAdam
1346 5013 1452 5066 alio
1479 5010 1586 5062 Eva
1610 5009 1710 5061 orti
1737 5015 1861 5060 sunt
1882 5006 2075 5074 (Adam

514 5118 660 5170 enim
692 5129 757 5169 ex
783 5114 896 5165 luto
918 5109 1095 5163 factus
1123 5116 1226 5170 est,
1255 5106 1365 5159 Eva
1399 5119 1523 5158 vero
1548 5101 1833 5156 exAdamo
1859 5097 2085 5151 concin-

509 5219 658 5271 nata,
687 5219 851 5274 atque
869 5202 1180 5265 Adam,non
1198 5206 1490 5268 generatus
1503 5195 1733 5259 exstitit;
1757 5191 1863 5244 Eva
1880 5204 2006 5244 vero
2023 5203 2088 5244 ex

513 5303 724 5356 Adatno
760 5309 843 5352 est
861 5294 1143 5362 producta)
1171 5302 1351 5346 tamen
1371 5287 1674 5343 consimilis
1689 5299 1912 5355 prorsus
1928 5281 2090 5336 ambo

511 5403 643 5452 sunt
662 5401 870 5446 natura:
897 5389 1123 5458 parique
1153 5383 1545 5454 compositione
1560 5379 1793 5436 naturali
1812 5383 2088 5440 consmnt,

591 5536 636 5567 ὀ
666 5533 691 5618 γι
721 5535 846 5618 Cor.
879 5517 1093 5599 xv,152.

595 5657 706 5726 (i8)
741 5655 896 5709 Errat
940 5655 1099 5725 plane
1136 5650 1238 5705 Bar
1274 5651 1631 5726 Cepba,__nam
1665 5645 1989 5725 plenissima
2009 5657 2096 5696 re-

522 5715 645 5784 rum
690 5715 1068 5781 'humana'rum
1121 5715 1727 5793 supernaturadiumque
1795 5715 2102 5784 cognitione

2109 1046 2497 1106 adminiculum
2525 1043 2700 1114 qualis
2733 1044 2842 1109 ipse
2870 1048 2965 1092 est.
2997 1038 3100 1090 Sed
3134 1049 3241 1088 non
3265 1040 3368 1093 est.
3397 1039 3461 1083 ut
3491 1027 3557 1081 ab
3580 1026 3698 1096 ipso

2113 1143 2292 1197 ablata
2312 1139 2490 1194 fuerat
2514 1135 2670 1190 rudis
2692 1141 2858 1201 atque
2883 1127 3133 1184 informis
3153 1135 3328 1186 costa,
3357 1123 3434 1176 ita
3463 1130 3516 1174 et
3541 1118 3698 1173 resti-

2117 1243 2270 1290 tuta:
2306 1245 2493 1284 verum
2538 1226 2650 1295 jam
2705 1223 3031 1279 concinnata
3103 1216 3402 1284 effectaque
3474 1211 3696 1265 femina.

2116 1323 2185 1378 Et
2212 1323 2472 1377 aitAdam
2495 1335 2514 1372 :
2536 1317 2654 1371 Hac
2684 1317 2792 1370 vice
2816 1331 2872 1367 os
2912 1315 2975 1366 de
2995 1309 3202 1366 ossibus
3225 1309 3374 1370 meis,
3403 1315 3452 1359 et
3471 1319 3597 1357 caro
3635 1301 3701 1354 de

2118 1431 2276 1471 carne
2332 1428 2468 1466 mea.
2527 1409 2624 1462 Hic
2677 1406 3029 1460 vaticinantis
3078 1399 3272 1454 Adami
3328 1396 3490 1450 verba
3543 1392 3702 1450 nobis

2120 1509 2303 1582 prodit
2336 1507 2498 1560 divus
2531 1502 2739 1568 Moses;
2777 1514 2900 1552 nam
2958 1495 3050 1565 qui
3089 1506 3287 1560 50pore
3318 1498 3481 1557 atque
3519 1485 3705 1554 quiete

2122 1601 2354 1656 obrutus
2375 1594 2614 1665 iacebat,
2645 1591 2842 1643 anima:
2882 1602 3008 1639 vero
3043 1598 3155 1638 suae
3179 1580 3396 1634 interim
3448 1572 3705 1644 agitatio-

2127 1691 2292 1745 nibus
2321 1664 2632 1752 mentisque
2656 1677 3120 1747 contemplatione
3146 1688 3260 1728 rem
3292 1673 3462 1739 ipsam
3501 1681 3622 1735 qua:
3653 1664 3704 1716 in

2057 1762 2098 1816 Β
2130 1783 2416 1840 eximenda
2468 1789 2620 1834 costa
2687 1770 3182 1838 concinnandaque
3238 1765 3346 1818 Eva
3411 1761 3706 1830 agebatur.

2128 1870 2547 1933 considerabat;
2582 1865 2765 1921 subito
2801 1868 3178 1930 experrectus,
3211 1869 3334 1908 cum
3379 1866 3499 1905 eam
3534 1849 3708 1916 ipsam

2130 1965 2418 2020 mulierem
2451 1973 2612 2029 quam
2647 1971 2742 2026 per
2772 1951 3049 2009 somnium
3079 1941 3422 2002 conformari
3457 1939 3711 1994 animad-

2129 2063 2392 2120 verterat,
2426 2066 2612 2106 coram
2654 2063 2715 2102 se
2745 2055 2979 2101 stantem
3004 2040 3134 2111 vigil
3183 2035 3494 2092 inveniret:
3530 2029 3714 2084 divina

2133 2149 2308 2205 sancti
2351 2145 2594 2215 Spiritus
2624 2139 2798 2210 gratia
2855 2134 3124 2205 impulsus
3172 2127 3595 2187 vaticinabatur,
3630 2122 3740 2174 in-'

2133 2243 2369 2313 quiens:
2413 2235 2530 2289 Hac
2569 2234 2673 2286 vice
2705 2247 2761 2284 os
2817 2233 2882 2282 de
2937 2227 3142 2280 ossibus
3184 2221 3333 2281 meis,
3385 2227 3434 2272 et
3484 2230 3608 2269 caro
3657 2211 3720 2264 de

2135 2305 2291 2387 carne
2332 2343 2468 2384 mea.
2505 2325 2657 2391 Quod
2683 2324 2762 2376 ait
2796 2338 2810 2374 :
2845 2319 2961 2372 Hac
2998 2317 3126 2379 vice,
3181 2314 3246 2366 ad
3279 2311 3426 2364 illius
3461 2305 3722 2374 temporis

2138 2432 2346 2494 spectat
2373 2420 2694 2479 discrimen,
2730 2430 2840 2484 quo
2857 2412 3002 2466 Deus
3033 2409 3235 2462 be5tias
3260 2419 3324 2458 ac
3347 2405 3594 2472 jumenta
3618 2414 3720 2452 vo-

2142 2519 2428 2582 lucresque
2451 2512 2517 2565 ad
2543 2511 2692 2563 illum
2719 2516 2923 2577 egerat,
2947 2500 3404 2571 imponendorum
3440 2493 3721 2547 nominum

2142 2581 2356 2660 causa;
2397 2599 2628 2655 Perinde
2675 2611 2739 2650 ac
2792 2596 2837 2647 si
2908 2593 3016 2646 Deo
3045 2591 3192 2644 dicat
3230 2587 3474 2641 Adamus
3505 2603 3517 2639 :
3546 2581 3725 2648 Quam

2142 2710 2290 2750 nunc
2336 2694 2402 2747 ad
2443 2707 2528 2745 me
2587 2687 2860 2744 adduxisti
2914 2685 3235 2744 mulierem,
3293 2681 3454 2747 longe
3505 2676 3610 2729 alia
3639 2685 3726 2730 est

2145 2797 2307 2856 atque
2345 2785 2497 2839 fuere
2530 2781 2830 2836 animantia
2875 2779 2966 2831 illa
2993 2776 3196 2846 quibus
3223 2773 3291 2827 ad
3331 2787 3417 2824 me
3449 2770 3592 2823 actis
3627 2783 3727 2821 no-

2144 2879 2290 2930 mina
2318 2875 2529 2938 indidi;
2564 2885 2744 2941 neque
2787 2867 2936 2924 enim
2973 2867 3063 2921 illa
3093 2880 3188 2918 -ex
3238 2877 3325 2916 me
3366 2870 3606 2929 sumpta,
3637 2868 3731 2911 aut

2144 2986 2277 3026 meae
2310 2969 2522 3023 fuerant
2550 2973 2794 3029 naturae;
2821 2970 2877 3016 at
2900 2963 3015 3015 haec
3042 2973 3106 3013 os
3129 2966 3210 3012 est
3236 2971 3300 3010 ex
3324 2955 3543 3008 ossibus
3572 2952 3730 3013 meis,

2075 3090 2120 3152 ε
2152 3071 2205 3118 et
2228 3078 2354 3118 caro
2383 3076 2451 3115 ex
2488 3073 2654 3114 carne
2692 3070 2833 3119 mea,
2868 3054 2971 3106 hoc
3019 3059 3126 3113 e5t,
3172 3063 3237 3102 ex
3276 3047 3482 3113 mcipso
3514 3034 3733 3110 accepta

2153 3164 2533 3223 est,_meaaqne
2587 3157 2672 3203 est
2717 3147 2932 3216 penitus
2999 3151 3209 3196 natura:
3269 3139 3590 3208 particeps:
3628 3149 3732 3186 una

2153 3261 2354 3318 quippe
2401 3242 2699 3310 eademque
2743 3245 2938 3290 natura
2987 3241 3303 3286 constamus
3357 3241 3457 3296 ego
3495 3225 3725 3292 illaque.

2155 3341 2420 3397 Caeterum
2475 3332 2690 3386 duabus
2754 3328 2808 3382 id
2856 3324 3198 3380 orationibus
3240 3320 3448 3375 sciebat
3494 3318 3736 3371 Adamus

2157 3432 2306 3505 quod
2357 3428 2446 3483 hic
2477 3422 2890 3497 pronuntiabat,
2921 3427 2976 3474 et
3017 3417 3214 3470 mentis
3263 3428 3376 3467 sua:
3400 3407 3737 3476 contempla-

2161 3498 2308 3582 tione
2331 3537 2437 3592 qua
2468 3517 2746 3574 dormiens
2785 3512 3062 3572 cernebat,
3085 3517 3139 3563 et
3169 3506 3404 3576 Spiritus
3437 3502 3606 3556 sancti
3642 3498 3727 3556 be:

2161 3589 2679 3688 iligna—efﬁcientia
2752 3620 2860 3675 qua
2913 3605 3097 3666 intus,
3159 3599 3564 3652 “lustrabatur.
3631 3589 3736 3644 Sed

2162 3699 2708 3760 animadvertendum
2733 3706 2816 3750 est
2832 3695 3101 3749 Adamum
3123 3705 3340 3759 quoque
3362 3703 3427 3739 ex
3455 3686 3576 3739 EviB
3594 3698 3741 3736 cum.

2165 3777 2414 3867 positura
2468 3807 2625 3847 suam
2687 3789 2860 3858 ipsius
2912 3783 3248 3853 intellexisse
3299 3782 3740 3847 agnovisseque;

2149 3905 2291 3943 ’cum
2322 3887 2467 3941 enim
2505 3899 2599 3952 per
2633 3881 2800 3935 animi
2841 3878 2926 3932 sui
2952 3873 3469 3944 contemplationem
3501 3871 3743 3920 intuere-

2169 3991 2256 4035 tur
2277 3977 2592 4032 Creatorem
2629 3987 2753 4026 eum
2787 3970 2880 4039 qui
2932 3968 3094 4022 Evam
3140 3964 3408 4018 condebat
3453 3959 3745 4031 efficiebat-

2171 4087 2295 4143 que,
2327 4066 2660 4138 agnoscebat
2682 4062 2844 4116 simul
2877 4070 2931 4112 et
2962 4073 3114 4111 suam
3148 4057 3263 4125 ipse
3293 4055 3662 4108 conditionem
3696 4061 3748 4101 et

2170 4142 2293 4218 eum
2325 4158 2417 4228 qui
2448 4170 2506 4211 se
2543 4151 2840 4208 creavisset
2869 4147 3014 4219 (18):
3051 4145 3194 4200 sicut
3225 4143 3386 4196 etiam
3417 4142 3591 4209 angeli
3625 4155 3745 4193 cum

2179 4256 2426 4310 viderent
2452 4250 2662 4303 animas
2679 4244 2876 4297 Adami
2897 4239 3085 4294 etEvac
3112 4253 3140 4289 a
3167 4236 3274 4287 Ι)ιο
3301 4233 3470 4287 creari
3499 4231 3749 4300 praeditas

2175 4346 2386 4402 ratione
2427 4351 2480 4394 et
2531 4334 2909 4406 intelligentia,
2971 4338 3026 4383 et
3082 4324 3446 4388 immortales,
3503 4321 3603 4373 hoc
3647 4329 3749 4380 est,

2102 4442 2149 4498 Ι)
2178 4439 2282 4494 sibi
2309 4433 2550 4495 similes,
2595 4439 2726 4482 tunc
2781 4425 2999 4477 demum
3055 4416 3452 4484 tntelligebant,
3495 4425 3602 4478 qua
3648 4411 3750 4479 ipsi

2176 4537 2362 4587 essent
2391 4522 2705 4580 conditione
2736 4525 2946 4572 naturae
2994 4508 3186 4574 creati,
3215 4516 3265 4561 ct
3324 4521 3353 4558 a
3384 4517 3493 4571 quo
3538 4500 3751 4570 “pitied,

2178 4624 2479 4678 Possumus
2510 4614 2674 4670 etiam
2704 4611 2858 4664 aliter
2881 4605 3045 4660 verba
3082 4601 3209 4655 illa:
3239 4596 3355 4651 Hac
3383 4599 3488 4648 vice
3520 4610 3599 4658 os,
3620 4602 3751 4670 ete.,

2184 4716 2239 4770 in
2271 4709 2597 4768 sententiam
2632 4698 2974 4772 interpretari
3006 4715 3020 4749 :
3048 4693 3160 4749 Hac
3191 4692 3460 4747 duntaxat
3495 4685 3611 4741 vice
3637 4699 3757 4767 mu;

2189 4808 2291 4861 lier
2324 4805 2398 4858 ita
2422 4801 2710 4862 formatur,
2742 4805 2800 4848 ut
2834 4794 2902 4847 sit
2926 4805 2988 4845 os
3011 4805 3077 4844 ex
3106 4787 3327 4841 ossibus
3351 4781 3486 4835 meis
3509 4819 3523 4844 ,
3551 4787 3604 4832 et
3633 4791 3758 4851 caro

2188 4912 2257 4952 ex
2297 4906 2463 4949 carne
2508 4902 2670 4952 mea;
2701 4886 2753 4938 in
2796 4893 3075 4952 posterum
3103 4893 3231 4931 vero
3279 4890 3387 4927 non
3449 4872 3528 4924 sic
3559 4867 3761 4933 fortna-

2191 4988 2393 5044 buntur
2431 4981 2711 5040 mulieres,
2744 4975 2836 5030 sed
2872 4989 2965 5044 per
3009 4971 3178 5025 maris
3218 4984 3342 5023 cum
3394 4963 3597 5019 femina
3629 4943 3759 5022 coné

2193 5079 2419 5134 nubium
2451 5070 2901 5143 procreabuntur.
2933 5067 3058 5119 Haec
3093 5062 3366 5116 vocabitur
3397 5055 3608 5116 mulier,
3638 5050 3762 5120 quia

2193 5184 2221 5222 e
2258 5171 2368 5221 viro
2391 5174 2607 5233 accepta
2633 5170 2732 5215 est.
2762 5155 2991 5212 Videtur
3020 5155 3238 5226 quidem
3268 5152 3381 5206 haec
3413 5146 3586 5200 oratio
3618 5145 3764 5196 hunc

2195 5277 2308 5333 pra:
2349 5274 2407 5314 se
2454 5257 2599 5312 ferre
2636 5267 2882 5315 sensum,
2939 5248 3086 5320 quod
3139 5246 3261 5300 ideo
3293 5242 3437 5296 dicta
3469 5239 3541 5290 sit
3569 5235 3766 5312 mulier

2197 5358 2324 5426 quia
2358 5370 2424 5409 ex
2451 5353 2566 5406 viro
2593 5355 2811 5417 sumpta
2842 5355 2948 5410 est,
3007 5355 3131 5397 cum
3171 5349 3348 5394 tamen
3380 5339 3596 5403 propter
3637 5315 3767 5396 legi:-

2207 5629 2598 5704 quarimbutus
2625 5625 2727 5681 fuit
2770 5624 3118 5704 Adamnrecte
3147 5615 3410 5702 originem
3453 5627 3578 5688 suae
3601 5609 3771 5704 novit.

2212 5678 2790 5767 si'i‘iiii‘xiiiiiftpan.
2819 5691 2994 5764 q.'.99,
3020 5688 3206 5742 art.'5.
3235 5678 3280 5692 "
3361 5707 3365 5712 κ
3573 5685 3578 5688 '
3616 5678 3630 5721 τ
3663 5681 3667 5686 ’
