4100 6212
364 269 468 329 5U

1649 266 1879 325 IiOSIS
1925 264 2071 324 ΒΑΗ
2120 264 2360 322 ΟΕΙἺΙΑ

3520 268 3622 331 MS

364 380 560 441 timum
585 392 708 432 cum
734 379 849 432 viro
873 378 1185 448 coniugium
1220 378 1413 431 mulier
1436 374 1869 447 api-llcturﬁam
1892 376 1936 430 si
1965 379 2016 434 Α
2042 372 2245 426 divinis
2300 370 2726 426 revelationibus
2758 374 3165 441 pronuntiasse.
3204 375 3341 430 Nam
3372 378 3462 432 illa
3503 382 3621 449 ipsa

364 470 487 522 inde
520 470 664 538 quod
723 481 937 537 sumpta
992 470 1063 523 sit
1106 484 1172 523 ex
1210 470 1352 531 viro,
1404 468 1505 521 hoc
1544 467 1782 521 nominis
1818 482 1941 521 sor-

358 560 535 614 tiatur
569 560 727 629 plane
774 571 1121 615 autcmteras
1167 559 1420 613 mulieres
1477 572 1670 613 omnes
1712 575 1777 613 est
1824 560 1942 614 suis

363 653 577 708 malitis
600 663 852 721 acceptas
886 652 1040 706 fateri
1064 654 1357 721 oportebit,
1386 661 1479 705 aut
1509 668 1695 705 earum
1737 652 1940 704 nullam

364 746 617 800 mulieris
641 747 863 799 nomine
886 747 1102 814 dignam
1126 762 1263 799 eSse.
1293 746 1443 810 Quod
1468 757 1651 799 autem
1679 746 1944 799 vocabulo

364 836 597 891 feminas
652 851 1033 902 nuncupetnus
1081 837 1151 891 ob
1201 836 1474 904 legitimas
1525 852 1649 890 curn
1702 838 1944 891 maribus

364 927 606 995 nuptias,
633 927 746 994 ipse
789 942 887 981 nos
928 944 1059 982 usus
1099 908 1257 982 docet
1282 945 1385 995 quo
1418 944 1513 982 eas
1557 931 1943 983 consuevimus

362 1018 509 1075 solas
563 1016 643 1070 sic
689 1018 965 1085 appellare
1014 1020 1215 1087 quibus
1280 1019 1579 1088 legitimum
1638 1021 1945 1075 intercessit

361 1126 485 1163 cum
518 1111 652 1163 viris
685 1111 1119 1164 matrimonium.
1161 1110 1303 1175 Quin
1352 1114 1510 1167 divus
1553 1110 1754 1166 Paulus
1790 1115 1947 1180 quo-

361 1217 470 1270 que
503 1202 592 1255 ubi
629 1202 893 1271 virginem
925 1204 1160 1255 secernit
1191 1218 1219 1256 ο
1254 1203 1505 1268 muliere,
1554 1204 1794 1257 osmudit
1819 1220 1942 1258 eam

361 1311 483 1363 quae
515 1311 622 1348 non
659 1307 739 1349 est
774 1295 1073 1349 secundum
1108 1296 1276 1365 legem
1315 1306 1480 1358 nupta
1515 1296 1631 1349 viro
1656 1298 1939 1352 mulierem

356 1389 538 1441 vcrari
578 1404 685 1441 non
735 1399 985 1455 oportere
1042 1388 1112 1449 ".
1174 1389 1268 1443 sed
1351 1405 1469 1442 eam
1527 1406 1647 1458 qua:
1687 1390 1944 1458 legitimis

361 1479 569 1545 nuptiis
622 1494 745 1533 cum
802 1480 921 1533 viro
986 1482 1191 1534 sociata
1223 1481 1316 1535 sit.
1378 1481 1790 1549 Insuper,hanc
1822 1498 1944 1537 esse

358 1566 579 1620 illorum
631 1568 918 1620 verborum
981 1568 1335 1633 sententiam,
1391 1568 1563 1636 ipsius
1598 1570 1786 1623 Adami
1823 1585 1944 1639 qua!

358 1660 773 1727 subsequuntur
816 1662 982 1715 verba
1048 1670 1325 1729 arguunt:
1365 1660 1652 1731 Propterea
1687 1663 1942 1734 relinquet

2042 458 2300 516 Christus
2332 462 2385 515 in
2426 461 2721 530 Evangelio
2738 464 2893 532 quasi
2925 479 2992 517 ex
3050 464 3141 519 Dei
3182 465 3361 520 Patris
3387 484 3620 538 persona

2041 552 2186 607 dicta
2214 552 2419 621 profert
2452 553 2496 586 ”
2525 571 2539 607 :
2563 555 3411 625 quandoquidem,pr0phetarum
3438 562 3620 628 verba,

2043 645 2150 696 etsi
2194 661 2258 697 ex
2313 647 2556 713 ipsorum
2600 647 2791 701 oribus
2840 651 3192 716 emanariut,
3247 661 3425 709 tamen
3468 664 3525 708 ut
3555 658 3621 710 ab

2044 736 2167 804 ipso
2210 736 2318 791 Deo
2350 740 2699 804 pronuntiata
2748 739 3078 806 accipimus;
3140 741 3233 795 Dei
3275 746 3418 797 enim
3454 749 3623 814 ipsius

2044 842 2270 896 organa,
2314 830 2598 898 prophetae
2648 830 2881 884 habendi
2933 842 3082 886 sunt.
3133 832 3400 889 Caeterum
3453 838 3622 906 quaeri

2044 929 2238 988 potest,
2273 937 2370 975 cur
2394 926 2456 975 de
2485 924 2601 975 viro
2621 924 2765 977 dicat
2797 924 3100 992 Scriptura,
3134 930 3276 995 quod
3311 930 3623 998 relinquere

2043 1014 2238 1069 debeat
2304 1026 2511 1084 patrem
2557 1028 2914 1086 matremque,
2970 1026 3024 1072 et
3076 1020 3355 1075 adhaerere
3422 1027 3619 1078 uxori:

2043 1106 2267 1174 qttando
2301 1109 2430 1176 ipsa:
2462 1110 2643 1177 potius
2682 1111 2959 1173 mulieres,
2992 1122 3162 1176 patre,
3198 1129 3261 1167 ac
3291 1124 3467 1170 matre
3489 1157 3503 1179 ,
3537 1116 3624 1170 fa-

2046 1198 2305 1267 miliaque
2328 1238 2343 1262 ,
2368 1215 2429 1253 ac
2454 1201 2614 1255 rebus
2630 1201 2744 1255 suis
2763 1204 3016 1256 omnibus
3036 1206 3258 1266 relictis,
3284 1208 3349 1259 ad
3369 1211 3512 1262 viros
3531 1224 3626 1263 ac-

2045 1291 2240 1344 cedunt
2299 1292 2540 1360 ipsisque
2571 1293 2874 1351 adhaerent.
2918 1294 2998 1347 Ad
3044 1295 3149 1349 hoc
3188 1299 3621 1366 respondendum

2042 1391 2146 1445 est,
2183 1381 2369 1435 multis
2410 1382 2464 1435 id
2521 1384 2827 1437 rationibus
2868 1383 2985 1441 fieri
3024 1402 3037 1437 :
3071 1396 3125 1439 et
3155 1386 3283 1455 quia
3323 1389 3401 1440 vir
3432 1391 3624 1443 mulie-

2046 1473 2122 1526 ris
2153 1486 2316 1541 caput
2346 1482 2449 1537 est,
2482 1484 2534 1528 et
2573 1478 2699 1544 quia
2739 1476 2827 1529 ille
2856 1492 2950 1546 per
2984 1478 3296 1547 coojugium
3329 1480 3462 1535 liber
3494 1483 3611 1551 pri-

2045 1578 2194 1617 mum
2250 1565 2432 1619 evadit
2476 1567 2827 1637 solriturque
2866 1570 3037 1637 patria
3072 1579 3340 1637 poti-state
3404 1573 3459 1626 iu
3515 1591 3623 1643 qua

2049 1660 2312 1727 tantisper
2379 1669 2501 1714 erat
2558 1661 2688 1714 dum
2745 1677 2969 1716 uxorem
3036 1664 3260 1718 duceret
3304 1680 3414 1719 :ea
3478 1673 3620 1729 enim

357 1751 437 1801 air
455 1717 657 1817 patrem
682 1768 835 1803 suum
853 1761 901 1803 et
924 1717 1167 1813 matrem,
1189 1760 1237 1803 et
1258 1717 1548 1803 adhwreiiit
1575 1752 1785 1806 mulieri
1804 1717 1934 1808 sitae.
1976 1717 2017 1772 Β
2044 1750 2211 1804 ducta
2238 1751 2356 1818 ipse
2404 1752 2461 1804 fit
2497 1752 2906 1821 paterfamilias.
2948 1753 3012 1808 Et
3038 1757 3163 1825 quia
3206 1773 3311 1810 non
3345 1771 3620 1826 parentem

357 1840 496 1893 Nam
546 1843 653 1896 nisi
705 1843 945 1911 legitimo
1001 1842 1314 1909 nuptiarum
1373 1844 1591 1898 vinculo
1642 1846 1936 1914 coajuncta

357 1932 553 1988 fuisset
589 1935 692 1987 sibi
750 1950 849 1987 sua
902 1934 1126 1997 femina,
1158 1935 1319 2003 plane
1359 1951 1467 1990 non
1521 1946 1768 1992 vocasset
1818 1954 1936 1993 eam

357 2040 515 2080 suam
552 2027 832 2080 mulierem
869 2027 984 2081 sive
1014 2044 1261 2081 uxorem.
1300 2029 1540 2098 Denique
1565 2040 1692 2084 sunt
1719 2032 1938 2101 quidam

358 2119 742 2187 interpretum,
803 2120 919 2189 qui,
976 2119 1121 2183 ltto,
1178 2122 1280 2174 hoc
1331 2133 1436 2186 est,
1485 2124 1770 2177 mulierem
1825 2127 1940 2179 sive

360 2225 587 2265 uxorem
617 2221 860 2265 vocatam
884 2212 1261 2265 trsdantillam
1289 2213 1387 2266 hoc
1405 2223 1588 2284 etymo
1610 2232 1623 2275 ;
1646 2216 1800 2281 quasi
1823 2217 1939 2285 ipsa

357 2309 426 2357 ad
465 2306 723 2357 maritum
752 2321 912 2358 suum
947 2305 1184 2360 dixerit:
1211 2308 1342 2359 Atta
1379 2306 1453 2360 Ta
1482 2307 1671 2371 Zaedi,
1708 2309 1811 2363 hoc
1834 2316 1938 2372 est,

361 2405 415 2448 tu
444 2396 630 2450 accede
657 2404 724 2450 ad
757 2414 857 2459 me,
883 2396 1142 2450 nimirum
1178 2400 1221 2451 si
1251 2399 1384 2454 velis
1410 2400 1545 2453 mihi
1588 2402 1686 2453 rite
1717 2402 1938 2467 sociari,

355 2498 620 2558 paterque
651 2490 946 2544 liberorum
1002 2491 1114 2545 fieri
1163 2494 1521 2547 conservandi
1569 2497 1782 2563 generis
1827 2495 1943 2549 bu-

356 2581 505 2634 ιιιιηὶ
547 2582 739 2650 gratia.
786 2581 1089 2637 Conficitur
1147 2586 1330 2653 itaque
1378 2585 1462 2640 his
1510 2588 1784 2651 omnibus,
1817 2590 1939 2643 ideo

358 2671 527 2725 Evam
564 2673 764 2727 dictam
786 2690 907 2729 esse
934 2674 1067 2741 Itto,
1094 2677 1199 2730 hoc
1228 2686 1329 2739 est.
1358 2678 1639 2732 mulierem
1669 2680 1783 2733 sive
1808 2697 1941 2735 uxo-

357 2778 499 2829 rem,
522 2765 647 2833 quia
675 2766 789 2835 lege
822 2766 938 2819 viro
965 2766 1253 2834 conjuncta
1277 2777 1415 2831 erat,
1442 2782 1742 2838 omnesque
1764 2786 1826 2823 ac
1854 2786 1944 2825 so-

359 2854 443 2909 las
464 2856 696 2911 feminas
713 2860 814 2909 rite
832 2864 1031 2927 nuptas
1060 2858 1151 2912 illo
1185 2856 1765 2928 non‘iinedignasesse,
1781 2870 1945 2932 atque

364 2949 421 3002 in
479 2964 597 3001 eam
650 2951 977 3003 sententiain
1027 2952 1221 3003 Adami
1268 2953 1435 3005 verba
1483 2954 1575 3007 illa
1615 2969 1740 3010 esse
1766 2957 1939 3025 expli—

2043 1858 2162 1897 esse
2192 1844 2285 1897 sed
2312 1859 2542 1914 corpora
2574 1846 2823 1912 miscere,
2856 1856 3099 1916 tempore
3133 1850 3282 1918 prius
3304 1859 3419 1916 est;
3446 1869 3622 1922 neque

2041 1932 2188 1985 enim
2209 1932 2335 2000 quia
2369 1942 2623 2000 parentes
2661 1944 2813 1999 sunt,
2846 1949 3043 1989 venere
3082 1948 3329 2003 utuntur,
3366 1940 3459 1993 sed
3494 1948 3621 2009 qui

2045 2022 2144 2076 hac
2175 2025 2257 2076 usi
2297 2034 2427 2081 sunt
2482 2034 2737 2092 parentes
2784 2026 2942 2081 ilttnt.
2998 2028 3134 2082 Nam
3184 2031 3353 2084 Adam
3410 2042 3464 2085 et
3516 2034 3623 2087 E‘a

2046 2116 2363 2183 priusquam
2401 2118 2611 2169 mutuis
2667 2117 3010 2185 amplexibus
3058 2122 3359 2176 consociati
3416 2137 3619 2191 essent,

2044 2208 2463 2278 haudquaquam
2535 2221 2792 2278 parentes
2852 2213 3212 2279 dicebautur,
3276 2231 3463 2269 verum
3527 2221 3618 2269 ubi

2041 2300 2320 2355 connubio
2351 2304 2710 2357 cohaesissent
2767 2306 3017 2373 filiosque
3068 2322 3472 2376 procreasscnt,
3505 2320 3619 2364 tum

2042 2391 2260 2445 demum
2314 2404 2573 2463 parentes
2621 2405 2748 2449 sunt
2800 2398 2995 2451 merito
3029 2402 3415 2469 cognominati.
3456 2402 3559 2456 Por
3591 2419 3622 2455 ο

2043 2494 2395 2552 posteaquam
2470 2487 2535 2539 de
2574 2487 2793 2540 condita
2854 2486 2965 2541 Eva
3029 2490 3241 2545 locutus
3284 2503 3366 2545 est
3424 2494 3622 2557 illosvs,

2041 2578 2286 2643 procedit
2317 2577 2383 2629 ad
2417 2579 2797 2647 explicandum
2848 2583 3120 2648 quomodo
3169 2585 3334 2638 vitam
3380 2588 3558 2655 agitav
3593 2613 3622 2631 -

2043 2668 2152 2719 rint
2190 2682 2343 2720 suam
2373 2669 2531 2737 primi
2559 2680 2811 2738 parentes
2836 2672 2922 2726 bis
2947 2674 3166 2740 verbis;
3201 2673 3268 2727 Et
3294 2688 3439 2729 erant
3467 2679 3619 2731 ambo

2043 2761 2382 2824 uudi,Adam
2412 2773 2460 2816 et
2492 2780 2629 2816 uxor
2655 2766 2844 2834 ipsius,
2872 2784 3035 2837 neque
3057 2770 3285 2838 pudebat
3319 2773 3476 2839 ipsos.
3511 2772 3616 2825 Sed

2044 2864 2143 2902 cur
2162 2864 2268 2904 nou
2294 2852 2559 2919 pudebat?
2586 2850 2704 2906 Non
2744 2854 2991 2923 profecto
3030 2859 3157 2926 quia
3188 2860 3389 2928 pueruli
3414 2872 3617 2926 essent,

2043 2949 2139 2994 aut
2176 2942 2305 3010 quia
2348 2943 2554 2998 rustica
2602 2947 2952 3017 simplicitate
2999 2958 3163 3018 atque
3215 2952 3618 3020 imprudentia;

364 3039 565 3101 cauda,
615 3043 970 3109 quantumvis
1015 3043 1176 3096 aliam
1226 3058 1336 3112 prae
1366 3060 1424 3099 se
1478 3045 1674 3101 ferant.
1706 3048 1937 3102 Verum-

2047 3029 2198 3085 fucre
2222 3033 2364 3087 enim
2398 3049 2428 3087 a
2462 3034 2574 3089 Deo
2597 3036 2772 3090 ell‘ecti
2802 3047 2962 3092 aetate
2988 3038 3241 3107 juvenili,
3277 3058 3383 3094 non
3403 3044 3619 3111 puerili,

358 3131 639 3183 enimvero
673 3143 800 3185 sunt
839 3131 933 3195 qui
960 3132 1166 3199 dicant,
1200 3139 1306 3188 duo
1346 3135 1447 3190 ista
1486 3137 1728 3202 nomina,
1758 3138 1858 3192 viri
1889 3148 1943 3193 et

360 3224 631 3287 mulieris,
659 3225 804 3279 inter
823 3240 880 3279 se
899 3228 1195 3280 convenire
1224 3229 1275 3281 in
1297 3229 1482 3298 lingua
1506 3227 1751 3293 Hebraea,
1778 3246 1939 3300 quam

358 3315 519 3387 Syra,
551 3325 645 3371 aut
674 3316 885 3384 Graeca,
921 3330 1013 3372 aut
1068 3320 1419 3384 Armeniaca,
1447 3332 1540 3375 aut
1571 3321 1804 3392 denique
1838 3324 1942 3377 alia

360 3411 574 3479 quavis.
634 3410 690 3464 lit
742 3412 831 3465 illa
886 3412 1030 3464 enim
1084 3412 1295 3475 virumj,
1336 3412 1417 3476 Is;
1468 3414 1772 3479 mulierem,
1823 3414 1943 3469 Issa

359 3504 660 3567 enuntiari,
690 3503 832 3573 quod
868 3504 1091 3571 perinde
1146 3516 1229 3559 est
1258 3520 1322 3559 ac
1358 3506 1403 3560 si
1436 3504 1629 3575 Syrus,
1658 3517 1714 3559 ut
1745 3507 1940 3573 virum,

360 3592 558 3654 Gabro.
580 3598 651 3648 ita
670 3596 951 3648 mulierem
977 3595 1193 3648 Gabirto
1213 3607 1366 3652 vocet
1390 3598 1603 3670 (l9),dc
1620 3615 1725 3669 qua
1748 3617 1803 3655 rc
1822 3618 1941 3669 nos,

358 3686 577 3741 volente
596 3685 726 3745 Deo,
747 3687 942 3739 dicturi
964 3703 1157 3741 sumus
1175 3689 1226 3741 in
1253 3705 1316 3742 eo
1336 3689 1759 3756 Commentario,
1779 3708 1939 3761 quem

359 3777 602 3831 scribere
627 3778 1015 3832 constituimus
1050 3779 1103 3832 in
1137 3781 1347 3849 reliqua
1381 3781 1501 3835 libri
1536 3783 1813 3838 Genvseos
1851 3800 1941 3839 ca-

358 3869 493 3939 pita,
528 3869 571 3922 si
599 3870 706 3923 vita
733 3879 972 3939 superet,
1002 3873 1107 3925 erit
1146 3872 1290 3925 cnim
1332 3873 1450 3942 ejus
1481 3877 1773 3929 tractandae
1804 3892 1941 3931 con-

359 3978 531 4031 gruus
568 3962 722 4017 locus
758 3963 848 4015 ubi
877 3963 942 4015 ad
972 3963 1061 4017 illa
1102 3964 1267 4018 verba
1301 3975 1618 4034 perventum
1643 3966 1806 4022 fuerit
1832 3986 1845 4022 :
1871 3967 1943 4021 Et

357 4062 473 4105 erat
500 4052 670 4105 omnis
721 4063 862 4106 terra
892 4055 1087 4123 lingua:
1119 4056 1276 4108 unius
1299 4066 1347 4108 et
1390 4057 1647 4110 sermonis
1674 4057 1929 4125 ejusdem.

359 4142 490 4198 Ideo
533 4146 785 4214 relinquet
817 4147 896 4198 vir
937 4157 1138 4214 patrem
1167 4163 1318 4201 suum
1351 4157 1398 4199 et
1428 4158 1647 4201 matrem
1676 4165 1850 4215 suam,
1890 4160 1939 4204 et

359 4237 646 4291 adhaerebit
665 4240 820 4292 uxori
862 4240 997 4305 (sive
1023 4238 1255 4300 mulieri)
1287 4255 1418 4293 διατι.
1445 4236 1561 4292 Jam
1593 4241 1851 4309 diximus,
1873 4259 1937 4297 ex

359 4329 443 4385 bis
472 4332 647 4385 verbis
681 4331 837 4386 facile
865 4332 1113 4401 intelligi,
1144 4334 1391 4388 mulieris
1412 4348 1606 4387 nomen
1631 4350 1659 4386 a
1697 4334 1936 4404 legitima

2046 3132 2100 3176 et
2128 3126 2437 3190 prudentes,
2469 3142 2577 3181 non
2608 3129 2791 3183 stolidi
2819 3139 2912 3184 aut
2941 3130 3193 3185 inurbani
3218 3149 3233 3197 ;
3260 3134 3351 3188 sed
3375 3134 3495 3188 ideo
3518 3150 3620 3204 pn-

2046 3215 2179 3269 dore
2212 3230 2320 3269 non
2354 3216 2733 3274 adiciebantur
2757 3221 2823 3274 de
2856 3237 2955 3276 sua
2980 3225 3245 3289 nuditate,
3277 3227 3406 3294 quia
3442 3228 3619 3282 adhuc

2046 3320 2155 3358 non
2191 3317 2482 3374 peccaram
2512 3324 2690 3378 neque
2717 3309 3081 3381 deliquerant,
3112 3329 3287 3384 eoque
3322 3317 3466 3370 nulla
3501 3319 3620 3370 ani—

2044 3410 2196 3456 mum
2227 3400 2484 3467 cogitatio
2541 3402 2761 3456 subibat
2816 3420 2938 3460 esse
2995 3406 3233 3477 aliquam
3288 3410 3338 3463 in
3382 3412 3623 3466 nuditate

2042 3490 2281 3557 culpam.
2333 3490 2599 3546 Praeterea
2650 3495 2831 3549 amicti
2881 3508 3037 3552 erant
3095 3501 3292 3570 gloria,
3340 3514 3503 3572 atque
3538 3504 3624 3558 id-

2044 3582 2195 3641 circo
2250 3598 2359 3637 non
2412 3588 2920 3643 verecundabantur
2980 3609 2994 3644 :
3045 3593 3187 3646 sicut
3255 3597 3401 3648 enim
3458 3596 3623 3652 Mosis

2044 3673 2243 3729 faciem
2303 3678 2474 3747 gloria
2531 3689 2837 3735 contectam
2898 3682 3100 3737 intueri
3164 3701 3270 3740 non
3326 3699 3620 3757 potuerunt

2044 3767 2305 3821 lsraelita:
2322 3768 2391 3836 ”,
2408 3781 2462 3824 et
2482 3772 2609 3825 utin
2634 3773 2801 3827 solem
2822 3773 2955 3829 stola
2975 3776 3158 3844 gloria:
3180 3782 3432 3832 vestitum
3461 3796 3619 3834 mor-

2044 3860 2180 3914 tales
2203 3863 2488 3917 oculorum
2516 3865 2685 3919 aciem
2715 3867 2994 3923 intendere
3020 3882 3326 3938 nequeunt;
3361 3885 3620 3941 praeter-ca

2041 3963 2101 4007 ut
2138 3969 2341 4024 corpus
2379 3956 2593 4011 Domini
2650 3970 2969 4029 coopertum
3005 3962 3201 4030 gloria,
3235 3967 3402 4020 solem
3438 3968 3615 4038 ipsum

2042 4044 2255 4116 fulgore
2278 4050 2621 4118 caudoreque
2644 4052 2937 4119 superabat
2960 4067 3082 4105 cum
3110 4055 3163 4106 in
3191 4067 3426 4110 montem
3452 4075 3510 4112 se
3534 4076 3618 4112 re-

2042 4140 2277 4207 cepissrt
2319 4141 2437 4207 '°'°,
2460 4144 2693 4208 denique
2721 4154 2781 4197 ut
2809 4146 2979 4214 ipsius
3005 4147 3307 4204 divinitatis
3333 4152 3618 4205 vestimen-

2043 4239 2153 4283 tum
2180 4233 2471 4300 spectabile
2503 4250 2609 4287 non
2641 4245 2723 4290 est
2751 4254 2765 4295 :
2798 4238 2870 4289 ita
2890 4239 3060 4292 Adam
3095 4239 3315 4309 Evaque
3332 4244 3455 4309 quia
3490 4258 3611 4298 vcs-

2043 4321 2129 4375 titi
2153 4332 2309 4375 erant
2334 4324 2522 4391 gloria,
2544 4326 3227 4394 nihil,verccundabantur.
3247 4332 3379 4387 Nam
3400 4337 3614 4392 nuditas

367 4424 756 4492 conjunctioac
777 4440 885 4493 qua
920 4424 1036 4477 viro
1068 4424 1309 4479 sociatur
1331 4464 1345 4488 ,
1384 4425 1590 4480 dictant
1630 4443 1772 4481 esse.
1804 4427 1936 4482 Nam

2043 4426 2103 4467 ea
2131 4411 2200 4465 de
2232 4428 2337 4481 qua
2376 4415 2461 4467 hic
2525 4413 2702 4471 Moses
2736 4420 2867 4488 agit,
2901 4421 2966 4472 ad
3019 4431 3221 4476 vestem
3254 4436 3461 4495 spectat
3509 4444 3612 4482 non

361 4528 428 4567 eo
459 4526 670 4583 spectat
695 4518 841 4584 quod
880 4515 968 4568 hic
1021 4515 1175 4581 dicit,
1214 4517 1390 4570 virum
1441 4518 1513 4571 ita
1570 4519 1785 4572 mulieri
1820 4536 1947 4573 mu-

362 4616 514 4661 tuum
554 4610 831 4661 coharrere
857 4607 1078 4672 debere,
1116 4618 1175 4661 ut
1206 4620 1416 4677 patrem
1450 4620 1793 4680 matremque
1831 4612 1933 4666 sibi

357 4713 472 4766 prae
520 4698 607 4750 illa
642 4697 976 4753 dcserendos
1031 4707 1256 4751 statuat.
1306 4698 1375 4751 Et
1412 4708 1565 4753 erunt
1610 4701 1765 4754 ambo
1810 4717 1935 4754 caro

358 4806 487 4843 uua.
520 4788 705 4844 Multis
734 4790 912 4844 modis
940 4791 1022 4845 vir
1051 4800 1106 4845 et
1141 4807 1278 4845 uxor
1319 4808 1424 4846 una
1453 4807 1581 4846 caro
1604 4803 1927 4847 censentur:

354 4895 454 4950 per
481 4879 722 4949 conjugii
750 4880 1234 4948 necessitudinem,
1265 4896 1362 4951 per
1390 4882 1639 4935 sobolem
1664 4880 1932 4935 ambobus

358 4988 704 5027 communem
727 4988 742 5038 ;
770 4973 1003 5040 denique
1021 4987 1085 5027 eo
1104 4973 1269 5027 etiam
1299 4975 1445 5042 quod
1468 4974 1707 5043 parentis
1731 4974 1933 5044 liliique

355 5065 498 5119 ratio
529 5080 593 5119 ex
628 5064 747 5134 ipsa
798 5065 1033 5120 muliere
1070 5066 1302 5135 pendeat
1339 5074 1503 5135 atque
1527 5070 1699 5119 ex'ea
1729 5068 1936 5121 consti-

357 5166 564 5221 tuatur,
584 5166 850 5227 quantum
875 5157 941 5211 ad
980 5158 1089 5228 ipsa
1116 5172 1343 5227 corpora
1376 5172 1495 5227 qua:
1515 5158 1932 5227 progignuntur,

358 5250 619 5317 pertinet.
654 5248 731 5303 Ex
763 5249 1041 5304 connubio
1075 5250 1220 5302 enim
1257 5250 1359 5302 viri
1406 5249 1761 5319 mulierisque
1791 5250 1849 5304 ﬁt
1877 5261 1934 5304 ut

360 5338 638 5405 concipiat
678 5338 968 5407 pariatque
1022 5338 1220 5392 mulier
1254 5357 1268 5391 :
1298 5338 1408 5407 jam
1438 5353 1568 5392 vero
1615 5355 1710 5409 per
1740 5356 1933 5396 conce-

356 5434 505 5496 ptum
542 5443 870 5503 partumque
900 5442 1156 5503 parentes
1192 5443 1246 5489 et
1274 5432 1365 5486 lilii
1407 5432 1733 5490 efﬁciuntur.
1762 5433 1931 5489 Porro

353 5530 562 5573 certum
593 5530 700 5588 est,
732 5525 998 5578 Adamum
1038 5524 1152 5579 hazc
1178 5524 1341 5579 verba
1374 5540 1469 5594 per
1498 5526 1816 5581 vaticinium
1858 5541 1924 5581 ex

426 5658 472 5689 "
499 5655 519 5710 l
545 5658 671 5712 Cor.
704 5674 798 5719 vn,
838 5660 860 5712 Ι
909 5675 1062 5732 seqq.
1138 5662 1184 5697 ’³
1213 5662 1404 5725 Matth.
1435 5680 1523 5727 nx
1550 5703 1565 5729 ,
1597 5663 1652 5731 ι,
1688 5663 1742 5717 ὃ.
1818 5665 1862 5695 ’³
1894 5663 1934 5718 l3

2050 5703 2063 5716 .
2106 5680 2284 5730 xxxiv,
2312 5666 2401 5721 99.

2043 4504 2171 4560 item
2212 4508 2277 4559 ad
2335 4508 2561 4575 gloriam
2614 4526 2720 4578 qua
2778 4512 2943 4565 etiam
3011 4523 3123 4566 tum
3165 4519 3400 4570 contecti
3434 4527 3608 4573 erant.

2042 4596 2269 4665 Insuper
2330 4606 2414 4652 est
2473 4599 2563 4653 ubi
2641 4603 2857 4655 nuditas
2926 4605 3153 4672 pudoris
3244 4621 3464 4661 sensum
3517 4626 3613 4679 ge-

2044 4698 2239 4754 neret;
2270 4700 2356 4744 est
2405 4692 2573 4745 etiam
2625 4694 2715 4746 ubi
2773 4693 2921 4747 nulla
2973 4697 3316 4750 verecundia:
3361 4700 3615 4767 cogitatio

2041 4780 2288 4835 animum
2323 4783 2393 4836 ob
2421 4785 2718 4839 nuditatem
2750 4788 2961 4841 subeat.
2993 4788 3143 4843 Illius
3181 4794 3486 4859 exemplum
3521 4791 3613 4845 ha-

2043 4872 2237 4929 bemus
2267 4876 2319 4927 in
2351 4876 2563 4929 Adamo
2603 4887 2767 4946 atque
2800 4878 2931 4943 Eva,
2952 4883 3042 4948 qui
3090 4890 3447 4952 posteaquam
3481 4884 3614 4937 dili-

2042 4968 2309 5035 quissent,
2334 4970 2721 5025 existimabant
2743 4987 2897 5025 suam
2924 4974 3029 5027 sibi
3090 4976 3385 5029 nuditatem
3418 4976 3612 5045 pudori

2042 5072 2164 5113 esse
2180 5058 2378 5114 debere
2403 5079 2416 5127 ;
2443 5062 2604 5132 hujus
2625 5078 2753 5117 vero
2780 5064 2831 5115 in
2869 5065 3129 5134 puerulis,
3150 5081 3289 5133 quos
3303 5068 3431 5119 nihil
3450 5069 3616 5135 pudet

2040 5162 2163 5202 esse
2198 5151 2410 5216 nudos;
2451 5153 2590 5207 idem
2645 5154 2862 5218 accidit,
2924 5170 3049 5209 cum
3082 5171 3166 5209 res
3209 5157 3323 5223 ipsa
3352 5158 3539 5223 pudor.
3563 5170 3612 5207 ιη

2044 5239 2097 5293 in
2129 5257 2189 5295 se
2240 5242 2445 5299 nullum
2508 5244 2689 5311 habet,
2740 5246 2905 5299 veluti
2944 5260 3069 5300 cum
3114 5247 3240 5315 quis
3284 5253 3515 5304 secreto.
3563 5254 3616 5297 ct

2041 5335 2246 5403 absque
2297 5336 2548 5396 testibus,
2600 5351 2659 5391 se
2682 5336 2923 5391 vestibus
2953 5338 3098 5391 exuit
3136 5353 3151 5401 ;
3210 5336 3267 5388 tit
3313 5336 3413 5389 hoc
3450 5336 3611 5389 etiam

2040 5429 2199 5499 longa
2239 5431 2638 5486 consuetudine
2681 5432 2966 5502 magistra,
3013 5430 3157 5485 sicut
3195 5429 3263 5487 iis
3312 5429 3494 5484 evenit
3522 5427 3615 5496 qui

2045 5523 2265 5578 assidue
2300 5524 2353 5578 in
2382 5523 2592 5579 balneis
2625 5524 2752 5579 nudi
2802 5533 3111 5579 versantur.
3145 5520 3387 5591 Denique
3412 5520 3500 5575 ubi
3540 5525 3614 5578 rei

2503 5666 2596 5697 '-"
2618 5666 2800 5723 Matth.
2835 5666 3009 5732 xvtt,l
3050 5678 3205 5734 seqq.

434 5750 550 5817 (19)
580 5750 674 5810 Vel
702 5751 747 5810 si
781 5750 1012 5811 Latinus
1042 5754 1226 5813 virum
1268 5756 1416 5816 dicat
1461 5756 1775 5822 hominem;
1817 5757 2103 5813 mulierem
2137 5774 2286 5827 vero,
2324 5760 2624 5817 hominem.
