4100 6212
402 264 507 334 529

1528 264 1627 323 DE
1669 263 2065 327 PARADISO.
2108 286 2175 296 —
2220 261 2412 319 PARS
2452 259 2496 316 ῐ.

3543 251 3648 315 550

399 375 703 435 necessitas
739 372 981 446 quantum
1050 371 1337 435 incumbit,
1370 371 1535 426 veluti
1560 371 1604 427 si
1636 371 1760 442 quis
1797 370 1978 439 ulcere

2093 404 2165 443 tes
2201 398 2363 450 esset,
2420 397 2584 457 atque
2639 383 2765 439 inde
2821 393 3036 453 captato
3061 383 3277 437 fallendi
3331 394 3658 450 argumento

398 468 605 522 laboret
638 466 690 520 in
724 480 785 519 ea
819 465 1067 532 corporis
1100 472 1253 533 parte
1300 478 1461 532 quam
1513 463 1715 532 alioqui
1770 463 1977 529 absque

399 560 611 631 pudore
641 573 749 613 non
777 565 1016 627 relegat;
1044 556 1158 626 ipsa
1187 567 1363 611 tamen
1383 555 1705 609 necessitate
1727 554 1974 616 adactus,

398 666 517 705 eam
565 658 731 703 exuto
777 645 1005 715 pudore,
1051 646 1258 700 medico
1298 645 1489 717 aperit.
1533 642 1677 698 Duas
1718 642 1878 715 igitur
1907 642 1976 694 ob

404 758 488 796 res
519 757 626 795 non
670 737 1179 794 verecundabantnr
1214 737 1383 793 Adam
1409 745 1460 789 et
1497 736 1601 788 Eva
1633 750 1755 788 cum
1795 742 1981 789 essent

397 834 559 901 nudi;
599 843 649 888 ct
688 833 814 902 quia
864 832 1045 886 amicti
1101 840 1256 886 erant
1295 829 1488 897 gloria,
1538 838 1592 883 et
1619 828 1748 897 quia
1796 825 1977 880 adhuc

395 942 503 982 nou
537 927 905 995 deliquerant.
932 922 1067 978 Nam
1110 933 1159 976 ct
1203 923 1255 977 in
1291 923 1468 975 futuro
1502 920 1707 974 mundo
1730 920 1977 976 sublatus

396 1019 502 1075 erit
536 1017 716 1071 omnis
751 1014 927 1086 pudor
976 1030 1040 1068 ex
1089 1012 1424 1079 hominibus,
1473 1013 1567 1082 qui
1620 1029 1683 1065 ex
1731 1014 1978 1065 nuditate

395 1111 572 1180 possit
599 1108 784 1179 gigni;
842 1117 955 1162 tum
987 1105 1113 1175 quia
1146 1104 1325 1161 vestiti
1385 1114 1545 1158 erunt
1602 1105 1775 1172 gloria
1828 1103 1975 1173 quali

395 1214 514 1258 erat
545 1203 768 1254 indutus
810 1199 1049 1253 Adamus
1084 1208 1247 1266 atque
1306 1196 1479 1268 ipsius
1513 1212 1649 1249 uxor
1684 1194 1792 1249 Era
1837 1196 1978 1248 inter

396 1298 622 1353 arbores
653 1304 946 1366 antequam
987 1293 1281 1349 violassent
1304 1294 1619 1347 mandatum
1647 1308 1662 1358 ;
1697 1300 1811 1344 tum
1845 1291 1971 1359 quia

404 1390 521 1458 ipsa
549 1388 774 1456 pudoris
824 1400 1010 1447 causa,
1042 1394 1321 1456 peccatum
1356 1383 1683 1440 dissolutum
1719 1384 1822 1437 erit
1852 1382 1975 1436 irri-

399 1490 642 1550 tumque.
694 1479 961 1531 Caeterum
1018 1477 1176 1530 divus
1232 1476 1407 1531 Moses
1453 1477 1582 1531 dum
1635 1484 1973 1545 perseverat,

398 1572 665 1627 Adamum
741 1569 1018 1639 Erantque
1084 1569 1218 1622 nihil
1276 1568 1537 1638 puduisse
1600 1584 1715 1623 suae
1760 1568 1976 1623 nudita-

398 1664 468 1718 tis
506 1663 614 1735 (20)
648 1682 660 1717 :
686 1660 894 1718 confert
925 1664 973 1715 id
1010 1662 1267 1715 saeculum
1300 1676 1405 1730 quo
1434 1677 1496 1715 ea
1526 1662 1821 1727 scribebat,
1848 1677 1972 1719 eum

400 1771 467 1811 eo
488 1772 595 1825 qui.
649 1754 721 1808 illi
754 1754 903 1809 luere
936 1755 1201 1825 procreati
1230 1769 1261 1807 a
1295 1753 1425 1816 Deo,
1454 1753 1609 1823 quasi
1642 1754 1785 1810 dicat
1817 1772 1834 1810 :
1863 1753 1976 1823 Non

404 1860 463 1904 ut
488 1851 598 1921 jam
634 1850 827 1903 videtis
852 1848 1101 1902 homines
1131 1848 1200 1901 ob
1248 1846 1546 1901 nuditatem
1574 1848 1783 1917 pudore
1816 1846 1979 1913 allici,

406 1946 479 1999 ita
512 1945 722 1999 Atlante
756 1940 987 2010 iamque
1041 1939 1269 2005 accidit;
1310 1954 1483 2009 neque
1538 1941 1684 2001 enim
1725 1940 1846 1997 illos
1881 1957 1983 2010 pu-

405 2034 520 2087 duit
549 2032 617 2087 ob
649 2031 787 2086 duas
821 2046 941 2099 qua:
973 2031 1130 2087 dictae
1184 2030 1297 2101 jam
1336 2042 1457 2084 sunt
1515 2033 1774 2088 rationes.
1808 2031 1983 2089 Porro

404 2127 647 2179 absoluto
678 2138 929 2180 sennonc
970 2123 1036 2178 de
1080 2132 1264 2178 creato
1311 2124 1522 2178 Adamo
1553 2123 1797 2195 Evaque,
1829 2136 1883 2182 et
1918 2114 1985 2182 a5

406 2218 525 2269 vitae
557 2215 798 2284 ipsetum
838 2216 1108 2278 instituto,
1138 2214 1311 2284 pergit
1345 2214 1502 2269 divus
1530 2214 1705 2273 Moses
1736 2234 1981 2273 comme-

407 2321 619 2360 morare
648 2304 892 2358 l'raudcm
918 2319 1023 2375 qua
1056 2303 1262 2357 seducti
1293 2314 1422 2358 sunt
1456 2322 1483 2357 a
1517 2315 1685 2370 recto,
1720 2308 1981 2363 nimirum

411 2410 466 2451 ut
495 2415 595 2453 nos
627 2399 819 2453 doceat
844 2413 907 2451 ex
941 2407 1144 2469 quanta
1186 2397 1435 2453 libertate
1482 2398 1533 2452 in
1570 2414 1731 2467 quam
1765 2416 1983 2471 gravent

406 2488 609 2556 delapsi
671 2490 987 2541 servitutem
1066 2500 1159 2557 per
1221 2497 1527 2557 peceatum,
1578 2488 1876 2557 inquiens:
1920 2492 1986 2544 lit

406 2595 617 2647 serpens
649 2579 878 2631 ttslutior
926 2586 1041 2631 erat
1076 2579 1217 2632 omni
1271 2577 1436 2633 bestia
1471 2582 1623 2649 agri,
1662 2597 1820 2651 quam
1864 2582 1989 2650 θίγοι

407 2681 549 2725 serat
590 2672 845 2725 Dominus
905 2670 1073 2725 Deus.
1116 2668 1257 2724 Num
1300 2672 1367 2725 de
1401 2682 1689 2740 carporato
1738 2684 1989 2743 Serpeute

414 2762 502 2817 hic
534 2773 660 2829 agat
709 2764 867 2819 divus
901 2761 1099 2824 Μοδιτε,
1131 2777 1199 2814 an
1230 2776 1356 2816 vero
1386 2762 1453 2818 de
1508 2762 1710 2818 Satana
1753 2764 1845 2832 qui
1876 2781 1992 2820 ser-

408 2856 559 2925 penti
586 2855 783 2909 similis
806 2855 1155 2925 apparuerit;
1184 2866 1262 2920 ct,
1294 2854 1340 2909 si
1370 2854 1599 2911 Satanas
1640 2856 1693 2913 in
1723 2860 1991 2926 serpentis

407 2964 608 3017 corpus
634 2964 689 3004 se
721 2947 1043 3015 insinuerat,
1072 2948 1228 3015 cujus
1250 2947 1464 3017 generis
1488 2946 1718 3007 fueritis
1743 2964 1988 3019 serpens;

2081 486 2352 539 adversus
2389 484 2562 550 ipsam
2619 478 2951 534 abuteretur.
3012 474 3121 530 Nos
3182 488 3345 543 porro
3381 482 3659 543 putamus.

2080 578 2350 645 cujusque
2418 575 2611 629 harum
2697 571 2929 624 duarum
3010 577 3279 623 sectarum
3338 566 3660 619 sententiam

2081 667 2286 720 versari
2318 667 2370 719 in
2406 666 2579 719 tribus
2602 664 2753 719 hisee
2776 660 3168 731 quiestionibus
3201 666 3412 725 :tutrum
3442 659 3660 710 condita

2080 755 2151 811 sit
2192 755 2298 809 Eva
2327 755 2491 810 simul
2522 771 2645 810 cum
2698 755 2929 817 Adamo,
2957 768 3024 806 an
3058 762 3180 820 post
3213 768 3227 816 ;
3259 749 3474 813 deinde,
3504 764 3663 801 acce-

2080 849 2295 917 peritne
2323 863 2432 901 una
2472 862 2598 900 cum
2630 845 2836 899 Adamo
2892 844 3205 897 mandatum
3261 841 3390 899 illud
3424 840 3494 894 ah
3544 842 3666 908 ipso

2082 938 2213 999 Deo.
2249 954 2317 991 an
2366 953 2497 991 vero
2541 948 2664 1006 post
2713 938 2783 992 ab
2834 936 3044 990 Adanto
3075 950 3091 989 :
3119 934 3351 1002 denique
3387 935 3527 987 sitne
3574 946 3665 997 per

2080 1047 2267 1085 vocem
2300 1045 2422 1099 qua:
2459 1031 2512 1083 in
2542 1045 2763 1084 sensum
2811 1032 3053 1091 caderet,
3095 1030 3220 1083 data
3249 1029 3333 1083 lex
3363 1044 3426 1081 ea
3473 1044 3502 1081 a
3535 1028 3665 1089 Deo,

2083 1139 2151 1177 an
2188 1139 2315 1176 vero
2351 1123 2557 1190 absque
2594 1136 2727 1176 voce
2775 1123 2943 1174 menti
2991 1121 3279 1190 impressa,
3315 1119 3659 1186 coguoscibi-

2084 1216 2259 1284 lisque
2294 1214 2503 1270 reddita
2540 1231 2554 1267 :
2587 1228 2650 1268 ac
2686 1214 2915 1283 proinde
2954 1228 3244 1267 censemus
3274 1213 3371 1266 has
3400 1212 3663 1281 quaestio.

2084 1322 2181 1361 nes
2209 1317 2463 1362 accurate
2512 1306 2896 1375 expenden'das
2933 1320 3054 1359 esse
3089 1289 3409 1375 priusquam
3460 1306 3526 1358 de
3558 1304 3662 1357 illis

2082 1400 2372 1456 sententiis
2404 1409 2548 1453 recte
2584 1400 2765 1468 possis
2794 1400 3130 1452 existimare.

2156 1488 2417 1540 Historia!
2452 1487 2645 1539 Adami
2683 1487 2830 1539 ordo.
2855 1516 2923 1525 —
2948 1486 3111 1555 Igitur
3131 1485 3391 1539 Dominus
3426 1483 3661 1555 Ephrem

2081 1587 2135 1632 et
2164 1578 2255 1647 qui
2291 1594 2417 1631 cum
2454 1579 2573 1646 ipso
2610 1579 2855 1631 sentiunt
2887 1578 3214 1645 interpretes
3247 1577 3337 1629 alii
3391 1576 3508 1644 ipso
3540 1576 3663 1628 lreti
3694 1624 3695 1627 η

2085 1667 2379 1739 Scriptura:
2402 1667 2589 1721 t'enore
2616 1668 2869 1738 serieque
2900 1669 3070 1731 ducti,
3102 1668 3290 1720 dicunt
3314 1667 3490 1736 primo
3521 1666 3664 1718 Ada—

2084 1776 2231 1816 mum
2268 1776 2390 1816 esse
2417 1759 2697 1814 conditum
2727 1769 2875 1813 extra
2915 1760 3251 1828 paradisum,
3290 1768 3342 1812 et
3374 1758 3569 1813 deinde
3609 1758 3663 1813 in

2089 1854 2407 1922 paradisum
2444 1852 2814 1906 introductum
2850 1852 3128 1919 accepisse
3152 1867 3180 1903 a
3205 1850 3312 1904 Deo
3343 1852 3663 1904 mandatum

2084 1960 2152 1999 ne
2183 1955 2492 1999 t'esceretur
2545 1942 2743 1996 arbore
2795 1942 3167 2010 cognitionis,
3229 1951 3350 2011 post
3402 1942 3666 1997 indidisse

2086 2037 2306 2091 nomina
2337 2035 2727 2097 animantibus,
2755 2050 2819 2087 ac
2848 2044 2977 2087 tunc
3005 2033 3222 2087 domum
3263 2031 3667 2087 ronlonnatam

2084 2134 2205 2183 esse
2239 2126 2404 2179 Evam
2451 2143 2517 2180 ex
2564 2128 2737 2195 ipsius
2778 2140 3026 2194 corpore,
3083 2134 3248 2192 atque
3283 2124 3348 2178 de
3402 2134 3671 2193 pra-cepto

2086 2220 2336 2276 edoctum
2364 2221 2430 2274 ab
2458 2220 2575 2287 ipso
2608 2216 2817 2270 Adamo
2844 2230 2975 2269 voce
3006 2214 3276 2283 ejusmodi
3330 2230 3447 2285 que
3490 2214 3668 2268 audiri

2087 2325 2287 2384 posset,
2318 2327 2548 2379 eamque
2585 2323 2771 2363 vocem
2815 2307 3106 2361 exaudisse
3153 2305 3409 2360 Satanam
3442 2322 3562 2361 cum
3597 2305 3665 2359 sd

2089 2421 2314 2460 uxorem
2348 2406 2665 2475 loqueretur
2688 2403 2968 2466 Adamus;
3014 2401 3195 2469 itaque
3227 2398 3485 2453 Satanam
3519 2415 3674 2453 man-

2089 2495 2199 2550 dati
2219 2496 2440 2549 minime
2463 2496 2737 2564 ignarum,
2763 2493 2855 2549 sed
2887 2493 3024 2546 bene
3048 2492 3327 2546 conscium
3355 2507 3669 2561 aggressurn

2090 2604 2213 2643 esse
2253 2587 2441 2643 Eram.
2495 2601 2727 2655 eamque
2784 2595 2969 2652 pacate
3015 2588 3424 2653 interrogasse:
3476 2583 3670 2639 Verene

2090 2681 2226 2733 dixit
2262 2679 2397 2732 Deus
2436 2697 2453 2743 ;
2489 2676 2570 2730 Ne
2600 2679 2939 2731 comederetis
2969 2676 3031 2728 de
3066 2677 3344 2730 arboribus
3392 2678 3675 2746 paradisi?

2093 2773 2353 2825 nimirum
2384 2780 2439 2823 tit
2470 2786 2530 2823 ca
2569 2770 2670 2824 sibi
2708 2768 3136 2839 interrogatione
3167 2769 3375 2822 aditum
3412 2769 3477 2822 ad
3504 2770 3674 2823 collo-

2094 2862 2287 2932 quium
2321 2867 2559 2929 pararet.
2584 2857 2905 2911 Theodorus
2944 2872 3070 2911 vero
3115 2866 3170 2910 et
3212 2857 3331 2926 ejus
3371 2868 3673 2931 sectatores

2098 2954 2271 3012 aiunt.
2306 2950 2470 3004 simul
2503 2949 2776 3001 Adamum
2806 2962 2927 3000 esse
2966 2947 3247 3000 conditum
3279 2955 3333 3000 et
3370 2928 3529 2999 Evam
3571 2947 3673 3017 ipsi

409 3052 669 3110 praeterea
701 3040 935 3110 pedesne
966 3039 1218 3094 habuerit
1244 3055 1311 3093 an
1348 3039 1573 3095 minime
1600 3041 1687 3094 ille
1728 3056 1989 3112 serpens;
2018 3068 2063 3125 ο
2096 3045 2395 3100 detractam
2430 3042 2620 3095 eodem
2650 3054 2758 3109 quo
2781 3052 2998 3093 creatus
3024 3049 3136 3090 erat
3165 3038 3304 3104 loco,
3340 3048 3501 3107 atque
3535 3040 3677 3094 hanc

411 3143 464 3189 et
499 3150 617 3205 quae
662 3135 767 3187 huc
794 3141 1041 3204 spectant
1073 3133 1199 3196 alia,
1224 3131 1433 3200 pridem
1460 3140 1590 3185 sunt
1620 3148 1647 3187 a
1681 3132 1840 3188 nobis
1871 3135 1992 3189 dili-

411 3236 597 3297 gcnter
622 3233 972 3294 pertractata.
995 3224 1555 3279 Commemoravimus
1572 3225 1734 3279 etiam
1760 3240 1859 3279 cur
1874 3242 1991 3280 ser-

410 3330 625 3387 peutem
657 3321 973 3372 astutiorem
1010 3318 1229 3382 dixerit,
1268 3333 1374 3371 non
1413 3319 1817 3386 prudentiorem
1861 3335 1993 3373 cun-

410 3414 514 3468 ctis
544 3412 731 3466 bestiis
781 3411 922 3480 agri.
982 3411 1059 3465 De
1102 3410 1189 3465 his
1232 3410 1378 3465 enim
1445 3411 1703 3466 omnibus
1742 3414 1990 3480 egimus,

415 3518 532 3573 cap.
564 3504 653 3568 Ξῖ,
685 3505 1086 3574 (ιιιωδιίοηίιηιδ
1107 3506 1292 3562 decem
1320 3508 1373 3559 in
1413 3508 1647 3562 medium
1673 3509 1991 3579 propositis.

485 3599 565 3647 An
592 3592 827 3648 Satanas
869 3596 1125 3650 audiverit
1160 3596 1326 3651 Deum
1368 3598 1574 3651 Atlanta
1604 3601 1992 3668 prtvcipientem

416 3703 479 3745 ne
510 3689 830 3742 concederet.
860 3718 928 3727 —-
962 3687 1029 3741 Et
1064 3691 1138 3743 ait
1172 3704 1380 3757 serpens
1411 3691 1478 3743 ad
1514 3693 1781 3744 mulierem
1812 3708 1831 3746 :
1869 3692 1994 3751 Vere

415 3781 810 3847 dixitDeus,ne
842 3781 1176 3838 comederetis
1202 3783 1268 3835 de
1322 3782 1561 3837 omnibus
1595 3784 1870 3840 arboribus
1898 3803 1995 3855 pa-

420 3880 608 3938 radisi.
646 3880 894 3934 Dubitari
929 3888 1126 3949 potest,
1170 3894 1238 3933 an
1275 3879 1511 3932 audierit
1559 3880 1807 3934 diabolus
1838 3897 1993 3935 nian-

416 3970 601 4025 datum
653 3972 951 4039 legemque,
985 3986 1106 4041 quae
1130 3969 1271 4024 Deus
1325 3970 1536 4025 Adamo
1586 3971 1992 4039 imperaverat:

416 4078 655 4132 cumque
682 4064 905 4117 minime
936 4063 1214 4132 ignoraret
1243 4062 1386 4131 quod
1419 4078 1505 4116 res
1536 4072 1674 4125 erat,
1704 4064 1902 4118 dixerit
1927 4068 1992 4120 ad

421 4154 678 4208 leminam
716 4170 730 4206 :
779 4151 904 4206 Vere
955 4154 1029 4207 ait
1061 4153 1195 4209 Deus
1224 4194 1238 4218 ,
1273 4170 1334 4207 ne
1382 4154 1737 4218 comederetis,
1762 4165 1890 4222 etc.,
1924 4174 1991 4211 an

421 4262 552 4302 vero
581 4247 866 4316 suspicans
892 4247 1051 4300 modo
1066 4246 1236 4316 legere
1265 4246 1338 4299 illi
1361 4262 1391 4299 a
1411 4245 1520 4300 Deo
1541 4248 1772 4316 positam
1797 4246 1992 4317 fuisse,

422 4340 778 4409 mulierisque
820 4340 1063 4393 animum
1114 4348 1350 4404 tentans,
1384 4340 1473 4393 illa
1511 4340 1578 4393 ad
1624 4341 1797 4409 ipsam
1830 4344 1991 4396 verba

2097 3154 2203 3192 una
2235 3136 2359 3191 inde
2395 3136 2446 3189 in
2476 3134 2801 3203 'paradisum
2834 3148 2957 3185 eum
3012 3132 3104 3185 illo
3152 3146 3274 3185 esse
3323 3132 3673 3195 subdurum,

2096 3246 2313 3302 unaque
2343 3230 2513 3299 legent
2551 3227 2828 3296 accepisse
2871 3225 2938 3278 ab
2968 3227 3086 3294 ipso
3134 3223 3274 3289 Deo;
3313 3240 3417 3276 non
3450 3226 3668 3294 quidem

2093 3341 2225 3382 περ
2264 3341 2386 3393 qua:
2437 3322 2693 3376 audiendi
2752 3334 2975 3373 sensum
3036 3329 3300 3382 movetet,
3358 3318 3546 3385 latam,
3578 3324 3670 3374 sed

2096 3418 2265 3470 menti
2296 3417 2538 3485 ipsorum
2567 3414 2888 3481 impressam
2914 3412 3406 3480 consignatamque
3432 3412 3668 3481 quodam

2095 3506 2464 3577 cognoscendi
2500 3504 2683 3557 modo.
2731 3500 2865 3555 Nam
2899 3502 3061 3555 simul
3094 3502 3309 3571 utrique
3344 3504 3511 3573 legent
3536 3503 3677 3557 hane

2095 3602 2452 3671 imperavisse
2509 3598 2700 3663 Deum,
2735 3598 2816 3651 vel
2865 3597 2991 3652 inde
3038 3613 3097 3652 se
3140 3598 3496 3667 cotuprobare
3541 3599 3676 3652 satis

2094 3712 2257 3765 posse
2281 3702 2497 3764 putant,
2522 3693 2673 3763 quod
2710 3694 2974 3763 scriptum
3013 3695 3125 3747 sit:
3166 3691 3465 3745 Mart-tilum
3499 3705 3548 3746 et
3600 3695 3677 3765 [e-

2096 3790 2292 3841 minent
2319 3790 2511 3841 crearit
2546 3804 2669 3853 eos;
2706 3786 3260 3841 item:Dominmnini
3292 3780 3530 3856 piscibus
3562 3805 3677 3840 nta-

2097 3883 2192 3947 ris,
2232 3894 2281 3935 et
2315 3882 2615 3935 volucribus
2643 3882 2776 3945 caeli,
2818 3896 2939 3949 qua:
2996 3881 3192 3949 plurali
3253 3895 3479 3934 numero
3531 3880 3674 3935 dicta

2094 3984 2244 4030 sunt.
2278 3972 2567 4037 Prarterea,
2601 3972 2727 4041 quia
2754 3973 2861 4025 Era
2896 3974 2965 4023 ob
2993 3970 3223 4024 fractam
3280 3972 3450 4041 legem
3505 3973 3677 4041 magis

2096 4068 2260 4122 etiam
2292 4065 2620 4134 culpabatur
2645 4078 2809 4133 quam
2838 4062 3675 4129 Adatn.Nequeveroabsutdum

2095 4170 2199 4226 est,
2225 4162 2269 4214 si
2311 4161 2424 4215 hac
2465 4167 2559 4212 aut
2586 4158 2673 4211 illa
2710 4172 2832 4226 qua:
2863 4156 2928 4208 ad
2961 4155 3228 4207 Adamum
3274 4156 3433 4208 modo
3462 4156 3678 4209 loeutus

2097 4252 2270 4305 videri
2298 4258 2477 4321 patest
2506 4249 2675 4313 Deus,
2701 4263 2763 4301 ea
2795 4246 2897 4301 sub
2927 4246 3054 4299 Adae
3078 4260 3308 4313 persona
3364 4245 3430 4296 ad
3464 4253 3679 4298 utrum-

2101 4358 2208 4412 que
2256 4343 2499 4411 ipsorum
2536 4340 2679 4397 dicta
2725 4347 3002 4406 putemus.
3056 4334 3188 4387 Nam
3229 4336 3372 4404 quod
3413 4340 3676 4404 scriptum

423 4433 612 4490 fecerit
636 4434 924 4489 Dominus.
972 4433 1231 4502 Ephrem,
1266 4434 1467 4501 aliique
1497 4435 1820 4503 interpretes
1843 4451 1993 4490 com-
2027 4403 2071 4458 θ
2102 4434 2266 4489 estin
2323 4433 2540 4487 Psaltno
2575 4448 2588 4483 :
2636 4430 2831 4482 Beatus
2880 4428 2958 4479 vir
2993 4427 3081 4497 qui
3124 4441 3222 4478 non
3255 4403 3565 4477 ambulavit
3625 4428 3676 4483 in

425 4528 608 4595 plures
641 4536 869 4583 eenscnt
899 4524 1151 4579 Satanam
1197 4526 1470 4579 audivisse
1502 4528 1817 4579 tuamlatum
1852 4527 1998 4596 quod

425 4617 636 4673 Adatno
664 4619 897 4671 dabatur
931 4632 944 4669 :
985 4617 1212 4685 ejusque
1245 4617 1531 4672 conscium
1584 4617 1883 4672 accessisse
1913 4619 2000 4672 in-

424 4719 845 4779 terrogasseque
879 4709 1136 4764 letninam
1210 4707 1319 4762 illis
1368 4708 1551 4763 verbis
1606 4724 1619 4762 :
1673 4707 1868 4763 Verene
1923 4711 1999 4763 ait

424 4802 592 4869 Deus,
630 4811 763 4868 etc.,
796 4817 906 4870 quo
937 4817 1033 4870 per
1061 4816 1179 4854 eam
1230 4799 1716 4869 interrogationem
1771 4801 1871 4855 sibi
1905 4816 2001 4856 ea-

426 4902 605 4960 ptaret
628 4892 976 4960 colloquendi
1003 4906 1214 4945 ansam.
1234 4891 1569 4944 Philoxenus
1601 4906 1728 4943 vero
1748 4901 1801 4945 et
1824 4891 2004 4947 Theo-

429 4986 597 5041 dorus
628 4984 987 5041 Nestorianus
1016 4984 1274 5053 multique
1300 4998 1425 5036 cum
1458 4982 1545 5040 his
1567 4982 1655 5036 alii
1676 4983 1857 5038 dicere
1886 5000 2004 5038 ma-

427 5076 573 5141 lutzt,
594 5078 852 5134 Satanam
886 5089 993 5131 non
1026 5073 1264 5129 audiisse
1296 5073 1467 5141 legem
1496 5073 1623 5128 dum
1657 5074 1867 5127 Adamo
1896 5076 1997 5128 im.

431 5168 760 5237 ponebatur,
793 5168 885 5224 sed
934 5166 1249 5235 conjectura
1298 5175 1463 5233 atque
1497 5164 1809 5233 suspicione
1863 5183 2003 5236 pra:-

426 5263 644 5329 seripta:
668 5260 972 5329 cujuSpiam
1008 5260 1147 5328 legis
1169 5262 1412 5321 ductum,
1444 5258 1727 5312 mulierem
1747 5259 1996 5314 adortum

430 5371 553 5410 esse
586 5366 642 5408 ut
671 5369 733 5408 ex
768 5369 832 5408 ea
884 5354 1214 5419 interrogata
1266 5352 1500 5404 disceret
1530 5352 1834 5419 qualisnam
1895 5354 2000 5407 lata

504 5476 544 5505 “
574 5473 715 5528 Psal.
755 5488 793 5535 t,
828 5473 869 5523 l.

484 5568 600 5637 (Ξο)
642 5569 811 5625 Caute
858 5564 1006 5637 lege,
1041 5577 1162 5637 nam
1215 5561 1386 5637 Adam
1443 5578 1546 5637 non
1594 5562 1780 5637 habuit
1808 5581 2009 5637 corpus

435 5632 728 5710 gloriasum
765 5646 821 5710 ut
869 5632 1097 5710 beati__in
1145 5634 1316 5700 patria
1366 5632 1458 5709 sed
1508 5632 2007 5710 forsanintelligito

437 5704 638 5763 Erotium
676 5707 802 5761 illud
835 5704 1177 5774 splendidum
1211 5711 1391 5758 status
1431 5704 1775 5777 innocentiae,
1807 5704 1917 5777 quo
1936 5726 1994 5763 es

2099 4524 2184 4577 ria
2216 4523 2500 4590 impiorum
2538 4521 2614 4588 ⁵¹;
2649 4520 2894 4589 profecto
2928 4517 2994 4571 ad
3028 4526 3323 4585 utrumque
3356 4532 3543 4569 senum
3574 4520 3679 4572 sub

2100 4616 2276 4669 solius
2306 4613 2409 4666 viri
2438 4612 2658 4666 nomine
2690 4615 2925 4680 spectat.
2958 4607 3022 4661 Et
3051 4624 3171 4677 qua:
3201 4607 3254 4661 in
3289 4606 3681 4664 ecclesiasticis

2103 4706 2351 4762 consiliis
2385 4706 2749 4772 (cratibusque,
2782 4702 2849 4756 de
2880 4701 3013 4755 viris
3058 4702 3430 4770 disceptamus
3472 4702 3683 4755 consti-

2106 4799 2439 4865 tuimusquc,
2474 4810 2603 4848 sane
2658 4794 2725 4848 ad
2777 4792 3008 4847 leminas
3063 4807 3129 4845 cx
3182 4807 3338 4861 aequo
3387 4793 3685 4861 pertinent.

2105 4893 2372 4947 Caeterum
2426 4887 2572 4958 quod
2623 4902 2727 4941 non
2777 4900 2905 4940 voce
2957 4884 3203 4938 exaudiri
3260 4893 3471 4955 posset,
3520 4884 3684 4938 latam

2106 4999 2226 5039 esse
2267 4986 2434 5051 legent
2466 4981 2659 5045 aiunt;
2697 4979 2790 5033 sed
2828 4978 3064 5047 quodam
3124 4976 3470 5031 revelationis
3524 4978 3687 5030 modo

2110 5078 2410 5133 immissam
2442 5076 2496 5128 in
2538 5074 2781 5143 ipsorum
2839 5072 3077 5135 animos,
3137 5070 3317 5125 simile
3342 5084 3464 5124 esse
3496 5069 3687 5121 diCnnt

2114 5173 2221 5226 illis
2248 5172 2378 5225 visis
2403 5184 2524 5240 qua:
2555 5167 2837 5239 prophetis
2862 5176 3149 5236 apparent.
3182 5162 3313 5218 Nam
3352 5162 3516 5219 simul
3546 5161 3687 5215 indi-

2116 5275 2223 5318 tam
2261 5263 2427 5317 fuisse
2458 5262 2677 5315 illorum
2717 5259 2992 5313 mentibus
3025 5258 3131 5309 vim
3157 5254 3447 5326 quamdam
3482 5251 3685 5306 intelli-

2115 5357 2268 5430 gendi
2286 5371 2350 5409 ac
2366 5353 2531 5407 veluti
2547 5352 2791 5407 intuendi
2806 5359 2966 5419 atque
2986 5350 3055 5402 ita
3069 5359 3217 5401 certo
3234 5344 3600 5415 cognoscendi
3618 5344 3671 5398 id

2114 5572 2362 5626 nuditate
2399 5561 2929 5649 corporum-nullus
2967 5559 3249 5615 timebatur
3282 5556 3483 5625 rubor,
3522 5555 3683 5628 quale

2113 5657 2334 5713 quoque
2366 5643 2549 5697 erit°in
2586 5643 2779 5707 patria.
