4100 6212
397 243 495 310 551

1671 239 1902 300 MOSIS
1942 238 2090 298 ΒΑΗ
2131 236 2372 298 ΟΕΡΗᾹ

3533 233 3641 296 5’2

400 357 546 428 quod
571 355 929 425 jubebantur,
959 354 1105 410 nulla
1147 353 1521 409 intercedente
1557 366 1687 406 voce
1729 367 1849 419 qua:
1871 366 1969 404 au-
1995 350 2043 412 Α
2071 347 2338 403 Nimirum
2376 355 2434 400 ut
2477 348 2731 417 princeps
2764 347 2901 402 solet
2933 362 3039 402 non
3082 347 3240 402 facile
3276 355 3437 416 atque
3467 351 3643 406 amice

397 450 580 508 diendi
625 465 844 504 sensum
889 455 1163 512 moveret;
1205 462 1330 501 cum
1367 459 1612 514 serpens,
1649 441 1867 511 quando
1908 441 1976 495 de

395 544 513 610 tege
549 541 656 594 lata
713 541 1100 608 interrogabat,
1140 553 1420 608 perperam
1471 535 1586 605 ipsa
1622 533 1752 604 legis
1812 533 1974 588 verba

397 632 670 695 retulerit,
712 631 966 685 nimirum
991 630 1116 698 quia
1152 644 1260 683 non
1296 629 1466 697 legem
1500 627 1672 695 ipsam
1706 625 1973 690 auditam,

397 740 522 779 cum
555 725 807 785 ferretur,
865 722 1102 785 tenebat,
1130 722 1222 774 sed
1279 719 1584 787 suspiciens
1637 716 1978 786 conjectabat

400 818 587 880 modo,
619 824 680 870 ut
709 815 800 883 qui
829 829 952 868 cum
987 815 1193 867 videret
1233 811 1525 865 animantia
1557 811 1756 878 passim
1787 823 1980 878 capere

310 892 315 898 ’
397 907 682 976 pabulum,
721 903 986 957 Adamum
1009 916 1138 956 vero
1160 902 1438 968 Erantque
1469 899 1567 952 etsi
1591 914 1817 968 corpore
1847 907 1979 955 ceu-

397 1007 648 1058 starent,
684 995 925 1050 nondum
960 1003 1138 1048 tamen
1161 992 1328 1055 vesci,
1365 991 1526 1045 facile
1555 991 1765 1045 venerit
1799 991 1850 1044 in
1883 1007 1980 1046 su-

397 1086 720 1151 spicionem,
788 1085 1112 1152 imperatam
1150 1081 1236 1135 bis
1269 1095 1390 1135 esse
1443 1081 1613 1150 legem
1659 1082 1976 1150 quampiam

397 1190 504 1243 qua
576 1173 825 1228 vescendi
899 1173 1091 1226 modus
1166 1172 1364 1240 aliquis
1410 1180 1555 1226 esset
1605 1175 1974 1243 praescriptus.

400 1265 498 1318 His
526 1279 656 1332 ergo
684 1263 1019 1326 inducuntur
1051 1262 1140 1316 isti
1190 1262 1518 1319 rationibus.
1553 1273 1606 1315 ut
1633 1272 1820 1332 putent
1873 1263 1980 1317 dae-

402 1369 618 1408 monem
655 1355 898 1424 ignarum
938 1352 1205 1415 mandati,
1243 1353 1528 1406 mulierem
1558 1353 1644 1406 illa
1681 1355 1980 1425 interroga—

401 1446 547 1502 tione
571 1461 692 1499 esse
741 1449 1019 1508 adortum,
1057 1444 1201 1514 quod
1243 1460 1308 1498 ex
1346 1445 1462 1509 ipsa
1517 1445 1686 1514 legem
1722 1446 1974 1508 disceret,

401 1552 575 1605 eaque
607 1538 848 1606 cognita,
890 1545 944 1589 et
983 1537 1050 1590 iis
1092 1537 1294 1604 quibus
1353 1537 1614 1604 imperata
1651 1547 1766 1590 erat
1799 1547 1851 1590 et
1875 1538 1976 1607 ipsi

400 1631 695 1699 legislatori
732 1631 1037 1684 insultarat.
1088 1629 1216 1685 Esto
1259 1641 1441 1684 autem
1497 1631 1763 1699 judiciutn
1813 1647 1976 1700 penes

401 1722 864 1786 lectOrem,utram
893 1724 1083 1776 barum
1110 1723 1341 1776 duarum
1363 1723 1672 1792 opinionem
1694 1724 1977 1792 approbet;

400 1820 578 1881 [ιρι-ει
601 1813 744 1866 enim
768 1814 821 1865 in
845 1814 1049 1867 utravis
1075 1814 1444 1882 acquiescere.
1466 1813 1732 1868 Caeterum
1760 1816 1977 1869 Salnnte

400 1904 564 1960 ve.ba
613 1904 702 1957 illa
745 1905 798 1957 in
840 1904 958 1972 ipso
1010 1906 1192 1959 statim
1231 1905 1457 1960 exordio
1486 1947 1501 1973 ,
1548 1908 1638 1961 Dei
1673 1907 1852 1961 verbis
1887 1908 1981 1960 ad-

401 2005 726 2062 versantur;
768 1997 1051 2050 mandarat
1081 2001 1224 2052 enim
1275 1999 1418 2053 Deus
1448 1999 1577 2053 Adet:
1623 2010 1787 2069 atque
1824 2000 1978 2054 uxori

403 2101 461 2145 ut
485 2092 551 2146 de
577 2092 836 2146 omnibus
866 2092 1156 2149 arboribus
1199 2095 1438 2164 paradisi
1472 2105 1819 2150 vescerentur
1843 2097 1979 2166 (2|),

402 2181 498 2236 sed
524 2182 590 2235 de
621 2183 737 2236 sola
772 2183 967 2236 arbore
993 2184 1235 2238 scientia!
1268 2184 1393 2238 boni
1423 2195 1476 2238 et
1504 2186 1628 2239 mali
1663 2202 1770 2238 non
1798 2201 1983 2240 vesce«

403 2281 612 2329 t'entttr.
672 2275 742 2326 At
783 2274 871 2328 ille
907 2285 1096 2328 contra
1133 2294 1147 2328 :
1190 2273 1317 2328 Vere
1341 2275 1561 2345 (inquit)
1614 2278 1748 2330 dixit
1781 2276 1918 2330 Deus
1953 2293 1971 2331 :

403 2362 490 2418 Ne
521 2364 584 2418 de
639 2366 917 2419 arboribus
983 2367 1222 2435 paradisi
1274 2369 1764 2438 resccremini,qme
1811 2370 1986 2424 oratio

411 2473 634 2528 prorsus
664 2475 787 2513 cum
833 2459 928 2512 Dei
959 2461 1208 2514 oratione
1241 2472 1466 2529 pugnat.
1503 2459 1730 2515 Videtur
1764 2477 1892 2517 vero
1925 2462 1978 2516 in

405 2550 526 2621 ipso
584 2551 857 2606 sermonis
910 2553 1069 2606 initio
1120 2555 1332 2607 daemon
1385 2555 1505 2608 ideo
1561 2555 1726 2609 verba
1772 2572 1868 2610 sua
1919 2558 1981 2610 ad

406 2643 610 2698 multas
670 2645 893 2698 arbores
955 2645 1305 2708 extendisse,
1363 2656 1421 2699 ut
1471 2648 1818 2701 occasionem
1879 2649 1983 2702 sibi

407 2744 750 2802 compararet
787 2734 838 2786 in
875 2748 1170 2803 progressu
1201 2749 1363 2788 unam
1396 2734 1538 2786 illam
1570 2736 1793 2788 vetitam
1820 2737 1984 2790 arbo-

405 2838 520 2888 rem
557 2825 951 2878 calumniandi.
986 2825 1120 2876 Nam
1159 2826 1317 2892 cujus
1350 2826 1528 2878 studia
1584 2826 1634 2878 in
1670 2828 1982 2882 universum

406 2915 586 2969 omnia
627 2914 879 2984 improba
908 2925 1036 2968 sunt
1082 2925 1250 2982 atque
1287 2931 1562 2984 perversa,
1595 2917 1737 2970 baud
1783 2919 1980 2972 mirum

409 3017 493 3060 est
523 3007 566 3059 si
593 3007 660 3059 ab
692 3007 1046 3073 improbitate
1091 3009 1409 3076 auspicetur
1443 3026 1458 3062 :
1491 3008 1556 3062 Et
1598 3011 1669 3063 ait
1698 3011 1883 3066 mulier
1916 3011 1984 3064 ad
2018 3017 2039 3076 ,’

405 3109 692 3162 serpentem
727 3112 744 3150 :
775 3097 848 3150 De
878 3097 1138 3166 fructibus
1167 3099 1414 3152 arborum
1462 3101 1707 3167 paradisi
1747 3103 1981 3155 omnium

403 3190 828 3254 comedintus,de
862 3189 1124 3258 fructibus
1159 3191 1364 3246 arboris
1411 3209 1524 3262 qua:
1582 3201 1658 3246 est
1728 3196 1781 3246 in
1824 3195 1985 3248 medi-

405 3277 558 3333 tullio
588 3279 834 3348 paradisi
865 3281 1002 3332 dixit
1039 3279 1179 3334 Deus
1215 3295 1235 3334 :
1273 3281 1354 3335 Ne
1388 3283 1556 3335 edatis
1599 3285 1660 3336 de
1702 3301 1783 3349 ea,
1825 3300 1984 3354 neque

407 3373 636 3440 tangatis
664 3387 802 3437 eam,
825 3387 886 3424 ne
916 3373 1233 3424 moriainini.
1263 3370 1402 3438 Non,
1433 3374 1628 3443 inquit,
1661 3389 1692 3428 0
1720 3391 1966 3444 serpens,

404 3459 544 3529 jussi
575 3477 769 3515 sumus
799 3463 867 3514 ab
895 3462 1151 3515 omnibus
1183 3463 1460 3518 abstinere
1487 3458 1800 3530 arboribus,
1836 3477 1896 3520 ut
1927 3477 1982 3521 tu

408 3551 615 3614 dixisti,
667 3553 760 3605 sed
813 3552 881 3604 ab
906 3567 1010 3604 una
1061 3555 1176 3605 sola
1233 3570 1354 3622 quae
1409 3555 1460 3608 in
1520 3559 1756 3625 paradisi
1804 3560 1986 3615 medio

409 3651 627 3706 exstat;
681 3640 1173 3712 interminatusque
1228 3653 1310 3698 est
1357 3646 1513 3700 nobis
1566 3646 1706 3702 Deus
1740 3648 1982 3704 futurum

411 3741 471 3786 ut
500 3733 826 3798 moriamur,
863 3732 910 3786 si
946 3733 1011 3788 de
1050 3734 1149 3787 bac
1174 3736 1468 3793 oderimus.
1499 3739 1763 3793 Caeterum
1797 3743 1990 3797 existi-

413 3825 672 3877 manduin
715 3834 817 3890 est,
855 3825 1139 3881 mulierem
1175 3843 1283 3882 non
1310 3831 1473 3885 modo
1500 3833 1749 3887 arborem
1785 3835 1836 3888 in
1871 3852 1985 3890 me-

409 3916 501 3971 dio
556 3916 712 3972 sitam
773 3918 1030 3988 paradiso
1079 3920 1221 3990 apud
1283 3933 1591 3991 serpentem
1654 3927 1985 3995 nominasse,

414 4007 509 4063 sed
541 4008 816 4062 addidisse
845 4011 1033 4073 etiam,
1067 4013 1304 4066 scientia:
1332 4013 1454 4066 ὺοηὶ
1501 4026 1549 4068 et
1597 4018 1748 4083 uirili,
1779 4021 1991 4074 tametsi

414 4098 519 4152 hoc
551 4096 729 4153 Moses
769 4101 1131 4168 praeterierit;
1184 4105 1442 4158 credibile
1484 4108 1628 4160 enim
1662 4119 1764 4175 est,
1815 4111 1987 4179 ipsam

413 4189 658 4242 mandati
682 4191 847 4243 verba
880 4193 1061 4244 omnia
1093 4193 1368 4260 recitasse,
1397 4196 1537 4248 inter
1561 4213 1682 4265 qua:
1711 4199 1873 4252 etiam
1902 4200 1988 4254 illa

413 4290 541 4335 sunt
573 4280 676 4336 :Et
703 4285 774 4334 ait
812 4299 1025 4352 serpens
1049 4285 1118 4336 ad
1151 4286 1420 4339 mulierem
1440 4303 1457 4338 :
1479 4286 1599 4339 Non
1630 4300 1847 4342 mortem
1885 4307 1997 4343 mo-

2078 439 2220 494 ferre
2252 438 2489 508 aequales
2520 453 2650 494 suos
2677 437 2973 507 principes,
3005 440 3075 492 ita
3108 451 3283 507 neque
3318 436 3483 490 Deum
3512 437 3644 493 deos

2077 532 2186 602 pati
2217 531 2350 586 alios
2380 545 2539 601 posse
2565 546 2578 593 ;
2609 539 2869 598 prmterea
2899 537 2958 582 ut
3001 529 3192 582 incitet
3221 527 3284 581 ad
3313 528 3641 582 vescendum

2080 624 2246 678 vetito
2278 624 2478 687 fructu,
2519 623 2672 693 quasi
2709 622 2852 676 dicat
2886 639 2902 676 :
2934 619 3052 677 Non
3097 621 3259 676 modo
3291 637 3399 675 non
3451 623 3640 674 morie-

2080 715 2235 779 mini,
2279 731 2465 769 verum
2513 716 2674 769 etiam
2715 714 3008 784 plurimum
3047 713 3326 776 crescetis,
3365 712 3560 781 quippe
3592 713 3645 767 in

2079 805 2210 860 deos
2239 807 2456 861 evasuri
2505 807 2679 876 qualis
2727 807 2812 861 ille
2843 807 3094 862 conditor
3145 813 3330 860 vester
3377 817 3478 860 est.
3513 804 3644 859 Nam

2080 898 2134 952 in
2181 898 2299 969 ipso
2347 898 2547 964 fluctu,
2577 901 2829 967 interque
2858 914 3036 952 ramos
3083 897 3229 952 illius
3273 898 3485 952 arboris
3521 897 3670 952 latct'

2087 989 2391 1044 divinitatis
2438 990 2546 1054 vis,
2582 989 2652 1043 ita
2703 996 2762 1042 ut
2809 988 3059 1058 quisquis
3100 999 3370 1053 vescatur,
3418 989 3506 1042 ille
3550 1003 3680 1059 pro.

2079 1080 2182 1134 deo
2209 1080 2321 1144 ﬁat,
2353 1081 2590 1150 bonique
2621 1095 2684 1134 ac
2713 1081 2838 1132 mali
2869 1096 3088 1150 gnarus.
3120 1078 3223 1133 Per
3252 1080 3441 1134 oculos
3469 1091 3647 1134 autem

2080 1172 2425 1240 aperiendos,
2475 1172 2799 1242 cognitionis
2850 1186 3099 1238 acumen,
3155 1172 3674 1241 perspicacitatem,‘

2080 1272 2244 1331 atque
2296 1262 2424 1316 boni
2479 1263 2715 1332 malique
2752 1262 3140 1331 experientiam
3191 1262 3493 1331 pollicetur.
3547 1261 3673 1317 Dc-'

2080 1359 2245 1426 nique
2277 1357 2418 1426 quod
2468 1357 2597 1411 deos
2648 1355 2786 1420 fore,
2823 1371 3052 1410 numero
3099 1354 3486 1415 multitudinis,
3524 1371 3652 1424 pro-

2081 1447 2279 1512 mittit;
2326 1448 2433 1501 buc
2482 1446 2633 1510 facit,
2669 1456 2727 1500 ut
2762 1446 3006 1514 ipsorum
3058 1446 3255 1500 animis
3289 1445 3496 1500 inserat
3529 1447 3651 1515 opi-

2081 1541 2325 1602 nionem,
2371 1555 2476 1592 non
2532 1540 2830 1592 maximqu
2884 1553 3086 1592 numen
3140 1552 3260 1592 esse
3309 1552 3430 1590 eum
3483 1537 3650 1590 Deum

2083 1633 2175 1702 qui
2208 1647 2276 1686 ne
2310 1632 2376 1685 de
2413 1631 2605 1685 arbore
2641 1631 2728 1684 illa
2757 1631 2998 1688 ederent,
3033 1629 3412 1682 interminatus
3451 1628 3649 1694 fuerat,

2083 1725 2177 1780 sed
2210 1739 2332 1778 esse
2369 1725 2532 1777 etiam
2585 1725 2717 1778 deos
2755 1722 2892 1776 alios
2939 1722 3014 1775 illi
3066 1737 3242 1791 pares.
3296 1721 3558 1775 Praeterea
3595 1730 3654 1775 ut

2084 1817 2384 1886 improbam
2429 1815 2577 1868 illam
2629 1813 3110 1876 existimationem,
3158 1828 3319 1882 quam
3365 1823 3511 1867 esset
3554 1813 3654 1867 ali-
3704 1887 3707 1889 _

2085 1911 2300 1980 quando
2331 1909 2582 1978 gentibus
2621 1922 3001 1977 persuasurns,
3033 1910 3340 1976 complures
3371 1907 3500 1960 deos
3534 1922 3655 1961 esse

2088 2002 2142 2054 in
2173 2002 2342 2067 orbe;
2373 2001 2438 2054 ab
2468 2001 2586 2069 ipso
2611 2000 2795 2054 statim
2830 1999 3005 2062 initio,
3041 1999 3339 2068 primorum
3370 2009 3652 2068 parentum

2087 2096 2310 2150 auribus
2337 2095 2645 2160 instillaret,
2671 2103 2832 2162 atque
2859 2094 2930 2146 ita
2959 2093 3025 2146 ad
3052 2107 3213 2146 omne
3260 2091 3460 2146 malum
3486 2109 3656 2160 genus

2089 2189 2386 2242 humanum
2438 2194 2728 2240 averteret.
2781 2185 3122 2252 Quapropter
3175 2195 3316 2237 recte
3365 2184 3652 2237 admodum

2090 2278 2320 2332 Satanas
2371 2279 2460 2332 ille
2525 2277 2686 2330 etiam
2739 2276 2990 2330 diabolus
3043 2273 3154 2344 (Ξὲ)
3199 2283 3282 2327 est
3330 2274 3655 2342 appellatus.

2091 2371 2327 2426 Satanas
2373 2370 2618 2439 quidem,
2661 2376 2714 2423 et
2763 2368 2887 2438 quia
2938 2368 3052 2436 ipse
3112 2382 3141 2420 a
3180 2365 3288 2421 Deo
3325 2368 3570 2429 recessit,
3603 2374 3655 2418 et

2088 2463 2214 2532 quia
2285 2461 2542 2515 mortales
2600 2460 2770 2515 aDeo
2819 2457 3039 2513 abdutit
3113 2466 3172 2511 ut
3231 2465 3504 2512 sectentur
3563 2469 3658 2510 eos

2089 2551 2183 2620 qni
2222 2552 2358 2604 iram
2411 2551 2663 2619 pariant;
2705 2549 2954 2603 diabolus
2999 2563 3148 2614 vero,
3185 2548 3286 2602 ltoc
3315 2557 3415 2608 est.
3450 2548 3661 2601 calum-

2089 2643 2287 2706 niator,
2339 2643 2466 2711 quia
2513 2640 2681 2696 Deum
2719 2657 2813 2711 per
2851 2640 3180 2695 calumniam
3227 2641 3482 2710 culpabat
3515 2641 3656 2710 apud

2091 2733 2358 2787 Adamum
2384 2741 2438 2787 et
2465 2731 2656 2798 Evam,
2685 2731 2840 2802 quasi
2873 2748 2970 2801 per
2995 2747 3215 2787 causam
3244 2733 3457 2788 invidias
3491 2734 3660 2787 inter-

2097 2825 2360 2876 minatam
2427 2839 2496 2877 ne
2544 2823 2612 2878 de
2663 2824 2855 2878 arbore
2908 2824 2998 2876 illa
3065 2833 3376 2894 gustarem;
3425 2833 3477 2878 et
3530 2825 3654 2893 quia

2089 2917 2332 2970 vicissim
2391 2916 2640 2970 homines
2674 2916 2910 2970 traducit
2963 2916 3102 2985 apud
3158 2915 3343 2978 Deum,
3378 2924 3434 2969 ut
3461 2914 3529 2968 de
3557 2912 3685 2967 Job'

2092 3006 2355 3076 scriptum
2385 3017 2582 3062 exstat.
2617 3007 2690 3061 De
2720 3007 2825 3061 hoc
2849 3006 2992 3060 enim
3023 3008 3102 3062 sic
3130 3009 3269 3076 apud
3304 3006 3470 3060 Deum
3501 3006 3660 3059 verba

2092 3099 2324 3153 faciebat
2355 3115 2368 3151 :
2403 3097 2642 3152 Extende
2679 3115 2895 3152 manum
2928 3109 3094 3164 tuam,
3146 3111 3195 3152 et
3244 3108 3398 3168 tange
3450 3115 3658 3153 caritrm

2034 3209 2046 3222 ’
2089 3193 2276 3260 ipsius,
2317 3208 2441 3244 nunt
2478 3193 2530 3244 in
2576 3192 2766 3260 facient
2813 3203 2956 3245 tuam
3000 3192 3281 3244 maledicat
3322 3193 3417 3244 tibi
3446 3192 3534 3245 ⁵ιῖ
3562 3190 3671 3256 De-_

2093 3283 2255 3352 nique
2279 3286 2405 3353 quia
2439 3284 2765 3353 persuadere
2792 3285 3114 3340 mortalibus
3147 3284 3354 3338 laborat
3384 3282 3490 3337 Deo
3517 3284 3662 3352 ipsos

2089 3390 2235 3428 cura:
2261 3389 2365 3439 non
2393 3388 2538 3427 esse.
2563 3372 2697 3427 Cum
2727 3374 2810 3428 lex
2839 3377 3020 3429 Omnis
3046 3385 3138 3428 aut
3169 3376 3232 3428 ad
3263 3374 3661 3444 prohibendum

2090 3473 2394 3536 peccatum,
2421 3477 2513 3520 aut
2535 3466 2601 3519 ad
2626 3467 3046 3533 promerendam
3070 3467 3336 3536 justitiam
3364 3467 3660 3533 pertineat;

2093 3569 2256 3629 atque
2305 3561 2385 3614 vel
2431 3560 2722 3613 formidine
2754 3575 2925 3630 pinna:
2956 3576 3074 3630 qua:
3117 3560 3536 3621 rebellantibus,
3582 3558 3666 3610 vel

2092 3665 2188 3718 spe
2229 3650 2435 3718 praemii
2475 3650 2621 3718 quod
2658 3650 2974 3718 parentibus
3024 3649 3388 3718 praestitutum
3431 3655 3533 3711 est,
3570 3649 3687 3700 ob-‘

2091 3750 2363 3795 servetur.
2427 3741 2664 3810 Serpens
2701 3741 2824 3805 iste,
2873 3741 2974 3794 boc
2999 3747 3081 3794 cst
3115 3739 3383 3805 diabolus,
3419 3755 3484 3794 eo
3522 3739 3665 3808 quoi

2091 3834 2162 3887 ait
2198 3852 2211 3888 :
2239 3832 2360 3887 Non
2390 3833 2684 3887 moriemini
2715 3833 2879 3886 etiam
2911 3833 2956 3884 si
2987 3831 3231 3896 ederitis,
3267 3846 3435 3899 pinna:
3467 3842 3665 3886 metunt

2094 3927 2418 3980 submovere
2449 3934 2698 3990 conatur,
2729 3939 2837 3993 quo
2868 3925 2943 3977 illi
2975 3924 3399 3994 prohibebantur
3426 3942 3454 3976 a
3487 3933 3666 3976 trans-

2098 4017 2392 4086 grediendo
2435 4017 2605 4084 legem
2658 4016 2771 4069 Dei.
2805 4017 3014 4070 Rursus
3061 4017 3190 4070 dum
3241 4015 3392 4069 addit
3433 4032 3448 4067 :
3501 4014 3667 4067 Erilis

2095 4109 2230 4162 sicut
2281 4110 2380 4173 dii,
2434 4111 2682 4163 maxime:
2728 4109 2890 4162 etiam
2945 4107 3210 4162 mercedis
3243 4121 3336 4176 spe
3384 4107 3565 4169 lactat,
3621 4105 3668 4159 si

2097 4213 2383 4256 vescantur
2429 4192 2700 4256 fructibus
2733 4216 2761 4252 a
2798 4204 2905 4254 Deo
2941 4200 3140 4254 vetitis.
3176 4201 3272 4254 Est
3303 4215 3426 4254 vero
3475 4198 3669 4252 existi-

2097 4295 2352 4348 mandum
2385 4293 2551 4346 Evam
2586 4308 2759 4363 neque
2801 4295 2872 4346 ita
2904 4295 3181 4362 accepisse
3210 4293 3370 4347 verba
3405 4290 3674 4360 serpentis

415 4374 644 4436 riemini,
665 4374 753 4426 sed
777 4376 916 4427 novit
939 4375 1076 4430 Deus
1094 4379 1232 4446 quod
1249 4393 1350 4448 quo
1366 4378 1449 4432 die
1464 4379 1674 4432 oderitis
1692 4380 1850 4447 deca,
1875 4399 1995 4452 ape-
2034 4403 2072 4457 ι)
2103 4383 2218 4435 sive
2248 4380 2476 4444 diaboli,
2510 4389 2768 4448 tanquam
2804 4395 2926 4450 qua:
2951 4381 3216 4450 disputari
3249 4390 3505 4449 possent;
3535 4380 3673 4432 alio-

416 4466 620 4519 rientur
639 4467 778 4520 oculi
804 4472 987 4535 vestri,
1023 4479 1072 4522 et
1104 4473 1251 4524 eritis
1278 4473 1412 4524 sicut
1435 4473 1512 4524 dii
1537 4475 1755 4526 scientes
1794 4476 1915 4529 boni
1947 4486 1996 4528 et

417 4556 566 4610 ntali.
599 4558 730 4610 Cum
770 4558 846 4610 ait
884 4574 1139 4627 serpens:
1161 4557 1284 4612 Non
1310 4569 1472 4613 morte
1503 4564 1817 4630 moriemini,
1842 4566 2002 4619 audet

421 4647 516 4703 Dei
542 4649 768 4702 verbum
803 4662 1180 4716 contemnere,
1218 4653 1451 4722 falsique
1484 4669 1712 4724 arguere
1743 4673 1756 4709 :
1789 4656 2001 4712 dixerat

419 4742 564 4795 enim
599 4741 689 4795 ille
719 4745 1018 4799 morituros
1048 4745 1154 4799 nisi
1192 4745 1260 4799 ab
1294 4747 1383 4800 illa
1413 4748 1607 4802 arbore
1641 4750 1993 4812 abstinerent,

418 4845 472 4888 et
521 4835 683 4888 simul
720 4835 1007 4890 submovet
1057 4847 1263 4892 metum
1305 4840 1500 4894 mortis
1541 4853 1649 4908 quo
1695 4840 1764 4893 ab
1797 4854 1859 4893 ea
1895 4855 1996 4909 gu-

419 4928 609 4986 standa
641 4926 720 4980 illi
757 4927 1128 4982 abStinebant.
1182 4928 1394 4985 Caetera
1443 4933 1605 4985 verba
1639 4945 1703 4984 eo
1733 4939 1995 4999 spectant,

419 5026 480 5072 ut
524 5021 849 5087 persuadeat
897 5023 1065 5077 Deum
1116 5040 1212 5093 per
1249 5024 1514 5080 invidiam
1546 5041 1606 5080 ea
1658 5025 1767 5080 illis
1805 5027 1999 5080 arbore

422 5113 803 5184 interdixisse;
836 5131 1030 5186 nempe
1054 5132 1124 5173 ne
1151 5117 1227 5172 dii
1255 5118 1464 5185 fierent,
1488 5118 1665 5187 qualis
1690 5118 1806 5189 ipse
1832 5125 1996 5174 esset.

493 5294 539 5328 ιι
575 5293 674 5350 Job
723 5296 896 5364 1,“,
941 5298 1027 5353 it.

498 5452 610 5522 (2|)
646 5453 912 5524 Superius
940 5463 1132 5510 auctor
1166 5454 1333 5509 citat:
1365 5453 1448 5508 Ne
1475 5455 1538 5510 de
1573 5457 1812 5513 omnibus
1849 5459 2005 5514 arbo-

425 5523 570 5647 gbﬂs
599 5523 856 5590 paradisi,
888 5537 1022 5594 etc.,
1051 5541 1175 5583 cum
1202 5525 1359 5595 signo
1395 5526 1714 5594 universali,
1753 5539 1808 5584 ut
1832 5539 1915 5585 est
1941 5528 1996 5584 in

476 5608 505 5644 e
548 5607 672 5645 meo.

497 5661 610 5733 (22)
659 5661 913 5730 Verbum,
953 5664 1047 5720 Sat
1101 5666 1252 5739 Syris
1299 5675 1353 5724 et
1393 5668 1659 5725 Chaldaeis
1707 5670 1998 5741 signiﬁcat,

2105 4473 2196 4542 qui
2227 4473 2371 4525 enim
2410 4471 2598 4525 multis
2620 4472 2693 4525 illi
2718 4474 2915 4537 modis,
2939 4481 3034 4526 aut
3065 4487 3175 4525 uno
3198 4473 3387 4526 saltem
3417 4471 3670 4541 quopiam

2109 4561 2551 4634 respondissent;
2583 4579 2758 4634 neque
2786 4580 2977 4621 rursus
2999 4581 3097 4619 ceu
3123 4565 3288 4618 dubia
3314 4575 3367 4617 ct
3396 4565 3696 4632 ambigua,-

2105 4671 2230 4708 nam
2261 4657 2334 4709 ita
2373 4671 2590 4725 quoque
2619 4673 2726 4710 non
2753 4657 3017 4713 defuisset
3049 4657 3150 4726 ipsi
3186 4659 3329 4725 quod
3374 4666 3561 4710 contra
3592 4656 3698 4710 ἀίω

2105 4757 2284 4813 ceret;
2324 4748 2589 4816 potuisset
2621 4749 2764 4800 enim
2815 4749 3144 4818 respondere
3193 4765 3206 4802 :
3259 4734 3408 4801 Unde
3442 4755 3498 4801 tu
3530 4747 3673 4801 nosti

2105 4837 2208 4891 hoc
2237 4838 2595 4907 mysterium?
2628 4839 2770 4892 Sane
2803 4840 2893 4906 qui
2921 4841 3169 4894 arborem
3201 4841 3468 4906 conserit,
3503 4839 3696 4910 major'

2107 4941 2157 4986 te
2185 4941 2289 4988 est.
2322 4932 2611 4996 Praeterea,
2647 4932 2776 5000 quid
2810 4933 2914 4986 sibi
2961 4933 3074 4986 vult
3117 4936 3264 5002 quod
3297 4948 3447 4988 meos
3489 4934 3698 4987 oculos'

2107 5032 2357 5094 apertum
2396 5025 2460 5078 iri
2493 5025 2574 5078 ais
2607 5035 2820 5094 gustato
2855 5024 3055 5088 fructu,
3087 5027 3306 5095 quando
3336 5027 3495 5079 etiam
3533 5041 3678 5080 nunc

2109 5133 2284 5188 neque
2315 5117 2564 5187 lippiunt,
2598 5131 2770 5186 neque
2801 5118 2968 5173 clausi
3003 5123 3169 5173 sunt?
3205 5117 3338 5172 Nam
3371 5117 3476 5172 nisi
3507 5118 3676 5185 aperti

2115 5459 2372 5524 recedere,
2405 5457 2694 5526 deﬂectere,
2745 5457 2888 5512 unde
2939 5457 3026 5513 bic
3067 5457 3286 5526 deducit
3340 5457 3552 5512 Satanae
3582 5472 3682 5516 nov

2107 5546 2256 5592 men,
2315 5523 2477 5597 quod
2509 5533 2695 5583 verius
2733 5531 2802 5582 ab
2835 5529 3061 5582 Hebraeo
3108 5523 3276 5582 Satan
3323 5529 3488 5582 venit.
3539 5528 3682 5582 Sane

2108 5597 2632 5722 ξῖτὲολίέσιιηιοανιο,
2662 5599 2853 5656 eodem
2883 5609 3064 5675 etymg
3094 5606 3433 5671 vocantquo
3479 5597 3680 5665 Gnaei,

2146 5687 2196 5721 ια
2236 5687 2262 5723 0
2327 5687 2377 5722 ν.
