4100 6212
408 260 515 324 553

1538 260 1637 320 os
1683 254 2084 320 PARADISO.
2126 217 2198 292 -ζ
2234 251 2432 313 PARS
2467 251 2516 312 I.

3556 251 3659 315 5ἒὸ

408 377 620 432 essent,
652 369 744 439 qui
783 381 995 439 possem
1030 384 1131 439 ego
1165 379 1215 424 te
1254 369 1523 439 aspicere,
1575 378 1990 436 serpentemqne
2018 365 2066 422 Α
2092 361 2406 432 simplicit-r
2440 359 2632 415 intuitu
2673 359 2844 428 ipsam
2895 359 3106 426 fuerat;
3155 370 3208 414 at
3245 372 3596 434 posteaquam
3630 382 3657 416 a

410 471 465 516 te
509 476 805 530 agnoscere
841 476 853 511 :
892 469 1004 514 tum
1044 459 1205 523 illud,
1244 461 1389 530 quod
1426 460 1550 516 boni
1599 458 1838 528 malique
1885 472 1981 526 pe-

412 553 546 606 ritos
592 550 706 604 fore
741 566 837 605 nos
881 565 1188 617 asseveras,
1226 552 1328 606 nisi
1375 565 1476 618 ego
1504 550 1621 620 jam
1671 564 1816 604 nunc
1854 548 1984 617 quid

411 645 615 699 bonum
665 644 880 713 etquid
918 644 1121 698 malum
1149 645 1222 700 sit
1271 643 1602 714 intelligam,
1639 640 1732 712 qui
1785 641 1986 711 possim

409 738 551 790 scire
579 735 869 790 consilium
904 744 1056 790 tuum
1087 751 1207 790 esse
1236 735 1493 806 probum,
1525 743 1619 789 aut
1648 733 1985 789 divinitatem

410 828 608 883 bonam
633 867 648 890 ,
686 837 912 882 mOrtem
943 843 1068 881 vero
1101 827 1346 882 malam?
1379 828 1458 881 Ad
1495 827 1630 892 haec,
1664 826 1793 881 illud
1823 827 1985 882 etiam

411 918 656 987 objicere
687 917 953 987 quivisset
985 935 1000 972 :
1036 916 1091 971 Si
1129 932 1253 971 vera
1286 931 1498 981 narras,
1530 917 1618 971 abi
1652 924 1733 981 tu,
1760 925 1813 971 et
1843 917 1990 987 prior

376 1012 567 1077 ,aufer
604 1011 672 1065 de
701 1011 895 1064 arbore
944 1010 1031 1064 illa
1064 1025 1128 1063 ac
1159 1024 1400 1074 vescere,
1431 1021 1488 1063 ut
1535 1009 1850 1077 aperiantur
1890 1007 1984 1061 tibi

411 1102 556 1156 oculi
595 1102 800 1171 liasque
839 1102 972 1154 deus
1002 1099 1182 1155 sciens
1212 1099 1337 1154 boni
1368 1109 1421 1154 et
1464 1099 1616 1163 mali,
1649 1108 1760 1152 tum
1793 1096 1989 1150 deinde

409 1210 510 1263 ego
537 1207 754 1264 quoque
782 1193 1046 1247 accedens
1090 1207 1301 1247 vescar.
1334 1195 1401 1247 At
1447 1206 1570 1247 cum
1614 1191 1805 1245 horum
1855 1189 1986 1242 nihil

313 1362 324 1370 .
412 1288 490 1342 illi
517 1285 880 1357 responderit,
913 1287 1046 1341 satis
1073 1285 1332 1356 colligere
1361 1297 1466 1351 est,
1504 1301 1678 1354 neque
1709 1293 1766 1336 ut
1799 1283 1985 1352 dispu-

411 1380 598 1435 tabilia
651 1393 831 1448 neque
859 1387 920 1432 ut
971 1379 1174 1432 incerta
1227 1377 1496 1448 serpentis
1549 1377 1710 1431 verba
1762 1377 1830 1430 ab
1882 1375 1986 1427 Ιοὶιει

409 1487 534 1528 esse
579 1482 798 1541 accepta
855 1487 870 1524 :
921 1485 1096 1541 neque
1142 1471 1284 1524 enim
1337 1487 1446 1539 prae.
1485 1469 1842 1540 imprudentia
1895 1480 1989 1523 aut

407 1562 661 1629 infantia,
696 1561 810 1616 haec
859 1561 1064 1628 tacuit;
1113 1562 1313 1631 quippe
1346 1577 1464 1631 quae
1497 1563 1708 1617 ratione
1749 1562 1986 1631 pruden-

408 1655 596 1725 tiaque
642 1655 694 1708 in
730 1653 850 1724 ipso
883 1668 984 1708 suo
1018 1664 1138 1707 ortu
1181 1653 1408 1723 praedita
1457 1653 1652 1718 fuerat,
1699 1664 1752 1709 et
1802 1655 1846 1708 si
1889 1670 1983 1722 pa-

412 1764 636 1818 rumper
662 1749 928 1803 adversus
957 1747 1110 1803 illum
1139 1756 1520 1818 argumentata
1551 1747 1765 1810 fuisset,
1793 1748 1986 1802 victrix
2022 1734 2064 1792 Β

406 1843 675 1897 evasisset
708 1860 722 1895 :
755 1841 851 1897 sed
885 1842 956 1895 ita
985 1841 1133 1896 illius
1182 1840 1345 1895 verba
1396 1839 1690 1910 accepisse,
1726 1851 1984 1910 tanquam

407 1951 531 2005 quae
570 1936 758 2005 procul
789 1935 956 1991 dubio
989 1951 1113 1989 vera
1162 1947 1366 1990 essent.
1398 1933 1534 1988 Nam
1585 1950 1698 2003 per
1726 1935 1988 1988 «lanuuiis

409 2028 707 2099 nequitiam
760 2028 921 2084 simul
953 2044 1076 2083 cum
1123 2027 1230 2081 illis
1263 2027 1440 2082 verbis
1488 2044 1500 2078 :
1547 2025 1614 2079 Et
1661 2027 1807 2079 eritis
1853 2027 1987 2078 sicut

408 2125 506 2185 dii,
537 2123 796 2192 injectum
829 2132 912 2176 est
940 2122 1039 2191 ipsi
1069 2119 1405 2175 desiderium
1441 2119 1655 2174 arboris
1686 2119 1986 2188 gnstandm,

412 2215 746 2279 incensaque
798 2224 879 2268 est
931 2212 1183 2282 cupidine
1249 2211 1578 2266 divinitatis.
1640 2209 1791 2264 Solet
1842 2210 1986 2263 enim

413 2316 718 2375 peccatum,
775 2315 1009 2360 mentem
1041 2319 1230 2358 eorum
1263 2303 1357 2372 qui
1389 2301 1506 2370 ejus
1552 2312 1681 2356 sunt
1729 2301 1986 2365 studiosi,

414 2396 686 2463 captivam
727 2394 830 2448 sibi
874 2394 1212 2464 mancipare.

484 2489 552 2542 D.
611 2487 804 2541 Maria:
835 2496 884 2540 ct
939 2485 1062 2541 Eva:
1101 2489 1448 2556 comparatio.
1482 2517 1553 2526 -—
1589 2486 1667 2540 Tu
1717 2503 1868 2549 vero,
1913 2488 1988 2540 le-

410 2588 549 2642 rtnr,
600 2578 687 2633 hic
725 2577 857 2632 mihi
905 2575 1130 2630 Mariam
1182 2577 1323 2646 apud
1372 2589 1521 2632 tuum
1562 2577 1805 2630 animum
1856 2590 1989 2630 con-

415 2671 622 2725 tendito
674 2669 949 2740 paulisper
1002 2684 1127 2724 cum
1170 2669 1314 2736 Eva;
1373 2676 1535 2738 atque
1585 2669 1734 2724 illius
1769 2669 1989 2738 quidam

415 2762 812 2829 fortitudinem,
861 2761 1024 2830 hujus
1075 2779 1202 2817 vero
1253 2763 1564 2823 socordiam
1607 2778 1671 2816 ae
1723 2761 1989 2831 ignaviam

413 2857 857 2911 animadvertito.
890 2855 1063 2912 Maria
1091 2856 1238 2910 enim
1266 2871 1388 2926 quae
1420 2855 1720 2924 sa-pissime
1747 2854 1994 2907 audierat

414 2951 744 3020 promissum
791 2967 915 3009 esse
953 2968 983 3008 a
1031 2951 1139 3006 Deo
1167 2951 1433 3021 patrihus,
1467 2949 1801 3003 nasciturum
1833 2946 1993 3002 Chri-

413 3051 582 3104 stum.
616 3059 791 3114 neque
833 3043 1119 3116 ignorabat
1154 3058 1276 3114 quae
1315 3043 1381 3097 de
1429 3057 1492 3096 ea
1533 3057 1591 3096 re
1637 3049 1818 3096 essent
1857 3040 1989 3094 vati-
2017 3084 2062 3146 Ο

414 3135 584 3190 cinati
624 3137 918 3206 propheta,
950 3151 1075 3192 cum
1127 3138 1247 3206 ejus
1287 3136 1464 3191 nuntii
1498 3135 1666 3204 gratia
1717 3135 1784 3189 ad
1821 3135 1989 3205 ipsam

415 3229 654 3283 venisset
683 3230 910 3299 angelus
940 3230 1122 3299 specie
1151 3231 1411 3294 lnunana,
1445 3229 1784 3298 dixissetque
1811 3245 1826 3282 :
1857 3227 1996 3281 Cou-

415 3321 575 3388 cipies
623 3331 674 3375 et
724 3323 900 3389 paries
931 3322 1012 3386 ”;
1057 3337 1399 3392 nequaquam
1437 3321 1615 3376 subito
1653 3322 1808 3374 tidem
1853 3320 1996 3374 illius

417 3414 603 3472 verbis
639 3415 908 3477 adhibuit,
960 3429 1026 3468 eo
1079 3414 1223 3484 quod
1279 3413 1583 3468 inauditum
1623 3421 1780 3466 antea
1829 3422 1994 3474 esset,

416 3507 685 3576 virginem
738 3507 1059 3578 peperisse;
1115 3507 1210 3562 sed
1259 3523 1379 3560 cum
1437 3505 1591 3575 ipso,
1646 3502 1996 3572 disceptando

418 3614 534 3652 rem
582 3602 885 3666 expendere
929 3597 1202 3667 ocempit,
1255 3597 1444 3651 dicens
1494 3613 1509 3650 :
1559 3595 1832 3660 Quomodo
1884 3594 1998 3661 ﬁeri

418 3697 589 3756 potest
620 3699 673 3742 ut
703 3687 798 3742 Itoc
823 3690 1049 3754 eveniat,
1074 3687 1285 3758 quando
1311 3689 1390 3741 rir
1417 3687 1544 3740 mihi
1572 3696 1726 3739 notus
1752 3702 1857 3739 non
1883 3686 1999 3739 est?

420 3783 557 3847 sive,
589 3783 758 3836 virum
791 3797 896 3836 non
929 3798 1184 3852 cognosco
1207 3785 1254 3816 "
1277 3782 1302 3834 .9
1345 3789 1404 3834 ut
1435 3780 1538 3834 alia
1589 3779 1790 3833 habent
1817 3794 1999 3834 exent~

422 3878 618 3948 plaria.
673 3878 753 3932 Ad
809 3879 934 3942 hoc,
985 3877 1119 3934 abiit
1166 3879 1344 3933 visum
1397 3877 1557 3931 etiam
1611 3875 1750 3941 illud,
1788 3875 1998 3944 signum

419 3971 568 4039 quod
621 3968 847 4037 angelus
885 3972 1130 4037 dederat,
1177 3985 1287 4039 quo
1324 3970 1391 4024 de
1431 3969 1601 4037 ipsius
1658 3967 1838 4022 verbis
1878 3965 2001 4019 inde

423 4065 627 4119 certior
658 4065 841 4132 fieret;
873 4063 1150 4134 gravidam
1185 4061 1388 4116 scilicet
1422 4058 1813 4121 Elisabetham,
1844 4057 2002 4112 steri-

425 4157 528 4210 lem
565 4157 766 4224 alioqui
802 4170 989 4209 anum.
1023 4156 1093 4209 At
1129 4153 1235 4208 Eva
1269 4168 1390 4222 qua:
1425 4167 1702 4221 nunquam
1734 4150 2001 4209 audierat,

428 4245 595 4302 Deum
634 4248 837 4302 invidia
875 4247 1146 4310 laborare,
1176 4253 1271 4299 aut
1301 4260 1359 4299 se
1388 4243 1495 4299 diis
1531 4258 1687 4310 pares
1718 4241 1930 4295 futuros
1959 4240 2002 4293 si

428 4337 496 4392 de
520 4338 681 4393 vetita
707 4338 904 4392 arbore
932 4345 1218 4408 gestarent
1236 4375 1253 4400 ,
1290 4334 1451 4389 simul
1482 4343 1646 4401 atque
1679 4331 2006 4400 loquebatur

2090 464 2342 522 serpente
2369 453 2596 523 decepta
2644 463 2746 521 est,
2780 463 2939 522 atque
2970 454 3034 506 ad
3071 454 3227 508 fidem
3277 456 3438 524 hujus
3484 459 3662 514 verbis

2089 545 2391 600 habendam
2427 546 2670 603 indueta.
2701 553 2816 599 tum
2847 547 3065 600 demum
3098 546 3232 601 vidit
3258 547 3508 604 arborem
3540 567 3662 606 esse

2088 639 2371 707 pulchram
2412 638 2480 692 ad
2529 640 2884 702 vescendum,
2916 649 2970 694 ct
3009 649 3253 708 spectatu
3290 641 3662 710 expetibilem,

2087 731 2290 801 quippe
2325 730 2686 787 immoderato
2728 732 3106 802 dissolutoque
3146 735 3385 803 appetitu
3419 745 3549 792 tunc
3579 752 3666 791 ar-

2088 823 2276 878 borem
2327 833 2652 893 aspexerat;
2701 823 2841 886 solet
2891 826 3038 879 enim
3093 825 3467 895 hujuscemodi
3517 830 3659 898 cupi-

2087 915 2231 970 dinis
2267 916 2676 983 immoderatio,
2706 918 2750 972 si
2787 917 3011 987 quando
3056 920 3301 974 animum
3352 921 3572 988 invasit,
3605 938 3668 976 ea

2090 1007 2142 1060 in
2178 1023 2299 1076 qua:
2334 1007 2658 1070 intenditur,
2712 1010 2959 1064 omnium
2999 1011 3368 1080 pulcherrima
3403 1015 3670 1084 gravissi-

2092 1114 2288 1168 maqne
2342 1099 2587 1162 ducere;
2647 1102 2810 1156 sicuti
2873 1105 3095 1159 evenire
3155 1106 3407 1162 videmus
3460 1108 3528 1163 iis
3577 1111 3669 1178 qui

2091 1192 2338 1261 improbo
2391 1192 2608 1248 feminae
2660 1195 2896 1264 alicujus
2953 1211 3143 1252 atnore
3196 1197 3553 1266 detinentur;
3607 1217 3671 1256 ea

2087 1287 2254 1350 enim,
2277 1287 2443 1340 etiam
2468 1287 2514 1342 si
2541 1303 2680 1356 saepe
2702 1289 2772 1342 sit
2795 1287 3102 1346 foedissima
3133 1290 3671 1362 deformissimaque.

2091 1387 2273 1434 tamen
2307 1379 2444 1434 bene
2489 1380 2719 1450 pulchra
2757 1397 2821 1436 ac
2868 1393 3098 1438 venusta
3145 1385 3199 1439 in
3248 1385 3465 1441 illorum
3501 1389 3672 1446 oculis

2091 1471 2342 1536 habetur,
2378 1472 2516 1526 adeo
2566 1481 2625 1526 ut
2672 1473 2885 1530 illorum
2940 1476 3158 1531 cmcitas
3201 1477 3270 1532 iis
3315 1477 3388 1533 sit
3433 1483 3670 1535 ostentui

2090 1564 2183 1632 qui
2211 1564 2278 1618 ab
2307 1579 2369 1618 ea
2403 1565 2747 1633 permotione
2785 1566 2953 1620 animi
2999 1567 3265 1624 adversus
3317 1569 3464 1624 illam
3515 1571 3675 1626 femi-

2095 1672 2217 1711 nam
2251 1656 2407 1711 vacui
2441 1666 2589 1712 sunt.
2643 1657 2814 1726 Igitur
2849 1659 2976 1728 quia
3016 1661 3259 1726 mulieri,
3289 1664 3489 1732 cupido
3532 1665 3676 1718 illius

2093 1748 2306 1802 arboris
2343 1763 2438 1816 per
2473 1749 2744 1818 serpentis
2777 1748 3022 1804 fraudem
3053 1751 3165 1821 jam
3199 1753 3398 1823 injecta
3432 1766 3572 1824 erat,
3603 1756 3676 1810 oit

2094 1843 2292 1905 Moses.
2333 1845 2504 1911 ipsam
2552 1845 2744 1899 ridi-se
2791 1845 3034 1900 arborem
3085 1848 3226 1916 quod
3273 1849 3496 1917 pulchra
3547 1867 3677 1909 esset

2093 1935 2162 1988 ad
2200 1935 2528 2000 vescendum,
2585 1946 2686 1992 etc.
2747 1935 2853 1992 Sed
2908 1947 2966 1992 ut
3000 1953 3089 1994 res
3139 1941 3314 2010 magis
3353 1943 3675 2011 illustratur,

2091 2029 2350 2092 dicimus,
2407 2030 2584 2084 tribus
2632 2030 2858 2086 omnino
2936 2031 3146 2087 vicibus
3196 2033 3305 2088 alio
3351 2045 3514 2106 atque
3571 2039 3679 2093 alio

2095 2120 2259 2174 modo
2297 2120 2462 2174 Evam
2498 2121 2700 2176 vidisse
2733 2122 2879 2176 illam
2910 2121 3184 2180 arborem.
3213 2123 3400 2181 Primo
3429 2129 3674 2198 quidem,

2093 2212 2310 2283 quando
2341 2213 2460 2281 lege
2485 2228 2605 2266 eam
2642 2213 2858 2268 velabat
2882 2214 3063 2281 Deus;
3099 2215 3297 2271 iterum
3328 2232 3358 2272 a
3390 2218 3591 2275 Satana
3623 2222 3677 2276 in

2094 2306 2342 2361 fraudem
2395 2306 2724 2361 illiciebatur
2763 2308 2913 2377 ipsa;
2957 2309 3118 2364 tertio
3169 2322 3460 2382 postquam
3490 2315 3557 2370 de
3587 2316 3679 2370 illa

2094 2399 2317 2455 edisset.
2354 2399 2420 2453 lit
2465 2400 2642 2468 primo
2669 2402 2888 2474 quidem
2919 2402 3244 2472 simpliciter
3272 2405 3524 2461 intuitam
3555 2424 3680 2462 esse

2096 2502 2153 2545 ιιι
2191 2503 2510 2546 cauerat-um
2552 2491 2808 2544 arborum
2853 2508 3016 2546 unam
3057 2495 3380 2563 quamlibet.
3424 2499 3678 2554 Secundo

2096 2600 2225 2639 vozro
2266 2599 2372 2638 non
2408 2584 2732 2654 simpl'niter
2767 2587 3070 2654 aspexisse,
3107 2587 3201 2642 sed
3243 2603 3366 2642 cum
3416 2589 3675 2659 cupitline

2097 2692 2200 2747 qua
2239 2677 2352 2747 jam
2393 2687 2503 2730 tum
2547 2678 2852 2740 tenebatur,
2885 2693 3101 2746 quaque
3143 2681 3401 2736 censebat
3428 2683 3673 2737 omnium

2098 2769 2522 2840 pulcherrimam
2581 2785 2745 2830 esse;
2789 2769 2933 2824 sicut
2981 2769 3223 2826 Thamar
3276 2773 3680 2830 formosissima

2098 2862 2384 2918 videbatur
2425 2861 2477 2914 in
2510 2861 2684 2916 oculis
2719 2863 3002 2920 Ammonis
3035 2879 3223 2920 amore
3253 2866 3374 2935 ejus
3410 2867 3676 2938 impediti.

2098 2955 2284 3011 Tertio
2319 2956 2576 3026 denique,
2618 2955 2777 3010 simul
2826 2965 2989 3025 atque
3039 2966 3335 3028 gustasset,
3387 2967 3500 3014 tum
3551 2976 3682 3014 vero

2099 3049 2316 3104 demum
2351 3063 2450 3117 pro
2485 3048 2641 3102 valde
2678 3047 2823 3102 foeda
2875 3047 3103 3117 diraque
3144 3049 3404 3106 habuisse
3453 3069 3466 3104 :
3517 3052 3682 3106 sicuti

2099 3137 2266 3196 etiam
2307 3140 2541 3194 Ammon
2597 3154 2839 3194 sororem
2891 3154 3047 3194 suam
3099 3141 3358 3206 Thamar,
3415 3153 3474 3197 ut
3509 3145 3684 3199 viola-

2099 3241 2272 3297 verat,
2305 3231 2540 3313 invisam
2573 3231 2834 3296 habebat;
2869 3233 3116 3300 quamvis
3144 3235 3287 3287 enim
3320 3248 3426 3288 una
3455 3236 3680 3290 eadem-

2100 3340 2208 3396 que
2258 3325 2513 3379 manebat
2561 3323 2738 3392 ipsius
2789 3321 3029 3378 Thamar
3069 3323 3241 3379 forma
3288 3337 3413 3380 ante
3461 3335 3516 3379 et
3563 3337 3685 3396 post

2100 3418 2398 3472 admissum
2449 3425 2719 3484 stuprum,
2752 3423 2954 3482 tamen
3005 3431 3170 3486 quam
3225 3418 3380 3488 prius
3413 3417 3581 3473 frater
3613 3421 3684 3472 oh

2100 3517 2438 3564 venustatem
2464 3508 2765 3571 adamarat,
2795 3517 3086 3578 postquam
3113 3524 3207 3578 per
3233 3520 3514 3580 peccatum
3542 3525 3686 3566 esset

2103 3602 2328 3664 abusus,
2379 3597 2508 3652 odio
2555 3600 2991 3667 prosequebatur
3019 3597 3085 3653 ⁵⁸.
3137 3598 3325 3668 Itaque
3371 3600 3540 3654 arbor
3596 3601 3685 3653 illa

2101 3706 2224 3760 qua:
2259 3690 2372 3761 pari
2423 3691 2826 3758 pulchritudine
2870 3689 2977 3746 fuit
3017 3706 3140 3746 cum
3174 3690 3242 3746 de
3287 3693 3402 3762 ipsa
3450 3689 3686 3747 ferretur

2105 3785 2188 3837 lex
2223 3791 2276 3836 et
2325 3797 2450 3834 cum
2502 3793 2647 3836 esset
2685 3783 2919 3836 daemoni
2960 3781 3172 3838 fraudis
3212 3783 3463 3846 materia,
3497 3799 3560 3838 ac
3593 3785 3686 3838 de-

2104 3875 2270 3944 niqne
2315 3882 2438 3944 post
2475 3875 2794 3943 decerptum
2833 3882 3225 3944 gustatumque
3254 3889 3286 3929 a
3318 3875 3548 3931 muliere
3577 3875 3692 3930 fru-

2105 3977 2294 4030 ctum;
2337 3977 2514 4020 tatnen
2568 3967 2743 4034 primu
2797 3981 2974 4036 neque
3029 3965 3258 4034 pulchra
3312 3982 3490 4038 neque
3543 3967 3690 4022 foeda

2105 4059 2219 4114 visa
2252 4058 2444 4129 primis
2493 4058 2700 4112 nostris
2749 4057 3072 4124 parentibus
3118 4066 3223 4123 est,
3256 4072 3380 4112 mox
3412 4073 3542 4114 vero
3575 4059 3692 4128 pul-

2108 4151 2422 4213 cherrima,
2480 4149 2573 4204 sed
2645 4157 2922 4218 postremo
2989 4150 3150 4220 plane
3215 4149 3552 4206 detestabilis
3608 4160 3693 4205 est

2110 4245 2293 4299 habita
2333 4253 2621 4312 postquam
2679 4252 2961 4310 peccatum
3017 4257 3114 4311 per
3171 4242 3343 4311 ipsam
3401 4243 3691 4297 admisere.

2110 4336 2258 4390 Vidit
2307 4335 2469 4404 igitur
2506 4335 2653 4403 quod
2707 4333 2930 4401 pulchra
2979 4333 3378 4401 eommodaque
3426 4343 3575 4388 esset
3626 4335 3691 4386 ad

429 4443 553 4482 cum
590 4430 727 4498 ipsa,
755 4444 861 4483 "0"
888 4429 1000 4498 iam
1033 4428 1271 4482 Imma”
1300 4425 1496 4494 aliquis
1523 4424 1706 4493 εΡθθίυ
1731 4435 2001 4492 apparens
2035 4425 2078 4479 Ι)
2111 4430 2435 4484 vescendum
2473 4443 2581 4499 prie
2617 4428 2825 4482 caeteris
2869 4427 3100 4496 paradisi
3149 4425 3489 4496 quibuslibet
3535 4427 3694 4508 arbo-

431 4523 522 4574 sed
563 4537 809 4589 serpens,
848 4520 982 4574 nihil
1022 4520 1266 4588 disputat
1303 4517 1370 4571 de
1414 4516 1632 4580 arbore,
1665 4514 1756 4568 sed
1808 4513 2007 4566 divini-

432 4614 558 4667 tatis
595 4613 894 4668 atnhitione
939 4613 1273 4674 incenditur,
1306 4607 1698 4678 vilipenditque
1730 4605 1824 4658 Dei
1858 4621 2009 4657 nutu-

428 4705 646 4767 datum,
679 4720 848 4772 quare
880 4715 1248 4759 consentanee
1274 4702 1340 4757 de
1372 4716 1434 4756 ea
1466 4701 1672 4756 dictum
1707 4707 1792 4753 est
1823 4711 1852 4750 a
1881 4695 2008 4750 divo

429 4795 581 4850 Mose
623 4815 637 4851 :
679 4796 746 4849 Et
779 4798 904 4850 vidit
938 4796 1130 4849 mulier
1165 4795 1304 4864 quod
1333 4793 1554 4863 pulchra
1585 4800 1718 4845 esset
1752 4790 1908 4843 arbor
1938 4789 2006 4841 ad

431 4890 766 4953 vescendum,
801 4898 849 4942 et
882 4888 1176 4956 expetibilis
1212 4888 1399 4950 oculis,
1448 4895 1606 4954 atque
1642 4882 2004 4937 desiderabilis

431 4993 692 5051 spectata.
747 4980 969 5036 Viderat
1021 4981 1238 5050 quidem
1295 4979 1497 5033 femina
1559 4976 1809 5031 arborem
1860 4975 2004 5027 illam

428 5075 596 5128 etiam
645 5075 798 5142 prius
835 5090 998 5146 quam
1050 5073 1194 5127 illam
1247 5086 1476 5142 serpens
1524 5069 1790 5133 adiisset,
1834 5082 2010 5136 neque

432 5168 580 5222 enim
634 5176 847 5235 poterat
901 5167 1018 5235 lege
1073 5164 1305 5218 inhiberi
1359 5163 1459 5232 ipsi
1516 5163 1680 5216 arbor
1732 5175 1839 5214 non
1874 5159 2008 5212 visa.

433 5259 590 5326 Quod
629 5275 760 5314 vero
809 5258 988 5314 Moses
1031 5260 1142 5329 jam
1191 5259 1290 5320 ait,
1329 5256 1518 5310 uidisse
1554 5255 1824 5309 mulierem
1874 5253 2012 5323 quod

433 5354 656 5422 puli-lira
681 5362 818 5407 esset
848 5354 1006 5406 arbor
1028 5355 1094 5406 ad
1121 5352 1453 5416 vescendum,
1478 5359 1534 5404 et
1561 5365 1682 5419 quae
1710 5358 2016 5418 sequuntur

434 5447 564 5507 alia,
617 5446 860 5500 ostendit
906 5445 1015 5498 alio
1070 5445 1230 5498 modo
1274 5452 1401 5497 ante
1431 5440 1697 5495 daztuonis
1728 5453 2011 5494 accessum

434 5541 613 5595 visam
649 5540 718 5593 ah
750 5539 839 5593 illa
872 5538 1042 5593 fuisse
1070 5538 1347 5602 arborem,
1380 5535 1490 5591 alio
1521 5543 1668 5605 post.
1698 5535 1840 5588 Ante
1867 5531 2013 5585 enim

509 5718 556 5750 "
586 5718 714 5776 Luc.
775 5735 812 5778 ι,
856 5718 945 5771 5t.

801 5817 1069 5878 Parum“
1121 5820 1234 5876 tiu.
1286 5814 1442 5875 C.\'l.

2113 4523 2291 4587 ribus,
2333 4536 2511 4592 coque
2555 4524 2764 4577 acriore
2811 4523 2863 4576 in
2909 4521 3083 4590 ipsam
3126 4519 3368 4590 appetitu
3409 4528 3563 4589 rapta
3611 4530 3696 4573 est
3789 4547 3791 4549 -

2115 4627 2279 4683 quam
2309 4613 2361 4666 in
2389 4621 2708 4667 exterarum
2736 4613 3014 4682 aliquam;
3046 4626 3156 4666 non
3189 4611 3333 4680 quod
3365 4611 3530 4664 arbor
3553 4611 3692 4679 ipsa.

2117 4705 2212 4760 sed
2236 4705 2364 4773 quia
2392 4704 2606 4759 femina:
2628 4705 2844 4759 animus
2866 4712 3011 4760 esset
3036 4712 3280 4757 mutatus
3308 4716 3404 4772 per
3426 4703 3696 4772 serpentis

2118 4799 2402 4863 fraudem,
2464 4801 2557 4867 qtti
2610 4798 2858 4850 muliebri
2915 4797 3239 4851 crudelitate
3291 4803 3452 4865 atque
3506 4795 3693 4850 elfreni

2118 4889 2342 4942 libidine
2373 4887 2546 4956 ipsam
2581 4888 2774 4957 agebat
2808 4886 3142 4956 praecipitem
3171 4888 3235 4940 ad
3266 4901 3386 4941 eam
3419 4886 3696 4939 arbori-ui.

2116 4978 2385 5035 Caeterum
2422 4977 2602 5048 aptior
2633 4977 2808 5033 videri
2854 4979 3025 5047 possit
3064 4978 3356 5032 verborum
3395 4985 3695 5034 structura.

2119 5075 2162 5126 si
2205 5072 2288 5127 sic
2318 5071 2530 5141 legatur
2569 5089 2586 5126 :
2626 5069 2695 5124 Et
2733 5072 2864 5124 vidit
2901 5072 3089 5124 mulier
3125 5071 3264 5140 quod
3312 5069 3531 5136 pulchra
3565 5079 3700 5122 esset

2123 5166 2280 5217 arbor
2324 5163 2518 5226 oculis,
2543 5175 2590 5217 et
2622 5163 2913 5232 expetibilis
2961 5163 3030 5216 ad
3071 5161 3414 5225 vescendum;
3451 5159 3700 5228 pttlcltri~

2125 5258 2256 5311 tudo
2294 5261 2438 5312 enim
2469 5259 2536 5312 ad
2569 5259 2848 5328 spectandi
2883 5272 3103 5312 sensum
3157 5257 3409 5325 pertinet,
3444 5265 3504 5307 ut
3532 5269 3700 5323 appe-

2125 5349 2262 5402 titus
2295 5349 2360 5402 ad
2396 5348 2603 5403 cibum.
2638 5347 2742 5404 Sed
2789 5349 2892 5403 hoc
2923 5348 3050 5402 alibi
3081 5346 3192 5416 jam
3225 5361 3255 5399 a
3287 5344 3447 5399 nobis
3479 5356 3562 5400 est
3590 5355 3702 5400 tra-
3757 5407 3760 5410 ι

2126 5448 2354 5495 elatum.
2390 5439 2490 5494 Est
2521 5453 2651 5493 vero
2683 5449 2739 5494 et
2772 5439 2874 5493 hoc
2914 5434 3456 5492 animadvertendum
3491 5452 3557 5490 ex
3591 5437 3702 5493 illis

2127 5531 2308 5588 verbis
2350 5550 2363 5587 :
2409 5532 2474 5586 fit
2517 5533 2640 5588 vidit
2695 5531 2908 5598 mulier,
2962 5539 3093 5595 etc.,
3141 5527 3320 5598 colligi
3371 5529 3543 5599 ipsam
3595 5547 3701 5585 non

1023 5718 1065 5748 "
1102 5717 1235 5771 Ibid.
1288 5715 1377 5769 τι.
1451 5717 1496 5749 ⁸⁸
1529 5713 1571 5769 ll
1605 5714 1737 5788 ltvg.
1775 5730 1896 5782 xm,
1933 5713 1956 5768 t
1993 5727 2145 5784 seqq.

3277 5803 3348 5864 18
