4100 6212
494 310 597 373 555

1763 302 1994 363 MOSIS
2034 299 2183 359 BAR
2226 298 2476 361 CEPHA

3628 302 3735 363 526

492 426 676 483 subito
716 439 778 480 ac
812 440 1039 495 propere
1088 425 1153 479 de
1194 425 1391 479 arbore
1440 432 1709 496 gustasse,
1758 422 1852 476 sed
1890 421 2060 476 multa
2091 424 2136 480 Α
2164 427 2468 488 acceperat,
2506 417 2750 472 futurum
2785 426 2976 471 utnon
3011 419 3186 472 solum
3226 432 3331 471 non
3370 427 3736 483 morerentur,

492 517 643 585 prius
696 530 881 569 secum
932 515 1244 569 meditatam
1287 531 1301 568 :
1337 524 1495 583 alque
1545 528 1667 566 eum
1706 512 1875 575 illam,
1915 513 2067 580 jnvta

492 608 753 661 insistens
802 605 873 660 ob
925 608 1114 660 oculos
1172 605 1391 658 haberet
1445 623 1459 658 :
1509 613 1916 673 aspectantem,
1964 602 2065 656 alia

489 710 657 769 atque
698 698 801 752 alia
846 698 1029 752 animo
1059 697 1295 751 voluisse
1328 713 1342 750 :
1380 694 1446 749 Et
1472 696 1674 765 accepit
1705 695 1769 747 de
1813 695 2068 764 fructibus

492 791 659 858 ipsius
692 798 740 843 et
772 788 901 841 edit.

560 880 671 935 Cur
723 878 835 934 Eva
885 888 1007 933 ante
1060 886 1299 932 vocatum
1353 878 1618 931 Adanmm
1668 879 1952 948 gustaverit
2006 880 2069 932 de

495 973 681 1027 arbore
710 972 960 1029 scientiis.
988 1001 1058 1011 —
1085 970 1303 1037 Quaerat
1337 971 1557 1039 aliquis,
1587 985 1684 1024 cur
1720 986 1825 1023 non
1862 972 2070 1026 vocarit

495 1064 804 1128 Adamum,
855 1071 912 1116 ut
958 1064 1004 1116 is
1043 1064 1194 1131 prior
1237 1061 1454 1115 ederet!
1500 1045 1756 1113 nimirum
1798 1058 2063 1114 transfor-

500 1158 637 1210 mari
676 1142 791 1226 ipsa
823 1158 970 1224 prior
1001 1154 1255 1223 cupiebat
1291 1154 1342 1206 in
1376 1152 1558 1219 deum,
1584 1154 1872 1222 virumque
1906 1167 2068 1206 suum

496 1250 780 1303 divinitate
830 1248 1143 1303 antevenire
1190 1247 1281 1315 qui
1335 1260 1393 1300 se
1446 1247 1784 1299 humanitate
1834 1259 2070 1314 ιιι-κραδ-

496 1350 666 1404 serat,
718 1352 829 1407 quo
881 1338 982 1391 hac
1030 1337 1243 1392 ratione
1297 1335 1827 1389 administrationem
1883 1349 2066 1387 rerum

499 1444 609 1497 pra:
646 1429 739 1482 illo
785 1435 949 1497 atque
1004 1427 1289 1495 imperium
1340 1424 1610 1478 obtineret
1657 1440 1673 1476 :
1722 1422 2071 1478 existimabat

493 1520 640 1576 enim
691 1520 854 1574 simul
892 1526 1057 1589 atque
1095 1525 1363 1588 gustaret,
1405 1516 1672 1586 evestigio
1720 1518 1774 1570 in
1822 1517 1977 1570 deam
2010 1532 2072 1572 se

496 1612 947 1667 transformatnm
990 1610 1055 1664 iri
1094 1625 1197 1679 pro
1244 1609 1452 1664 fallacis
1503 1609 1773 1678 serpentis
1819 1608 2068 1664 consilio.

498 1707 737 1760 Rursum
768 1706 938 1775 quaeri
970 1712 1171 1774 potest,
1206 1702 1562 1772 quamobrem
1597 1716 1703 1755 non
1740 1710 1865 1755 sunt
1898 1702 2069 1771 aperti

494 1798 742 1853 mulieris
778 1798 943 1863 oculi,
980 1797 1375 1866 agnoveritque
1412 1808 1567 1849 suam
1608 1795 1724 1864 ipsa
1767 1794 2069 1849 nuditatem

502 1904 625 1942 mox
664 1888 755 1942 ubi
790 1889 992 1943 edisset
1031 1903 1154 1941 eum
1190 1887 1455 1952 fructum,
1492 1886 1632 1940 sicut
1671 1886 1870 1941 accidit
1936 1886 2073 1940 utri-

497 1996 603 2046 que
635 1989 921 2049 postquam
954 1978 1191 2033 edissent
1240 1979 1421 2034 ambo.
1460 1976 1638 2048 Hujus
1666 1979 1743 2031 rei
1783 1978 1897 2032 hac
1948 1978 2071 2032 red-

497 2072 674 2125 donda
705 2079 787 2124 est
831 2068 971 2123 ratio
1003 2086 1015 2122 :
1049 2069 1094 2122 si
1131 2068 1219 2123 illa
1260 2070 1426 2124 simul
1474 2082 1634 2141 atque
1672 2074 1819 2142 prior
1848 2073 2068 2141 edisset,

497 2160 839 2215 verecundiae
870 2174 1035 2215 sensu
1070 2157 1267 2214 fuisset
1302 2160 1575 2229 perculsa,
1607 2163 1892 2217 metuisset
1927 2163 2073 2218 Ada-

502 2267 621 2306 mus
683 2262 849 2320 atque
913 2250 1307 2316 abstinuisset,
1377 2267 1555 2321 neque
1623 2261 1801 2307 tamen
1859 2269 1921 2307 ea
1969 2255 2071 2309 sibi

486 2347 826 2401 abstinentia
877 2346 1105 2415 justitia:
1153 2345 1366 2400 laudem
1419 2346 1582 2399 ullam
1637 2347 1959 2413 meruisset,
2012 2358 2073 2401 ut

501 2440 593 2508 qui
626 2454 734 2493 non
760 2438 962 2493 divinae
992 2438 1128 2507 legis
1156 2438 1460 2493 reverentia
1488 2446 1542 2491 et
1572 2447 1817 2507 respectu
1851 2439 1944 2493 sed
1979 2454 2075 2509 per

500 2531 689 2584 uxoris
735 2530 995 2599 pudorem
1046 2528 1240 2584 fuisset
1289 2529 1586 2583 cohibitus.
1637 2529 1808 2595 Igitur
1852 2530 2073 2598 quando

496 2631 774 2676 certamen
806 2638 870 2675 ex
905 2637 1059 2691 aequo
1094 2620 1160 2675 ad
1202 2630 1493 2690 utrumque
1532 2620 1835 2689 spectabat,
1870 2619 2072 2676 facien-

501 2720 740 2785 dumque
769 2725 889 2770 erat
937 2715 1235 2783 periculum
1270 2716 1336 2769 de
1370 2714 1654 2783 utriusque
1698 2714 1860 2767 simul
1897 2713 2074 2768 indole

491 2828 566 2864 ac
593 2812 904 2873 voluntate;
939 2806 1153 2862 distulit
1185 2807 1327 2860 Deus
1357 2806 1478 2858 Evze
1508 2806 1916 2872 verecundiam,
1946 2805 2074 2858 effe-

501 2904 685 2970 citque
730 2917 794 2953 ne
826 2902 998 2969 ipsam
1027 2898 1194 2954 simul
1223 2913 1344 2951 cum
1373 2906 1588 2967 gustato
1634 2897 1813 2951 fructu
1849 2884 2076 2966 puder’et

504 2992 786 3045 nuditatis.
817 2989 883 3041 Et
909 2990 1046 3041 dedit
1076 2989 1234 3041 etiam
1261 2989 1369 3041 viro
1397 3004 1492 3040 suo
1522 3004 1717 3054 serum,
1745 2997 1795 3040 et
1826 2986 2072 3040 comedit.

2169 524 2357 563 verum
2404 509 2567 563 etiam
2625 508 2852 563 deorum
2899 508 3112 563 similes
3161 510 3486 573 evaderent,
3534 518 3588 562 et
3636 510 3741 564 alia

2170 603 2392 671 insuper
2426 601 2702 656 aiilnxisse
2741 601 2940 670 quibus
2987 600 3241 653 maritum
3296 600 3360 653 ad
3413 600 3742 654 vescendum

2171 695 2468 765 pelliceret,
2519 703 2684 765 atque
2731 695 2802 748 ita
2841 702 3133 761 utrumque
3172 692 3372 753 edisse,
3422 691 3746 761 facinusque

2170 787 2465 857 pessimum
2502 787 2806 841 admisisse.
2842 785 2982 851 Quin
3017 785 3271 839 dominus
3329 784 3562 853 Ephrem
3606 784 3741 837 scri-

2172 879 2270 942 bit,
2316 876 2481 931 Evam
2516 877 2686 931 multa
2735 876 3125 947 pollicitatione
3170 876 3493 932 sollicitasse
3538 879 3746 943 virum,

2172 979 2333 1041 atque
2378 972 2446 1025 ad
2494 971 2823 1025 vescendum
2866 971 3168 1037 induxiSSe,
3226 978 3479 1024 caeterum
3533 969 3746 1034 Most-n,

2172 1064 2372 1133 quibus
2425 1078 2519 1117 usa
2568 1064 2685 1131 ipsa
2737 1063 2809 1117 sit
2844 1064 3060 1126 verbis,
3117 1061 3570 1131 praetermisisse,
3620 1079 3745 1117 cum

2173 1165 2316 1209 esset
2345 1164 2639 1210 contentus
2668 1156 2920 1211 docuisse
2952 1169 3053 1209 nos
3084 1154 3340 1208 feminam
3375 1156 3494 1208 viro
3525 1171 3745 1210 causam

2173 1247 2436 1301 violandae
2473 1248 2606 1316 legis
2646 1247 2834 1312 fuisse,
2877 1261 2941 1300 eo
2972 1247 3117 1315 quod
3156 1248 3349 1301 vetitos
3393 1244 3607 1302 fructus
3644 1248 3742 1318 ipsi

2172 1338 2410 1392 edendos
2453 1338 2927 1401 subministrarit,
2982 1346 3035 1392 et
3077 1338 3242 1391 simul
3292 1339 3505 1391 animos
3554 1338 3750 1392 edendi

2175 1429 2442 1483 addiderit
2480 1448 2494 1483 :
2526 1431 2795 1498 serpentis
2829 1444 2957 1483 vero
2990 1431 3152 1483 verba
3186 1431 3383 1484 litteris
3417 1430 3745 1497 prodidisse.

2175 1530 2235 1574 ut
2278 1535 2401 1574 eum
2446 1520 2876 1590 intelligeremus
2920 1518 3096 1587 ipsum
3147 1534 3267 1573 esse
3314 1521 3529 1588 generis
3574 1520 3747 1574 nostri

2177 1625 2523 1666 communem
2570 1613 2803 1674 hostem,
2839 1626 3014 1681 eoque
3051 1612 3278 1665 insidias
3330 1613 3753 1680 improbitatem-

2176 1719 2282 1774 que
2335 1704 2529 1774 ipsius,
2582 1704 2863 1767 evitandi,
2918 1704 3093 1773 major
3144 1705 3299 1758 nobis
3350 1705 3533 1759 cautio
3580 1716 3748 1761 esset.

2178 1796 2349 1850 Porro
2388 1810 2508 1864 qum
2560 1794 2725 1849 fuerit
2765 1796 2926 1850 arbor
2958 1798 3023 1850 de
3070 1811 3176 1866 qua
3202 1797 3431 1851 ederunt
3478 1798 3649 1852 Adam
3697 1810 3751 1854 et

2178 1887 2310 1950 Eva,
2352 1896 2405 1943 et
2449 1902 2739 1959 quemnam
2794 1887 3028 1942 fructum
3067 1888 3574 1959 gustarint,'supra
3606 1900 3687 1945 est
3720 1908 3750 1946 a

2180 1980 2336 2035 nobis
2388 1987 2798 2049 pertractatum.
2853 1979 2933 2033 Ad
2994 1979 3108 2033 haec
3170 1979 3300 2034 illud
3352 1981 3517 2034 etiam
3570 1997 3750 2052 operze

2178 2073 2413 2142 pretium
2453 2071 2617 2126 fuerit
2652 2071 3108 2125 animadvertisse
3157 2088 3172 2125 :
3223 2086 3345 2126 cum
3397 2072 3649 2143 quisquis
3693 2090 3752 2127 re

2179 2164 2359 2234 aliqua
2404 2165 2663 2228 vescitur,
2709 2172 2803 2217 aut
2846 2161 3003 2216 famis
3039 2164 3366 2217 necessitate
3399 2164 3622 2234 impelli,
3659 2178 3751 2220 aut

2179 2260 2257 2315 rei
2292 2258 2407 2327 ejus
2450 2244 2674 2311 libidine
2713 2254 3082 2324 eil‘rcnataque
3119 2255 3451 2325 cupiditate;
3484 2257 3747 2311 Adunum

2179 2350 2326 2403 nulla
2363 2348 2506 2402 fame
2538 2356 2785 2417 cogente,
2832 2346 2927 2400 sed
2973 2347 3195 2399 libidine
3241 2348 3525 2411 suadente,
3558 2350 3623 2404 dc
3658 2351 3746 2404 ilia

2181 2442 2376 2495 arbore
2407 2440 2608 2505 edisse,
2650 2455 2712 2494 ac
2756 2440 2980 2509 proinde
3009 2441 3055 2495 ei
3087 2442 3547 2510 concupiscentiae
3574 2446 3752 2497 Cultu!-

2182 2537 2322 2589 sisse
2352 2543 2658 2601 peccatum.
2696 2531 2829 2585 Nam
2864 2541 2917 2585 nl
2956 2532 3331 2603 apostolorum
3378 2534 3596 2604 quidam
3630 2536 3700 2589 ait
3735 2554 3751 2591 :

2182 2626 2615 2695 Concupiscentia
2676 2625 2902 2687 concipit
2953 2633 3003 2677 et
3052 2626 3197 2693 parit
3260 2635 3528 2694 peccatum
3569 2627 3638 2680 ".
3693 2628 3750 2682 Si

2180 2720 2327 2775 enim
2356 2733 2459 2771 non
2484 2733 2576 2788 per
2605 2716 2906 2777 libidinem,
2941 2715 3034 2769 sed
3066 2726 3123 2770 ut
3149 2716 3238 2786 qui
3260 2720 3592 2772 nutrimento
3616 2736 3755 2788 opus

2180 2813 2426 2871 haberet,
2471 2808 2689 2868 edisset.
2728 2808 2797 2861 de
2827 2811 3040 2865 caeteris
3077 2809 3280 2865 edisset
3314 2810 3607 2865 arboribus
3642 2813 3749 2864 sibi

2182 2902 2235 2956 in
2270 2910 2479 2970 pastum
2532 2901 2836 2970 permissis,
2878 2915 2986 2955 non
3033 2902 3098 2955 de
3143 2917 3204 2956 ea
3254 2913 3429 2957 autem
3477 2917 3596 2972 qum
3629 2904 3749 2957 tota

2182 2994 2282 3048 sibi
2314 2993 2493 3047 fuerat
2516 2994 2677 3046 vetita
2705 3011 2719 3046 :
2746 2993 2926 3062 itaspte
2956 2993 3534 3049 famesextra'noxam
3569 2996 3751 3049 futma

503 3082 1009 3135 Existimandumue
1038 3089 1123 3134 est
1156 3080 1244 3134 hic
1277 3079 1554 3133 mulierem
1602 3080 1926 3149 simpliciter
1958 3081 2150 3171 viro.c
2183 3092 2329 3147 erat,
2365 3097 2489 3136 cum
2539 3083 2979 3152 concupiscentia
3024 3100 3144 3138 eum
3190 3094 3417 3155 peccato
3460 3087 3748 3156 conjuncta

504 3174 843 3243 porrexisse,
899 3173 1075 3226 virum
1133 3188 1257 3225 vero
1307 3172 1508 3233 edisse,
1560 3186 1685 3225 cum
1760 3186 1937 3240 neque
1987 3169 2076 3223 illa

508 3267 724 3320 verbum
759 3268 927 3318 ullum
962 3263 1030 3318 ad
1071 3266 1247 3332 ipsum
1278 3263 1500 3326 faceret,
1532 3279 1707 3331 neque
1739 3263 1853 3347 ipse
1884 3278 2078 3318 rursus

504 3358 647 3426 apud
693 3357 838 3410 illaut
885 3355 952 3410 de
981 3369 1045 3408 eo
1085 3354 1207 3407 cibo
1237 3352 1603 3421 disquireret?
1643 3352 2077 3406 Santonos-cen-

506 3465 691 3504 scmus
718 3458 771 3503 et
798 3450 975 3501 virum
1016 3446 1084 3499 de
1113 3445 1236 3498 cibo
1279 3442 1679 3512 disquisivisse,
1709 3451 1761 3496 et
1794 3443 2077 3497 mulierem

506 3542 607 3610 ipsi
648 3550 760 3593 tum
807 3553 869 3592 ea
918 3538 1079 3590 verba
1121 3533 1375 3589 retulisse
1409 3532 1554 3601 quod
1600 3531 2076 3600 serpensdaemon

506 3635 610 3687 sibi
656 3633 900 3696 dixerat,
953 3640 1064 3682 tum
1123 3627 1228 3680 alia
1284 3633 1545 3695 praeterea
1596 3640 1660 3677 ex
1715 3638 1815 3677 suo
1862 3624 2080 3691 ingenio

504 3726 773 3794 adiecisse
811 3739 933 3793 quae
981 3722 1046 3774 ad
1098 3720 1537 3789 persuadendum
1583 3718 1850 3771 Adamum
1900 3716 2081 3771 facere

508 3825 723 3886 putaret
774 3829 790 3870 :
824 3814 988 3883 idque
1028 3811 1114 3866 his
1154 3810 1458 3864 rationibus
1502 3806 1865 3861 demonstrari
1919 3819 2081 3875 posse

501 3910 908 3964 existimamus.
942 3905 1126 3959 Primo
1171 3903 1316 3958 enim
1366 3918 1491 3957 cum
1541 3910 1665 3955 ante
1700 3900 1956 3953 violatam
1999 3898 2080 3951 le-

507 4018 651 4067 gem,
691 4016 898 4068 inagna:
935 4012 1081 4053 cura!
1111 3995 1277 4049 fuerit
1306 3995 1520 4063 utrique
1553 4010 1620 4049 ne
1646 3992 1777 4063 quid
1814 3993 2080 4046 adversus

512 4092 601 4146 Dei
638 4092 794 4159 jussa
838 4088 1269 4149 committerent,
1316 4099 1422 4138 non
1463 4084 1643 4155 potuit
1694 4081 1938 4151 profecto
1968 4078 2079 4135 Eva

503 4182 835 4253 porrigenda
886 4180 1048 4234 modo
1099 4179 1282 4233 cibum
1343 4177 1568 4231 vetitum
1625 4189 1799 4244 neque
1852 4173 2078 4228 verbum

508 4277 675 4330 tilium
720 4274 968 4329 addendo
1008 4271 1265 4325 inducere
1301 4268 1572 4322 Adamum
1618 4266 1685 4320 ad
1726 4266 2081 4330 vescendum,

507 4369 642 4421 nihil
676 4380 903 4436 prorsus
945 4362 1015 4418 de
1040 4376 1107 4418 eo
1149 4358 1296 4431 quod
1330 4359 1732 4430 porrigebatur,
1765 4357 2078 4426 disquiren-

2183 3175 2289 3241 sit;
2324 3175 2522 3243 quippe
2556 3175 2695 3228 hanc
2737 3175 2983 3228 ciborum
3029 3176 3271 3231 luxuries
3313 3176 3619 3238 comitatur,
3655 3178 3749 3244 qui

2181 3279 2308 3317 vero
2344 3264 2598 3333 ingluviei
2642 3264 3049 3335 indulgent.-atl
3078 3281 3346 3320 venerem
3390 3268 3544 3337 proni
3590 3269 3747 3330 ilum,

2183 3365 2371 3426 utpote
2409 3356 2606 3425 gnlosi,
2659 3359 2834 3411 ventri
2888 3357 3204 3426 mancipati,
3242 3357 3467 3426 proici-ti
3494 3357 3750 3427 'deniqnc

2181 3449 2248 3501 ad
2299 3447 2707 3512 ebriositatem,
2757 3463 2875 3518 quae
2907 3451 3048 3503 vitia
3098 3460 3260 3518 atque
3312 3449 3549 3502 maxima
3604 3454 3751 3502 sunt.

2187 3535 2413 3591 Veneris
2463 3552 2629 3605 porro
2678 3538 2909 3592 comites
2960 3548 3086 3592 sunt
3128 3537 3388 3599 scortari,
3435 3539 3752 3600 adulterari,

2181 3644 2306 3683 cum
2356 3630 2598 3682 maribus
2644 3644 2842 3698 corpus
2890 3630 3249 3685 commiscere
3303 3648 3317 3683 :
3367 3646 3490 3701 quae
3534 3642 3587 3684 et
3634 3631 3749 3699 ipsa

2177 3718 2382 3789 ﬂagitia
2412 3729 2561 3773 sunt.
2592 3716 2661 3771 Et
2688 3721 2861 3788 aperti
2892 3729 3012 3772 sunt
3042 3720 3179 3772 oculi
3212 3722 3506 3773 amborum.
3573 3742 3586 3751 ο

2252 3811 2417 3866 Musis
2456 3822 2502 3865 et
2532 3814 2805 3881 serpentis
2843 3812 2987 3864 dicta
3026 3814 3092 3865 de
3138 3812 3430 3881 aperiendis
3465 3812 3753 3877 primorum

2179 3915 2456 3975 parentum
2492 3905 2680 3957 oculis.
2710 3934 2779 3943 -—-
2809 3904 2949 3957 Sunt
2988 3904 3078 3974 qui
3128 3914 3332 3958 temere
3379 3913 3545 3974 atque
3588 3904 3752 3957 etiam

2182 3996 2526 4066 impudenter
2567 3996 2771 4059 dicant,
2818 3996 2928 4061 jam
2976 4009 3121 4047 nunc
3170 3995 3300 4048 illud
3347 3996 3567 4048 evenire
3602 3996 3754 4063 quoi

2180 4104 2409 4160 serpens
2439 4091 2575 4160 (hoc
2609 4097 2694 4142 est
2736 4088 2989 4154 Satanas)
3017 4086 3133 4141 fore
3178 4088 3529 4157 praedixerat;
3565 4102 3756 4152 umnpe

2164 4182 2230 4237 si
2272 4179 2444 4234 Adam
2488 4178 2709 4248 Evaque
2759 4178 3087 4234 ederentde
3131 4178 3221 4232 illa
3250 4180 3752 4247 arhore,-apertum

2180 4273 2246 4328 iri
2282 4274 2528 4343 ipsorum
2556 4270 2747 4326 oculos
2783 4286 2798 4324 :
2828 4270 2883 4324 id
2911 4271 3060 4324 enim
3093 4270 3180 4325 hic
3207 4280 3393 4324 narrat
3421 4268 3596 4323 Moses
3630 4280 3754 4335 pou

2182 4374 2456 4436 gustatum
2515 4363 2701 4417 cibum
2754 4362 2982 4418 vetitum
3042 4363 3492 4431 ipsisaecidisse.
3549 4358 3752 4413 Verum

504 4468 612 4514 tum
641 4458 873 4513 :deiude
896 4457 941 4510 si
967 4453 1287 4524 simpliciter
1318 4462 1601 4520 acceptum
1630 4450 1817 4505 cibum
1849 4450 2153 4527 edisset,”
2181 4468 2281 4507 nos
2325 4450 2742 4521 respondemus,
2775 4451 2934 4504 aliter
2978 4448 3188 4517 Mosen,
3232 4451 3394 4505 aliter
3436 4458 3751 4517 serpentem

510 4566 731 4620 ignarus
772 4547 1064 4617 eaeteroqui
1112 4545 1469 4616 quamobrem
1521 4547 1725 4610 ederet,
1756 4557 1785 4597 a
1817 4556 1927 4611 quo
1955 4551 2081 4596 ante

507 4645 693 4711 jussus
734 4639 911 4694 fuerat
941 4636 1244 4703 abstinere,
1291 4636 1437 4690 nulla
1474 4637 1768 4690 meruisset
1793 4634 1952 4704 culpa
1985 4647 2083 4686 no-

511 4735 611 4789 tari
639 4733 711 4787 ob
738 4733 790 4786 id
816 4731 965 4802 quod
994 4729 1315 4798 simpliciter
1350 4739 1515 4797 atque
1561 4728 1855 4782 inscienter
1888 4727 2083 4779 incon-

509 4829 850 4895 siderateque
891 4822 1159 4879 fecisset:
1204 4836 1330 4877 cum
1363 4836 1495 4876 vero
1540 4822 1819 4889 culpatum
1867 4826 2083 4874 constet

513 4929 795 4991 propterea
839 4916 984 4986 quod
1032 4914 1266 4981 edisset,
1320 4913 1478 4968 facile
1554 4911 1907 4978 intelligimus
1964 4923 2077 4963 rem

514 5012 689 5079 ipsam
736 5016 863 5061 aute
907 5007 976 5059 ab
1026 5004 1145 5075 ipso
1197 5014 1364 5073 atque
1400 5016 1568 5057 uxore
1620 5000 1792 5054 fuisse
1822 5007 2079 5053 accurate

512 5113 829 5170 expensam.
871 5096 1153 5151 Postremo
1178 5095 1224 5149 si
1255 5092 1363 5147 Eva
1406 5092 1604 5146 mulier
1643 5105 1742 5143 usa
1782 5100 1868 5144 est
1896 5088 2080 5143 verbis

513 5196 779 5250 adversus
820 5199 1148 5259 serpentem,
1196 5186 1443 5254 dixitque
1492 5201 1506 5237 :
1543 5181 1675 5252 Lege
1706 5181 1816 5236 νυοί
1860 5181 2080 5234 interdi-

511 5299 653 5341 ctum
684 5285 829 5338 nobis
869 5294 945 5337 est
975 5298 1038 5337 ea
1069 5281 1276 5344 arbore,
1323 5288 1531 5347 quanto
1563 5278 1734 5345 magis
1767 5275 2083 5330 existiman-

512 5381 642 5432 dum
693 5386 777 5433 est
825 5376 1093 5430 Adamum
1141 5370 1356 5426 curiose
1404 5369 1557 5440 prius
1606 5368 1675 5422 de
1740 5368 1862 5422 cibo
1918 5380 2079 5437 quem

516 5484 652 5521 uxor
719 5467 1031 5537 porrigebat
1095 5460 1478 5531 inquisivisse,
1531 5474 1695 5528 quam
1744 5465 2012 5526 gustaret
2066 5473 2081 5509 :

516 5574 739 5613 uxorem
801 5574 930 5613 vero
974 5566 1028 5611 et
1073 5570 1135 5612 ea
1199 5552 1549 5624 respondisse
1591 5566 1710 5623 qua:
1757 5566 1787 5605 a
1834 5559 2084 5620 serpente

581 5736 625 5770 3‘
658 5732 769 5790 Jac.
808 5750 848 5799 t,
886 5736 971 5791 l5.

2180 4546 2248 4597 de
2285 4542 2596 4613 aperiendis
2644 4541 2821 4595 oeulis
2868 4554 2991 4594 esse
3042 4539 3272 4596 locutos.
3327 4537 3563 4608 Serpens
3604 4540 3751 4593 enim

2180 4633 2395 4689 volebat
2435 4632 2719 4687 oculorum
2760 4642 3015 4701 apertura
3065 4631 3375 4698 significare
3413 4631 3658 4684 futurqu
3692 4642 3752 4686 ut

2179 4726 2486 4794 acriatque
2514 4723 2818 4791 perspicaci
2856 4731 3038 4777 essent
3068 4722 3306 4791 ingenio,
3343 4722 3656 4789 bonumque
3685 4737 3752 4774 ac

2182 4822 2383 4873 malum
2418 4818 2642 4887 perinde
2660 4831 2732 4870 ac
2758 4815 3082 4884 diizpossent
3102 4815 3461 4883 dignoscere;
3493 4812 3752 4867 at‘bioses

2184 4910 2386 4979 apertis
2433 4908 2610 4963 oculis
2656 4906 2987 4962 nihillaliud
3037 4906 3185 4969 vult,
3232 4920 3394 4975 quam
3436 4920 3557 4959 suae
3605 4905 3751 4973 ipsos

2185 5002 2447 5056 nuditatis
2474 5000 2582 5055 sibi
2615 5000 2864 5055 conscios
2889 5013 3012 5054 esse
3032 5000 3246 5055 factos:
3280 4999 3382 5052 hoc
3407 5006 3511 5061 est,
3536 4998 3748 5065 pmlore

2188 5093 2623 5162 verecundiaque
2670 5091 2908 5146 aﬂectos.
2960 5089 3028 5144 Et
3077 5097 3424 5160 cogrwreruut
3452 5089 3592 5157 quod
3623 5088 3748 5139 nudi

2184 5194 2353 5239 essent
2384 5199 2403 5237 :
2439 5184 2542 5239 hoc
2584 5180 2921 5250 est,.puduit
2955 5183 3102 5250 ipsos
3148 5194 3261 5235 sua:
3301 5179 3585 5233 nuditatis.
3615 5178 3749 5231 Cum

2185 5277 2331 5331 enim
2367 5284 2648 5345 peccatum
2672 5274 2997 5329 detraxisset
3022 5272 3154 5341 ipsis
3181 5282 3395 5326 vestem.
3410 5269 3601 5340 gloria:
3632 5284 3749 5339 .qea

2186 5369 2364 5423 adhuc
2398 5368 2614 5423 fuerant
2658 5367 2867 5433 amicti,
2906 5365 3165 5421 deuudati
3216 5374 3384 5429 sunt,
3449 5361 3751 5432 puduitque

2185 5461 2309 5515 illos
2350 5458 2567 5515 violata:
2606 5460 2760 5529 legis,
2787 5466 2959 5527 atque
2994 5458 3193 5510 amissa
3227 5456 3375 5510 omni
3412 5454 3610 5508 fiducia
3640 5466 3749 5522 qua

2187 5562 2315 5608 ante
2368 5551 2641 5622 pollebant
2699 5558 3027 5621 peccatoque
3084 5547 3197 5617 jam
3248 5562 3449 5617 corpus
3503 5545 3748 5616 ipsorum
