4100 6212
408 300 509 360 557

1530 300 1624 357 DE
1668 299 1995 358 PARADIS

2100 324 2176 345 --
2215 299 2410 357 PARS
2450 299 2498 357 Ι.
3548 300 3651 359 ὓδδ

408 427 714 481 occupauit.
738 447 754 474 ,
805 420 1090 480 coeperunt
1139 411 1462 466 erubescere
1513 412 1583 465 ob
1634 412 1934 465 nuditatem
1963 451 1978 476 ,
2010 420 2053 477 Α
2088 410 2267 480 potius
2296 410 2437 473 auri,
2493 426 2613 479 quae
2661 410 2934 480 serpentis
2962 412 3254 467 consilium
3286 414 3651 475 auscultarit;

411 517 668 577 metuque
711 507 928 561 concuti
980 522 1043 561 ac
1077 522 1292 577 pavere.
1342 506 1477 560 Nam
1510 518 1637 560 ante
1679 507 1978 562 admissum

410 599 623 665 scelus,
676 606 1058 668 gustatamque
1105 598 1394 661 arborem,
1452 596 1599 649 nulla
1642 597 1978 650 verecundia

412 691 736 744 tenebamur
764 690 835 743 ob
864 690 1188 752 nuditatem,
1222 689 1391 757 idque
1415 687 1629 742 duabus
1660 688 1726 742 de
1754 688 1937 742 causis
1965 704 1979 741 :

411 791 466 836 et
494 783 620 852 quia
651 781 834 835 amicti
865 792 1023 835 erant
1067 781 1261 850 gloria,
1303 789 1358 833 et
1393 780 1522 848 quia
1568 779 1714 833 nulla
1763 779 1983 847 pudoris

410 876 670 943 cogitatio
714 875 929 927 animos
970 874 1214 943 ipsorum
1248 873 1467 927 subibat
1511 874 1827 942 priusquam
1860 887 1983 941 pec-

407 975 644 1021 cassent.
693 966 765 1019 At
818 973 1101 1032 postquam
1163 964 1375 1018 facinus
1427 965 1786 1026 commisere.
1838 964 1981 1017 Deus

410 1057 559 1126 ipsos
604 1056 776 1124 gloria
827 1054 916 1106 illa
959 1054 1131 1114 exuit.
1177 1062 1231 1107 et
1276 1054 1440 1106 simul
1488 1054 1711 1120 pudoris
1760 1068 1979 1107 sensum

410 1147 607 1202 indidit
654 1155 713 1200 ut
762 1160 828 1199 eo
875 1146 1336 1214 perstringeretur
1391 1154 1709 1212 peceatum,
1757 1144 1985 1213 ejusque

410 1241 645 1309 impetus
675 1254 738 1292 ac
769 1238 950 1291 fervor
994 1239 1440 1307 restringeretur.
1475 1238 1642 1306 Igitur
1685 1238 1829 1305 quod
1862 1239 1937 1289 ait
1967 1254 1980 1289 :

410 1330 797 1400 Cognovertmt,
816 1331 1053 1399 perinde
1080 1318 1164 1385 est
1198 1345 1261 1384 ac
1287 1332 1330 1385 si
1363 1331 1538 1383 dit-at:
1574 1330 1783 1382 Pudore
1809 1324 1984 1397 ηνγεοιὶ

408 1434 550 1478 sunt.
586 1424 762 1475 Porro
790 1422 834 1476 si
865 1432 1075 1492 quazrat
1108 1423 1328 1489 aliquis,
1361 1422 1423 1474 ad
1464 1435 1712 1490 quaenam
1742 1422 1984 1488 corporis

410 1515 656 1569 membra
685 1515 1026 1582 potissimum
1053 1514 1379 1582 spectaverit
1405 1512 1505 1566 iste
1529 1512 1721 1580 pudor,
1748 1511 1984 1566 dicimus

408 1606 477 1659 ad
525 1607 777 1675 genitalia
830 1606 1113 1670 membra;
1170 1604 1328 1671 idque
1370 1604 1511 1657 lianc
1554 1604 1625 1657 ob
1660 1618 1811 1667 rem,
1857 1604 1983 1672 quia

408 1712 532 1750 cum
557 1698 735 1751 acrior
760 1696 1243 1765 vebementiorque
1267 1695 1338 1748 sit
1365 1697 1465 1749 iste
1490 1693 1703 1749 caeteris
1730 1694 1984 1749 omnibus

2083 504 2388 567 autoculo,
2431 505 2526 573 qui
2568 505 2783 558 arboris
2824 502 3252 573 pulchritudine,
3302 504 3476 557 victus
3528 515 3651 568 est;

2085 597 2481 661 autmanibus,
2510 613 2633 677 qua!
2666 597 2876 651 fructus
2900 598 3252 665 decerpserc;
3288 606 3381 649 aut
3409 598 3652 665 oriquod

2085 689 2335 751 voravit,
2394 697 2490 743 aut
2539 689 2777 759 denique
2828 691 3038 752 ventri,
3090 689 3183 757 qui
3245 688 3500 758 excepit?
3559 686 3658 742 Hic

2078 776 2516 845 respondemus;
2566 793 2691 835 cum
2746 778 2793 832 is
2823 777 3048 832 affectus
3096 775 3368 844 quiicirca
3417 776 3658 832 membra

2088 868 2346 937 genitalia
2406 879 2700 933 versatur,
2764 869 3094 937 pertinacior
3146 867 3527 937 diﬂiciliorque
3587 870 3658 924 sit

2086 960 2299 1013 caneris
2350 961 2607 1015 omnibus
2648 960 2814 1014 anin'ii
2868 962 3376 1030 perturbationibus
3427 978 3548 1031 qua:
3604 966 3658 1017 in

2086 1052 2246 1105 nobis
2300 1060 2451 1117 sunt,
2488 1066 2626 1121 opus
2662 1061 2780 1105 erat
2830 1053 3160 1107 verecundia
3210 1062 3469 1122 tanquam
3494 1053 3661 1109 freno

2089 1142 2290 1210 injecto
2328 1158 2439 1210 quo
2470 1152 2755 1211 peccatum
2782 1157 2843 1195 ea
2895 1143 3132 1211 inparte
3177 1145 3524 1199 cohiberetur
3561 1164 3575 1198 :
3609 1155 3664 1199 et

2088 1234 2255 1289 simul
2311 1244 2371 1288 ut
2412 1249 2514 1288 nos
2567 1234 2667 1303 ipsi
2716 1235 2783 1289 ad
2844 1235 3153 1288 habendum
3208 1235 3333 1288 odio
3377 1246 3661 1303 peccatum

2088 1326 2498 1389 induceremur,
2528 1336 2584 1380 ut
2628 1342 2694 1380 ex
2727 1341 2837 1396 quo
2892 1327 3188 1381 illiusmodi
3223 1329 3548 1382 verecundia
3605 1330 3662 1382 ir.

2088 1418 2250 1473 nobis
2282 1428 2409 1472 nata
2441 1419 2531 1473 sit.
2560 1420 2627 1473 Et
2659 1434 2789 1472 vero
2812 1435 2945 1473 cum
2988 1420 3198 1473 arbitrii
3228 1422 3400 1481 nostri
3439 1422 3666 1477 libertas

2089 1526 2196 1565 non
2257 1511 2389 1565 satis
2437 1511 2641 1565 valeret
2704 1512 2820 1566 sola
2882 1512 3027 1566 hunc
3076 1513 3331 1567 affectum
3393 1513 3662 1579 domare.

2089 1610 2255 1671 atque
2277 1603 2344 1655 ad
2369 1617 2430 1658 se
2457 1601 2807 1657 referendum
2856 1603 3074 1673 adigere
3100 1620 3114 1669 ;
3148 1604 3402 1672 adjnnxit
3434 1605 3482 1659 ei
3522 1605 3665 1661 Deus

2082 1693 2517 1759 verecundiam,
2585 1709 2695 1762 quo
2766 1694 2958 1747 saltem
3027 1696 3303 1749 communi
3380 1697 3666 1766 utriusque

408 1789 690 1844 aﬂ’ectibus
712 1787 938 1857 (quippe
958 1788 1051 1857 qui
1077 1787 1132 1841 in
1156 1787 1527 1842 animantibus
1554 1788 1778 1841 rationis
1798 1803 1988 1857 exper-
2016 1765 2058 1819 Β
2092 1798 2258 1853 opera
2300 1784 2673 1848 cobiberetur,
2720 1785 3213 1856 excindereturqne
3247 1806 3260 1842 :
3293 1790 3506 1843 arbitrii
3541 1790 3665 1859 qui-

409 1879 553 1934 tibus
584 1894 803 1948 quoque
836 1878 1172 1949 dominetur)
1210 1877 1383 1933 voluit
1422 1894 1601 1933 rerum
1634 1880 1810 1947 opifex
1846 1878 1989 1934 Deus

410 1972 644 2041 primum
683 1971 888 2041 pudore
935 1971 1193 2026 eﬂ‘renem
1245 1971 1395 2026 illum
1448 1981 1611 2039 atque
1661 1972 1985 2026 indomitum

408 2060 679 2114 fervorem
730 2061 1003 2115 cohibere.
1065 2061 1293 2130 Insuper
1344 2062 1395 2115 id
1435 2077 1650 2131 quoque
1698 2063 1989 2117 observatu

409 2152 632 2222 dignum
655 2162 761 2215 est,
787 2155 994 2223 primos
1018 2163 1272 2222 parentes
1295 2165 1583 2223 antequam
1608 2155 1662 2208 dt
1680 2155 1986 2223 liquissent,

408 2251 468 2298 et
494 2245 737 2298 animum
770 2246 992 2313 ingenio
1021 2255 1075 2298 et
1099 2259 1299 2314 corpus
1331 2246 1501 2313 gloria
1540 2247 1819 2299 excultum
1844 2263 1991 2299 enm—

414 2341 673 2401 ptumque
714 2334 990 2399 habuisse,
1021 2344 1209 2403 postea
1246 2350 1373 2388 vero
1407 2350 1566 2404 quam
1614 2346 1987 2405 peccavtrant,

413 2437 612 2481 exutos
639 2430 857 2496 quidem
885 2444 1009 2483 esse
1036 2429 1282 2498 corporis
1312 2429 1508 2498 gloria.
1538 2442 1789 2484 caeterum
1822 2431 1988 2484 animi

413 2518 819 2589 intelligentiam
872 2521 1166 2574 retinuisse
1217 2538 1230 2574 :
1273 2520 1530 2574 nimirum
1588 2531 1646 2572 ut
1699 2536 1796 2588 per
1850 2520 1992 2574 hanc

411 2619 770 2678 agnoscerent
827 2626 987 2665 suum
1060 2621 1381 2679 peccatnm,
1450 2622 1611 2680 atque
1678 2611 1991 2680 pmnitentia

411 2702 779 2768 ducerentur;
836 2704 964 2758 hinc
1019 2705 1163 2757 enim
1210 2705 1431 2767 evenit,
1492 2712 1553 2756 ut
1612 2702 1775 2757 simul
1829 2714 1993 2773 atque

414 2793 631 2849 facinus
690 2795 984 2861 fecissent,
1044 2796 1363 2863 agnoverint
1432 2810 1585 2849 suam
1653 2795 1991 2859 nuditatem,

413 2887 879 2956 eruliuerintque,
944 2902 1009 2942 ac
1062 2880 1291 2941 horrore
1354 2898 1698 2955 tremoreque
1756 2886 1992 2955 correpti

416 2984 642 3029 mortem
676 2978 1012 3044 expaverint,
1046 2990 1172 3033 ante
1202 2978 1302 3031 sibi
1347 2994 1439 3043 per
1466 2979 1660 3031 omittas
1702 2978 1994 3033 denuntia-

415 3079 551 3122 tam.
589 3068 742 3123 [inde
768 3080 822 3123 et
856 3068 1096 3124 Jacobtts
1141 3072 1469 3140 Sarugensis
1496 3071 1561 3123 ad
1598 3072 1742 3125 linnc
1774 3074 1993 3125 modum

414 3159 607 3213 scribit
642 3178 656 3214 :
693 3160 980 3217 Peccatum
1021 3165 1175 3218 initio
1220 3179 1385 3233 supra
1432 3163 1653 3217 modum
1699 3164 1907 3232 placet;
1941 3171 1997 3216 at

418 3256 473 3304 in
523 3252 629 3306 fine
680 3252 888 3308 luctum
942 3255 1086 3324 parit
1137 3257 1394 3324 patranti.
1442 3254 1581 3308 Cum
1634 3255 1780 3308 enim
1834 3254 1996 3323 primi

416 3356 667 3410 parentes
697 3346 1293 3414 cupiditateferrentur
1337 3348 1393 3400 in
1442 3346 1587 3399 illam
1624 3347 1899 3409 arborem,
1932 3344 1998 3397 de

420 3435 531 3503 ipsa
580 3437 806 3502 edendi;
857 3447 911 3491 et
958 3439 1126 3491 Deum
1175 3438 1355 3507 ipsum
1404 3447 1458 3492 et
1492 3438 1698 3507 legem,
1752 3452 1861 3506 prie
1910 3434 1998 3488 illa

420 3527 572 3594 parvi
610 3525 920 3594 pendebant
953 3527 1384 3590 aubiedissent,
1416 3526 1715 3595 nudatique
1748 3524 2000 3579 erubuis-

422 3626 567 3681 sent,
595 3619 721 3671 odio
746 3619 920 3687 ipsam
949 3630 1075 3673 sunt
1108 3619 1378 3688 prosecuti
1401 3636 1427 3683 ;ν
1446 3633 1825 3686 memoresque
1855 3616 2000 3670 illius

422 3712 711 3779 prazcepti:
747 3709 864 3774 Quo
883 3710 965 3764 die
997 3712 1212 3765 ederitis
1247 3723 1412 3773 morte
1442 3709 1763 3769 moriemini,
1800 3722 2000 3776 pavore

422 3802 823 3868 expallucrunt.
886 3800 955 3854 Et
1004 3803 1496 3871 conglutinaverunt
1552 3801 1682 3869 folia
1733 3800 1997 3868 ﬁculnea,

423 3894 755 3964 feceruntque
802 3895 901 3947 sibi
950 3894 1305 3964 subligaculo.
1357 3891 1624 3946 Nimirum
1684 3893 1813 3946 folia
1860 3891 2003 3945 foliis

425 3988 827 4052 eonsociantes,
871 3988 1035 4043 cincti
1072 3990 1303 4042 formam
1357 3986 1650 4056 quamdam
1708 3984 2004 4039 concinna-

427 4080 593 4141 bant;
646 4082 817 4135 vestis
866 4095 1040 4149 genus
1108 4095 1298 4149 parum
1363 4080 1563 4133 decens
1629 4087 1792 4145 atque
1852 4074 2005 4128 iniiro

425 4185 575 4222 mum
608 4170 806 4234 etiam,
859 4180 1043 4240 utpote
1087 4170 1232 4240 quod
1276 4170 1410 4225 solis
1480 4169 1531 4221 vi
1602 4166 1902 4221 arefactum
1921 4165 2003 4217 fa-

431 4261 531 4314 cile
584 4270 884 4316 emarceret
930 4261 1387 4329 dilabereturque,
1435 4268 1491 4314 et
1521 4273 1630 4329 quo
1661 4273 1840 4327 neque
1871 4256 2004 4311 satis

433 4364 530 4419 pro
565 4352 842 4404 voluntate
888 4360 941 4404 et
975 4353 1261 4406 commode
1312 4365 1487 4421 neque
1524 4349 1618 4403 diu
1661 4349 2005 4417 multumque

2093 1876 2217 1930 dem
2271 1877 2430 1931 libr-ri
2479 1876 2710 1945 judicio,
2770 1877 2822 1930 in
2868 1878 3088 1945 anima;
3143 1882 3481 1936 verecundia:
3537 1898 3669 1937 vero

2094 1968 2283 2032 frenis,
2320 1970 2374 2024 in
2406 1984 2657 2038 corpore.
2692 1968 2903 2039 Quippe
2945 1973 3153 2028 multos
3198 1976 3458 2030 mortales
3496 1978 3670 2045 pudor

2093 2068 2257 2128 atque
2308 2060 2637 2116 verecundia
2698 2062 2876 2131 magis
2932 2063 3165 2120 deterret
3217 2067 3581 2136 prohibetque
3640 2087 3667 2121 a

2092 2152 2364 2219 patrando
2397 2167 2462 2206 eo
2489 2154 2635 2223 quod
2672 2155 2979 2226 improbum
3027 2169 3133 2219 est,
3172 2174 3336 2227 quam
3388 2159 3527 2227 legis
3576 2172 3671 2215 aut

2089 2243 2280 2312 jutlicii
2314 2245 2584 2299 subeundi
2620 2256 2842 2313 metus;
2887 2258 3081 2317 estque
3112 2251 3232 2319 ejus
3261 2252 3337 2306 rei
3373 2267 3669 2320 argumen-

2097 2342 2234 2399 ttttn,
2291 2335 2437 2403 quod
2490 2336 2649 2389 bruta
2704 2337 3004 2391 animantia
3057 2354 3181 2407 quae
3255 2342 3402 2395 omni
3467 2343 3671 2411 pudore

2095 2434 2313 2490 vacant,
2348 2442 2573 2495 prorsus
2615 2443 2724 2481 non
2759 2428 3037 2483 refrenant
3069 2431 3313 2486 libidinis
3354 2449 3466 2489 sua:
3498 2436 3671 2503 impe-

2095 2524 2208 2571 tum
2243 2533 2353 2585 quo
2403 2519 2457 2571 in
2516 2518 2752 2573 feminas
2786 2522 3086 2590 rapiuntur
3136 2524 3277 2578 victa
3311 2526 3380 2579 ab
3432 2526 3669 2595 ingenita

2095 2623 2209 2663 sua:
2235 2609 2481 2679 ipsorum
2520 2622 2745 2675 naturae,
2774 2614 3091 2681 cupiditate.
3132 2617 3197 2671 At
3228 2616 3479 2672 homines
3502 2619 3667 2673 etiam

2094 2702 2141 2753 si
2193 2715 2300 2754 non
2348 2703 2559 2756 minore
2600 2712 2762 2769 atque
2810 2702 2898 2757 illa
2947 2705 3190 2761 libidinis
3238 2707 3287 2760 vi
3350 2721 3670 2777 urgeantur,

2096 2800 2281 2847 tamen
2323 2794 2392 2847 ab
2454 2809 2517 2847 ea
2573 2795 2861 2863 explenda,
2922 2796 3132 2866 pudore
3187 2814 3295 2866 quo
3336 2800 3479 2868 apud
3534 2801 3674 2854 alios

2098 2882 2352 2939 homines
2394 2887 2856 2946 verecundantur,
2918 2890 3163 2941 revocari
3214 2889 3491 2955 videmus,
3538 2892 3673 2943 adeo

2101 2978 2525 3045 utnelcgitimo
2553 2978 2772 3047 quidem
2802 2979 3083 3033 connubio
3130 2982 3404 3050 propalam
3448 2992 3675 3037 utantur

2024 3099 2069 3160 ο
2101 3072 2247 3124 sicut
2293 3070 2420 3131 aliis
2456 3069 2640 3133 rebus,
2676 3070 2769 3124 sed
2805 3070 3038 3126 latentes
3081 3072 3340 3141 tectique.
3374 3074 3677 3129 Conficitur

2103 3161 2309 3230 itaque.
2340 3162 2682 3215 verecundiae
2723 3160 2975 3216 affectum
3011 3164 3134 3217 ideo
3164 3164 3233 3217 ab
3263 3180 3444 3219 rerum
3482 3167 3675 3234 Opifice

2106 3256 2213 3307 Deo
2275 3253 2509 3307 inditum
2573 3270 2695 3308 esse
2752 3255 3082 3324 genitalibus
3140 3256 3425 3311 hominum
3493 3262 3675 3328 potius

2100 3359 2265 3413 quam
2296 3344 2424 3398 aliis
2455 3344 2738 3409 membris,
2774 3356 2833 3398 ut
2863 3355 3152 3414 peccatum
3188 3349 3239 3399 in
3282 3347 3390 3401 illis
3428 3348 3677 3416 partibus

2090 3434 2455 3500 moderetur;
2518 3436 2794 3505 simulque
2871 3437 2925 3491 id
2973 3438 3134 3491 nobis
3189 3438 3427 3493 invisum
3470 3439 3675 3505 faciat,

2102 3541 2314 3595 nosque
2380 3526 2450 3581 ab
2508 3526 2625 3595 ipso
2702 3526 3038 3583 admittendo
3101 3530 3407 3595 deterreat;
3486 3542 3546 3585 ut
3609 3546 3675 3585 ex

2103 3631 2213 3685 quo
2243 3616 2358 3684 ipsa
2389 3616 2715 3673 verecundia
2753 3616 2807 3672 in
2842 3617 3045 3675 nostris
3075 3618 3277 3673 animis
3304 3626 3448 3673 orta.

2175 3707 2287 3762 Cur
2322 3707 2465 3762 Deus
2498 3708 2678 3767 siverit
2725 3709 2992 3763 Adamum
3037 3725 3276 3778 peccare.
3330 3710 3555 3764 Arbitrii
3594 3709 3679 3763 λε.

2094 3800 2304 3855 -ὸεῑῑιιε,
2336 3829 2405 3839 --
2452 3797 2594 3853 Sunt
2654 3801 2748 3869 qui
2802 3801 2891 3855 hic
2950 3801 3321 3871 interrogent.
3389 3817 3487 3859 cur
3536 3802 3681 3857 Deus

2096 3893 2375 3946 Adamum
2423 3905 2452 3943 a
2490 3892 2767 3959 peccando
2814 3907 2921 3947 non
2971 3894 3381 3948 absterrucrit?
3426 3894 3538 3950 Nos
3592 3912 3680 3950 re-

2096 3980 2435 4050 spondemus
2458 3981 2509 4035 id
2535 3995 2881 4051 nequaquam
2932 3999 2997 4037 eo
3019 3983 3222 4043 factum
3246 4000 3371 4041 esse
3387 3987 3534 4057 quod
3560 3989 3681 4057 ejus

2096 4071 2347 4128 faciundi
2371 4074 2600 4129 facultas
2635 4073 2744 4129 Deo
2770 4073 3026 4138 defuerit,
3067 4080 3163 4132 sed
3196 4092 3265 4130 ne
3311 4079 3419 4132 vim
3462 4080 3681 4134 afferret

2107 4167 2345 4222 libertati
2398 4167 2611 4220 arbitrii
2653 4166 2806 4230 Adae,
2839 4182 3031 4223 eamve
3082 4169 3436 4239 opprimeret.
3472 4173 3680 4227 Deinde

2107 4257 2314 4313 frustra
2341 4256 2513 4326 legem
2546 4256 2623 4312 illi
2654 4257 3085 4326 praescripsisset
3132 4261 3178 4313 si
3229 4260 3454 4328 insuper
3481 4276 3509 4313 a
3546 4277 3679 4330 pec-

2110 4346 2283 4403 cando
2315 4346 2669 4408 coercuisset,
2710 4347 2874 4405 reluti
2921 4362 3086 4403 manu
3134 4348 3355 4417 injecta.
3410 4347 3679 4404 Prii-terea

436 4442 511 4494 uti
560 4453 809 4511 possent.
860 4443 1127 4498 Credibile
1156 4451 1261 4497 .est
1302 4455 1486 4497 autem
1526 4442 1689 4496 Evam
1734 4439 2002 4508 ejusmodi
2038 4438 2239 4495 Dideo
2298 4438 2468 4491 etiam
2539 4437 2716 4491 noluit
2772 4438 2923 4495 illum
2989 4454 3018 4492 a
3081 4439 3286 4508 flagitio
3345 4441 3682 4496 admittendo

435 4534 831 4602 subligaculutn
860 4537 1117 4604 priorem
1149 4534 1371 4598 fecisse,
1414 4548 1619 4602 suaque
1648 4548 1716 4587 eo
1754 4531 2002 4600 pudenda

436 4626 659 4685 velasse.
692 4634 878 4693 utpote
898 4641 1027 4695 qua:
1042 4626 1198 4695 prior
1226 4626 1398 4694 legem
1428 4624 1741 4686 violaverat,
1766 4623 2005 4678 Adamo-

433 4732 541 4786 que
576 4718 1039 4781 nuditatisicausa
1070 4716 1288 4783 fuerat;
1330 4725 1446 4782 tum
1478 4716 1643 4769 etiam
1694 4716 1841 4773 illius
1876 4730 2007 4768 con-

437 4810 563 4867 silio
621 4810 822 4864 factum
880 4825 1005 4864 esse
1058 4821 1118 4863 ut
1178 4810 1279 4862 iste
1344 4808 1474 4862 folia
1532 4808 1819 4871 indueret,
1879 4807 2007 4876 quia

440 4902 637 4956 marito
662 4917 763 4956 suo
792 4913 997 4956 vestem
1032 4902 1161 4955 olim
1202 4902 1317 4970 ipsa
1346 4910 1671 4955 contextnra
1701 4908 1865 4955 esset.
1900 4900 2007 4953 Sed

2092 4544 2322 4592 arcere,
2386 4536 2445 4583 ut
2496 4531 2729 4598 gratiam
2761 4529 3163 4599 praemiumque
3197 4532 3466 4584 demereri
3500 4544 3683 4599 posset

2113 4630 2367 4689 tauquam
2406 4621 2501 4689 qui
2535 4635 2636 4675 sua
2665 4621 2779 4691 ipse
2804 4622 3083 4685 voluntate
3112 4639 3140 4675 a
3183 4624 3389 4678 seclcre
3417 4627 3683 4694 patrando

2110 4721 2552 4776 essetet-stemus,
2595 4729 2703 4767 non
2748 4723 2930 4769 autent
2961 4730 3056 4781 per
3095 4715 3201 4768 vim
3254 4716 3568 4785 impeditus.
3604 4719 3682 4772 Ad

2112 4804 2229 4859 bace
2262 4820 2381 4874 quo
2430 4806 2855 4861 imbecillitatem
2916 4822 3068 4861 suam
3117 4820 3479 4875 agnoscerent
3526 4812 3683 4879 primi

2108 4898 2288 4954 nostri
2339 4907 2613 4967 parentes,
2668 4914 2844 4968 neque
2884 4916 2980 4967 per
3031 4916 3221 4953 vanam
3278 4900 3507 4972 gloriam
3556 4903 3689 4957 elati

437 5010 539 5049 cur
588 5010 695 5049 non
752 5004 1006 5063 aptarunt
1061 4993 1177 5048 suis
1233 4993 1408 5047 oculis
1474 4992 1718 5047 velamen
1777 5008 1843 5045 ex
1903 4991 2010 5044 illis
2050 4989 2421 5071 Lprtncipites
2473 5000 2733 5057 ruerent,
2806 4990 2951 5053 sicut
3012 4992 3274 5055 Satanas.
3339 4992 3475 5047 Nam
3536 4997 3682 5063 quod

435 5087 732 5150 foliis,aut
776 5086 1023 5141 manicas
1054 5087 1349 5152 manibus,
1398 5086 1483 5139 vel
1541 5085 1746 5153 caligas
1782 5083 2011 5153 pedibus

440 5180 726 5250 tegendis?
772 5189 869 5233 ant
910 5179 1148 5246 denique
1200 5194 1298 5233 cur
1354 5193 1463 5231 non
1515 5177 1622 5232 alio
1695 5178 1856 5231 modo
1907 5178 2011 5231 alia

440 5274 692 5342 corporis
724 5272 967 5328 membra
1002 5271 1322 5337 affecerunt,
1358 5270 1450 5325 sed
1501 5270 1637 5325 solis
1684 5270 2012 5338 genitalibus

430 5367 799 5434 contegendis
860 5364 1199 5433 sttbligacula
1276 5362 1713 5433 compararunt?
1756 5362 1841 5416 Ad
1911 5363 2015 5416 lioc

444 5458 625 5513 facilis
672 5467 757 5511 est
800 5458 1107 5527 responsio.
1154 5456 1290 5524 Quia
1345 5456 1727 5511 verecundiam
1778 5454 2011 5525 primum

445 5551 533 5604 liis
569 5550 817 5620 partibus
848 5551 1045 5605 indidit
1077 5552 1239 5613 Deus,
1277 5549 1398 5603 ideo
1424 5561 1856 5603 consentaneum
1894 5555 2015 5601 erat

446 5653 505 5696 ut
532 5642 705 5709 prima
750 5641 948 5695 cinctis
997 5641 1233 5695 obducta
1282 5646 1721 5710 contegerentur.
1767 5635 1871 5692 Sed
1917 5654 2015 5692 cur

445 5735 770 5791 verecundia
816 5736 902 5789 liis
942 5715 1251 5802 partibusa
1283 5732 1421 5811 Deo-
1451 5740 1534 5786 est
1558 5731 1763 5809 pinsita,
1794 5744 1855 5786 ac
1907 5747 2010 5785 non

2104 5086 2350 5139 scientes
2392 5092 2732 5149 peccassent,
2783 5083 3042 5139 conscios
3089 5084 3326 5139 reddidit
3376 5100 3491 5140 sum
3537 5085 3685 5154 ipsos

2114 5177 2476 5241 infirmitatis,
2532 5188 2699 5247 atque
2745 5184 2803 5229 ιιι
2850 5177 3131 5233 humiliter
3156 5179 3226 5231 de
3275 5192 3334 5231 se
3375 5176 3479 5245 ipsi
3510 5179 3685 5230 senti-

2115 5276 2258 5333 rent,
2300 5266 2499 5323 eﬂecit.
2540 5266 2785 5336 Denique
2826 5279 2885 5323 ut
2916 5284 3040 5323 cum
3086 5277 3280 5337 suapte
3327 5276 3520 5335 sponte
3550 5268 3684 5321 deli-

2116 5362 2396 5431 quissent,
2451 5368 2616 5431 atque
2669 5376 2700 5415 e
2747 5361 3010 5430 paradiso
3052 5361 3389 5421 excidissent
3433 5359 3486 5411 in
3539 5360 3685 5414 hunc

2116 5452 2387 5508 mundum
2454 5453 2621 5509 rebus
2674 5453 2918 5509 adversis
2988 5451 3341 5520 molestiaque
3389 5450 3684 5508 refertissi-

2117 5558 2289 5609 mum,
2336 5543 2483 5600 facta
2532 5545 2818 5615 utriusque
2861 5544 3051 5599 mundi
3091 5544 3234 5596 inter
3281 5558 3340 5598 se
3376 5545 3685 5607 collatione,

2118 5637 2270 5692 illum
2299 5636 2554 5692 omnibus
2584 5638 2743 5692 bonis
2787 5646 2841 5690 et
2873 5636 3071 5706 gaudio
3102 5636 3321 5702 plenum
3354 5640 3496 5706 aptnl
3535 5654 3685 5693 men.

2121 5740 2227 5786 tem
2266 5747 2420 5787 suam
2460 5746 2671 5800 semper
2704 5739 2985 5785 versarent
3016 5747 3030 5783 ε
3064 5745 3186 5783 nam
3217 5731 3317 5786 nisi
3354 5731 3680 5793 CXW’I‘lCﬂlia
