4100 6212
500 263 603 324 559
1785 263 2016 322 MOSIS
2057 263 2068 320 1

2173 264 2207 321 ῗὶ
2248 262 2494 322 ΟΕΡΗᾹ
3642 264 3747 323 ξω

500 375 779 447 cognitum
818 376 964 432 hunc
1004 376 1234 431 alterum
1284 375 1624 435 habuissent,
1673 388 1951 442 nunquam
1990 372 2081 428 ille
2110 379 2154 436 Α
2189 373 2461 428 duntaxat
2504 387 2680 442 paena:
2722 374 2976 441 absolvit,
3014 374 3115 429 hoc
3162 383 3267 439 est,
3304 390 3368 429 ne
3418 388 3483 427 eo
3522 374 3639 443 ipso
3661 376 3749 428 die

500 477 762 537 quantum
812 468 941 520 huic
985 476 1223 536 praestet,
1272 476 1459 521 exacte
1510 465 1923 520 intellexissent.
1972 463 2075 520 Po-
2176 472 2552 527 morerentur;
2583 467 2878 534 cmteroqui
2929 480 3035 519 non
3066 467 3289 519 sustulit
3316 479 3548 534 prorsus
3595 479 3745 518 mor-

499 573 722 614 strenio.
771 568 829 612 ut
863 559 991 611 dum
1027 558 1259 612 subinde
1308 572 1337 610 a
1372 565 1591 625 peccato
1633 555 2075 624 interpellaretur
2178 562 2306 607 tem.
2357 552 2473 608 Non
2515 564 2599 609 est
2646 542 2831 625 itaque
2880 556 2998 609 falsi
3034 554 3439 608 insimulandus
3485 553 3625 607 Deus
3654 554 3745 622 qui

503 650 694 704 Adami
730 649 962 719 Eratque
1009 650 1288 729 voluntas,
1324 647 1670 701 erudirentur
1711 647 1815 717 ipsi
1849 648 1914 701 ad
1948 662 2074 718 pec-
2132 728 2135 729 ν
2178 659 2274 713 per
2304 644 2448 698 illam
2478 645 2914 701 misericordiam
2948 646 3103 699 venia
3135 644 3389 713 dignatus
3420 653 3504 698 est
3530 652 3749 699 nostros

503 742 609 795 cati
654 742 839 794 odium
891 747 1054 809 atquc
1113 739 1315 808 fugam,
1382 746 1639 808 tanquam
1702 738 1824 805 ejus
1877 752 1907 791 a
1966 735 2386 807 qquprimos
2433 746 2704 805 parentes,
2741 737 3105 807 meritamque
3150 750 3366 806 pinnam
3415 736 3610 803 partim
3646 751 3747 790 re-

504 837 749 904 ingentcs
773 831 1114 901 accepissent
1140 829 1516 891 calamitates;
1550 837 1713 898 atque
1738 844 1803 883 ea
1826 828 2073 885 doctrina

500 924 571 978 ab
608 924 712 976 illis
757 922 823 975 ad
882 936 982 976 nos
1035 936 1208 990 usque
1239 928 1653 990 propagaretur,
1708 921 1861 988 quasi
1907 936 2073 973 manu

502 1013 721 1067 tradita.
767 1012 1057 1066 Enimvero
1105 1011 1323 1080 quoties
1378 1009 1637 1078 peccandi
1686 1011 1905 1065 occasio
1954 1025 2076 1065 sese

494 1105 660 1158 nobis
691 1103 868 1168 (dfert,
910 1112 1107 1172 praesto
1136 1102 1337 1157 adsunt
1380 1102 1540 1156 nobis
1580 1102 1725 1170 leges
1753 1117 1892 1171 quas
1924 1103 2075 1156 Deos

502 1198 658 1251 nobis
714 1196 1004 1263 imperavit
1045 1204 1104 1248 ut
1158 1193 1292 1263 ipsis
1334 1208 1687 1248 coerceantur
1731 1208 1760 1246 a
1808 1196 2074 1262 patrando

497 1299 747 1357 peccato.
782 1286 928 1353 Quin
964 1286 1175 1356 legibus
1206 1286 1345 1353 ipsis
1381 1286 1547 1338 etiam
1577 1285 1882 1339 subsidium
1922 1285 2074 1340 addi-

502 1382 579 1433 cit
625 1396 743 1432 eam
793 1393 913 1448 quo:
948 1379 1232 1433 doctorum
1282 1377 1464 1431 verbis
1499 1376 1555 1430 fit
1608 1375 2071 1445 redargutionem,

499 1472 633 1522 utsi
690 1470 908 1538 quando
965 1468 1226 1538 ﬂagitium
1282 1467 1709 1531 admiseriutus,
1778 1478 1889 1521 tmn
1950 1467 2072 1522 latis

498 1563 733 1630 legibus,
786 1572 898 1615 tum
949 1576 1012 1614 ea
1061 1562 1228 1614 etiam
1285 1561 1661 1629 increpatione
1695 1575 1800 1629 qua
1849 1570 2072 1628 peccata

505 1653 682 1708 verbis
716 1654 1177 1722 perstringuntur,
1222 1652 1532 1704 iudicamur
1577 1652 1642 1704 ad
1676 1651 2070 1720 paenitentiam,

2179 827 2352 891 misit,
2421 844 2598 897 neque
2652 844 2718 884 eo
2776 830 2895 899 ipso
2941 845 3049 897 qtto
3089 830 3302 883 dixerat
3355 826 3445 881 die
3494 827 3750 896 peremit.

2181 917 2324 972 Sunt
2364 919 2584 988 quidem
2612 921 2705 989 qui
2735 919 2828 975 Dei
2857 920 3021 975 verba
3061 919 3144 975 sic
3181 914 3425 975 tutentur
3454 929 3513 972 ut
3539 918 3751 975 obiisse

2180 1021 2414 1065 mortem
2450 1012 2575 1066 illos
2599 1013 2936 1066 contendant
2962 1028 3072 1083 quo
3100 1013 3189 1068 die
3214 1014 3561 1081 deliquerunt
3587 1031 3602 1065 :
3636 1028 3743 1068 non

2176 1102 2409 1170 quidem
2444 1104 2690 1172 corporis
2726 1113 2955 1158 mortem
3003 1104 3100 1159 sed
3144 1104 3338 1167 animi,
3368 1120 3490 1175 quae
3523 1120 3589 1159 ex
3619 1120 3747 1173 pee-

2179 1200 2303 1244 cato
2353 1202 2639 1246 nascatur.
2672 1191 2872 1248 Verum
2920 1193 3121 1247 frustra
3152 1204 3239 1250 est
3278 1194 3392 1249 haec
3442 1198 3747 1261 excusatio.

2175 1285 2397 1352 quando
2422 1300 2526 1337 non
2566 1294 2797 1343 mortem
2822 1285 3018 1340 aniuia:
3054 1287 3147 1341 sed
3179 1287 3450 1356 corporis,
3495 1290 3598 1342 hoc
3637 1300 3744 1351 est,

2176 1392 2301 1447 qum
2331 1378 2505 1446 ipsam
2550 1378 2791 1432 animam
2844 1394 2873 1431 a
2922 1394 3153 1448 corpore
3182 1380 3508 1435 dissociaret
3531 1422 3548 1448 ,
3580 1381 3749 1435 inter-

2179 1469 2421 1523 minatus
2470 1467 2577 1523 illis
2627 1468 2804 1523 fuerat
2838 1468 2999 1524 Deus.
3052 1468 3171 1523 Jam
3225 1485 3355 1523 vero
3396 1470 3526 1523 illttd
3580 1480 3744 1525 restat

2177 1561 2379 1624 dicere,
2411 1576 2507 1612 cur
2539 1576 2645 1614 non
2677 1561 2874 1616 obicrit
2905 1562 3075 1615 Adam
3109 1576 3216 1631 quo
3253 1562 3340 1615 die
3366 1562 3477 1616 edit
3505 1563 3744 1617 fructum

2181 1654 2299 1724 lege
2337 1653 2695 1722 prohibitum,
2746 1661 2805 1706 ut
2845 1654 3005 1707 mina:
3045 1652 3291 1707 futurum
3327 1653 3744 1714 denuntiarunt.

501 1746 758 1815 dignique
787 1746 1081 1799 reddamur
1104 1744 1305 1813 quibus
1337 1742 1433 1797 ﬁat
1466 1743 1834 1799 admissorum
1873 1747 2068 1811 gratia.
2103 1727 2145 1781 Β
2181 1744 2274 1798 sed
2308 1744 2615 1798 extenderit
2647 1754 2835 1813 postea
2872 1746 3037 1799 vitam
3076 1759 3233 1799 suam
3270 1747 3336 1798 ad
3392 1746 3583 1800 novies
3616 1760 3749 1798 ccu-

501 1838 650 1889 Sicut
676 1834 878 1887 Paulus
914 1848 1074 1888 suum
1108 1833 1459 1887 Timotheum
1492 1833 1699 1899 scripto
1731 1835 1987 1889 hortatur
2016 1845 2073 1889 ut

501 1926 667 1979 simul
689 1941 813 1978 cum
850 1925 1058 1993 legibus
1083 1924 1194 1993 jam
1227 1934 1339 1978 tum
1373 1924 1566 1994 positis
1590 1923 1881 1994 redarguat
1907 1929 2069 1979 etiam

500 2027 661 2086 atque
722 2014 1084 2085 reprehendat
1134 2024 1472 2085 peccatores,
1535 2030 1646 2083 quo
1705 2029 1804 2069 sua
1852 2026 2071 2084 peccata

500 2118 796 2178 agnoscant
853 2116 907 2161 et
964 2107 1307 2175 pmnitudine
1352 2106 1720 2161 ducantur".
1780 2109 1860 2161 Ad
1925 2107 2073 2162 hunc

502 2204 665 2253 etiam
715 2201 935 2254 modum
984 2214 1108 2252 cum
1147 2199 1339 2267 primis
1376 2199 1697 2268 parentibus
1742 2209 1923 2254 actum
1966 2212 2066 2255 est.

498 2292 635 2345 Cum
676 2293 819 2345 enim
868 2290 1003 2361 ipsis
1048 2294 1389 2363 obrepsisset
1428 2301 1736 2360 peccatum,
1772 2292 1886 2361 ipse
1927 2291 2071 2347 Deus

498 2398 601 2438 eos
632 2385 810 2439 verbis
856 2384 1241 2454 reprehendit;
1301 2398 1536 2453 cumque
1570 2384 1840 2452 poenitere
1883 2398 1941 2438 se
1973 2385 2071 2437 ad-

499 2477 651 2532 missi
699 2476 886 2547 ﬂagitii
936 2478 1320 2539 ostenderent,
1392 2477 1777 2547 quadantenus
1819 2477 2069 2547 ignovit;

500 2568 719 2637 quando
770 2583 878 2624 non
936 2584 1045 2641 quo
1099 2570 1189 2624 die
1234 2568 1468 2625 ederunt
1520 2568 1586 2623 de
1632 2569 1794 2624 vetita
1846 2569 2069 2636 arbore,

498 2659 689 2712 eodem
719 2668 774 2712 et
809 2659 917 2713 vita
951 2659 1198 2715 defuncti
1232 2670 1385 2725 sunt,
1422 2660 1567 2715 sicut
1606 2675 1702 2729 per
1737 2662 1910 2717 minas
1937 2661 2071 2730 ipsis

498 2756 882 2810 obnuntiatum
930 2754 1128 2810 fuerat.
1177 2755 1281 2810 Sed
1321 2757 1431 2825 jam
1489 2756 1595 2809 alia
1636 2756 1886 2810 oboritur
1920 2771 2071 2825 qua:-

501 2857 608 2899 stto
632 2865 646 2911 ;

716 2862 813 2899 cur
843 2862 954 2900 non
1010 2846 1081 2899 sit
1130 2856 1382 2900 mortuus
1426 2846 1593 2899 Adam
1643 2861 1755 2915 quo
1804 2847 1893 2900 die
1958 2846 2073 2900 edit
2116 2894 2119 2897 .

498 2938 736 2992 fructum
794 2940 1021 2991 vetitum
1092 2939 1230 2991 sicut
1293 2938 1681 2992 interminatus
1737 2938 1837 3007 ipsi
1896 2940 2111 2992 fuerat.

2184 1835 2443 1889 tesimum
2480 1846 2534 1889 et
2584 1836 2920 1890 tricesimum
2970 1852 3197 1890 annum.
3237 1836 3410 1906 llujus
3458 1840 3534 1893 rei
3582 1839 3748 1892 variae

2176 1937 2304 1982 sunt
2359 1942 2562 1982 causae.
2622 1927 2808 1982 Potuit
2865 1929 3009 1983 enim
3063 1926 3206 1983 Deus
3261 1930 3408 1984 illius
3461 1930 3743 1992 misereri,

2177 2019 2671 2088 commeritamque
2702 2034 2938 2088 poenam.
2987 2020 3034 2073 si
3075 2035 3182 2074 non
3229 2034 3472 2084 omnem,
3525 2031 3579 2075 at
3626 2036 3750 2088 par-

2179 2111 2274 2165 tim
2322 2113 2516 2165 saltem
2546 2112 2861 2177 remittere;
2899 2114 2994 2182 qui
3028 2128 3223 2181 magna
3252 2114 3468 2182 quidem
3500 2112 3747 2180 duraque

2179 2202 2401 2260 minari.
2440 2212 2495 2256 at
2541 2204 2753 2257 minora
2806 2204 3166 2273 mollioraque
3215 2204 3458 2272 infligere
3512 2205 3652 2258 solet
3686 2213 3747 2255 ut

2176 2295 2339 2350 nobis
2367 2295 2619 2349 Ninivita:
2672 2297 2924 2365 exemplo
2968 2296 3141 2351 fuere.
3181 2296 3380 2351 Deinde
3416 2297 3460 2351 si
3505 2297 3577 2350 illi
3618 2311 3743 2350 mox

2177 2403 2303 2442 cum
2336 2388 2581 2443 admisso
2610 2399 2831 2456 peccato
2866 2390 2975 2444 vita
3021 2390 3262 2445 defuncti
3301 2389 3554 2452 fuissent.
3589 2392 3739 2444 nulla

2179 2479 2594 2549 relinquebatur
2647 2481 2979 2551 propagandi
3037 2482 3252 2551 generis
3289 2482 3514 2535 humani
3561 2482 3735 2549 origo.

2174 2570 2443 2629 Praeterea
2489 2573 2579 2628 illa
2615 2574 2707 2627 Dei
2740 2573 3046 2628 benedictio
3082 2591 3096 2626 :
3128 2574 3359 2627 Crescite
3386 2583 3434 2626 et
3484 2573 3745 2639 multipli-

2177 2667 2408 2729 camini,
2460 2677 2815 2736 prazcesserat
2856 2669 3005 2723 diras
3056 2670 3189 2722 istas
3242 2666 3418 2722 minas
3456 2665 3616 2732 :Quo
3662 2666 3747 2718 die

2175 2759 2433 2825 ederitis,
2502 2769 2726 2812 mortem
2785 2761 3127 2814 moriemini..
3164 2760 3390 2829 Insuper
3440 2761 3604 2812 dilata
3660 2770 3747 2812 est

2176 2864 2326 2904 mors
2361 2851 2637 2919 peccantis
2687 2850 2837 2914 Adae,
2888 2867 2956 2906 ne
2994 2842 3394 2919 ‘sijusto‘initio
3438 2866 3586 2905 mors
3639 2853 3747 2903 im-

2176 2942 2387 3011 perium
2424 2957 2585 2997 suum
2629 2943 2911 3011 auspicata
2948 2952 3094 2997 esset
3127 2943 3179 2996 in
3214 2957 3383 3011 genus
3416 2943 3744 3005 humanum,

499 3028 681 3083 Deus?
736 3028 841 3084 Sed
906 3030 1225 3097 priusquam
1283 3030 1349 3082 ad
1415 3029 1556 3083 hanc
1616 3030 2139 3117 respondeamus,c
2176 3046 2402 3102 prorsus
2459 3032 2564 3087 hoc
2631 3032 3018 3088 indissolubile
3086 3034 3345 3103 deinceps
3379 3032 3743 3089 obtinuisset.

497 3134 678 3189 operte
720 3119 954 3188 pretium
1008 3118 1173 3173 fuerit
1219 3120 1435 3173 illorum
1476 3120 1759 3174 hominum
1817 3121 2061 3191 argutias

498 3216 792 3271 dissolvere
823 3216 915 3286 qui
964 3216 1066 3271 hoc
1118 3214 1236 3268 loco
1288 3214 1444 3266 aiunt
1492 3214 1760 3283 serpentis
1794 3213 1922 3282 (hoc
1956 3224 2063 3280 est,

498 3309 735 3379 Satanae)
778 3311 938 3363 verba
985 3318 1101 3363 rata
1148 3308 1284 3370 fieri,
1338 3306 1539 3373 quibus
1586 3306 1915 3375 praedixerat
1958 3322 2065 3361 non

498 3404 795 3456 morituros
849 3400 1066 3455 etiamsi
1115 3408 1475 3453 vescerentur
1533 3396 1825 3465 prohibitis
1873 3398 2068 3452 fructi-

497 3500 603 3552 bus
633 3517 647 3553 :
684 3498 775 3551 Dei
830 3511 959 3549 vero
990 3495 1146 3548 irrita
1178 3495 1423 3563 falsaque
1457 3496 1548 3563 qui
1590 3495 1778 3549 eodem
1810 3510 1935 3550 cum
1965 3510 2066 3564 pa-

500 3597 642 3641 trato
670 3587 914 3641 facinore
943 3586 1028 3640 die
1062 3586 1357 3639 morituros
1388 3586 1629 3640 minatus
1657 3585 1855 3641 fuerat.
1904 3587 2065 3656 Atqui

498 3678 924 3748 haudquaquam
960 3678 1221 3732 mentitus
1267 3688 1349 3731 est
1383 3677 1547 3740 Deus,
1580 3677 1671 3730 sed
1707 3677 2064 3747 praestitutam

495 3785 714 3839 penam
784 3768 1158 3823 misericordia
1215 3768 1500 3838 mitigavit.
1558 3766 1711 3823 Solet
1771 3769 1919 3824 enim
1975 3770 2066 3823 ille

497 3863 733 3917 maxima
781 3859 1216 3929 gravissimaque
1271 3860 1535 3929 supplicia
1589 3859 1808 3925 minari,
1848 3869 1908 3915 ut
1959 3860 2065 3915 sibi

496 3965 721 4007 caveant
768 3950 1046 4014 mortales,
1103 3966 1292 4004 verum
1368 3950 1564 4005 deinde
1627 3951 1715 4003 illa
1765 3966 1860 4020 per
1909 3965 2064 4005 suam

497 4043 930 4099 misericordiam
969 4043 1265 4106 moderati,
1302 4041 1623 4111 lcnioraque
1655 4057 1893 4097 sumere.
1930 4035 2064 4097 Nam

496 4149 549 4193 et
600 4138 857 4193 Ninivit-is
910 4155 1035 4192 cum
1094 4138 1479 4190 interminatus
1530 4145 1675 4190 esset
1704 4136 1955 4200 exitium,
1988 4137 2064 4190 illi

493 4248 622 4285 vero
654 4236 721 4285 ah
764 4230 1016 4297 illtmplis
1062 4229 1304 4283 revocati
1348 4228 1708 4297 pmniterent,
1740 4229 1884 4281 nulla
1917 4226 2064 4296 ipsos

496 4328 667 4379 multa
704 4323 887 4379 aﬂecit
906 4322 976 4375 “.
1022 4320 1269 4376 Ezechiae
1310 4335 1528 4390 quoque
1560 4333 1684 4374 cum
1735 4320 2061 4373 moriturum

2173 3126 2388 3181 Iustum
2413 3135 2595 3179 autem
2629 3124 2826 3179 fuisset
2880 3126 3075 3181 mortis
3122 3126 3337 3195 imperii
3375 3125 3741 3194 principium,

2171 3216 2215 3271 si
2247 3216 2443 3281 Adam,
2480 3216 2572 3285 qui
2603 3215 2803 3271 violata
2837 3217 2953 3287 lege
2980 3216 3307 3285 deliquerat,
3340 3217 3550 3286 primus
3570 3225 3745 3268 morte

2172 3306 2539 3372 concidisset;
2587 3317 2642 3360 at
2702 3311 2850 3362 enim
2889 3318 3245 3378 posteaquam
3284 3308 3371 3362 ille
3405 3308 3613 3377 primus
3662 3317 3747 3361 est

2173 3404 2350 3450 morte
2389 3397 2698 3453 exstinctus
2732 3399 2825 3467 qui
2873 3415 2984 3468 pra:
3018 3398 3231 3454 caeteris
3278 3399 3602 3453 mortalibus
3636 3399 3744 3451 Deo

2178 3487 2428 3555 placebat
2491 3498 2543 3543 et
2603 3493 2833 3543 omnino
2882 3500 3057 3545 morte
3107 3490 3361 3560 indignus
3404 3501 3542 3555 erat,
3583 3501 3744 3560 atque

2173 3582 2243 3635 ita
2277 3581 2531 3650 improbo
2556 3584 2826 3653 principio
2862 3600 3015 3640 mors
3050 3601 3207 3641 suam
3240 3588 3453 3656 occepit
3497 3590 3746 3657 tyranni-

2170 3673 2329 3740 detn;
2365 3683 2565 3729 merito
2599 3691 2661 3729 ea
2701 3679 2946 3747 tyrannis
2974 3678 3105 3733 olim
3136 3678 3484 3734 dissolvenda
3516 3679 3620 3734 fuit
3645 3695 3743 3748 per

2170 3764 2446 3819 Christum
2497 3766 2589 3834 qui
2634 3781 2736 3821 suo
2778 3768 2921 3822 illam
2974 3769 3211 3823 adventu
3258 3771 3466 3825 viribus
3528 3786 3741 3825 cassam

2144 3846 2423 3907 'reddidit.
2485 3852 2628 3909 liinc
2704 3854 2962 3911 dominus
3028 3856 3265 3926 Ephrem
3326 3858 3378 3913 in
3457 3859 3585 3912 illud
3651 3858 3743 3911 Dei

2169 3944 2373 3999 dictum
2409 3962 2421 3997 :
2452 3942 2688 4017 Sanguis
2730 3947 2857 4001 Abel
2904 3949 3104 4002 clamat
3149 3951 3218 4002 ad
3279 3965 3359 4003 me
3404 3965 3467 4002 ea:
3508 3959 3648 4002 terra
3670 3951 3742 4012 δ’,

2170 4038 2316 4093 sicut
2345 4041 2609 4108 scriptum
2646 4040 2867 4109 reliquit
2897 4059 2912 4094 :
2952 4040 3130 4095 Uliilat
3174 4056 3324 4097 mors
3370 4042 3422 4095 in
3451 4058 3553 4095 stto
3586 4042 3743 4095 initio

2168 4131 2465 4185 ostendens
2524 4132 2692 4200 :qucm
2759 4134 2830 4186 sit
2907 4132 3160 4187 habitura
3225 4132 3409 4187 ﬁnem.
3473 4133 3740 4187 Praeterea

2168 4232 2329 4275 etiam
2378 4223 2423 4275 si
2473 4238 2583 4276 non
2650 4223 2797 4278 illico
2848 4234 3162 4293 peccantem
3221 4226 3487 4279 Adamum
3561 4235 3741 4278 morte

2172 4314 2483 4369 multaverit
2532 4314 2697 4380 Deus,
2750 4324 2927 4371 tamen
2987 4317 3270 4373 mortalem
3315 4333 3458 4381 esse,
3497 4327 3550 4371 et
3603 4332 3632 4370 a
3682 4332 3741 4370 se

494 4432 670 4486 neque
700 4417 971 4469 victurum
1002 4388 1436 4482 pronuntiasset,
1463 4422 1701 4477 eumque
1735 4406 1943 4476 peccati
1978 4407 2063 4462 sui
2098 4388 2140 4442 θ
2171 4405 2298 4459 olim
2347 4406 2722 4475 perimendum
2757 4407 2869 4476 jam
2929 4416 3041 4463 tum
3089 4409 3327 4464 ostendit
3379 4409 3463 4464 his
3510 4411 3692 4463 verbis
3725 4427 3740 4461 :

493 4507 859 4578 paenituisset,
888 4506 1222 4573 impendenti
1251 4517 1426 4573 paena:
1448 4502 1562 4569 jam
1592 4500 1811 4554 addicto
1837 4499 2065 4567 gratiam

495 4600 730 4658 fecit";
768 4608 819 4651 et
863 4606 1044 4651 tamen
1099 4611 1281 4655 nemo.
1323 4595 1392 4648 ob
1432 4593 1546 4647 lucc
1593 4592 1864 4646 mendacii
1892 4590 2064 4645 Deum

495 4691 860 4743 accusaverit.
910 4686 1001 4741 Sic
1050 4676 1215 4755 igitur
1247 4685 1410 4739 etiam
1447 4700 1571 4738 cum
1620 4684 1828 4736 Adamn
1864 4689 1919 4736 et
1953 4680 2066 4735 Eva

496 4783 625 4849 egit.
663 4778 1003 4833 Praunonuit
1035 4778 1179 4832 enim
1231 4792 1297 4830 ne
1345 4776 1411 4830 de
1453 4776 1541 4828 illa
1597 4776 1791 4829 arbore
1821 4774 2066 4837 ederent,

498 4874 771 4942 simulque
822 4872 996 4925 minas
1058 4870 1265 4924 addidit
1329 4868 1446 4922 fore
1505 4875 1563 4919 ttt
1621 4866 1725 4920 nisi
1779 4876 2063 4933 parerent,

497 4970 684 5023 eodem
736 4967 822 5019 die
878 4974 1107 5020 mortem
1154 4973 1519 5034 oppeterent:
1554 4977 1676 5015 cum
1721 4976 1886 5029 porro
1953 4961 2064 5029 jam

494 5068 827 5132 praeceptum
872 5058 1170 5113 violassent
1210 5066 1374 5125 atque
1407 5062 1752 5124 peccassent,
1780 5052 2068 5107 miseratus

497 5157 643 5223 ipsos
670 5161 755 5207 est
786 5150 1115 5219 culpamque
1143 5147 1379 5208 remisit,
1411 5154 1465 5200 et
1514 5144 1841 5213 supplicium
1882 5144 1954 5195 ita
1986 5153 2069 5196 est

496 5244 813 5300 moderatus
847 5249 905 5296 ut
932 5254 999 5294 eo
1030 5242 1148 5309 ipso
1170 5239 1258 5292 die
1290 5245 1521 5291 mortem
1559 5251 1662 5289 non
1688 5234 1926 5289 obierint
1954 5248 2062 5303 quo

495 5337 806 5404 nnpositam
863 5332 966 5388 sibi
1005 5333 1177 5401 legem
1212 5330 1510 5397 fregerant.
1545 5327 1660 5381 lino
1689 5341 1820 5381 vero
1871 5325 2065 5379 adver-

497 5442 592 5480 sus
622 5426 895 5481 Ninivitas
952 5432 1123 5478 totum
1160 5418 1767 5486 omninorsupplicium
1825 5416 2063 5471 reddidit

498 5516 744 5584 irritum;
787 5525 842 5570 at
869 5516 1075 5585 primos
1126 5513 1295 5567 hosce
1340 5521 1560 5565 nostros
1597 5518 1853 5579 parentes
1909 5516 2062 5577 parte

565 5668 653 5723 "l
683 5667 826 5723 Tim.
858 5686 896 5736 ι,
928 5670 961 5723 5
994 5683 1145 5738 seqq.
1234 5667 1278 5700 ⁸⁸
1300 5664 1449 5722 Jonze
1481 5682 1558 5733 ut,
1590 5662 1623 5716 2
1652 5678 1802 5732 seqq.

1879 5663 1921 5695 '9
1951 5658 2180 5730 le‘teg.
2224 5676 2315 5726 xx,
2352 5660 2368 5713 I
2404 5677 2557 5725 scita.

2167 4495 2347 4551 Pulvis
2384 4508 2550 4562 es,.et
2597 4500 2650 4553 in
2685 4501 2951 4569 pulverem
2998 4503 3294 4556 reverteris.
3329 4503 3568 4571 Denique
3611 4517 3738 4555 cum

2169 4591 2258 4644 ille
2304 4600 2519 4659 gustata
2567 4592 2765 4646 arbore
2800 4593 2987 4657 vetita,
3042 4608 3201 4661 pmna
3243 4593 3513 4648 obnoxius
3561 4592 3743 4647 factus

2166 4693 2343 4745 esset,
2407 4683 2596 4738 habuit
2655 4686 2832 4754 ipsum
2893 4684 3033 4739 Deus
3081 4700 3181 4754 pro
3233 4694 3470 4748 mei-tuo,
3521 4684 3739 4737 etiamsi

2170 4775 2324 4828 vivus
2376 4789 2498 4829 esse
2538 4776 2835 4831 videretur.
2892 4776 2949 4831 Si
2987 4776 3133 4831 enim
3163 4776 3325 4831 divus
3355 4776 3560 4830 Paulus
3604 4790 3740 4844 apo-

2171 4868 2345 4922 stolus
2374 4882 2470 4921 eos
2505 4868 2597 4935 qui
2629 4869 2826 4922 mortui
2859 4879 3011 4933 sunt,
3035 4878 3184 4924 recte
3221 4878 3381 4924 vocat
3404 4870 3737 4923 dormientes

2170 4974 2388 5030 propter
2434 4961 2792 5015 certissimam
2829 4962 3251 5018 resurrectionis
3282 4976 3455 5031 spem,
3483 4977 3582 5016 cur
3629 4976 3734 5015 non

2169 5052 2413 5107 Adamus
2463 5062 2817 5122 posteaquam
2879 5064 3104 5122 peccato
3159 5059 3503 5124 mancipatus
3575 5064 3739 5120 atque

2172 5158 2327 5197 noxa:
2351 5143 2564 5198 deditus
2591 5154 2754 5207 esset,
2794 5147 3019 5214 perinde
3049 5155 3215 5216 atque
3244 5148 3316 5201 ob
3356 5160 3553 5200 noxam
3589 5159 3742 5198 mor-

2170 5241 2296 5286 tuus
2329 5232 2509 5285 vocari
2539 5232 2760 5286 debuit?

2239 5322 2409 5375 Adam
2446 5330 2701 5392 quomodo
2750 5336 2993 5381 mortuus
3041 5343 3100 5380 eo
3157 5328 3246 5381 die
3297 5342 3399 5396 quo
3437 5325 3502 5380 de
3550 5322 3743 5378 arbore

2168 5415 2401 5467 scientiis
2442 5417 2697 5482 gustavit.
2721 5446 2791 5454 —
2823 5417 2961 5471 llinc
2990 5427 3072 5472 est
3102 5421 3247 5485 quod
3281 5418 3535 5471 dominus
3557 5414 3742 5470 Julius

2168 5506 2569 5561 Commentario
2628 5522 2729 5562 suo
2772 5509 2823 5562 in
2884 5509 3238 5578 Evangelium
3291 5508 3561 5574 Joannis,
3621 5510 3737 5562 ait:

2651 5662 2694 5693 ⁸⁸⁵
2721 5662 2853 5717 Gen.
2892 5678 2963 5721 tv.
2994 5663 3078 5718 10.

3588 5726 3641 5755 ,ὁ
