  <div class='ocr_page' id='page_1' title='image "/cluster/home/n/w/nwhite01/storage/ocr_20150623/111/hvd.32044073502288/302.png"; bbox 0 0 4100 6212; ppageno 0'>
   <div class='ocr_carea' id='block_1_1' title="bbox 405 264 502 321">
    <p class='ocr_par' dir='ltr' id='par_1_1' title="bbox 405 264 502 321">
     <span class='ocr_line' id='line_1_1' title="bbox 405 264 502 321; baseline 0.01 -1"><span class='ocrx_word' id='word_1_1' title='bbox 405 264 502 321; x_wconf 71' lang='grc'><strong>561</strong></span> 
     </span>
    </p>
   </div>
   <div class='ocr_carea' id='block_1_2' title="bbox 1534 275 2075 346">
    <p class='ocr_par' dir='ltr' id='par_1_2' title="bbox 1534 275 2075 346">
     <span class='ocr_line' id='line_1_2' title="bbox 1534 275 2075 346; baseline 0.026 -15"><span class='ocrx_word' id='word_1_2' title='bbox 1534 275 1627 334; x_wconf 78' lang='lat' dir='ltr'><strong>DE</strong></span> <span class='ocrx_word' id='word_1_3' title='bbox 1670 277 2075 346; x_wconf 71' lang='lat' dir='ltr'><strong>PAHADISO.</strong></span> 
     </span>
    </p>
   </div>
   <div class='ocr_carea' id='block_1_3' title="bbox 2155 287 3650 371">
    <p class='ocr_par' dir='ltr' id='par_1_3' title="bbox 2155 287 3650 371">
     <span class='ocr_line' id='line_1_3' title="bbox 2155 287 3650 371; baseline 0.016 -26"><span class='ocrx_word' id='word_1_4' title='bbox 2155 311 2182 321; x_wconf 92' lang='lat'><strong>-</strong></span> <span class='ocrx_word' id='word_1_5' title='bbox 2220 287 2311 346; x_wconf 77' lang='lat' dir='ltr'><strong>PA</strong></span> <span class='ocrx_word' id='word_1_6' title='bbox 2321 290 2410 349; x_wconf 63' lang='grc' dir='ltr'><strong>ΚΞ</strong></span> <span class='ocrx_word' id='word_1_7' title='bbox 2454 292 2482 350; x_wconf 88' lang='grc' dir='ltr'>Ι</span> <span class='ocrx_word' id='word_1_8' title='bbox 2487 337 2500 351; x_wconf 92' lang='grc'><strong>.</strong></span> <span class='ocrx_word' id='word_1_9' title='bbox 3544 307 3650 371; x_wconf 78' lang='lat'><strong>562</strong></span> 
     </span>
    </p>
   </div>
   <div class='ocr_carea' id='block_1_4' title="bbox 404 372 3646 483">
    <p class='ocr_par' dir='ltr' id='par_1_4' title="bbox 404 372 3646 483">
     <span class='ocr_line' id='line_1_4' title="bbox 404 372 3646 483; baseline 0.013 -54"><span class='ocrx_word' id='word_1_10' title='bbox 404 372 815 455; x_wconf 50' lang='lat' dir='ltr'><strong>Adamjtaque</strong></span> <span class='ocrx_word' id='word_1_11' title='bbox 864 386 931 429; x_wconf 91' lang='lat' dir='ltr'><strong>eo</strong></span> <span class='ocrx_word' id='word_1_12' title='bbox 976 375 1063 431; x_wconf 88' lang='lat' dir='ltr'><strong>die</strong></span> <span class='ocrx_word' id='word_1_13' title='bbox 1114 386 1346 435; x_wconf 89' lang='lat' dir='ltr'><strong>mortem</strong></span> <span class='ocrx_word' id='word_1_14' title='bbox 1399 382 1557 445; x_wconf 88' lang='lat' dir='ltr'><strong>obiit,</strong></span> <span class='ocrx_word' id='word_1_15' title='bbox 1607 400 1719 454; x_wconf 80' lang='lat' dir='ltr'><strong>quo</strong></span> <span class='ocrx_word' id='word_1_16' title='bbox 1765 386 1854 441; x_wconf 84' lang='lat' dir='ltr'><strong>die</strong></span> <span class='ocrx_word' id='word_1_17' title='bbox 1910 388 2051 450; x_wconf 55' lang='lat' dir='ltr'><strong>MA</strong></span> <span class='ocrx_word' id='word_1_18' title='bbox 2082 392 2413 466; x_wconf 85' lang='lat' dir='ltr'><strong>detraheret,</strong></span> <span class='ocrx_word' id='word_1_19' title='bbox 2449 403 2752 459; x_wconf 83' lang='lat' dir='ltr'><strong>secundum</strong></span> <span class='ocrx_word' id='word_1_20' title='bbox 2796 410 3119 466; x_wconf 76' lang='lat' dir='ltr'><strong>sententiam</strong></span> <span class='ocrx_word' id='word_1_21' title='bbox 3157 427 3318 483; x_wconf 87' lang='lat' dir='ltr'><strong>quam</strong></span> <span class='ocrx_word' id='word_1_22' title='bbox 3362 416 3646 474; x_wconf 86' lang='lat' dir='ltr'><strong>dominum</strong></span> 
     </span>
    </p>
   </div>
   <div class='ocr_carea' id='block_1_5' title="bbox 404 467 1972 542">
    <p class='ocr_par' dir='ltr' id='par_1_5' title="bbox 404 467 1972 542">
     <span class='ocr_line' id='line_1_5' title="bbox 404 467 1972 542; baseline 0.009 -20"><span class='ocrx_word' id='word_1_23' title='bbox 404 469 602 523; x_wconf 87' lang='lat' dir='ltr'><strong>arbore</strong></span> <span class='ocrx_word' id='word_1_24' title='bbox 644 467 915 536; x_wconf 83' lang='lat' dir='ltr'><strong>prohibita</strong></span> <span class='ocrx_word' id='word_1_25' title='bbox 954 469 1087 535; x_wconf 87' lang='lat' dir='ltr'><strong>edit,</strong></span> <span class='ocrx_word' id='word_1_26' title='bbox 1116 487 1182 526; x_wconf 82' lang='lat' dir='ltr'><strong>eo</strong></span> <span class='ocrx_word' id='word_1_27' title='bbox 1218 490 1327 542; x_wconf 90' lang='lat' dir='ltr'><strong>quo</strong></span> <span class='ocrx_word' id='word_1_28' title='bbox 1372 476 1451 530; x_wconf 84' lang='lat' dir='ltr'><strong>sic</strong></span> <span class='ocrx_word' id='word_1_29' title='bbox 1482 477 1706 533; x_wconf 87' lang='lat' dir='ltr'><strong>haberet</strong></span> <span class='ocrx_word' id='word_1_30' title='bbox 1751 490 1972 535; x_wconf 84' lang='lat' dir='ltr'><strong>senten-</strong></span> 
     </span>
    </p>
   </div>
   <div class='ocr_carea' id='block_1_6' title="bbox 405 558 1973 643">
    <p class='ocr_par' dir='ltr' id='par_1_6' title="bbox 405 558 1973 643">
     <span class='ocr_line' id='line_1_6' title="bbox 405 558 1973 643; baseline 0.01 -30"><span class='ocrx_word' id='word_1_31' title='bbox 405 560 477 613; x_wconf 91' lang='lat' dir='ltr'><strong>tia</strong></span> <span class='ocrx_word' id='word_1_32' title='bbox 507 577 522 613; x_wconf 87' lang='lat'><strong>:</strong></span> <span class='ocrx_word' id='word_1_33' title='bbox 557 558 674 623; x_wconf 83' lang='lat' dir='ltr'><strong>Quo</strong></span> <span class='ocrx_word' id='word_1_34' title='bbox 715 559 802 612; x_wconf 85' lang='lat' dir='ltr'><strong>die</strong></span> <span class='ocrx_word' id='word_1_35' title='bbox 844 563 1135 616; x_wconf 78' lang='lat' dir='ltr'><strong>comederis</strong></span> <span class='ocrx_word' id='word_1_36' title='bbox 1160 564 1234 617; x_wconf 86' lang='lat' dir='ltr'><strong>de&#39;</strong></span> <span class='ocrx_word' id='word_1_37' title='bbox 1262 567 1469 632; x_wconf 76' lang='lat' dir='ltr'><strong>arbore,</strong></span> <span class='ocrx_word' id='word_1_38' title='bbox 1503 571 1762 624; x_wconf 77' lang='lat' dir='ltr'><strong>morieris.</strong></span> <span class='ocrx_word' id='word_1_39' title='bbox 1808 571 1973 643; x_wconf 82' lang='lat' dir='ltr'><strong>Atqui</strong></span> 
     </span>
    </p>
   </div>
   <div class='ocr_carea' id='block_1_7' title="bbox 405 648 1970 727">
    <p class='ocr_par' dir='ltr' id='par_1_7' title="bbox 405 648 1970 727">
     <span class='ocr_line' id='line_1_7' title="bbox 405 648 1970 727; baseline 0.01 -28"><span class='ocrx_word' id='word_1_40' title='bbox 405 648 618 702; x_wconf 77' lang='lat' dir='ltr'><strong>\ivebat</strong></span> <span class='ocrx_word' id='word_1_41' title='bbox 647 649 811 702; x_wconf 87' lang='lat' dir='ltr'><strong>etiam</strong></span> <span class='ocrx_word' id='word_1_42' title='bbox 865 658 1004 707; x_wconf 87' lang='lat' dir='ltr'><strong>tum.</strong></span> <span class='ocrx_word' id='word_1_43' title='bbox 1050 651 1152 717; x_wconf 87' lang='lat' dir='ltr'><strong>Qui</strong></span> <span class='ocrx_word' id='word_1_44' title='bbox 1179 669 1307 724; x_wconf 82' lang='lat' dir='ltr'><strong>ergo</strong></span> <span class='ocrx_word' id='word_1_45' title='bbox 1342 657 1522 724; x_wconf 85' lang='lat' dir='ltr'><strong>potuit</strong></span> <span class='ocrx_word' id='word_1_46' title='bbox 1553 668 1798 716; x_wconf 89' lang='lat' dir='ltr'><strong>mortuus</strong></span> <span class='ocrx_word' id='word_1_47' title='bbox 1828 677 1970 727; x_wconf 89' lang='lat' dir='ltr'><strong>esse,</strong></span> 
     </span>
    </p>
   </div>
   <div class='ocr_carea' id='block_1_8' title="bbox 400 744 1969 819">
    <p class='ocr_par' dir='ltr' id='par_1_8' title="bbox 400 744 1969 819">
     <span class='ocr_line' id='line_1_8' title="bbox 400 744 1969 819; baseline 0.011 -28"><span class='ocrx_word' id='word_1_48' title='bbox 400 753 534 792; x_wconf 82' lang='lat' dir='ltr'><strong>sane</strong></span> <span class='ocrx_word' id='word_1_49' title='bbox 581 754 677 808; x_wconf 88' lang='lat' dir='ltr'><strong>per</strong></span> <span class='ocrx_word' id='word_1_50' title='bbox 726 744 1055 796; x_wconf 88' lang='lat' dir='ltr'><strong>sententiam</strong></span> <span class='ocrx_word' id='word_1_51' title='bbox 1118 745 1290 814; x_wconf 89' lang='lat' dir='ltr'><strong>ipsam</strong></span> <span class='ocrx_word' id='word_1_52' title='bbox 1338 757 1498 817; x_wconf 86' lang='lat' dir='ltr'><strong>atque</strong></span> <span class='ocrx_word' id='word_1_53' title='bbox 1544 766 1646 817; x_wconf 91' lang='lat' dir='ltr'><strong>per</strong></span> <span class='ocrx_word' id='word_1_54' title='bbox 1698 759 1969 819; x_wconf 82' lang='lat' dir='ltr'><strong>patratum</strong></span> 
     </span>
    </p>
   </div>
   <div class='ocr_carea' id='block_1_9' title="bbox 399 830 1972 915">
    <p class='ocr_par' dir='ltr' id='par_1_9' title="bbox 399 830 1972 915">
     <span class='ocr_line' id='line_1_9' title="bbox 399 830 1972 915; baseline 0.011 -32"><span class='ocrx_word' id='word_1_55' title='bbox 399 830 639 892; x_wconf 84' lang='lat' dir='ltr'><strong>facinus,</strong></span> <span class='ocrx_word' id='word_1_56' title='bbox 673 830 787 898; x_wconf 88' lang='lat' dir='ltr'><strong>jam</strong></span> <span class='ocrx_word' id='word_1_57' title='bbox 826 841 938 886; x_wconf 93' lang='lat' dir='ltr'><strong>tum</strong></span> <span class='ocrx_word' id='word_1_58' title='bbox 972 846 1222 891; x_wconf 90' lang='lat' dir='ltr'><strong>mortuus</strong></span> <span class='ocrx_word' id='word_1_59' title='bbox 1247 847 1385 892; x_wconf 87' lang='lat' dir='ltr'><strong>erat.</strong></span> <span class='ocrx_word' id='word_1_60' title='bbox 1425 838 1559 894; x_wconf 76' lang='lat' dir='ltr'><strong>Nam</strong></span> <span class='ocrx_word' id='word_1_61' title='bbox 1612 841 1775 897; x_wconf 82' lang='lat' dir='ltr'><strong>simul</strong></span> <span class='ocrx_word' id='word_1_62' title='bbox 1808 856 1972 915; x_wconf 84' lang='lat' dir='ltr'><strong>atque</strong></span> 
     </span>
    </p>
   </div>
   <div class='ocr_carea' id='block_1_10' title="bbox 398 912 1970 1005">
    <p class='ocr_par' dir='ltr' id='par_1_10' title="bbox 398 912 1970 1005">
     <span class='ocr_line' id='line_1_10' title="bbox 398 912 1970 1005; baseline 0.009 -28"><span class='ocrx_word' id='word_1_63' title='bbox 398 939 458 977; x_wconf 88' lang='lat' dir='ltr'><strong>se</strong></span> <span class='ocrx_word' id='word_1_64' title='bbox 498 923 621 991; x_wconf 85' lang='lat' dir='ltr'><strong>quis</strong></span> <span class='ocrx_word' id='word_1_65' title='bbox 658 912 965 992; x_wconf 80' lang='lat' dir='ltr'><strong>subjectum</strong></span> <span class='ocrx_word' id='word_1_66' title='bbox 999 928 1172 995; x_wconf 74' lang='lat' dir='ltr'><strong>culpa:</strong></span> <span class='ocrx_word' id='word_1_67' title='bbox 1212 929 1366 995; x_wconf 89' lang='lat' dir='ltr'><strong>fecit,</strong></span> <span class='ocrx_word' id='word_1_68' title='bbox 1401 933 1665 1002; x_wconf 82' lang='lat' dir='ltr'><strong>supplicia</strong></span> <span class='ocrx_word' id='word_1_69' title='bbox 1700 912 1970 1005; x_wconf 81' lang='lat' dir='ltr'><strong>quodam-</strong></span> 
     </span>
    </p>
   </div>
   <div class='ocr_carea' id='block_1_11' title="bbox 397 1014 1967 1096">
    <p class='ocr_par' dir='ltr' id='par_1_11' title="bbox 397 1014 1967 1096">
     <span class='ocr_line' id='line_1_11' title="bbox 397 1014 1967 1096; baseline 0.012 -31"><span class='ocrx_word' id='word_1_70' title='bbox 397 1014 562 1067; x_wconf 79' lang='lat' dir='ltr'><strong>modo</strong></span> <span class='ocrx_word' id='word_1_71' title='bbox 611 1016 836 1083; x_wconf 89' lang='lat' dir='ltr'><strong>patitur,</strong></span> <span class='ocrx_word' id='word_1_72' title='bbox 887 1020 1103 1072; x_wconf 85' lang='lat' dir='ltr'><strong>tametsi</strong></span> <span class='ocrx_word' id='word_1_73' title='bbox 1152 1022 1330 1076; x_wconf 87' lang='lat' dir='ltr'><strong>adhuc</strong></span> <span class='ocrx_word' id='word_1_74' title='bbox 1364 1040 1469 1079; x_wconf 90' lang='lat' dir='ltr'><strong>non</strong></span> <span class='ocrx_word' id='word_1_75' title='bbox 1525 1025 1706 1096; x_wconf 81' lang='lat' dir='ltr'><strong>reipsa</strong></span> <span class='ocrx_word' id='word_1_76' title='bbox 1747 1027 1967 1096; x_wconf 88' lang='lat' dir='ltr'><strong>ductus,</strong></span> 
     </span>
    </p>
   </div>
   <div class='ocr_carea' id='block_1_12' title="bbox 397 1105 1968 1189">
    <p class='ocr_par' dir='ltr' id='par_1_12' title="bbox 397 1105 1968 1189">
     <span class='ocr_line' id='line_1_12' title="bbox 397 1105 1968 1189; baseline 0.011 -30"><span class='ocrx_word' id='word_1_77' title='bbox 397 1105 492 1159; x_wconf 83' lang='lat' dir='ltr'><strong>sed</strong></span> <span class='ocrx_word' id='word_1_78' title='bbox 546 1122 641 1173; x_wconf 78' lang='lat' dir='ltr'><strong>per</strong></span> <span class='ocrx_word' id='word_1_79' title='bbox 687 1107 857 1161; x_wconf 86' lang='lat' dir='ltr'><strong>solam</strong></span> <span class='ocrx_word' id='word_1_80' title='bbox 899 1114 1306 1177; x_wconf 86' lang='lat' dir='ltr'><strong>pronuntiatam</strong></span> <span class='ocrx_word' id='word_1_81' title='bbox 1335 1118 1661 1173; x_wconf 83' lang='lat' dir='ltr'><strong>sententiam</strong></span> <span class='ocrx_word' id='word_1_82' title='bbox 1688 1118 1968 1189; x_wconf 86' lang='lat' dir='ltr'><strong>judicatus</strong></span> 
     </span>
    </p>
   </div>
   <div class='ocr_carea' id='block_1_13' title="bbox 396 1196 1969 1271">
    <p class='ocr_par' dir='ltr' id='par_1_13' title="bbox 396 1196 1969 1271">
     <span class='ocr_line' id='line_1_13' title="bbox 396 1196 1969 1271; baseline 0.012 -22"><span class='ocrx_word' id='word_1_83' title='bbox 396 1207 500 1250; x_wconf 88' lang='lat' dir='ltr'><strong>est.</strong></span> <span class='ocrx_word' id='word_1_84' title='bbox 582 1196 648 1251; x_wconf 79' lang='lat' dir='ltr'><strong>Et</strong></span> <span class='ocrx_word' id='word_1_85' title='bbox 710 1200 968 1255; x_wconf 90' lang='lat' dir='ltr'><strong>dominus</strong></span> <span class='ocrx_word' id='word_1_86' title='bbox 1034 1204 1269 1271; x_wconf 70' lang='lat' dir='ltr'><strong>Ephrem</strong></span> <span class='ocrx_word' id='word_1_87' title='bbox 1341 1208 1431 1262; x_wconf 85' lang='lat' dir='ltr'><strong>ubi</strong></span> <span class='ocrx_word' id='word_1_88' title='bbox 1498 1208 1698 1264; x_wconf 87' lang='lat' dir='ltr'><strong>iterum</strong></span> <span class='ocrx_word' id='word_1_89' title='bbox 1769 1222 1969 1268; x_wconf 87' lang='lat' dir='ltr'><strong>tractat</strong></span> 
     </span>
    </p>
   </div>
   <div class='ocr_carea' id='block_1_14' title="bbox 398 1290 1964 1371">
    <p class='ocr_par' dir='ltr' id='par_1_14' title="bbox 398 1290 1964 1371">
     <span class='ocr_line' id='line_1_14' title="bbox 398 1290 1964 1371; baseline 0.011 -30"><span class='ocrx_word' id='word_1_90' title='bbox 398 1290 576 1343; x_wconf 90' lang='lat' dir='ltr'><strong>locum</strong></span> <span class='ocrx_word' id='word_1_91' title='bbox 633 1291 782 1345; x_wconf 88' lang='lat' dir='ltr'><strong>illum</strong></span> <span class='ocrx_word' id='word_1_92' title='bbox 824 1292 891 1347; x_wconf 87' lang='lat' dir='ltr'><strong>de</strong></span> <span class='ocrx_word' id='word_1_93' title='bbox 939 1293 1149 1351; x_wconf 80' lang='lat' dir='ltr'><strong>Adamo</strong></span> <span class='ocrx_word' id='word_1_94' title='bbox 1196 1309 1446 1354; x_wconf 80' lang='lat' dir='ltr'><strong>vescente</strong></span> <span class='ocrx_word' id='word_1_95' title='bbox 1489 1299 1704 1358; x_wconf 82' lang='lat' dir='ltr'><strong>fructus</strong></span> <span class='ocrx_word' id='word_1_96' title='bbox 1746 1306 1964 1371; x_wconf 92' lang='lat' dir='ltr'><strong>vetitos,</strong></span> 
     </span>
    </p>
   </div>
   <div class='ocr_carea' id='block_1_15' title="bbox 398 1382 1967 1465">
    <p class='ocr_par' dir='ltr' id='par_1_15' title="bbox 398 1382 1967 1465">
     <span class='ocr_line' id='line_1_15' title="bbox 398 1382 1967 1465; baseline 0.011 -31"><span class='ocrx_word' id='word_1_97' title='bbox 398 1382 773 1453; x_wconf 81' lang='lat' dir='ltr'><strong>morienteque</strong></span> <span class='ocrx_word' id='word_1_98' title='bbox 800 1401 868 1440; x_wconf 84' lang='lat' dir='ltr'><strong>eo</strong></span> <span class='ocrx_word' id='word_1_99' title='bbox 906 1386 1024 1456; x_wconf 89' lang='lat' dir='ltr'><strong>ipso</strong></span> <span class='ocrx_word' id='word_1_100' title='bbox 1061 1388 1166 1453; x_wconf 84' lang='lat' dir='ltr'><strong>die,</strong></span> <span class='ocrx_word' id='word_1_101' title='bbox 1196 1390 1461 1460; x_wconf 84' lang='lat' dir='ltr'><strong>scriptum</strong></span> <span class='ocrx_word' id='word_1_102' title='bbox 1491 1395 1713 1465; x_wconf 84' lang='lat' dir='ltr'><strong>reliquit</strong></span> <span class='ocrx_word' id='word_1_103' title='bbox 1747 1397 1799 1451; x_wconf 90' lang='lat' dir='ltr'><strong>in</strong></span> <span class='ocrx_word' id='word_1_104' title='bbox 1827 1396 1967 1451; x_wconf 89' lang='lat' dir='ltr'><strong>hanc</strong></span> 
     </span>
    </p>
   </div>
   <div class='ocr_carea' id='block_1_16' title="bbox 395 1476 1963 1559">
    <p class='ocr_par' dir='ltr' id='par_1_16' title="bbox 395 1476 1963 1559">
     <span class='ocr_line' id='line_1_16' title="bbox 395 1476 1963 1559; baseline 0.011 -33"><span class='ocrx_word' id='word_1_105' title='bbox 395 1476 725 1530; x_wconf 83' lang='lat' dir='ltr'><strong>sententiam</strong></span> <span class='ocrx_word' id='word_1_106' title='bbox 784 1496 796 1529; x_wconf 91' lang='lat'>:</span> <span class='ocrx_word' id='word_1_107' title='bbox 860 1477 1015 1532; x_wconf 83' lang='lat' dir='ltr'><strong>Sicut</strong></span> <span class='ocrx_word' id='word_1_108' title='bbox 1072 1480 1168 1549; x_wconf 86' lang='lat' dir='ltr'><strong>qui</strong></span> <span class='ocrx_word' id='word_1_109' title='bbox 1226 1496 1391 1537; x_wconf 89' lang='lat' dir='ltr'><strong>sanus</strong></span> <span class='ocrx_word' id='word_1_110' title='bbox 1461 1494 1585 1552; x_wconf 89' lang='lat' dir='ltr'><strong>est,</strong></span> <span class='ocrx_word' id='word_1_111' title='bbox 1644 1489 1963 1559; x_wconf 82' lang='lat' dir='ltr'><strong>priusquam</strong></span> 
     </span>
    </p>
   </div>
   <div class='ocr_carea' id='block_1_17' title="bbox 394 1564 1965 1652">
    <p class='ocr_par' dir='ltr' id='par_1_17' title="bbox 394 1564 1965 1652">
     <span class='ocr_line' id='line_1_17' title="bbox 394 1564 1965 1652; baseline 0.013 -35"><span class='ocrx_word' id='word_1_112' title='bbox 394 1564 600 1619; x_wconf 77' lang='lat' dir='ltr'><strong>incidat</strong></span> <span class='ocrx_word' id='word_1_113' title='bbox 648 1566 701 1620; x_wconf 89' lang='lat' dir='ltr'><strong>in</strong></span> <span class='ocrx_word' id='word_1_114' title='bbox 748 1569 1025 1634; x_wconf 79' lang='lat' dir='ltr'><strong>morbum,</strong></span> <span class='ocrx_word' id='word_1_115' title='bbox 1064 1572 1205 1626; x_wconf 88' lang='lat' dir='ltr'><strong>bona</strong></span> <span class='ocrx_word' id='word_1_116' title='bbox 1248 1572 1450 1629; x_wconf 83' lang='lat' dir='ltr'><strong>fruitur</strong></span> <span class='ocrx_word' id='word_1_117' title='bbox 1489 1578 1797 1636; x_wconf 82' lang='lat' dir='ltr'><strong>valetudine</strong></span> <span class='ocrx_word' id='word_1_118' title='bbox 1844 1599 1965 1652; x_wconf 81' lang='lat' dir='ltr'><strong>quae</strong></span> 
     </span>
    </p>
   </div>
   <div class='ocr_carea' id='block_1_18' title="bbox 393 1657 1963 1729">
    <p class='ocr_par' dir='ltr' id='par_1_18' title="bbox 393 1657 1963 1729">
     <span class='ocr_line' id='line_1_18' title="bbox 393 1657 1963 1729; baseline 0.013 -21"><span class='ocrx_word' id='word_1_119' title='bbox 393 1657 585 1710; x_wconf 85' lang='lat' dir='ltr'><strong>morbo</strong></span> <span class='ocrx_word' id='word_1_120' title='bbox 633 1659 813 1726; x_wconf 83' lang='lat' dir='ltr'><strong>potior</strong></span> <span class='ocrx_word' id='word_1_121' title='bbox 855 1672 939 1715; x_wconf 87' lang='lat' dir='ltr'><strong>est</strong></span> <span class='ocrx_word' id='word_1_122' title='bbox 970 1679 987 1714; x_wconf 83' lang='lat'><strong><em>:</em></strong></span> <span class='ocrx_word' id='word_1_123' title='bbox 1026 1678 1214 1718; x_wconf 88' lang='lat' dir='ltr'><strong>verum</strong></span> <span class='ocrx_word' id='word_1_124' title='bbox 1264 1665 1352 1719; x_wconf 89' lang='lat' dir='ltr'><strong>ubi</strong></span> <span class='ocrx_word' id='word_1_125' title='bbox 1382 1667 1597 1724; x_wconf 90' lang='lat' dir='ltr'><strong>lethalis</strong></span> <span class='ocrx_word' id='word_1_126' title='bbox 1629 1686 1756 1725; x_wconf 87' lang='lat' dir='ltr'><strong>eum</strong></span> <span class='ocrx_word' id='word_1_127' title='bbox 1807 1673 1963 1729; x_wconf 90' lang='lat' dir='ltr'><strong>inivit</strong></span> 
     </span>
    </p>
   </div>
   <div class='ocr_carea' id='block_1_19' title="bbox 2086 483 3650 578">
    <p class='ocr_par' dir='ltr' id='par_1_19' title="bbox 2086 483 3650 578">
     <span class='ocr_line' id='line_1_19' title="bbox 2086 483 3650 578; baseline 0.019 -41"><span class='ocrx_word' id='word_1_128' title='bbox 2086 483 2320 553; x_wconf 86' lang='lat' dir='ltr'><strong>Ephrem</strong></span> <span class='ocrx_word' id='word_1_129' title='bbox 2369 501 2423 545; x_wconf 89' lang='lat' dir='ltr'><strong>et</strong></span> <span class='ocrx_word' id='word_1_130' title='bbox 2491 494 2582 561; x_wconf 86' lang='lat' dir='ltr'><strong>qui</strong></span> <span class='ocrx_word' id='word_1_131' title='bbox 2638 498 2779 554; x_wconf 84' lang='lat' dir='ltr'><strong>hunc</strong></span> <span class='ocrx_word' id='word_1_132' title='bbox 2826 512 3151 571; x_wconf 82' lang='lat' dir='ltr'><strong>sequuntur,</strong></span> <span class='ocrx_word' id='word_1_133' title='bbox 3201 521 3300 576; x_wconf 90' lang='lat' dir='ltr'><strong>pro</strong></span> <span class='ocrx_word' id='word_1_134' title='bbox 3358 507 3650 578; x_wconf 67' lang='lat' dir='ltr'><strong>Scriptura:</strong></span> 
     </span>
    </p>
   </div>
   <div class='ocr_carea' id='block_1_20' title="bbox 2086 584 3651 661">
    <p class='ocr_par' dir='ltr' id='par_1_20' title="bbox 2086 584 3651 661">
     <span class='ocr_line' id='line_1_20' title="bbox 2086 584 3651 661; baseline 0.017 -32"><span class='ocrx_word' id='word_1_135' title='bbox 2086 587 2271 633; x_wconf 89' lang='lat' dir='ltr'><strong>tenore</strong></span> <span class='ocrx_word' id='word_1_136' title='bbox 2294 584 2572 653; x_wconf 83' lang='lat' dir='ltr'><strong>amplexos</strong></span> <span class='ocrx_word' id='word_1_137' title='bbox 2600 602 2722 644; x_wconf 90' lang='lat' dir='ltr'><strong>esse</strong></span> <span class='ocrx_word' id='word_1_138' title='bbox 2748 606 2913 661; x_wconf 85' lang='lat' dir='ltr'><strong>supra</strong></span> <span class='ocrx_word' id='word_1_139' title='bbox 2938 594 3453 653; x_wconf 81' lang='lat' dir='ltr'><strong>demonstravimus.</strong></span> <span class='ocrx_word' id='word_1_140' title='bbox 3482 601 3651 655; x_wconf 82' lang='lat' dir='ltr'><strong>Porro</strong></span> 
     </span>
    </p>
   </div>
   <div class='ocr_carea' id='block_1_21' title="bbox 2082 670 3650 760">
    <p class='ocr_par' dir='ltr' id='par_1_21' title="bbox 2082 670 3650 760">
     <span class='ocr_line' id='line_1_21' title="bbox 2082 670 3650 760; baseline 0.014 -35"><span class='ocrx_word' id='word_1_141' title='bbox 2082 670 2197 726; x_wconf 85' lang='lat' dir='ltr'><strong>sive</strong></span> <span class='ocrx_word' id='word_1_142' title='bbox 2260 690 2353 742; x_wconf 89' lang='lat' dir='ltr'><strong>per</strong></span> <span class='ocrx_word' id='word_1_143' title='bbox 2405 682 2921 750; x_wconf 81' lang='lat' dir='ltr'><strong>contemplationem</strong></span> <span class='ocrx_word' id='word_1_144' title='bbox 2988 689 3279 756; x_wconf 86' lang='lat' dir='ltr'><strong>quamdam</strong></span> <span class='ocrx_word' id='word_1_145' title='bbox 3337 695 3650 760; x_wconf 78' lang='lat' dir='ltr'><strong>apparuerit</strong></span> 
     </span>
    </p>
   </div>
   <div class='ocr_carea' id='block_1_22' title="bbox 2082 764 3648 848">
    <p class='ocr_par' dir='ltr' id='par_1_22' title="bbox 2082 764 3648 848">
     <span class='ocr_line' id='line_1_22' title="bbox 2082 764 3648 848; baseline 0.016 -34"><span class='ocrx_word' id='word_1_146' title='bbox 2082 772 2208 817; x_wconf 90' lang='lat' dir='ltr'><strong>tunc</strong></span> <span class='ocrx_word' id='word_1_147' title='bbox 2236 764 2362 827; x_wconf 86' lang='lat' dir='ltr'><strong>illis.</strong></span> <span class='ocrx_word' id='word_1_148' title='bbox 2401 776 2458 821; x_wconf 86' lang='lat' dir='ltr'><strong>ut</strong></span> <span class='ocrx_word' id='word_1_149' title='bbox 2496 768 2860 829; x_wconf 83' lang='lat' dir='ltr'><strong>Pbiloxenum</strong></span> <span class='ocrx_word' id='word_1_150' title='bbox 2888 778 3205 835; x_wconf 80' lang='lat' dir='ltr'><strong>existimare</strong></span> <span class='ocrx_word' id='word_1_151' title='bbox 3231 780 3491 848; x_wconf 77' lang='lat' dir='ltr'><strong>diximus,</strong></span> <span class='ocrx_word' id='word_1_152' title='bbox 3536 784 3648 839; x_wconf 59' lang='lat' dir='ltr'><strong>sive</strong></span> 
     </span>
    </p>
   </div>
   <div class='ocr_carea' id='block_1_23' title="bbox 2080 856 3644 940">
    <p class='ocr_par' dir='ltr' id='par_1_23' title="bbox 2080 856 3644 940">
     <span class='ocr_line' id='line_1_23' title="bbox 2080 856 3644 940; baseline 0.012 -31"><span class='ocrx_word' id='word_1_153' title='bbox 2080 856 2154 909; x_wconf 88' lang='lat' dir='ltr'><strong>ita</strong></span> <span class='ocrx_word' id='word_1_154' title='bbox 2180 866 2239 909; x_wconf 84' lang='lat' dir='ltr'><strong>ut</strong></span> <span class='ocrx_word' id='word_1_155' title='bbox 2271 859 2417 927; x_wconf 88' lang='lat' dir='ltr'><strong>ipsos</strong></span> <span class='ocrx_word' id='word_1_156' title='bbox 2445 874 2636 916; x_wconf 86' lang='lat' dir='ltr'><strong>eorum</strong></span> <span class='ocrx_word' id='word_1_157' title='bbox 2668 880 2863 923; x_wconf 81' lang='lat' dir='ltr'><strong>senSus</strong></span> <span class='ocrx_word' id='word_1_158' title='bbox 2889 867 3063 924; x_wconf 87' lang='lat' dir='ltr'><strong>forma</strong></span> <span class='ocrx_word' id='word_1_159' title='bbox 3092 886 3353 940; x_wconf 90' lang='lat' dir='ltr'><strong>corporea</strong></span> <span class='ocrx_word' id='word_1_160' title='bbox 3383 883 3644 939; x_wconf 80' lang='lat' dir='ltr'><strong>moveret,</strong></span> 
     </span>
    </p>
   </div>
   <div class='ocr_carea' id='block_1_24' title="bbox 2081 949 3646 1031">
    <p class='ocr_par' dir='ltr' id='par_1_24' title="bbox 2081 949 3646 1031">
     <span class='ocr_line' id='line_1_24' title="bbox 2081 949 3646 1031; baseline 0.015 -32"><span class='ocrx_word' id='word_1_161' title='bbox 2081 958 2138 1001; x_wconf 88' lang='lat' dir='ltr'><strong>ut</strong></span> <span class='ocrx_word' id='word_1_162' title='bbox 2187 949 2260 1002; x_wconf 88' lang='lat' dir='ltr'><strong>illi</strong></span> <span class='ocrx_word' id='word_1_163' title='bbox 2302 951 2533 1017; x_wconf 86' lang='lat' dir='ltr'><strong>volunt;</strong></span> <span class='ocrx_word' id='word_1_164' title='bbox 2592 970 2724 1009; x_wconf 86' lang='lat' dir='ltr'><strong>sane</strong></span> <span class='ocrx_word' id='word_1_165' title='bbox 2764 958 3142 1031; x_wconf 87' lang='lat' dir='ltr'><strong>cujuscunque</strong></span> <span class='ocrx_word' id='word_1_166' title='bbox 3190 966 3304 1018; x_wconf 64' lang='lat' dir='ltr'><strong>haec</strong></span> <span class='ocrx_word' id='word_1_167' title='bbox 3359 967 3504 1020; x_wconf 88' lang='lat' dir='ltr'><strong>ntodi</strong></span> <span class='ocrx_word' id='word_1_168' title='bbox 3562 984 3646 1022; x_wconf 80' lang='lat' dir='ltr'><strong>res</strong></span> 
     </span>
    </p>
   </div>
   <div class='ocr_carea' id='block_1_25' title="bbox 2078 1038 3649 1124">
    <p class='ocr_par' dir='ltr' id='par_1_25' title="bbox 2078 1038 3649 1124">
     <span class='ocr_line' id='line_1_25' title="bbox 2078 1038 3649 1124; baseline 0.013 -35"><span class='ocrx_word' id='word_1_169' title='bbox 2078 1038 2262 1103; x_wconf 81' lang='lat' dir='ltr'><strong>fuerit,</strong></span> <span class='ocrx_word' id='word_1_170' title='bbox 2326 1052 2518 1109; x_wconf 85' lang='lat' dir='ltr'><strong>pacate</strong></span> <span class='ocrx_word' id='word_1_171' title='bbox 2567 1060 2631 1098; x_wconf 90' lang='lat' dir='ltr'><strong>ae</strong></span> <span class='ocrx_word' id='word_1_172' title='bbox 2678 1046 2872 1102; x_wconf 87' lang='lat' dir='ltr'><strong>blande</strong></span> <span class='ocrx_word' id='word_1_173' title='bbox 2934 1050 3041 1106; x_wconf 89' lang='lat' dir='ltr'><strong>illis</strong></span> <span class='ocrx_word' id='word_1_174' title='bbox 3072 1053 3283 1109; x_wconf 78' lang='lat' dir='ltr'><strong>vicibus</strong></span> <span class='ocrx_word' id='word_1_175' title='bbox 3323 1067 3649 1124; x_wconf 81' lang='lat' dir='ltr'><strong>apparuerat</strong></span> 
     </span>
    </p>
   </div>
   <div class='ocr_carea' id='block_1_26' title="bbox 2077 1128 3643 1211">
    <p class='ocr_par' dir='ltr' id='par_1_26' title="bbox 2077 1128 3643 1211">
     <span class='ocr_line' id='line_1_26' title="bbox 2077 1128 3643 1211; baseline 0.012 -29"><span class='ocrx_word' id='word_1_176' title='bbox 2077 1128 2251 1198; x_wconf 82' lang='lat' dir='ltr'><strong>ipsis;</strong></span> <span class='ocrx_word' id='word_1_177' title='bbox 2283 1141 2338 1185; x_wconf 88' lang='lat' dir='ltr'><strong>at</strong></span> <span class='ocrx_word' id='word_1_178' title='bbox 2361 1131 2474 1202; x_wconf 89' lang='lat' dir='ltr'><strong>jam</strong></span> <span class='ocrx_word' id='word_1_179' title='bbox 2515 1134 2585 1189; x_wconf 91' lang='lat' dir='ltr'><strong>ita</strong></span> <span class='ocrx_word' id='word_1_180' title='bbox 2622 1138 2778 1204; x_wconf 87' lang='lat' dir='ltr'><strong>plane</strong></span> <span class='ocrx_word' id='word_1_181' title='bbox 2813 1155 2871 1193; x_wconf 90' lang='lat' dir='ltr'><strong>se</strong></span> <span class='ocrx_word' id='word_1_182' title='bbox 2907 1152 3281 1211; x_wconf 73' lang='lat' dir='ltr'><strong>reprzesentat.</strong></span> <span class='ocrx_word' id='word_1_183' title='bbox 3327 1155 3385 1199; x_wconf 89' lang='lat' dir='ltr'><strong>ut</strong></span> <span class='ocrx_word' id='word_1_184' title='bbox 3423 1148 3541 1202; x_wconf 86' lang='lat' dir='ltr'><strong>suis</strong></span> <span class='ocrx_word' id='word_1_185' title='bbox 3569 1149 3643 1201; x_wconf 87' lang='lat' dir='ltr'><strong>illi</strong></span> 
     </span>
    </p>
   </div>
   <div class='ocr_carea' id='block_1_27' title="bbox 2077 1227 3645 1311">
    <p class='ocr_par' dir='ltr' id='par_1_27' title="bbox 2077 1227 3645 1311">
     <span class='ocr_line' id='line_1_27' title="bbox 2077 1227 3645 1311; baseline 0.013 -34"><span class='ocrx_word' id='word_1_186' title='bbox 2077 1227 2332 1283; x_wconf 82' lang='lat' dir='ltr'><strong>sensibus</strong></span> <span class='ocrx_word' id='word_1_187' title='bbox 2377 1230 2697 1299; x_wconf 86' lang='lat' dir='ltr'><strong>percipiant,</strong></span> <span class='ocrx_word' id='word_1_188' title='bbox 2734 1235 2987 1289; x_wconf 91' lang='lat' dir='ltr'><strong>nimirum</strong></span> <span class='ocrx_word' id='word_1_189' title='bbox 3038 1239 3272 1294; x_wconf 88' lang='lat' dir='ltr'><strong>humana</strong></span> <span class='ocrx_word' id='word_1_190' title='bbox 3306 1234 3506 1311; x_wconf 42' lang='lat' dir='ltr'><strong>&#39;specie</strong></span> <span class='ocrx_word' id='word_1_191' title='bbox 3532 1244 3645 1297; x_wconf 62' lang='lat' dir='ltr'><strong>for«</strong></span> 
     </span>
    </p>
   </div>
   <div class='ocr_carea' id='block_1_28' title="bbox 2076 1318 3643 1403">
    <p class='ocr_par' dir='ltr' id='par_1_28' title="bbox 2076 1318 3643 1403">
     <span class='ocr_line' id='line_1_28' title="bbox 2076 1318 3643 1403; baseline 0.011 -33"><span class='ocrx_word' id='word_1_192' title='bbox 2076 1318 2373 1385; x_wconf 86' lang='lat' dir='ltr'><strong>midabilis,</strong></span> <span class='ocrx_word' id='word_1_193' title='bbox 2416 1323 2685 1389; x_wconf 90' lang='lat' dir='ltr'><strong>turbidus,</strong></span> <span class='ocrx_word' id='word_1_194' title='bbox 2722 1325 2979 1394; x_wconf 82' lang='lat' dir='ltr'><strong>dillieilis,</strong></span> <span class='ocrx_word' id='word_1_195' title='bbox 3019 1338 3073 1384; x_wconf 92' lang='lat' dir='ltr'><strong>et</strong></span> <span class='ocrx_word' id='word_1_196' title='bbox 3107 1332 3259 1400; x_wconf 87' lang='lat' dir='ltr'><strong>quasi</strong></span> <span class='ocrx_word' id='word_1_197' title='bbox 3292 1348 3516 1403; x_wconf 80' lang='lat' dir='ltr'><strong>peregre</strong></span> <span class='ocrx_word' id='word_1_198' title='bbox 3548 1336 3643 1389; x_wconf 85' lang='lat' dir='ltr'><strong>ad-</strong></span> 
     </span>
    </p>
   </div>
   <div class='ocr_carea' id='block_1_29' title="bbox 2077 1408 3644 1491">
    <p class='ocr_par' dir='ltr' id='par_1_29' title="bbox 2077 1408 3644 1491">
     <span class='ocr_line' id='line_1_29' title="bbox 2077 1408 3644 1491; baseline 0.012 -30"><span class='ocrx_word' id='word_1_199' title='bbox 2077 1408 2321 1475; x_wconf 84' lang='lat' dir='ltr'><strong>veniens,</strong></span> <span class='ocrx_word' id='word_1_200' title='bbox 2364 1412 2559 1482; x_wconf 91' lang='lat' dir='ltr'><strong>iraque</strong></span> <span class='ocrx_word' id='word_1_201' title='bbox 2590 1424 2826 1481; x_wconf 84' lang='lat' dir='ltr'><strong>tumens,</strong></span> <span class='ocrx_word' id='word_1_202' title='bbox 2862 1418 3181 1491; x_wconf 86' lang='lat' dir='ltr'><strong>furensque,</strong></span> <span class='ocrx_word' id='word_1_203' title='bbox 3213 1433 3267 1477; x_wconf 89' lang='lat' dir='ltr'><strong>et</strong></span> <span class='ocrx_word' id='word_1_204' title='bbox 3298 1440 3395 1479; x_wconf 93' lang='lat' dir='ltr'><strong>suo</strong></span> <span class='ocrx_word' id='word_1_205' title='bbox 3429 1426 3644 1480; x_wconf 86' lang='lat' dir='ltr'><strong>incessu</strong></span> 
     </span>
    </p>
   </div>
   <div class='ocr_carea' id='block_1_30' title="bbox 2074 1502 3642 1585">
    <p class='ocr_par' dir='ltr' id='par_1_30' title="bbox 2074 1502 3642 1585">
     <span class='ocr_line' id='line_1_30' title="bbox 2074 1502 3642 1585; baseline 0.013 -33"><span class='ocrx_word' id='word_1_206' title='bbox 2074 1502 2393 1559; x_wconf 86' lang='lat' dir='ltr'><strong>concutiens</strong></span> <span class='ocrx_word' id='word_1_207' title='bbox 2415 1509 2819 1579; x_wconf 64' lang='lat' dir='ltr'><strong>terram,jatque</strong></span> <span class='ocrx_word' id='word_1_208' title='bbox 2836 1511 2972 1566; x_wconf 89' lang='lat' dir='ltr'><strong>adeo</strong></span> <span class='ocrx_word' id='word_1_209' title='bbox 2994 1514 3142 1583; x_wconf 87' lang='lat' dir='ltr'><strong>ipsas</strong></span> <span class='ocrx_word' id='word_1_210' title='bbox 3161 1516 3399 1585; x_wconf 88' lang='lat' dir='ltr'><strong>paradisi</strong></span> <span class='ocrx_word' id='word_1_211' title='bbox 3418 1518 3642 1573; x_wconf 86' lang='lat' dir='ltr'><strong>arbores</strong></span> 
     </span>
    </p>
   </div>
   <div class='ocr_carea' id='block_1_31' title="bbox 2076 1596 3638 1678">
    <p class='ocr_par' dir='ltr' id='par_1_31' title="bbox 2076 1596 3638 1678">
     <span class='ocr_line' id='line_1_31' title="bbox 2076 1596 3638 1678; baseline 0.01 -32"><span class='ocrx_word' id='word_1_212' title='bbox 2076 1596 2280 1660; x_wconf 88' lang='lat' dir='ltr'><strong>pressis</strong></span> <span class='ocrx_word' id='word_1_213' title='bbox 2308 1598 2549 1667; x_wconf 78' lang='lat' dir='ltr'><strong>vestigiis</strong></span> <span class='ocrx_word' id='word_1_214' title='bbox 2572 1602 2950 1659; x_wconf 87' lang='lat' dir='ltr'><strong>tremefaciens</strong></span> <span class='ocrx_word' id='word_1_215' title='bbox 2978 1620 2993 1658; x_wconf 90' lang='lat'><strong>:</strong></span> <span class='ocrx_word' id='word_1_216' title='bbox 3023 1605 3360 1674; x_wconf 89' lang='lat' dir='ltr'><strong>hujusmodi,</strong></span> <span class='ocrx_word' id='word_1_217' title='bbox 3390 1609 3638 1678; x_wconf 87' lang='lat' dir='ltr'><strong>inquam,</strong></span> 
     </span>
    </p>
   </div>
   <div class='ocr_carea' id='block_1_32' title="bbox 2077 1684 3645 1763">
    <p class='ocr_par' dir='ltr' id='par_1_32' title="bbox 2077 1684 3645 1763">
     <span class='ocr_line' id='line_1_32' title="bbox 2077 1684 3645 1763; baseline 0.011 -26"><span class='ocrx_word' id='word_1_218' title='bbox 2077 1684 2265 1740; x_wconf 87' lang='lat' dir='ltr'><strong>habitu</strong></span> <span class='ocrx_word' id='word_1_219' title='bbox 2323 1687 2412 1742; x_wconf 88' lang='lat' dir='ltr'><strong>hic</strong></span> <span class='ocrx_word' id='word_1_220' title='bbox 2464 1704 2612 1746; x_wconf 86' lang='lat' dir='ltr'><strong>nunc</strong></span> <span class='ocrx_word' id='word_1_221' title='bbox 2676 1693 2890 1748; x_wconf 89' lang='lat' dir='ltr'><strong>videtur</strong></span> <span class='ocrx_word' id='word_1_222' title='bbox 2942 1696 3010 1750; x_wconf 86' lang='lat' dir='ltr'><strong>ab</strong></span> <span class='ocrx_word' id='word_1_223' title='bbox 3062 1696 3197 1763; x_wconf 85' lang='lat' dir='ltr'><strong>illis;</strong></span> <span class='ocrx_word' id='word_1_224' title='bbox 3247 1698 3503 1753; x_wconf 88' lang='lat' dir='ltr'><strong>nimirum</strong></span> <span class='ocrx_word' id='word_1_225' title='bbox 3585 1712 3645 1755; x_wconf 91' lang='lat' dir='ltr'><strong>ut</strong></span> 
     </span>
    </p>
   </div>
   <div class='ocr_carea' id='block_1_33' title="bbox 396 1744 3646 1856">
    <p class='ocr_par' dir='ltr' id='par_1_33' title="bbox 396 1744 3646 1856">
     <span class='ocr_line' id='line_1_33' title="bbox 396 1744 3646 1856; baseline 0.009 -42"><span class='ocrx_word' id='word_1_226' title='bbox 396 1750 683 1817; x_wconf 63' lang='lat' dir='ltr'><strong>ﬂ‘gl&#39;iludo.</strong></span> <span class='ocrx_word' id='word_1_227' title='bbox 733 1750 844 1821; x_wconf 61' lang='lat' dir='ltr'><strong>iam</strong></span> <span class='ocrx_word' id='word_1_228' title='bbox 895 1752 949 1806; x_wconf 79' lang='grc' dir='ltr'>ίιι</span> <span class='ocrx_word' id='word_1_229' title='bbox 1003 1756 1196 1811; x_wconf 58' lang='lat' dir='ltr'><strong>&quot;inuis</strong></span> <span class='ocrx_word' id='word_1_230' title='bbox 1241 1766 1505 1827; x_wconf 72' lang='grc' dir='ltr'>Ροῑῡειειιθ</span> <span class='ocrx_word' id='word_1_231' title='bbox 1550 1777 1671 1817; x_wconf 74' lang='lat'><strong>0550</strong></span> <span class='ocrx_word' id='word_1_232' title='bbox 1711 1777 1967 1821; x_wconf 70' lang='lat' dir='ltr'><strong>censetur</strong></span> <span class='ocrx_word' id='word_1_233' title='bbox 1995 1744 2044 1803; x_wconf 77' lang='grc' dir='ltr'><strong>Β</strong></span> <span class='ocrx_word' id='word_1_234' title='bbox 2072 1776 2252 1845; x_wconf 84' lang='lat' dir='ltr'><strong>pavidi</strong></span> <span class='ocrx_word' id='word_1_235' title='bbox 2282 1778 2654 1835; x_wconf 86' lang='lat' dir='ltr'><strong>conﬁteantur</strong></span> <span class='ocrx_word' id='word_1_236' title='bbox 2681 1797 2779 1838; x_wconf 81' lang='lat' dir='ltr'><strong>sua</strong></span> <span class='ocrx_word' id='word_1_237' title='bbox 2807 1783 3028 1852; x_wconf 86' lang='lat' dir='ltr'><strong>delicta,</strong></span> <span class='ocrx_word' id='word_1_238' title='bbox 3060 1796 3223 1856; x_wconf 89' lang='lat' dir='ltr'><strong>atque</strong></span> <span class='ocrx_word' id='word_1_239' title='bbox 3253 1789 3402 1844; x_wconf 90' lang='lat' dir='ltr'><strong>illius</strong></span> <span class='ocrx_word' id='word_1_240' title='bbox 3431 1789 3646 1845; x_wconf 86' lang='lat' dir='ltr'><strong>miseri-</strong></span> 
     </span>
    </p>
   </div>
   <div class='ocr_carea' id='block_1_34' title="bbox 394 1840 1965 1925">
    <p class='ocr_par' dir='ltr' id='par_1_34' title="bbox 394 1840 1965 1925">
     <span class='ocr_line' id='line_1_34' title="bbox 394 1840 1965 1925; baseline 0.012 -31"><span class='ocrx_word' id='word_1_241' title='bbox 394 1840 607 1896; x_wconf 82' lang='lat' dir='ltr'><strong>etiamsi</strong></span> <span class='ocrx_word' id='word_1_242' title='bbox 658 1844 971 1912; x_wconf 88' lang='lat' dir='ltr'><strong>complures</strong></span> <span class='ocrx_word' id='word_1_243' title='bbox 1028 1845 1144 1902; x_wconf 91' lang='lat' dir='ltr'><strong>dies</strong></span> <span class='ocrx_word' id='word_1_244' title='bbox 1198 1859 1435 1918; x_wconf 67' lang='lat' dir='ltr'><strong>aegrotus</strong></span> <span class='ocrx_word' id='word_1_245' title='bbox 1495 1856 1763 1925; x_wconf 77' lang='lat' dir='ltr'><strong>transigat</strong></span> <span class='ocrx_word' id='word_1_246' title='bbox 1816 1857 1965 1925; x_wconf 89' lang='lat' dir='ltr'><strong>prius</strong></span> 
     </span>
    </p>
   </div>
   <div class='ocr_carea' id='block_1_35' title="bbox 393 1922 1955 2018">
    <p class='ocr_par' dir='ltr' id='par_1_35' title="bbox 393 1922 1955 2018">
     <span class='ocr_line' id='line_1_35' title="bbox 393 1922 1955 2018; baseline 0.014 -34"><span class='ocrx_word' id='word_1_247' title='bbox 393 1951 559 2002; x_wconf 90' lang='lat' dir='ltr'><strong>quam</strong></span> <span class='ocrx_word' id='word_1_248' title='bbox 590 1922 857 1991; x_wconf 83' lang='lat' dir='ltr'><strong>moriatur</strong></span> <span class='ocrx_word' id='word_1_249' title='bbox 890 1954 903 1990; x_wconf 90' lang='lat'><strong>:</strong></span> <span class='ocrx_word' id='word_1_250' title='bbox 942 1937 1014 1991; x_wconf 92' lang='lat' dir='ltr'><strong>ita</strong></span> <span class='ocrx_word' id='word_1_251' title='bbox 1050 1950 1103 1993; x_wconf 87' lang='lat' dir='ltr'><strong>et</strong></span> <span class='ocrx_word' id='word_1_252' title='bbox 1134 1942 1302 1996; x_wconf 76' lang='lat' dir='ltr'><strong>Adam</strong></span> <span class='ocrx_word' id='word_1_253' title='bbox 1346 1942 1558 2000; x_wconf 80' lang='lat' dir='ltr'><strong>felicem</strong></span> <span class='ocrx_word' id='word_1_254' title='bbox 1598 1922 1764 2018; x_wconf 76' lang='lat' dir='ltr'><strong>atque</strong></span> <span class='ocrx_word' id='word_1_255' title='bbox 1812 1950 1955 2005; x_wconf 91' lang='lat' dir='ltr'><strong>inco-</strong></span> 
     </span>
    </p>
   </div>
   <div class='ocr_carea' id='block_1_36' title="bbox 393 2027 1962 2112">
    <p class='ocr_par' dir='ltr' id='par_1_36' title="bbox 393 2027 1962 2112">
     <span class='ocr_line' id='line_1_36' title="bbox 393 2027 1962 2112; baseline 0.011 -33"><span class='ocrx_word' id='word_1_256' title='bbox 393 2027 596 2082; x_wconf 88' lang='lat' dir='ltr'><strong>lumem</strong></span> <span class='ocrx_word' id='word_1_257' title='bbox 646 2030 813 2083; x_wconf 87' lang='lat' dir='ltr'><strong>vitam</strong></span> <span class='ocrx_word' id='word_1_258' title='bbox 897 2029 1137 2100; x_wconf 72' lang='lat' dir='ltr'><strong>agitabat</strong></span> <span class='ocrx_word' id='word_1_259' title='bbox 1204 2034 1258 2089; x_wconf 93' lang='lat' dir='ltr'><strong>in</strong></span> <span class='ocrx_word' id='word_1_260' title='bbox 1333 2039 1590 2106; x_wconf 88' lang='lat' dir='ltr'><strong>paradiso</strong></span> <span class='ocrx_word' id='word_1_261' title='bbox 1645 2043 1962 2112; x_wconf 86' lang='lat' dir='ltr'><strong>priusquam</strong></span> 
     </span>
    </p>
   </div>
   <div class='ocr_carea' id='block_1_37' title="bbox 395 2120 1998 2195">
    <p class='ocr_par' dir='ltr' id='par_1_37' title="bbox 395 2120 1998 2195">
     <span class='ocr_line' id='line_1_37' title="bbox 395 2120 1998 2195; baseline 0.009 -22"><span class='ocrx_word' id='word_1_262' title='bbox 395 2130 662 2186; x_wconf 86' lang='lat' dir='ltr'><strong>peccaret,</strong></span> <span class='ocrx_word' id='word_1_263' title='bbox 702 2130 757 2175; x_wconf 87' lang='lat' dir='ltr'><strong>at</strong></span> <span class='ocrx_word' id='word_1_264' title='bbox 787 2121 875 2174; x_wconf 85' lang='lat' dir='ltr'><strong>ubi</strong></span> <span class='ocrx_word' id='word_1_265' title='bbox 898 2120 1211 2179; x_wconf 88' lang='lat' dir='ltr'><strong>admisisset</strong></span> <span class='ocrx_word' id='word_1_266' title='bbox 1240 2140 1537 2195; x_wconf 87' lang='lat' dir='ltr'><strong>peccatum,</strong></span> <span class='ocrx_word' id='word_1_267' title='bbox 1568 2133 1849 2187; x_wconf 71' lang='lat' dir='ltr'><strong>sententia:</strong></span> <span class='ocrx_word' id='word_1_268' title='bbox 1866 2132 1965 2187; x_wconf 85' lang='lat' dir='ltr'><strong>ob-</strong></span> <span class='ocrx_word' id='word_1_269' title='bbox 1990 2154 1998 2161; x_wconf 65' lang='grc' dir='ltr'>ν</span> 
     </span>
    </p>
   </div>
   <div class='ocr_carea' id='block_1_38' title="bbox 390 2211 1962 2296">
    <p class='ocr_par' dir='ltr' id='par_1_38' title="bbox 390 2211 1962 2296">
     <span class='ocr_line' id='line_1_38' title="bbox 390 2211 1962 2296; baseline 0.01 -31"><span class='ocrx_word' id='word_1_270' title='bbox 390 2213 593 2268; x_wconf 77' lang='lat' dir='ltr'><strong>noxius</strong></span> <span class='ocrx_word' id='word_1_271' title='bbox 617 2211 793 2268; x_wconf 86' lang='lat' dir='ltr'><strong>faetus</strong></span> <span class='ocrx_word' id='word_1_272' title='bbox 823 2226 926 2279; x_wconf 85' lang='lat' dir='ltr'><strong>est,</strong></span> <span class='ocrx_word' id='word_1_273' title='bbox 956 2228 1009 2273; x_wconf 92' lang='lat' dir='ltr'><strong>et</strong></span> <span class='ocrx_word' id='word_1_274' title='bbox 1037 2217 1263 2288; x_wconf 83' lang='lat' dir='ltr'><strong>proinde</strong></span> <span class='ocrx_word' id='word_1_275' title='bbox 1299 2236 1396 2290; x_wconf 91' lang='lat' dir='ltr'><strong>pro</strong></span> <span class='ocrx_word' id='word_1_276' title='bbox 1424 2237 1488 2276; x_wconf 92' lang='lat' dir='ltr'><strong>eo</strong></span> <span class='ocrx_word' id='word_1_277' title='bbox 1518 2224 1822 2279; x_wconf 64' lang='lat' dir='ltr'><strong>aestimatus</strong></span> <span class='ocrx_word' id='word_1_278' title='bbox 1869 2227 1962 2296; x_wconf 90' lang='lat' dir='ltr'><strong>qui</strong></span> 
     </span>
    </p>
   </div>
   <div class='ocr_carea' id='block_1_39' title="bbox 394 2307 1960 2386">
    <p class='ocr_par' dir='ltr' id='par_1_39' title="bbox 394 2307 1960 2386">
     <span class='ocr_line' id='line_1_39' title="bbox 394 2307 1960 2386; baseline 0.01 -28"><span class='ocrx_word' id='word_1_279' title='bbox 394 2307 587 2361; x_wconf 89' lang='lat' dir='ltr'><strong>mortis</strong></span> <span class='ocrx_word' id='word_1_280' title='bbox 636 2309 996 2364; x_wconf 86' lang='lat' dir='ltr'><strong>exsecrationi</strong></span> <span class='ocrx_word' id='word_1_281' title='bbox 1057 2311 1399 2383; x_wconf 85' lang='lat' dir='ltr'><strong>imperioque</strong></span> <span class='ocrx_word' id='word_1_282' title='bbox 1458 2317 1739 2386; x_wconf 86' lang='lat' dir='ltr'><strong>subjectus</strong></span> <span class='ocrx_word' id='word_1_283' title='bbox 1794 2330 1960 2374; x_wconf 87' lang='lat' dir='ltr'><strong>esset.</strong></span> 
     </span>
    </p>
   </div>
   <div class='ocr_carea' id='block_1_40' title="bbox 397 2398 1965 2480">
    <p class='ocr_par' dir='ltr' id='par_1_40' title="bbox 397 2398 1965 2480">
     <span class='ocr_line' id='line_1_40' title="bbox 397 2398 1965 2480; baseline 0.01 -29"><span class='ocrx_word' id='word_1_284' title='bbox 397 2398 584 2466; x_wconf 79' lang='lat' dir='ltr'><strong>Itaque</strong></span> <span class='ocrx_word' id='word_1_285' title='bbox 623 2400 812 2455; x_wconf 87' lang='lat' dir='ltr'><strong>multis</strong></span> <span class='ocrx_word' id='word_1_286' title='bbox 844 2417 1067 2471; x_wconf 90' lang='lat' dir='ltr'><strong>pressus</strong></span> <span class='ocrx_word' id='word_1_287' title='bbox 1111 2404 1369 2468; x_wconf 86' lang='lat' dir='ltr'><strong>miseriis,</strong></span> <span class='ocrx_word' id='word_1_288' title='bbox 1402 2418 1661 2478; x_wconf 88' lang='lat' dir='ltr'><strong>tanquam</strong></span> <span class='ocrx_word' id='word_1_289' title='bbox 1707 2420 1965 2480; x_wconf 87' lang='lat' dir='ltr'><strong>perpetuo</strong></span> 
     </span>
    </p>
   </div>
   <div class='ocr_carea' id='block_1_41' title="bbox 398 2492 1963 2571">
    <p class='ocr_par' dir='ltr' id='par_1_41' title="bbox 398 2492 1963 2571">
     <span class='ocr_line' id='line_1_41' title="bbox 398 2492 1963 2571; baseline 0.01 -29"><span class='ocrx_word' id='word_1_290' title='bbox 398 2492 649 2547; x_wconf 89' lang='lat' dir='ltr'><strong>Iethalcm</strong></span> <span class='ocrx_word' id='word_1_291' title='bbox 682 2494 961 2549; x_wconf 89' lang='lat' dir='ltr'><strong>sustinens</strong></span> <span class='ocrx_word' id='word_1_292' title='bbox 988 2495 1263 2563; x_wconf 87' lang='lat' dir='ltr'><strong>morbum,</strong></span> <span class='ocrx_word' id='word_1_293' title='bbox 1296 2497 1362 2551; x_wconf 93' lang='lat' dir='ltr'><strong>ad</strong></span> <span class='ocrx_word' id='word_1_294' title='bbox 1399 2499 1569 2567; x_wconf 85' lang='lat' dir='ltr'><strong>ipsam</strong></span> <span class='ocrx_word' id='word_1_295' title='bbox 1606 2517 1779 2571; x_wconf 85' lang='lat' dir='ltr'><strong>usque</strong></span> <span class='ocrx_word' id='word_1_296' title='bbox 1815 2519 1963 2557; x_wconf 82' lang='lat' dir='ltr'><strong>mor-</strong></span> 
     </span>
    </p>
   </div>
   <div class='ocr_carea' id='block_1_42' title="bbox 396 2585 1965 2660">
    <p class='ocr_par' dir='ltr' id='par_1_42' title="bbox 396 2585 1965 2660">
     <span class='ocr_line' id='line_1_42' title="bbox 396 2585 1965 2660; baseline 0.008 -21"><span class='ocrx_word' id='word_1_297' title='bbox 396 2596 500 2639; x_wconf 86' lang='lat' dir='ltr'><strong>tem</strong></span> <span class='ocrx_word' id='word_1_298' title='bbox 532 2588 792 2654; x_wconf 90' lang='lat' dir='ltr'><strong>perrexit.</strong></span> <span class='ocrx_word' id='word_1_299' title='bbox 823 2585 1035 2643; x_wconf 79' lang='lat' dir='ltr'><strong>Rursus</strong></span> <span class='ocrx_word' id='word_1_300' title='bbox 1067 2589 1226 2644; x_wconf 92' lang='lat' dir='ltr'><strong>sicuti</strong></span> <span class='ocrx_word' id='word_1_301' title='bbox 1262 2590 1309 2645; x_wconf 90' lang='lat' dir='ltr'><strong>si</strong></span> <span class='ocrx_word' id='word_1_302' title='bbox 1335 2592 1459 2660; x_wconf 86' lang='lat' dir='ltr'><strong>quis</strong></span> <span class='ocrx_word' id='word_1_303' title='bbox 1483 2594 1649 2648; x_wconf 90' lang='lat' dir='ltr'><strong>alium</strong></span> <span class='ocrx_word' id='word_1_304' title='bbox 1685 2596 1965 2652; x_wconf 87' lang='lat' dir='ltr'><strong>mortifero</strong></span> 
     </span>
    </p>
   </div>
   <div class='ocr_carea' id='block_1_43' title="bbox 393 2678 1961 2758">
    <p class='ocr_par' dir='ltr' id='par_1_43' title="bbox 393 2678 1961 2758">
     <span class='ocr_line' id='line_1_43' title="bbox 393 2678 1961 2758; baseline 0.01 -30"><span class='ocrx_word' id='word_1_305' title='bbox 393 2678 614 2732; x_wconf 78' lang='lat' dir='ltr'><strong>vulnere</strong></span> <span class='ocrx_word' id='word_1_306' title='bbox 661 2680 889 2744; x_wconf 84' lang='lat' dir='ltr'><strong>sanciet,</strong></span> <span class='ocrx_word' id='word_1_307' title='bbox 943 2683 1300 2749; x_wconf 86' lang='lat' dir='ltr'><strong>quantumvis</strong></span> <span class='ocrx_word' id='word_1_308' title='bbox 1352 2684 1445 2737; x_wconf 89' lang='lat' dir='ltr'><strong>ille</strong></span> <span class='ocrx_word' id='word_1_309' title='bbox 1506 2696 1632 2753; x_wconf 85' lang='lat' dir='ltr'><strong>post</strong></span> <span class='ocrx_word' id='word_1_310' title='bbox 1683 2698 1961 2758; x_wconf 82' lang='lat' dir='ltr'><strong>acceptam</strong></span> 
     </span>
    </p>
   </div>
   <div class='ocr_carea' id='block_1_44' title="bbox 392 2771 1962 2844">
    <p class='ocr_par' dir='ltr' id='par_1_44' title="bbox 392 2771 1962 2844">
     <span class='ocr_line' id='line_1_44' title="bbox 392 2771 1962 2844; baseline 0.009 -22"><span class='ocrx_word' id='word_1_311' title='bbox 392 2772 605 2838; x_wconf 67' lang='lat' dir='ltr'><strong>plagam</strong></span> <span class='ocrx_word' id='word_1_312' title='bbox 678 2771 881 2825; x_wconf 87' lang='lat' dir='ltr'><strong>multos</strong></span> <span class='ocrx_word' id='word_1_313' title='bbox 943 2783 1224 2840; x_wconf 87' lang='lat' dir='ltr'><strong>superstes</strong></span> <span class='ocrx_word' id='word_1_314' title='bbox 1297 2786 1514 2830; x_wconf 82' lang='lat' dir='ltr'><strong>maneat</strong></span> <span class='ocrx_word' id='word_1_315' title='bbox 1568 2778 1724 2844; x_wconf 91' lang='lat' dir='ltr'><strong>dies,</strong></span> <span class='ocrx_word' id='word_1_316' title='bbox 1782 2788 1962 2835; x_wconf 87' lang='lat' dir='ltr'><strong>tamen</strong></span> 
     </span>
    </p>
   </div>
   <div class='ocr_carea' id='block_1_45' title="bbox 395 2863 1960 2940">
    <p class='ocr_par' dir='ltr' id='par_1_45' title="bbox 395 2863 1960 2940">
     <span class='ocr_line' id='line_1_45' title="bbox 395 2863 1960 2940; baseline 0.008 -25"><span class='ocrx_word' id='word_1_317' title='bbox 395 2863 619 2931; x_wconf 82' lang='lat' dir='ltr'><strong>perinde</strong></span> <span class='ocrx_word' id='word_1_318' title='bbox 648 2879 710 2917; x_wconf 92' lang='lat' dir='ltr'><strong>ae</strong></span> <span class='ocrx_word' id='word_1_319' title='bbox 743 2865 787 2917; x_wconf 92' lang='lat' dir='ltr'><strong>si</strong></span> <span class='ocrx_word' id='word_1_320' title='bbox 839 2880 964 2919; x_wconf 88' lang='lat' dir='ltr'><strong>mox</strong></span> <span class='ocrx_word' id='word_1_321' title='bbox 1011 2868 1103 2921; x_wconf 84' lang='lat' dir='ltr'><strong>ubi</strong></span> <span class='ocrx_word' id='word_1_322' title='bbox 1154 2882 1449 2936; x_wconf 89' lang='lat' dir='ltr'><strong>percussus</strong></span> <span class='ocrx_word' id='word_1_323' title='bbox 1491 2870 1669 2926; x_wconf 78' lang='lat' dir='ltr'><strong>fuerat</strong></span> <span class='ocrx_word' id='word_1_324' title='bbox 1714 2871 1960 2940; x_wconf 90' lang='lat' dir='ltr'><strong>obiisset,</strong></span> 
     </span>
    </p>
   </div>
   <div class='ocr_carea' id='block_1_46' title="bbox 391 2955 1965 3034">
    <p class='ocr_par' dir='ltr' id='par_1_46' title="bbox 391 2955 1965 3034">
     <span class='ocr_line' id='line_1_46' title="bbox 391 2955 1965 3034; baseline 0.008 -27"><span class='ocrx_word' id='word_1_325' title='bbox 391 2955 473 3007; x_wconf 83' lang='lat' dir='ltr'><strong>sic</strong></span> <span class='ocrx_word' id='word_1_326' title='bbox 533 2955 813 3009; x_wconf 88' lang='lat' dir='ltr'><strong>vindicant</strong></span> <span class='ocrx_word' id='word_1_327' title='bbox 858 2955 1074 3025; x_wconf 89' lang='lat' dir='ltr'><strong>judices</strong></span> <span class='ocrx_word' id='word_1_328' title='bbox 1133 2974 1250 3012; x_wconf 88' lang='lat' dir='ltr'><strong>eam</strong></span> <span class='ocrx_word' id='word_1_329' title='bbox 1300 2960 1499 3016; x_wconf 61' lang='lat' dir='ltr'><strong>caedem</strong></span> <span class='ocrx_word' id='word_1_330' title='bbox 1534 2980 1547 3016; x_wconf 89' lang='lat'><strong>:</strong></span> <span class='ocrx_word' id='word_1_331' title='bbox 1583 2964 1653 3017; x_wconf 86' lang='lat' dir='ltr'><strong>ita</strong></span> <span class='ocrx_word' id='word_1_332' title='bbox 1712 2980 1819 3034; x_wconf 89' lang='lat' dir='ltr'><strong>quo</strong></span> <span class='ocrx_word' id='word_1_333' title='bbox 1876 2966 1965 3021; x_wconf 89' lang='lat' dir='ltr'><strong>die</strong></span> 
     </span>
    </p>
   </div>
   <div class='ocr_carea' id='block_1_47' title="bbox 393 3045 1962 3125">
    <p class='ocr_par' dir='ltr' id='par_1_47' title="bbox 393 3045 1962 3125">
     <span class='ocr_line' id='line_1_47' title="bbox 393 3045 1962 3125; baseline 0.011 -30"><span class='ocrx_word' id='word_1_334' title='bbox 393 3045 587 3101; x_wconf 78' lang='lat' dir='ltr'><strong>vulnus</strong></span> <span class='ocrx_word' id='word_1_335' title='bbox 617 3051 830 3116; x_wconf 81' lang='lat' dir='ltr'><strong>excepit</strong></span> <span class='ocrx_word' id='word_1_336' title='bbox 879 3048 1075 3111; x_wconf 80' lang='lat' dir='ltr'><strong>Adam,</strong></span> <span class='ocrx_word' id='word_1_337' title='bbox 1117 3051 1183 3103; x_wconf 91' lang='lat' dir='ltr'><strong>ab</strong></span> <span class='ocrx_word' id='word_1_338' title='bbox 1225 3066 1291 3104; x_wconf 91' lang='lat' dir='ltr'><strong>eo</strong></span> <span class='ocrx_word' id='word_1_339' title='bbox 1331 3051 1417 3106; x_wconf 86' lang='lat' dir='ltr'><strong>die</strong></span> <span class='ocrx_word' id='word_1_340' title='bbox 1458 3062 1712 3109; x_wconf 83' lang='lat' dir='ltr'><strong>censetur</strong></span> <span class='ocrx_word' id='word_1_341' title='bbox 1744 3055 1962 3125; x_wconf 86' lang='lat' dir='ltr'><strong>judica-</strong></span> 
     </span>
    </p>
   </div>
   <div class='ocr_carea' id='block_1_48' title="bbox 391 3139 1957 3218">
    <p class='ocr_par' dir='ltr' id='par_1_48' title="bbox 391 3139 1957 3218">
     <span class='ocr_line' id='line_1_48' title="bbox 391 3139 1957 3218; baseline 0.009 -28"><span class='ocrx_word' id='word_1_342' title='bbox 391 3149 481 3191; x_wconf 80' lang='lat' dir='ltr'><strong>tus</strong></span> <span class='ocrx_word' id='word_1_343' title='bbox 521 3139 750 3201; x_wconf 83' lang='lat' dir='ltr'><strong>obiisse,</strong></span> <span class='ocrx_word' id='word_1_344' title='bbox 798 3148 858 3193; x_wconf 91' lang='lat' dir='ltr'><strong>ut</strong></span> <span class='ocrx_word' id='word_1_345' title='bbox 905 3141 999 3209; x_wconf 84' lang='lat' dir='ltr'><strong>qui</strong></span> <span class='ocrx_word' id='word_1_346' title='bbox 1036 3140 1162 3197; x_wconf 86' lang='lat' dir='ltr'><strong>inde</strong></span> <span class='ocrx_word' id='word_1_347' title='bbox 1227 3157 1402 3212; x_wconf 87' lang='lat' dir='ltr'><strong>usque</strong></span> <span class='ocrx_word' id='word_1_348' title='bbox 1456 3143 1584 3198; x_wconf 90' lang='lat' dir='ltr'><strong>dum</strong></span> <span class='ocrx_word' id='word_1_349' title='bbox 1640 3159 1957 3218; x_wconf 90' lang='lat' dir='ltr'><strong>moreretur,</strong></span> 
     </span>
    </p>
   </div>
   <div class='ocr_carea' id='block_1_49' title="bbox 323 3228 1959 3310">
    <p class='ocr_par' dir='ltr' id='par_1_49' title="bbox 323 3228 1959 3310">
     <span class='ocr_line' id='line_1_49' title="bbox 323 3228 1959 3310; baseline 0.01 -31"><span class='ocrx_word' id='word_1_350' title='bbox 323 3230 327 3233; x_wconf 87' lang='grc'><em>’</em></span> <span class='ocrx_word' id='word_1_351' title='bbox 378 3228 575 3282; x_wconf 87' lang='lat' dir='ltr'><strong>lethali</strong></span> <span class='ocrx_word' id='word_1_352' title='bbox 618 3230 809 3284; x_wconf 75' lang='lat' dir='ltr'><strong>morbo</strong></span> <span class='ocrx_word' id='word_1_353' title='bbox 838 3240 891 3285; x_wconf 87' lang='lat' dir='ltr'><strong>et</strong></span> <span class='ocrx_word' id='word_1_354' title='bbox 926 3232 1251 3300; x_wconf 65' lang='lat' dir='ltr'><strong>mgritudine</strong></span> <span class='ocrx_word' id='word_1_355' title='bbox 1289 3232 1455 3289; x_wconf 87' lang='lat' dir='ltr'><strong>fuerit</strong></span> <span class='ocrx_word' id='word_1_356' title='bbox 1495 3235 1818 3307; x_wconf 81' lang='lat' dir='ltr'><strong>implicitus.</strong></span> <span class='ocrx_word' id='word_1_357' title='bbox 1859 3240 1959 3310; x_wconf 84' lang='lat' dir='ltr'><strong>lgi-</strong></span> 
     </span>
    </p>
   </div>
   <div class='ocr_carea' id='block_1_50' title="bbox 395 3321 1961 3394">
    <p class='ocr_par' dir='ltr' id='par_1_50' title="bbox 395 3321 1961 3394">
     <span class='ocr_line' id='line_1_50' title="bbox 395 3321 1961 3394; baseline 0.01 -22"><span class='ocrx_word' id='word_1_358' title='bbox 395 3330 485 3373; x_wconf 90' lang='lat' dir='ltr'><strong>tur</strong></span> <span class='ocrx_word' id='word_1_359' title='bbox 515 3321 620 3375; x_wconf 87' lang='lat' dir='ltr'><strong>etsi</strong></span> <span class='ocrx_word' id='word_1_360' title='bbox 662 3323 844 3392; x_wconf 88' lang='lat' dir='ltr'><strong>reipsa</strong></span> <span class='ocrx_word' id='word_1_361' title='bbox 897 3337 1010 3378; x_wconf 89' lang='lat' dir='ltr'><strong>non</strong></span> <span class='ocrx_word' id='word_1_362' title='bbox 1059 3323 1389 3394; x_wconf 86' lang='lat' dir='ltr'><strong>oppetiverit</strong></span> <span class='ocrx_word' id='word_1_363' title='bbox 1434 3338 1660 3384; x_wconf 90' lang='lat' dir='ltr'><strong>mortem</strong></span> <span class='ocrx_word' id='word_1_364' title='bbox 1718 3330 1961 3387; x_wconf 85' lang='lat' dir='ltr'><strong>Adamus</strong></span> 
     </span>
    </p>
   </div>
   <div class='ocr_carea' id='block_1_51' title="bbox 395 3413 1963 3489">
    <p class='ocr_par' dir='ltr' id='par_1_51' title="bbox 395 3413 1963 3489">
     <span class='ocr_line' id='line_1_51' title="bbox 395 3413 1963 3489; baseline 0.01 -23"><span class='ocrx_word' id='word_1_365' title='bbox 395 3413 558 3467; x_wconf 87' lang='lat' dir='ltr'><strong>simul</strong></span> <span class='ocrx_word' id='word_1_366' title='bbox 594 3422 652 3468; x_wconf 91' lang='lat' dir='ltr'><strong>ut</strong></span> <span class='ocrx_word' id='word_1_367' title='bbox 686 3416 921 3472; x_wconf 91' lang='lat' dir='ltr'><strong>fructum</strong></span> <span class='ocrx_word' id='word_1_368' title='bbox 964 3417 1094 3486; x_wconf 89' lang='lat' dir='ltr'><strong>edit,</strong></span> <span class='ocrx_word' id='word_1_369' title='bbox 1136 3429 1319 3474; x_wconf 88' lang='lat' dir='ltr'><strong>tamen</strong></span> <span class='ocrx_word' id='word_1_370' title='bbox 1352 3435 1450 3489; x_wconf 89' lang='lat' dir='ltr'><strong>pro</strong></span> <span class='ocrx_word' id='word_1_371' title='bbox 1494 3432 1708 3477; x_wconf 84' lang='lat' dir='ltr'><strong>mortuo</strong></span> <span class='ocrx_word' id='word_1_372' title='bbox 1742 3426 1963 3482; x_wconf 88' lang='lat' dir='ltr'><strong>habitus</strong></span> 
     </span>
    </p>
   </div>
   <div class='ocr_carea' id='block_1_52' title="bbox 399 3508 1963 3588">
    <p class='ocr_par' dir='ltr' id='par_1_52' title="bbox 399 3508 1963 3588">
     <span class='ocr_line' id='line_1_52' title="bbox 399 3508 1963 3588; baseline 0.009 -29"><span class='ocrx_word' id='word_1_373' title='bbox 399 3513 484 3559; x_wconf 80' lang='lat' dir='ltr'><strong>est</strong></span> <span class='ocrx_word' id='word_1_374' title='bbox 513 3520 579 3560; x_wconf 89' lang='lat' dir='ltr'><strong>eo</strong></span> <span class='ocrx_word' id='word_1_375' title='bbox 611 3508 757 3576; x_wconf 85' lang='lat' dir='ltr'><strong>quod</strong></span> <span class='ocrx_word' id='word_1_376' title='bbox 788 3509 1009 3579; x_wconf 73' lang='lat' dir='ltr'><strong>capitali</strong></span> <span class='ocrx_word' id='word_1_377' title='bbox 1053 3511 1215 3579; x_wconf 83' lang='lat' dir='ltr'><strong>culpa</strong></span> <span class='ocrx_word' id='word_1_378' title='bbox 1256 3526 1316 3566; x_wconf 92' lang='lat' dir='ltr'><strong>se</strong></span> <span class='ocrx_word' id='word_1_379' title='bbox 1349 3514 1758 3580; x_wconf 76' lang='lat' dir='ltr'><strong>obstrinxisset,</strong></span> <span class='ocrx_word' id='word_1_380' title='bbox 1780 3520 1963 3588; x_wconf 86' lang='lat' dir='ltr'><strong>atque</strong></span> 
     </span>
    </p>
   </div>
   <div class='ocr_carea' id='block_1_53' title="bbox 392 3597 1959 3666">
    <p class='ocr_par' dir='ltr' id='par_1_53' title="bbox 392 3597 1959 3666">
     <span class='ocr_line' id='line_1_53' title="bbox 392 3597 1959 3666; baseline 0.011 -19"><span class='ocrx_word' id='word_1_381' title='bbox 392 3597 503 3664; x_wconf 80' lang='lat' dir='ltr'><strong>jam</strong></span> <span class='ocrx_word' id='word_1_382' title='bbox 543 3606 657 3651; x_wconf 86' lang='lat' dir='ltr'><strong>tum</strong></span> <span class='ocrx_word' id='word_1_383' title='bbox 693 3614 786 3666; x_wconf 86' lang='lat' dir='ltr'><strong>per</strong></span> <span class='ocrx_word' id='word_1_384' title='bbox 813 3602 1143 3655; x_wconf 88' lang='lat' dir='ltr'><strong>scntrntiam</strong></span> <span class='ocrx_word' id='word_1_385' title='bbox 1178 3616 1334 3656; x_wconf 77' lang='lat' dir='ltr'><strong>noxae</strong></span> <span class='ocrx_word' id='word_1_386' title='bbox 1384 3603 1599 3661; x_wconf 86' lang='lat' dir='ltr'><strong>deditus</strong></span> <span class='ocrx_word' id='word_1_387' title='bbox 1640 3619 1801 3663; x_wconf 88' lang='lat' dir='ltr'><strong>esset.</strong></span> <span class='ocrx_word' id='word_1_388' title='bbox 1856 3611 1959 3665; x_wconf 89' lang='lat' dir='ltr'><strong>Sed</strong></span> 
     </span>
    </p>
   </div>
   <div class='ocr_carea' id='block_1_54' title="bbox 397 3688 1959 3762">
    <p class='ocr_par' dir='ltr' id='par_1_54' title="bbox 397 3688 1959 3762">
     <span class='ocr_line' id='line_1_54' title="bbox 397 3688 1959 3762; baseline 0.01 -20"><span class='ocrx_word' id='word_1_389' title='bbox 397 3688 548 3743; x_wconf 82' lang='lat' dir='ltr'><strong>dices</strong></span> <span class='ocrx_word' id='word_1_390' title='bbox 594 3689 751 3743; x_wconf 87' lang='lat' dir='ltr'><strong>:Cur</strong></span> <span class='ocrx_word' id='word_1_391' title='bbox 807 3706 916 3746; x_wconf 92' lang='lat' dir='ltr'><strong>non</strong></span> <span class='ocrx_word' id='word_1_392' title='bbox 957 3707 1185 3762; x_wconf 81' lang='lat' dir='ltr'><strong>prorsus</strong></span> <span class='ocrx_word' id='word_1_393' title='bbox 1233 3695 1473 3752; x_wconf 83' lang='lat' dir='ltr'><strong>abolevit</strong></span> <span class='ocrx_word' id='word_1_394' title='bbox 1533 3699 1673 3753; x_wconf 86' lang='lat' dir='ltr'><strong>Deus</strong></span> <span class='ocrx_word' id='word_1_395' title='bbox 1728 3712 1959 3757; x_wconf 87' lang='lat' dir='ltr'><strong>mortem</strong></span> 
     </span>
    </p>
   </div>
   <div class='ocr_carea' id='block_1_55' title="bbox 392 3785 1963 3854">
    <p class='ocr_par' dir='ltr' id='par_1_55' title="bbox 392 3785 1963 3854">
     <span class='ocr_line' id='line_1_55' title="bbox 392 3785 1963 3854; baseline 0.012 -20"><span class='ocrx_word' id='word_1_396' title='bbox 392 3799 559 3850; x_wconf 78' lang='lat' dir='ltr'><strong>quant</strong></span> <span class='ocrx_word' id='word_1_397' title='bbox 596 3798 694 3851; x_wconf 90' lang='lat' dir='ltr'><strong>pro</strong></span> <span class='ocrx_word' id='word_1_398' title='bbox 730 3785 969 3840; x_wconf 81' lang='lat' dir='ltr'><strong>maxima</strong></span> <span class='ocrx_word' id='word_1_399' title='bbox 1000 3802 1095 3841; x_wconf 88' lang='lat' dir='ltr'><strong>sua</strong></span> <span class='ocrx_word' id='word_1_400' title='bbox 1138 3787 1523 3845; x_wconf 87' lang='lat' dir='ltr'><strong>misericordia</strong></span> <span class='ocrx_word' id='word_1_401' title='bbox 1571 3809 1675 3847; x_wconf 85' lang='lat' dir='ltr'><strong>non</strong></span> <span class='ocrx_word' id='word_1_402' title='bbox 1709 3796 1963 3854; x_wconf 88' lang='lat' dir='ltr'><strong>intulerat</strong></span> 
     </span>
    </p>
   </div>
   <div class='ocr_carea' id='block_1_56' title="bbox 392 3878 1961 3959">
    <p class='ocr_par' dir='ltr' id='par_1_56' title="bbox 392 3878 1961 3959">
     <span class='ocr_line' id='line_1_56' title="bbox 392 3878 1961 3959; baseline 0.011 -32"><span class='ocrx_word' id='word_1_403' title='bbox 392 3892 459 3927; x_wconf 87' lang='lat' dir='ltr'><strong>en</strong></span> <span class='ocrx_word' id='word_1_404' title='bbox 506 3878 595 3931; x_wconf 85' lang='lat' dir='ltr'><strong>die</strong></span> <span class='ocrx_word' id='word_1_405' title='bbox 647 3892 756 3946; x_wconf 87' lang='lat' dir='ltr'><strong>quo</strong></span> <span class='ocrx_word' id='word_1_406' title='bbox 807 3891 1128 3948; x_wconf 88' lang='lat' dir='ltr'><strong>peccaverat</strong></span> <span class='ocrx_word' id='word_1_407' title='bbox 1174 3883 1453 3941; x_wconf 81' lang='lat' dir='ltr'><strong>Adamus?</strong></span> <span class='ocrx_word' id='word_1_408' title='bbox 1500 3885 1664 3956; x_wconf 88' lang='lat' dir='ltr'><strong>Atqui</strong></span> <span class='ocrx_word' id='word_1_409' title='bbox 1716 3890 1833 3959; x_wconf 75' lang='lat' dir='ltr'><strong>ejus</strong></span> <span class='ocrx_word' id='word_1_410' title='bbox 1884 3892 1961 3945; x_wconf 90' lang='lat' dir='ltr'><strong>rei</strong></span> 
     </span>
    </p>
   </div>
   <div class='ocr_carea' id='block_1_57' title="bbox 395 3968 1962 4049">
    <p class='ocr_par' dir='ltr' id='par_1_57' title="bbox 395 3968 1962 4049">
     <span class='ocr_line' id='line_1_57' title="bbox 395 3968 1962 4049; baseline 0.013 -32"><span class='ocrx_word' id='word_1_411' title='bbox 395 3968 575 4021; x_wconf 71' lang='lat' dir='ltr'><strong>multa!</strong></span> <span class='ocrx_word' id='word_1_412' title='bbox 610 3979 841 4037; x_wconf 88' lang='lat' dir='ltr'><strong>possunt</strong></span> <span class='ocrx_word' id='word_1_413' title='bbox 868 3972 1013 4026; x_wconf 84' lang='lat' dir='ltr'><strong>reddi</strong></span> <span class='ocrx_word' id='word_1_414' title='bbox 1048 3988 1260 4030; x_wconf 63' lang='lat' dir='ltr'><strong>causae.</strong></span> <span class='ocrx_word' id='word_1_415' title='bbox 1304 3977 1515 4031; x_wconf 80' lang='lat' dir='ltr'><strong>Abolita</strong></span> <span class='ocrx_word' id='word_1_416' title='bbox 1546 3980 1689 4033; x_wconf 89' lang='lat' dir='ltr'><strong>enim</strong></span> <span class='ocrx_word' id='word_1_417' title='bbox 1740 3995 1962 4049; x_wconf 87' lang='lat' dir='ltr'><strong>prorsus</strong></span> 
     </span>
    </p>
   </div>
   <div class='ocr_carea' id='block_1_58' title="bbox 392 4062 1960 4141">
    <p class='ocr_par' dir='ltr' id='par_1_58' title="bbox 392 4062 1960 4141">
     <span class='ocr_line' id='line_1_58' title="bbox 392 4062 1960 4141; baseline 0.011 -29"><span class='ocrx_word' id='word_1_418' title='bbox 392 4072 607 4124; x_wconf 78' lang='lat' dir='ltr'><strong>lllttl‘le,</strong></span> <span class='ocrx_word' id='word_1_419' title='bbox 658 4062 826 4132; x_wconf 88' lang='lat' dir='ltr'><strong>hujus</strong></span> <span class='ocrx_word' id='word_1_420' title='bbox 876 4079 1097 4134; x_wconf 87' lang='lat' dir='ltr'><strong>quoque</strong></span> <span class='ocrx_word' id='word_1_421' title='bbox 1146 4070 1331 4124; x_wconf 89' lang='lat' dir='ltr'><strong>mundi</strong></span> <span class='ocrx_word' id='word_1_422' title='bbox 1383 4071 1710 4141; x_wconf 89' lang='lat' dir='ltr'><strong>compositio</strong></span> <span class='ocrx_word' id='word_1_423' title='bbox 1756 4072 1960 4130; x_wconf 81' lang='lat' dir='ltr'><strong>frustra</strong></span> 
     </span>
    </p>
   </div>
   <div class='ocr_carea' id='block_1_59' title="bbox 395 4154 1961 4231">
    <p class='ocr_par' dir='ltr' id='par_1_59' title="bbox 395 4154 1961 4231">
     <span class='ocr_line' id='line_1_59' title="bbox 395 4154 1961 4231; baseline 0.01 -26"><span class='ocrx_word' id='word_1_424' title='bbox 395 4154 608 4217; x_wconf 83' lang='lat' dir='ltr'><strong>fuisset,</strong></span> <span class='ocrx_word' id='word_1_425' title='bbox 657 4154 767 4210; x_wconf 87' lang='lat' dir='ltr'><strong>imo</strong></span> <span class='ocrx_word' id='word_1_426' title='bbox 803 4158 1063 4212; x_wconf 70' lang='lat' dir='ltr'><strong>saeculum</strong></span> <span class='ocrx_word' id='word_1_427' title='bbox 1121 4161 1285 4215; x_wconf 88' lang='lat' dir='ltr'><strong>etiam</strong></span> <span class='ocrx_word' id='word_1_428' title='bbox 1322 4163 1467 4231; x_wconf 91' lang='lat' dir='ltr'><strong>quod</strong></span> <span class='ocrx_word' id='word_1_429' title='bbox 1505 4162 1748 4217; x_wconf 88' lang='lat' dir='ltr'><strong>futurum</strong></span> <span class='ocrx_word' id='word_1_430' title='bbox 1799 4181 1961 4222; x_wconf 86' lang='lat' dir='ltr'><strong>voca—</strong></span> 
     </span>
    </p>
   </div>
   <div class='ocr_carea' id='block_1_60' title="bbox 398 4249 1963 4318">
    <p class='ocr_par' dir='ltr' id='par_1_60' title="bbox 398 4249 1963 4318">
     <span class='ocr_line' id='line_1_60' title="bbox 398 4249 1963 4318; baseline 0.009 -18"><span class='ocrx_word' id='word_1_431' title='bbox 398 4263 538 4302; x_wconf 90' lang='lat' dir='ltr'><strong>mus.</strong></span> <span class='ocrx_word' id='word_1_432' title='bbox 595 4249 672 4303; x_wconf 78' lang='grc' dir='ltr'><strong>ΑιΙ</strong></span> <span class='ocrx_word' id='word_1_433' title='bbox 736 4250 873 4318; x_wconf 84' lang='lat' dir='ltr'><strong>hoc,</strong></span> <span class='ocrx_word' id='word_1_434' title='bbox 948 4254 1160 4307; x_wconf 86' lang='lat' dir='ltr'><strong>sublata</strong></span> <span class='ocrx_word' id='word_1_435' title='bbox 1220 4268 1369 4308; x_wconf 88' lang='lat' dir='ltr'><strong>mors</strong></span> <span class='ocrx_word' id='word_1_436' title='bbox 1435 4255 1597 4309; x_wconf 81' lang='lat' dir='ltr'><strong>simul</strong></span> <span class='ocrx_word' id='word_1_437' title='bbox 1647 4256 1963 4313; x_wconf 71' lang='lat' dir='ltr'><strong>sustulisset</strong></span> 
     </span>
    </p>
   </div>
   <div class='ocr_carea' id='block_1_61' title="bbox 393 4338 1960 4413">
    <p class='ocr_par' dir='ltr' id='par_1_61' title="bbox 393 4338 1960 4413">
     <span class='ocr_line' id='line_1_61' title="bbox 393 4338 1960 4413; baseline 0.008 -23"><span class='ocrx_word' id='word_1_438' title='bbox 393 4338 680 4394; x_wconf 85' lang='lat' dir='ltr'><strong>adventum</strong></span> <span class='ocrx_word' id='word_1_439' title='bbox 728 4340 854 4395; x_wconf 84' lang='lat' dir='ltr'><strong>Filii</strong></span> <span class='ocrx_word' id='word_1_440' title='bbox 896 4343 1015 4398; x_wconf 85' lang='lat' dir='ltr'><strong>Dei.</strong></span> <span class='ocrx_word' id='word_1_441' title='bbox 1063 4344 1329 4398; x_wconf 65' lang='lat' dir='ltr'><strong>Praeterea</strong></span> <span class='ocrx_word' id='word_1_442' title='bbox 1361 4354 1640 4413; x_wconf 87' lang='lat' dir='ltr'><strong>peceatum</strong></span> <span class='ocrx_word' id='word_1_443' title='bbox 1673 4346 1865 4402; x_wconf 86' lang='lat' dir='ltr'><strong>Adami</strong></span> <span class='ocrx_word' id='word_1_444' title='bbox 1906 4357 1960 4403; x_wconf 89' lang='lat' dir='ltr'><strong>et</strong></span> 
     </span>
    </p>
   </div>
   <div class='ocr_carea' id='block_1_62' title="bbox 2069 1868 3643 1950">
    <p class='ocr_par' dir='ltr' id='par_1_62' title="bbox 2069 1868 3643 1950">
     <span class='ocr_line' id='line_1_62' title="bbox 2069 1868 3643 1950; baseline 0.01 -30"><span class='ocrx_word' id='word_1_445' title='bbox 2069 1868 2311 1922; x_wconf 88' lang='lat' dir='ltr'><strong>cordiam</strong></span> <span class='ocrx_word' id='word_1_446' title='bbox 2368 1871 2691 1943; x_wconf 86' lang='lat' dir='ltr'><strong>veniamque</strong></span> <span class='ocrx_word' id='word_1_447' title='bbox 2741 1874 3029 1944; x_wconf 90' lang='lat' dir='ltr'><strong>implorent</strong></span> <span class='ocrx_word' id='word_1_448' title='bbox 3068 1895 3080 1931; x_wconf 92' lang='lat'><strong>:</strong></span> <span class='ocrx_word' id='word_1_449' title='bbox 3113 1881 3209 1949; x_wconf 65' lang='lat' dir='ltr'><strong>eo}</strong></span> <span class='ocrx_word' id='word_1_450' title='bbox 3235 1879 3391 1935; x_wconf 84' lang='lat' dir='ltr'><strong>enim.</strong></span> <span class='ocrx_word' id='word_1_451' title='bbox 3433 1891 3643 1950; x_wconf 85' lang='lat' dir='ltr'><strong>speetat</strong></span> 
     </span>
    </p>
   </div>
   <div class='ocr_carea' id='block_1_63' title="bbox 2068 1959 3641 2045">
    <p class='ocr_par' dir='ltr' id='par_1_63' title="bbox 2068 1959 3641 2045">
     <span class='ocr_line' id='line_1_63' title="bbox 2068 1959 3641 2045; baseline 0.01 -35"><span class='ocrx_word' id='word_1_452' title='bbox 2068 1959 2213 2027; x_wconf 89' lang='lat' dir='ltr'><strong>quod</strong></span> <span class='ocrx_word' id='word_1_453' title='bbox 2257 1960 2585 2019; x_wconf 88' lang='lat' dir='ltr'><strong>ambulantis</strong></span> <span class='ocrx_word' id='word_1_454' title='bbox 2618 1980 2802 2021; x_wconf 69' lang='lat' dir='ltr'><strong>vocem</strong></span> <span class='ocrx_word' id='word_1_455' title='bbox 2836 1967 3077 2025; x_wconf 89' lang='lat' dir='ltr'><strong>audiisse</strong></span> <span class='ocrx_word' id='word_1_456' title='bbox 3121 1970 3400 2027; x_wconf 90' lang='lat' dir='ltr'><strong>dicuntur.</strong></span> <span class='ocrx_word' id='word_1_457' title='bbox 3432 1972 3641 2045; x_wconf 84' lang='lat' dir='ltr'><strong>Quippe</strong></span> 
     </span>
    </p>
   </div>
   <div class='ocr_carea' id='block_1_64' title="bbox 2067 2050 3645 2135">
    <p class='ocr_par' dir='ltr' id='par_1_64' title="bbox 2067 2050 3645 2135">
     <span class='ocr_line' id='line_1_64' title="bbox 2067 2050 3645 2135; baseline 0.011 -34"><span class='ocrx_word' id='word_1_458' title='bbox 2067 2050 2237 2103; x_wconf 80' lang='lat' dir='ltr'><strong>voluit</strong></span> <span class='ocrx_word' id='word_1_459' title='bbox 2272 2053 2449 2107; x_wconf 89' lang='lat' dir='ltr'><strong>audiri</strong></span> <span class='ocrx_word' id='word_1_460' title='bbox 2476 2056 2544 2110; x_wconf 90' lang='lat' dir='ltr'><strong>ab</strong></span> <span class='ocrx_word' id='word_1_461' title='bbox 2575 2056 2707 2123; x_wconf 89' lang='lat' dir='ltr'><strong>ipsis</strong></span> <span class='ocrx_word' id='word_1_462' title='bbox 2757 2073 2916 2112; x_wconf 88' lang='lat' dir='ltr'><strong>suum</strong></span> <span class='ocrx_word' id='word_1_463' title='bbox 2946 2059 3243 2128; x_wconf 89' lang='lat' dir='ltr'><strong>incessum,</strong></span> <span class='ocrx_word' id='word_1_464' title='bbox 3287 2070 3341 2117; x_wconf 88' lang='lat' dir='ltr'><strong>et</strong></span> <span class='ocrx_word' id='word_1_465' title='bbox 3390 2064 3506 2135; x_wconf 90' lang='lat' dir='ltr'><strong>ipse</strong></span> <span class='ocrx_word' id='word_1_466' title='bbox 3541 2080 3645 2119; x_wconf 86' lang='lat' dir='ltr'><strong>ceu</strong></span> 
     </span>
    </p>
   </div>
   <div class='ocr_carea' id='block_1_65' title="bbox 2068 2134 3637 2226">
    <p class='ocr_par' dir='ltr' id='par_1_65' title="bbox 2068 2134 3637 2226">
     <span class='ocr_line' id='line_1_65' title="bbox 2068 2134 3637 2226; baseline 0.011 -31"><span class='ocrx_word' id='word_1_467' title='bbox 2068 2134 2393 2213; x_wconf 72' lang='lat' dir='ltr'><strong>eorpoi‘atus</strong></span> <span class='ocrx_word' id='word_1_468' title='bbox 2439 2150 2671 2216; x_wconf 90' lang='lat' dir='ltr'><strong>spectari</strong></span> <span class='ocrx_word' id='word_1_469' title='bbox 2724 2150 2958 2206; x_wconf 88' lang='lat' dir='ltr'><strong>humana</strong></span> <span class='ocrx_word' id='word_1_470' title='bbox 2987 2152 3186 2223; x_wconf 87' lang='lat' dir='ltr'><strong>forma,</strong></span> <span class='ocrx_word' id='word_1_471' title='bbox 3241 2164 3442 2226; x_wconf 39' lang='lat' dir='ltr'><strong>ut‘prte</strong></span> <span class='ocrx_word' id='word_1_472' title='bbox 3488 2167 3637 2212; x_wconf 83' lang='lat' dir='ltr'><strong>motu</strong></span> 
     </span>
    </p>
   </div>
   <div class='ocr_carea' id='block_1_66' title="bbox 2068 2232 3638 2319">
    <p class='ocr_par' dir='ltr' id='par_1_66' title="bbox 2068 2232 3638 2319">
     <span class='ocr_line' id='line_1_66' title="bbox 2068 2232 3638 2319; baseline 0.011 -32"><span class='ocrx_word' id='word_1_473' title='bbox 2068 2232 2390 2292; x_wconf 81' lang='lat' dir='ltr'><strong>festinarent</strong></span> <span class='ocrx_word' id='word_1_474' title='bbox 2419 2238 2484 2293; x_wconf 88' lang='lat' dir='ltr'><strong>ad</strong></span> <span class='ocrx_word' id='word_1_475' title='bbox 2524 2239 2641 2309; x_wconf 89' lang='lat' dir='ltr'><strong>ejus</strong></span> <span class='ocrx_word' id='word_1_476' title='bbox 2690 2242 2916 2309; x_wconf 83' lang='lat' dir='ltr'><strong>gratiam</strong></span> <span class='ocrx_word' id='word_1_477' title='bbox 2968 2244 3491 2319; x_wconf 75' lang='lat' dir='ltr'><strong>ignoscentiamque.</strong></span> <span class='ocrx_word' id='word_1_478' title='bbox 3519 2250 3638 2305; x_wconf 75' lang='lat' dir='ltr'><strong>Ca:-</strong></span> 
     </span>
    </p>
   </div>
   <div class='ocr_carea' id='block_1_67' title="bbox 2068 2328 3636 2413">
    <p class='ocr_par' dir='ltr' id='par_1_67' title="bbox 2068 2328 3636 2413">
     <span class='ocr_line' id='line_1_67' title="bbox 2068 2328 3636 2413; baseline 0.013 -35"><span class='ocrx_word' id='word_1_479' title='bbox 2068 2334 2244 2381; x_wconf 89' lang='lat' dir='ltr'><strong>terum</strong></span> <span class='ocrx_word' id='word_1_480' title='bbox 2276 2328 2383 2384; x_wconf 89' lang='lat' dir='ltr'><strong>diei</strong></span> <span class='ocrx_word' id='word_1_481' title='bbox 2438 2330 2847 2389; x_wconf 88' lang='lat' dir='ltr'><strong>inclinationem</strong></span> <span class='ocrx_word' id='word_1_482' title='bbox 2885 2347 3041 2391; x_wconf 89' lang='lat' dir='ltr'><strong>vocat</strong></span> <span class='ocrx_word' id='word_1_483' title='bbox 3089 2337 3370 2409; x_wconf 84' lang='lat' dir='ltr'><strong>Scriptura</strong></span> <span class='ocrx_word' id='word_1_484' title='bbox 3426 2350 3636 2413; x_wconf 87' lang='lat' dir='ltr'><strong>tempus</strong></span> 
     </span>
    </p>
   </div>
   <div class='ocr_carea' id='block_1_68' title="bbox 2066 2418 3635 2500">
    <p class='ocr_par' dir='ltr' id='par_1_68' title="bbox 2066 2418 3635 2500">
     <span class='ocr_line' id='line_1_68' title="bbox 2066 2418 3635 2500; baseline 0.01 -29"><span class='ocrx_word' id='word_1_485' title='bbox 2066 2418 2200 2472; x_wconf 88' lang='lat' dir='ltr'><strong>illud</strong></span> <span class='ocrx_word' id='word_1_486' title='bbox 2247 2420 2353 2474; x_wconf 83' lang='lat' dir='ltr'><strong>diei</strong></span> <span class='ocrx_word' id='word_1_487' title='bbox 2386 2424 2531 2491; x_wconf 90' lang='lat' dir='ltr'><strong>quod</strong></span> <span class='ocrx_word' id='word_1_488' title='bbox 2583 2425 2802 2482; x_wconf 84' lang='lat' dir='ltr'><strong>circiter</strong></span> <span class='ocrx_word' id='word_1_489' title='bbox 2834 2429 2966 2483; x_wconf 88' lang='lat' dir='ltr'><strong>hora</strong></span> <span class='ocrx_word' id='word_1_490' title='bbox 3004 2445 3145 2485; x_wconf 89' lang='lat' dir='ltr'><strong>nona</strong></span> <span class='ocrx_word' id='word_1_491' title='bbox 3193 2440 3278 2487; x_wconf 91' lang='lat' dir='ltr'><strong>est</strong></span> <span class='ocrx_word' id='word_1_492' title='bbox 3311 2444 3431 2500; x_wconf 86' lang='lat' dir='ltr'><strong>post</strong></span> <span class='ocrx_word' id='word_1_493' title='bbox 3467 2437 3635 2489; x_wconf 89' lang='lat' dir='ltr'><strong>meri-</strong></span> 
     </span>
    </p>
   </div>
   <div class='ocr_carea' id='block_1_69' title="bbox 2065 2510 3633 2589">
    <p class='ocr_par' dir='ltr' id='par_1_69' title="bbox 2065 2510 3633 2589">
     <span class='ocr_line' id='line_1_69' title="bbox 2065 2510 3633 2589; baseline 0.011 -27"><span class='ocrx_word' id='word_1_494' title='bbox 2065 2510 2232 2574; x_wconf 88' lang='lat' dir='ltr'><strong>diem,</strong></span> <span class='ocrx_word' id='word_1_495' title='bbox 2267 2512 2382 2566; x_wconf 90' lang='lat' dir='ltr'><strong>sole</strong></span> <span class='ocrx_word' id='word_1_496' title='bbox 2432 2515 2497 2567; x_wconf 88' lang='lat' dir='ltr'><strong>ad</strong></span> <span class='ocrx_word' id='word_1_497' title='bbox 2529 2530 2784 2572; x_wconf 90' lang='lat' dir='ltr'><strong>occasum</strong></span> <span class='ocrx_word' id='word_1_498' title='bbox 2835 2530 3137 2589; x_wconf 88' lang='lat' dir='ltr'><strong>spectante.</strong></span> <span class='ocrx_word' id='word_1_499' title='bbox 3178 2521 3281 2577; x_wconf 88' lang='lat' dir='ltr'><strong>Sed</strong></span> <span class='ocrx_word' id='word_1_500' title='bbox 3336 2526 3479 2579; x_wconf 86' lang='lat' dir='ltr'><strong>enim</strong></span> <span class='ocrx_word' id='word_1_501' title='bbox 3527 2524 3633 2580; x_wconf 79' lang='lat' dir='ltr'><strong>He-</strong></span> 
     </span>
    </p>
   </div>
   <div class='ocr_carea' id='block_1_70' title="bbox 2067 2603 3633 2687">
    <p class='ocr_par' dir='ltr' id='par_1_70' title="bbox 2067 2603 3633 2687">
     <span class='ocr_line' id='line_1_70' title="bbox 2067 2603 3633 2687; baseline 0.01 -30"><span class='ocrx_word' id='word_1_502' title='bbox 2067 2603 2242 2659; x_wconf 67' lang='lat' dir='ltr'><strong>braeos</strong></span> <span class='ocrx_word' id='word_1_503' title='bbox 2280 2607 2453 2671; x_wconf 89' lang='lat' dir='ltr'><strong>aiunt,</strong></span> <span class='ocrx_word' id='word_1_504' title='bbox 2494 2624 2592 2678; x_wconf 90' lang='lat' dir='ltr'><strong>pro</strong></span> <span class='ocrx_word' id='word_1_505' title='bbox 2625 2610 2973 2668; x_wconf 86' lang='lat' dir='ltr'><strong>inclinatione</strong></span> <span class='ocrx_word' id='word_1_506' title='bbox 3019 2615 3123 2669; x_wconf 89' lang='lat' dir='ltr'><strong>diei</strong></span> <span class='ocrx_word' id='word_1_507' title='bbox 3163 2615 3343 2671; x_wconf 85' lang='lat' dir='ltr'><strong>dicere</strong></span> <span class='ocrx_word' id='word_1_508' title='bbox 3374 2617 3633 2687; x_wconf 89' lang='lat' dir='ltr'><strong>spiritum</strong></span> 
     </span>
    </p>
   </div>
   <div class='ocr_carea' id='block_1_71' title="bbox 2067 2696 3630 2775">
    <p class='ocr_par' dir='ltr' id='par_1_71' title="bbox 2067 2696 3630 2775">
     <span class='ocr_line' id='line_1_71' title="bbox 2067 2696 3630 2775; baseline 0.011 -26"><span class='ocrx_word' id='word_1_509' title='bbox 2067 2696 2180 2749; x_wconf 82' lang='lat' dir='ltr'><strong>sive</strong></span> <span class='ocrx_word' id='word_1_510' title='bbox 2220 2706 2440 2752; x_wconf 87' lang='lat' dir='ltr'><strong>ventum</strong></span> <span class='ocrx_word' id='word_1_511' title='bbox 2482 2700 2610 2755; x_wconf 86' lang='lat' dir='ltr'><strong>diei.</strong></span> <span class='ocrx_word' id='word_1_512' title='bbox 2657 2702 2926 2758; x_wconf 62' lang='lat' dir='ltr'><strong>Caeterum</strong></span> <span class='ocrx_word' id='word_1_513' title='bbox 2979 2707 3124 2775; x_wconf 89' lang='lat' dir='ltr'><strong>quod</strong></span> <span class='ocrx_word' id='word_1_514' title='bbox 3180 2711 3245 2762; x_wconf 90' lang='lat' dir='ltr'><strong>ad</strong></span> <span class='ocrx_word' id='word_1_515' title='bbox 3306 2708 3630 2766; x_wconf 88' lang='lat' dir='ltr'><strong>inclinatum</strong></span> 
     </span>
    </p>
   </div>
   <div class='ocr_carea' id='block_1_72' title="bbox 2067 2790 3637 2860">
    <p class='ocr_par' dir='ltr' id='par_1_72' title="bbox 2067 2790 3637 2860">
     <span class='ocr_line' id='line_1_72' title="bbox 2067 2790 3637 2860; baseline 0.01 -19"><span class='ocrx_word' id='word_1_516' title='bbox 2067 2803 2237 2858; x_wconf 87' lang='lat' dir='ltr'><strong>usque</strong></span> <span class='ocrx_word' id='word_1_517' title='bbox 2286 2790 2427 2845; x_wconf 87' lang='lat' dir='ltr'><strong>diem</strong></span> <span class='ocrx_word' id='word_1_518' title='bbox 2485 2792 2699 2848; x_wconf 89' lang='lat' dir='ltr'><strong>distulit</strong></span> <span class='ocrx_word' id='word_1_519' title='bbox 2755 2810 2812 2850; x_wconf 92' lang='lat' dir='ltr'><strong>se</strong></span> <span class='ocrx_word' id='word_1_520' title='bbox 2852 2796 3130 2860; x_wconf 79' lang='lat' dir='ltr'><strong>exhibere.</strong></span> <span class='ocrx_word' id='word_1_521' title='bbox 3187 2799 3240 2854; x_wconf 93' lang='lat' dir='ltr'><strong>id</strong></span> <span class='ocrx_word' id='word_1_522' title='bbox 3289 2815 3355 2855; x_wconf 91' lang='lat' dir='ltr'><strong>eo</strong></span> <span class='ocrx_word' id='word_1_523' title='bbox 3395 2800 3523 2856; x_wconf 78' lang='lat' dir='ltr'><strong>fecit</strong></span> <span class='ocrx_word' id='word_1_524' title='bbox 3579 2813 3637 2857; x_wconf 88' lang='lat' dir='ltr'><strong>ut</strong></span> 
     </span>
    </p>
   </div>
   <div class='ocr_carea' id='block_1_73' title="bbox 2066 2880 3635 2960">
    <p class='ocr_par' dir='ltr' id='par_1_73' title="bbox 2066 2880 3635 2960">
     <span class='ocr_line' id='line_1_73' title="bbox 2066 2880 3635 2960; baseline 0.01 -27"><span class='ocrx_word' id='word_1_525' title='bbox 2066 2880 2311 2948; x_wconf 87' lang='lat' dir='ltr'><strong>spatium</strong></span> <span class='ocrx_word' id='word_1_526' title='bbox 2335 2882 2600 2938; x_wconf 86' lang='lat' dir='ltr'><strong>haberent</strong></span> <span class='ocrx_word' id='word_1_527' title='bbox 2642 2885 2871 2951; x_wconf 88' lang='lat' dir='ltr'><strong>interea,</strong></span> <span class='ocrx_word' id='word_1_528' title='bbox 2909 2896 3172 2957; x_wconf 84' lang='lat' dir='ltr'><strong>quantum</strong></span> <span class='ocrx_word' id='word_1_529' title='bbox 3204 2902 3515 2960; x_wconf 80' lang='lat' dir='ltr'><strong>patrassent</strong></span> <span class='ocrx_word' id='word_1_530' title='bbox 3553 2895 3635 2948; x_wconf 76' lang='lat' dir='ltr'><strong>fa-</strong></span> 
     </span>
    </p>
   </div>
   <div class='ocr_carea' id='block_1_74' title="bbox 2065 2974 3635 3047">
    <p class='ocr_par' dir='ltr' id='par_1_74' title="bbox 2065 2974 3635 3047">
     <span class='ocr_line' id='line_1_74' title="bbox 2065 2974 3635 3047; baseline 0.01 -20"><span class='ocrx_word' id='word_1_531' title='bbox 2065 2975 2221 3028; x_wconf 89' lang='lat' dir='ltr'><strong>cinus</strong></span> <span class='ocrx_word' id='word_1_532' title='bbox 2265 2974 2448 3029; x_wconf 88' lang='lat' dir='ltr'><strong>animo</strong></span> <span class='ocrx_word' id='word_1_533' title='bbox 2493 2992 2680 3031; x_wconf 90' lang='lat' dir='ltr'><strong>secum</strong></span> <span class='ocrx_word' id='word_1_534' title='bbox 2728 2980 2989 3047; x_wconf 75' lang='lat' dir='ltr'><strong>agitandi.</strong></span> <span class='ocrx_word' id='word_1_535' title='bbox 3045 2981 3150 3038; x_wconf 87' lang='lat' dir='ltr'><strong>Sed</strong></span> <span class='ocrx_word' id='word_1_536' title='bbox 3199 2993 3253 3040; x_wconf 90' lang='lat' dir='ltr'><strong>et</strong></span> <span class='ocrx_word' id='word_1_537' title='bbox 3299 2985 3401 3042; x_wconf 89' lang='lat' dir='ltr'><strong>hoc</strong></span> <span class='ocrx_word' id='word_1_538' title='bbox 3455 2987 3635 3043; x_wconf 85' lang='lat' dir='ltr'><strong>disce-</strong></span> 
     </span>
    </p>
   </div>
   <div class='ocr_carea' id='block_1_75' title="bbox 1991 3065 3324 3146">
    <p class='ocr_par' dir='ltr' id='par_1_75' title="bbox 1991 3065 3324 3146">
     <span class='ocr_line' id='line_1_75' title="bbox 1991 3065 3324 3146; baseline 0.012 -32"><span class='ocrx_word' id='word_1_539' title='bbox 1991 3088 2033 3146; x_wconf 74' lang='lat' dir='ltr'>c</span> <span class='ocrx_word' id='word_1_540' title='bbox 2070 3065 2462 3131; x_wconf 62' lang='lat' dir='ltr'><strong>litandumest,</strong></span> <span class='ocrx_word' id='word_1_541' title='bbox 2493 3068 2558 3120; x_wconf 91' lang='lat' dir='ltr'><strong>de</strong></span> <span class='ocrx_word' id='word_1_542' title='bbox 2590 3082 2700 3136; x_wconf 91' lang='lat' dir='ltr'><strong>quo</strong></span> <span class='ocrx_word' id='word_1_543' title='bbox 2740 3068 2827 3123; x_wconf 90' lang='lat' dir='ltr'><strong>hic</strong></span> <span class='ocrx_word' id='word_1_544' title='bbox 2858 3070 2946 3125; x_wconf 87' lang='lat' dir='ltr'><strong>die</strong></span> <span class='ocrx_word' id='word_1_545' title='bbox 2980 3082 3107 3141; x_wconf 82' lang='lat' dir='ltr'><strong>agat-</strong></span> <span class='ocrx_word' id='word_1_546' title='bbox 3130 3071 3324 3130; x_wconf 75' lang='lat' dir='ltr'><strong>Moses.</strong></span> 
     </span>
    </p>
   </div>
   <div class='ocr_carea' id='block_1_76' title="bbox 2137 3153 3635 3232">
    <p class='ocr_par' dir='ltr' id='par_1_76' title="bbox 2137 3153 3635 3232">
     <span class='ocr_line' id='line_1_76' title="bbox 2137 3153 3635 3232; baseline 0.011 -25"><span class='ocrx_word' id='word_1_547' title='bbox 2137 3153 2251 3219; x_wconf 79' lang='lat' dir='ltr'><strong>Quo</strong></span> <span class='ocrx_word' id='word_1_548' title='bbox 2274 3155 2358 3208; x_wconf 80' lang='lat' dir='ltr'><strong>die</strong></span> <span class='ocrx_word' id='word_1_549' title='bbox 2382 3156 2519 3210; x_wconf 82' lang='lat' dir='ltr'><strong>Deus</strong></span> <span class='ocrx_word' id='word_1_550' title='bbox 2543 3159 2742 3225; x_wconf 82' lang='lat' dir='ltr'><strong>primos</strong></span> <span class='ocrx_word' id='word_1_551' title='bbox 2766 3171 3009 3229; x_wconf 79' lang='lat' dir='ltr'><strong>parentes</strong></span> <span class='ocrx_word' id='word_1_552' title='bbox 3058 3165 3309 3232; x_wconf 78' lang='lat' dir='ltr'><strong>paradiso</strong></span> <span class='ocrx_word' id='word_1_553' title='bbox 3336 3167 3635 3223; x_wconf 81' lang='lat' dir='ltr'><strong>eliminave-</strong></span> 
     </span>
    </p>
   </div>
   <div class='ocr_carea' id='block_1_77' title="bbox 2080 3246 3633 3328">
    <p class='ocr_par' dir='ltr' id='par_1_77' title="bbox 2080 3246 3633 3328">
     <span class='ocr_line' id='line_1_77' title="bbox 2080 3246 3633 3328; baseline 0.011 -31"><span class='ocrx_word' id='word_1_554' title='bbox 2080 3247 2175 3301; x_wconf 72' lang='grc' dir='ltr'><strong>νει.</strong></span> <span class='ocrx_word' id='word_1_555' title='bbox 2207 3276 2275 3285; x_wconf 91' lang='lat'><strong>-—</strong></span> <span class='ocrx_word' id='word_1_556' title='bbox 2308 3246 2448 3301; x_wconf 86' lang='lat' dir='ltr'><strong>Sunt</strong></span> <span class='ocrx_word' id='word_1_557' title='bbox 2490 3260 2666 3303; x_wconf 88' lang='lat' dir='ltr'><strong>autem</strong></span> <span class='ocrx_word' id='word_1_558' title='bbox 2709 3250 2800 3320; x_wconf 89' lang='lat' dir='ltr'><strong>qui</strong></span> <span class='ocrx_word' id='word_1_559' title='bbox 2833 3251 3034 3318; x_wconf 88' lang='lat' dir='ltr'><strong>dicant,</strong></span> <span class='ocrx_word' id='word_1_560' title='bbox 3078 3254 3168 3309; x_wconf 92' lang='lat' dir='ltr'><strong>die</strong></span> <span class='ocrx_word' id='word_1_561' title='bbox 3208 3270 3273 3310; x_wconf 88' lang='lat' dir='ltr'><strong>eo</strong></span> <span class='ocrx_word' id='word_1_562' title='bbox 3304 3274 3411 3328; x_wconf 90' lang='lat' dir='ltr'><strong>quo</strong></span> <span class='ocrx_word' id='word_1_563' title='bbox 3433 3261 3633 3314; x_wconf 89' lang='lat' dir='ltr'><strong>conditi</strong></span> 
     </span>
    </p>
   </div>
   <div class='ocr_carea' id='block_1_78' title="bbox 2075 3334 3631 3417">
    <p class='ocr_par' dir='ltr' id='par_1_78' title="bbox 2075 3334 3631 3417">
     <span class='ocr_line' id='line_1_78' title="bbox 2075 3334 3631 3417; baseline 0.01 -29"><span class='ocrx_word' id='word_1_564' title='bbox 2075 3334 2228 3390; x_wconf 84' lang='lat' dir='ltr'><strong>fuere</strong></span> <span class='ocrx_word' id='word_1_565' title='bbox 2274 3337 2435 3405; x_wconf 89' lang='lat' dir='ltr'><strong>primi</strong></span> <span class='ocrx_word' id='word_1_566' title='bbox 2481 3349 2767 3406; x_wconf 88' lang='lat' dir='ltr'><strong>parentes;</strong></span> <span class='ocrx_word' id='word_1_567' title='bbox 2820 3342 2911 3396; x_wconf 91' lang='lat' dir='ltr'><strong>illo</strong></span> <span class='ocrx_word' id='word_1_568' title='bbox 2962 3343 3049 3400; x_wconf 90' lang='lat' dir='ltr'><strong>die</strong></span> <span class='ocrx_word' id='word_1_569' title='bbox 3094 3346 3237 3400; x_wconf 87' lang='lat' dir='ltr'><strong>enim</strong></span> <span class='ocrx_word' id='word_1_570' title='bbox 3272 3357 3325 3401; x_wconf 90' lang='lat' dir='ltr'><strong>et</strong></span> <span class='ocrx_word' id='word_1_571' title='bbox 3374 3364 3631 3417; x_wconf 80' lang='lat' dir='ltr'><strong>peccasse</strong></span> 
     </span>
    </p>
   </div>
   <div class='ocr_carea' id='block_1_79' title="bbox 2066 3427 3627 3500">
    <p class='ocr_par' dir='ltr' id='par_1_79' title="bbox 2066 3427 3627 3500">
     <span class='ocr_line' id='line_1_79' title="bbox 2066 3427 3627 3500; baseline 0.01 -21"><span class='ocrx_word' id='word_1_572' title='bbox 2066 3427 2216 3495; x_wconf 86' lang='lat' dir='ltr'><strong>ipsos</strong></span> <span class='ocrx_word' id='word_1_573' title='bbox 2256 3429 2369 3497; x_wconf 75' lang='lat' dir='ltr'><strong>lege</strong></span> <span class='ocrx_word' id='word_1_574' title='bbox 2408 3429 2627 3494; x_wconf 85' lang='lat' dir='ltr'><strong>violata,</strong></span> <span class='ocrx_word' id='word_1_575' title='bbox 2654 3432 2747 3500; x_wconf 87' lang='lat' dir='ltr'><strong>qui</strong></span> <span class='ocrx_word' id='word_1_576' title='bbox 2776 3432 2895 3488; x_wconf 90' lang='lat' dir='ltr'><strong>dies</strong></span> <span class='ocrx_word' id='word_1_577' title='bbox 2925 3442 3042 3489; x_wconf 88' lang='lat' dir='ltr'><strong>erat</strong></span> <span class='ocrx_word' id='word_1_578' title='bbox 3076 3445 3284 3492; x_wconf 75' lang='lat' dir='ltr'><strong>sextus.</strong></span> <span class='ocrx_word' id='word_1_579' title='bbox 3319 3438 3627 3493; x_wconf 81' lang='lat' dir='ltr'><strong>Secundum</strong></span> 
     </span>
    </p>
   </div>
   <div class='ocr_carea' id='block_1_80' title="bbox 2066 3521 3629 3595">
    <p class='ocr_par' dir='ltr' id='par_1_80' title="bbox 2066 3521 3629 3595">
     <span class='ocr_line' id='line_1_80' title="bbox 2066 3521 3629 3595; baseline 0.004 -19"><span class='ocrx_word' id='word_1_580' title='bbox 2066 3521 2187 3584; x_wconf 89' lang='lat' dir='ltr'><strong>hos.</strong></span> <span class='ocrx_word' id='word_1_581' title='bbox 2217 3538 2331 3577; x_wconf 87' lang='lat' dir='ltr'><strong>uno</strong></span> <span class='ocrx_word' id='word_1_582' title='bbox 2362 3525 2663 3595; x_wconf 83' lang='lat' dir='ltr'><strong>eodemque</strong></span> <span class='ocrx_word' id='word_1_583' title='bbox 2698 3527 2786 3583; x_wconf 85' lang='lat' dir='ltr'><strong>die</strong></span> <span class='ocrx_word' id='word_1_584' title='bbox 2810 3538 3025 3583; x_wconf 88' lang='lat' dir='ltr'><strong>creatus</strong></span> <span class='ocrx_word' id='word_1_585' title='bbox 3063 3541 3145 3585; x_wconf 85' lang='lat' dir='ltr'><strong>est</strong></span> <span class='ocrx_word' id='word_1_586' title='bbox 3191 3530 3361 3583; x_wconf 81' lang='lat' dir='ltr'><strong>Adam</strong></span> <span class='ocrx_word' id='word_1_587' title='bbox 3408 3538 3460 3583; x_wconf 91' lang='lat' dir='ltr'><strong>et</strong></span> <span class='ocrx_word' id='word_1_588' title='bbox 3495 3546 3629 3584; x_wconf 87' lang='lat' dir='ltr'><strong>con-</strong></span> 
     </span>
    </p>
   </div>
   <div class='ocr_carea' id='block_1_81' title="bbox 2065 3610 3633 3689">
    <p class='ocr_par' dir='ltr' id='par_1_81' title="bbox 2065 3610 3633 3689">
     <span class='ocr_line' id='line_1_81' title="bbox 2065 3610 3633 3689; baseline 0.006 -25"><span class='ocrx_word' id='word_1_589' title='bbox 2065 3610 2298 3670; x_wconf 81' lang='lat' dir='ltr'><strong>formata</strong></span> <span class='ocrx_word' id='word_1_590' title='bbox 2345 3611 2476 3677; x_wconf 80' lang='lat' dir='ltr'><strong>Eva,</strong></span> <span class='ocrx_word' id='word_1_591' title='bbox 2511 3615 2729 3685; x_wconf 86' lang='lat' dir='ltr'><strong>lataque</strong></span> <span class='ocrx_word' id='word_1_592' title='bbox 2786 3617 2869 3670; x_wconf 90' lang='lat' dir='ltr'><strong>lex</strong></span> <span class='ocrx_word' id='word_1_593' title='bbox 2915 3626 2969 3671; x_wconf 91' lang='lat' dir='ltr'><strong>et</strong></span> <span class='ocrx_word' id='word_1_594' title='bbox 2998 3617 3218 3689; x_wconf 79' lang='lat' dir='ltr'><strong>violata,</strong></span> <span class='ocrx_word' id='word_1_595' title='bbox 3266 3628 3429 3689; x_wconf 90' lang='lat' dir='ltr'><strong>atque</strong></span> <span class='ocrx_word' id='word_1_596' title='bbox 3469 3620 3633 3689; x_wconf 82' lang='lat' dir='ltr'><strong>primi</strong></span> 
     </span>
    </p>
   </div>
   <div class='ocr_carea' id='block_1_82' title="bbox 2066 3704 3633 3779">
    <p class='ocr_par' dir='ltr' id='par_1_82' title="bbox 2066 3704 3633 3779">
     <span class='ocr_line' id='line_1_82' title="bbox 2066 3704 3633 3779; baseline 0.006 -26"><span class='ocrx_word' id='word_1_597' title='bbox 2066 3712 2321 3769; x_wconf 85' lang='lat' dir='ltr'><strong>parentes</strong></span> <span class='ocrx_word' id='word_1_598' title='bbox 2353 3704 2422 3757; x_wconf 92' lang='lat' dir='ltr'><strong>ob</strong></span> <span class='ocrx_word' id='word_1_599' title='bbox 2451 3705 2553 3759; x_wconf 90' lang='lat' dir='ltr'><strong>hoc</strong></span> <span class='ocrx_word' id='word_1_600' title='bbox 2581 3715 2790 3760; x_wconf 92' lang='lat' dir='ltr'><strong>tantum</strong></span> <span class='ocrx_word' id='word_1_601' title='bbox 2841 3707 3051 3763; x_wconf 90' lang='lat' dir='ltr'><strong>facinus</strong></span> <span class='ocrx_word' id='word_1_602' title='bbox 3081 3708 3351 3779; x_wconf 72' lang='lat' dir='ltr'><strong>objurgati</strong></span> <span class='ocrx_word' id='word_1_603' title='bbox 3383 3719 3437 3763; x_wconf 89' lang='lat' dir='ltr'><strong>et</strong></span> <span class='ocrx_word' id='word_1_604' title='bbox 3472 3725 3633 3777; x_wconf 81' lang='lat' dir='ltr'><strong>para-</strong></span> 
     </span>
    </p>
   </div>
   <div class='ocr_carea' id='block_1_83' title="bbox 2065 3794 3633 3863">
    <p class='ocr_par' dir='ltr' id='par_1_83' title="bbox 2065 3794 3633 3863">
     <span class='ocr_line' id='line_1_83' title="bbox 2065 3794 3633 3863; baseline 0.006 -16"><span class='ocrx_word' id='word_1_605' title='bbox 2065 3794 2183 3848; x_wconf 90' lang='lat' dir='ltr'><strong>diso</strong></span> <span class='ocrx_word' id='word_1_606' title='bbox 2215 3795 2501 3851; x_wconf 87' lang='lat' dir='ltr'><strong>eliminati.</strong></span> <span class='ocrx_word' id='word_1_607' title='bbox 2543 3798 2645 3853; x_wconf 88' lang='lat' dir='ltr'><strong>Sed</strong></span> <span class='ocrx_word' id='word_1_608' title='bbox 2677 3800 2908 3854; x_wconf 90' lang='lat' dir='ltr'><strong>aliorum</strong></span> <span class='ocrx_word' id='word_1_609' title='bbox 2946 3803 3215 3856; x_wconf 91' lang='lat' dir='ltr'><strong>sententia</strong></span> <span class='ocrx_word' id='word_1_610' title='bbox 3255 3810 3358 3863; x_wconf 88' lang='lat' dir='ltr'><strong>est.</strong></span> <span class='ocrx_word' id='word_1_611' title='bbox 3409 3803 3517 3857; x_wconf 88' lang='lat' dir='ltr'><strong>alio</strong></span> <span class='ocrx_word' id='word_1_612' title='bbox 3546 3805 3633 3857; x_wconf 86' lang='lat' dir='ltr'><strong>die</strong></span> 
     </span>
    </p>
   </div>
   <div class='ocr_carea' id='block_1_84' title="bbox 2063 3889 3631 3968">
    <p class='ocr_par' dir='ltr' id='par_1_84' title="bbox 2063 3889 3631 3968">
     <span class='ocr_line' id='line_1_84' title="bbox 2063 3889 3631 3968; baseline 0.004 -26"><span class='ocrx_word' id='word_1_613' title='bbox 2063 3896 2281 3943; x_wconf 89' lang='lat' dir='ltr'><strong>creatos</strong></span> <span class='ocrx_word' id='word_1_614' title='bbox 2325 3889 2449 3943; x_wconf 89' lang='lat' dir='ltr'><strong>illos</strong></span> <span class='ocrx_word' id='word_1_615' title='bbox 2494 3904 2634 3953; x_wconf 87' lang='lat' dir='ltr'><strong>esse,</strong></span> <span class='ocrx_word' id='word_1_616' title='bbox 2690 3891 2797 3944; x_wconf 86' lang='lat' dir='ltr'><strong>alio</strong></span> <span class='ocrx_word' id='word_1_617' title='bbox 2845 3906 3118 3968; x_wconf 82' lang='lat' dir='ltr'><strong>peccasse,</strong></span> <span class='ocrx_word' id='word_1_618' title='bbox 3150 3893 3237 3949; x_wconf 88' lang='lat' dir='ltr'><strong>hic</strong></span> <span class='ocrx_word' id='word_1_619' title='bbox 3270 3908 3416 3960; x_wconf 68' lang='lat' dir='ltr'><strong>vero,</strong></span> <span class='ocrx_word' id='word_1_620' title='bbox 3449 3896 3515 3949; x_wconf 87' lang='lat' dir='ltr'><strong>de</strong></span> <span class='ocrx_word' id='word_1_621' title='bbox 3565 3911 3631 3949; x_wconf 90' lang='lat' dir='ltr'><strong>eo</strong></span> 
     </span>
    </p>
   </div>
   <div class='ocr_carea' id='block_1_85' title="bbox 2063 3979 3626 4054">
    <p class='ocr_par' dir='ltr' id='par_1_85' title="bbox 2063 3979 3626 4054">
     <span class='ocr_line' id='line_1_85' title="bbox 2063 3979 3626 4054; baseline 0.004 -22"><span class='ocrx_word' id='word_1_622' title='bbox 2063 3980 2212 4048; x_wconf 84' lang='lat' dir='ltr'><strong>loqui</strong></span> <span class='ocrx_word' id='word_1_623' title='bbox 2254 3979 2466 4044; x_wconf 78' lang='lat' dir='ltr'><strong>Mosen,</strong></span> <span class='ocrx_word' id='word_1_624' title='bbox 2496 3997 2604 4049; x_wconf 89' lang='lat' dir='ltr'><strong>quo</strong></span> <span class='ocrx_word' id='word_1_625' title='bbox 2641 3991 2957 4049; x_wconf 88' lang='lat' dir='ltr'><strong>peccarunt.</strong></span> <span class='ocrx_word' id='word_1_626' title='bbox 3010 3983 3215 4037; x_wconf 69' lang='lat' dir='ltr'><strong>Praeter</strong></span> <span class='ocrx_word' id='word_1_627' title='bbox 3258 3986 3357 4039; x_wconf 88' lang='lat' dir='ltr'><strong>hos</strong></span> <span class='ocrx_word' id='word_1_628' title='bbox 3394 3985 3484 4039; x_wconf 87' lang='lat' dir='ltr'><strong>alii</strong></span> <span class='ocrx_word' id='word_1_629' title='bbox 3532 4002 3626 4054; x_wconf 88' lang='lat' dir='ltr'><strong>pu-</strong></span> 
     </span>
    </p>
   </div>
   <div class='ocr_carea' id='block_1_86' title="bbox 2064 4069 3632 4143">
    <p class='ocr_par' dir='ltr' id='par_1_86' title="bbox 2064 4069 3632 4143">
     <span class='ocr_line' id='line_1_86' title="bbox 2064 4069 3632 4143; baseline 0.005 -21"><span class='ocrx_word' id='word_1_630' title='bbox 2064 4079 2203 4132; x_wconf 86' lang='lat' dir='ltr'><strong>tant,</strong></span> <span class='ocrx_word' id='word_1_631' title='bbox 2233 4069 2377 4125; x_wconf 87' lang='lat' dir='ltr'><strong>hunc</strong></span> <span class='ocrx_word' id='word_1_632' title='bbox 2412 4071 2553 4124; x_wconf 90' lang='lat' dir='ltr'><strong>diem</strong></span> <span class='ocrx_word' id='word_1_633' title='bbox 2594 4086 2769 4141; x_wconf 86' lang='lat' dir='ltr'><strong>neque</strong></span> <span class='ocrx_word' id='word_1_634' title='bbox 2814 4088 2937 4127; x_wconf 84' lang='lat' dir='ltr'><strong>cum</strong></span> <span class='ocrx_word' id='word_1_635' title='bbox 2972 4073 3145 4129; x_wconf 86' lang='lat' dir='ltr'><strong>fuisse</strong></span> <span class='ocrx_word' id='word_1_636' title='bbox 3193 4076 3247 4128; x_wconf 92' lang='lat' dir='ltr'><strong>in</strong></span> <span class='ocrx_word' id='word_1_637' title='bbox 3278 4090 3385 4143; x_wconf 90' lang='lat' dir='ltr'><strong>quo</strong></span> <span class='ocrx_word' id='word_1_638' title='bbox 3418 4076 3632 4131; x_wconf 87' lang='lat' dir='ltr'><strong>fuerant</strong></span> 
     </span>
    </p>
   </div>
   <div class='ocr_carea' id='block_1_87' title="bbox 2066 4159 3629 4235">
    <p class='ocr_par' dir='ltr' id='par_1_87' title="bbox 2066 4159 3629 4235">
     <span class='ocr_line' id='line_1_87' title="bbox 2066 4159 3629 4235; baseline 0.004 -21"><span class='ocrx_word' id='word_1_639' title='bbox 2066 4159 2284 4215; x_wconf 90' lang='lat' dir='ltr'><strong>formati</strong></span> <span class='ocrx_word' id='word_1_640' title='bbox 2315 4163 2485 4215; x_wconf 81' lang='lat' dir='ltr'><strong>Adam</strong></span> <span class='ocrx_word' id='word_1_641' title='bbox 2528 4173 2582 4217; x_wconf 88' lang='lat' dir='ltr'><strong>et</strong></span> <span class='ocrx_word' id='word_1_642' title='bbox 2627 4164 2760 4228; x_wconf 68' lang='lat' dir='ltr'><strong>Eva,</strong></span> <span class='ocrx_word' id='word_1_643' title='bbox 2801 4180 2979 4234; x_wconf 89' lang='lat' dir='ltr'><strong>neque</strong></span> <span class='ocrx_word' id='word_1_644' title='bbox 3029 4180 3153 4218; x_wconf 87' lang='lat' dir='ltr'><strong>eum</strong></span> <span class='ocrx_word' id='word_1_645' title='bbox 3205 4165 3258 4218; x_wconf 92' lang='lat' dir='ltr'><strong>in</strong></span> <span class='ocrx_word' id='word_1_646' title='bbox 3289 4180 3398 4234; x_wconf 90' lang='lat' dir='ltr'><strong>quo</strong></span> <span class='ocrx_word' id='word_1_647' title='bbox 3437 4182 3629 4235; x_wconf 89' lang='lat' dir='ltr'><strong>pecca-</strong></span> 
     </span>
    </p>
   </div>
   <div class='ocr_carea' id='block_1_88' title="bbox 2062 4254 3629 4325">
    <p class='ocr_par' dir='ltr' id='par_1_88' title="bbox 2062 4254 3629 4325">
     <span class='ocr_line' id='line_1_88' title="bbox 2062 4254 3629 4325; baseline 0.004 -20"><span class='ocrx_word' id='word_1_648' title='bbox 2062 4262 2279 4317; x_wconf 89' lang='lat' dir='ltr'><strong>verunt,</strong></span> <span class='ocrx_word' id='word_1_649' title='bbox 2331 4254 2422 4308; x_wconf 89' lang='lat' dir='ltr'><strong>sed</strong></span> <span class='ocrx_word' id='word_1_650' title='bbox 2455 4265 2579 4324; x_wconf 89' lang='lat' dir='ltr'><strong>post</strong></span> <span class='ocrx_word' id='word_1_651' title='bbox 2629 4254 2776 4320; x_wconf 89' lang='lat' dir='ltr'><strong>illos,</strong></span> <span class='ocrx_word' id='word_1_652' title='bbox 2821 4255 3019 4319; x_wconf 86' lang='lat' dir='ltr'><strong>alium;</strong></span> <span class='ocrx_word' id='word_1_653' title='bbox 3073 4270 3252 4325; x_wconf 90' lang='lat' dir='ltr'><strong>neque</strong></span> <span class='ocrx_word' id='word_1_654' title='bbox 3303 4254 3448 4308; x_wconf 89' lang='lat' dir='ltr'><strong>enim</strong></span> <span class='ocrx_word' id='word_1_655' title='bbox 3493 4257 3629 4311; x_wconf 87' lang='lat' dir='ltr'><strong>satis</strong></span> 
     </span>
    </p>
   </div>
   <div class='ocr_carea' id='block_1_89' title="bbox 2063 4345 3615 4402">
    <p class='ocr_par' dir='ltr' id='par_1_89' title="bbox 2063 4345 3615 4402">
     <span class='ocr_line' id='line_1_89' title="bbox 2063 4345 3615 4402; baseline 0.002 -3"><span class='ocrx_word' id='word_1_656' title='bbox 2063 4353 2487 4399; x_wconf 85' lang='lat' dir='ltr'><strong>consentaneam</strong></span> <span class='ocrx_word' id='word_1_657' title='bbox 2521 4362 2644 4401; x_wconf 83' lang='lat' dir='ltr'><strong>esse</strong></span> <span class='ocrx_word' id='word_1_658' title='bbox 2673 4355 2729 4400; x_wconf 90' lang='lat' dir='ltr'><strong>ut</strong></span> <span class='ocrx_word' id='word_1_659' title='bbox 2764 4346 2878 4400; x_wconf 84' lang='lat' dir='ltr'><strong>haec</strong></span> <span class='ocrx_word' id='word_1_660' title='bbox 2905 4353 3053 4400; x_wconf 84' lang='lat' dir='ltr'><strong>tanta</strong></span> <span class='ocrx_word' id='word_1_661' title='bbox 3087 4362 3195 4400; x_wconf 92' lang='lat' dir='ltr'><strong>uno</strong></span> <span class='ocrx_word' id='word_1_662' title='bbox 3234 4345 3497 4401; x_wconf 87' lang='lat' dir='ltr'><strong>accidisse</strong></span> <span class='ocrx_word' id='word_1_663' title='bbox 3524 4347 3615 4402; x_wconf 82' lang='lat' dir='ltr'><strong>die</strong></span> 
     </span>
    </p>
   </div>
   <div class='ocr_carea' id='block_1_90' title="bbox 394 4424 3629 4506">
    <p class='ocr_par' dir='ltr' id='par_1_90' title="bbox 394 4424 3629 4506">
     <span class='ocr_line' id='line_1_90' title="bbox 394 4424 3629 4506; baseline 0.003 -22"><span class='ocrx_word' id='word_1_664' title='bbox 394 4432 519 4485; x_wconf 64' lang='lat' dir='ltr'><strong>Era:</strong></span> <span class='ocrx_word' id='word_1_665' title='bbox 545 4441 709 4503; x_wconf 88' lang='lat' dir='ltr'><strong>atque</strong></span> <span class='ocrx_word' id='word_1_666' title='bbox 747 4436 929 4490; x_wconf 87' lang='lat' dir='ltr'><strong>omnis</strong></span> <span class='ocrx_word' id='word_1_667' title='bbox 974 4437 1331 4505; x_wconf 85' lang='lat' dir='ltr'><strong>posteritatis,</strong></span> <span class='ocrx_word' id='word_1_668' title='bbox 1365 4437 1676 4494; x_wconf 86' lang='lat' dir='ltr'><strong>immortale</strong></span> <span class='ocrx_word' id='word_1_669' title='bbox 1711 4438 1955 4495; x_wconf 89' lang='lat' dir='ltr'><strong>futurum</strong></span> <span class='ocrx_word' id='word_1_670' title='bbox 1986 4424 2039 4484; x_wconf 87' lang='grc' dir='ltr'><strong>Ῑ)</strong></span> <span class='ocrx_word' id='word_1_671' title='bbox 2063 4438 2468 4493; x_wconf 77' lang='lat' dir='ltr'><strong>existimentur.</strong></span> <span class='ocrx_word' id='word_1_672' title='bbox 2507 4438 2612 4494; x_wconf 90' lang='lat' dir='ltr'><strong>Sed</strong></span> <span class='ocrx_word' id='word_1_673' title='bbox 2644 4454 2744 4497; x_wconf 90' lang='lat' dir='ltr'><strong>nos</strong></span> <span class='ocrx_word' id='word_1_674' title='bbox 2795 4440 2909 4495; x_wconf 72' lang='lat' dir='ltr'><strong>haec.</strong></span> <span class='ocrx_word' id='word_1_675' title='bbox 2949 4437 3199 4506; x_wconf 87' lang='lat' dir='ltr'><strong>inferius,</strong></span> <span class='ocrx_word' id='word_1_676' title='bbox 3238 4439 3347 4493; x_wconf 91' lang='lat' dir='ltr'><strong>Deo</strong></span> <span class='ocrx_word' id='word_1_677' title='bbox 3395 4440 3629 4504; x_wconf 82' lang='lat' dir='ltr'><strong>volente,</strong></span> 
     </span>
    </p>
   </div>
   <div class='ocr_carea' id='block_1_91' title="bbox 400 4523 1958 4603">
    <p class='ocr_par' dir='ltr' id='par_1_91' title="bbox 400 4523 1958 4603">
     <span class='ocr_line' id='line_1_91' title="bbox 400 4523 1958 4603; baseline 0.012 -30"><span class='ocrx_word' id='word_1_678' title='bbox 400 4523 614 4587; x_wconf 75' lang='lat' dir='ltr'><strong>ruisset,</strong></span> <span class='ocrx_word' id='word_1_679' title='bbox 667 4535 726 4580; x_wconf 91' lang='lat' dir='ltr'><strong>ut</strong></span> <span class='ocrx_word' id='word_1_680' title='bbox 782 4536 867 4582; x_wconf 87' lang='lat' dir='ltr'><strong>est</strong></span> <span class='ocrx_word' id='word_1_681' title='bbox 921 4537 1203 4596; x_wconf 85' lang='lat' dir='ltr'><strong>peceatum</strong></span> <span class='ocrx_word' id='word_1_682' title='bbox 1261 4529 1483 4584; x_wconf 85' lang='lat' dir='ltr'><strong>diaboli.</strong></span> <span class='ocrx_word' id='word_1_683' title='bbox 1546 4530 1785 4603; x_wconf 89' lang='lat' dir='ltr'><strong>Denique</strong></span> <span class='ocrx_word' id='word_1_684' title='bbox 1836 4534 1958 4591; x_wconf 86' lang='lat' dir='ltr'><strong>ideo</strong></span> 
     </span>
    </p>
   </div>
   <div class='ocr_carea' id='block_1_92' title="bbox 401 4614 1959 4688">
    <p class='ocr_par' dir='ltr' id='par_1_92' title="bbox 401 4614 1959 4688">
     <span class='ocr_line' id='line_1_92' title="bbox 401 4614 1959 4688; baseline 0.009 -22"><span class='ocrx_word' id='word_1_685' title='bbox 401 4614 605 4685; x_wconf 88' lang='lat' dir='ltr'><strong>reliqua</strong></span> <span class='ocrx_word' id='word_1_686' title='bbox 642 4632 790 4673; x_wconf 83' lang='lat' dir='ltr'><strong>mors</strong></span> <span class='ocrx_word' id='word_1_687' title='bbox 819 4617 944 4682; x_wconf 88' lang='lat' dir='ltr'><strong>fuit,</strong></span> <span class='ocrx_word' id='word_1_688' title='bbox 996 4631 1054 4673; x_wconf 88' lang='lat' dir='ltr'><strong>ut</strong></span> <span class='ocrx_word' id='word_1_689' title='bbox 1086 4619 1245 4687; x_wconf 86' lang='lat' dir='ltr'><strong>primi</strong></span> <span class='ocrx_word' id='word_1_690' title='bbox 1280 4631 1528 4688; x_wconf 89' lang='lat' dir='ltr'><strong>parentes</strong></span> <span class='ocrx_word' id='word_1_691' title='bbox 1573 4624 1815 4678; x_wconf 90' lang='lat' dir='ltr'><strong>animum</strong></span> <span class='ocrx_word' id='word_1_692' title='bbox 1861 4626 1959 4680; x_wconf 74' lang='lat' dir='ltr'><strong>ad~</strong></span> 
     </span>
    </p>
   </div>
   <div class='ocr_carea' id='block_1_93' title="bbox 394 4712 1958 4781">
    <p class='ocr_par' dir='ltr' id='par_1_93' title="bbox 394 4712 1958 4781">
     <span class='ocr_line' id='line_1_93' title="bbox 394 4712 1958 4781; baseline 0.006 -21"><span class='ocrx_word' id='word_1_693' title='bbox 394 4716 665 4762; x_wconf 82' lang='lat' dir='ltr'><strong>verterent</strong></span> <span class='ocrx_word' id='word_1_694' title='bbox 720 4713 785 4763; x_wconf 89' lang='lat' dir='ltr'><strong>ad</strong></span> <span class='ocrx_word' id='word_1_695' title='bbox 869 4726 1026 4764; x_wconf 91' lang='lat' dir='ltr'><strong>suum</strong></span> <span class='ocrx_word' id='word_1_696' title='bbox 1095 4712 1336 4781; x_wconf 87' lang='lat' dir='ltr'><strong>ipsorum</strong></span> <span class='ocrx_word' id='word_1_697' title='bbox 1386 4712 1622 4779; x_wconf 81' lang='lat' dir='ltr'><strong>facinus,</strong></span> <span class='ocrx_word' id='word_1_698' title='bbox 1687 4724 1740 4769; x_wconf 91' lang='lat' dir='ltr'><strong>et</strong></span> <span class='ocrx_word' id='word_1_699' title='bbox 1790 4716 1958 4771; x_wconf 91' lang='lat' dir='ltr'><strong>animi</strong></span> 
     </span>
    </p>
   </div>
   <div class='ocr_carea' id='block_1_94' title="bbox 393 4801 1961 4873">
    <p class='ocr_par' dir='ltr' id='par_1_94' title="bbox 393 4801 1961 4873">
     <span class='ocr_line' id='line_1_94' title="bbox 393 4801 1961 4873; baseline 0.004 -19"><span class='ocrx_word' id='word_1_700' title='bbox 393 4801 731 4869; x_wconf 67' lang='lat' dir='ltr'><strong>paenitudine</strong></span> <span class='ocrx_word' id='word_1_701' title='bbox 785 4804 1132 4859; x_wconf 70' lang='lat' dir='ltr'><strong>adicerentur</strong></span> <span class='ocrx_word' id='word_1_702' title='bbox 1166 4822 1181 4861; x_wconf 88' lang='lat'><strong>:</strong></span> <span class='ocrx_word' id='word_1_703' title='bbox 1210 4820 1387 4873; x_wconf 89' lang='lat' dir='ltr'><strong>neque</strong></span> <span class='ocrx_word' id='word_1_704' title='bbox 1432 4807 1628 4861; x_wconf 89' lang='lat' dir='ltr'><strong>mortis</strong></span> <span class='ocrx_word' id='word_1_705' title='bbox 1678 4807 1850 4861; x_wconf 79' lang='lat' dir='ltr'><strong>secuti</strong></span> <span class='ocrx_word' id='word_1_706' title='bbox 1907 4816 1961 4861; x_wconf 91' lang='lat' dir='ltr'><strong>et</strong></span> 
     </span>
    </p>
   </div>
   <div class='ocr_carea' id='block_1_95' title="bbox 366 4892 1997 4963">
    <p class='ocr_par' dir='ltr' id='par_1_95' title="bbox 366 4892 1997 4963">
     <span class='ocr_line' id='line_1_95' title="bbox 366 4892 1997 4963; baseline 0.004 -20"><span class='ocrx_word' id='word_1_707' title='bbox 366 4892 514 4944; x_wconf 68' lang='lat' dir='ltr'><strong>suis</strong></span> <span class='ocrx_word' id='word_1_708' title='bbox 572 4892 781 4947; x_wconf 86' lang='lat' dir='ltr'><strong>seducti</strong></span> <span class='ocrx_word' id='word_1_709' title='bbox 834 4893 1116 4947; x_wconf 89' lang='lat' dir='ltr'><strong>erroribus</strong></span> <span class='ocrx_word' id='word_1_710' title='bbox 1178 4904 1396 4963; x_wconf 84' lang='lat' dir='ltr'><strong>peccata</strong></span> <span class='ocrx_word' id='word_1_711' title='bbox 1457 4895 1595 4949; x_wconf 87' lang='lat' dir='ltr'><strong>levia</strong></span> <span class='ocrx_word' id='word_1_712' title='bbox 1661 4895 1997 4959; x_wconf 68' lang='lat' dir='ltr'><strong>ducerent,</strong></span> 
     </span>
    </p>
   </div>
   <div class='ocr_carea' id='block_1_96' title="bbox 391 4968 1958 5054">
    <p class='ocr_par' dir='ltr' id='par_1_96' title="bbox 391 4968 1958 5054">
     <span class='ocr_line' id='line_1_96' title="bbox 391 4968 1958 5054; baseline 0.004 -21"><span class='ocrx_word' id='word_1_713' title='bbox 391 4991 555 5050; x_wconf 89' lang='lat' dir='ltr'><strong>atque</strong></span> <span class='ocrx_word' id='word_1_714' title='bbox 583 4983 656 5035; x_wconf 88' lang='lat' dir='ltr'><strong>ita</strong></span> <span class='ocrx_word' id='word_1_715' title='bbox 687 4982 944 5038; x_wconf 88' lang='lat' dir='ltr'><strong>omnibus</strong></span> <span class='ocrx_word' id='word_1_716' title='bbox 970 4982 1194 5054; x_wconf 78' lang='lat' dir='ltr'><strong>flagitiis</strong></span> <span class='ocrx_word' id='word_1_717' title='bbox 1223 4985 1599 5041; x_wconf 63' lang='lat' dir='ltr'><strong>advesrerent.</strong></span> <span class='ocrx_word' id='word_1_718' title='bbox 1632 4968 1785 5040; x_wconf 80' lang='lat' dir='ltr'><strong>lianc</strong></span> <span class='ocrx_word' id='word_1_719' title='bbox 1812 4986 1958 5041; x_wconf 91' lang='lat' dir='ltr'><strong>enim</strong></span> 
     </span>
    </p>
   </div>
   <div class='ocr_carea' id='block_1_97' title="bbox 391 5060 1961 5151">
    <p class='ocr_par' dir='ltr' id='par_1_97' title="bbox 391 5060 1961 5151">
     <span class='ocr_line' id='line_1_97' title="bbox 391 5060 1961 5151; baseline 0.01 -29"><span class='ocrx_word' id='word_1_720' title='bbox 391 5073 461 5127; x_wconf 86' lang='lat' dir='ltr'><strong>ob</strong></span> <span class='ocrx_word' id='word_1_721' title='bbox 486 5089 601 5128; x_wconf 87' lang='lat' dir='ltr'><strong>rem</strong></span> <span class='ocrx_word' id='word_1_722' title='bbox 636 5073 779 5131; x_wconf 86' lang='lat' dir='ltr'><strong>Deus</strong></span> <span class='ocrx_word' id='word_1_723' title='bbox 801 5091 910 5131; x_wconf 88' lang='lat' dir='ltr'><strong>non</strong></span> <span class='ocrx_word' id='word_1_724' title='bbox 935 5076 1258 5146; x_wconf 88' lang='lat' dir='ltr'><strong>simpliciter</strong></span> <span class='ocrx_word' id='word_1_725' title='bbox 1283 5079 1352 5133; x_wconf 90' lang='lat' dir='ltr'><strong>ad</strong></span> <span class='ocrx_word' id='word_1_726' title='bbox 1384 5080 1653 5134; x_wconf 84' lang='lat' dir='ltr'><strong>Adamum</strong></span> <span class='ocrx_word' id='word_1_727' title='bbox 1683 5060 1961 5151; x_wconf 67' lang='lat' dir='ltr'><strong>Evamque</strong></span> 
     </span>
    </p>
   </div>
   <div class='ocr_carea' id='block_1_98' title="bbox 391 5150 1957 5239">
    <p class='ocr_par' dir='ltr' id='par_1_98' title="bbox 391 5150 1957 5239">
     <span class='ocr_line' id='line_1_98' title="bbox 391 5150 1957 5239; baseline 0.003 -19"><span class='ocrx_word' id='word_1_728' title='bbox 391 5150 781 5223; x_wconf 32' lang='lat' dir='ltr'><strong>accedebat&#39;in</strong></span> <span class='ocrx_word' id='word_1_729' title='bbox 817 5170 1098 5239; x_wconf 89' lang='lat' dir='ltr'><strong>paradiso,</strong></span> <span class='ocrx_word' id='word_1_730' title='bbox 1142 5171 1237 5226; x_wconf 90' lang='lat' dir='ltr'><strong>sed</strong></span> <span class='ocrx_word' id='word_1_731' title='bbox 1278 5170 1519 5227; x_wconf 80' lang='lat' dir='ltr'><strong>maximo</strong></span> <span class='ocrx_word' id='word_1_732' title='bbox 1568 5188 1692 5227; x_wconf 91' lang='lat' dir='ltr'><strong>cum</strong></span> <span class='ocrx_word' id='word_1_733' title='bbox 1728 5181 1957 5236; x_wconf 90' lang='lat' dir='ltr'><strong>terrore,</strong></span> 
     </span>
    </p>
   </div>
   <div class='ocr_carea' id='block_1_99' title="bbox 392 5259 1961 5319">
    <p class='ocr_par' dir='ltr' id='par_1_99' title="bbox 392 5259 1961 5319">
     <span class='ocr_line' id='line_1_99' title="bbox 392 5259 1961 5319; baseline 0.005 -9"><span class='ocrx_word' id='word_1_734' title='bbox 392 5270 448 5311; x_wconf 92' lang='lat' dir='ltr'><strong>ut</strong></span> <span class='ocrx_word' id='word_1_735' title='bbox 509 5259 586 5311; x_wconf 83' lang='lat' dir='ltr'><strong>ait</strong></span> <span class='ocrx_word' id='word_1_736' title='bbox 630 5259 857 5318; x_wconf 78' lang='lat' dir='ltr'><strong>Moses:</strong></span> <span class='ocrx_word' id='word_1_737' title='bbox 894 5260 964 5314; x_wconf 86' lang='lat' dir='ltr'><strong>Et</strong></span> <span class='ocrx_word' id='word_1_738' title='bbox 1023 5262 1337 5316; x_wconf 83' lang='lat' dir='ltr'><strong>audiverunt</strong></span> <span class='ocrx_word' id='word_1_739' title='bbox 1378 5280 1552 5318; x_wconf 77' lang='lat' dir='ltr'><strong>vocem</strong></span> <span class='ocrx_word' id='word_1_740' title='bbox 1592 5265 1804 5319; x_wconf 79' lang='lat' dir='ltr'><strong>Domini</strong></span> <span class='ocrx_word' id='word_1_741' title='bbox 1864 5265 1961 5319; x_wconf 76' lang='lat' dir='ltr'><strong>Dei</strong></span> 
     </span>
    </p>
   </div>
   <div class='ocr_carea' id='block_1_100' title="bbox 392 5352 1956 5427">
    <p class='ocr_par' dir='ltr' id='par_1_100' title="bbox 392 5352 1956 5427">
     <span class='ocr_line' id='line_1_100' title="bbox 392 5352 1956 5427; baseline 0.007 -27"><span class='ocrx_word' id='word_1_742' title='bbox 392 5352 682 5415; x_wconf 64' lang='lat' dir='ltr'><strong>gradientis</strong></span> <span class='ocrx_word' id='word_1_743' title='bbox 705 5353 759 5405; x_wconf 82' lang='lat' dir='ltr'><strong>in</strong></span> <span class='ocrx_word' id='word_1_744' title='bbox 788 5355 1066 5421; x_wconf 76' lang='lat' dir='ltr'><strong>paradiso.</strong></span> <span class='ocrx_word' id='word_1_745' title='bbox 1099 5355 1388 5408; x_wconf 83' lang='lat' dir='ltr'><strong>inclinante</strong></span> <span class='ocrx_word' id='word_1_746' title='bbox 1414 5356 1518 5410; x_wconf 86' lang='lat' dir='ltr'><strong>die.</strong></span> <span class='ocrx_word' id='word_1_747' title='bbox 1556 5357 1709 5427; x_wconf 63' lang='lat' dir='ltr'><strong>Saepe</strong></span> <span class='ocrx_word' id='word_1_748' title='bbox 1734 5356 1956 5427; x_wconf 91' lang='lat' dir='ltr'><strong>quidem</strong></span> 
     </span>
    </p>
   </div>
   <div class='ocr_carea' id='block_1_101' title="bbox 389 5426 1957 5519">
    <p class='ocr_par' dir='ltr' id='par_1_101' title="bbox 389 5426 1957 5519">
     <span class='ocr_line' id='line_1_101' title="bbox 389 5426 1957 5519; baseline 0.006 -25"><span class='ocrx_word' id='word_1_749' title='bbox 389 5426 533 5496; x_wconf 37' lang='lat' dir='ltr'><strong>alias.</strong></span> <span class='ocrx_word' id='word_1_750' title='bbox 578 5454 909 5514; x_wconf 88' lang='lat' dir='ltr'><strong>apparuerat</strong></span> <span class='ocrx_word' id='word_1_751' title='bbox 958 5446 1102 5503; x_wconf 89' lang='lat' dir='ltr'><strong>Deus</strong></span> <span class='ocrx_word' id='word_1_752' title='bbox 1146 5447 1273 5502; x_wconf 66' lang='lat' dir='ltr'><strong>Adae</strong></span> <span class='ocrx_word' id='word_1_753' title='bbox 1314 5458 1368 5503; x_wconf 89' lang='lat' dir='ltr'><strong>et</strong></span> <span class='ocrx_word' id='word_1_754' title='bbox 1404 5448 1525 5504; x_wconf 71' lang='lat' dir='ltr'><strong>Erae</strong></span> <span class='ocrx_word' id='word_1_755' title='bbox 1566 5466 1578 5502; x_wconf 91' lang='lat'><strong>:</strong></span> <span class='ocrx_word' id='word_1_756' title='bbox 1618 5449 1795 5519; x_wconf 87' lang='lat' dir='ltr'><strong>primo</strong></span> <span class='ocrx_word' id='word_1_757' title='bbox 1835 5465 1957 5505; x_wconf 91' lang='lat' dir='ltr'><strong>cum</strong></span> 
     </span>
    </p>
   </div>
   <div class='ocr_carea' id='block_1_102' title="bbox 390 5535 1958 5613">
    <p class='ocr_par' dir='ltr' id='par_1_102' title="bbox 390 5535 1958 5613">
     <span class='ocr_line' id='line_1_102' title="bbox 390 5535 1958 5613; baseline 0.006 -25"><span class='ocrx_word' id='word_1_758' title='bbox 390 5535 664 5590; x_wconf 80' lang='lat' dir='ltr'><strong>Adamum</strong></span> <span class='ocrx_word' id='word_1_759' title='bbox 719 5536 1023 5603; x_wconf 89' lang='lat' dir='ltr'><strong>conderet,</strong></span> <span class='ocrx_word' id='word_1_760' title='bbox 1086 5540 1498 5604; x_wconf 86' lang='lat' dir='ltr'><strong>conformaret,</strong></span> <span class='ocrx_word' id='word_1_761' title='bbox 1567 5553 1958 5613; x_wconf 86' lang='lat' dir='ltr'><strong>componeret,</strong></span> 
     </span>
    </p>
   </div>
   <div class='ocr_carea' id='block_1_103' title="bbox 389 5626 1959 5705">
    <p class='ocr_par' dir='ltr' id='par_1_103' title="bbox 389 5626 1959 5705">
     <span class='ocr_line' id='line_1_103' title="bbox 389 5626 1959 5705; baseline 0.007 -28"><span class='ocrx_word' id='word_1_762' title='bbox 389 5626 658 5694; x_wconf 73' lang='lat' dir='ltr'><strong>erigeret;</strong></span> <span class='ocrx_word' id='word_1_763' title='bbox 706 5628 971 5696; x_wconf 82' lang='lat' dir='ltr'><strong>secundo,</strong></span> <span class='ocrx_word' id='word_1_764' title='bbox 1028 5646 1151 5685; x_wconf 89' lang='lat' dir='ltr'><strong>eum</strong></span> <span class='ocrx_word' id='word_1_765' title='bbox 1194 5630 1308 5701; x_wconf 78' lang='lat' dir='ltr'><strong>lege</strong></span> <span class='ocrx_word' id='word_1_766' title='bbox 1351 5632 1611 5700; x_wconf 83' lang='lat' dir='ltr'><strong>imperata</strong></span> <span class='ocrx_word' id='word_1_767' title='bbox 1646 5644 1959 5705; x_wconf 18' lang='lat' dir='ltr'><strong>vetaret‘nc</strong></span> 
     </span>
    </p>
   </div>
   <div class='ocr_carea' id='block_1_104' title="bbox 395 5721 1956 5791">
    <p class='ocr_par' dir='ltr' id='par_1_104' title="bbox 395 5721 1956 5791">
     <span class='ocr_line' id='line_1_104' title="bbox 395 5721 1956 5791; baseline 0.006 -20"><span class='ocrx_word' id='word_1_768' title='bbox 395 5722 461 5773; x_wconf 83' lang='lat' dir='ltr'><strong>de</strong></span> <span class='ocrx_word' id='word_1_769' title='bbox 494 5721 687 5777; x_wconf 88' lang='lat' dir='ltr'><strong>arbore</strong></span> <span class='ocrx_word' id='word_1_770' title='bbox 718 5721 1045 5791; x_wconf 75' lang='lat' dir='ltr'><strong>cognitionis</strong></span> <span class='ocrx_word' id='word_1_771' title='bbox 1083 5723 1298 5788; x_wconf 81' lang='lat' dir='ltr'><strong>ederet;</strong></span> <span class='ocrx_word' id='word_1_772' title='bbox 1335 5726 1493 5777; x_wconf 82' lang='lat' dir='ltr'><strong>tertio</strong></span> <span class='ocrx_word' id='word_1_773' title='bbox 1525 5740 1644 5777; x_wconf 87' lang='lat' dir='ltr'><strong>cum</strong></span> <span class='ocrx_word' id='word_1_774' title='bbox 1680 5724 1840 5779; x_wconf 86' lang='lat' dir='ltr'><strong>Evam</strong></span> <span class='ocrx_word' id='word_1_775' title='bbox 1884 5727 1956 5782; x_wconf 90' lang='lat' dir='ltr'><strong>illi</strong></span> 
     </span>
    </p>
   </div>
   <div class='ocr_carea' id='block_1_105' title="bbox 2063 4530 3631 4600">
    <p class='ocr_par' dir='ltr' id='par_1_105' title="bbox 2063 4530 3631 4600">
     <span class='ocr_line' id='line_1_105' title="bbox 2063 4530 3631 4600; baseline 0 -14"><span class='ocrx_word' id='word_1_776' title='bbox 2063 4530 2457 4600; x_wconf 85' lang='lat' dir='ltr'><strong>explicabimus</strong></span> <span class='ocrx_word' id='word_1_777' title='bbox 2499 4532 2809 4587; x_wconf 80' lang='lat' dir='ltr'><strong>dilucidius.</strong></span> <span class='ocrx_word' id='word_1_778' title='bbox 2857 4531 2927 4587; x_wconf 82' lang='lat' dir='ltr'><strong>Et</strong></span> <span class='ocrx_word' id='word_1_779' title='bbox 2974 4532 3343 4586; x_wconf 84' lang='lat' dir='ltr'><strong>occultabalur</strong></span> <span class='ocrx_word' id='word_1_780' title='bbox 3377 4532 3550 4586; x_wconf 84' lang='lat' dir='ltr'><strong>Adam</strong></span> <span class='ocrx_word' id='word_1_781' title='bbox 3582 4544 3631 4587; x_wconf 73' lang='lat' dir='ltr'><strong>et</strong></span> 
     </span>
    </p>
   </div>
   <div class='ocr_carea' id='block_1_106' title="bbox 2062 4622 3630 4692">
    <p class='ocr_par' dir='ltr' id='par_1_106' title="bbox 2062 4622 3630 4692">
     <span class='ocr_line' id='line_1_106' title="bbox 2062 4622 3630 4692; baseline 0.001 -15"><span class='ocrx_word' id='word_1_782' title='bbox 2062 4637 2202 4677; x_wconf 70' lang='lat' dir='ltr'><strong>uxor</strong></span> <span class='ocrx_word' id='word_1_783' title='bbox 2238 4623 2405 4690; x_wconf 76' lang='lat' dir='ltr'><strong>ipsius</strong></span> <span class='ocrx_word' id='word_1_784' title='bbox 2455 4640 2486 4676; x_wconf 86' lang='lat' dir='ltr'><strong>a</strong></span> <span class='ocrx_word' id='word_1_785' title='bbox 2534 4633 2810 4692; x_wconf 77' lang='lat' dir='ltr'><strong>conspectu</strong></span> <span class='ocrx_word' id='word_1_786' title='bbox 2855 4622 3068 4677; x_wconf 80' lang='lat' dir='ltr'><strong>Domini</strong></span> <span class='ocrx_word' id='word_1_787' title='bbox 3108 4623 3206 4677; x_wconf 77' lang='lat' dir='ltr'><strong>Dei</strong></span> <span class='ocrx_word' id='word_1_788' title='bbox 3247 4626 3385 4677; x_wconf 81' lang='lat' dir='ltr'><strong>inter</strong></span> <span class='ocrx_word' id='word_1_789' title='bbox 3419 4624 3630 4679; x_wconf 80' lang='lat' dir='ltr'><strong>arbores</strong></span> 
     </span>
    </p>
   </div>
   <div class='ocr_carea' id='block_1_107' title="bbox 2062 4710 3629 4785">
    <p class='ocr_par' dir='ltr' id='par_1_107' title="bbox 2062 4710 3629 4785">
     <span class='ocr_line' id='line_1_107' title="bbox 2062 4710 3629 4785; baseline 0.003 -20"><span class='ocrx_word' id='word_1_790' title='bbox 2062 4710 2326 4782; x_wconf 82' lang='lat' dir='ltr'><strong>paradisi.</strong></span> <span class='ocrx_word' id='word_1_791' title='bbox 2373 4712 2676 4784; x_wconf 75' lang='lat' dir='ltr'><strong>Fugiebant</strong></span> <span class='ocrx_word' id='word_1_792' title='bbox 2719 4715 2880 4785; x_wconf 82' lang='lat' dir='ltr'><strong>igitur</strong></span> <span class='ocrx_word' id='word_1_793' title='bbox 2932 4725 3046 4768; x_wconf 89' lang='lat' dir='ltr'><strong>tum</strong></span> <span class='ocrx_word' id='word_1_794' title='bbox 3079 4729 3107 4766; x_wconf 93' lang='lat' dir='ltr'><strong>a</strong></span> <span class='ocrx_word' id='word_1_795' title='bbox 3165 4713 3274 4769; x_wconf 85' lang='lat' dir='ltr'><strong>Deo</strong></span> <span class='ocrx_word' id='word_1_796' title='bbox 3318 4715 3411 4785; x_wconf 88' lang='lat' dir='ltr'><strong>qui</strong></span> <span class='ocrx_word' id='word_1_797' title='bbox 3444 4732 3629 4771; x_wconf 89' lang='lat' dir='ltr'><strong>vocem</strong></span> 
     </span>
    </p>
   </div>
   <div class='ocr_carea' id='block_1_108' title="bbox 2067 4805 3630 4876">
    <p class='ocr_par' dir='ltr' id='par_1_108' title="bbox 2067 4805 3630 4876">
     <span class='ocr_line' id='line_1_108' title="bbox 2067 4805 3630 4876; baseline 0.004 -18"><span class='ocrx_word' id='word_1_798' title='bbox 2067 4805 2316 4861; x_wconf 87' lang='lat' dir='ltr'><strong>incessus</strong></span> <span class='ocrx_word' id='word_1_799' title='bbox 2351 4806 2459 4867; x_wconf 88' lang='lat' dir='ltr'><strong>sui,</strong></span> <span class='ocrx_word' id='word_1_800' title='bbox 2498 4806 2739 4876; x_wconf 90' lang='lat' dir='ltr'><strong>ipsorum</strong></span> <span class='ocrx_word' id='word_1_801' title='bbox 2775 4807 3003 4861; x_wconf 87' lang='lat' dir='ltr'><strong>auribus</strong></span> <span class='ocrx_word' id='word_1_802' title='bbox 3047 4807 3374 4876; x_wconf 74' lang='lat' dir='ltr'><strong>ingesserat;</strong></span> <span class='ocrx_word' id='word_1_803' title='bbox 3416 4816 3528 4862; x_wconf 91' lang='lat' dir='ltr'><strong>tum</strong></span> <span class='ocrx_word' id='word_1_804' title='bbox 3562 4811 3630 4864; x_wconf 88' lang='lat' dir='ltr'><strong>ab</strong></span> 
     </span>
    </p>
   </div>
   <div class='ocr_carea' id='block_1_109' title="bbox 2063 4896 3630 4966">
    <p class='ocr_par' dir='ltr' id='par_1_109' title="bbox 2063 4896 3630 4966">
     <span class='ocr_line' id='line_1_109' title="bbox 2063 4896 3630 4966; baseline 0.003 -17"><span class='ocrx_word' id='word_1_805' title='bbox 2063 4896 2259 4950; x_wconf 89' lang='lat' dir='ltr'><strong>arbore</strong></span> <span class='ocrx_word' id='word_1_806' title='bbox 2311 4896 2379 4951; x_wconf 89' lang='lat' dir='ltr'><strong>de</strong></span> <span class='ocrx_word' id='word_1_807' title='bbox 2430 4911 2539 4966; x_wconf 83' lang='lat' dir='ltr'><strong>qua</strong></span> <span class='ocrx_word' id='word_1_808' title='bbox 2586 4896 2834 4965; x_wconf 86' lang='lat' dir='ltr'><strong>improbe</strong></span> <span class='ocrx_word' id='word_1_809' title='bbox 2875 4897 3124 4961; x_wconf 85' lang='lat' dir='ltr'><strong>ederant,</strong></span> <span class='ocrx_word' id='word_1_810' title='bbox 3183 4907 3346 4966; x_wconf 89' lang='lat' dir='ltr'><strong>atque</strong></span> <span class='ocrx_word' id='word_1_811' title='bbox 3398 4898 3451 4952; x_wconf 90' lang='lat' dir='ltr'><strong>in</strong></span> <span class='ocrx_word' id='word_1_812' title='bbox 3494 4900 3630 4954; x_wconf 87' lang='lat' dir='ltr'><strong>locis</strong></span> 
     </span>
    </p>
   </div>
   <div class='ocr_carea' id='block_1_110' title="bbox 2064 4986 3628 5059">
    <p class='ocr_par' dir='ltr' id='par_1_110' title="bbox 2064 4986 3628 5059">
     <span class='ocr_line' id='line_1_110' title="bbox 2064 4986 3628 5059; baseline 0.001 -17"><span class='ocrx_word' id='word_1_813' title='bbox 2064 4986 2252 5044; x_wconf 90' lang='lat' dir='ltr'><strong>densis</strong></span> <span class='ocrx_word' id='word_1_814' title='bbox 2323 4988 2811 5058; x_wconf 84' lang='lat' dir='ltr'><strong>frequentibusque</strong></span> <span class='ocrx_word' id='word_1_815' title='bbox 2880 4989 3053 5044; x_wconf 86' lang='lat' dir='ltr'><strong>multa</strong></span> <span class='ocrx_word' id='word_1_816' title='bbox 3120 4990 3378 5059; x_wconf 88' lang='lat' dir='ltr'><strong>variaque</strong></span> <span class='ocrx_word' id='word_1_817' title='bbox 3439 4989 3628 5044; x_wconf 88' lang='lat' dir='ltr'><strong>arbore</strong></span> 
     </span>
    </p>
   </div>
   <div class='ocr_carea' id='block_1_111' title="bbox 2063 5080 3627 5151">
    <p class='ocr_par' dir='ltr' id='par_1_111' title="bbox 2063 5080 3627 5151">
     <span class='ocr_line' id='line_1_111' title="bbox 2063 5080 3627 5151; baseline -0.001 -18"><span class='ocrx_word' id='word_1_818' title='bbox 2063 5080 2471 5136; x_wconf 90' lang='lat' dir='ltr'><strong>abscondebant</strong></span> <span class='ocrx_word' id='word_1_819' title='bbox 2535 5095 2613 5145; x_wconf 88' lang='lat' dir='ltr'><strong>se,</strong></span> <span class='ocrx_word' id='word_1_820' title='bbox 2669 5080 2933 5134; x_wconf 90' lang='lat' dir='ltr'><strong>nimirum</strong></span> <span class='ocrx_word' id='word_1_821' title='bbox 2982 5080 3109 5151; x_wconf 89' lang='lat' dir='ltr'><strong>quia</strong></span> <span class='ocrx_word' id='word_1_822' title='bbox 3160 5089 3215 5136; x_wconf 94' lang='lat' dir='ltr'><strong>et</strong></span> <span class='ocrx_word' id='word_1_823' title='bbox 3273 5080 3477 5150; x_wconf 90' lang='lat' dir='ltr'><strong>peccati</strong></span> <span class='ocrx_word' id='word_1_824' title='bbox 3524 5080 3627 5135; x_wconf 89' lang='lat' dir='ltr'><strong>sibi</strong></span> 
     </span>
    </p>
   </div>
   <div class='ocr_carea' id='block_1_112' title="bbox 2065 5172 3627 5243">
    <p class='ocr_par' dir='ltr' id='par_1_112' title="bbox 2065 5172 3627 5243">
     <span class='ocr_line' id='line_1_112' title="bbox 2065 5172 3627 5243; baseline 0.001 -17"><span class='ocrx_word' id='word_1_825' title='bbox 2065 5172 2274 5228; x_wconf 90' lang='lat' dir='ltr'><strong>conscii</strong></span> <span class='ocrx_word' id='word_1_826' title='bbox 2326 5180 2479 5227; x_wconf 88' lang='lat' dir='ltr'><strong>erant</strong></span> <span class='ocrx_word' id='word_1_827' title='bbox 2533 5183 2587 5226; x_wconf 89' lang='lat' dir='ltr'><strong>et</strong></span> <span class='ocrx_word' id='word_1_828' title='bbox 2641 5173 2795 5237; x_wconf 92' lang='lat' dir='ltr'><strong>nudi,</strong></span> <span class='ocrx_word' id='word_1_829' title='bbox 2859 5174 2964 5228; x_wconf 88' lang='lat' dir='ltr'><strong>hoc</strong></span> <span class='ocrx_word' id='word_1_830' title='bbox 3009 5182 3113 5238; x_wconf 88' lang='lat' dir='ltr'><strong>est,</strong></span> <span class='ocrx_word' id='word_1_831' title='bbox 3158 5172 3285 5243; x_wconf 87' lang='lat' dir='ltr'><strong>quia</strong></span> <span class='ocrx_word' id='word_1_832' title='bbox 3336 5173 3627 5228; x_wconf 84' lang='lat' dir='ltr'><strong>horrebant</strong></span> 
     </span>
    </p>
   </div>
   <div class='ocr_carea' id='block_1_113' title="bbox 2063 5263 3623 5337">
    <p class='ocr_par' dir='ltr' id='par_1_113' title="bbox 2063 5263 3623 5337">
     <span class='ocr_line' id='line_1_113' title="bbox 2063 5263 3623 5337; baseline -0.002 -16"><span class='ocrx_word' id='word_1_833' title='bbox 2063 5276 2411 5336; x_wconf 86' lang='lat' dir='ltr'><strong>conspectum</strong></span> <span class='ocrx_word' id='word_1_834' title='bbox 2444 5265 2558 5326; x_wconf 90' lang='lat' dir='ltr'><strong>Dei.</strong></span> <span class='ocrx_word' id='word_1_835' title='bbox 2584 5274 2639 5319; x_wconf 84' lang='lat' dir='ltr'><strong>et</strong></span> <span class='ocrx_word' id='word_1_836' title='bbox 2671 5267 2796 5337; x_wconf 86' lang='lat' dir='ltr'><strong>quia</strong></span> <span class='ocrx_word' id='word_1_837' title='bbox 2832 5266 3363 5323; x_wconf 81' lang='lat' dir='ltr'><strong>verecundabantur.</strong></span> <span class='ocrx_word' id='word_1_838' title='bbox 3391 5263 3456 5318; x_wconf 87' lang='lat' dir='ltr'><strong>Et</strong></span> <span class='ocrx_word' id='word_1_839' title='bbox 3477 5280 3623 5318; x_wconf 79' lang='lat' dir='ltr'><strong>voca-</strong></span> 
     </span>
    </p>
   </div>
   <div class='ocr_carea' id='block_1_114' title="bbox 2065 5355 3628 5412">
    <p class='ocr_par' dir='ltr' id='par_1_114' title="bbox 2065 5355 3628 5412">
     <span class='ocr_line' id='line_1_114' title="bbox 2065 5355 3628 5412; baseline -0.003 -1"><span class='ocrx_word' id='word_1_840' title='bbox 2065 5360 2153 5411; x_wconf 84' lang='lat' dir='ltr'><strong>bat</strong></span> <span class='ocrx_word' id='word_1_841' title='bbox 2219 5358 2472 5411; x_wconf 81' lang='lat' dir='ltr'><strong>Dominus</strong></span> <span class='ocrx_word' id='word_1_842' title='bbox 2535 5358 2673 5412; x_wconf 79' lang='lat' dir='ltr'><strong>Deus</strong></span> <span class='ocrx_word' id='word_1_843' title='bbox 2728 5358 2993 5412; x_wconf 78' lang='lat' dir='ltr'><strong>Adamum</strong></span> <span class='ocrx_word' id='word_1_844' title='bbox 3043 5368 3092 5411; x_wconf 84' lang='lat' dir='ltr'><strong>et</strong></span> <span class='ocrx_word' id='word_1_845' title='bbox 3123 5356 3329 5410; x_wconf 82' lang='lat' dir='ltr'><strong>dicebat</strong></span> <span class='ocrx_word' id='word_1_846' title='bbox 3378 5358 3423 5411; x_wconf 81' lang='lat' dir='ltr'><strong>ei</strong></span> <span class='ocrx_word' id='word_1_847' title='bbox 3462 5372 3481 5411; x_wconf 91' lang='lat'><em>:</em></span> <span class='ocrx_word' id='word_1_848' title='bbox 3531 5355 3628 5412; x_wconf 80' lang='lat' dir='ltr'><strong>Ubi</strong></span> 
     </span>
    </p>
   </div>
   <div class='ocr_carea' id='block_1_115' title="bbox 2064 5447 3626 5518">
    <p class='ocr_par' dir='ltr' id='par_1_115' title="bbox 2064 5447 3626 5518">
     <span class='ocr_line' id='line_1_115' title="bbox 2064 5447 3626 5518; baseline 0 -14"><span class='ocrx_word' id='word_1_849' title='bbox 2064 5468 2116 5504; x_wconf 77' lang='lat' dir='ltr'><strong>es</strong></span> <span class='ocrx_word' id='word_1_850' title='bbox 2158 5450 2367 5504; x_wconf 82' lang='lat' dir='ltr'><strong>Adam?</strong></span> <span class='ocrx_word' id='word_1_851' title='bbox 2403 5448 2522 5503; x_wconf 83' lang='lat' dir='ltr'><strong>Jam</strong></span> <span class='ocrx_word' id='word_1_852' title='bbox 2558 5448 2799 5504; x_wconf 81' lang='lat' dir='ltr'><strong>diximus</strong></span> <span class='ocrx_word' id='word_1_853' title='bbox 2839 5456 3128 5518; x_wconf 75' lang='lat' dir='ltr'><strong>corporata</strong></span> <span class='ocrx_word' id='word_1_854' title='bbox 3176 5456 3339 5517; x_wconf 88' lang='lat' dir='ltr'><strong>atque</strong></span> <span class='ocrx_word' id='word_1_855' title='bbox 3394 5447 3626 5503; x_wconf 82' lang='lat' dir='ltr'><strong>humana</strong></span> 
     </span>
    </p>
   </div>
   <div class='ocr_carea' id='block_1_116' title="bbox 2065 5539 3626 5611">
    <p class='ocr_par' dir='ltr' id='par_1_116' title="bbox 2065 5539 3626 5611">
     <span class='ocr_line' id='line_1_116' title="bbox 2065 5539 3626 5611; baseline 0 -16"><span class='ocrx_word' id='word_1_856' title='bbox 2065 5543 2235 5611; x_wconf 83' lang='lat' dir='ltr'><strong>ﬁgura</strong></span> <span class='ocrx_word' id='word_1_857' title='bbox 2283 5543 2448 5597; x_wconf 90' lang='lat' dir='ltr'><strong>Deum</strong></span> <span class='ocrx_word' id='word_1_858' title='bbox 2507 5543 2592 5597; x_wconf 88' lang='lat' dir='ltr'><strong>hic</strong></span> <span class='ocrx_word' id='word_1_859' title='bbox 2639 5540 2957 5609; x_wconf 81' lang='lat' dir='ltr'><strong>apparuisse</strong></span> <span class='ocrx_word' id='word_1_860' title='bbox 3016 5539 3207 5607; x_wconf 87' lang='lat' dir='ltr'><strong>primis</strong></span> <span class='ocrx_word' id='word_1_861' title='bbox 3270 5540 3626 5608; x_wconf 84' lang='lat' dir='ltr'><strong>parentibus,</strong></span> 
     </span>
    </p>
   </div>
   <div class='ocr_carea' id='block_1_117' title="bbox 2067 5629 3625 5705">
    <p class='ocr_par' dir='ltr' id='par_1_117' title="bbox 2067 5629 3625 5705">
     <span class='ocr_line' id='line_1_117' title="bbox 2067 5629 3625 5705; baseline 0.001 -20"><span class='ocrx_word' id='word_1_862' title='bbox 2067 5636 2321 5705; x_wconf 87' lang='lat' dir='ltr'><strong>ipsosque</strong></span> <span class='ocrx_word' id='word_1_863' title='bbox 2388 5649 2519 5688; x_wconf 87' lang='lat' dir='ltr'><strong>voce</strong></span> <span class='ocrx_word' id='word_1_864' title='bbox 2568 5646 2691 5702; x_wconf 79' lang='lat' dir='ltr'><strong>quae</strong></span> <span class='ocrx_word' id='word_1_865' title='bbox 2742 5629 2997 5683; x_wconf 85' lang='lat' dir='ltr'><strong>audiendi</strong></span> <span class='ocrx_word' id='word_1_866' title='bbox 3051 5644 3273 5682; x_wconf 87' lang='lat' dir='ltr'><strong>sensum</strong></span> <span class='ocrx_word' id='word_1_867' title='bbox 3339 5633 3625 5697; x_wconf 78' lang='lat' dir='ltr'><strong>movebat,</strong></span> 
     </span>
    </p>
   </div>
   <div class='ocr_carea' id='block_1_118' title="bbox 2064 5721 3607 5796">
    <p class='ocr_par' dir='ltr' id='par_1_118' title="bbox 2064 5721 3607 5796">
     <span class='ocr_line' id='line_1_118' title="bbox 2064 5721 3607 5796; baseline -0.005 -15"><span class='ocrx_word' id='word_1_868' title='bbox 2064 5726 2442 5796; x_wconf 81' lang='lat' dir='ltr'><strong>compcllassc.</strong></span> <span class='ocrx_word' id='word_1_869' title='bbox 2496 5724 2641 5779; x_wconf 84' lang='lat' dir='ltr'><strong>Solet</strong></span> <span class='ocrx_word' id='word_1_870' title='bbox 2690 5732 2873 5775; x_wconf 88' lang='lat' dir='ltr'><strong>autem</strong></span> <span class='ocrx_word' id='word_1_871' title='bbox 2927 5722 3132 5775; x_wconf 81' lang='lat' dir='ltr'><strong>dictum</strong></span> <span class='ocrx_word' id='word_1_872' title='bbox 3189 5721 3321 5777; x_wconf 87' lang='lat' dir='ltr'><strong>illud</strong></span> <span class='ocrx_word' id='word_1_873' title='bbox 3361 5743 3371 5777; x_wconf 91' lang='lat'>:</span> <span class='ocrx_word' id='word_1_874' title='bbox 3415 5723 3510 5777; x_wconf 75' lang='lat' dir='ltr'><strong>Ubi</strong></span> <span class='ocrx_word' id='word_1_875' title='bbox 3554 5739 3607 5775; x_wconf 76' lang='lat' dir='ltr'><strong>es</strong></span> 
     </span>
    </p>
   </div>
  </div>
