  <div class='ocr_page' id='page_1' title='image "/cluster/home/n/w/nwhite01/storage/ocr_20150623/111/hvd.32044073502288/303.png"; bbox 0 0 4100 6212; ppageno 0'>
   <div class='ocr_carea' id='block_1_1' title="bbox 446 302 550 362">
    <p class='ocr_par' dir='ltr' id='par_1_1' title="bbox 446 302 550 362">
     <span class='ocr_line' id='line_1_1' title="bbox 446 302 550 362; baseline 0.01 -1"><span class='ocrx_word' id='word_1_1' title='bbox 446 302 550 362; x_wconf 74' lang='grc'><strong>563</strong></span> 
     </span>
    </p>
   </div>
   <div class='ocr_carea' id='block_1_2' title="bbox 1714 290 2424 357">
    <p class='ocr_par' dir='ltr' id='par_1_2' title="bbox 1714 290 2424 357">
     <span class='ocr_line' id='line_1_2' title="bbox 1714 290 2424 357; baseline -0.01 0"><span class='ocrx_word' id='word_1_2' title='bbox 1714 293 1945 357; x_wconf 80' lang='lat' dir='ltr'><strong>MOSIS</strong></span> <span class='ocrx_word' id='word_1_3' title='bbox 1982 293 2135 353; x_wconf 73' lang='grc' dir='ltr'><strong>ΒΑΗ</strong></span> <span class='ocrx_word' id='word_1_4' title='bbox 2172 290 2424 354; x_wconf 80' lang='lat' dir='ltr'><strong>GEPHA-</strong></span> 
     </span>
    </p>
   </div>
   <div class='ocr_carea' id='block_1_3' title="bbox 3593 272 3700 339">
    <p class='ocr_par' dir='ltr' id='par_1_3' title="bbox 3593 272 3700 339">
     <span class='ocr_line' id='line_1_3' title="bbox 3593 272 3700 339; baseline -0.019 0"><span class='ocrx_word' id='word_1_5' title='bbox 3593 272 3700 339; x_wconf 61' lang='lat'><strong>564</strong></span> 
     </span>
    </p>
   </div>
   <div class='ocr_carea' id='block_1_4' title="bbox 448 384 3699 478">
    <p class='ocr_par' dir='ltr' id='par_1_4' title="bbox 448 384 3699 478">
     <span class='ocr_line' id='line_1_4' title="bbox 448 384 3699 478; baseline -0.007 -14"><span class='ocrx_word' id='word_1_6' title='bbox 448 407 635 464; x_wconf 85' lang='lat' dir='ltr'><strong>multis</strong></span> <span class='ocrx_word' id='word_1_7' title='bbox 675 407 928 478; x_wconf 82' lang='lat' dir='ltr'><strong>usurpari</strong></span> <span class='ocrx_word' id='word_1_8' title='bbox 964 407 1170 475; x_wconf 81' lang='lat' dir='ltr'><strong>modis;</strong></span> <span class='ocrx_word' id='word_1_9' title='bbox 1219 422 1342 463; x_wconf 91' lang='lat' dir='ltr'><strong>nam</strong></span> <span class='ocrx_word' id='word_1_10' title='bbox 1384 412 1489 469; x_wconf 82' lang='lat' dir='ltr'><strong>est,</strong></span> <span class='ocrx_word' id='word_1_11' title='bbox 1516 402 1738 473; x_wconf 79' lang='lat' dir='ltr'><strong>quando</strong></span> <span class='ocrx_word' id='word_1_12' title='bbox 1763 402 1857 472; x_wconf 91' lang='lat' dir='ltr'><strong>qui</strong></span> <span class='ocrx_word' id='word_1_13' title='bbox 1909 416 2009 456; x_wconf 71' lang='lat' dir='ltr'><strong>ne.</strong></span> <span class='ocrx_word' id='word_1_14' title='bbox 2042 404 2088 461; x_wconf 75' lang='grc' dir='ltr'>Α</span> <span class='ocrx_word' id='word_1_15' title='bbox 2117 400 2214 465; x_wconf 86' lang='lat' dir='ltr'><strong>sis,</strong></span> <span class='ocrx_word' id='word_1_16' title='bbox 2257 413 2333 454; x_wconf 84' lang='lat' dir='ltr'><strong>an</strong></span> <span class='ocrx_word' id='word_1_17' title='bbox 2367 397 2470 454; x_wconf 88' lang='lat' dir='ltr'><strong>sub</strong></span> <span class='ocrx_word' id='word_1_18' title='bbox 2500 394 2731 465; x_wconf 89' lang='lat' dir='ltr'><strong>imperio</strong></span> <span class='ocrx_word' id='word_1_19' title='bbox 2765 406 2827 448; x_wconf 87' lang='lat' dir='ltr'><strong>es</strong></span> <span class='ocrx_word' id='word_1_20' title='bbox 2877 390 3021 461; x_wconf 90' lang='lat' dir='ltr'><strong>quod</strong></span> <span class='ocrx_word' id='word_1_21' title='bbox 3060 388 3154 444; x_wconf 90' lang='lat' dir='ltr'><strong>ille</strong></span> <span class='ocrx_word' id='word_1_22' title='bbox 3182 388 3281 444; x_wconf 91' lang='lat' dir='ltr'><strong>tibi</strong></span> <span class='ocrx_word' id='word_1_23' title='bbox 3316 384 3536 442; x_wconf 85' lang='lat' dir='ltr'><strong>minime</strong></span> <span class='ocrx_word' id='word_1_24' title='bbox 3558 403 3699 456; x_wconf 69' lang='lat' dir='ltr'><strong>pne-</strong></span> 
     </span>
    </p>
   </div>
   <div class='ocr_carea' id='block_1_5' title="bbox 445 493 2013 570">
    <p class='ocr_par' dir='ltr' id='par_1_5' title="bbox 445 493 2013 570">
     <span class='ocr_line' id='line_1_5' title="bbox 445 493 2013 570; baseline -0.008 -13"><span class='ocrx_word' id='word_1_25' title='bbox 445 500 551 557; x_wconf 83' lang='lat' dir='ltr'><strong>scit</strong></span> <span class='ocrx_word' id='word_1_26' title='bbox 580 500 671 553; x_wconf 90' lang='lat' dir='ltr'><strong>ubi</strong></span> <span class='ocrx_word' id='word_1_27' title='bbox 709 501 755 555; x_wconf 82' lang='lat' dir='ltr'><strong>is</strong></span> <span class='ocrx_word' id='word_1_28' title='bbox 789 502 861 555; x_wconf 97' lang='lat' dir='ltr'><strong>sit</strong></span> <span class='ocrx_word' id='word_1_29' title='bbox 889 512 1057 570; x_wconf 87' lang='lat' dir='ltr'><strong>quem</strong></span> <span class='ocrx_word' id='word_1_30' title='bbox 1082 508 1242 555; x_wconf 88' lang='lat' dir='ltr'><strong>vocat</strong></span> <span class='ocrx_word' id='word_1_31' title='bbox 1269 498 1421 557; x_wconf 88' lang='lat' dir='ltr'><strong>dicit.</strong></span> <span class='ocrx_word' id='word_1_32' title='bbox 1462 496 1563 550; x_wconf 85' lang='lat' dir='ltr'><strong>Ubi</strong></span> <span class='ocrx_word' id='word_1_33' title='bbox 1597 496 1694 549; x_wconf 77' lang='lat' dir='ltr'><strong>es?</strong></span> <span class='ocrx_word' id='word_1_34' title='bbox 1723 494 1825 548; x_wconf 85' lang='lat' dir='ltr'><strong>Est</strong></span> <span class='ocrx_word' id='word_1_35' title='bbox 1850 493 2013 547; x_wconf 88' lang='lat' dir='ltr'><strong>etiam</strong></span> 
     </span>
    </p>
   </div>
   <div class='ocr_carea' id='block_1_6' title="bbox 446 583 2020 661">
    <p class='ocr_par' dir='ltr' id='par_1_6' title="bbox 446 583 2020 661">
     <span class='ocr_line' id='line_1_6' title="bbox 446 583 2020 661; baseline -0.005 -16"><span class='ocrx_word' id='word_1_36' title='bbox 446 608 572 645; x_wconf 84' lang='lat' dir='ltr'><strong>cum</strong></span> <span class='ocrx_word' id='word_1_37' title='bbox 617 592 711 661; x_wconf 87' lang='lat' dir='ltr'><strong>qui</strong></span> <span class='ocrx_word' id='word_1_38' title='bbox 762 592 997 646; x_wconf 78' lang='lat' dir='ltr'><strong>alterunt</strong></span> <span class='ocrx_word' id='word_1_39' title='bbox 1029 591 1368 657; x_wconf 70' lang='lat' dir='ltr'><strong>interrogat:</strong></span> <span class='ocrx_word' id='word_1_40' title='bbox 1424 587 1651 643; x_wconf 69' lang='lat' dir='ltr'><strong>Ubios!</strong></span> <span class='ocrx_word' id='word_1_41' title='bbox 1691 583 1808 639; x_wconf 85' lang='lat' dir='ltr'><strong>Non</strong></span> <span class='ocrx_word' id='word_1_42' title='bbox 1846 586 2020 638; x_wconf 91' lang='lat' dir='ltr'><strong>nescit</strong></span> 
     </span>
    </p>
   </div>
   <div class='ocr_carea' id='block_1_7' title="bbox 447 678 2020 750">
    <p class='ocr_par' dir='ltr' id='par_1_7' title="bbox 447 678 2020 750">
     <span class='ocr_line' id='line_1_7' title="bbox 447 678 2020 750; baseline -0.005 -11"><span class='ocrx_word' id='word_1_43' title='bbox 447 687 537 739; x_wconf 91' lang='lat' dir='ltr'><strong>ubi</strong></span> <span class='ocrx_word' id='word_1_44' title='bbox 588 688 835 740; x_wconf 84' lang='lat' dir='ltr'><strong>locorum</strong></span> <span class='ocrx_word' id='word_1_45' title='bbox 885 686 995 744; x_wconf 81' lang='lat' dir='ltr'><strong>sit:</strong></span> <span class='ocrx_word' id='word_1_46' title='bbox 1054 684 1229 738; x_wconf 78' lang='lat' dir='ltr'><strong>veluti</strong></span> <span class='ocrx_word' id='word_1_47' title='bbox 1275 697 1398 736; x_wconf 92' lang='lat' dir='ltr'><strong>cum</strong></span> <span class='ocrx_word' id='word_1_48' title='bbox 1466 682 1703 750; x_wconf 74' lang='lat' dir='ltr'><strong>aliquem</strong></span> <span class='ocrx_word' id='word_1_49' title='bbox 1752 678 1944 749; x_wconf 88' lang='lat' dir='ltr'><strong>procul</strong></span> <span class='ocrx_word' id='word_1_50' title='bbox 1989 692 2020 731; x_wconf 85' lang='lat' dir='ltr'><strong>a</strong></span> 
     </span>
    </p>
   </div>
   <div class='ocr_carea' id='block_1_8' title="bbox 447 772 2020 847">
    <p class='ocr_par' dir='ltr' id='par_1_8' title="bbox 447 772 2020 847">
     <span class='ocr_line' id='line_1_8' title="bbox 447 772 2020 847; baseline -0.006 -15"><span class='ocrx_word' id='word_1_51' title='bbox 447 779 608 833; x_wconf 88' lang='lat' dir='ltr'><strong>nobis</strong></span> <span class='ocrx_word' id='word_1_52' title='bbox 645 786 919 847; x_wconf 80' lang='lat' dir='ltr'><strong>agentem,</strong></span> <span class='ocrx_word' id='word_1_53' title='bbox 965 777 1124 844; x_wconf 71' lang='lat' dir='ltr'><strong>cuius</strong></span> <span class='ocrx_word' id='word_1_54' title='bbox 1167 789 1330 845; x_wconf 85' lang='lat' dir='ltr'><strong>opera</strong></span> <span class='ocrx_word' id='word_1_55' title='bbox 1369 775 1699 843; x_wconf 72' lang='lat' dir='ltr'><strong>indigemus,</strong></span> <span class='ocrx_word' id='word_1_56' title='bbox 1740 772 1820 826; x_wconf 91' lang='lat' dir='ltr'><strong>sic</strong></span> <span class='ocrx_word' id='word_1_57' title='bbox 1850 772 2020 823; x_wconf 80' lang='lat' dir='ltr'><strong>inter-</strong></span> 
     </span>
    </p>
   </div>
   <div class='ocr_carea' id='block_1_9' title="bbox 447 863 2023 941">
    <p class='ocr_par' dir='ltr' id='par_1_9' title="bbox 447 863 2023 941">
     <span class='ocr_line' id='line_1_9' title="bbox 447 863 2023 941; baseline -0.006 -16"><span class='ocrx_word' id='word_1_58' title='bbox 447 872 756 941; x_wconf 76' lang='lat' dir='ltr'><strong>pellamus:</strong></span> <span class='ocrx_word' id='word_1_59' title='bbox 792 867 892 923; x_wconf 90' lang='lat' dir='ltr'><strong>Ubi</strong></span> <span class='ocrx_word' id='word_1_60' title='bbox 916 870 1014 922; x_wconf 80' lang='lat' dir='ltr'><strong>es?</strong></span> <span class='ocrx_word' id='word_1_61' title='bbox 1047 869 1295 936; x_wconf 85' lang='lat' dir='ltr'><strong>Denique</strong></span> <span class='ocrx_word' id='word_1_62' title='bbox 1338 866 1547 921; x_wconf 82' lang='lat' dir='ltr'><strong>utimur</strong></span> <span class='ocrx_word' id='word_1_63' title='bbox 1577 880 1799 935; x_wconf 86' lang='lat' dir='ltr'><strong>quoque</strong></span> <span class='ocrx_word' id='word_1_64' title='bbox 1832 877 1895 918; x_wconf 88' lang='lat' dir='ltr'><strong>ea</strong></span> <span class='ocrx_word' id='word_1_65' title='bbox 1940 863 2023 916; x_wconf 84' lang='lat' dir='ltr'><strong>in-</strong></span> 
     </span>
    </p>
   </div>
   <div class='ocr_carea' id='block_1_10' title="bbox 450 956 2021 1032">
    <p class='ocr_par' dir='ltr' id='par_1_10' title="bbox 450 956 2021 1032">
     <span class='ocr_line' id='line_1_10' title="bbox 450 956 2021 1032; baseline -0.006 -14"><span class='ocrx_word' id='word_1_66' title='bbox 450 964 819 1032; x_wconf 84' lang='lat' dir='ltr'><strong>terrogatione</strong></span> <span class='ocrx_word' id='word_1_67' title='bbox 865 970 1001 1016; x_wconf 85' lang='lat' dir='ltr'><strong>cum</strong></span> <span class='ocrx_word' id='word_1_68' title='bbox 1050 961 1285 1029; x_wconf 82' lang='lat' dir='ltr'><strong>cuipiam</strong></span> <span class='ocrx_word' id='word_1_69' title='bbox 1326 972 1484 1013; x_wconf 90' lang='lat' dir='ltr'><strong>suum</strong></span> <span class='ocrx_word' id='word_1_70' title='bbox 1522 971 1761 1011; x_wconf 88' lang='lat' dir='ltr'><strong>errorem</strong></span> <span class='ocrx_word' id='word_1_71' title='bbox 1805 956 1858 1008; x_wconf 89' lang='lat' dir='ltr'><strong>in</strong></span> <span class='ocrx_word' id='word_1_72' title='bbox 1906 968 2021 1008; x_wconf 84' lang='lat' dir='ltr'><strong>mc-</strong></span> 
     </span>
    </p>
   </div>
   <div class='ocr_carea' id='block_1_11' title="bbox 447 1046 2024 1117">
    <p class='ocr_par' dir='ltr' id='par_1_11' title="bbox 447 1046 2024 1117">
     <span class='ocr_line' id='line_1_11' title="bbox 447 1046 2024 1117; baseline -0.006 -7"><span class='ocrx_word' id='word_1_73' title='bbox 447 1058 679 1111; x_wconf 88' lang='lat' dir='ltr'><strong>moriam</strong></span> <span class='ocrx_word' id='word_1_74' title='bbox 722 1054 994 1108; x_wconf 80' lang='lat' dir='ltr'><strong>adducere</strong></span> <span class='ocrx_word' id='word_1_75' title='bbox 1048 1053 1338 1117; x_wconf 85' lang='lat' dir='ltr'><strong>volumus;</strong></span> <span class='ocrx_word' id='word_1_76' title='bbox 1382 1065 1503 1103; x_wconf 90' lang='lat' dir='ltr'><strong>nam</strong></span> <span class='ocrx_word' id='word_1_77' title='bbox 1548 1047 1726 1102; x_wconf 86' lang='lat' dir='ltr'><strong>illud:</strong></span> <span class='ocrx_word' id='word_1_78' title='bbox 1772 1046 1873 1100; x_wconf 84' lang='lat' dir='ltr'><strong>Ubi</strong></span> <span class='ocrx_word' id='word_1_79' title='bbox 1922 1047 2024 1101; x_wconf 78' lang='lat' dir='ltr'><strong>es?</strong></span> 
     </span>
    </p>
   </div>
   <div class='ocr_carea' id='block_1_12' title="bbox 450 1140 2024 1218">
    <p class='ocr_par' dir='ltr' id='par_1_12' title="bbox 450 1140 2024 1218">
     <span class='ocr_line' id='line_1_12' title="bbox 450 1140 2024 1218; baseline -0.006 -16"><span class='ocrx_word' id='word_1_80' title='bbox 450 1148 673 1218; x_wconf 84' lang='lat' dir='ltr'><strong>perinde</strong></span> <span class='ocrx_word' id='word_1_81' title='bbox 707 1156 833 1201; x_wconf 88' lang='lat' dir='ltr'><strong>tunc</strong></span> <span class='ocrx_word' id='word_1_82' title='bbox 861 1144 1009 1198; x_wconf 83' lang='lat' dir='ltr'><strong>valet</strong></span> <span class='ocrx_word' id='word_1_83' title='bbox 1037 1158 1100 1198; x_wconf 89' lang='lat' dir='ltr'><strong>ac</strong></span> <span class='ocrx_word' id='word_1_84' title='bbox 1131 1145 1187 1198; x_wconf 96' lang='lat' dir='ltr'><strong>si</strong></span> <span class='ocrx_word' id='word_1_85' title='bbox 1207 1144 1457 1197; x_wconf 84' lang='lat' dir='ltr'><strong>dicamus</strong></span> <span class='ocrx_word' id='word_1_86' title='bbox 1485 1140 1657 1196; x_wconf 78' lang='lat' dir='ltr'><strong>:Vide</strong></span> <span class='ocrx_word' id='word_1_87' title='bbox 1690 1155 1805 1210; x_wconf 76' lang='lat' dir='ltr'><strong>quo</strong></span> <span class='ocrx_word' id='word_1_88' title='bbox 1832 1140 2024 1208; x_wconf 82' lang='lat' dir='ltr'><strong>impie-</strong></span> 
     </span>
    </p>
   </div>
   <div class='ocr_carea' id='block_1_13' title="bbox 450 1231 2019 1299">
    <p class='ocr_par' dir='ltr' id='par_1_13' title="bbox 450 1231 2019 1299">
     <span class='ocr_line' id='line_1_13' title="bbox 450 1231 2019 1299; baseline -0.004 -11"><span class='ocrx_word' id='word_1_89' title='bbox 450 1237 577 1290; x_wconf 85' lang='lat' dir='ltr'><strong>tatis</strong></span> <span class='ocrx_word' id='word_1_90' title='bbox 610 1234 905 1289; x_wconf 86' lang='lat' dir='ltr'><strong>recideris!</strong></span> <span class='ocrx_word' id='word_1_91' title='bbox 945 1233 1232 1288; x_wconf 83' lang='lat' dir='ltr'><strong>Postremo</strong></span> <span class='ocrx_word' id='word_1_92' title='bbox 1274 1232 1489 1287; x_wconf 88' lang='lat' dir='ltr'><strong>animos</strong></span> <span class='ocrx_word' id='word_1_93' title='bbox 1531 1232 1731 1285; x_wconf 84' lang='lat' dir='ltr'><strong>addere</strong></span> <span class='ocrx_word' id='word_1_94' title='bbox 1764 1231 2019 1299; x_wconf 84' lang='lat' dir='ltr'><strong>cuipiam,</strong></span> 
     </span>
    </p>
   </div>
   <div class='ocr_carea' id='block_1_14' title="bbox 450 1324 2020 1394">
    <p class='ocr_par' dir='ltr' id='par_1_14' title="bbox 450 1324 2020 1394">
     <span class='ocr_line' id='line_1_14' title="bbox 450 1324 2020 1394; baseline 0 -15"><span class='ocrx_word' id='word_1_95' title='bbox 450 1334 619 1394; x_wconf 83' lang='lat' dir='ltr'><strong>atque</strong></span> <span class='ocrx_word' id='word_1_96' title='bbox 676 1340 896 1379; x_wconf 88' lang='lat' dir='ltr'><strong>manum</strong></span> <span class='ocrx_word' id='word_1_97' title='bbox 954 1325 1019 1378; x_wconf 90' lang='lat' dir='ltr'><strong>ad</strong></span> <span class='ocrx_word' id='word_1_98' title='bbox 1068 1325 1377 1378; x_wconf 85' lang='lat' dir='ltr'><strong>audendum</strong></span> <span class='ocrx_word' id='word_1_99' title='bbox 1426 1326 1707 1394; x_wconf 79' lang='lat' dir='ltr'><strong>porrigere</strong></span> <span class='ocrx_word' id='word_1_100' title='bbox 1753 1324 2020 1387; x_wconf 80' lang='lat' dir='ltr'><strong>volentes,</strong></span> 
     </span>
    </p>
   </div>
   <div class='ocr_carea' id='block_1_15' title="bbox 449 1416 2027 1485">
    <p class='ocr_par' dir='ltr' id='par_1_15' title="bbox 449 1416 2027 1485">
     <span class='ocr_line' id='line_1_15' title="bbox 449 1416 2027 1485; baseline -0.003 -13"><span class='ocrx_word' id='word_1_101' title='bbox 449 1417 685 1472; x_wconf 80' lang='lat' dir='ltr'><strong>dicimus</strong></span> <span class='ocrx_word' id='word_1_102' title='bbox 712 1434 725 1469; x_wconf 90' lang='lat'><strong>:</strong></span> <span class='ocrx_word' id='word_1_103' title='bbox 765 1416 989 1471; x_wconf 72' lang='lat' dir='ltr'><strong>Ubi‘es?</strong></span> <span class='ocrx_word' id='word_1_104' title='bbox 1007 1417 1091 1470; x_wconf 86' lang='lat' dir='ltr'><strong>Ad</strong></span> <span class='ocrx_word' id='word_1_105' title='bbox 1122 1419 1236 1470; x_wconf 74' lang='lat' dir='ltr'><strong>lucc</strong></span> <span class='ocrx_word' id='word_1_106' title='bbox 1265 1416 1333 1470; x_wconf 89' lang='lat' dir='ltr'><strong>de</strong></span> <span class='ocrx_word' id='word_1_107' title='bbox 1361 1431 1419 1470; x_wconf 87' lang='lat' dir='ltr'><strong>re</strong></span> <span class='ocrx_word' id='word_1_108' title='bbox 1450 1417 1649 1470; x_wconf 83' lang='lat' dir='ltr'><strong>amissa</strong></span> <span class='ocrx_word' id='word_1_109' title='bbox 1682 1429 1857 1485; x_wconf 86' lang='lat' dir='ltr'><strong>quam</strong></span> <span class='ocrx_word' id='word_1_110' title='bbox 1878 1428 2027 1485; x_wconf 61' lang='lat' dir='ltr'><strong>qum-</strong></span> 
     </span>
    </p>
   </div>
   <div class='ocr_carea' id='block_1_16' title="bbox 451 1508 2023 1579">
    <p class='ocr_par' dir='ltr' id='par_1_16' title="bbox 451 1508 2023 1579">
     <span class='ocr_line' id='line_1_16' title="bbox 451 1508 2023 1579; baseline -0.001 -17"><span class='ocrx_word' id='word_1_111' title='bbox 451 1510 645 1573; x_wconf 85' lang='lat' dir='ltr'><strong>rimus,</strong></span> <span class='ocrx_word' id='word_1_112' title='bbox 690 1524 1016 1577; x_wconf 80' lang='lat' dir='ltr'><strong>usurpamus</strong></span> <span class='ocrx_word' id='word_1_113' title='bbox 1047 1525 1269 1579; x_wconf 89' lang='lat' dir='ltr'><strong>quoque</strong></span> <span class='ocrx_word' id='word_1_114' title='bbox 1303 1510 1404 1565; x_wconf 88' lang='lat' dir='ltr'><strong>hoc</strong></span> <span class='ocrx_word' id='word_1_115' title='bbox 1433 1510 1658 1564; x_wconf 65' lang='lat' dir='ltr'><strong>dictum;</strong></span> <span class='ocrx_word' id='word_1_116' title='bbox 1692 1508 1865 1577; x_wconf 85' lang='lat' dir='ltr'><strong>Igitur</strong></span> <span class='ocrx_word' id='word_1_117' title='bbox 1894 1508 2023 1561; x_wconf 90' lang='lat' dir='ltr'><strong>dum</strong></span> 
     </span>
    </p>
   </div>
   <div class='ocr_carea' id='block_1_17' title="bbox 455 1599 2024 1669">
    <p class='ocr_par' dir='ltr' id='par_1_17' title="bbox 455 1599 2024 1669">
     <span class='ocr_line' id='line_1_17' title="bbox 455 1599 2024 1669; baseline -0.001 -16"><span class='ocrx_word' id='word_1_118' title='bbox 455 1601 597 1654; x_wconf 82' lang='lat' dir='ltr'><strong>Deus</strong></span> <span class='ocrx_word' id='word_1_119' title='bbox 642 1599 911 1654; x_wconf 82' lang='lat' dir='ltr'><strong>Adamum</strong></span> <span class='ocrx_word' id='word_1_120' title='bbox 972 1601 1357 1669; x_wconf 81' lang='lat' dir='ltr'><strong>interrogaret,</strong></span> <span class='ocrx_word' id='word_1_121' title='bbox 1420 1600 1641 1654; x_wconf 87' lang='lat' dir='ltr'><strong>ubinam</strong></span> <span class='ocrx_word' id='word_1_122' title='bbox 1697 1608 1866 1664; x_wconf 82' lang='lat' dir='ltr'><strong>esset,</strong></span> <span class='ocrx_word' id='word_1_123' title='bbox 1916 1612 2024 1652; x_wconf 90' lang='lat' dir='ltr'><strong>non</strong></span> 
     </span>
    </p>
   </div>
   <div class='ocr_carea' id='block_1_18' title="bbox 450 1688 2025 1759">
    <p class='ocr_par' dir='ltr' id='par_1_18' title="bbox 450 1688 2025 1759">
     <span class='ocr_line' id='line_1_18' title="bbox 450 1688 2025 1759; baseline -0.001 -16"><span class='ocrx_word' id='word_1_124' title='bbox 450 1690 669 1759; x_wconf 80' lang='lat' dir='ltr'><strong>quidem</strong></span> <span class='ocrx_word' id='word_1_125' title='bbox 708 1690 757 1742; x_wconf 91' lang='lat' dir='ltr'><strong>id</strong></span> <span class='ocrx_word' id='word_1_126' title='bbox 789 1690 1113 1758; x_wconf 79' lang='lat' dir='ltr'><strong>ignorabat;</strong></span> <span class='ocrx_word' id='word_1_127' title='bbox 1149 1700 1215 1744; x_wconf 88' lang='lat' dir='ltr'><strong>ut</strong></span> <span class='ocrx_word' id='word_1_128' title='bbox 1242 1705 1421 1758; x_wconf 80' lang='lat' dir='ltr'><strong>neque</strong></span> <span class='ocrx_word' id='word_1_129' title='bbox 1454 1704 1585 1743; x_wconf 88' lang='lat' dir='ltr'><strong>cum</strong></span> <span class='ocrx_word' id='word_1_130' title='bbox 1611 1704 1677 1743; x_wconf 80' lang='lat' dir='ltr'><strong>ex</strong></span> <span class='ocrx_word' id='word_1_131' title='bbox 1712 1688 1847 1743; x_wconf 87' lang='lat' dir='ltr'><strong>Cain</strong></span> <span class='ocrx_word' id='word_1_132' title='bbox 1874 1702 2025 1758; x_wconf 73' lang='lat' dir='ltr'><strong>qua:-</strong></span> 
     </span>
    </p>
   </div>
   <div class='ocr_carea' id='block_1_19' title="bbox 454 1778 2022 1851">
    <p class='ocr_par' dir='ltr' id='par_1_19' title="bbox 454 1778 2022 1851">
     <span class='ocr_line' id='line_1_19' title="bbox 454 1778 2022 1851; baseline -0.002 -14"><span class='ocrx_word' id='word_1_133' title='bbox 454 1794 595 1839; x_wconf 85' lang='lat' dir='ltr'><strong>reret</strong></span> <span class='ocrx_word' id='word_1_134' title='bbox 628 1802 643 1839; x_wconf 84' lang='lat'><strong>:</strong></span> <span class='ocrx_word' id='word_1_135' title='bbox 683 1783 781 1837; x_wconf 75' lang='lat' dir='ltr'><strong>Ubi</strong></span> <span class='ocrx_word' id='word_1_136' title='bbox 809 1793 889 1837; x_wconf 85' lang='lat' dir='ltr'><strong>est</strong></span> <span class='ocrx_word' id='word_1_137' title='bbox 910 1784 1081 1851; x_wconf 78' lang='lat' dir='ltr'><strong>frater</strong></span> <span class='ocrx_word' id='word_1_138' title='bbox 1116 1792 1239 1835; x_wconf 77' lang='lat' dir='ltr'><strong>titus</strong></span> <span class='ocrx_word' id='word_1_139' title='bbox 1259 1781 1346 1832; x_wconf 76' lang='lat'><strong>“?</strong></span> <span class='ocrx_word' id='word_1_140' title='bbox 1377 1780 1560 1850; x_wconf 66' lang='lat' dir='ltr'><strong>Neque</strong></span> <span class='ocrx_word' id='word_1_141' title='bbox 1592 1792 1725 1835; x_wconf 82' lang='lat' dir='ltr'><strong>cum&#39;</strong></span> <span class='ocrx_word' id='word_1_142' title='bbox 1746 1793 1813 1833; x_wconf 62' lang='lat' dir='ltr'><strong>et</strong></span> <span class='ocrx_word' id='word_1_143' title='bbox 1841 1778 2022 1834; x_wconf 77' lang='lat' dir='ltr'><strong>illose:</strong></span> 
     </span>
    </p>
   </div>
   <div class='ocr_carea' id='block_1_20' title="bbox 455 1870 2029 1944">
    <p class='ocr_par' dir='ltr' id='par_1_20' title="bbox 455 1870 2029 1944">
     <span class='ocr_line' id='line_1_20' title="bbox 455 1870 2029 1944; baseline -0.002 -15"><span class='ocrx_word' id='word_1_144' title='bbox 455 1878 595 1942; x_wconf 78' lang='lat' dir='ltr'><strong>Quid</strong></span> <span class='ocrx_word' id='word_1_145' title='bbox 638 1879 734 1929; x_wconf 82' lang='lat' dir='ltr'><strong>hoc</strong></span> <span class='ocrx_word' id='word_1_146' title='bbox 760 1888 837 1930; x_wconf 81' lang='lat' dir='ltr'><strong>est</strong></span> <span class='ocrx_word' id='word_1_147' title='bbox 866 1876 1005 1944; x_wconf 77' lang='lat' dir='ltr'><strong>quod</strong></span> <span class='ocrx_word' id='word_1_148' title='bbox 1038 1888 1203 1927; x_wconf 83' lang='lat' dir='ltr'><strong>manu</strong></span> <span class='ocrx_word' id='word_1_149' title='bbox 1238 1884 1378 1927; x_wconf 82' lang='lat' dir='ltr'><strong>tenes</strong></span> <span class='ocrx_word' id='word_1_150' title='bbox 1404 1873 1483 1926; x_wconf 70' lang='grc' dir='ltr'><strong>⁶²⁴ὶ</strong></span> <span class='ocrx_word' id='word_1_151' title='bbox 1512 1873 1621 1926; x_wconf 79' lang='lat' dir='ltr'><strong>Aut</strong></span> <span class='ocrx_word' id='word_1_152' title='bbox 1650 1887 1713 1926; x_wconf 77' lang='lat' dir='ltr'><strong>ex</strong></span> <span class='ocrx_word' id='word_1_153' title='bbox 1745 1870 1983 1926; x_wconf 69' lang='lat' dir='ltr'><strong>Ieremia</strong></span> <span class='ocrx_word' id='word_1_154' title='bbox 2008 1888 2029 1926; x_wconf 86' lang='lat'><strong>:</strong></span> 
     </span>
    </p>
   </div>
   <div class='ocr_carea' id='block_1_21' title="bbox 455 1962 2028 2034">
    <p class='ocr_par' dir='ltr' id='par_1_21' title="bbox 455 1962 2028 2034">
     <span class='ocr_line' id='line_1_21' title="bbox 455 1962 2028 2034; baseline -0.003 -13"><span class='ocrx_word' id='word_1_155' title='bbox 455 1969 597 2033; x_wconf 85' lang='lat' dir='ltr'><strong>Quid</strong></span> <span class='ocrx_word' id='word_1_156' title='bbox 648 1970 789 2021; x_wconf 75' lang='lat' dir='ltr'><strong>rides</strong></span> <span class='ocrx_word' id='word_1_157' title='bbox 815 1967 892 2019; x_wconf 67' lang='lat'><strong>“3?</strong></span> <span class='ocrx_word' id='word_1_158' title='bbox 933 1979 1027 2020; x_wconf 84' lang='lat' dir='ltr'><strong>aut</strong></span> <span class='ocrx_word' id='word_1_159' title='bbox 1068 1967 1304 2034; x_wconf 82' lang='lat' dir='ltr'><strong>denique</strong></span> <span class='ocrx_word' id='word_1_160' title='bbox 1346 1980 1412 2018; x_wconf 80' lang='lat' dir='ltr'><strong>ex</strong></span> <span class='ocrx_word' id='word_1_161' title='bbox 1457 1964 1660 2018; x_wconf 82' lang='lat' dir='ltr'><strong>Satana</strong></span> <span class='ocrx_word' id='word_1_162' title='bbox 1696 1978 1710 2022; x_wconf 89' lang='lat'><strong>:</strong></span> <span class='ocrx_word' id='word_1_163' title='bbox 1749 1962 1896 2017; x_wconf 81' lang='lat' dir='ltr'><strong>Unde</strong></span> <span class='ocrx_word' id='word_1_164' title='bbox 1941 1978 2028 2017; x_wconf 79' lang='lat' dir='ltr'><strong>ue-</strong></span> 
     </span>
    </p>
   </div>
   <div class='ocr_carea' id='block_1_22' title="bbox 452 2054 2030 2123">
    <p class='ocr_par' dir='ltr' id='par_1_22' title="bbox 452 2054 2030 2123">
     <span class='ocr_line' id='line_1_22' title="bbox 452 2054 2030 2123; baseline -0.001 -11"><span class='ocrx_word' id='word_1_165' title='bbox 452 2058 643 2112; x_wconf 68' lang='lat' dir='ltr'><strong>nis“?</strong></span> <span class='ocrx_word' id='word_1_166' title='bbox 685 2059 776 2111; x_wconf 86' lang='lat' dir='ltr'><strong>sed</strong></span> <span class='ocrx_word' id='word_1_167' title='bbox 832 2058 1029 2111; x_wconf 84' lang='lat' dir='ltr'><strong>habent</strong></span> <span class='ocrx_word' id='word_1_168' title='bbox 1074 2056 1369 2109; x_wconf 80' lang='lat' dir='ltr'><strong>illiusmodi</strong></span> <span class='ocrx_word' id='word_1_169' title='bbox 1418 2054 1872 2123; x_wconf 75' lang='lat' dir='ltr'><strong>intermgaliones</strong></span> <span class='ocrx_word' id='word_1_170' title='bbox 1900 2068 2030 2110; x_wconf 86' lang='lat' dir='ltr'><strong>suas</strong></span> 
     </span>
    </p>
   </div>
   <div class='ocr_carea' id='block_1_23' title="bbox 455 2144 2027 2215">
    <p class='ocr_par' dir='ltr' id='par_1_23' title="bbox 455 2144 2027 2215">
     <span class='ocr_line' id='line_1_23' title="bbox 455 2144 2027 2215; baseline -0.001 -13"><span class='ocrx_word' id='word_1_171' title='bbox 455 2165 673 2215; x_wconf 79' lang='lat' dir='ltr'><strong>causas,</strong></span> <span class='ocrx_word' id='word_1_172' title='bbox 726 2150 867 2203; x_wconf 81' lang='lat' dir='ltr'><strong>sicut</strong></span> <span class='ocrx_word' id='word_1_173' title='bbox 913 2156 967 2201; x_wconf 89' lang='lat' dir='ltr'><strong>et</strong></span> <span class='ocrx_word' id='word_1_174' title='bbox 1012 2147 1117 2200; x_wconf 83' lang='lat' dir='ltr'><strong>illae</strong></span> <span class='ocrx_word' id='word_1_175' title='bbox 1166 2144 1287 2200; x_wconf 83' lang='lat' dir='ltr'><strong>Filii</strong></span> <span class='ocrx_word' id='word_1_176' title='bbox 1345 2147 1397 2200; x_wconf 90' lang='lat' dir='ltr'><strong>in</strong></span> <span class='ocrx_word' id='word_1_177' title='bbox 1459 2146 1611 2201; x_wconf 87' lang='lat' dir='ltr'><strong>Novo</strong></span> <span class='ocrx_word' id='word_1_178' title='bbox 1654 2146 2027 2211; x_wconf 85' lang='lat' dir='ltr'><strong>Testamento,</strong></span> 
     </span>
    </p>
   </div>
   <div class='ocr_carea' id='block_1_24' title="bbox 455 2239 2027 2309">
    <p class='ocr_par' dir='ltr' id='par_1_24' title="bbox 455 2239 2027 2309">
     <span class='ocr_line' id='line_1_24' title="bbox 455 2239 2027 2309; baseline -0.001 -16"><span class='ocrx_word' id='word_1_179' title='bbox 455 2243 583 2295; x_wconf 88' lang='lat' dir='ltr'><strong>dum</strong></span> <span class='ocrx_word' id='word_1_180' title='bbox 654 2245 731 2295; x_wconf 83' lang='lat' dir='ltr'><strong>ait</strong></span> <span class='ocrx_word' id='word_1_181' title='bbox 792 2241 863 2295; x_wconf 87' lang='lat' dir='ltr'><strong>ad</strong></span> <span class='ocrx_word' id='word_1_182' title='bbox 918 2240 1217 2309; x_wconf 81' lang='lat' dir='ltr'><strong>discipulos</strong></span> <span class='ocrx_word' id='word_1_183' title='bbox 1271 2253 1404 2294; x_wconf 84' lang='lat' dir='ltr'><strong>suos</strong></span> <span class='ocrx_word' id='word_1_184' title='bbox 1453 2257 1466 2292; x_wconf 90' lang='lat'><strong>:</strong></span> <span class='ocrx_word' id='word_1_185' title='bbox 1515 2239 1661 2304; x_wconf 75' lang='lat' dir='ltr'><strong>Quot</strong></span> <span class='ocrx_word' id='word_1_186' title='bbox 1702 2250 1865 2304; x_wconf 79' lang='lat' dir='ltr'><strong>panes</strong></span> <span class='ocrx_word' id='word_1_187' title='bbox 1930 2239 2027 2292; x_wconf 82' lang='lat' dir='ltr'><strong>ha-</strong></span> 
     </span>
    </p>
   </div>
   <div class='ocr_carea' id='block_1_25' title="bbox 455 2331 2033 2397">
    <p class='ocr_par' dir='ltr' id='par_1_25' title="bbox 455 2331 2033 2397">
     <span class='ocr_line' id='line_1_25' title="bbox 455 2331 2033 2397; baseline -0.001 -11"><span class='ocrx_word' id='word_1_188' title='bbox 455 2335 686 2387; x_wconf 73' lang='lat' dir='ltr'><strong>betis”!</strong></span> <span class='ocrx_word' id='word_1_189' title='bbox 743 2343 797 2387; x_wconf 88' lang='lat' dir='ltr'><strong>et</strong></span> <span class='ocrx_word' id='word_1_190' title='bbox 856 2342 1050 2388; x_wconf 78' lang='lat' dir='ltr'><strong>rursus</strong></span> <span class='ocrx_word' id='word_1_191' title='bbox 1099 2346 1114 2385; x_wconf 89' lang='lat'><strong>:</strong></span> <span class='ocrx_word' id='word_1_192' title='bbox 1162 2333 1328 2397; x_wconf 77' lang='lat' dir='ltr'><strong>Quem</strong></span> <span class='ocrx_word' id='word_1_193' title='bbox 1383 2332 1567 2384; x_wconf 77' lang='lat' dir='ltr'><strong>dicunt</strong></span> <span class='ocrx_word' id='word_1_194' title='bbox 1624 2331 1859 2385; x_wconf 80' lang='lat' dir='ltr'><strong>homines</strong></span> <span class='ocrx_word' id='word_1_195' title='bbox 1918 2340 2033 2385; x_wconf 75' lang='lat' dir='ltr'><strong>esse</strong></span> 
     </span>
    </p>
   </div>
   <div class='ocr_carea' id='block_1_26' title="bbox 457 2423 2031 2494">
    <p class='ocr_par' dir='ltr' id='par_1_26' title="bbox 457 2423 2031 2494">
     <span class='ocr_line' id='line_1_26' title="bbox 457 2423 2031 2494; baseline -0.002 -16"><span class='ocrx_word' id='word_1_196' title='bbox 457 2426 657 2480; x_wconf 79' lang='lat' dir='ltr'><strong>Filium</strong></span> <span class='ocrx_word' id='word_1_197' title='bbox 715 2427 944 2479; x_wconf 76' lang='lat' dir='ltr'><strong>hominis</strong></span> <span class='ocrx_word' id='word_1_198' title='bbox 970 2426 1057 2480; x_wconf 71' lang='grc'><strong>⁸⁸2</strong></span> <span class='ocrx_word' id='word_1_199' title='bbox 1106 2436 1159 2479; x_wconf 85' lang='lat' dir='ltr'><strong>et</strong></span> <span class='ocrx_word' id='word_1_200' title='bbox 1215 2444 1228 2479; x_wconf 91' lang='lat'><strong>:</strong></span> <span class='ocrx_word' id='word_1_201' title='bbox 1275 2423 1457 2479; x_wconf 81' lang='lat' dir='ltr'><strong>Simon</strong></span> <span class='ocrx_word' id='word_1_202' title='bbox 1488 2456 1511 2489; x_wconf 90' lang='lat'><strong>,-</strong></span> <span class='ocrx_word' id='word_1_203' title='bbox 1568 2440 1712 2494; x_wconf 84' lang='lat' dir='ltr'><strong>reges</strong></span> <span class='ocrx_word' id='word_1_204' title='bbox 1784 2432 1940 2477; x_wconf 76' lang='lat' dir='ltr'><strong>terra:</strong></span> <span class='ocrx_word' id='word_1_205' title='bbox 1999 2438 2031 2475; x_wconf 91' lang='lat' dir='ltr'><strong>a</strong></span> 
     </span>
    </p>
   </div>
   <div class='ocr_carea' id='block_1_27' title="bbox 455 2516 2033 2587">
    <p class='ocr_par' dir='ltr' id='par_1_27' title="bbox 455 2516 2033 2587">
     <span class='ocr_line' id='line_1_27' title="bbox 455 2516 2033 2587; baseline 0.002 -20"><span class='ocrx_word' id='word_1_206' title='bbox 455 2530 563 2587; x_wconf 69' lang='lat' dir='ltr'><strong>auo’</strong></span> <span class='ocrx_word' id='word_1_207' title='bbox 618 2520 838 2586; x_wconf 79' lang='lat' dir='ltr'><strong>cupiunt</strong></span> <span class='ocrx_word' id='word_1_208' title='bbox 905 2517 1163 2570; x_wconf 84' lang='lat' dir='ltr'><strong>tributam</strong></span> <span class='ocrx_word' id='word_1_209' title='bbox 1212 2525 1261 2570; x_wconf 88' lang='lat' dir='ltr'><strong>et</strong></span> <span class='ocrx_word' id='word_1_210' title='bbox 1321 2532 1534 2570; x_wconf 81' lang='lat' dir='ltr'><strong>censum</strong></span> <span class='ocrx_word' id='word_1_211' title='bbox 1559 2516 1647 2570; x_wconf 69' lang='lat'><strong>‘7?</strong></span> <span class='ocrx_word' id='word_1_212' title='bbox 1703 2525 1757 2570; x_wconf 88' lang='lat' dir='ltr'><strong>et</strong></span> <span class='ocrx_word' id='word_1_213' title='bbox 1800 2517 1865 2570; x_wconf 84' lang='lat' dir='ltr'><strong>ad</strong></span> <span class='ocrx_word' id='word_1_214' title='bbox 1930 2516 2033 2570; x_wconf 86' lang='lat' dir='ltr'><strong>Le-</strong></span> 
     </span>
    </p>
   </div>
   <div class='ocr_carea' id='block_1_28' title="bbox 456 2607 2031 2679">
    <p class='ocr_par' dir='ltr' id='par_1_28' title="bbox 456 2607 2031 2679">
     <span class='ocr_line' id='line_1_28' title="bbox 456 2607 2031 2679; baseline 0.003 -21"><span class='ocrx_word' id='word_1_215' title='bbox 456 2609 669 2671; x_wconf 75' lang='lat' dir='ltr'><strong>gionem</strong></span> <span class='ocrx_word' id='word_1_216' title='bbox 719 2626 732 2662; x_wconf 95' lang='lat'><strong>:</strong></span> <span class='ocrx_word' id='word_1_217' title='bbox 784 2608 925 2672; x_wconf 84' lang='lat' dir='ltr'><strong>Quid</strong></span> <span class='ocrx_word' id='word_1_218' title='bbox 980 2617 1058 2661; x_wconf 80' lang='lat' dir='ltr'><strong>est</strong></span> <span class='ocrx_word' id='word_1_219' title='bbox 1112 2624 1299 2662; x_wconf 82' lang='lat' dir='ltr'><strong>nomen</strong></span> <span class='ocrx_word' id='word_1_220' title='bbox 1363 2608 1626 2662; x_wconf 78' lang='lat' dir='ltr'><strong>tuum“?</strong></span> <span class='ocrx_word' id='word_1_221' title='bbox 1682 2610 1920 2679; x_wconf 85' lang='lat' dir='ltr'><strong>denique</strong></span> <span class='ocrx_word' id='word_1_222' title='bbox 1964 2607 2031 2663; x_wconf 84' lang='lat' dir='ltr'><strong>ad</strong></span> 
     </span>
    </p>
   </div>
   <div class='ocr_carea' id='block_1_29' title="bbox 455 2699 2029 2769">
    <p class='ocr_par' dir='ltr' id='par_1_29' title="bbox 455 2699 2029 2769">
     <span class='ocr_line' id='line_1_29' title="bbox 455 2699 2029 2769; baseline 0.003 -17"><span class='ocrx_word' id='word_1_223' title='bbox 455 2700 676 2754; x_wconf 71' lang='lat' dir='ltr'><strong>Judwos</strong></span> <span class='ocrx_word' id='word_1_224' title='bbox 708 2718 721 2754; x_wconf 92' lang='lat'><strong>:</strong></span> <span class='ocrx_word' id='word_1_225' title='bbox 758 2699 861 2753; x_wconf 76' lang='lat' dir='ltr'><strong>Ubi</strong></span> <span class='ocrx_word' id='word_1_226' title='bbox 900 2702 1128 2769; x_wconf 76' lang='lat' dir='ltr'><strong>posuisti</strong></span> <span class='ocrx_word' id='word_1_227' title='bbox 1164 2701 1317 2754; x_wconf 75' lang='lat' dir='ltr'><strong>illum</strong></span> <span class='ocrx_word' id='word_1_228' title='bbox 1338 2702 1424 2754; x_wconf 66' lang='lat'><strong>‘9?</strong></span> <span class='ocrx_word' id='word_1_229' title='bbox 1477 2701 1743 2756; x_wconf 81' lang='lat' dir='ltr'><strong>Lazarum</strong></span> <span class='ocrx_word' id='word_1_230' title='bbox 1798 2703 2029 2756; x_wconf 84' lang='lat' dir='ltr'><strong>scilicet.</strong></span> 
     </span>
    </p>
   </div>
   <div class='ocr_carea' id='block_1_30' title="bbox 458 2793 2031 2864">
    <p class='ocr_par' dir='ltr' id='par_1_30' title="bbox 458 2793 2031 2864">
     <span class='ocr_line' id='line_1_30' title="bbox 458 2793 2031 2864; baseline 0.003 -19"><span class='ocrx_word' id='word_1_231' title='bbox 458 2793 580 2845; x_wconf 74' lang='lat' dir='ltr'><strong>llaec</strong></span> <span class='ocrx_word' id='word_1_232' title='bbox 631 2793 776 2847; x_wconf 87' lang='lat' dir='ltr'><strong>enim</strong></span> <span class='ocrx_word' id='word_1_233' title='bbox 826 2802 878 2847; x_wconf 92' lang='lat' dir='ltr'><strong>et</strong></span> <span class='ocrx_word' id='word_1_234' title='bbox 932 2794 1094 2859; x_wconf 63' lang='lat' dir='ltr'><strong>hujus</strong></span> <span class='ocrx_word' id='word_1_235' title='bbox 1138 2794 1356 2861; x_wconf 80' lang='lat' dir='ltr'><strong>generis</strong></span> <span class='ocrx_word' id='word_1_236' title='bbox 1407 2795 1511 2847; x_wconf 86' lang='lat' dir='ltr'><strong>alia</strong></span> <span class='ocrx_word' id='word_1_237' title='bbox 1566 2810 1687 2864; x_wconf 82' lang='lat' dir='ltr'><strong>quae</strong></span> <span class='ocrx_word' id='word_1_238' title='bbox 1726 2796 2031 2864; x_wconf 83' lang='lat' dir='ltr'><strong>interroga-</strong></span> 
     </span>
    </p>
   </div>
   <div class='ocr_carea' id='block_1_31' title="bbox 457 2883 2036 2954">
    <p class='ocr_par' dir='ltr' id='par_1_31' title="bbox 457 2883 2036 2954">
     <span class='ocr_line' id='line_1_31' title="bbox 457 2883 2036 2954; baseline 0.005 -21"><span class='ocrx_word' id='word_1_239' title='bbox 457 2885 533 2935; x_wconf 80' lang='lat' dir='ltr'><strong>\it</strong></span> <span class='ocrx_word' id='word_1_240' title='bbox 563 2883 837 2944; x_wconf 73' lang='lat' dir='ltr'><strong>Christus,</strong></span> <span class='ocrx_word' id='word_1_241' title='bbox 868 2899 974 2936; x_wconf 90' lang='lat' dir='ltr'><strong>non</strong></span> <span class='ocrx_word' id='word_1_242' title='bbox 1004 2884 1225 2952; x_wconf 80' lang='lat' dir='ltr'><strong>ignarus</strong></span> <span class='ocrx_word' id='word_1_243' title='bbox 1255 2887 1351 2938; x_wconf 89' lang='lat' dir='ltr'><strong>sed</strong></span> <span class='ocrx_word' id='word_1_244' title='bbox 1378 2887 1545 2954; x_wconf 86' lang='lat' dir='ltr'><strong>probe</strong></span> <span class='ocrx_word' id='word_1_245' title='bbox 1575 2885 1833 2941; x_wconf 87' lang='lat' dir='ltr'><strong>conscius</strong></span> <span class='ocrx_word' id='word_1_246' title='bbox 1868 2888 2036 2941; x_wconf 87' lang='lat' dir='ltr'><strong>inter-</strong></span> 
     </span>
    </p>
   </div>
   <div class='ocr_carea' id='block_1_32' title="bbox 459 2973 2034 3046">
    <p class='ocr_par' dir='ltr' id='par_1_32' title="bbox 459 2973 2034 3046">
     <span class='ocr_line' id='line_1_32' title="bbox 459 2973 2034 3046; baseline 0.005 -22"><span class='ocrx_word' id='word_1_247' title='bbox 459 2974 686 3040; x_wconf 80' lang='lat' dir='ltr'><strong>rogavit,</strong></span> <span class='ocrx_word' id='word_1_248' title='bbox 724 2982 909 3040; x_wconf 84' lang='lat' dir='ltr'><strong>utpote</strong></span> <span class='ocrx_word' id='word_1_249' title='bbox 960 2973 1099 3025; x_wconf 81' lang='lat' dir='ltr'><strong>Deus</strong></span> <span class='ocrx_word' id='word_1_250' title='bbox 1128 2975 1220 3042; x_wconf 89' lang='lat' dir='ltr'><strong>qui</strong></span> <span class='ocrx_word' id='word_1_251' title='bbox 1280 2976 1463 3029; x_wconf 87' lang='lat' dir='ltr'><strong>omnia</strong></span> <span class='ocrx_word' id='word_1_252' title='bbox 1521 2975 1667 3030; x_wconf 82' lang='lat' dir='ltr'><strong>videt</strong></span> <span class='ocrx_word' id='word_1_253' title='bbox 1725 2978 2034 3046; x_wconf 67' lang='lat' dir='ltr'><strong>novitque:</strong></span> 
     </span>
    </p>
   </div>
   <div class='ocr_carea' id='block_1_33' title="bbox 2122 483 3698 559">
    <p class='ocr_par' dir='ltr' id='par_1_33' title="bbox 2122 483 3698 559">
     <span class='ocr_line' id='line_1_33' title="bbox 2122 483 3698 559; baseline -0.01 -11"><span class='ocrx_word' id='word_1_254' title='bbox 2122 493 2298 548; x_wconf 79' lang='lat' dir='ltr'><strong>dixit?</strong></span> <span class='ocrx_word' id='word_1_255' title='bbox 2326 492 2423 548; x_wconf 83' lang='lat' dir='ltr'><strong>Ubi</strong></span> <span class='ocrx_word' id='word_1_256' title='bbox 2458 491 2559 547; x_wconf 83' lang='lat' dir='ltr'><strong>es?</strong></span> <span class='ocrx_word' id='word_1_257' title='bbox 2603 501 2869 559; x_wconf 83' lang='lat' dir='ltr'><strong>magnane</strong></span> <span class='ocrx_word' id='word_1_258' title='bbox 2918 483 3115 540; x_wconf 84' lang='lat' dir='ltr'><strong>ﬁducia</strong></span> <span class='ocrx_word' id='word_1_259' title='bbox 3165 483 3396 553; x_wconf 85' lang='lat' dir='ltr'><strong>pollens,</strong></span> <span class='ocrx_word' id='word_1_260' title='bbox 3452 490 3698 550; x_wconf 84' lang='lat' dir='ltr'><strong>apertam</strong></span> 
     </span>
    </p>
   </div>
   <div class='ocr_carea' id='block_1_34' title="bbox 2125 573 3699 657">
    <p class='ocr_par' dir='ltr' id='par_1_34' title="bbox 2125 573 3699 657">
     <span class='ocr_line' id='line_1_34' title="bbox 2125 573 3699 657; baseline -0.008 -18"><span class='ocrx_word' id='word_1_261' title='bbox 2125 582 2353 657; x_wconf 78' lang='lat' dir='ltr'><strong>frontem</strong></span> <span class='ocrx_word' id='word_1_262' title='bbox 2413 582 2675 643; x_wconf 84' lang='lat' dir='ltr'><strong>sustollis,</strong></span> <span class='ocrx_word' id='word_1_263' title='bbox 2732 595 2801 633; x_wconf 88' lang='lat' dir='ltr'><strong>an</strong></span> <span class='ocrx_word' id='word_1_264' title='bbox 2863 577 3071 647; x_wconf 86' lang='lat' dir='ltr'><strong>pudore</strong></span> <span class='ocrx_word' id='word_1_265' title='bbox 3132 573 3435 629; x_wconf 81' lang='lat' dir='ltr'><strong>confusum</strong></span> <span class='ocrx_word' id='word_1_266' title='bbox 3488 573 3699 627; x_wconf 82' lang='lat' dir='ltr'><strong>vultum</strong></span> 
     </span>
    </p>
   </div>
   <div class='ocr_carea' id='block_1_35' title="bbox 2123 665 3703 746">
    <p class='ocr_par' dir='ltr' id='par_1_35' title="bbox 2123 665 3703 746">
     <span class='ocr_line' id='line_1_35' title="bbox 2123 665 3703 746; baseline -0.01 -15"><span class='ocrx_word' id='word_1_267' title='bbox 2123 676 2356 746; x_wconf 75' lang='lat' dir='ltr'><strong>dejicis?</strong></span> <span class='ocrx_word' id='word_1_268' title='bbox 2393 672 2495 731; x_wconf 73' lang='lat' dir='ltr'><strong>libi</strong></span> <span class='ocrx_word' id='word_1_269' title='bbox 2532 674 2634 729; x_wconf 80' lang='lat' dir='ltr'><strong>es?</strong></span> <span class='ocrx_word' id='word_1_270' title='bbox 2665 687 2761 727; x_wconf 88' lang='lat' dir='ltr'><strong>cur</strong></span> <span class='ocrx_word' id='word_1_271' title='bbox 2788 684 2874 723; x_wconf 91' lang='lat' dir='ltr'><strong>me</strong></span> <span class='ocrx_word' id='word_1_272' title='bbox 2921 681 3053 733; x_wconf 91' lang='lat' dir='ltr'><strong>non,</strong></span> <span class='ocrx_word' id='word_1_273' title='bbox 3096 672 3154 719; x_wconf 85' lang='lat' dir='ltr'><strong>ut</strong></span> <span class='ocrx_word' id='word_1_274' title='bbox 3203 665 3369 728; x_wconf 89' lang='lat' dir='ltr'><strong>soles,</strong></span> <span class='ocrx_word' id='word_1_275' title='bbox 3409 665 3703 733; x_wconf 85' lang='lat' dir='ltr'><strong>apertein-</strong></span> 
     </span>
    </p>
   </div>
   <div class='ocr_carea' id='block_1_36' title="bbox 2127 756 3702 837">
    <p class='ocr_par' dir='ltr' id='par_1_36' title="bbox 2127 756 3702 837">
     <span class='ocr_line' id='line_1_36' title="bbox 2127 756 3702 837; baseline -0.01 -11"><span class='ocrx_word' id='word_1_276' title='bbox 2127 771 2318 837; x_wconf 90' lang='lat' dir='ltr'><strong>tueris,</strong></span> <span class='ocrx_word' id='word_1_277' title='bbox 2368 769 2461 824; x_wconf 71' lang='lat' dir='ltr'><strong>sed</strong></span> <span class='ocrx_word' id='word_1_278' title='bbox 2499 767 2554 821; x_wconf 90' lang='lat' dir='ltr'><strong>in</strong></span> <span class='ocrx_word' id='word_1_279' title='bbox 2586 767 2824 820; x_wconf 82' lang='lat' dir='ltr'><strong>latebras</strong></span> <span class='ocrx_word' id='word_1_280' title='bbox 2855 772 2909 818; x_wconf 92' lang='lat' dir='ltr'><strong>te</strong></span> <span class='ocrx_word' id='word_1_281' title='bbox 2958 776 2989 815; x_wconf 88' lang='lat' dir='ltr'><strong>a</strong></span> <span class='ocrx_word' id='word_1_282' title='bbox 3022 774 3107 813; x_wconf 89' lang='lat' dir='ltr'><strong>me</strong></span> <span class='ocrx_word' id='word_1_283' title='bbox 3136 757 3433 813; x_wconf 85' lang='lat' dir='ltr'><strong>subducis?</strong></span> <span class='ocrx_word' id='word_1_284' title='bbox 3494 756 3702 811; x_wconf 86' lang='lat' dir='ltr'><strong>Deinde</strong></span> 
     </span>
    </p>
   </div>
   <div class='ocr_carea' id='block_1_37' title="bbox 2128 849 3701 932">
    <p class='ocr_par' dir='ltr' id='par_1_37' title="bbox 2128 849 3701 932">
     <span class='ocr_line' id='line_1_37' title="bbox 2128 849 3701 932; baseline -0.009 -16"><span class='ocrx_word' id='word_1_285' title='bbox 2128 871 2188 917; x_wconf 93' lang='lat' dir='ltr'><strong>ut</strong></span> <span class='ocrx_word' id='word_1_286' title='bbox 2220 863 2337 932; x_wconf 87' lang='lat' dir='ltr'><strong>ipsa</strong></span> <span class='ocrx_word' id='word_1_287' title='bbox 2373 859 2799 927; x_wconf 80' lang='lat' dir='ltr'><strong>interrogatione</strong></span> <span class='ocrx_word' id='word_1_288' title='bbox 2829 854 3072 909; x_wconf 90' lang='lat' dir='ltr'><strong>animum</strong></span> <span class='ocrx_word' id='word_1_289' title='bbox 3108 851 3184 904; x_wconf 91' lang='lat' dir='ltr'><strong>illi</strong></span> <span class='ocrx_word' id='word_1_290' title='bbox 3207 849 3470 905; x_wconf 24' lang='lat' dir='ltr'><strong>redderet:</strong></span> <span class='ocrx_word' id='word_1_291' title='bbox 3491 849 3556 902; x_wconf 84' lang='lat' dir='ltr'><strong>ad</strong></span> <span class='ocrx_word' id='word_1_292' title='bbox 3584 849 3701 903; x_wconf 84' lang='lat' dir='ltr'><strong>col-</strong></span> 
     </span>
    </p>
   </div>
   <div class='ocr_carea' id='block_1_38' title="bbox 2126 940 3710 1025">
    <p class='ocr_par' dir='ltr' id='par_1_38' title="bbox 2126 940 3710 1025">
     <span class='ocr_line' id='line_1_38' title="bbox 2126 940 3710 1025; baseline -0.01 -15"><span class='ocrx_word' id='word_1_293' title='bbox 2126 955 2480 1025; x_wconf 84' lang='lat' dir='ltr'><strong>loquendum,</strong></span> <span class='ocrx_word' id='word_1_294' title='bbox 2514 962 2675 1021; x_wconf 89' lang='lat' dir='ltr'><strong>atque</strong></span> <span class='ocrx_word' id='word_1_295' title='bbox 2708 948 2775 1002; x_wconf 87' lang='lat' dir='ltr'><strong>ad</strong></span> <span class='ocrx_word' id='word_1_296' title='bbox 2809 943 3182 1017; x_wconf 69' lang='lat' dir='ltr'><strong>pmoitentiam</strong></span> <span class='ocrx_word' id='word_1_297' title='bbox 3202 942 3490 1005; x_wconf 84' lang='lat' dir='ltr'><strong>invitaret;</strong></span> <span class='ocrx_word' id='word_1_298' title='bbox 3523 940 3710 994; x_wconf 87' lang='lat' dir='ltr'><strong>adhoc</strong></span> 
     </span>
    </p>
   </div>
   <div class='ocr_carea' id='block_1_39' title="bbox 2126 1032 3710 1106">
    <p class='ocr_par' dir='ltr' id='par_1_39' title="bbox 2126 1032 3710 1106">
     <span class='ocr_line' id='line_1_39' title="bbox 2126 1032 3710 1106; baseline -0.011 -5"><span class='ocrx_word' id='word_1_299' title='bbox 2126 1055 2185 1102; x_wconf 94' lang='lat' dir='ltr'><strong>ut</strong></span> <span class='ocrx_word' id='word_1_300' title='bbox 2200 1045 2509 1101; x_wconf 81' lang='lat' dir='ltr'><strong>ostenderet</strong></span> <span class='ocrx_word' id='word_1_301' title='bbox 2538 1059 2597 1097; x_wconf 88' lang='lat' dir='ltr'><strong>se</strong></span> <span class='ocrx_word' id='word_1_302' title='bbox 2617 1039 2974 1094; x_wconf 81' lang='lat' dir='ltr'><strong>itaAdamum</strong></span> <span class='ocrx_word' id='word_1_303' title='bbox 2995 1049 3262 1106; x_wconf 72' lang='lat' dir='ltr'><strong>qurerere,</strong></span> <span class='ocrx_word' id='word_1_304' title='bbox 3282 1043 3343 1086; x_wconf 92' lang='lat' dir='ltr'><strong>ut</strong></span> <span class='ocrx_word' id='word_1_305' title='bbox 3367 1040 3519 1103; x_wconf 88' lang='lat' dir='ltr'><strong>pater</strong></span> <span class='ocrx_word' id='word_1_306' title='bbox 3539 1032 3710 1084; x_wconf 88' lang='lat' dir='ltr'><strong>amis-</strong></span> 
     </span>
    </p>
   </div>
   <div class='ocr_carea' id='block_1_40' title="bbox 2125 1123 3705 1201">
    <p class='ocr_par' dir='ltr' id='par_1_40' title="bbox 2125 1123 3705 1201">
     <span class='ocr_line' id='line_1_40' title="bbox 2125 1123 3705 1201; baseline -0.011 -9"><span class='ocrx_word' id='word_1_307' title='bbox 2125 1148 2251 1193; x_wconf 87' lang='lat' dir='ltr'><strong>sum</strong></span> <span class='ocrx_word' id='word_1_308' title='bbox 2272 1136 2462 1201; x_wconf 88' lang='lat' dir='ltr'><strong>lilium,</strong></span> <span class='ocrx_word' id='word_1_309' title='bbox 2483 1132 2711 1189; x_wconf 84' lang='lat' dir='ltr'><strong>sollicite</strong></span> <span class='ocrx_word' id='word_1_310' title='bbox 2735 1130 3043 1197; x_wconf 78' lang='lat' dir='ltr'><strong>investigat.</strong></span> <span class='ocrx_word' id='word_1_311' title='bbox 3061 1129 3240 1196; x_wconf 84' lang='lat' dir='ltr'><strong>Atque</strong></span> <span class='ocrx_word' id='word_1_312' title='bbox 3261 1125 3376 1179; x_wconf 67' lang='lat' dir='ltr'><strong>haec</strong></span> <span class='ocrx_word' id='word_1_313' title='bbox 3406 1123 3705 1194; x_wconf 89' lang='lat' dir='ltr'><strong>posteriora</strong></span> 
     </span>
    </p>
   </div>
   <div class='ocr_carea' id='block_1_41' title="bbox 2126 1213 3707 1295">
    <p class='ocr_par' dir='ltr' id='par_1_41' title="bbox 2126 1213 3707 1295">
     <span class='ocr_line' id='line_1_41' title="bbox 2126 1213 3707 1295; baseline -0.01 -13"><span class='ocrx_word' id='word_1_314' title='bbox 2126 1230 2235 1283; x_wconf 87' lang='lat' dir='ltr'><strong>duo</strong></span> <span class='ocrx_word' id='word_1_315' title='bbox 2266 1227 2391 1281; x_wconf 89' lang='lat' dir='ltr'><strong>inde</strong></span> <span class='ocrx_word' id='word_1_316' title='bbox 2408 1224 2854 1295; x_wconf 77' lang='lat' dir='ltr'><strong>comprobantur,</strong></span> <span class='ocrx_word' id='word_1_317' title='bbox 2880 1221 3023 1292; x_wconf 90' lang='lat' dir='ltr'><strong>quod</strong></span> <span class='ocrx_word' id='word_1_318' title='bbox 3057 1233 3164 1273; x_wconf 93' lang='lat' dir='ltr'><strong>non</strong></span> <span class='ocrx_word' id='word_1_319' title='bbox 3192 1216 3350 1286; x_wconf 87' lang='lat' dir='ltr'><strong>quasi</strong></span> <span class='ocrx_word' id='word_1_320' title='bbox 3379 1213 3707 1284; x_wconf 89' lang='lat' dir='ltr'><strong>supplicium</strong></span> 
     </span>
    </p>
   </div>
   <div class='ocr_carea' id='block_1_42' title="bbox 2126 1305 3711 1387">
    <p class='ocr_par' dir='ltr' id='par_1_42' title="bbox 2126 1305 3711 1387">
     <span class='ocr_line' id='line_1_42' title="bbox 2126 1305 3711 1387; baseline -0.01 -14"><span class='ocrx_word' id='word_1_321' title='bbox 2126 1320 2194 1374; x_wconf 88' lang='lat' dir='ltr'><strong>de</strong></span> <span class='ocrx_word' id='word_1_322' title='bbox 2228 1318 2341 1373; x_wconf 85' lang='lat' dir='ltr'><strong>illis</strong></span> <span class='ocrx_word' id='word_1_323' title='bbox 2372 1320 2697 1387; x_wconf 84' lang='lat' dir='ltr'><strong>sumpturus</strong></span> <span class='ocrx_word' id='word_1_324' title='bbox 2717 1329 2776 1369; x_wconf 91' lang='lat' dir='ltr'><strong>se</strong></span> <span class='ocrx_word' id='word_1_325' title='bbox 2797 1315 2910 1384; x_wconf 88' lang='lat' dir='ltr'><strong>jam</strong></span> <span class='ocrx_word' id='word_1_326' title='bbox 2962 1311 3094 1381; x_wconf 85' lang='lat' dir='ltr'><strong>ipsis</strong></span> <span class='ocrx_word' id='word_1_327' title='bbox 3112 1309 3423 1365; x_wconf 77' lang='lat' dir='ltr'><strong>exhibuerit</strong></span> <span class='ocrx_word' id='word_1_328' title='bbox 3451 1306 3505 1359; x_wconf 89' lang='lat' dir='ltr'><strong>in</strong></span> <span class='ocrx_word' id='word_1_329' title='bbox 3530 1305 3711 1375; x_wconf 79' lang='lat' dir='ltr'><strong>primo</strong></span> 
     </span>
    </p>
   </div>
   <div class='ocr_carea' id='block_1_43' title="bbox 2129 1398 3712 1480">
    <p class='ocr_par' dir='ltr' id='par_1_43' title="bbox 2129 1398 3712 1480">
     <span class='ocr_line' id='line_1_43' title="bbox 2129 1398 3712 1480; baseline -0.011 -15"><span class='ocrx_word' id='word_1_330' title='bbox 2129 1412 2231 1466; x_wconf 92' lang='lat' dir='ltr'><strong>hoc</strong></span> <span class='ocrx_word' id='word_1_331' title='bbox 2264 1424 2587 1480; x_wconf 87' lang='lat' dir='ltr'><strong>congressu,</strong></span> <span class='ocrx_word' id='word_1_332' title='bbox 2640 1406 2845 1475; x_wconf 91' lang='lat' dir='ltr'><strong>aiioqni</strong></span> <span class='ocrx_word' id='word_1_333' title='bbox 2888 1404 3034 1459; x_wconf 91' lang='lat' dir='ltr'><strong>enim</strong></span> <span class='ocrx_word' id='word_1_334' title='bbox 3067 1417 3174 1457; x_wconf 88' lang='lat' dir='ltr'><strong>non</strong></span> <span class='ocrx_word' id='word_1_335' title='bbox 3206 1410 3318 1455; x_wconf 86' lang='lat' dir='ltr'><strong>tam</strong></span> <span class='ocrx_word' id='word_1_336' title='bbox 3354 1398 3554 1454; x_wconf 87' lang='lat' dir='ltr'><strong>blande</strong></span> <span class='ocrx_word' id='word_1_337' title='bbox 3607 1411 3712 1451; x_wconf 90' lang='lat' dir='ltr'><strong>suo</strong></span> 
     </span>
    </p>
   </div>
   <div class='ocr_carea' id='block_1_44' title="bbox 2127 1489 3714 1569">
    <p class='ocr_par' dir='ltr' id='par_1_44' title="bbox 2127 1489 3714 1569">
     <span class='ocr_line' id='line_1_44' title="bbox 2127 1489 3714 1569; baseline -0.008 -12"><span class='ocrx_word' id='word_1_338' title='bbox 2127 1503 2279 1557; x_wconf 77' lang='lat' dir='ltr'><strong>illum</strong></span> <span class='ocrx_word' id='word_1_339' title='bbox 2306 1503 2526 1556; x_wconf 90' lang='lat' dir='ltr'><strong>nomine</strong></span> <span class='ocrx_word' id='word_1_340' title='bbox 2553 1506 2942 1569; x_wconf 80' lang='lat' dir='ltr'><strong>nuncupasset.</strong></span> <span class='ocrx_word' id='word_1_341' title='bbox 2966 1494 3060 1551; x_wconf 88' lang='lat' dir='ltr'><strong>Est</strong></span> <span class='ocrx_word' id='word_1_342' title='bbox 3074 1496 3218 1549; x_wconf 91' lang='lat' dir='ltr'><strong>enim</strong></span> <span class='ocrx_word' id='word_1_343' title='bbox 3238 1494 3353 1547; x_wconf 68' lang='lat' dir='ltr'><strong>haec</strong></span> <span class='ocrx_word' id='word_1_344' title='bbox 3376 1491 3449 1545; x_wconf 86' lang='lat' dir='ltr'><strong>illi</strong></span> <span class='ocrx_word' id='word_1_345' title='bbox 3469 1489 3714 1544; x_wconf 63' lang='lat' dir='ltr'><strong>Paulina</strong></span> 
     </span>
    </p>
   </div>
   <div class='ocr_carea' id='block_1_45' title="bbox 2129 1582 3714 1664">
    <p class='ocr_par' dir='ltr' id='par_1_45' title="bbox 2129 1582 3714 1664">
     <span class='ocr_line' id='line_1_45' title="bbox 2129 1582 3714 1664; baseline -0.011 -11"><span class='ocrx_word' id='word_1_346' title='bbox 2129 1598 2327 1653; x_wconf 86' lang='lat' dir='ltr'><strong>similis</strong></span> <span class='ocrx_word' id='word_1_347' title='bbox 2364 1594 2732 1664; x_wconf 82' lang='lat' dir='ltr'><strong>interpellatio</strong></span> <span class='ocrx_word' id='word_1_348' title='bbox 2762 1609 2777 1646; x_wconf 90' lang='lat'><strong>:</strong></span> <span class='ocrx_word' id='word_1_349' title='bbox 2808 1589 2992 1654; x_wconf 83' lang='lat' dir='ltr'><strong>Saule,</strong></span> <span class='ocrx_word' id='word_1_350' title='bbox 3049 1604 3145 1641; x_wconf 89' lang='lat' dir='ltr'><strong>cur</strong></span> <span class='ocrx_word' id='word_1_351' title='bbox 3171 1603 3252 1639; x_wconf 87' lang='lat' dir='ltr'><strong>me</strong></span> <span class='ocrx_word' id='word_1_352' title='bbox 3279 1583 3607 1654; x_wconf 84' lang='lat' dir='ltr'><strong>persequeris</strong></span> <span class='ocrx_word' id='word_1_353' title='bbox 3624 1582 3714 1635; x_wconf 77' lang='lat'><strong>&quot;.’</strong></span> 
     </span>
    </p>
   </div>
   <div class='ocr_carea' id='block_1_46' title="bbox 2131 1675 3705 1758">
    <p class='ocr_par' dir='ltr' id='par_1_46' title="bbox 2131 1675 3705 1758">
     <span class='ocr_line' id='line_1_46' title="bbox 2131 1675 3705 1758; baseline -0.012 -11"><span class='ocrx_word' id='word_1_354' title='bbox 2131 1705 2230 1746; x_wconf 88' lang='lat' dir='ltr'><strong>cur</strong></span> <span class='ocrx_word' id='word_1_355' title='bbox 2259 1706 2371 1744; x_wconf 92' lang='lat' dir='ltr'><strong>non</strong></span> <span class='ocrx_word' id='word_1_356' title='bbox 2397 1687 2656 1758; x_wconf 84' lang='lat' dir='ltr'><strong>perdendi</strong></span> <span class='ocrx_word' id='word_1_357' title='bbox 2684 1686 2857 1755; x_wconf 84' lang='lat' dir='ltr'><strong>ipsius</strong></span> <span class='ocrx_word' id='word_1_358' title='bbox 2890 1697 3057 1737; x_wconf 87' lang='lat' dir='ltr'><strong>causa</strong></span> <span class='ocrx_word' id='word_1_359' title='bbox 3091 1696 3151 1735; x_wconf 87' lang='lat' dir='ltr'><strong>se</strong></span> <span class='ocrx_word' id='word_1_360' title='bbox 3177 1680 3254 1734; x_wconf 87' lang='lat' dir='ltr'><strong>illi</strong></span> <span class='ocrx_word' id='word_1_361' title='bbox 3285 1675 3705 1737; x_wconf 80' lang='lat' dir='ltr'><strong>oll‘crretJesus,</strong></span> 
     </span>
    </p>
   </div>
   <div class='ocr_carea' id='block_1_47' title="bbox 2132 1772 3712 1852">
    <p class='ocr_par' dir='ltr' id='par_1_47' title="bbox 2132 1772 3712 1852">
     <span class='ocr_line' id='line_1_47' title="bbox 2132 1772 3712 1852; baseline -0.01 -14"><span class='ocrx_word' id='word_1_362' title='bbox 2132 1784 2462 1852; x_wconf 73' lang='lat' dir='ltr'><strong>nornineque</strong></span> <span class='ocrx_word' id='word_1_363' title='bbox 2492 1779 2865 1848; x_wconf 85' lang='lat' dir='ltr'><strong>compellaret,</strong></span> <span class='ocrx_word' id='word_1_364' title='bbox 2900 1774 2999 1831; x_wconf 88' lang='lat' dir='ltr'><strong>sed</strong></span> <span class='ocrx_word' id='word_1_365' title='bbox 3045 1783 3104 1828; x_wconf 94' lang='lat' dir='ltr'><strong>ut</strong></span> <span class='ocrx_word' id='word_1_366' title='bbox 3139 1772 3205 1826; x_wconf 92' lang='lat' dir='ltr'><strong>ad</strong></span> <span class='ocrx_word' id='word_1_367' title='bbox 3246 1785 3561 1827; x_wconf 86' lang='lat' dir='ltr'><strong>sermonem</strong></span> <span class='ocrx_word' id='word_1_368' title='bbox 3613 1784 3712 1823; x_wconf 74' lang='lat' dir='ltr'><strong>ex-</strong></span> 
     </span>
    </p>
   </div>
   <div class='ocr_carea' id='block_1_48' title="bbox 2131 1863 3713 1944">
    <p class='ocr_par' dir='ltr' id='par_1_48' title="bbox 2131 1863 3713 1944">
     <span class='ocr_line' id='line_1_48' title="bbox 2131 1863 3713 1944; baseline -0.013 -9"><span class='ocrx_word' id='word_1_369' title='bbox 2131 1878 2585 1944; x_wconf 80' lang='lat' dir='ltr'><strong>eusationemque</strong></span> <span class='ocrx_word' id='word_1_370' title='bbox 2611 1878 2954 1942; x_wconf 84' lang='lat' dir='ltr'><strong>provocaret.</strong></span> <span class='ocrx_word' id='word_1_371' title='bbox 2989 1868 3129 1921; x_wconf 87' lang='lat' dir='ltr'><strong>Tum</strong></span> <span class='ocrx_word' id='word_1_372' title='bbox 3158 1866 3322 1919; x_wconf 88' lang='lat' dir='ltr'><strong>etiam</strong></span> <span class='ocrx_word' id='word_1_373' title='bbox 3356 1863 3401 1918; x_wconf 89' lang='lat' dir='ltr'><strong>si</strong></span> <span class='ocrx_word' id='word_1_374' title='bbox 3440 1878 3538 1931; x_wconf 91' lang='lat' dir='ltr'><strong>per</strong></span> <span class='ocrx_word' id='word_1_375' title='bbox 3575 1876 3713 1916; x_wconf 87' lang='lat' dir='ltr'><strong>cau-</strong></span> 
     </span>
    </p>
   </div>
   <div class='ocr_carea' id='block_1_49' title="bbox 2132 1954 3711 2039">
    <p class='ocr_par' dir='ltr' id='par_1_49' title="bbox 2132 1954 3711 2039">
     <span class='ocr_line' id='line_1_49' title="bbox 2132 1954 3711 2039; baseline -0.013 -13"><span class='ocrx_word' id='word_1_376' title='bbox 2132 1984 2250 2027; x_wconf 88' lang='lat' dir='ltr'><strong>sam</strong></span> <span class='ocrx_word' id='word_1_377' title='bbox 2277 1966 2535 2039; x_wconf 87' lang='lat' dir='ltr'><strong>perdendi</strong></span> <span class='ocrx_word' id='word_1_378' title='bbox 2566 1966 2674 2019; x_wconf 90' lang='lat' dir='ltr'><strong>illis</strong></span> <span class='ocrx_word' id='word_1_379' title='bbox 2702 1961 3071 2032; x_wconf 85' lang='lat' dir='ltr'><strong>apparuisset,</strong></span> <span class='ocrx_word' id='word_1_380' title='bbox 3112 1959 3301 2026; x_wconf 86' lang='lat' dir='ltr'><strong>utique</strong></span> <span class='ocrx_word' id='word_1_381' title='bbox 3348 1954 3711 2020; x_wconf 84' lang='lat' dir='ltr'><strong>perdidisset;</strong></span> 
     </span>
    </p>
   </div>
   <div class='ocr_carea' id='block_1_50' title="bbox 2132 2045 3723 2129">
    <p class='ocr_par' dir='ltr' id='par_1_50' title="bbox 2132 2045 3723 2129">
     <span class='ocr_line' id='line_1_50' title="bbox 2132 2045 3723 2129; baseline -0.013 -12"><span class='ocrx_word' id='word_1_382' title='bbox 2132 2061 2216 2117; x_wconf 86' lang='lat' dir='ltr'><strong>vel</strong></span> <span class='ocrx_word' id='word_1_383' title='bbox 2251 2060 2424 2129; x_wconf 83' lang='lat' dir='ltr'><strong>aquis,</strong></span> <span class='ocrx_word' id='word_1_384' title='bbox 2459 2066 2519 2111; x_wconf 88' lang='lat' dir='ltr'><strong>ut</strong></span> <span class='ocrx_word' id='word_1_385' title='bbox 2559 2057 2735 2126; x_wconf 84' lang='lat' dir='ltr'><strong>prisca</strong></span> <span class='ocrx_word' id='word_1_386' title='bbox 2794 2053 2908 2107; x_wconf 87' lang='lat' dir='ltr'><strong>Noe</strong></span> <span class='ocrx_word' id='word_1_387' title='bbox 2958 2050 3156 2105; x_wconf 62' lang='lat' dir='ltr'><strong>sa&#39;cula</strong></span> <span class='ocrx_word' id='word_1_388' title='bbox 3213 2048 3280 2112; x_wconf 86' lang='lat'><strong>&quot;,</strong></span> <span class='ocrx_word' id='word_1_389' title='bbox 3337 2045 3420 2099; x_wconf 82' lang='lat' dir='ltr'><strong>vel</strong></span> <span class='ocrx_word' id='word_1_390' title='bbox 3470 2046 3611 2114; x_wconf 87' lang='lat' dir='ltr'><strong>igne,</strong></span> <span class='ocrx_word' id='word_1_391' title='bbox 3659 2052 3723 2097; x_wconf 82' lang='lat' dir='ltr'><strong>ut</strong></span> 
     </span>
    </p>
   </div>
   <div class='ocr_carea' id='block_1_51' title="bbox 2100 2134 3719 2208">
    <p class='ocr_par' dir='ltr' id='par_1_51' title="bbox 2100 2134 3719 2208">
     <span class='ocr_line' id='line_1_51' title="bbox 2100 2134 3719 2208; baseline -0.014 0"><span class='ocrx_word' id='word_1_392' title='bbox 2100 2150 2459 2208; x_wconf 74' lang='lat' dir='ltr'><strong>&#39;Sodomitas</strong></span> <span class='ocrx_word' id='word_1_393' title='bbox 2494 2150 2559 2208; x_wconf 77' lang='grc'><strong>⁷³,</strong></span> <span class='ocrx_word' id='word_1_394' title='bbox 2624 2146 2707 2199; x_wconf 85' lang='lat' dir='ltr'><strong>vel</strong></span> <span class='ocrx_word' id='word_1_395' title='bbox 2753 2148 2895 2199; x_wconf 84' lang='lat' dir='ltr'><strong>terra</strong></span> <span class='ocrx_word' id='word_1_396' title='bbox 2932 2142 3266 2202; x_wconf 84' lang='lat' dir='ltr'><strong>dehiscente,</strong></span> <span class='ocrx_word' id='word_1_397' title='bbox 3303 2145 3363 2190; x_wconf 93' lang='lat' dir='ltr'><strong>ut</strong></span> <span class='ocrx_word' id='word_1_398' title='bbox 3414 2134 3719 2188; x_wconf 83' lang='lat' dir='ltr'><strong>Dathanam</strong></span> 
     </span>
    </p>
   </div>
   <div class='ocr_carea' id='block_1_52' title="bbox 2134 2225 3717 2305">
    <p class='ocr_par' dir='ltr' id='par_1_52' title="bbox 2134 2225 3717 2305">
     <span class='ocr_line' id='line_1_52' title="bbox 2134 2225 3717 2305; baseline -0.015 -2"><span class='ocrx_word' id='word_1_399' title='bbox 2134 2258 2188 2303; x_wconf 87' lang='lat' dir='ltr'><strong>et</strong></span> <span class='ocrx_word' id='word_1_400' title='bbox 2221 2246 2519 2301; x_wconf 82' lang='lat' dir='ltr'><strong>Abironcm</strong></span> <span class='ocrx_word' id='word_1_401' title='bbox 2553 2242 2598 2273; x_wconf 75' lang='grc'><strong>⁷³</strong></span> <span class='ocrx_word' id='word_1_402' title='bbox 2626 2257 2641 2305; x_wconf 88' lang='lat'><strong>;</strong></span> <span class='ocrx_word' id='word_1_403' title='bbox 2688 2246 2845 2294; x_wconf 87' lang='lat' dir='ltr'><strong>erant</strong></span> <span class='ocrx_word' id='word_1_404' title='bbox 2872 2237 3019 2289; x_wconf 90' lang='lat' dir='ltr'><strong>enim</strong></span> <span class='ocrx_word' id='word_1_405' title='bbox 3050 2232 3318 2302; x_wconf 77' lang='lat' dir='ltr'><strong>ejusmodi</strong></span> <span class='ocrx_word' id='word_1_406' title='bbox 3353 2228 3527 2284; x_wconf 75' lang='lat' dir='ltr'><strong>exitio</strong></span> <span class='ocrx_word' id='word_1_407' title='bbox 3552 2225 3717 2297; x_wconf 85' lang='lat' dir='ltr'><strong>primi</strong></span> 
     </span>
    </p>
   </div>
   <div class='ocr_carea' id='block_1_53' title="bbox 2136 2319 3721 2411">
    <p class='ocr_par' dir='ltr' id='par_1_53' title="bbox 2136 2319 3721 2411">
     <span class='ocr_line' id='line_1_53' title="bbox 2136 2319 3721 2411; baseline -0.014 -17"><span class='ocrx_word' id='word_1_408' title='bbox 2136 2349 2389 2411; x_wconf 87' lang='lat' dir='ltr'><strong>parentes</strong></span> <span class='ocrx_word' id='word_1_409' title='bbox 2435 2349 2654 2407; x_wconf 82' lang='lat' dir='ltr'><strong>quoque</strong></span> <span class='ocrx_word' id='word_1_410' title='bbox 2690 2333 2802 2402; x_wconf 82' lang='lat' dir='ltr'><strong>jam</strong></span> <span class='ocrx_word' id='word_1_411' title='bbox 2856 2340 2969 2384; x_wconf 89' lang='lat' dir='ltr'><strong>tum</strong></span> <span class='ocrx_word' id='word_1_412' title='bbox 3012 2326 3185 2397; x_wconf 84' lang='lat' dir='ltr'><strong>digni,</strong></span> <span class='ocrx_word' id='word_1_413' title='bbox 3223 2323 3425 2393; x_wconf 88' lang='lat' dir='ltr'><strong>quippe</strong></span> <span class='ocrx_word' id='word_1_414' title='bbox 3452 2322 3544 2391; x_wconf 91' lang='lat' dir='ltr'><strong>qui</strong></span> <span class='ocrx_word' id='word_1_415' title='bbox 3574 2319 3721 2411; x_wconf 82' lang='lat' dir='ltr'><strong>salu-</strong></span> 
     </span>
    </p>
   </div>
   <div class='ocr_carea' id='block_1_54' title="bbox 2136 2410 3717 2495">
    <p class='ocr_par' dir='ltr' id='par_1_54' title="bbox 2136 2410 3717 2495">
     <span class='ocr_line' id='line_1_54' title="bbox 2136 2410 3717 2495; baseline -0.014 -9"><span class='ocrx_word' id='word_1_416' title='bbox 2136 2410 2238 2486; x_wconf 82' lang='lat' dir='ltr'><strong>tari</strong></span> <span class='ocrx_word' id='word_1_417' title='bbox 2270 2430 2520 2484; x_wconf 88' lang='lat' dir='ltr'><strong>doctrina</strong></span> <span class='ocrx_word' id='word_1_418' title='bbox 2568 2426 2792 2495; x_wconf 73' lang='lat' dir='ltr'><strong>reiecta,</strong></span> <span class='ocrx_word' id='word_1_419' title='bbox 2826 2419 3187 2491; x_wconf 87' lang='lat' dir='ltr'><strong>perniciosam</strong></span> <span class='ocrx_word' id='word_1_420' title='bbox 3220 2410 3717 2482; x_wconf 76' lang='lat' dir='ltr'><strong>fuerantamplexi,</strong></span> 
     </span>
    </p>
   </div>
   <div class='ocr_carea' id='block_1_55' title="bbox 2137 2501 3720 2589">
    <p class='ocr_par' dir='ltr' id='par_1_55' title="bbox 2137 2501 3720 2589">
     <span class='ocr_line' id='line_1_55' title="bbox 2137 2501 3720 2589; baseline -0.015 -11"><span class='ocrx_word' id='word_1_421' title='bbox 2137 2533 2193 2578; x_wconf 88' lang='lat' dir='ltr'><strong>et</strong></span> <span class='ocrx_word' id='word_1_422' title='bbox 2226 2536 2342 2575; x_wconf 87' lang='lat' dir='ltr'><strong>eam</strong></span> <span class='ocrx_word' id='word_1_423' title='bbox 2369 2536 2489 2589; x_wconf 81' lang='lat' dir='ltr'><strong>quae</strong></span> <span class='ocrx_word' id='word_1_424' title='bbox 2523 2532 2644 2573; x_wconf 88' lang='lat' dir='ltr'><strong>cum</strong></span> <span class='ocrx_word' id='word_1_425' title='bbox 2678 2516 2769 2570; x_wconf 88' lang='lat' dir='ltr'><strong>Dei</strong></span> <span class='ocrx_word' id='word_1_426' title='bbox 2808 2514 2975 2567; x_wconf 86' lang='lat' dir='ltr'><strong>verbo</strong></span> <span class='ocrx_word' id='word_1_427' title='bbox 3003 2522 3253 2580; x_wconf 89' lang='lat' dir='ltr'><strong>prorsum</strong></span> <span class='ocrx_word' id='word_1_428' title='bbox 3284 2505 3584 2576; x_wconf 80' lang='lat' dir='ltr'><strong>pugnabat.</strong></span> <span class='ocrx_word' id='word_1_429' title='bbox 3623 2501 3720 2555; x_wconf 86' lang='lat' dir='ltr'><strong>Di-</strong></span> 
     </span>
    </p>
   </div>
   <div class='ocr_carea' id='block_1_56' title="bbox 2137 2594 3723 2671">
    <p class='ocr_par' dir='ltr' id='par_1_56' title="bbox 2137 2594 3723 2671">
     <span class='ocr_line' id='line_1_56' title="bbox 2137 2594 3723 2671; baseline -0.015 0"><span class='ocrx_word' id='word_1_430' title='bbox 2137 2621 2287 2671; x_wconf 78' lang='lat' dir='ltr'><strong>xerat</strong></span> <span class='ocrx_word' id='word_1_431' title='bbox 2325 2613 2471 2667; x_wconf 88' lang='lat' dir='ltr'><strong>enim</strong></span> <span class='ocrx_word' id='word_1_432' title='bbox 2494 2609 2637 2664; x_wconf 76' lang='lat' dir='ltr'><strong>Deus</strong></span> <span class='ocrx_word' id='word_1_433' title='bbox 2681 2625 2693 2661; x_wconf 92' lang='lat'><strong>:</strong></span> <span class='ocrx_word' id='word_1_434' title='bbox 2753 2605 2923 2659; x_wconf 84' lang='lat' dir='ltr'><strong>Morte</strong></span> <span class='ocrx_word' id='word_1_435' title='bbox 2982 2599 3283 2655; x_wconf 81' lang='lat' dir='ltr'><strong>moriemini</strong></span> <span class='ocrx_word' id='word_1_436' title='bbox 3328 2613 3433 2667; x_wconf 83' lang='lat' dir='ltr'><strong>qua</strong></span> <span class='ocrx_word' id='word_1_437' title='bbox 3470 2597 3555 2649; x_wconf 87' lang='lat' dir='ltr'><strong>die</strong></span> <span class='ocrx_word' id='word_1_438' title='bbox 3600 2594 3723 2648; x_wconf 84' lang='lat' dir='ltr'><strong>ede-</strong></span> 
     </span>
    </p>
   </div>
   <div class='ocr_carea' id='block_1_57' title="bbox 2138 2685 3722 2766">
    <p class='ocr_par' dir='ltr' id='par_1_57' title="bbox 2138 2685 3722 2766">
     <span class='ocr_line' id='line_1_57' title="bbox 2138 2685 3722 2766; baseline -0.015 -5"><span class='ocrx_word' id='word_1_439' title='bbox 2138 2708 2259 2761; x_wconf 85' lang='lat' dir='ltr'><strong>ritis</strong></span> <span class='ocrx_word' id='word_1_440' title='bbox 2306 2706 2370 2759; x_wconf 82' lang='lat' dir='ltr'><strong>de</strong></span> <span class='ocrx_word' id='word_1_441' title='bbox 2416 2702 2639 2766; x_wconf 81' lang='lat' dir='ltr'><strong>arbore;</strong></span> <span class='ocrx_word' id='word_1_442' title='bbox 2689 2699 2774 2751; x_wconf 90' lang='lat' dir='ltr'><strong>ille</strong></span> <span class='ocrx_word' id='word_1_443' title='bbox 2813 2710 2943 2750; x_wconf 88' lang='lat' dir='ltr'><strong>vero</strong></span> <span class='ocrx_word' id='word_1_444' title='bbox 3002 2693 3175 2748; x_wconf 82' lang='lat' dir='ltr'><strong>alter:</strong></span> <span class='ocrx_word' id='word_1_445' title='bbox 3237 2688 3365 2742; x_wconf 81' lang='lat' dir='ltr'><strong>Non</strong></span> <span class='ocrx_word' id='word_1_446' title='bbox 3402 2685 3722 2739; x_wconf 84' lang='lat' dir='ltr'><strong>moriemini.</strong></span> 
     </span>
    </p>
   </div>
   <div class='ocr_carea' id='block_1_58' title="bbox 2211 2774 3726 2860">
    <p class='ocr_par' dir='ltr' id='par_1_58' title="bbox 2211 2774 3726 2860">
     <span class='ocr_line' id='line_1_58' title="bbox 2211 2774 3726 2860; baseline -0.017 -11"><span class='ocrx_word' id='word_1_447' title='bbox 2211 2795 2312 2848; x_wconf 83' lang='lat' dir='ltr'><strong>Dei</strong></span> <span class='ocrx_word' id='word_1_448' title='bbox 2364 2790 2814 2860; x_wconf 63' lang='lat' dir='ltr'><strong>expostulationes</strong></span> <span class='ocrx_word' id='word_1_449' title='bbox 2890 2798 3007 2837; x_wconf 85' lang='lat' dir='ltr'><strong>cum</strong></span> <span class='ocrx_word' id='word_1_450' title='bbox 3060 2780 3245 2850; x_wconf 81' lang='lat' dir='ltr'><strong>primis</strong></span> <span class='ocrx_word' id='word_1_451' title='bbox 3295 2774 3621 2847; x_wconf 80' lang='lat' dir='ltr'><strong>parentibus.</strong></span> <span class='ocrx_word' id='word_1_452' title='bbox 3650 2798 3726 2812; x_wconf 90' lang='lat'><strong><em>—</em></strong></span> 
     </span>
    </p>
   </div>
   <div class='ocr_carea' id='block_1_59' title="bbox 2141 2865 3719 2957">
    <p class='ocr_par' dir='ltr' id='par_1_59' title="bbox 2141 2865 3719 2957">
     <span class='ocr_line' id='line_1_59' title="bbox 2141 2865 3719 2957; baseline -0.015 -15"><span class='ocrx_word' id='word_1_453' title='bbox 2141 2887 2324 2957; x_wconf 82' lang='lat' dir='ltr'><strong>Neque</strong></span> <span class='ocrx_word' id='word_1_454' title='bbox 2381 2897 2512 2937; x_wconf 88' lang='lat' dir='ltr'><strong>vero</strong></span> <span class='ocrx_word' id='word_1_455' title='bbox 2542 2880 2713 2934; x_wconf 87' lang='lat' dir='ltr'><strong>multa</strong></span> <span class='ocrx_word' id='word_1_456' title='bbox 2772 2876 2880 2930; x_wconf 89' lang='lat' dir='ltr'><strong>Deo</strong></span> <span class='ocrx_word' id='word_1_457' title='bbox 2915 2874 3220 2929; x_wconf 79' lang='lat' dir='ltr'><strong>defuissent</strong></span> <span class='ocrx_word' id='word_1_458' title='bbox 3276 2883 3397 2939; x_wconf 70' lang='lat' dir='ltr'><strong>qua:</strong></span> <span class='ocrx_word' id='word_1_459' title='bbox 3449 2865 3719 2919; x_wconf 78' lang='lat' dir='ltr'><strong>adversus</strong></span> 
     </span>
    </p>
   </div>
   <div class='ocr_carea' id='block_1_60' title="bbox 2140 2964 3716 3049">
    <p class='ocr_par' dir='ltr' id='par_1_60' title="bbox 2140 2964 3716 3049">
     <span class='ocr_line' id='line_1_60' title="bbox 2140 2964 3716 3049; baseline -0.018 -12"><span class='ocrx_word' id='word_1_460' title='bbox 2140 2982 2263 3037; x_wconf 89' lang='lat' dir='ltr'><strong>illos</strong></span> <span class='ocrx_word' id='word_1_461' title='bbox 2292 2978 2560 3049; x_wconf 86' lang='lat' dir='ltr'><strong>potuisset</strong></span> <span class='ocrx_word' id='word_1_462' title='bbox 2590 2973 2794 3034; x_wconf 82' lang='lat' dir='ltr'><strong>dicere,</strong></span> <span class='ocrx_word' id='word_1_463' title='bbox 2828 2969 2872 3024; x_wconf 89' lang='lat' dir='ltr'><strong>si</strong></span> <span class='ocrx_word' id='word_1_464' title='bbox 2905 2964 3260 3036; x_wconf 77' lang='lat' dir='ltr'><strong>expostulare</strong></span> <span class='ocrx_word' id='word_1_465' title='bbox 3297 2970 3556 3028; x_wconf 86' lang='lat' dir='ltr'><strong>tanquam</strong></span> <span class='ocrx_word' id='word_1_466' title='bbox 3587 2969 3716 3010; x_wconf 79' lang='lat' dir='ltr'><strong>cunt</strong></span> 
     </span>
    </p>
   </div>
   <div class='ocr_carea' id='block_1_61' title="bbox 460 3054 3724 3144">
    <p class='ocr_par' dir='ltr' id='par_1_61' title="bbox 460 3054 3724 3144">
     <span class='ocr_line' id='line_1_61' title="bbox 460 3054 3724 3144; baseline -0.005 -30"><span class='ocrx_word' id='word_1_467' title='bbox 460 3077 651 3116; x_wconf 85' lang='lat' dir='ltr'><strong>verum</strong></span> <span class='ocrx_word' id='word_1_468' title='bbox 677 3063 839 3129; x_wconf 87' lang='lat' dir='ltr'><strong>jnstis</strong></span> <span class='ocrx_word' id='word_1_469' title='bbox 866 3063 934 3117; x_wconf 90' lang='lat' dir='ltr'><strong>de</strong></span> <span class='ocrx_word' id='word_1_470' title='bbox 984 3065 1191 3129; x_wconf 89' lang='lat' dir='ltr'><strong>causis,</strong></span> <span class='ocrx_word' id='word_1_471' title='bbox 1225 3065 1371 3118; x_wconf 90' lang='lat' dir='ltr'><strong>hisce</strong></span> <span class='ocrx_word' id='word_1_472' title='bbox 1396 3076 1450 3120; x_wconf 88' lang='lat' dir='ltr'><strong>et</strong></span> <span class='ocrx_word' id='word_1_473' title='bbox 1483 3066 1611 3121; x_wconf 88' lang='lat' dir='ltr'><strong>aliis</strong></span> <span class='ocrx_word' id='word_1_474' title='bbox 1646 3067 2030 3140; x_wconf 78' lang='lat' dir='ltr'><strong>interrogatio-</strong></span> <span class='ocrx_word' id='word_1_475' title='bbox 2065 3084 2108 3144; x_wconf 77' lang='grc' dir='ltr'>ο</span> <span class='ocrx_word' id='word_1_476' title='bbox 2144 3072 2395 3129; x_wconf 82' lang='lat' dir='ltr'><strong>hostibus</strong></span> <span class='ocrx_word' id='word_1_477' title='bbox 2424 3067 2675 3121; x_wconf 88' lang='lat' dir='ltr'><strong>libuisset</strong></span> <span class='ocrx_word' id='word_1_478' title='bbox 2712 3100 2728 3127; x_wconf 90' lang='lat'><strong>,</strong></span> <span class='ocrx_word' id='word_1_479' title='bbox 2776 3061 2936 3132; x_wconf 90' lang='lat' dir='ltr'><strong>quale</strong></span> <span class='ocrx_word' id='word_1_480' title='bbox 2968 3072 3053 3114; x_wconf 88' lang='lat' dir='ltr'><strong>est</strong></span> <span class='ocrx_word' id='word_1_481' title='bbox 3087 3056 3219 3111; x_wconf 87' lang='lat' dir='ltr'><strong>illud</strong></span> <span class='ocrx_word' id='word_1_482' title='bbox 3248 3073 3262 3110; x_wconf 89' lang='lat'><strong>:</strong></span> <span class='ocrx_word' id='word_1_483' title='bbox 3297 3054 3381 3107; x_wconf 85' lang='lat' dir='ltr'><strong>An</strong></span> <span class='ocrx_word' id='word_1_484' title='bbox 3432 3065 3539 3105; x_wconf 90' lang='lat' dir='ltr'><strong>non</strong></span> <span class='ocrx_word' id='word_1_485' title='bbox 3596 3062 3724 3117; x_wconf 80' lang='lat' dir='ltr'><strong>ego,</strong></span> 
     </span>
    </p>
   </div>
   <div class='ocr_carea' id='block_1_62' title="bbox 461 3155 2034 3228">
    <p class='ocr_par' dir='ltr' id='par_1_62' title="bbox 461 3155 2034 3228">
     <span class='ocr_line' id='line_1_62' title="bbox 461 3155 2034 3228; baseline 0.006 -20"><span class='ocrx_word' id='word_1_486' title='bbox 461 3155 626 3210; x_wconf 83' lang='lat' dir='ltr'><strong>nibus</strong></span> <span class='ocrx_word' id='word_1_487' title='bbox 649 3171 780 3210; x_wconf 89' lang='lat' dir='ltr'><strong>usus</strong></span> <span class='ocrx_word' id='word_1_488' title='bbox 838 3162 923 3210; x_wconf 88' lang='lat' dir='ltr'><strong>est</strong></span> <span class='ocrx_word' id='word_1_489' title='bbox 960 3174 975 3210; x_wconf 90' lang='lat'><strong>:</strong></span> <span class='ocrx_word' id='word_1_490' title='bbox 1035 3156 1194 3211; x_wconf 76' lang='lat' dir='ltr'><strong>Pater</strong></span> <span class='ocrx_word' id='word_1_491' title='bbox 1219 3159 1467 3226; x_wconf 87' lang='lat' dir='ltr'><strong>quidem,</strong></span> <span class='ocrx_word' id='word_1_492' title='bbox 1504 3159 1558 3212; x_wconf 90' lang='lat' dir='ltr'><strong>in</strong></span> <span class='ocrx_word' id='word_1_493' title='bbox 1591 3158 1815 3228; x_wconf 77' lang='lat' dir='ltr'><strong>Veteri;</strong></span> <span class='ocrx_word' id='word_1_494' title='bbox 1862 3161 2034 3220; x_wconf 84' lang='lat' dir='ltr'><strong>Filius</strong></span> 
     </span>
    </p>
   </div>
   <div class='ocr_carea' id='block_1_63' title="bbox 465 3247 2036 3315">
    <p class='ocr_par' dir='ltr' id='par_1_63' title="bbox 465 3247 2036 3315">
     <span class='ocr_line' id='line_1_63' title="bbox 465 3247 2036 3315; baseline 0.01 -19"><span class='ocrx_word' id='word_1_495' title='bbox 465 3262 595 3301; x_wconf 68' lang='lat' dir='ltr'><strong>vero</strong></span> <span class='ocrx_word' id='word_1_496' title='bbox 625 3248 679 3301; x_wconf 91' lang='lat' dir='ltr'><strong>in</strong></span> <span class='ocrx_word' id='word_1_497' title='bbox 710 3247 859 3301; x_wconf 83' lang='lat' dir='ltr'><strong>Novo</strong></span> <span class='ocrx_word' id='word_1_498' title='bbox 891 3250 1259 3304; x_wconf 83' lang='lat' dir='ltr'><strong>Testamento.</strong></span> <span class='ocrx_word' id='word_1_499' title='bbox 1295 3251 1555 3315; x_wconf 84' lang='lat' dir='ltr'><strong>Quamvis</strong></span> <span class='ocrx_word' id='word_1_500' title='bbox 1595 3254 1742 3307; x_wconf 87' lang='lat' dir='ltr'><strong>enim</strong></span> <span class='ocrx_word' id='word_1_501' title='bbox 1778 3255 2036 3311; x_wconf 89' lang='lat' dir='ltr'><strong>dominus</strong></span> 
     </span>
    </p>
   </div>
   <div class='ocr_carea' id='block_1_64' title="bbox 469 3339 2038 3401">
    <p class='ocr_par' dir='ltr' id='par_1_64' title="bbox 469 3339 2038 3401">
     <span class='ocr_line' id='line_1_64' title="bbox 469 3339 2038 3401; baseline 0.006 -10"><span class='ocrx_word' id='word_1_502' title='bbox 469 3339 727 3400; x_wconf 87' lang='lat' dir='ltr'><strong>Severus.</strong></span> <span class='ocrx_word' id='word_1_503' title='bbox 771 3351 824 3395; x_wconf 91' lang='lat' dir='ltr'><strong>et</strong></span> <span class='ocrx_word' id='word_1_504' title='bbox 869 3340 1203 3396; x_wconf 77' lang='lat' dir='ltr'><strong>Philoxeuus</strong></span> <span class='ocrx_word' id='word_1_505' title='bbox 1255 3344 1443 3399; x_wconf 90' lang='lat' dir='ltr'><strong>multis</strong></span> <span class='ocrx_word' id='word_1_506' title='bbox 1476 3346 1528 3397; x_wconf 83' lang='lat' dir='ltr'><strong>in</strong></span> <span class='ocrx_word' id='word_1_507' title='bbox 1583 3346 1720 3400; x_wconf 88' lang='lat' dir='ltr'><strong>locis</strong></span> <span class='ocrx_word' id='word_1_508' title='bbox 1766 3345 2038 3401; x_wconf 82' lang='lat' dir='ltr'><strong>afﬁrment</strong></span> 
     </span>
    </p>
   </div>
   <div class='ocr_carea' id='block_1_65' title="bbox 462 3431 2038 3499">
    <p class='ocr_par' dir='ltr' id='par_1_65' title="bbox 462 3431 2038 3499">
     <span class='ocr_line' id='line_1_65' title="bbox 462 3431 2038 3499; baseline 0.006 -16"><span class='ocrx_word' id='word_1_509' title='bbox 462 3431 659 3486; x_wconf 72' lang='grc' dir='ltr'><strong>Ριιίυιη</strong></span> <span class='ocrx_word' id='word_1_510' title='bbox 689 3431 857 3488; x_wconf 83' lang='lat' dir='ltr'><strong>fuisse</strong></span> <span class='ocrx_word' id='word_1_511' title='bbox 884 3433 975 3499; x_wconf 89' lang='lat' dir='ltr'><strong>qui</strong></span> <span class='ocrx_word' id='word_1_512' title='bbox 1019 3442 1074 3486; x_wconf 89' lang='lat' dir='ltr'><strong>et</strong></span> <span class='ocrx_word' id='word_1_513' title='bbox 1102 3434 1156 3487; x_wconf 91' lang='lat' dir='ltr'><strong>in</strong></span> <span class='ocrx_word' id='word_1_514' title='bbox 1192 3432 1372 3488; x_wconf 86' lang='lat' dir='ltr'><strong>Veteri</strong></span> <span class='ocrx_word' id='word_1_515' title='bbox 1425 3444 1477 3489; x_wconf 92' lang='lat' dir='ltr'><strong>et</strong></span> <span class='ocrx_word' id='word_1_516' title='bbox 1508 3433 1657 3490; x_wconf 84' lang='lat' dir='ltr'><strong>Novo</strong></span> <span class='ocrx_word' id='word_1_517' title='bbox 1690 3436 2038 3493; x_wconf 87' lang='lat' dir='ltr'><strong>Testamento</strong></span> 
     </span>
    </p>
   </div>
   <div class='ocr_carea' id='block_1_66' title="bbox 464 3522 2034 3594">
    <p class='ocr_par' dir='ltr' id='par_1_66' title="bbox 464 3522 2034 3594">
     <span class='ocr_line' id='line_1_66' title="bbox 464 3522 2034 3594; baseline 0.004 -20"><span class='ocrx_word' id='word_1_518' title='bbox 464 3522 790 3575; x_wconf 80' lang='lat' dir='ltr'><strong>mortalibus</strong></span> <span class='ocrx_word' id='word_1_519' title='bbox 824 3523 1075 3589; x_wconf 82' lang='lat' dir='ltr'><strong>apparuit</strong></span> <span class='ocrx_word' id='word_1_520' title='bbox 1104 3537 1271 3589; x_wconf 87' lang='lat' dir='ltr'><strong>seque</strong></span> <span class='ocrx_word' id='word_1_521' title='bbox 1301 3524 1550 3578; x_wconf 77' lang='lat' dir='ltr'><strong>exhibuit</strong></span> <span class='ocrx_word' id='word_1_522' title='bbox 1586 3526 2034 3594; x_wconf 86' lang='lat' dir='ltr'><strong>conspiciendum</strong></span> 
     </span>
    </p>
   </div>
   <div class='ocr_carea' id='block_1_67' title="bbox 466 3612 2040 3683">
    <p class='ocr_par' dir='ltr' id='par_1_67' title="bbox 466 3612 2040 3683">
     <span class='ocr_line' id='line_1_67' title="bbox 466 3612 2040 3683; baseline 0.006 -18"><span class='ocrx_word' id='word_1_523' title='bbox 466 3612 724 3677; x_wconf 69' lang='lat' dir='ltr'><strong>(Seterus</strong></span> <span class='ocrx_word' id='word_1_524' title='bbox 747 3613 913 3673; x_wconf 75' lang='lat' dir='ltr'><strong>enim,</strong></span> <span class='ocrx_word' id='word_1_525' title='bbox 950 3614 1003 3665; x_wconf 90' lang='lat' dir='ltr'><strong>in</strong></span> <span class='ocrx_word' id='word_1_526' title='bbox 1056 3627 1120 3665; x_wconf 81' lang='lat' dir='ltr'><strong>eo</strong></span> <span class='ocrx_word' id='word_1_527' title='bbox 1149 3628 1403 3667; x_wconf 86' lang='lat' dir='ltr'><strong>sermone</strong></span> <span class='ocrx_word' id='word_1_528' title='bbox 1431 3630 1591 3683; x_wconf 90' lang='lat' dir='ltr'><strong>quem</strong></span> <span class='ocrx_word' id='word_1_529' title='bbox 1642 3618 1708 3670; x_wconf 89' lang='lat' dir='ltr'><strong>de</strong></span> <span class='ocrx_word' id='word_1_530' title='bbox 1766 3616 2040 3674; x_wconf 80' lang='lat' dir='ltr'><strong>Geuitrice</strong></span> 
     </span>
    </p>
   </div>
   <div class='ocr_carea' id='block_1_68' title="bbox 468 3703 2041 3771">
    <p class='ocr_par' dir='ltr' id='par_1_68' title="bbox 468 3703 2041 3771">
     <span class='ocr_line' id='line_1_68' title="bbox 468 3703 2041 3771; baseline 0.008 -15"><span class='ocrx_word' id='word_1_531' title='bbox 468 3703 562 3757; x_wconf 86' lang='lat' dir='ltr'><strong>Dei</strong></span> <span class='ocrx_word' id='word_1_532' title='bbox 590 3704 914 3771; x_wconf 74' lang='lat' dir='ltr'><strong>corttposuit,</strong></span> <span class='ocrx_word' id='word_1_533' title='bbox 949 3703 1056 3757; x_wconf 89' lang='lat' dir='ltr'><strong>ait:</strong></span> <span class='ocrx_word' id='word_1_534' title='bbox 1107 3703 1345 3759; x_wconf 83' lang='lat' dir='ltr'><strong>Verbum</strong></span> <span class='ocrx_word' id='word_1_535' title='bbox 1397 3709 1539 3761; x_wconf 89' lang='lat' dir='ltr'><strong>enim</strong></span> <span class='ocrx_word' id='word_1_536' title='bbox 1574 3708 1663 3762; x_wconf 89' lang='lat' dir='ltr'><strong>Dei</strong></span> <span class='ocrx_word' id='word_1_537' title='bbox 1701 3709 1876 3766; x_wconf 87' lang='lat' dir='ltr'><strong>Patris</strong></span> <span class='ocrx_word' id='word_1_538' title='bbox 1924 3721 2041 3768; x_wconf 83' lang='lat' dir='ltr'><strong>erat</strong></span> 
     </span>
    </p>
   </div>
   <div class='ocr_carea' id='block_1_69' title="bbox 467 3794 2037 3871">
    <p class='ocr_par' dir='ltr' id='par_1_69' title="bbox 467 3794 2037 3871">
     <span class='ocr_line' id='line_1_69' title="bbox 467 3794 2037 3871; baseline 0.008 -25"><span class='ocrx_word' id='word_1_539' title='bbox 467 3794 613 3862; x_wconf 88' lang='lat' dir='ltr'><strong>quod</strong></span> <span class='ocrx_word' id='word_1_540' title='bbox 654 3809 815 3862; x_wconf 85' lang='lat' dir='ltr'><strong>super</strong></span> <span class='ocrx_word' id='word_1_541' title='bbox 858 3795 1148 3850; x_wconf 84' lang='lat' dir='ltr'><strong>sublimem</strong></span> <span class='ocrx_word' id='word_1_542' title='bbox 1185 3806 1424 3853; x_wconf 90' lang='lat' dir='ltr'><strong>montem</strong></span> <span class='ocrx_word' id='word_1_543' title='bbox 1457 3799 1610 3854; x_wconf 88' lang='lat' dir='ltr'><strong>Sinai</strong></span> <span class='ocrx_word' id='word_1_544' title='bbox 1652 3803 2037 3871; x_wconf 89' lang='lat' dir='ltr'><strong>descendebat,</strong></span> 
     </span>
    </p>
   </div>
   <div class='ocr_carea' id='block_1_70' title="bbox 472 3886 2041 3963">
    <p class='ocr_par' dir='ltr' id='par_1_70' title="bbox 472 3886 2041 3963">
     <span class='ocr_line' id='line_1_70' title="bbox 472 3886 2041 3963; baseline 0.009 -26"><span class='ocrx_word' id='word_1_545' title='bbox 472 3886 719 3940; x_wconf 78' lang='lat' dir='ltr'><strong>utferret</strong></span> <span class='ocrx_word' id='word_1_546' title='bbox 749 3886 919 3955; x_wconf 78' lang='lat' dir='ltr'><strong>legem</strong></span> <span class='ocrx_word' id='word_1_547' title='bbox 954 3889 1181 3955; x_wconf 75' lang='lat' dir='ltr'><strong>mundo,</strong></span> <span class='ocrx_word' id='word_1_548' title='bbox 1225 3899 1370 3957; x_wconf 90' lang='lat' dir='ltr'><strong>ctc.;</strong></span> <span class='ocrx_word' id='word_1_549' title='bbox 1414 3892 1506 3946; x_wconf 86' lang='lat' dir='ltr'><strong>alii</strong></span> <span class='ocrx_word' id='word_1_550' title='bbox 1567 3901 1744 3947; x_wconf 89' lang='lat' dir='ltr'><strong>tamen</strong></span> <span class='ocrx_word' id='word_1_551' title='bbox 1800 3895 2041 3963; x_wconf 65' lang='lat' dir='ltr'><strong>probatas</strong></span> 
     </span>
    </p>
   </div>
   <div class='ocr_carea' id='block_1_71' title="bbox 468 3980 2038 4048">
    <p class='ocr_par' dir='ltr' id='par_1_71' title="bbox 468 3980 2038 4048">
     <span class='ocr_line' id='line_1_71' title="bbox 468 3980 2038 4048; baseline 0.007 -17"><span class='ocrx_word' id='word_1_552' title='bbox 468 3980 728 4034; x_wconf 78' lang='lat' dir='ltr'><strong>doctrina:</strong></span> <span class='ocrx_word' id='word_1_553' title='bbox 760 3981 1004 4048; x_wconf 79' lang='lat' dir='ltr'><strong>magistri</strong></span> <span class='ocrx_word' id='word_1_554' title='bbox 1024 3982 1338 4036; x_wconf 66' lang='lat' dir='ltr'><strong>etistimare</strong></span> <span class='ocrx_word' id='word_1_555' title='bbox 1365 3984 1594 4048; x_wconf 87' lang='lat' dir='ltr'><strong>malunt,</strong></span> <span class='ocrx_word' id='word_1_556' title='bbox 1622 3983 1788 4040; x_wconf 83' lang='lat' dir='ltr'><strong>Deum</strong></span> <span class='ocrx_word' id='word_1_557' title='bbox 1822 3985 2038 4042; x_wconf 75' lang='lat' dir='ltr'><strong>Patrem</strong></span> 
     </span>
    </p>
   </div>
   <div class='ocr_carea' id='block_1_72' title="bbox 470 4070 2040 4147">
    <p class='ocr_par' dir='ltr' id='par_1_72' title="bbox 470 4070 2040 4147">
     <span class='ocr_line' id='line_1_72' title="bbox 470 4070 2040 4147; baseline 0.01 -27"><span class='ocrx_word' id='word_1_558' title='bbox 470 4074 523 4125; x_wconf 87' lang='lat' dir='ltr'><strong>in</strong></span> <span class='ocrx_word' id='word_1_559' title='bbox 560 4070 739 4127; x_wconf 80' lang='lat' dir='ltr'><strong>Veteri</strong></span> <span class='ocrx_word' id='word_1_560' title='bbox 773 4074 905 4143; x_wconf 69' lang='lat'><strong>(23),</strong></span> <span class='ocrx_word' id='word_1_561' title='bbox 931 4072 1127 4127; x_wconf 77' lang='lat' dir='ltr'><strong>Filium</strong></span> <span class='ocrx_word' id='word_1_562' title='bbox 1154 4090 1282 4129; x_wconf 81' lang='lat' dir='ltr'><strong>vero</strong></span> <span class='ocrx_word' id='word_1_563' title='bbox 1305 4077 1359 4129; x_wconf 90' lang='lat' dir='ltr'><strong>in</strong></span> <span class='ocrx_word' id='word_1_564' title='bbox 1386 4074 1538 4131; x_wconf 86' lang='lat' dir='ltr'><strong>Novo</strong></span> <span class='ocrx_word' id='word_1_565' title='bbox 1573 4082 1912 4147; x_wconf 87' lang='lat' dir='ltr'><strong>apparuisse.</strong></span> <span class='ocrx_word' id='word_1_566' title='bbox 1936 4080 2040 4136; x_wconf 85' lang='lat' dir='ltr'><strong>Sed</strong></span> 
     </span>
    </p>
   </div>
   <div class='ocr_carea' id='block_1_73' title="bbox 473 4165 2042 4230">
    <p class='ocr_par' dir='ltr' id='par_1_73' title="bbox 473 4165 2042 4230">
     <span class='ocr_line' id='line_1_73' title="bbox 473 4165 2042 4230; baseline 0.006 -14"><span class='ocrx_word' id='word_1_567' title='bbox 473 4175 561 4217; x_wconf 88' lang='lat' dir='ltr'><strong>tua</strong></span> <span class='ocrx_word' id='word_1_568' title='bbox 600 4172 739 4228; x_wconf 77' lang='lat' dir='ltr'><strong>esto,</strong></span> <span class='ocrx_word' id='word_1_569' title='bbox 774 4165 964 4227; x_wconf 74' lang='lat' dir='ltr'><strong>lector,</strong></span> <span class='ocrx_word' id='word_1_570' title='bbox 998 4165 1351 4230; x_wconf 75' lang='lat' dir='ltr'><strong>existimatio,</strong></span> <span class='ocrx_word' id='word_1_571' title='bbox 1383 4175 1565 4221; x_wconf 89' lang='lat' dir='ltr'><strong>utrum</strong></span> <span class='ocrx_word' id='word_1_572' title='bbox 1629 4170 1825 4223; x_wconf 88' lang='lat' dir='ltr'><strong>horum</strong></span> <span class='ocrx_word' id='word_1_573' title='bbox 1858 4173 2042 4227; x_wconf 81' lang='lat' dir='ltr'><strong>verius</strong></span> 
     </span>
    </p>
   </div>
   <div class='ocr_carea' id='block_1_74' title="bbox 470 4256 2039 4329">
    <p class='ocr_par' dir='ltr' id='par_1_74' title="bbox 470 4256 2039 4329">
     <span class='ocr_line' id='line_1_74' title="bbox 470 4256 2039 4329; baseline 0.005 -19"><span class='ocrx_word' id='word_1_574' title='bbox 470 4256 542 4310; x_wconf 87' lang='lat' dir='ltr'><strong>sit</strong></span> <span class='ocrx_word' id='word_1_575' title='bbox 576 4256 831 4325; x_wconf 82' lang='lat' dir='ltr'><strong>quodque</strong></span> <span class='ocrx_word' id='word_1_576' title='bbox 865 4258 1037 4326; x_wconf 79' lang='lat' dir='ltr'><strong>magis</strong></span> <span class='ocrx_word' id='word_1_577' title='bbox 1074 4258 1409 4325; x_wconf 81' lang='lat' dir='ltr'><strong>probaveris,</strong></span> <span class='ocrx_word' id='word_1_578' title='bbox 1446 4259 1496 4312; x_wconf 86' lang='lat' dir='ltr'><strong>id</strong></span> <span class='ocrx_word' id='word_1_579' title='bbox 1528 4262 1881 4329; x_wconf 74' lang='lat' dir='ltr'><strong>amplectito’r</strong></span> <span class='ocrx_word' id='word_1_580' title='bbox 1909 4265 2039 4318; x_wconf 85' lang='lat' dir='ltr'><strong>reli-</strong></span> 
     </span>
    </p>
   </div>
   <div class='ocr_carea' id='block_1_75' title="bbox 472 4347 2036 4419">
    <p class='ocr_par' dir='ltr' id='par_1_75' title="bbox 472 4347 2036 4419">
     <span class='ocr_line' id='line_1_75' title="bbox 472 4347 2036 4419; baseline 0.007 -20"><span class='ocrx_word' id='word_1_581' title='bbox 472 4356 702 4417; x_wconf 86' lang='lat' dir='ltr'><strong>uctoque</strong></span> <span class='ocrx_word' id='word_1_582' title='bbox 744 4347 964 4416; x_wconf 87' lang='lat' dir='ltr'><strong>quando</strong></span> <span class='ocrx_word' id='word_1_583' title='bbox 996 4350 1264 4404; x_wconf 78' lang='lat' dir='ltr'><strong>utrumvis</strong></span> <span class='ocrx_word' id='word_1_584' title='bbox 1290 4351 1570 4419; x_wconf 77' lang='lat' dir='ltr'><strong>Probabile</strong></span> <span class='ocrx_word' id='word_1_585' title='bbox 1600 4361 1686 4407; x_wconf 80' lang='lat' dir='ltr'><strong>est</strong></span> <span class='ocrx_word' id='word_1_586' title='bbox 1741 4355 2036 4410; x_wconf 87' lang='lat' dir='ltr'><strong>credibile:</strong></span> 
     </span>
    </p>
   </div>
   <div class='ocr_carea' id='block_1_76' title="bbox 2142 3141 3725 3237">
    <p class='ocr_par' dir='ltr' id='par_1_76' title="bbox 2142 3141 3725 3237">
     <span class='ocr_line' id='line_1_76' title="bbox 2142 3141 3725 3237; baseline -0.02 -14"><span class='ocrx_word' id='word_1_587' title='bbox 2142 3165 2386 3237; x_wconf 87' lang='lat' dir='ltr'><strong>improbe</strong></span> <span class='ocrx_word' id='word_1_588' title='bbox 2417 3161 2644 3225; x_wconf 67' lang='lat' dir='ltr'><strong>Adamc,</strong></span> <span class='ocrx_word' id='word_1_589' title='bbox 2687 3166 2736 3211; x_wconf 84' lang='lat' dir='ltr'><strong>te</strong></span> <span class='ocrx_word' id='word_1_590' title='bbox 2757 3153 2973 3211; x_wconf 90' lang='lat' dir='ltr'><strong>condidi</strong></span> <span class='ocrx_word' id='word_1_591' title='bbox 3000 3166 3066 3206; x_wconf 78' lang='lat' dir='ltr'><strong>ex</strong></span> <span class='ocrx_word' id='word_1_592' title='bbox 3101 3161 3245 3203; x_wconf 87' lang='lat' dir='ltr'><strong>terra</strong></span> <span class='ocrx_word' id='word_1_593' title='bbox 3297 3146 3363 3200; x_wconf 90' lang='lat' dir='ltr'><strong>ad</strong></span> <span class='ocrx_word' id='word_1_594' title='bbox 3390 3157 3563 3198; x_wconf 86' lang='lat' dir='ltr'><strong>meam</strong></span> <span class='ocrx_word' id='word_1_595' title='bbox 3583 3141 3725 3194; x_wconf 82' lang='lat' dir='ltr'><strong>ima-</strong></span> 
     </span>
    </p>
   </div>
   <div class='ocr_carea' id='block_1_77' title="bbox 2147 3234 3719 3332">
    <p class='ocr_par' dir='ltr' id='par_1_77' title="bbox 2147 3234 3719 3332">
     <span class='ocr_line' id='line_1_77' title="bbox 2147 3234 3719 3332; baseline -0.019 -18"><span class='ocrx_word' id='word_1_596' title='bbox 2147 3234 2326 3332; x_wconf 81' lang='lat' dir='ltr'><strong>ginem</strong></span> <span class='ocrx_word' id='word_1_597' title='bbox 2357 3264 2413 3311; x_wconf 93' lang='lat' dir='ltr'><strong>et</strong></span> <span class='ocrx_word' id='word_1_598' title='bbox 2455 3249 2900 3311; x_wconf 88' lang='lat' dir='ltr'><strong>similitudinem,</strong></span> <span class='ocrx_word' id='word_1_599' title='bbox 2933 3245 3180 3312; x_wconf 82' lang='lat' dir='ltr'><strong>meisque</strong></span> <span class='ocrx_word' id='word_1_600' title='bbox 3213 3248 3265 3294; x_wconf 82' lang='lat' dir='ltr'><strong>te.</strong></span> <span class='ocrx_word' id='word_1_601' title='bbox 3303 3234 3555 3291; x_wconf 86' lang='lat' dir='ltr'><strong>manibus</strong></span> <span class='ocrx_word' id='word_1_602' title='bbox 3578 3244 3719 3286; x_wconf 80' lang='lat' dir='ltr'><strong>con-</strong></span> 
     </span>
    </p>
   </div>
   <div class='ocr_carea' id='block_1_78' title="bbox 2142 3326 3723 3411">
    <p class='ocr_par' dir='ltr' id='par_1_78' title="bbox 2142 3326 3723 3411">
     <span class='ocr_line' id='line_1_78' title="bbox 2142 3326 3723 3411; baseline -0.021 -2"><span class='ocrx_word' id='word_1_603' title='bbox 2142 3326 2395 3411; x_wconf 64' lang='lat' dir='ltr'><strong>iormavi,</strong></span> <span class='ocrx_word' id='word_1_604' title='bbox 2433 3352 2485 3401; x_wconf 89' lang='lat' dir='ltr'><strong>et</strong></span> <span class='ocrx_word' id='word_1_605' title='bbox 2509 3357 2733 3400; x_wconf 81' lang='lat' dir='ltr'><strong>uxorem</strong></span> <span class='ocrx_word' id='word_1_606' title='bbox 2759 3339 2889 3394; x_wconf 86' lang='lat' dir='ltr'><strong>dedi</strong></span> <span class='ocrx_word' id='word_1_607' title='bbox 2924 3338 3045 3391; x_wconf 74' lang='lat' dir='ltr'><strong>vita:</strong></span> <span class='ocrx_word' id='word_1_608' title='bbox 3091 3342 3199 3388; x_wconf 73' lang='lat' dir='ltr'><strong>tua:</strong></span> <span class='ocrx_word' id='word_1_609' title='bbox 3240 3326 3587 3387; x_wconf 81' lang='lat' dir='ltr'><strong>subsidium?</strong></span> <span class='ocrx_word' id='word_1_610' title='bbox 3613 3339 3723 3378; x_wconf 88' lang='lat' dir='ltr'><strong>an-</strong></span> 
     </span>
    </p>
   </div>
   <div class='ocr_carea' id='block_1_79' title="bbox 2142 3419 3729 3512">
    <p class='ocr_par' dir='ltr' id='par_1_79' title="bbox 2142 3419 3729 3512">
     <span class='ocr_line' id='line_1_79' title="bbox 2142 3419 3729 3512; baseline -0.02 -11"><span class='ocrx_word' id='word_1_611' title='bbox 2142 3461 2252 3501; x_wconf 90' lang='lat' dir='ltr'><strong>non</strong></span> <span class='ocrx_word' id='word_1_612' title='bbox 2286 3443 2339 3497; x_wconf 91' lang='lat' dir='ltr'><strong>in</strong></span> <span class='ocrx_word' id='word_1_613' title='bbox 2375 3438 2631 3512; x_wconf 83' lang='lat' dir='ltr'><strong>paradiso</strong></span> <span class='ocrx_word' id='word_1_614' title='bbox 2683 3445 2734 3491; x_wconf 90' lang='lat' dir='ltr'><strong>te</strong></span> <span class='ocrx_word' id='word_1_615' title='bbox 2783 3430 3046 3487; x_wconf 85' lang='lat' dir='ltr'><strong>collocavi</strong></span> <span class='ocrx_word' id='word_1_616' title='bbox 3076 3427 3334 3483; x_wconf 86' lang='lat' dir='ltr'><strong>omnibus</strong></span> <span class='ocrx_word' id='word_1_617' title='bbox 3379 3419 3588 3477; x_wconf 87' lang='lat' dir='ltr'><strong>deliciis</strong></span> <span class='ocrx_word' id='word_1_618' title='bbox 3640 3431 3729 3471; x_wconf 82' lang='lat' dir='ltr'><strong>re-</strong></span> 
     </span>
    </p>
   </div>
   <div class='ocr_carea' id='block_1_80' title="bbox 2142 3524 3724 3597">
    <p class='ocr_par' dir='ltr' id='par_1_80' title="bbox 2142 3524 3724 3597">
     <span class='ocr_line' id='line_1_80' title="bbox 2142 3524 3724 3597; baseline -0.017 -7"><span class='ocrx_word' id='word_1_619' title='bbox 2142 3534 2331 3590; x_wconf 76' lang='lat' dir='ltr'><strong>ferto?</strong></span> <span class='ocrx_word' id='word_1_620' title='bbox 2364 3546 2545 3586; x_wconf 91' lang='lat' dir='ltr'><strong>annon</strong></span> <span class='ocrx_word' id='word_1_621' title='bbox 2573 3534 2738 3597; x_wconf 89' lang='lat' dir='ltr'><strong>caput</strong></span> <span class='ocrx_word' id='word_1_622' title='bbox 2772 3525 3271 3593; x_wconf 87' lang='lat' dir='ltr'><strong>imperatoremque</strong></span> <span class='ocrx_word' id='word_1_623' title='bbox 3304 3525 3357 3570; x_wconf 90' lang='lat' dir='ltr'><strong>te</strong></span> <span class='ocrx_word' id='word_1_624' title='bbox 3381 3528 3568 3570; x_wconf 85' lang='lat' dir='ltr'><strong>rerum</strong></span> <span class='ocrx_word' id='word_1_625' title='bbox 3602 3524 3724 3564; x_wconf 90' lang='lat' dir='ltr'><strong>om-</strong></span> 
     </span>
    </p>
   </div>
   <div class='ocr_carea' id='block_1_81' title="bbox 2143 3606 3724 3695">
    <p class='ocr_par' dir='ltr' id='par_1_81' title="bbox 2143 3606 3724 3695">
     <span class='ocr_line' id='line_1_81' title="bbox 2143 3606 3724 3695; baseline -0.016 -12"><span class='ocrx_word' id='word_1_626' title='bbox 2143 3629 2295 3683; x_wconf 86' lang='lat' dir='ltr'><strong>nium</strong></span> <span class='ocrx_word' id='word_1_627' title='bbox 2326 3634 2453 3695; x_wconf 68' lang='lat' dir='ltr'><strong>qua:</strong></span> <span class='ocrx_word' id='word_1_628' title='bbox 2492 3623 2545 3675; x_wconf 92' lang='lat' dir='ltr'><strong>in</strong></span> <span class='ocrx_word' id='word_1_629' title='bbox 2592 3619 2751 3673; x_wconf 90' lang='lat' dir='ltr'><strong>terris</strong></span> <span class='ocrx_word' id='word_1_630' title='bbox 2797 3624 2943 3678; x_wconf 91' lang='lat' dir='ltr'><strong>sunt,</strong></span> <span class='ocrx_word' id='word_1_631' title='bbox 2979 3609 3290 3668; x_wconf 83' lang='lat' dir='ltr'><strong>constitui?</strong></span> <span class='ocrx_word' id='word_1_632' title='bbox 3318 3606 3449 3678; x_wconf 90' lang='lat' dir='ltr'><strong>quid</strong></span> <span class='ocrx_word' id='word_1_633' title='bbox 3475 3612 3562 3660; x_wconf 88' lang='lat' dir='ltr'><strong>est</strong></span> <span class='ocrx_word' id='word_1_634' title='bbox 3589 3615 3724 3672; x_wconf 77' lang='lat' dir='ltr'><strong>ergo</strong></span> 
     </span>
    </p>
   </div>
   <div class='ocr_carea' id='block_1_82' title="bbox 2145 3704 3731 3778">
    <p class='ocr_par' dir='ltr' id='par_1_82' title="bbox 2145 3704 3731 3778">
     <span class='ocr_line' id='line_1_82' title="bbox 2145 3704 3731 3778; baseline -0.02 0"><span class='ocrx_word' id='word_1_635' title='bbox 2145 3737 2243 3778; x_wconf 89' lang='lat' dir='ltr'><strong>cur</strong></span> <span class='ocrx_word' id='word_1_636' title='bbox 2268 3735 2354 3774; x_wconf 89' lang='lat' dir='ltr'><strong>me</strong></span> <span class='ocrx_word' id='word_1_637' title='bbox 2377 3712 2777 3774; x_wconf 86' lang='lat' dir='ltr'><strong>criminareris,</strong></span> <span class='ocrx_word' id='word_1_638' title='bbox 2819 3704 3317 3769; x_wconf 75' lang='lat' dir='ltr'><strong>columniatoriqu‘e</strong></span> <span class='ocrx_word' id='word_1_639' title='bbox 3366 3712 3530 3753; x_wconf 90' lang='lat' dir='ltr'><strong>aures</strong></span> <span class='ocrx_word' id='word_1_640' title='bbox 3589 3708 3731 3765; x_wconf 78' lang='lat' dir='ltr'><strong>prae-</strong></span> 
     </span>
    </p>
   </div>
   <div class='ocr_carea' id='block_1_83' title="bbox 2143 3786 3725 3874">
    <p class='ocr_par' dir='ltr' id='par_1_83' title="bbox 2143 3786 3725 3874">
     <span class='ocr_line' id='line_1_83' title="bbox 2143 3786 3725 3874; baseline -0.019 -6"><span class='ocrx_word' id='word_1_641' title='bbox 2143 3811 2344 3868; x_wconf 84' lang='lat' dir='ltr'><strong>beres?</strong></span> <span class='ocrx_word' id='word_1_642' title='bbox 2375 3807 2573 3862; x_wconf 81' lang='lat' dir='ltr'><strong>Verum</strong></span> <span class='ocrx_word' id='word_1_643' title='bbox 2610 3814 2843 3874; x_wconf 87' lang='lat' dir='ltr'><strong>prorsus</strong></span> <span class='ocrx_word' id='word_1_644' title='bbox 2867 3815 2973 3853; x_wconf 90' lang='lat' dir='ltr'><strong>non</strong></span> <span class='ocrx_word' id='word_1_645' title='bbox 3003 3794 3306 3856; x_wconf 79' lang='lat' dir='ltr'><strong>infremuit,</strong></span> <span class='ocrx_word' id='word_1_646' title='bbox 3339 3792 3433 3847; x_wconf 90' lang='lat' dir='ltr'><strong>sed</strong></span> <span class='ocrx_word' id='word_1_647' title='bbox 3475 3786 3725 3844; x_wconf 85' lang='lat' dir='ltr'><strong>suaviter</strong></span> 
     </span>
    </p>
   </div>
   <div class='ocr_carea' id='block_1_84' title="bbox 2144 3877 3728 3968">
    <p class='ocr_par' dir='ltr' id='par_1_84' title="bbox 2144 3877 3728 3968">
     <span class='ocr_line' id='line_1_84' title="bbox 2144 3877 3728 3968; baseline -0.02 -7"><span class='ocrx_word' id='word_1_648' title='bbox 2144 3921 2209 3961; x_wconf 88' lang='lat' dir='ltr'><strong>ac</strong></span> <span class='ocrx_word' id='word_1_649' title='bbox 2240 3903 2433 3959; x_wconf 82' lang='lat' dir='ltr'><strong>blande</strong></span> <span class='ocrx_word' id='word_1_650' title='bbox 2463 3899 2781 3968; x_wconf 90' lang='lat' dir='ltr'><strong>appellans:</strong></span> <span class='ocrx_word' id='word_1_651' title='bbox 2832 3892 3052 3955; x_wconf 72' lang='lat' dir='ltr'><strong>Atlante,</strong></span> <span class='ocrx_word' id='word_1_652' title='bbox 3090 3888 3287 3957; x_wconf 83' lang='lat' dir='ltr'><strong>inquit,</strong></span> <span class='ocrx_word' id='word_1_653' title='bbox 3342 3884 3429 3937; x_wconf 83' lang='lat' dir='ltr'><strong>ubi</strong></span> <span class='ocrx_word' id='word_1_654' title='bbox 3474 3897 3527 3935; x_wconf 87' lang='lat' dir='ltr'><strong>es</strong></span> <span class='ocrx_word' id='word_1_655' title='bbox 3574 3880 3599 3933; x_wconf 75' lang='lat'><strong><em>7</em></strong></span> <span class='ocrx_word' id='word_1_656' title='bbox 3633 3877 3728 3931; x_wconf 85' lang='lat' dir='ltr'><strong>ni-</strong></span> 
     </span>
    </p>
   </div>
   <div class='ocr_carea' id='block_1_85' title="bbox 2146 3975 3733 4059">
    <p class='ocr_par' dir='ltr' id='par_1_85' title="bbox 2146 3975 3733 4059">
     <span class='ocr_line' id='line_1_85' title="bbox 2146 3975 3733 4059; baseline -0.018 -9"><span class='ocrx_word' id='word_1_657' title='bbox 2146 3997 2351 4050; x_wconf 88' lang='lat' dir='ltr'><strong>mirum</strong></span> <span class='ocrx_word' id='word_1_658' title='bbox 2377 4003 2435 4047; x_wconf 91' lang='lat' dir='ltr'><strong>ut</strong></span> <span class='ocrx_word' id='word_1_659' title='bbox 2466 3986 2806 4059; x_wconf 88' lang='lat' dir='ltr'><strong>colloquendi</strong></span> <span class='ocrx_word' id='word_1_660' title='bbox 2842 3984 3093 4039; x_wconf 75' lang='lat' dir='ltr'><strong>fiduciam</strong></span> <span class='ocrx_word' id='word_1_661' title='bbox 3125 3979 3225 4049; x_wconf 89' lang='lat' dir='ltr'><strong>ipsi</strong></span> <span class='ocrx_word' id='word_1_662' title='bbox 3260 3975 3463 4031; x_wconf 85' lang='lat' dir='ltr'><strong>laceret</strong></span> <span class='ocrx_word' id='word_1_663' title='bbox 3496 3990 3509 4026; x_wconf 91' lang='lat'><strong>:</strong></span> <span class='ocrx_word' id='word_1_664' title='bbox 3542 3980 3733 4025; x_wconf 80' lang='lat' dir='ltr'><strong>osten-</strong></span> 
     </span>
    </p>
   </div>
   <div class='ocr_carea' id='block_1_86' title="bbox 2146 4072 3728 4156">
    <p class='ocr_par' dir='ltr' id='par_1_86' title="bbox 2146 4072 3728 4156">
     <span class='ocr_line' id='line_1_86' title="bbox 2146 4072 3728 4156; baseline -0.018 -13"><span class='ocrx_word' id='word_1_665' title='bbox 2146 4088 2406 4156; x_wconf 77' lang='lat' dir='ltr'><strong>daretque</strong></span> <span class='ocrx_word' id='word_1_666' title='bbox 2441 4096 2501 4139; x_wconf 85' lang='lat' dir='ltr'><strong>se</strong></span> <span class='ocrx_word' id='word_1_667' title='bbox 2545 4082 2694 4137; x_wconf 83' lang='lat' dir='ltr'><strong>illum</strong></span> <span class='ocrx_word' id='word_1_668' title='bbox 2728 4094 2836 4131; x_wconf 91' lang='lat' dir='ltr'><strong>non</strong></span> <span class='ocrx_word' id='word_1_669' title='bbox 2861 4077 2972 4146; x_wconf 80' lang='lat' dir='ltr'><strong>jam</strong></span> <span class='ocrx_word' id='word_1_670' title='bbox 3003 4072 3221 4127; x_wconf 85' lang='lat' dir='ltr'><strong>insolito</strong></span> <span class='ocrx_word' id='word_1_671' title='bbox 3261 4074 3479 4135; x_wconf 85' lang='lat' dir='ltr'><strong>aspectu</strong></span> <span class='ocrx_word' id='word_1_672' title='bbox 3508 4076 3728 4117; x_wconf 88' lang='lat' dir='ltr'><strong>vocare.</strong></span> 
     </span>
    </p>
   </div>
   <div class='ocr_carea' id='block_1_87' title="bbox 2147 4156 3736 4248">
    <p class='ocr_par' dir='ltr' id='par_1_87' title="bbox 2147 4156 3736 4248">
     <span class='ocr_line' id='line_1_87' title="bbox 2147 4156 3736 4248; baseline -0.019 -14"><span class='ocrx_word' id='word_1_673' title='bbox 2147 4180 2488 4248; x_wconf 82' lang='lat' dir='ltr'><strong>Quapropter</strong></span> <span class='ocrx_word' id='word_1_674' title='bbox 2545 4173 2665 4241; x_wconf 83' lang='lat' dir='ltr'><strong>ipsa</strong></span> <span class='ocrx_word' id='word_1_675' title='bbox 2702 4170 2863 4223; x_wconf 88' lang='lat' dir='ltr'><strong>etiam</strong></span> <span class='ocrx_word' id='word_1_676' title='bbox 2892 4179 3023 4218; x_wconf 86' lang='lat' dir='ltr'><strong>voce</strong></span> <span class='ocrx_word' id='word_1_677' title='bbox 3053 4163 3326 4216; x_wconf 89' lang='lat' dir='ltr'><strong>animatus</strong></span> <span class='ocrx_word' id='word_1_678' title='bbox 3364 4156 3611 4210; x_wconf 45' lang='lat' dir='ltr'><strong>‘Adamus</strong></span> <span class='ocrx_word' id='word_1_679' title='bbox 3644 4165 3736 4206; x_wconf 89' lang='lat' dir='ltr'><strong>re-</strong></span> 
     </span>
    </p>
   </div>
   <div class='ocr_carea' id='block_1_88' title="bbox 2148 4249 3733 4343">
    <p class='ocr_par' dir='ltr' id='par_1_88' title="bbox 2148 4249 3733 4343">
     <span class='ocr_line' id='line_1_88' title="bbox 2148 4249 3733 4343; baseline -0.019 -16"><span class='ocrx_word' id='word_1_680' title='bbox 2148 4272 2371 4343; x_wconf 89' lang='lat' dir='ltr'><strong>spondit</strong></span> <span class='ocrx_word' id='word_1_681' title='bbox 2396 4270 2582 4322; x_wconf 91' lang='lat' dir='ltr'><strong>dicens</strong></span> <span class='ocrx_word' id='word_1_682' title='bbox 2627 4282 2642 4319; x_wconf 92' lang='lat'><strong>:</strong></span> <span class='ocrx_word' id='word_1_683' title='bbox 2687 4262 2873 4317; x_wconf 86' lang='lat' dir='ltr'><strong>Vocem</strong></span> <span class='ocrx_word' id='word_1_684' title='bbox 2901 4270 3046 4312; x_wconf 82' lang='lat' dir='ltr'><strong>tuam</strong></span> <span class='ocrx_word' id='word_1_685' title='bbox 3070 4256 3247 4310; x_wconf 80' lang='lat' dir='ltr'><strong>audivi</strong></span> <span class='ocrx_word' id='word_1_686' title='bbox 3279 4254 3330 4305; x_wconf 87' lang='lat' dir='ltr'><strong>in</strong></span> <span class='ocrx_word' id='word_1_687' title='bbox 3377 4249 3649 4319; x_wconf 78' lang='lat' dir='ltr'><strong>paradiso,</strong></span> <span class='ocrx_word' id='word_1_688' title='bbox 3681 4255 3733 4300; x_wconf 86' lang='lat' dir='ltr'><strong>et</strong></span> 
     </span>
    </p>
   </div>
   <div class='ocr_carea' id='block_1_89' title="bbox 2148 4337 3733 4433">
    <p class='ocr_par' dir='ltr' id='par_1_89' title="bbox 2148 4337 3733 4433">
     <span class='ocr_line' id='line_1_89' title="bbox 2148 4337 3733 4433; baseline -0.018 -14"><span class='ocrx_word' id='word_1_689' title='bbox 2148 4337 2254 4420; x_wconf 79' lang='lat' dir='ltr'><strong>uidi</strong></span> <span class='ocrx_word' id='word_1_690' title='bbox 2286 4366 2425 4433; x_wconf 82' lang='lat' dir='ltr'><strong>quod</strong></span> <span class='ocrx_word' id='word_1_691' title='bbox 2462 4360 2631 4412; x_wconf 82' lang='lat' dir='ltr'><strong>nudus</strong></span> <span class='ocrx_word' id='word_1_692' title='bbox 2661 4371 2850 4418; x_wconf 82' lang='lat' dir='ltr'><strong>essem,</strong></span> <span class='ocrx_word' id='word_1_693' title='bbox 2905 4361 3059 4421; x_wconf 86' lang='lat' dir='ltr'><strong>atque</strong></span> <span class='ocrx_word' id='word_1_694' title='bbox 3120 4344 3378 4401; x_wconf 81' lang='lat' dir='ltr'><strong>occultavi</strong></span> <span class='ocrx_word' id='word_1_695' title='bbox 3435 4356 3537 4394; x_wconf 87' lang='lat' dir='ltr'><strong>me.</strong></span> <span class='ocrx_word' id='word_1_696' title='bbox 3582 4337 3733 4392; x_wconf 86' lang='lat' dir='ltr'><strong>Duas</strong></span> 
     </span>
    </p>
   </div>
   <div class='ocr_carea' id='block_1_90' title="bbox 474 4426 3729 4513">
    <p class='ocr_par' dir='ltr' id='par_1_90' title="bbox 474 4426 3729 4513">
     <span class='ocr_line' id='line_1_90' title="bbox 474 4426 3729 4513; baseline -0.001 -24"><span class='ocrx_word' id='word_1_697' title='bbox 474 4454 578 4493; x_wconf 86' lang='lat' dir='ltr'><strong>una</strong></span> <span class='ocrx_word' id='word_1_698' title='bbox 606 4448 691 4494; x_wconf 86' lang='lat' dir='ltr'><strong>est</strong></span> <span class='ocrx_word' id='word_1_699' title='bbox 743 4439 887 4492; x_wconf 87' lang='lat' dir='ltr'><strong>enim</strong></span> <span class='ocrx_word' id='word_1_700' title='bbox 923 4438 1222 4506; x_wconf 87' lang='lat' dir='ltr'><strong>eademque</strong></span> <span class='ocrx_word' id='word_1_701' title='bbox 1246 4440 1445 4504; x_wconf 76' lang='lat' dir='ltr'><strong>Patris,</strong></span> <span class='ocrx_word' id='word_1_702' title='bbox 1472 4450 1525 4494; x_wconf 92' lang='lat' dir='ltr'><strong>et</strong></span> <span class='ocrx_word' id='word_1_703' title='bbox 1558 4440 1677 4495; x_wconf 82' lang='lat' dir='ltr'><strong>Filii</strong></span> <span class='ocrx_word' id='word_1_704' title='bbox 1709 4451 1765 4496; x_wconf 91' lang='lat' dir='ltr'><strong>et</strong></span> <span class='ocrx_word' id='word_1_705' title='bbox 1802 4442 2042 4513; x_wconf 88' lang='lat' dir='ltr'><strong>Spiritus</strong></span> <span class='ocrx_word' id='word_1_706' title='bbox 2076 4426 2122 4482; x_wconf 70' lang='grc' dir='ltr'><strong>θ</strong></span> <span class='ocrx_word' id='word_1_707' title='bbox 2149 4426 2325 4513; x_wconf 58' lang='grc' dir='ltr'><strong>τεθαῙί</strong></span> <span class='ocrx_word' id='word_1_708' title='bbox 2357 4453 2601 4507; x_wconf 66' lang='lat' dir='ltr'><strong>Adamn;</strong></span> <span class='ocrx_word' id='word_1_709' title='bbox 2652 4464 2711 4505; x_wconf 74' lang='lat' dir='ltr'><strong>se</strong></span> <span class='ocrx_word' id='word_1_710' title='bbox 2776 4442 3083 4501; x_wconf 74' lang='lat' dir='ltr'><strong>occultandi</strong></span> <span class='ocrx_word' id='word_1_711' title='bbox 3140 4440 3420 4493; x_wconf 82' lang='lat' dir='ltr'><strong>rationes:</strong></span> <span class='ocrx_word' id='word_1_712' title='bbox 3476 4432 3729 4490; x_wconf 80' lang='lat' dir='ltr'><strong>alteram.</strong></span> 
     </span>
    </p>
   </div>
   <div class='ocr_carea' id='block_1_91' title="bbox 472 4532 2043 4604">
    <p class='ocr_par' dir='ltr' id='par_1_91' title="bbox 472 4532 2043 4604">
     <span class='ocr_line' id='line_1_91' title="bbox 472 4532 2043 4604; baseline 0.004 -20"><span class='ocrx_word' id='word_1_713' title='bbox 472 4533 649 4586; x_wconf 85' lang='lat' dir='ltr'><strong>sancti</strong></span> <span class='ocrx_word' id='word_1_714' title='bbox 699 4542 913 4593; x_wconf 85' lang='lat' dir='ltr'><strong>natura,</strong></span> <span class='ocrx_word' id='word_1_715' title='bbox 949 4547 1013 4585; x_wconf 91' lang='lat' dir='ltr'><strong>ac</strong></span> <span class='ocrx_word' id='word_1_716' title='bbox 1046 4532 1299 4586; x_wconf 86' lang='lat' dir='ltr'><strong>voluntas</strong></span> <span class='ocrx_word' id='word_1_717' title='bbox 1341 4548 1472 4596; x_wconf 91' lang='lat' dir='ltr'><strong>una,</strong></span> <span class='ocrx_word' id='word_1_718' title='bbox 1504 4550 1721 4603; x_wconf 88' lang='lat' dir='ltr'><strong>unaque</strong></span> <span class='ocrx_word' id='word_1_719' title='bbox 1756 4538 2043 4604; x_wconf 87' lang='lat' dir='ltr'><strong>operatio;</strong></span> 
     </span>
    </p>
   </div>
   <div class='ocr_carea' id='block_1_92' title="bbox 473 4623 2046 4696">
    <p class='ocr_par' dir='ltr' id='par_1_92' title="bbox 473 4623 2046 4696">
     <span class='ocr_line' id='line_1_92' title="bbox 473 4623 2046 4696; baseline 0.003 -18"><span class='ocrx_word' id='word_1_720' title='bbox 473 4625 567 4678; x_wconf 86' lang='lat' dir='ltr'><strong>sed</strong></span> <span class='ocrx_word' id='word_1_721' title='bbox 614 4632 724 4677; x_wconf 85' lang='lat' dir='ltr'><strong>tres</strong></span> <span class='ocrx_word' id='word_1_722' title='bbox 779 4638 1024 4691; x_wconf 67' lang='lat' dir='ltr'><strong>persona:</strong></span> <span class='ocrx_word' id='word_1_723' title='bbox 1062 4623 1347 4679; x_wconf 67' lang='lat' dir='ltr'><strong>distinctas.</strong></span> <span class='ocrx_word' id='word_1_724' title='bbox 1389 4625 1559 4696; x_wconf 79' lang='lat' dir='ltr'><strong>igitur</strong></span> <span class='ocrx_word' id='word_1_725' title='bbox 1594 4638 1653 4681; x_wconf 93' lang='lat' dir='ltr'><strong>ut</strong></span> <span class='ocrx_word' id='word_1_726' title='bbox 1697 4643 1762 4682; x_wconf 91' lang='lat' dir='ltr'><strong>co</strong></span> <span class='ocrx_word' id='word_1_727' title='bbox 1796 4630 1939 4683; x_wconf 90' lang='lat' dir='ltr'><strong>unde</strong></span> <span class='ocrx_word' id='word_1_728' title='bbox 1965 4631 2046 4684; x_wconf 83' lang='lat' dir='ltr'><strong>di-</strong></span> 
     </span>
    </p>
   </div>
   <div class='ocr_carea' id='block_1_93' title="bbox 413 4713 2045 4792">
    <p class='ocr_par' dir='ltr' id='par_1_93' title="bbox 413 4713 2045 4792">
     <span class='ocr_line' id='line_1_93' title="bbox 413 4713 2045 4792; baseline 0.006 -25"><span class='ocrx_word' id='word_1_729' title='bbox 413 4713 417 4717; x_wconf 77' lang='grc'><strong>’</strong></span> <span class='ocrx_word' id='word_1_730' title='bbox 475 4716 646 4782; x_wconf 71' lang='lat' dir='ltr'><strong>gressi</strong></span> <span class='ocrx_word' id='word_1_731' title='bbox 681 4730 891 4777; x_wconf 90' lang='lat' dir='ltr'><strong>sumus,</strong></span> <span class='ocrx_word' id='word_1_732' title='bbox 923 4716 1108 4768; x_wconf 89' lang='lat' dir='ltr'><strong>redeat</strong></span> <span class='ocrx_word' id='word_1_733' title='bbox 1137 4717 1338 4782; x_wconf 87' lang='lat' dir='ltr'><strong>oratio,</strong></span> <span class='ocrx_word' id='word_1_734' title='bbox 1416 4733 1522 4771; x_wconf 90' lang='lat' dir='ltr'><strong>non</strong></span> <span class='ocrx_word' id='word_1_735' title='bbox 1566 4728 1781 4788; x_wconf 89' lang='lat' dir='ltr'><strong>propter</strong></span> <span class='ocrx_word' id='word_1_736' title='bbox 1831 4723 2045 4792; x_wconf 85' lang='lat' dir='ltr'><strong>ignora-</strong></span> 
     </span>
    </p>
   </div>
   <div class='ocr_carea' id='block_1_94' title="bbox 478 4808 2045 4879">
    <p class='ocr_par' dir='ltr' id='par_1_94' title="bbox 478 4808 2045 4879">
     <span class='ocr_line' id='line_1_94' title="bbox 478 4808 2045 4879; baseline 0.006 -20"><span class='ocrx_word' id='word_1_737' title='bbox 478 4808 703 4871; x_wconf 81' lang='lat' dir='ltr'><strong>tionem,</strong></span> <span class='ocrx_word' id='word_1_738' title='bbox 730 4808 823 4861; x_wconf 86' lang='lat' dir='ltr'><strong>sed</strong></span> <span class='ocrx_word' id='word_1_739' title='bbox 864 4808 1002 4861; x_wconf 86' lang='lat' dir='ltr'><strong>alias</strong></span> <span class='ocrx_word' id='word_1_740' title='bbox 1046 4808 1117 4861; x_wconf 87' lang='lat' dir='ltr'><strong>ob</strong></span> <span class='ocrx_word' id='word_1_741' title='bbox 1170 4823 1369 4862; x_wconf 84' lang='lat' dir='ltr'><strong>causas</strong></span> <span class='ocrx_word' id='word_1_742' title='bbox 1400 4811 1679 4879; x_wconf 71' lang='lat' dir='ltr'><strong>quaerebat</strong></span> <span class='ocrx_word' id='word_1_743' title='bbox 1714 4827 1778 4865; x_wconf 80' lang='lat' dir='ltr'><strong>ex</strong></span> <span class='ocrx_word' id='word_1_744' title='bbox 1837 4815 2045 4869; x_wconf 86' lang='lat' dir='ltr'><strong>Adamo</strong></span> 
     </span>
    </p>
   </div>
   <div class='ocr_carea' id='block_1_95' title="bbox 478 4899 2046 4970">
    <p class='ocr_par' dir='ltr' id='par_1_95' title="bbox 478 4899 2046 4970">
     <span class='ocr_line' id='line_1_95' title="bbox 478 4899 2046 4970; baseline 0.006 -20"><span class='ocrx_word' id='word_1_745' title='bbox 478 4900 641 4965; x_wconf 82' lang='lat' dir='ltr'><strong>Deus,</strong></span> <span class='ocrx_word' id='word_1_746' title='bbox 677 4899 897 4953; x_wconf 86' lang='lat' dir='ltr'><strong>ubinam</strong></span> <span class='ocrx_word' id='word_1_747' title='bbox 934 4911 1115 4964; x_wconf 77' lang='lat' dir='ltr'><strong>esset;</strong></span> <span class='ocrx_word' id='word_1_748' title='bbox 1153 4900 1411 4954; x_wconf 85' lang='lat' dir='ltr'><strong>nimirum</strong></span> <span class='ocrx_word' id='word_1_749' title='bbox 1450 4912 1508 4955; x_wconf 91' lang='lat' dir='ltr'><strong>ut</strong></span> <span class='ocrx_word' id='word_1_750' title='bbox 1542 4903 1644 4970; x_wconf 81' lang='lat' dir='ltr'><strong>ipsi</strong></span> <span class='ocrx_word' id='word_1_751' title='bbox 1682 4919 1841 4957; x_wconf 88' lang='lat' dir='ltr'><strong>suum</strong></span> <span class='ocrx_word' id='word_1_752' title='bbox 1897 4921 2046 4960; x_wconf 88' lang='lat' dir='ltr'><strong>erro-</strong></span> 
     </span>
    </p>
   </div>
   <div class='ocr_carea' id='block_1_96' title="bbox 475 4994 2044 5065">
    <p class='ocr_par' dir='ltr' id='par_1_96' title="bbox 475 4994 2044 5065">
     <span class='ocr_line' id='line_1_96' title="bbox 475 4994 2044 5065; baseline 0.006 -19"><span class='ocrx_word' id='word_1_753' title='bbox 475 5009 591 5047; x_wconf 86' lang='lat' dir='ltr'><strong>rem</strong></span> <span class='ocrx_word' id='word_1_754' title='bbox 629 4994 699 5047; x_wconf 91' lang='lat' dir='ltr'><strong>ob</strong></span> <span class='ocrx_word' id='word_1_755' title='bbox 742 4995 931 5049; x_wconf 90' lang='lat' dir='ltr'><strong>oculos</strong></span> <span class='ocrx_word' id='word_1_756' title='bbox 977 5004 1220 5064; x_wconf 85' lang='lat' dir='ltr'><strong>poneret.</strong></span> <span class='ocrx_word' id='word_1_757' title='bbox 1289 4997 1511 5065; x_wconf 71' lang='lat' dir='ltr'><strong>perinle</strong></span> <span class='ocrx_word' id='word_1_758' title='bbox 1565 5011 1630 5051; x_wconf 92' lang='lat' dir='ltr'><strong>ac</strong></span> <span class='ocrx_word' id='word_1_759' title='bbox 1685 5001 1730 5052; x_wconf 86' lang='lat' dir='ltr'><strong>si</strong></span> <span class='ocrx_word' id='word_1_760' title='bbox 1790 5000 2044 5055; x_wconf 87' lang='lat' dir='ltr'><strong>diceret:</strong></span> 
     </span>
    </p>
   </div>
   <div class='ocr_carea' id='block_1_97' title="bbox 477 5086 2047 5156">
    <p class='ocr_par' dir='ltr' id='par_1_97' title="bbox 477 5086 2047 5156">
     <span class='ocr_line' id='line_1_97' title="bbox 477 5086 2047 5156; baseline 0.006 -17"><span class='ocrx_word' id='word_1_761' title='bbox 477 5086 764 5152; x_wconf 75' lang='lat' dir='ltr'><strong>Quomodo</strong></span> <span class='ocrx_word' id='word_1_762' title='bbox 807 5087 944 5154; x_wconf 86' lang='lat' dir='ltr'><strong>agis,</strong></span> <span class='ocrx_word' id='word_1_763' title='bbox 974 5087 1223 5141; x_wconf 78' lang='lat' dir='ltr'><strong>Adame?</strong></span> <span class='ocrx_word' id='word_1_764' title='bbox 1250 5099 1540 5156; x_wconf 81' lang='lat' dir='ltr'><strong>apertosne</strong></span> <span class='ocrx_word' id='word_1_765' title='bbox 1559 5090 1750 5145; x_wconf 90' lang='lat' dir='ltr'><strong>oculos</strong></span> <span class='ocrx_word' id='word_1_766' title='bbox 1774 5091 1964 5155; x_wconf 90' lang='lat' dir='ltr'><strong>habes,</strong></span> <span class='ocrx_word' id='word_1_767' title='bbox 1989 5102 2047 5148; x_wconf 91' lang='lat' dir='ltr'><strong>nt</strong></span> 
     </span>
    </p>
   </div>
   <div class='ocr_carea' id='block_1_98' title="bbox 477 5180 2047 5250">
    <p class='ocr_par' dir='ltr' id='par_1_98' title="bbox 477 5180 2047 5250">
     <span class='ocr_line' id='line_1_98' title="bbox 477 5180 2047 5250; baseline 0.004 -15"><span class='ocrx_word' id='word_1_768' title='bbox 477 5191 530 5235; x_wconf 86' lang='lat' dir='ltr'><strong>te</strong></span> <span class='ocrx_word' id='word_1_769' title='bbox 562 5182 872 5236; x_wconf 85' lang='lat' dir='ltr'><strong>habiturum</strong></span> <span class='ocrx_word' id='word_1_770' title='bbox 904 5180 1154 5250; x_wconf 85' lang='lat' dir='ltr'><strong>promisit</strong></span> <span class='ocrx_word' id='word_1_771' title='bbox 1192 5181 1455 5249; x_wconf 86' lang='lat' dir='ltr'><strong>serpens?</strong></span> <span class='ocrx_word' id='word_1_772' title='bbox 1494 5196 1559 5234; x_wconf 90' lang='lat' dir='ltr'><strong>an</strong></span> <span class='ocrx_word' id='word_1_773' title='bbox 1592 5182 1754 5237; x_wconf 87' lang='lat' dir='ltr'><strong>etiam</strong></span> <span class='ocrx_word' id='word_1_774' title='bbox 1789 5201 1918 5239; x_wconf 85' lang='lat' dir='ltr'><strong>num</strong></span> <span class='ocrx_word' id='word_1_775' title='bbox 1945 5203 2047 5241; x_wconf 61' lang='lat' dir='ltr'><strong>cae-</strong></span> 
     </span>
    </p>
   </div>
   <div class='ocr_carea' id='block_1_99' title="bbox 476 5272 2047 5342">
    <p class='ocr_par' dir='ltr' id='par_1_99' title="bbox 476 5272 2047 5342">
     <span class='ocr_line' id='line_1_99' title="bbox 476 5272 2047 5342; baseline 0.004 -14"><span class='ocrx_word' id='word_1_776' title='bbox 476 5288 575 5330; x_wconf 85' lang='lat' dir='ltr'><strong>cus</strong></span> <span class='ocrx_word' id='word_1_777' title='bbox 619 5290 679 5330; x_wconf 91' lang='lat' dir='ltr'><strong>es</strong></span> <span class='ocrx_word' id='word_1_778' title='bbox 729 5284 920 5328; x_wconf 91' lang='lat' dir='ltr'><strong>contra</strong></span> <span class='ocrx_word' id='word_1_779' title='bbox 975 5280 1136 5340; x_wconf 87' lang='lat' dir='ltr'><strong>atque</strong></span> <span class='ocrx_word' id='word_1_780' title='bbox 1173 5272 1265 5326; x_wconf 88' lang='lat' dir='ltr'><strong>ille</strong></span> <span class='ocrx_word' id='word_1_781' title='bbox 1316 5282 1400 5326; x_wconf 92' lang='lat' dir='ltr'><strong>est</strong></span> <span class='ocrx_word' id='word_1_782' title='bbox 1455 5273 1889 5342; x_wconf 85' lang='lat' dir='ltr'><strong>poliieitus?ubi</strong></span> <span class='ocrx_word' id='word_1_783' title='bbox 1944 5281 2047 5333; x_wconf 88' lang='lat' dir='ltr'><strong>es?</strong></span> 
     </span>
    </p>
   </div>
   <div class='ocr_carea' id='block_1_100' title="bbox 480 5363 2047 5439">
    <p class='ocr_par' dir='ltr' id='par_1_100' title="bbox 480 5363 2047 5439">
     <span class='ocr_line' id='line_1_100' title="bbox 480 5363 2047 5439; baseline 0.003 -21"><span class='ocrx_word' id='word_1_784' title='bbox 480 5366 679 5421; x_wconf 76' lang='lat' dir='ltr'><strong>Deinde</strong></span> <span class='ocrx_word' id='word_1_785' title='bbox 711 5384 723 5420; x_wconf 92' lang='lat'><strong>:</strong></span> <span class='ocrx_word' id='word_1_786' title='bbox 760 5366 960 5420; x_wconf 85' lang='lat' dir='ltr'><strong>Locum</strong></span> <span class='ocrx_word' id='word_1_787' title='bbox 985 5364 1095 5432; x_wconf 87' lang='lat' dir='ltr'><strong>jam</strong></span> <span class='ocrx_word' id='word_1_788' title='bbox 1130 5363 1345 5417; x_wconf 87' lang='lat' dir='ltr'><strong>obtines</strong></span> <span class='ocrx_word' id='word_1_789' title='bbox 1397 5379 1495 5433; x_wconf 88' lang='lat' dir='ltr'><strong>pro</strong></span> <span class='ocrx_word' id='word_1_790' title='bbox 1528 5368 1790 5434; x_wconf 84' lang='lat' dir='ltr'><strong>serpentis</strong></span> <span class='ocrx_word' id='word_1_791' title='bbox 1821 5371 2047 5439; x_wconf 86' lang='lat' dir='ltr'><strong>promis-</strong></span> 
     </span>
    </p>
   </div>
   <div class='ocr_carea' id='block_1_101' title="bbox 565 5473 2050 5545">
    <p class='ocr_par' dir='ltr' id='par_1_101' title="bbox 565 5473 2050 5545">
     <span class='ocr_line' id='line_1_101' title="bbox 565 5473 2050 5545; baseline -0.001 -14"><span class='ocrx_word' id='word_1_792' title='bbox 565 5479 606 5509; x_wconf 75' lang='lat'><strong>&quot;</strong></span> <span class='ocrx_word' id='word_1_793' title='bbox 632 5479 764 5536; x_wconf 80' lang='lat' dir='ltr'><strong>Gen.</strong></span> <span class='ocrx_word' id='word_1_794' title='bbox 804 5495 879 5544; x_wconf 80' lang='lat' dir='ltr'><strong>IV,</strong></span> <span class='ocrx_word' id='word_1_795' title='bbox 921 5478 974 5531; x_wconf 89' lang='lat'><strong>9.</strong></span> <span class='ocrx_word' id='word_1_796' title='bbox 1055 5477 1100 5507; x_wconf 85' lang='grc'><strong>⁸²</strong></span> <span class='ocrx_word' id='word_1_797' title='bbox 1128 5473 1308 5528; x_wconf 81' lang='lat' dir='ltr'><strong>Exod.</strong></span> <span class='ocrx_word' id='word_1_798' title='bbox 1340 5490 1415 5537; x_wconf 80' lang='lat' dir='ltr'><strong>tv,</strong></span> <span class='ocrx_word' id='word_1_799' title='bbox 1442 5474 1497 5528; x_wconf 72' lang='lat'><strong>2.</strong></span> <span class='ocrx_word' id='word_1_800' title='bbox 1577 5478 1842 5536; x_wconf 56' lang='lat' dir='ltr'><strong>&quot;lt-rom,</strong></span> <span class='ocrx_word' id='word_1_801' title='bbox 1887 5497 1923 5545; x_wconf 83' lang='grc' dir='ltr'><strong>ι,</strong></span> <span class='ocrx_word' id='word_1_802' title='bbox 1965 5484 2050 5534; x_wconf 77' lang='grc'><strong>15,</strong></span> 
     </span>
    </p>
   </div>
   <div class='ocr_carea' id='block_1_102' title="bbox 481 5545 1598 5612">
    <p class='ocr_par' dir='ltr' id='par_1_102' title="bbox 481 5545 1598 5612">
     <span class='ocr_line' id='line_1_102' title="bbox 481 5545 1598 5612; baseline -0.003 -12"><span class='ocrx_word' id='word_1_803' title='bbox 481 5548 523 5577; x_wconf 74' lang='grc'><strong>⁸⁷</strong></span> <span class='ocrx_word' id='word_1_804' title='bbox 568 5548 757 5601; x_wconf 74' lang='lat' dir='ltr'><strong>Matth.</strong></span> <span class='ocrx_word' id='word_1_805' title='bbox 825 5564 961 5612; x_wconf 77' lang='lat' dir='ltr'><strong>xui,</strong></span> <span class='ocrx_word' id='word_1_806' title='bbox 1019 5548 1107 5602; x_wconf 69' lang='grc'><strong>94.</strong></span> <span class='ocrx_word' id='word_1_807' title='bbox 1187 5545 1416 5599; x_wconf 76' lang='lat' dir='ltr'><strong>“Marc.</strong></span> <span class='ocrx_word' id='word_1_808' title='bbox 1458 5562 1512 5611; x_wconf 91' lang='lat' dir='ltr'><strong>v,</strong></span> <span class='ocrx_word' id='word_1_809' title='bbox 1545 5550 1598 5604; x_wconf 86' lang='lat'><strong>9.</strong></span> 
     </span>
    </p>
   </div>
   <div class='ocr_carea' id='block_1_103' title="bbox 480 5617 1421 5684">
    <p class='ocr_par' dir='ltr' id='par_1_103' title="bbox 480 5617 1421 5684">
     <span class='ocr_line' id='line_1_103' title="bbox 480 5617 1421 5684; baseline 0.001 -15"><span class='ocrx_word' id='word_1_810' title='bbox 480 5617 662 5670; x_wconf 57' lang='lat' dir='ltr'><strong>xiiii.</strong></span> <span class='ocrx_word' id='word_1_811' title='bbox 736 5620 781 5648; x_wconf 80' lang='grc'><strong>⁷³</strong></span> <span class='ocrx_word' id='word_1_812' title='bbox 816 5617 978 5672; x_wconf 83' lang='lat' dir='ltr'><strong>Num.</strong></span> <span class='ocrx_word' id='word_1_813' title='bbox 1032 5634 1141 5681; x_wconf 73' lang='lat' dir='ltr'><strong>xu,</strong></span> <span class='ocrx_word' id='word_1_814' title='bbox 1204 5619 1222 5671; x_wconf 89' lang='lat' dir='ltr'><strong>l</strong></span> <span class='ocrx_word' id='word_1_815' title='bbox 1270 5632 1421 5684; x_wconf 84' lang='lat' dir='ltr'><strong>seqq.</strong></span> 
     </span>
    </p>
   </div>
   <div class='ocr_carea' id='block_1_104' title="bbox 552 5684 2048 5753">
    <p class='ocr_par' dir='ltr' id='par_1_104' title="bbox 552 5684 2048 5753">
     <span class='ocr_line' id='line_1_104' title="bbox 552 5684 2048 5753; baseline -0.002 -16"><span class='ocrx_word' id='word_1_816' title='bbox 552 5686 667 5753; x_wconf 68' lang='lat'><strong>(25)</strong></span> <span class='ocrx_word' id='word_1_817' title='bbox 729 5688 1004 5743; x_wconf 71' lang='lat' dir='ltr'><strong>Christum</strong></span> <span class='ocrx_word' id='word_1_818' title='bbox 1052 5688 1285 5741; x_wconf 71' lang='lat' dir='ltr'><strong>Abraha:</strong></span> <span class='ocrx_word' id='word_1_819' title='bbox 1342 5688 1517 5740; x_wconf 73' lang='lat' dir='ltr'><strong>visum</strong></span> <span class='ocrx_word' id='word_1_820' title='bbox 1583 5694 1639 5739; x_wconf 88' lang='lat' dir='ltr'><strong>ct</strong></span> <span class='ocrx_word' id='word_1_821' title='bbox 1696 5684 2048 5740; x_wconf 83' lang='lat' dir='ltr'><strong>rollocutum.</strong></span> 
     </span>
    </p>
   </div>
   <div class='ocr_carea' id='block_1_105' title="bbox 483 5753 2057 5827">
    <p class='ocr_par' dir='ltr' id='par_1_105' title="bbox 483 5753 2057 5827">
     <span class='ocr_line' id='line_1_105' title="bbox 483 5753 2057 5827; baseline -0.003 -18"><span class='ocrx_word' id='word_1_822' title='bbox 483 5759 613 5810; x_wconf 60' lang='lat' dir='ltr'><strong>(icit.</strong></span> <span class='ocrx_word' id='word_1_823' title='bbox 650 5771 746 5809; x_wconf 76' lang='lat' dir='ltr'><strong>xm</strong></span> <span class='ocrx_word' id='word_1_824' title='bbox 783 5756 1015 5825; x_wconf 64' lang='lat' dir='ltr'><strong>disputat</strong></span> <span class='ocrx_word' id='word_1_825' title='bbox 1049 5758 1294 5813; x_wconf 77' lang='lat' dir='ltr'><strong>Justinus</strong></span> <span class='ocrx_word' id='word_1_826' title='bbox 1330 5768 1532 5827; x_wconf 80' lang='lat' dir='ltr'><strong>martyr</strong></span> <span class='ocrx_word' id='word_1_827' title='bbox 1559 5757 1609 5809; x_wconf 88' lang='lat' dir='ltr'><strong>in</strong></span> <span class='ocrx_word' id='word_1_828' title='bbox 1644 5753 1908 5823; x_wconf 69' lang='lat' dir='ltr'><strong>t‘ulloquio</strong></span> <span class='ocrx_word' id='word_1_829' title='bbox 1938 5770 2057 5807; x_wconf 78' lang='lat' dir='ltr'><strong>cum</strong></span> 
     </span>
    </p>
   </div>
   <div class='ocr_carea' id='block_1_106' title="bbox 1675 5551 2140 5618">
    <p class='ocr_par' dir='ltr' id='par_1_106' title="bbox 1675 5551 2140 5618">
     <span class='ocr_line' id='line_1_106' title="bbox 1675 5551 2140 5618; baseline 0.002 -13"><span class='ocrx_word' id='word_1_830' title='bbox 1675 5551 1717 5584; x_wconf 60' lang='grc' dir='ltr'><strong>θ’</strong></span> <span class='ocrx_word' id='word_1_831' title='bbox 1742 5551 1897 5607; x_wconf 77' lang='lat' dir='ltr'><strong>Joau.</strong></span> <span class='ocrx_word' id='word_1_832' title='bbox 1947 5569 2021 5618; x_wconf 66' lang='lat' dir='ltr'><strong>XI,</strong></span> <span class='ocrx_word' id='word_1_833' title='bbox 2051 5551 2140 5607; x_wconf 72' lang='grc'><strong>54.</strong></span> 
     </span>
    </p>
   </div>
   <div class='ocr_carea' id='block_1_107' title="bbox 2144 4523 3730 4620">
    <p class='ocr_par' dir='ltr' id='par_1_107' title="bbox 2144 4523 3730 4620">
     <span class='ocr_line' id='line_1_107' title="bbox 2144 4523 3730 4620; baseline -0.02 -16"><span class='ocrx_word' id='word_1_834' title='bbox 2144 4550 2272 4620; x_wconf 83' lang='lat' dir='ltr'><strong>quia</strong></span> <span class='ocrx_word' id='word_1_835' title='bbox 2298 4545 2537 4601; x_wconf 85' lang='lat' dir='ltr'><strong>timuerit</strong></span> <span class='ocrx_word' id='word_1_836' title='bbox 2562 4561 2575 4597; x_wconf 89' lang='lat'><strong>:</strong></span> <span class='ocrx_word' id='word_1_837' title='bbox 2597 4544 2699 4596; x_wconf 91' lang='lat' dir='ltr'><strong>hoc</strong></span> <span class='ocrx_word' id='word_1_838' title='bbox 2726 4538 2872 4595; x_wconf 89' lang='lat' dir='ltr'><strong>enim</strong></span> <span class='ocrx_word' id='word_1_839' title='bbox 2893 4537 2991 4592; x_wconf 90' lang='lat' dir='ltr'><strong>sibi</strong></span> <span class='ocrx_word' id='word_1_840' title='bbox 3023 4533 3135 4586; x_wconf 85' lang='lat' dir='ltr'><strong>vult</strong></span> <span class='ocrx_word' id='word_1_841' title='bbox 3155 4546 3325 4585; x_wconf 79' lang='lat' dir='ltr'><strong>vocem</strong></span> <span class='ocrx_word' id='word_1_842' title='bbox 3357 4537 3522 4588; x_wconf 76' lang='lat' dir='ltr'><strong>tuam,</strong></span> <span class='ocrx_word' id='word_1_843' title='bbox 3541 4523 3595 4577; x_wconf 86' lang='lat' dir='ltr'><strong>id</strong></span> <span class='ocrx_word' id='word_1_844' title='bbox 3623 4530 3730 4584; x_wconf 88' lang='lat' dir='ltr'><strong>est,</strong></span> 
     </span>
    </p>
   </div>
   <div class='ocr_carea' id='block_1_108' title="bbox 2145 4614 3749 4709">
    <p class='ocr_par' dir='ltr' id='par_1_108' title="bbox 2145 4614 3749 4709">
     <span class='ocr_line' id='line_1_108' title="bbox 2145 4614 3749 4709; baseline -0.019 -14"><span class='ocrx_word' id='word_1_845' title='bbox 2145 4614 2428 4709; x_wconf 76' lang='lat' dir='ltr'><strong>strepitum</strong></span> <span class='ocrx_word' id='word_1_846' title='bbox 2459 4637 2707 4690; x_wconf 85' lang='lat' dir='ltr'><strong>incessus</strong></span> <span class='ocrx_word' id='word_1_847' title='bbox 2739 4631 2840 4694; x_wconf 90' lang='lat' dir='ltr'><strong>tui,</strong></span> <span class='ocrx_word' id='word_1_848' title='bbox 2879 4627 3057 4682; x_wconf 83' lang='lat' dir='ltr'><strong>audivi</strong></span> <span class='ocrx_word' id='word_1_849' title='bbox 3091 4624 3143 4677; x_wconf 91' lang='lat' dir='ltr'><strong>in</strong></span> <span class='ocrx_word' id='word_1_850' title='bbox 3181 4619 3466 4691; x_wconf 82' lang='lat' dir='ltr'><strong>paradiso;</strong></span> <span class='ocrx_word' id='word_1_851' title='bbox 3502 4614 3749 4677; x_wconf 86' lang='lat' dir='ltr'><strong>alteram,</strong></span> 
     </span>
    </p>
   </div>
   <div class='ocr_carea' id='block_1_109' title="bbox 2146 4708 3729 4803">
    <p class='ocr_par' dir='ltr' id='par_1_109' title="bbox 2146 4708 3729 4803">
     <span class='ocr_line' id='line_1_109' title="bbox 2146 4708 3729 4803; baseline -0.02 -15"><span class='ocrx_word' id='word_1_852' title='bbox 2146 4708 2272 4803; x_wconf 85' lang='lat' dir='ltr'><strong>quia</strong></span> <span class='ocrx_word' id='word_1_853' title='bbox 2325 4729 2579 4801; x_wconf 89' lang='lat' dir='ltr'><strong>puduerit</strong></span> <span class='ocrx_word' id='word_1_854' title='bbox 2621 4727 2770 4780; x_wconf 91' lang='lat' dir='ltr'><strong>illum</strong></span> <span class='ocrx_word' id='word_1_855' title='bbox 2805 4718 3093 4777; x_wconf 89' lang='lat' dir='ltr'><strong>nuditatis.</strong></span> <span class='ocrx_word' id='word_1_856' title='bbox 3135 4713 3240 4769; x_wconf 84' lang='lat' dir='ltr'><strong>Sed</strong></span> <span class='ocrx_word' id='word_1_857' title='bbox 3276 4713 3389 4765; x_wconf 76' lang='lat' dir='ltr'><strong>lucc</strong></span> <span class='ocrx_word' id='word_1_858' title='bbox 3430 4708 3555 4763; x_wconf 64' lang='lat' dir='ltr'><strong>Adae</strong></span> <span class='ocrx_word' id='word_1_859' title='bbox 3592 4720 3729 4776; x_wconf 87' lang='lat' dir='ltr'><strong>apo-</strong></span> 
     </span>
    </p>
   </div>
   <div class='ocr_carea' id='block_1_110' title="bbox 2144 4805 3732 4896">
    <p class='ocr_par' dir='ltr' id='par_1_110' title="bbox 2144 4805 3732 4896">
     <span class='ocr_line' id='line_1_110' title="bbox 2144 4805 3732 4896; baseline -0.02 -17"><span class='ocrx_word' id='word_1_860' title='bbox 2144 4826 2286 4896; x_wconf 79' lang='lat' dir='ltr'><strong>iOgia</strong></span> <span class='ocrx_word' id='word_1_861' title='bbox 2323 4821 2673 4876; x_wconf 84' lang='lat' dir='ltr'><strong>excusatione</strong></span> <span class='ocrx_word' id='word_1_862' title='bbox 2704 4817 2863 4886; x_wconf 87' lang='lat' dir='ltr'><strong>plane</strong></span> <span class='ocrx_word' id='word_1_863' title='bbox 2895 4810 3197 4880; x_wconf 80' lang='lat' dir='ltr'><strong>improbata</strong></span> <span class='ocrx_word' id='word_1_864' title='bbox 3239 4813 3341 4868; x_wconf 85' lang='lat' dir='ltr'><strong>est,</strong></span> <span class='ocrx_word' id='word_1_865' title='bbox 3376 4816 3500 4855; x_wconf 91' lang='lat' dir='ltr'><strong>cum</strong></span> <span class='ocrx_word' id='word_1_866' title='bbox 3535 4805 3589 4851; x_wconf 89' lang='lat' dir='ltr'><strong>et</strong></span> <span class='ocrx_word' id='word_1_867' title='bbox 3615 4811 3732 4850; x_wconf 90' lang='lat' dir='ltr'><strong>me-</strong></span> 
     </span>
    </p>
   </div>
   <div class='ocr_carea' id='block_1_111' title="bbox 2160 4893 3731 4981">
    <p class='ocr_par' dir='ltr' id='par_1_111' title="bbox 2160 4893 3731 4981">
     <span class='ocr_line' id='line_1_111' title="bbox 2160 4893 3731 4981; baseline -0.021 -9"><span class='ocrx_word' id='word_1_868' title='bbox 2160 4893 2246 4972; x_wconf 32' lang='lat' dir='ltr'><strong>tu‘s</strong></span> <span class='ocrx_word' id='word_1_869' title='bbox 2282 4916 2372 4970; x_wconf 89' lang='lat' dir='ltr'><strong>ille</strong></span> <span class='ocrx_word' id='word_1_870' title='bbox 2404 4926 2455 4967; x_wconf 89' lang='lat' dir='ltr'><strong>et</strong></span> <span class='ocrx_word' id='word_1_871' title='bbox 2484 4914 2599 4981; x_wconf 83' lang='lat' dir='ltr'><strong>ipsa</strong></span> <span class='ocrx_word' id='word_1_872' title='bbox 2630 4908 2846 4962; x_wconf 87' lang='lat' dir='ltr'><strong>uuditas</strong></span> <span class='ocrx_word' id='word_1_873' title='bbox 2873 4904 2942 4958; x_wconf 91' lang='lat' dir='ltr'><strong>oh</strong></span> <span class='ocrx_word' id='word_1_874' title='bbox 2973 4901 3228 4955; x_wconf 77' lang='lat' dir='ltr'><strong>violatam</strong></span> <span class='ocrx_word' id='word_1_875' title='bbox 3262 4912 3291 4949; x_wconf 93' lang='lat' dir='ltr'><strong>a</strong></span> <span class='ocrx_word' id='word_1_876' title='bbox 3317 4908 3376 4947; x_wconf 83' lang='lat' dir='ltr'><strong>se</strong></span> <span class='ocrx_word' id='word_1_877' title='bbox 3403 4893 3572 4961; x_wconf 86' lang='lat' dir='ltr'><strong>legem</strong></span> <span class='ocrx_word' id='word_1_878' title='bbox 3600 4902 3731 4942; x_wconf 86' lang='lat' dir='ltr'><strong>eve-</strong></span> 
     </span>
    </p>
   </div>
   <div class='ocr_carea' id='block_1_112' title="bbox 2155 4978 3732 5062">
    <p class='ocr_par' dir='ltr' id='par_1_112' title="bbox 2155 4978 3732 5062">
     <span class='ocr_line' id='line_1_112' title="bbox 2155 4978 3732 5062; baseline -0.022 0"><span class='ocrx_word' id='word_1_879' title='bbox 2155 5006 2358 5062; x_wconf 88' lang='lat' dir='ltr'><strong>nerint.</strong></span> <span class='ocrx_word' id='word_1_880' title='bbox 2390 5004 2455 5057; x_wconf 85' lang='lat' dir='ltr'><strong>Et</strong></span> <span class='ocrx_word' id='word_1_881' title='bbox 2482 4978 2558 5054; x_wconf 79' lang='lat' dir='ltr'><strong>ait</strong></span> <span class='ocrx_word' id='word_1_882' title='bbox 2592 5000 2660 5053; x_wconf 81' lang='lat' dir='ltr'><strong>ad</strong></span> <span class='ocrx_word' id='word_1_883' title='bbox 2691 4998 2839 5051; x_wconf 86' lang='lat' dir='ltr'><strong>illum</strong></span> <span class='ocrx_word' id='word_1_884' title='bbox 2874 4993 3130 5047; x_wconf 82' lang='lat' dir='ltr'><strong>Dominus</strong></span> <span class='ocrx_word' id='word_1_885' title='bbox 3163 5002 3182 5041; x_wconf 94' lang='lat'><strong>:</strong></span> <span class='ocrx_word' id='word_1_886' title='bbox 3225 4985 3355 5052; x_wconf 81' lang='lat' dir='ltr'><strong>Quis</strong></span> <span class='ocrx_word' id='word_1_887' title='bbox 3390 4980 3615 5036; x_wconf 83' lang='lat' dir='ltr'><strong>ostendit</strong></span> <span class='ocrx_word' id='word_1_888' title='bbox 3636 4978 3732 5030; x_wconf 80' lang='lat' dir='ltr'><strong>tibi</strong></span> 
     </span>
    </p>
   </div>
   <div class='ocr_carea' id='block_1_113' title="bbox 2152 5073 3729 5169">
    <p class='ocr_par' dir='ltr' id='par_1_113' title="bbox 2152 5073 3729 5169">
     <span class='ocr_line' id='line_1_113' title="bbox 2152 5073 3729 5169; baseline -0.02 -17"><span class='ocrx_word' id='word_1_889' title='bbox 2152 5101 2292 5169; x_wconf 84' lang='lat' dir='ltr'><strong>quod</strong></span> <span class='ocrx_word' id='word_1_890' title='bbox 2322 5096 2492 5150; x_wconf 83' lang='lat' dir='ltr'><strong>nudus</strong></span> <span class='ocrx_word' id='word_1_891' title='bbox 2533 5094 2604 5147; x_wconf 73' lang='lat' dir='ltr'><strong>tis</strong></span> <span class='ocrx_word' id='word_1_892' title='bbox 2630 5092 2655 5143; x_wconf 80' lang='lat'><strong>.’</strong></span> <span class='ocrx_word' id='word_1_893' title='bbox 2708 5089 2894 5157; x_wconf 84' lang='lat' dir='ltr'><strong>Neque</strong></span> <span class='ocrx_word' id='word_1_894' title='bbox 2920 5086 3027 5139; x_wconf 86' lang='lat' dir='ltr'><strong>hoc</strong></span> <span class='ocrx_word' id='word_1_895' title='bbox 3064 5083 3360 5148; x_wconf 78' lang='lat' dir='ltr'><strong>interrogat</strong></span> <span class='ocrx_word' id='word_1_896' title='bbox 3394 5082 3454 5128; x_wconf 82' lang='lat' dir='ltr'><strong>ut</strong></span> <span class='ocrx_word' id='word_1_897' title='bbox 3486 5073 3729 5143; x_wconf 82' lang='lat' dir='ltr'><strong>ignarus,</strong></span> 
     </span>
    </p>
   </div>
   <div class='ocr_carea' id='block_1_114' title="bbox 2155 5162 3730 5257">
    <p class='ocr_par' dir='ltr' id='par_1_114' title="bbox 2155 5162 3730 5257">
     <span class='ocr_line' id='line_1_114' title="bbox 2155 5162 3730 5257; baseline -0.02 -12"><span class='ocrx_word' id='word_1_898' title='bbox 2155 5162 2249 5245; x_wconf 76' lang='lat' dir='ltr'><strong>sed</strong></span> <span class='ocrx_word' id='word_1_899' title='bbox 2285 5198 2342 5242; x_wconf 88' lang='lat' dir='ltr'><strong>ut</strong></span> <span class='ocrx_word' id='word_1_900' title='bbox 2381 5202 2471 5257; x_wconf 81' lang='lat' dir='ltr'><strong>per</strong></span> <span class='ocrx_word' id='word_1_901' title='bbox 2501 5187 2668 5254; x_wconf 77' lang='lat' dir='ltr'><strong>cuipze</strong></span> <span class='ocrx_word' id='word_1_902' title='bbox 2698 5178 3099 5236; x_wconf 78' lang='lat' dir='ltr'><strong>confessionem</strong></span> <span class='ocrx_word' id='word_1_903' title='bbox 3130 5173 3278 5226; x_wconf 89' lang='lat' dir='ltr'><strong>illum</strong></span> <span class='ocrx_word' id='word_1_904' title='bbox 3306 5167 3526 5221; x_wconf 87' lang='lat' dir='ltr'><strong>inducat</strong></span> <span class='ocrx_word' id='word_1_905' title='bbox 3550 5162 3617 5217; x_wconf 88' lang='lat' dir='ltr'><strong>ad</strong></span> <span class='ocrx_word' id='word_1_906' title='bbox 3642 5176 3730 5215; x_wconf 86' lang='lat' dir='ltr'><strong>re—</strong></span> 
     </span>
    </p>
   </div>
   <div class='ocr_carea' id='block_1_115' title="bbox 2157 5254 3727 5353">
    <p class='ocr_par' dir='ltr' id='par_1_115' title="bbox 2157 5254 3727 5353">
     <span class='ocr_line' id='line_1_115' title="bbox 2157 5254 3727 5353; baseline -0.021 -16"><span class='ocrx_word' id='word_1_907' title='bbox 2157 5254 2570 5353; x_wconf 78' lang='lat' dir='ltr'><strong>prehensionem</strong></span> <span class='ocrx_word' id='word_1_908' title='bbox 2634 5277 2866 5331; x_wconf 87' lang='lat' dir='ltr'><strong>libenter</strong></span> <span class='ocrx_word' id='word_1_909' title='bbox 2914 5267 3261 5331; x_wconf 83' lang='lat' dir='ltr'><strong>suaviterque</strong></span> <span class='ocrx_word' id='word_1_910' title='bbox 3314 5254 3727 5314; x_wconf 82' lang='lat' dir='ltr'><strong>admittendam.</strong></span> 
     </span>
    </p>
   </div>
   <div class='ocr_carea' id='block_1_116' title="bbox 2155 5348 3733 5437">
    <p class='ocr_par' dir='ltr' id='par_1_116' title="bbox 2155 5348 3733 5437">
     <span class='ocr_line' id='line_1_116' title="bbox 2155 5348 3733 5437; baseline -0.02 -11"><span class='ocrx_word' id='word_1_911' title='bbox 2155 5348 2321 5437; x_wconf 68' lang='lat' dir='ltr'><strong>Quasi</strong></span> <span class='ocrx_word' id='word_1_912' title='bbox 2360 5370 2505 5422; x_wconf 88' lang='lat' dir='ltr'><strong>dicat</strong></span> <span class='ocrx_word' id='word_1_913' title='bbox 2537 5387 2549 5421; x_wconf 78' lang='grc' dir='ltr'>ε</span> <span class='ocrx_word' id='word_1_914' title='bbox 2588 5364 2759 5418; x_wconf 83' lang='lat' dir='ltr'><strong>Fuisti</strong></span> <span class='ocrx_word' id='word_1_915' title='bbox 2811 5360 3030 5431; x_wconf 85' lang='lat' dir='ltr'><strong>quidem</strong></span> <span class='ocrx_word' id='word_1_916' title='bbox 3061 5365 3279 5421; x_wconf 80' lang='lat' dir='ltr'><strong>semper</strong></span> <span class='ocrx_word' id='word_1_917' title='bbox 3316 5348 3516 5412; x_wconf 89' lang='lat' dir='ltr'><strong>nudus,</strong></span> <span class='ocrx_word' id='word_1_918' title='bbox 3554 5356 3733 5411; x_wconf 87' lang='lat' dir='ltr'><strong>neque</strong></span> 
     </span>
    </p>
   </div>
   <div class='ocr_carea' id='block_1_117' title="bbox 2159 5456 3726 5543">
    <p class='ocr_par' dir='ltr' id='par_1_117' title="bbox 2159 5456 3726 5543">
     <span class='ocr_line' id='line_1_117' title="bbox 2159 5456 3726 5543; baseline -0.017 -9"><span class='ocrx_word' id='word_1_919' title='bbox 2159 5480 2324 5533; x_wconf 75' lang='lat' dir='ltr'><strong>“Job</strong></span> <span class='ocrx_word' id='word_1_920' title='bbox 2377 5497 2413 5543; x_wconf 88' lang='lat' dir='ltr'><strong>l,</strong></span> <span class='ocrx_word' id='word_1_921' title='bbox 2452 5480 2504 5533; x_wconf 86' lang='lat'><strong>7.</strong></span> <span class='ocrx_word' id='word_1_922' title='bbox 2581 5477 2624 5508; x_wconf 66' lang='grc'><strong>⁸⁸</strong></span> <span class='ocrx_word' id='word_1_923' title='bbox 2651 5475 2836 5530; x_wconf 76' lang='lat' dir='ltr'><strong>Matth.</strong></span> <span class='ocrx_word' id='word_1_924' title='bbox 2875 5488 2964 5535; x_wconf 78' lang='lat' dir='ltr'><strong>xv,</strong></span> <span class='ocrx_word' id='word_1_925' title='bbox 3202 5459 3609 5543; x_wconf 38' lang='lat' dir='ltr'><strong>“Mallbz‘xvr,</strong></span> <span class='ocrx_word' id='word_1_926' title='bbox 3639 5456 3726 5511; x_wconf 75' lang='grc'><strong>15.</strong></span> 
     </span>
    </p>
   </div>
   <div class='ocr_carea' id='block_1_118' title="bbox 2230 5530 3729 5610">
    <p class='ocr_par' dir='ltr' id='par_1_118' title="bbox 2230 5530 3729 5610">
     <span class='ocr_line' id='line_1_118' title="bbox 2230 5530 3729 5610; baseline -0.011 -8"><span class='ocrx_word' id='word_1_927' title='bbox 2230 5530 2440 5605; x_wconf 51' lang='lat' dir='ltr'><strong>nati.</strong></span> <span class='ocrx_word' id='word_1_928' title='bbox 2487 5530 2564 5610; x_wconf 73' lang='lat' dir='ltr'><strong>ix,</strong></span> <span class='ocrx_word' id='word_1_929' title='bbox 2614 5547 2667 5600; x_wconf 74' lang='grc'><strong>4.</strong></span> <span class='ocrx_word' id='word_1_930' title='bbox 2743 5547 2786 5577; x_wconf 77' lang='grc'><strong>⁷⁸</strong></span> <span class='ocrx_word' id='word_1_931' title='bbox 2818 5530 2962 5600; x_wconf 60' lang='lat' dir='ltr'><strong>Gen.</strong></span> <span class='ocrx_word' id='word_1_932' title='bbox 2997 5542 3048 5602; x_wconf 83' lang='lat'><strong>7,</strong></span> <span class='ocrx_word' id='word_1_933' title='bbox 3088 5537 3108 5589; x_wconf 87' lang='lat' dir='ltr'><strong>l</strong></span> <span class='ocrx_word' id='word_1_934' title='bbox 3149 5549 3305 5603; x_wconf 88' lang='lat' dir='ltr'><strong>seqq.</strong></span> <span class='ocrx_word' id='word_1_935' title='bbox 3385 5530 3591 5585; x_wconf 79' lang='lat' dir='ltr'><strong>&quot;Gen.</strong></span> <span class='ocrx_word' id='word_1_936' title='bbox 3616 5542 3729 5586; x_wconf 73' lang='lat' dir='ltr'><strong>xtx.</strong></span> 
     </span>
    </p>
   </div>
   <div class='ocr_carea' id='block_1_119' title="bbox 2160 5666 3734 5750">
    <p class='ocr_par' dir='ltr' id='par_1_119' title="bbox 2160 5666 3734 5750">
     <span class='ocr_line' id='line_1_119' title="bbox 2160 5666 3734 5750; baseline -0.007 -17"><span class='ocrx_word' id='word_1_937' title='bbox 2160 5680 2479 5750; x_wconf 74' lang='lat' dir='ltr'><strong>Tryphuuc;</strong></span> <span class='ocrx_word' id='word_1_938' title='bbox 2514 5678 2711 5733; x_wconf 68' lang='lat' dir='ltr'><strong>linscb.</strong></span> <span class='ocrx_word' id='word_1_939' title='bbox 2748 5676 2948 5750; x_wconf 63' lang='lat' dir='ltr'><strong>Iz&#39;ccies.</strong></span> <span class='ocrx_word' id='word_1_940' title='bbox 2996 5674 3158 5750; x_wconf 49' lang='lat' dir='ltr'><strong>Hist”</strong></span> <span class='ocrx_word' id='word_1_941' title='bbox 3200 5691 3273 5736; x_wconf 69' lang='grc' dir='ltr'><strong>χι,</strong></span> <span class='ocrx_word' id='word_1_942' title='bbox 3308 5672 3406 5750; x_wconf 73' lang='lat' dir='ltr'><strong>lib.</strong></span> <span class='ocrx_word' id='word_1_943' title='bbox 3445 5687 3477 5724; x_wconf 87' lang='lat' dir='ltr'><strong>ll</strong></span> <span class='ocrx_word' id='word_1_944' title='bbox 3508 5666 3734 5750; x_wconf 51' lang='lat' dir='ltr'><strong>dchY-ita</strong></span> 
     </span>
    </p>
   </div>
   <div class='ocr_carea' id='block_1_120' title="bbox 2167 5738 3657 5821">
    <p class='ocr_par' dir='ltr' id='par_1_120' title="bbox 2167 5738 3657 5821">
     <span class='ocr_line' id='line_1_120' title="bbox 2167 5738 3657 5821; baseline -0.009 -16"><span class='ocrx_word' id='word_1_945' title='bbox 2167 5738 2509 5805; x_wconf 64' lang='lat' dir='ltr'><strong>Constantini</strong></span> <span class='ocrx_word' id='word_1_946' title='bbox 2540 5768 2553 5813; x_wconf 83' lang='lat'>;</span> <span class='ocrx_word' id='word_1_947' title='bbox 2598 5750 2687 5804; x_wconf 76' lang='lat' dir='ltr'><strong>ili).</strong></span> <span class='ocrx_word' id='word_1_948' title='bbox 2725 5765 2802 5801; x_wconf 74' lang='lat' dir='ltr'><strong>lfl.</strong></span> <span class='ocrx_word' id='word_1_949' title='bbox 2838 5747 2904 5799; x_wconf 75' lang='lat'>30</span> <span class='ocrx_word' id='word_1_950' title='bbox 2947 5755 2999 5799; x_wconf 90' lang='lat' dir='ltr'><strong>ct</strong></span> <span class='ocrx_word' id='word_1_951' title='bbox 3039 5746 3126 5807; x_wconf 77' lang='lat' dir='ltr'><strong>5i,</strong></span> <span class='ocrx_word' id='word_1_952' title='bbox 3163 5755 3215 5800; x_wconf 81' lang='lat' dir='ltr'><strong>et</strong></span> <span class='ocrx_word' id='word_1_953' title='bbox 3269 5743 3511 5821; x_wconf 74' lang='lat' dir='ltr'><strong>plerique</strong></span> <span class='ocrx_word' id='word_1_954' title='bbox 3544 5738 3657 5794; x_wconf 79' lang='lat' dir='ltr'><strong>alii.</strong></span> 
     </span>
    </p>
   </div>
  </div>
