4100 6212
397 278 500 341 565

1535 289 1634 349 DE
1676 289 2081 354 PARADISO.
2124 316 2195 330 ’“
2233 295 2427 361 PARS
2469 302 2520 362 Ι.

3543 310 3659 372 566

396 395 577 440 “me”
604 393 656 491 εξ
687 384 807 457 eius
831 387 1036 491 Pudui‘
1069 400 1194 448 εηῑθ
1223 392 1347 461 hac.
1388 397 1519 464 ηυίά
1554 407 1636 454 εει
1664 414 1792 469 ergo
1822 403 1966 471 quod
1998 410 2043 465 Α
2140 406 2249 463 Cur
2278 410 2421 467 Deus
2441 424 2729 483 serpentem
2750 432 2855 469 non
2888 417 3537 489 interroganerit.-—Nulla
3564 423 3666 491 ἰαὶ-

395 493 539 532 nunc
567 477 702 532 adeo
727 479 1045 547 erubescas,
1070 492 1231 554 alque
1259 485 1450 543 timeas
1468 487 1667 543 ?'Num
1689 492 1752 546 de
1786 493 1976 560 arbore

392 572 458 623 de
490 586 593 639 qua
637 569 905 638 jusserunt
967 592 1029 628 ne
1085 577 1285 640 ederes,
1340 579 1553 634 edisti?
1603 580 1776 637 Etiam
1828 598 1976 638 nunc

394 662 570 730 pergit
626 674 816 731 pacate
855 680 979 719 cum
1023 667 1115 723 illo
1145 671 1406 739 colloqui,
1454 672 1608 740 quasi
1657 675 1973 745 conjectura

392 754 649 823 quapiam
686 758 847 811 modo
885 756 1058 813 frctus
1090 760 1216 814 illud
1266 762 1411 816 dicat
1445 763 1626 817 :Num
1674 767 1737 820 de
1768 768 1973 832 arbore,

394 852 499 898 etc.
552 841 647 898 Est
676 854 855 897 autem
892 845 981 901 hic
1023 848 1566 908 animadvertendum
1598 870 1665 909 ex
1702 858 1976 928 ascriptis,

394 945 489 990 aut
517 938 733 993 duobus
758 941 1054 1008 puuctulis,
1104 952 1199 997 aut
1250 960 1359 1000 uno
1407 947 1543 1011 solo,
1583 949 1649 1003 ad
1685 951 1856 1006 illud:
1894 950 1979 1006 Ne

393 1029 593 1093 ederes,
659 1032 963 1086 orationem
1018 1033 1157 1089 hanc
1214 1037 1297 1091 vel
1366 1036 1703 1106 aﬂirmative,
1752 1058 1849 1112 per
1903 1043 1987 1097 in-

396 1121 820 1190 terrogationem
850 1124 1029 1178 efferri
1069 1142 1248 1194 posse.
1288 1128 1559 1186 Caeterum
1610 1135 1866 1190 dominus
1901 1137 1975 1191 E-

396 1212 588 1280 phrem
636 1221 689 1267 et
722 1215 813 1283 qui
869 1229 993 1269 cum
1051 1217 1169 1285 ipso
1197 1220 1461 1287 sentiunt,
1495 1238 1560 1277 ex
1623 1224 1705 1279 his
1734 1233 1785 1279 et
1827 1226 1981 1280 simi-

396 1303 539 1358 libus
572 1306 756 1360 verbis
789 1307 1142 1374 singulariter
1186 1311 1253 1365 ad
1282 1312 1548 1367 Adamum
1581 1314 1738 1371 factis
1785 1316 1981 1374 confici

402 1403 612 1463 putant,
649 1397 747 1450 soli
779 1398 989 1452 Adamn
1035 1402 1353 1469 imperatam
1388 1420 1417 1458 a
1468 1406 1577 1460 Deo
1632 1408 1802 1478 legem
1836 1424 1980 1473 esse,

398 1501 632 1557 eamque
659 1489 834 1558 ipsum
874 1491 1068 1546 deinde
1094 1491 1221 1547 Evze.
1250 1497 1403 1549 uxori
1459 1498 1713 1553 retulisse
1741 1516 1758 1566 ;
1793 1515 1981 1554 verum

396 1581 488 1635 alii
536 1582 885 1651 respondent,
925 1582 1093 1638 Deum
1148 1586 1252 1640 sub
1298 1584 1429 1643 Adae
1456 1604 1684 1657 persona
1714 1606 1839 1646 cum
1871 1592 1981 1647 Eva

398 1688 621 1743 quoque
653 1674 909 1745 colloqui,
947 1691 1044 1746 pro
1076 1676 1373 1749 Scriptura:
1429 1668 1581 1737 more
1614 1700 1627 1736 :
1655 1682 1850 1738 Beatus
1906 1685 1986 1738 vir

394 1765 599 1834 (inquit
642 1765 832 1837 David)
884 1770 973 1836 qui
1022 1785 1123 1837 non
1155 1770 1442 1825 ambulavit
1493 1789 1585 1842 per
1614 1775 1751 1827 viam
1784 1776 1986 1843 impro-

396 1860 583 1914 borum
603 1859 669 1914 ".
695 1857 828 1925 Quis
857 1876 983 1914 vero
1009 1878 1114 1915 non
1153 1863 1239 1917 hic
1259 1879 1375 1918 eam
1404 1865 1791 1922 beatitudinem
1829 1884 1985 1939 teque

398 1949 468 2004 ad
504 1948 758 2003 mulieres
785 1959 1031 2018 spectare
1070 1951 1261 2006 dicat?
1286 1955 1545 2009 nimirum
1584 1957 1706 2013 ideo
1737 1958 1835 2013 viri
1868 1976 1990 2028 per—

409 2056 544 2096 sona
582 2042 837 2097 libentius
886 2042 1051 2096 utitur
1082 2042 1389 2114 Scriptura,
1445 2050 1588 2117 quod
1619 2052 1701 2104 vir
1738 2053 1988 2108 mulieris

400 2140 567 2202 caput
601 2134 670 2187 sit
700 2148 715 2187 :
752 2132 817 2185 Et
850 2134 924 2185 ait
956 2133 1129 2186 Adam
1172 2150 1190 2188 :
1250 2135 1444 2190 Mulier
1494 2155 1651 2207 quant
1694 2144 1989 2196 attribuisti

403 2226 531 2280 mitti
554 2226 668 2294 ipsa
699 2225 840 2280 dedit
873 2228 1004 2280 mihi
1040 2228 1104 2281 de
1136 2230 1345 2293 arbore,
1382 2240 1433 2285 et
1468 2234 1689 2287 comedi.
1756 2235 1990 2292 Prorsus

402 2333 541 2371 vana
565 2328 717 2373 estet
743 2319 925 2375 inanis
945 2320 1105 2374 etiam
1127 2321 1241 2375 haec
1268 2323 1461 2376 Adami
1488 2324 1733 2381 defensio
1757 2345 1770 2392 ;
1792 2328 1991 2398 quippe

403 2428 512 2481 qua
537 2413 761 2467 minime
793 2429 903 2482 prae
948 2429 1008 2469 se
1034 2414 1139 2469 fert
1177 2415 1474 2471 demissum
1534 2419 1989 2491 humiliatumque

402 2505 672 2569 animum,
700 2506 792 2560 sed
830 2507 882 2560 in
920 2506 1096 2576 ipsum
1131 2508 1533 2577 quodammodo
1570 2511 1740 2566 Deum
1772 2514 1986 2583 culpam

402 2596 619 2662 avertit,
653 2597 808 2667 quasi
841 2599 986 2664 dicat
1013 2615 1026 2653 :
1075 2600 1270 2656 Mulier
1300 2617 1459 2671 quam
1496 2611 1551 2656 tu
1580 2604 1720 2673 apud
1760 2620 1845 2659 me
1869 2619 1989 2661 esse

408 2689 644 2751 voluisti,
672 2704 737 2743 ea
780 2690 913 2743 mihi
931 2706 1095 2746 causa
1131 2692 1231 2747 fuit
1262 2693 1605 2748 transiliendi
1640 2695 1832 2764 legem,
1863 2696 1986 2752 illa-

407 2796 514 2848 que
548 2782 742 2835 arbore
775 2783 1050 2837 vescendi.
1086 2782 1191 2838 Sed
1251 2787 1514 2841 adversus
1566 2786 1701 2853 haec,
1735 2788 1904 2843 multa
1956 2804 1987 2844 a

411 2872 525 2924 Deo
556 2872 629 2925 ad
657 2872 808 2926 illum
869 2874 1206 2943 arguentium
1264 2875 1372 2929 dici
1415 2877 1762 2945 pctuisseutf;
1837 2880 1987 2937 verbi

405 2962 575 3030 gratia
606 2979 619 3015 :
654 2961 771 3016 Non
809 2963 934 3031 quia
980 2965 1261 3019 mulierem
1293 2981 1393 3037 ego
1424 2967 1517 3022 tibi
1560 2968 1805 3038 adjunxi,
1839 2972 1989 3040 justa

405 3054 507 3108 tibi
545 3054 682 3108 ratio
713 3064 830 3109 erat
859 3064 922 3109 ut
956 3056 1002 3110 ei
1045 3058 1382 3124 auscultans,

411 3145 551 3199 Tum
587 3148 631 3202 si
664 3162 752 3201 me
781 3162 1004 3204 accusas
1039 3150 1163 3219 quia
1195 3166 1421 3205 uxorem
1446 3153 1542 3207 tibi
1566 3154 1713 3219 dedi,
1745 3171 1842 3213 cur
1878 3173 1985 3213 non

409 3237 599 3301 etiam,
629 3240 756 3308 quia
786 3250 836 3295 te
862 3241 1081 3295 condidi
1107 3241 1129 3294 ?
1166 3244 1271 3298 nisi
1302 3244 1447 3298 enim
1486 3253 1539 3300 te
1569 3260 1847 3303 creassem
1878 3266 1985 3306 non

412 3345 720 3399 peccasses,
769 3334 898 3402 quia
943 3333 1039 3397 tibi
1070 3338 1262 3390 oculos
1298 3337 1464 3391 indidi
1498 3338 1618 3392 sine
1648 3340 1845 3410 quibus
1881 3357 1985 3396 non

412 3438 539 3478 cras
572 3427 820 3481 arborem
852 3429 1120 3485 visurus?
1166 3433 1291 3502 quia
1341 3450 1537 3489 manus
1576 3436 1672 3491 tibi
1738 3438 1986 3507 apposui,

415 3513 534 3568 sine
563 3517 763 3584 quibus
798 3534 907 3573 non
942 3521 1310 3592 decerpsisses
1340 3525 1532 3580 vetitos
1576 3525 1831 3581 fructus?
1860 3527 1988 3597 quia

415 3621 477 3660 os
514 3606 607 3661 tibi
635 3609 779 3675 dedi,
811 3611 932 3667 sine
965 3628 1074 3682 quo
1126 3629 1231 3667 non
1266 3615 1539 3670 .edisses?
1583 3617 1783 3673 frustra
1827 3620 1991 3687 igitur

412 3697 505 3753 illa
531 3715 780 3766 excusas,
809 3719 930 3757 cum
966 3720 1087 3759 eam
1120 3706 1402 3760 mulierem
1449 3722 1611 3777 quam
1657 3709 1750 3763 tibi
1784 3710 1988 3765 sociam

412 3788 557 3855 dedi,
588 3790 661 3846 ita
686 3796 1117 3864 comparaverim
1155 3805 1212 3849 ut
1233 3795 1326 3851 tibi
1357 3809 1501 3852 esset
1529 3798 1582 3852 in
1612 3814 1798 3865 manu,
1830 3810 1991 3871 atque

413 3884 621 3951 sujecta
646 3902 661 3951 ;
691 3902 798 3939 non
839 3896 1017 3941 autem
1058 3899 1184 3943 utte
1217 3898 1448 3958 tuasque
1475 3890 1724 3946 actiones
1756 3905 1989 3962 regeret,

416 3976 872 4046 gubernaretque.
908 3977 1026 4044 llis,
1065 3979 1307 4049 inquam,
1338 3990 1500 4048 atque
1528 3982 1842 4051 huiusmodi
1873 3985 1994 4041 aliis

414 4068 597 4123 verbis
620 4071 964 4136 expostulare
1011 4087 1135 4125 cum
1193 4073 1284 4127 illo
1332 4075 1627 4143 potuissset
1652 4076 1778 4144 jure
1805 4079 1987 4133 Deus:

416 4177 604 4215 verum
635 4164 890 4219 omnibus
916 4166 1199 4231 abstinuit,
1226 4169 1356 4236 quia
1395 4184 1499 4222 non
1551 4171 1993 4227 accusationibus

420 4264 721 4323 perterrere
749 4258 1045 4327 hominem,
1066 4262 1155 4315 sed
1186 4264 1379 4331 patrati
1402 4262 1660 4319 facinoris
1679 4266 1994 4335 paenitentia

420 4357 675 4398 revocare
694 4347 986 4415 cupiebat;
1030 4365 1201 4419 quare
1243 4368 1363 4405 mox
1393 4355 1744 4421 quaestionem
1778 4355 1843 4409 ad
1875 4371 1995 4409 mu-

421 4437 606 4491 lierem
658 4442 960 4505 convertit;
1001 4443 1079 4497 sic
1115 4444 1259 4498 enim
1305 4448 1595 4515 sequitur:
1655 4446 1723 4500 Et
1759 4449 1833 4501 ait
1886 4448 1994 4502 Do-
2022 4423 2074 4482 D

420 4531 588 4583 minus
604 4532 671 4585 ad
694 4533 959 4587 mulierem
987 4550 1004 4587 :
1023 4533 1161 4599 Quid
1180 4537 1275 4590 hoc
1296 4547 1371 4590 est
1390 4539 1527 4607 quod
1548 4539 1763 4606 fecisti?
1782 4542 1995 4597 Rursus

419 4636 540 4674 eum
574 4623 721 4676 mulir
742 4639 798 4678 re
823 4640 1040 4695 quoque
1068 4643 1175 4681 non
1199 4630 1394 4683 acerbe
1420 4638 1581 4700 atque
1606 4632 1995 4698 iracunde,sed

418 4718 600 4767 sedate
634 4724 686 4767 rt
720 4718 911 4772 blande
950 4720 1193 4790 loquitur
1254 4723 1414 4785 Deus,
1469 4740 1534 4778 ac
1585 4727 1744 4793 quasi
1780 4728 1995 4784 nescius

420 4808 717 4879 interrogat
736 4811 804 4864 ob
833 4814 1049 4866 easdem
1078 4816 1320 4871 rationes
1338 4833 1475 4885 quas
1499 4834 1678 4887 nuper
1701 4822 1769 4875 de
1786 4823 1995 4878 Adamo

421 4900 755 4970 interrogato
786 4904 1148 4972 protulimus:
1179 4906 1247 4960 Et
1272 4910 1347 4963 ait
1378 4909 1570 4963 mulier
1597 4926 1616 4963 :
1645 4911 1869 4982 Serpens
1900 4916 1993 4969 de-

420 4993 551 5057 cepit
586 5008 685 5057 me,
717 5002 766 5046 et
796 4996 1013 5049 comedi.
1046 4996 1235 5052 Mulier
1261 5000 1403 5055 enim
1440 5002 1620 5056 Omnia
1646 5008 1881 5074 serpenti
1910 5024 1997 5064 as-

418 5084 599 5146 cribit,
630 5099 737 5138 non
791 5085 1027 5149 Satanae,
1056 5104 1120 5143 eo
1148 5092 1290 5160 quod
1315 5104 1619 5162 serpentem
1653 5098 1869 5166 quidem
1902 5102 1994 5171 qui

420 5188 479 5227 se
512 5174 966 5244 interpellaverat,
1002 5192 1271 5247 nosceret,
1312 5194 1380 5239 at‘
1395 5186 1652 5242 Satanam
1685 5188 1827 5245 intra
1880 5208 1996 5247 ser-

422 5273 638 5331 pentem
676 5270 1030 5336 occultatum,
1068 5286 1096 5324 a
1136 5288 1247 5343 quo
1302 5276 1482 5331 omnis
1523 5278 1821 5348 impuslura
1870 5299 1996 5353 pro-

420 5371 682 5422 cesserat,
723 5362 1018 5431 ignoraret,
1051 5363 1115 5417 Et
1150 5369 1226 5419 ait
1261 5367 1509 5424 Dominus
1537 5373 1606 5425 ad
1662 5388 1947 5444 serpentem
1977 5392 1997 5432 :

421 5448 562 5511 Quin
588 5450 759 5517 fecisti
789 5452 903 5516 hoc,
923 5456 1234 5509 maledictus
1258 5474 1309 5512 es
1334 5475 1443 5526 pra:
1470 5464 1613 5517 onmi
1643 5467 1930 5534 animante,
1950 5478 1999 5523 et

420 5554 532 5604 pra:
567 5542 709 5595 omni
762 5542 923 5599 bestia
955 5548 1092 5615 agri.

494 5733 543 5766 "
589 5735 733 5791 Psal.
776 5756 813 5802 ι,
868 5738 911 5795 l.
992 5740 1032 5773 ⁷³
1078 5739 1273 5795 Etet-li.
1323 5756 1382 5802 ll,
1436 5743 1519 5798 13.

2090 510 2175 554 tur
2209 503 2349 571 apud
2384 516 2712 574 serpentem,
2736 509 2837 562 hoc
2857 516 2959 575 est,
2994 508 3277 572 Satanam,
3307 512 3476 567 utitur
3498 514 3666 570 intrr-

2088 597 2394 666 rogatione,
2429 614 2533 667 qua
2583 599 2650 655 ad
2684 615 2742 655 se
2773 602 3146 661 excusandum
3195 602 3286 659 ille
3323 617 3661 672 provocetur.

2089 704 2154 745 ac
2185 690 2257 744 ita
2316 692 2531 748 tandem
2594 694 2874 764 judicetur
2929 699 3451 767 condcmncturque,
3507 699 3665 757 sicuti

2082 781 2223 851 apud
2282 781 2550 839 Adamum
2615 795 2670 840 et
2748 786 2912 842 Evam
2998 805 3131 844 usus
3216 788 3413 845 fuerat.
3493 792 3665 862 Cujus

2090 875 2233 929 hanc
2263 886 2521 946 putamus
2542 879 2693 934 reddi
2730 896 2895 949 posse
2949 882 3214 937 rationem
3245 899 3260 948 ;
3301 882 3426 952 quia
3458 885 3679 939 Adamn-

2091 968 2358 1038 uxorique
2398 969 2553 1025 locus
2604 979 2723 1025 erat
2762 972 3119 1040 poenitentia,
3172 987 3236 1027 ac
3286 974 3343 1028 in
3401 976 3673 1043 serpentis

2090 1058 2462 1129 daemonisque
2490 1060 2719 1115 arbitrio
2748 1077 2858 1117 non
2913 1072 3033 1118 erat
3074 1073 3134 1118 ut
3167 1064 3431 1134 paenitere
3465 1075 3668 1133 posset.

2093 1152 2262 1207 Porro
2296 1154 2468 1207 multa
2512 1154 2600 1207 hic
2640 1156 2809 1223 quieri
2868 1156 3069 1222 solent,
3116 1158 3427 1227 cuiusmodi
3490 1167 3668 1214 sunt:

2092 1244 2425 1300 Praeditusue
2480 1246 2624 1300 fandi
2665 1245 2921 1302 facultate
2979 1266 3010 1303 a
3058 1249 3189 1313 Deo,
3235 1265 3460 1317 serpens
3514 1251 3667 1305 locu-

2094 1345 2180 1392 tus
2212 1338 2304 1401 sit,
2341 1351 2408 1389 an
2449 1335 2681 1394 Satanas
2718 1339 2856 1393 intra
2912 1349 3220 1410 serpentem
3272 1342 3471 1405 latens,
3538 1358 3662 1397 cum

2094 1429 2182 1485 ille
2232 1430 2374 1484 hunc
2409 1440 2603 1500 suopte
2635 1432 2872 1487 arbitrio
2904 1433 3286 1502 subterfugere
3320 1434 3591 1503 nequiret,
3618 1446 3673 1487 ut

2095 1536 2202 1574 non
2238 1521 2340 1591 ipsi
2368 1536 2463 1590 pro
2504 1523 2866 1577 instrumento
2906 1533 3069 1578 esset.
3104 1522 3183 1577 Ad
3219 1523 3344 1587 hoc,
3402 1539 3504 1577 cur
3562 1541 3669 1580 non

2092 1623 2406 1668 exsecratus
2430 1614 2502 1668 sit
2532 1612 2673 1670 Deus
2702 1614 2981 1680 Satanam,
3012 1624 3068 1669 ut
3092 1626 3423 1683 serpentem.
3442 1613 3672 1671 Praeter-

2091 1720 2177 1767 ea,
2228 1721 2327 1760 cur
2370 1705 2570 1770 Moses,
2622 1721 2744 1760 cum
2780 1706 3149 1761 hunclibrum
3197 1706 3386 1761 multis
3413 1716 3533 1777 post
3566 1722 3673 1761 sa:—

2093 1796 2232 1851 culis
2262 1797 2674 1866 conscripserit,
2700 1800 2923 1867 quando
2951 1798 3064 1866 jam
3106 1807 3218 1853 tum
3254 1798 3388 1853 satis
3421 1797 3673 1868 cognitus

2092 1897 2213 1942 erat
2241 1889 2565 1943 mortalibus
2594 1886 2846 1954 Satanas,
2882 1904 2989 1943 non
3011 1889 3157 1944 clare
3184 1889 3386 1943 dixerit
3412 1890 3671 1943 Satanam

2094 1979 2265 2035 fuisse
2298 1980 2390 2051 qui
2413 1980 2552 2035 intra
2572 1990 2881 2050 serpentem
2908 1980 3283 2052 loquebatur?
3310 1980 3401 2037 sed
3438 1996 3547 2036 non
3573 1979 3672 2037 has

2090 2082 2146 2127 et
2172 2072 2335 2142 hujus
2374 2073 2589 2141 generis
2632 2074 2769 2127 alias
2803 2073 3133 2141 quaestiones
3164 2072 3330 2128 altius
3380 2071 3671 2145 investiga-

2095 2173 2179 2219 tas
2227 2164 2581 2219 dissolvimus
2620 2166 2763 2235 (cap.
2799 2162 2916 2234 27).
2954 2163 3155 2220 Verum
3188 2165 3407 2243 quando
3430 2164 3672 2234 suntqui

2091 2256 2273 2310 illam:
2296 2255 2410 2311 Cur
2445 2271 2551 2311 non
2582 2265 2904 2311 exsecratus
2939 2256 3010 2311 sit
3042 2255 3185 2310 Deus
3218 2255 3479 2311 Satanam
3510 2254 3672 2310 sicuti

2090 2356 2422 2418 serpentem,
2460 2349 2654 2403 iterum
2687 2359 2853 2417 atque
2903 2349 3100 2402 iterum
3146 2356 3361 2419 urgent,
3400 2364 3499 2404 nos
3537 2363 3673 2417 prat-

2094 2452 2241 2499 terea
2273 2459 2394 2513 qua:
2432 2454 2558 2499 ante
2593 2442 2975 2512 respondimus
3010 2443 3113 2496 hoc
3144 2443 3307 2496 etiam
3348 2442 3545 2496 addere
3583 2441 3671 2495 hic

2091 2536 2384 2600 voluimus,
2436 2537 2605 2590 Deum
2644 2551 2755 2588 non
2816 2535 2998 2588 minus
3049 2533 3396 2588 maledixisse
3447 2531 3667 2587 Satanm

2091 2643 2200 2682 non
2232 2628 2547 2697 aspectabili
2578 2642 2740 2696 quam
2774 2626 3012 2696 serpenti
3050 2625 3143 2695 qui
3192 2624 3364 2680 oculis
3393 2624 3671 2679 cerneba-

2092 2726 2197 2782 tur,
2222 2728 2379 2787 atque
2409 2716 2633 2786 perinde
2664 2716 2948 2771 iuhaesisse
2977 2714 3413 2769 exsecrationem
3442 2713 3672 2783 mystice

2091 2825 2401 2881 arcanoque
2436 2809 2620 2873 modo,
2670 2809 2747 2862 illi
2785 2817 2843 2863 ut
2875 2807 3001 2862 huic
3037 2817 3223 2876 aperte
3250 2815 3304 2862 et
3339 2806 3391 2860 in
3419 2805 3539 2875 ipso
3558 2819 3676 2859 cor-

2091 2917 2253 2972 pore;
2305 2902 2449 2970 quod
2482 2899 2787 2969 cujusmodi
2818 2899 2892 2954 sit
2921 2898 3084 2953 velim
3120 2906 3174 2952 te
3202 2897 3344 2967 apud
3370 2904 3520 2950 tuum
3549 2896 3671 2950 ani-

2093 3010 2239 3049 mum
2266 2995 2558 3065 pensitare.
2605 2992 2849 3048 Habebat
2878 2992 3021 3045 enim
3066 2991 3209 3046 Deus
3238 3000 3547 3060 serpentem
3580 3007 3671 3045 vc-

1414 3061 1982 3155 ωθθίυδδῖίνίοίπίδθ⁸
2015 3083 2059 3145 C
2093 3088 2188 3143 luti
2229 3061 2466 3143 medium
2524 3089 2664 3141 inter
2728 3085 2985 3139 Satanam
3047 3086 3367 3155 primosque
3416 3092 3671 3154 parentes

2092 3178 2537 3235 intervenientem
2571 3194 2586 3241 ;
2620 3192 2745 3232 nam
2782 3176 2942 3232 sicuti
2994 3176 3048 3231 hi
3098 3191 3191 3245 per
3229 3183 3539 3247 serpentem
3587 3192 3675 3232 se-

2091 3270 2240 3326 ducti
2298 3279 2448 3337 sunt,
2518 3269 2587 3324 ita
2638 3269 2728 3324 ille
2782 3284 2877 3338 per
2933 3276 3241 3338 serpentem
3291 3268 3671 3322 exsecratione

2091 3364 2414 3435 perstrictus
2432 3374 2547 3435 est;
2568 3372 2621 3418 et
2638 3373 2696 3417 ut
2722 3378 2948 3433 serpens
2974 3360 3076 3417 fuit
3107 3360 3320 3417 Satana:
3341 3361 3675 3415 instrumen—

2091 3469 2205 3516 tum
2243 3459 2499 3515 illicieudi
2542 3458 2747 3528 primos
2798 3466 3051 3527 parentes
3102 3456 3168 3511 ad
3206 3455 3561 3525 peccandum,
3598 3456 3672 3508 ita

2091 3569 2382 3623 personam
2432 3567 2651 3623 quoque
2688 3552 2854 3618 gessit
2910 3549 3012 3605 sub
3043 3563 3151 3618 qua
3209 3547 3349 3603 Deus
3406 3547 3667 3601 Satanam

2088 3654 2177 3700 est
2200 3644 2524 3699 detestatus.
2560 3642 2790 3711 Utrique
2810 3641 2992 3712 igitur,
3022 3649 3077 3696 et
3111 3637 3345 3694 Satanas
3366 3646 3419 3692 et
3448 3652 3674 3705 serpens

2092 3733 2333 3788 divinam
2371 3731 2804 3785 exsecrationem
2842 3739 2975 3805 sunt
3006 3728 3173 3799 passi.
3208 3727 3342 3781 Nam
3378 3737 3437 3780 ut
3465 3728 3531 3780 ad
3560 3742 3675 3781 scr-

2094 3836 2308 3895 pentem
2341 3824 2546 3878 dictum
2575 3833 2694 3878 est:
2733 3822 3050 3877 Maledictus
3085 3839 3137 3878 es
3183 3837 3295 3891 pra:
3328 3821 3471 3874 omni
3511 3819 3676 3872 bestia

2093 3927 2144 3972 et
2190 3920 2478 3981 animante.
2515 3931 2579 3969 ea:
2608 3931 2830 3985 quorum
2866 3932 3079 3969 numero
3128 3926 3183 3968 tu
3217 3932 3290 3981 es,
3320 3915 3391 3968 ita
3414 3913 3678 3967 adversus

2096 4010 2351 4065 Satanam
2403 4007 2811 4077 pronuntiatum
2874 4022 2996 4061 esse
3060 4008 3481 4062 existimandum
3543 4013 3675 4061 est:

2096 4102 2413 4158 Maledictus
2442 4115 2500 4156 es
2515 4115 2623 4169 pra:
2639 4101 2894 4155 omnibus
2912 4101 3085 4171 copiis
3118 4101 3492 4169 spiritualihus
3512 4108 3679 4169 atque

2099 4194 2360 4265 angelicis
2390 4208 2454 4247 ex
2486 4208 2716 4263 quarum
2750 4208 2947 4260 genere
2973 4200 3034 4247 tn
3062 4184 3492 4247 cs.Animalium
3529 4193 3675 4246 enim

2099 4289 2318 4345 nomine
2351 4286 2532 4341 vocari
2568 4286 2622 4339 in
2659 4283 2945 4354 Scriptura
2978 4298 3134 4339 sacra
3163 4284 3351 4352 cupias
3380 4284 3677 4352 angelicas,

2104 4388 2286 4451 aperte
2336 4384 2577 4446 arguunt
2598 4391 2661 4427 ea
2691 4374 2947 4429 animalia
2979 4389 3099 4444 qua:
3131 4373 3261 4427 vidit
3291 4371 3544 4427 Ezechiel
3567 4374 3678 4428 "et

2102 4486 2241 4539 saepe
2273 4470 2397 4523 alibi
2422 4468 2678 4522 Satanam
2712 4466 2913 4521 animal
2937 4465 3264 4536 appellatum
3281 4479 3405 4519 esse
3435 4465 3487 4517 in
3508 4479 3617 4519 saci
3634 4465 3679 4518 is

2098 4563 2318 4621 Litteris
2342 4572 2529 4617 notum
2551 4570 2651 4615 est.
2674 4559 2777 4614 Sed
2804 4575 2903 4614 cur
2928 4558 3678 4629 auspicatuscstexsecrati..-

2100 4674 2221 4712 nem
2246 4655 2386 4709 Deus
2405 4671 2434 4708 a
2454 4654 2687 4709 Salaria?
2707 4652 2961 4708 nimirum
2978 4653 3105 4721 quia
3134 4652 3221 4706 ille
3239 4654 3447 4722 primus
3461 4650 3681 4705 admisit

2103 4759 2390 4819 peccatum
2434 4748 2604 4816 prima
2639 4756 2722 4802 est
2747 4747 2941 4801 merito
2967 4746 3328 4801 detestatione
3359 4760 3677 4815 percussus.

2100 4841 2371 4895 Caeterum
2411 4848 2718 4907 serpentem
2752 4853 2816 4893 ex
2875 4838 3187 4892 animarum
3226 4852 3422 4905 genere
3482 4836 3675 4898 fuisse,

2104 4947 2213 4986 non
2249 4940 2429 4985 autem
2491 4929 2761 4998 reptilium
2810 4927 2998 5000 (quod
3036 4929 3255 4996 quidem
3306 4937 3677 4991 autumavcre,

2103 5039 2225 5077 cum
2252 5022 2395 5076 dicat
2422 5039 2435 5075 :
2474 5020 2793 5077 Maledictus
2814 5037 2925 5091 pra:
2951 5037 3093 5074 omni
3117 5022 3390 5075 animante
3411 5033 3679 5073 memora-

2104 5118 2282 5174 vimus
2298 5117 2456 5172 etiam
2481 5133 2602 5187 cap.
2628 5131 2766 5171 xx".
2791 5115 2853 5168 Et
2874 5133 3031 5184 super
3051 5126 3278 5171 ventrem
3302 5128 3445 5168 tuum
3462 5112 3677 5182 gradie-

2102 5211 2198 5263 ris.
2219 5209 2385 5276 Quasi
2415 5208 2560 5264 dicat
2585 5228 2599 5264 :
2632 5208 2949 5264 Amissurns
2972 5224 3032 5264 es
3062 5212 3217 5279 pedes
3248 5219 3369 5262 tuos
3390 5204 3586 5275 quibus
3609 5203 3676 5257 ad

2101 5302 2423 5371 pravitatem
2452 5301 2770 5368 cucurristi,
2803 5302 3218 5372 ambulabisquc
3236 5316 3299 5354 ac
3336 5311 3488 5368 rt-pes
3513 5311 3678 5366 super

2104 5402 2345 5447 ventrem
2379 5404 2553 5460 tuum,
2592 5396 2723 5464 quia
2769 5404 3011 5449 ventrem
3056 5394 3354 5462 primorum
3391 5399 3673 5459 parentum

2103 5485 2377 5541 iuescasti.
2403 5486 2635 5542 Pedibus
2661 5486 2824 5556 igitur
2841 5500 3063 5554 serpens
3088 5492 3213 5537 ante
3243 5481 3672 5537 exsecrationem

2106 5572 2409 5639 incedebat,
2454 5584 2510 5629 ut
2536 5586 2727 5629 caetera
2758 5572 3116 5627 animantium
3141 5586 3357 5641 gt‘lleta,
3385 5582 3496 5640 poal
3524 5586 3677 5634 vero,
