4100 6212
422 283 525 369 567

1701 299 1932 360 MOSIS
1972 301 2121 359 ΒΑΗ
2162 298 2407 360 CEPHA

3569 281 3674 346 563

425 417 533 474 illis
567 418 805 481 amissis,
839 431 1015 487 prose:
1032 432 1157 487 pere
1187 416 1347 485 cmplt
1377 429 1438 470 ac
1466 422 1651 468 ventre
1675 410 2001 482 promoveri.
2030 415 2079 475 Α
2107 419 2350 466 ventrem
2387 416 2626 478 serpant,
2654 419 2826 475 neque
2847 417 2904 459 se
2927 385 3203 474 subrigere
3223 398 3352 456 dum
3372 395 3675 462 caeduntur,

428 513 491 563 lit
528 511 642 562 ba-e
675 507 888 576 quidem
919 515 1104 575 aperte
1150 507 1215 561 ad
1252 508 1428 576 ipsum
1476 511 1722 574 spectant
1784 517 2002 570 serpen-

427 614 556 663 tem,
590 609 841 652 caeterum
877 597 1090 654 Satanas
1120 599 1198 653 sic
1216 597 1660 653 accommodetur
1683 595 1872 650 eadem
1900 594 2002 648 ista

425 691 725 744 exsecratio
755 708 768 743 :
807 691 1076 756 Quoniam
1115 690 1398 760 spirituale
1429 704 1630 743 munus
1678 699 1855 751 tuum,
1891 701 2000 756 quo

425 781 736 849 fungebaris
796 783 847 835 in
882 781 1021 836 coelo
1050 797 1156 836 una
1196 797 1318 836 eum
1354 781 1580 850 reliquis
1613 781 1787 851 copiis
1837 794 2002 845 ange-

419 874 490 929 lic
515 888 542 929 s
568 889 690 943 quae
717 873 771 928 in
798 874 1014 928 sublimi
1043 885 1347 937 versantur,
1377 873 1663 928 deseruisti
1690 883 1850 943 atque
1875 871 2006 924 ami-

423 963 562 1028 sisti,
598 963 774 1018 adhoc
803 962 1010 1033 primos
1033 973 1284 1033 parentes
1309 962 1597 1026 seduxisti,
1627 977 1733 1016 non
1767 961 1873 1014 erit
1906 959 2000 1013 tibi

421 1057 474 1107 in
496 1053 638 1108 cmlo
668 1062 726 1107 ut
775 1062 901 1109 ante
929 1053 1192 1108 habitatio
1227 1055 1318 1107 sed
1355 1053 1505 1106 humi
1545 1051 1786 1111 ineedes.
1815 1065 2003 1120 prore-

419 1160 645 1218 pcsqtte,
678 1146 835 1200 malis
863 1147 1056 1201 studiis
1081 1146 1222 1200 addi;
1241 1152 1362 1199 tus:
1395 1143 1459 1196 Et
1484 1145 1745 1212 pulverem
1767 1141 2001 1195 comedes

420 1237 661 1290 omnibus
685 1237 864 1291 diebus
895 1237 1015 1291 vita:
1052 1246 1178 1291 tute.
1211 1235 1431 1304 Nempe,
1465 1235 1518 1288 in
1544 1236 1817 1299 pulverem
1848 1234 2005 1286 rede-

421 1332 544 1400 gisti
582 1330 785 1400 primos
840 1338 1117 1400 parentes,
1152 1331 1375 1399 pulvere
1410 1327 1575 1397 igitur
1609 1327 1843 1381 vesceris
1889 1333 2001 1379 tota

421 1423 550 1474 vita.
587 1419 865 1490 Objiciunt
897 1420 1140 1490 quidam,
1177 1420 1267 1488 qui
1307 1419 1475 1488 possit
1509 1418 1639 1472 illud
1673 1417 1996 1481 consistere,

422 1515 565 1582 quod
597 1513 672 1566 ait
711 1530 726 1566 :
762 1512 1035 1567 Pulverem
1062 1512 1320 1578 comedes;
1363 1511 1580 1581 quando
1607 1510 1852 1564 videmus
1893 1524 2004 1564 ser-

422 1614 611 1674 pentes
647 1605 959 1660 vermiculis
1020 1606 1073 1659 in
1106 1620 1244 1674 aqua
1289 1603 1606 1670 degentibus
1640 1604 1808 1671 pasci,
1846 1611 2006 1671 atque

427 1698 776 1764 passerculos
809 1712 1050 1766 quoque,
1081 1696 1491 1763 columbosque,
1521 1705 1573 1749 et
1603 1695 1766 1763 hujus
1790 1694 2005 1764 generis

2107 507 2350 573 aliasque
2366 502 2676 572 superiores
2695 497 2942 568 corporis
2957 506 3136 566 partes
3153 494 3406 549 invadere
3422 499 3674 573 possunt.

2109 601 2225 668 ipsa
2255 596 2512 652 calcauea
2543 591 2844 648 lancinant.
2877 589 2982 644 Sed
3010 589 3075 644 de
3106 585 3302 641 Satana
3328 584 3676 654 interpretari

2109 699 2337 762 possunt
2371 689 2529 743 verba
2569 687 2638 742 ad
2701 687 2845 740 hunc
2909 684 3167 736 modum:
3223 677 3484 735 llomines
3542 676 3675 731 dum

2109 800 2204 854 per
2238 783 2464 837 virtutes
2489 780 2654 834 vitam
2681 785 2866 848 agant,
2886 773 3044 829 facile
3064 772 3366 828 discutiunt
3387 769 3679 839 irritosquc

2107 876 2344 930 reddunt
2382 871 2578 927 vafros‘
2618 880 2742 924 tuos
2777 878 3023 928 conatus,
3068 879 3206 934 quos
3268 873 3324 917 tu
3387 860 3680 931 primarios

2107 977 2268 1036 atque
2296 963 2686 1034 insuperabiles
2709 976 2830 1016 esse
2861 958 3108 1027 putabas.
3129 955 3456 1010 Observabis
3479 963 3534 1008 tu
3557 953 3680 1022 qui-

2106 1062 2229 1115 dem
2263 1060 2477 1111 illormn
2511 1055 2708 1118 calces,
2755 1060 2813 1106 ut
2848 1053 2997 1120 ipsos
3050 1048 3368 1102 subvertere
3398 1056 3559 1115 atque
3621 1045 3678 1097 in

2107 1160 2328 1223 peccata
2373 1147 2710 1218 praecipitare
2773 1145 2996 1213 possis:
3056 1154 3241 1194 verum
3285 1137 3418 1190 nihil
3455 1137 3676 1196 ellicies.

2108 1243 2212 1297 nisi
2243 1255 2340 1295 sua
2381 1240 2481 1308 ipsi
2515 1245 2709 1308 sponte
2759 1243 2922 1303 atque
2955 1242 3147 1302 suapte
3200 1230 3477 1284 voluntate
3502 1245 3560 1284 se
3583 1229 3680 1282 tibi

2109 1335 2359 1404 prodant.
2377 1332 2480 1388 Sed
2503 1341 2554 1385 et
2580 1330 2681 1384 hoc
2699 1343 2862 1384 sensu
2883 1337 3026 1381 recte
3058 1323 3390 1394 accipiantur
3406 1338 3467 1378 ea
3483 1323 3676 1378 verba:

2107 1432 2212 1492 Tu,
2244 1429 2481 1490 daemon,
2520 1425 2778 1481 observas
2804 1424 3057 1478 calcanea
3093 1421 3400 1482 hominum,
3436 1419 3539 1472 hoc
3565 1425 3676 1480 est,

2107 1522 2352 1592 ipsorum
2376 1520 2516 1573 dicta
2543 1517 2814 1587 factaque,
2849 1523 2908 1568 ut
2925 1515 2984 1581 jn
3008 1521 3226 1583 peccata
3241 1511 3495 1579 dejicere,
3516 1519 3682 1579 atque

2110 1628 2141 1668 a
2178 1611 2285 1666 Deo
2310 1609 2501 1682 procul
2533 1611 2684 1680 ipsos
2716 1607 3196 1675 abducerequeas;
3226 1619 3413 1658 verum
3431 1600 3683 1656 Christus

2113 1705 2203 1760 ubi
2236 1703 2476 1768 advenit,
2528 1701 2686 1756 nobis
2717 1699 2916 1756 exemit
2943 1698 3088 1752 hunc
3121 1696 3200 1750 tui
3231 1706 3459 1758 metum,
3483 1708 3684 1750 secun-

422 1786 526 1840 alia
553 1802 768 1841 vorare.
797 1786 901 1839 Sed
930 1786 1089 1840 etiam
1113 1785 1159 1839 Si
1176 1785 1289 1840 base
1307 1800 1525 1855 quoque
1552 1785 1837 1850 devorant,
1869 1787 2010 1840 inte-
2045 1802 2086 1856 Β
2113 1798 2243 1856 dum
2402 1794 2576 1865 ipsius
2600 1791 2765 1848 verba
2799 1809 2815 1846 τ
2849 1790 2985 1844 Dedi
3038 1789 3179 1844 vobis
3210 1795 3517 1856 potestatem
3567 1785 3686 1840 cal-

356 1938 358 1941 l
423 1878 528 1930 rim
579 1879 787 1946 absque
828 1876 1046 1946 pulvere
1074 1877 1240 1930 vitam
1272 1887 1583 1932 sustentare
1611 1886 1905 1948 nequeunt.
1941 1877 2005 1932 Et

423 1984 554 2025 vero
587 1970 710 2024 licet
728 1969 938 2023 Adamo
960 1971 1162 2024 dictum
1193 1971 1265 2025 sit
1291 1988 1303 2024 :
1326 1971 1387 2025 In
1405 1973 1595 2026 sudore
1614 1972 1772 2042 {aciei
1790 1983 1895 2028 tua:
1913 1989 2003 2026 co-

423 2065 597 2117 medes
627 2080 814 2133 panem
847 2074 1018 2130 tuum,
1059 2074 1234 2120 tamen
1267 2081 1433 2119 carne
1468 2066 1705 2120 vescitur
1732 2065 1918 2132 etiam,
1949 2071 2003 2120 et

420 2167 580 2212 terra:
609 2156 879 2229 frugibus,
905 2159 1278 2229 fluctibusque
1299 2160 1437 2215 aliis.
1471 2159 1576 2214 Sed
1597 2161 1708 2216 haec
1727 2161 1793 2214 ad
1823 2163 1999 2230 ipsttm

419 2263 729 2320 serpentem
776 2252 1071 2320 pertinent,
1131 2253 1432 2323 eademque
1490 2267 1619 2313 vero
1654 2261 1886 2320 possunt
1936 2253 2002 2308 ad

423 2341 680 2398 Satanam
703 2345 756 2398 in
779 2343 920 2400 hanc
939 2347 1265 2401 sententiam
1287 2347 1426 2400 dicta
1450 2346 1619 2402 videri
1641 2363 1657 2402 :
1677 2347 2002 2414 Priusquam

422 2435 692 2490 delabere:
708 2437 773 2501 is,
789 2437 986 2492 divinis
999 2438 1342 2494 oblectabare
1361 2439 1826 2504 meditationibus,
1842 2448 2006 2512 atque

419 2529 865 2592 cmlestlbus,sed
877 2540 1162 2600 postquam
1196 2539 1248 2585 te
1269 2531 1600 2599 praecipitem
1622 2532 1818 2588 dedisti
1842 2541 2006 2602 atque

422 2621 773 2684 descendisti.
792 2632 939 2678 totus
962 2623 1192 2678 terrenis
1212 2623 1619 2694 humilibusque
1641 2625 1834 2681 studiis
1854 2625 2008 2680 dedi-

421 2724 512 2769 tus
536 2715 664 2779 eris,
707 2723 869 2784 atque
893 2717 959 2770 ad
993 2716 1372 2784 perficiendam
1407 2717 1705 2786 nequitiam
1743 2726 1890 2771 tuam
1912 2733 2004 2771 co-

422 2805 711 2874 gitationes
752 2816 872 2859 tuas
902 2821 1092 2862 onmes
1121 2808 1428 2863 exercebis.
1448 2805 1516 2861 Et
1568 2807 1878 2862 inimicitias
1908 2824 2004 2875 po-

422 2911 545 2947 nam
580 2894 714 2947 inter
737 2904 784 2946 te
817 2905 864 2948 et
906 2897 1196 2959 mulierem,
1224 2906 1272 2949 et
1307 2899 1447 2950 inter
1477 2913 1647 2950 semen
1675 2907 1821 2951 tuum
1845 2907 1894 2952 et
1925 2913 2006 2950 se-

423 3004 538 3041 men
569 2991 701 3056 ejus.
733 2986 1022 3054 Quoniam.
1045 2989 1242 3058 inquit,
1265 2990 1527 3044 adversus
1559 2991 1836 3044 mulierem
1855 2990 2002 3046 luisti

424 3080 634 3133 amicus
661 3079 1062 3148 fraudulentus,
1083 3090 1245 3150 atque
1263 3081 1575 3137 inimicitias
1607 3083 1791 3138 sevisti
1815 3085 1861 3138 ci
1879 3100 2000 3138 cum

361 3175 380 3186 ‘
419 3169 556 3235 Deo,
583 3187 683 3240 ego
715 3171 854 3226 inter
892 3181 942 3226 te
975 3181 1025 3225 et
1060 3173 1254 3242 ipsam,
1287 3173 1536 3245 interque
1560 3184 1710 3230 tuum
1738 3191 1921 3231 semen
1951 3187 2004 3230 et
2032 3159 2078 3220 (ἶ

424 3263 599 3333 ipsius
616 3279 820 3326 semen,
843 3263 1142 3319 inimicitiae
1159 3280 1380 3336 quoque
1406 3277 1464 3320 ιιι
1480 3275 1734 3321 constent
1753 3267 2002 3322 elliciam.

505 3349 810 3420 Serpentum
835 3353 1130 3406 inimicitia:
1152 3369 1270 3405 cum
1295 3353 1593 3407 hominibus
1621 3355 1836 3423 mystice
1854 3355 2004 3423 quid.

423 3471 494 3481 --
547 3441 706 3498 Certe
744 3443 915 3498 factos
949 3459 978 3497 a
1031 3442 1141 3497 Deo
1179 3444 1336 3497 nobis
1404 3445 1655 3498 inimicos
1704 3455 2002 3514 serpentes,

429 3545 516 3582 res
548 3530 662 3598 ipsa
689 3531 878 3596 docet;
906 3546 1080 3599 neque
1107 3533 1251 3586 enim
1294 3547 1527 3601 anguem
1565 3533 1734 3588 ullum
1762 3536 2006 3605 aspicere

427 3623 786 3685 sustinemus,
835 3633 891 3676 ut
938 3622 1097 3677 nobis
1135 3639 1242 3677 non
1275 3639 1564 3681 caveamus
1619 3627 1686 3680 ab
1717 3628 1855 3697 ipso,
1908 3645 2003 3682 seu

430 3717 584 3767 hoste
619 3723 837 3780 nostro;
875 3729 1083 3783 nosque
1117 3730 1224 3768 non
1267 3731 1641 3787 comparemus
1665 3720 1730 3773 ad
1770 3735 2002 3789 pugnam

430 3817 486 3859 ut
523 3807 672 3859 illum
705 3808 1058 3873 perimamus,
1097 3817 1352 3874 tanquam
1386 3825 1510 3864 enm
1556 3813 1646 3881 qui
1682 3827 1780 3866 nos
1813 3813 2006 3868 laedere

429 3897 628 3965 cupiat.
666 3895 787 3952 llaec
812 3899 996 3951 eadem
1023 3899 1086 3952 ad
1130 3898 1384 3953 Satanam
1416 3901 1495 3954 sic
1552 3903 1954 3957 transferantur
1987 3920 2002 3958 :

427 3988 526 4052 'l'e,
567 3990 789 4054 Fatana,
821 3989 999 4045 adhuc
1022 4005 1082 4045 ea
1121 4006 1244 4045 cura
1287 3993 1639 4063 studiumque
1668 3997 2006 4060 exercuit,ut

429 4085 633 4153 primos
668 4093 916 4151 parentes
946 4099 1051 4137 una
1084 4098 1206 4139 cmn
1245 4083 1487 4154 ipsorum
1522 4087 1839 4154 posteritate
1867 4087 2005 4141 ami-

428 4192 520 4230 «ος
548 4175 725 4231 facere
756 4185 811 4230 ttt
842 4177 936 4230 tibi
978 4193 1167 4248 posses
1204 4195 1216 4230 :
1252 4192 1352 4247 ego
1383 4194 1512 4233 vero
1554 4180 1664 4248 iam
1716 4179 1906 4244 cilicio,
1945 4190 2007 4235 ut

427 4279 686 4338 perpetuo
741 4269 958 4325 hostilia
1003 4271 1185 4324 omnia
1230 4271 1339 4325 sint
1402 4271 1542 4325 inter
1584 4281 1637 4325 te
1671 4285 1833 4342 atque
1857 4273 1999 4328 illos.

430 4360 494 4413 Et
529 4363 699 4427 ipsum
738 4371 964 4417 canteret
997 4376 1151 4430 caput
1188 4373 1355 4419 tuum.
1390 4365 1529 4430 Quia
1563 4382 1661 4436 per
1693 4369 2002 4438 superbiam

427 4454 626 4506 clatum
661 4452 758 4506 fuit
785 4462 948 4522 caput
979 4464 1152 4518 tuum,
1179 4465 1230 4508 et
1260 4457 1499 4525 improba
1527 4457 1765 4511 locutum
1791 4467 1893 4522 est,
1921 4473 2004 4512 sc-

429 4558 553 4596 men
589 4544 801 4597 feminae
832 4546 968 4613 (hoc
997 4555 1098 4609 est,
1135 4547 1226 4615 qui
1256 4563 1318 4600 ex
1359 4563 1420 4602 ea
1456 4548 1744 4618 nascetur)
1782 4549 2005 4604 concul-

428 4635 572 4690 cabit
600 4644 760 4703 caput
794 4647 968 4697 tuum,
1014 4647 1171 4706 teque
1200 4639 1406 4707 perdet.
1468 4639 1734 4696 Praeterea
1766 4642 1894 4712 quia
1943 4653 1999 4696 tu

427 4727 695 4780 Adamum
718 4738 881 4795 atque
897 4727 1060 4782 Evam
1087 4730 1154 4783 de
1177 4729 1345 4798 gradu
1364 4731 1642 4802 dignitatis
1665 4748 1825 4802 quem
1847 4735 1998 4802 quasi

430 4817 700 4887 principes
738 4819 1078 4887 obtinebant,
1136 4821 1421 4890 dejeeisti:
1458 4838 1642 4878 semen
1694 4825 2012 4893 posteritas-

428 4925 531 4978 que
557 4909 820 4979 ipsorum,
874 4920 1028 4966 tuum
1061 4921 1222 4982 caput
1259 4914 1500 4970 vicissim
1555 4916 1919 4980 conculcabit,
1953 4927 2005 4971 ct

433 5015 485 5055 te
522 5001 835 5058 interfit-iet.
901 5004 1006 5058 Sed
1069 5019 1170 5059 cur
1226 5018 1390 5076 caput
1439 5007 1583 5062 illius
1643 5024 1753 5078 pra:
1787 5007 2008 5076 reliquis

430 5095 691 5150 membris
723 5097 969 5150 attritum
1003 5099 1066 5150 iri
1104 5099 1280 5152 dicit?
1319 5099 1585 5154 Nimirum
1617 5101 1746 5172 quia
1769 5104 2006 5158 contrito

431 5201 756 5258 mortuoque
785 5192 959 5260 capite
983 5191 1035 5245 in
1062 5193 1320 5256 anguium
1353 5208 1566 5262 genere,
1605 5203 1774 5248 totum
1807 5211 2007 5266 corpus

429 5286 761 5339 exstinctum
791 5295 892 5337 est.
929 5283 998 5336 Et
1043 5295 1099 5337 tu
1135 5285 1271 5337 illud
1306 5285 1463 5354 feries
1513 5287 1570 5340 in
1618 5287 1758 5342 calce
1812 5289 2001 5356 ipsius.

429 5372 566 5436 Quia
597 5375 841 5430 calcibus
882 5376 998 5430 suis
1037 5385 1398 5446 properarunt
1437 5376 1596 5446 primi
1646 5392 1900 5449 parentes
1936 5382 2002 5436 ad
2039 5379 2046 5387 ’

430 5462 679 5518 arborem
725 5468 1080 5535 prohibitam,
1135 5477 1190 5521 tu
1258 5470 1483 5525 seminis
1528 5471 1772 5541 ipsorum
1825 5476 2004 5531 calces

432 5553 612 5607 feries.
680 5557 785 5611 Sed
851 5572 904 5613 et
981 5561 1104 5614 idco
1200 5561 1331 5616 dicit
1384 5578 1588 5633 angues
1637 5581 2000 5636 percussores

429 5643 605 5704 (alces
666 5647 967 5715 hominum,
1019 5652 1143 5720 quia
1193 5665 1315 5706 cum
1364 5655 1590 5721 pedibus
1646 5670 1883 5727 careant,
1950 5671 2002 5716 ct

502 5762 548 5804 ’ξ’
575 5767 706 5830 inte.
767 5780 820 5830 χ,
860 5765 939 5824 19.
1021 5769 1064 5806 ⁷-⁷
1103 5766 1255 5822 Joan.
1313 5786 1421 5834 xvt,
1453 5772 1543 5830 2|.

2111 1892 2267 1949 condi
2293 1899 2577 1960 serpentes,
2614 1898 2661 1941 et
2693 1885 3017 1955 scorpiones,
3037 1897 3288 1954 omneque
3318 1881 3481 1936 robur
3499 1880 3687 1934 adver-

2110 1982 2408 2047 sarium".
2437 1981 2706 2036 Caeterum
2752 1993 2818 2033 ex
2867 1976 2952 2034 his
3001 1975 3183 2030 verbis
3230 1973 3528 2042 intelligere
3575 1980 3683 2038 est,

2112 2094 2219 2133 non
2247 2076 2315 2130 ad
2345 2074 2523 2131 solum
2555 2078 2907 2142 corporatum
2942 2075 3274 2138 serpentem,
3305 2079 3494 2119 verum
3519 2063 3684 2119 etiam

2111 2174 2179 2228 ad
2211 2170 2471 2227 Satanam
2532 2165 2864 2237 pertinuisse
2907 2161 3148 2218 divinam
3211 2159 3686 2224 exsecrationem;

2110 2264 2331 2336 quando
2359 2276 2466 2317 non
2529 2258 2644 2314 sola
2702 2257 2876 2326 capita
2925 2263 3235 2325 serpentum
3287 2251 3534 2319 ferimus}
3553 2249 3684 2304 dum

2111 2359 2377 2428 perimere
2450 2353 2599 2423 ipsos
2667 2349 2942 2413 volumus,
3001 2345 3097 2402 sed
3171 2344 3440 2414 reliquum
3521 2341 3682 2397 etiam

2112 2431 2348 2519 corpus;
2377 2463 2552 2517 neque.
2578 2458 2770 2499 rursus
2804 2441 2998 2512 anguis
3031 2439 3176 2494 solos
3198 2438 3377 2494 calces
3403 2435 3683 2491 hominum

2113 2540 2366 2613 percutit,
2387 2539 2481 2593 sed
2521 2537 2659 2592 alias
2685 2535 2848 2593 etiam
2865 2546 3003 2602 quas
3017 2537 3193 2601 potest
3211 2526 3456 2597 corporis
3481 2534 3683 2596 partes.

2187 2649 2325 2703 Deus
2357 2646 2576 2702 Satame
2612 2643 2772 2700 simul
2799 2651 2851 2697 et
2892 2639 3118 2708 serpenti
3166 2635 3468 2692 maledixit.
3505 2663 3574 2678 —
3625 2632 3685 2687 Si

2113 2759 2244 2798 vero
2272 2741 2396 2810 quis
2436 2737 2670 2807 denique
2699 2742 2930 2805 quatrat,
2961 2747 3060 2787 cur
3086 2730 3230 2786 Deus
3253 2726 3488 2798 serpenti
3515 2726 3684 2782 simul

2111 2842 2164 2887 et
2213 2831 2426 2885 Satanae
2462 2826 2828 2890 malediserit,
2850 2822 3345 2894 respondebimus:
3373 2817 3499 2886 quia
3535 2825 3686 2871 uter-

2113 2938 2220 2992 quc
2259 2919 2639 2975 exsecratione
2669 2917 2866 2987 dignus
2898 2923 3038 2982 erat,
3091 2928 3192 2984 pro
3225 2911 3481 2976 maximo,
3535 2907 3686 2978 quod

2113 3020 2394 3082 pati-arant
2419 3008 2598 3068 ambo,
2646 3005 2952 3070 maleficio;
2989 3003 3186 3058 deinde
3215 3011 3276 3057 ut
3301 2999 3462 3071 primi
3490 3013 3684 3069 paren-

2113 3115 2217 3168 tes,
2257 3103 2442 3163 audita
2475 3117 2536 3156 ea
2596 3109 2706 3155 tam
2739 3099 2877 3153 dura
2942 3093 3302 3151 detestatione
3356 3091 3562 3153 divina,
3614 3089 3681 3144 ad

2114 3196 2508 3267 pmnitudinem
2552 3198 2973 3255 revocarentur;
3015 3202 3140 3243 nam
3195 3185 3242 3242 si
3303 3182 3685 3257 ptenituissent

2112 3291 2436 3358 veniamque
2462 3287 2862 3356 implorassent,
2900 3283 3024 3337 licet
3047 3296 3112 3336 ea
3142 3295 3200 3335 re
3250 3293 3422 3348 neque
3452 3283 3682 3331 mortem

2111 3381 2433 3451 effugissent
2486 3392 2662 3448 neque
2708 3374 3022 3452 paradisum
3080 3370 3454 3432 retinuissent,
3483 3375 3682 3452 ‘tamcu

2113 3475 2261 3528 diras
2292 3473 2414 3527 illas
2466 3470 2556 3524 Dei
2599 3449 2896 3524 et'itaSSent
2956 3479 3094 3535 quas
3145 3468 3415 3517 memorat
3464 3446 3681 3513 Moses:

2116 3566 2218 3620 Per
2257 3563 2462 3618 dolores
2487 3573 2642 3632 atque
2671 3574 2897 3630 angores
2919 3558 3159 3624 parietis,
3217 3570 3311 3624 per
3368 3551 3575 3606 dolores
3634 3557 3685 3602 et

2111 3657 2331 3710 sudores
2387 3655 2546 3724 faciei
2609 3668 2768 3721 panes
2827 3650 3128 3706 comedetis.
3190 3644 3482 3714 Postquam
3555 3655 3688 3697 vero

2107 3747 2218 3817 jam
2250 3754 2557 3814 serpentem
2605 3752 2661 3798 et
2692 3741 2949 3796 Satanam
2995 3736 3307 3793 maledictio
3339 3731 3682 3805 perstrinxit,

2115 3839 2255 3892 Deus
2290 3836 2558 3891 convertit
2603 3847 2910 3888 sermonem
2931 3829 2997 3884 ad
3035 3827 3318 3882 mulierem
3345 3825 3432 3878 his
3460 3821 3680 3880 verbis;

2112 3931 2178 3985 Et
2205 3931 2273 3984 ad
2306 3929 2578 3983 mulierem
2604 3927 2678 3980 ait
2713 3941 2734 3980 :
2767 3920 3172 3992 Multiplicundo
3197 3913 3558 3984 multiplicabo
3589 3915 3688 3966 do-

2111 4027 2246 4080 lores
2277 4033 2416 4086 tuos,
2449 4033 2500 4076 et
2529 4029 2801 4089 conceptus
2838 4028 2977 4080 tuos,
3000 4023 3048 4069 et
3078 4015 3131 4066 in
3163 4009 3449 4080 angoribus
3505 4005 3683 4076 paries

2111 4114 2270 4179 ﬁlios.
2313 4111 2430 4166 Non
2469 4111 2580 4181 jam
2610 4108 2760 4172 dicit.
2808 4121 2905 4164 eos
2936 4104 3076 4159 fetus
3117 4116 3256 4172 quos
3282 4107 3378 4152 aut
3409 4093 3686 4164 concipiet

2109 4216 2203 4261 aut
2247 4204 2369 4259 edet
2385 4201 2602 4266 mulier,
2631 4199 2745 4254 fore
2774 4196 3110 4253 maledictos.
3149 4191 3282 4246 Nam
3308 4190 3514 4262 pridem
3545 4186 3684 4240 bene

2108 4303 2362 4367 precatus
2386 4294 2495 4348 illis
2530 4293 2725 4356 fuerat,
2754 4290 3110 4358 dixeratque:
3155 4283 3386 4367 crescite
3416 4290 3464 4334 et
3499 4274 3683 4331 multi-

2107 4383 2382 4456 plicamini
2401 4401 2420 4439 :
2437 4384 2540 4438 Sed
2566 4382 2726 4446 feres,
2747 4381 2942 4450 inquit,
2967 4389 3180 4433 uterum
3200 4391 3307 4430 non
3332 4374 3448 4430 sine
3473 4370 3681 4433 dolore,

2030 4503 2082 4563 Ι)
2111 4478 2487 4548 producesque
2514 4474 2662 4544 ipsos
2701 4482 2823 4527 tuos
2849 4472 2991 4527 fetus
3021 4485 3117 4540 per
3159 4481 3449 4524 aerumnas.
3485 4462 3684 4518 Videre

2110 4581 2194 4626 est
2242 4569 2390 4622 enim
2451 4566 2683 4621 feminas
2720 4565 2884 4620 variis
2943 4563 3230 4618 doloribus
3271 4558 3414 4614 affici
3464 4553 3682 4626 quando

2113 4672 2327 4716 uterum
2359 4673 2574 4728 gerunt,
2609 4667 2662 4711 et
2699 4671 2890 4710 rursus
2924 4653 3077 4708 duris
3112 4650 3351 4722 torqueri
3389 4644 3685 4718 angoribus

2113 4757 2240 4808 dum
2273 4753 2528 4823 pariunt;
2581 4749 2633 4804 id
2671 4747 2813 4819 quod
2875 4746 3040 4800 etiam
3103 4751 3368 4798 memorat
3421 4739 3684 4794 Dominus

2121 4856 2328 4908 noster,
2359 4846 2548 4899 dicens
2586 4860 2600 4898 :
2628 4841 2819 4896 Mulier
2840 4835 2958 4894 cn'm
2985 4839 3151 4907 parit,
3177 4837 3408 4889 dolorem
3442 4829 3595 4884 habet
3619 4830 3685 4881 τ’.

2119 4939 2305 5009 Neque
2333 4938 2478 4990 enim
2523 4935 2810 5006 quisquam
2847 4929 3158 4984 mortaliqu
3193 4926 3328 4982 satis
3369 4923 3687 4978 existimare

2115 5042 2311 5104 potest,
2345 5046 2508 5103 quam
2561 5027 2812 5083 difficiles
2852 5024 3128 5091 durosque
3168 5021 3430 5075 sustineat
3493 5013 3685 5069 mulier

2099 5103 2335 5178 dolores
2375 5133 2534 5191 atque
2582 5132 2854 5173 aerumnas
2882 5115 2933 5170 in
2964 5123 3146 5184 partu,
3184 5119 3378 5180 praeter
3425 5108 3575 5177 ipsas
3604 5103 3684 5158 fe-

2115 5213 2309 5268 minas.
2375 5210 2438 5264 lL't
2477 5209 2694 5280 quidem
2749 5206 2931 5260 audivi
2962 5203 3245 5257 mulierem
3288 5213 3411 5255 cum
3456 5197 3684 5258 diceret,

2116 5319 2302 5360 earum
2336 5319 2458 5373 qua:
2489 5303 2731 5373 pariunt,
2783 5299 3014 5370 pupillas
3049 5296 3332 5351 oculorum
3377 5305 3487 5361 prae
3519 5287 3689 5341 nimio

2115 5397 2321 5452 doloris
2350 5412 2513 5451 sensu
2550 5395 2684 5448 adeo
2712 5393 3010 5452 obfuscari,
3069 5397 3126 5441 ut
3161 5386 3297 5441 nihil
3329 5390 3576 5438 cernant.
3619 5379 3687 5440 Et

2115 5491 2229 5542 lure
2258 5488 2476 5557 quidem
2511 5488 2578 5541 de
2611 5502 2671 5540 ea
2715 5484 3065 5540 anxietudiue
3095 5493 3258 5548 quam
3287 5475 3416 5530 dum
3467 5460 3682 5528 uterum

2113 5590 2329 5649 gerunt,
2378 5579 2617 5650 dumque
2675 5578 2913 5645 pariunt.
2973 5572 3206 5627 tolerant
3251 5565 3500 5630 feminar,
3537 5563 3684 5618 dicta

2113 5679 2272 5726 sunt:
2309 5671 2448 5740 quod
2473 5670 2515 5725 si
2549 5687 2673 5725 vero
2710 5668 3021 5724 universum
3062 5661 3192 5719 illud
3224 5671 3440 5731 tempus
3467 5665 3686 5737 reputes
