  <div class='ocr_page' id='page_1' title='image "/cluster/home/n/w/nwhite01/storage/ocr_20150623/111/hvd.32044073502288/306.png"; bbox 0 0 4100 6212; ppageno 0'>
   <div class='ocr_carea' id='block_1_1' title="bbox 337 296 3588 399">
    <p class='ocr_par' dir='ltr' id='par_1_1' title="bbox 337 296 3588 399">
     <span class='ocr_line' id='line_1_1' title="bbox 337 296 3588 399; baseline 0.011 -37"><span class='ocrx_word' id='word_1_1' title='bbox 337 299 444 364; x_wconf 73' lang='lat'><strong>£69</strong></span> <span class='ocrx_word' id='word_1_2' title='bbox 610 334 620 344; x_wconf 66' lang='grc' dir='ltr'><strong>ι</strong></span> <span class='ocrx_word' id='word_1_3' title='bbox 1456 314 1555 374; x_wconf 85' lang='lat' dir='ltr'><strong>DE</strong></span> <span class='ocrx_word' id='word_1_4' title='bbox 1601 296 2007 382; x_wconf 75' lang='lat' dir='ltr'><strong>PARADISO.</strong></span> <span class='ocrx_word' id='word_1_5' title='bbox 2047 345 2118 358; x_wconf 81' lang='lat'><strong>—-</strong></span> <span class='ocrx_word' id='word_1_6' title='bbox 2152 322 2345 382; x_wconf 71' lang='lat' dir='ltr'><strong>mas</strong></span> <span class='ocrx_word' id='word_1_7' title='bbox 2388 325 2433 384; x_wconf 83' lang='grc' dir='ltr'>ι.</span> <span class='ocrx_word' id='word_1_8' title='bbox 3480 335 3588 399; x_wconf 80' lang='lat'><strong>570</strong></span> 
     </span>
    </p>
   </div>
   <div class='ocr_carea' id='block_1_2' title="bbox 335 416 3586 511">
    <p class='ocr_par' dir='ltr' id='par_1_2' title="bbox 335 416 3586 511">
     <span class='ocr_line' id='line_1_2' title="bbox 335 416 3586 511; baseline 0.01 -43"><span class='ocrx_word' id='word_1_9' title='bbox 335 416 479 485; x_wconf 90' lang='lat' dir='ltr'><strong>quod</strong></span> <span class='ocrx_word' id='word_1_10' title='bbox 507 433 534 469; x_wconf 75' lang='grc' dir='ltr'>ει</span> <span class='ocrx_word' id='word_1_11' title='bbox 560 428 820 487; x_wconf 87' lang='lat' dir='ltr'><strong>concepto</strong></span> <span class='ocrx_word' id='word_1_12' title='bbox 847 418 954 474; x_wconf 89' lang='lat' dir='ltr'><strong>fetu</strong></span> <span class='ocrx_word' id='word_1_13' title='bbox 983 422 1046 474; x_wconf 84' lang='lat' dir='ltr'><strong>ad</strong></span> <span class='ocrx_word' id='word_1_14' title='bbox 1073 423 1396 481; x_wconf 89' lang='lat' dir='ltr'><strong>morientem</strong></span> <span class='ocrx_word' id='word_1_15' title='bbox 1431 445 1606 499; x_wconf 86' lang='lat' dir='ltr'><strong>usque</strong></span> <span class='ocrx_word' id='word_1_16' title='bbox 1633 433 1907 486; x_wconf 85' lang='lat' dir='ltr'><strong>hominem</strong></span> <span class='ocrx_word' id='word_1_17' title='bbox 1935 432 1987 492; x_wconf 76' lang='grc' dir='ltr'><strong>Δ</strong></span> <span class='ocrx_word' id='word_1_18' title='bbox 2016 433 2106 489; x_wconf 90' lang='lat' dir='ltr'><strong>hic</strong></span> <span class='ocrx_word' id='word_1_19' title='bbox 2141 452 2238 505; x_wconf 92' lang='lat' dir='ltr'><strong>pro</strong></span> <span class='ocrx_word' id='word_1_20' title='bbox 2272 437 2338 492; x_wconf 91' lang='lat' dir='ltr'><strong>iis</strong></span> <span class='ocrx_word' id='word_1_21' title='bbox 2363 452 2484 507; x_wconf 74' lang='lat' dir='ltr'><strong>qua:</strong></span> <span class='ocrx_word' id='word_1_22' title='bbox 2510 455 2573 493; x_wconf 84' lang='lat' dir='ltr'><strong>ex</strong></span> <span class='ocrx_word' id='word_1_23' title='bbox 2603 448 2743 494; x_wconf 89' lang='lat' dir='ltr'><strong>terra</strong></span> <span class='ocrx_word' id='word_1_24' title='bbox 2771 450 3094 507; x_wconf 82' lang='lat' dir='ltr'><strong>nascuntur,</strong></span> <span class='ocrx_word' id='word_1_25' title='bbox 3124 452 3402 511; x_wconf 80' lang='lat' dir='ltr'><strong>acceptum</strong></span> <span class='ocrx_word' id='word_1_26' title='bbox 3426 461 3546 500; x_wconf 83' lang='lat' dir='ltr'><strong>esse</strong></span> <span class='ocrx_word' id='word_1_27' title='bbox 3571 463 3586 500; x_wconf 88' lang='lat'><strong>:</strong></span> 
     </span>
    </p>
   </div>
   <div class='ocr_carea' id='block_1_3' title="bbox 333 510 3589 605">
    <p class='ocr_par' dir='ltr' id='par_1_3' title="bbox 333 510 3589 605">
     <span class='ocr_line' id='line_1_3' title="bbox 333 510 3589 605; baseline 0.008 -44"><span class='ocrx_word' id='word_1_28' title='bbox 333 510 680 605; x_wconf 62' lang='lat' dir='ltr'><strong>ostenditur;</strong></span> <span class='ocrx_word' id='word_1_29' title='bbox 706 522 817 568; x_wconf 87' lang='lat' dir='ltr'><strong>tum</strong></span> <span class='ocrx_word' id='word_1_30' title='bbox 852 532 982 571; x_wconf 84' lang='lat' dir='ltr'><strong>sane</strong></span> <span class='ocrx_word' id='word_1_31' title='bbox 1037 517 1329 589; x_wconf 87' lang='lat' dir='ltr'><strong>intelligas.</strong></span> <span class='ocrx_word' id='word_1_32' title='bbox 1374 525 1655 579; x_wconf 81' lang='lat' dir='ltr'><strong>mulierem</strong></span> <span class='ocrx_word' id='word_1_33' title='bbox 1717 528 1906 580; x_wconf 72' lang='lat' dir='ltr'><strong>multis</strong></span> <span class='ocrx_word' id='word_1_34' title='bbox 2012 526 2208 595; x_wconf 84' lang='lat' dir='ltr'><strong>Spiuas</strong></span> <span class='ocrx_word' id='word_1_35' title='bbox 2242 539 2290 583; x_wconf 86' lang='lat' dir='ltr'><strong>et</strong></span> <span class='ocrx_word' id='word_1_36' title='bbox 2314 532 2537 584; x_wconf 84' lang='lat' dir='ltr'><strong>carduos</strong></span> <span class='ocrx_word' id='word_1_37' title='bbox 2565 534 2791 603; x_wconf 79' lang='lat' dir='ltr'><strong>proferet</strong></span> <span class='ocrx_word' id='word_1_38' title='bbox 2840 532 2939 586; x_wconf 83' lang='lat' dir='ltr'><strong>tibi</strong></span> <span class='ocrx_word' id='word_1_39' title='bbox 2971 545 2991 585; x_wconf 89' lang='lat'><strong><em>:</em></strong></span> <span class='ocrx_word' id='word_1_40' title='bbox 3028 548 3188 603; x_wconf 90' lang='lat' dir='ltr'><strong>quos,</strong></span> <span class='ocrx_word' id='word_1_41' title='bbox 3246 510 3346 588; x_wconf 79' lang='lat' dir='ltr'><strong>nisi</strong></span> <span class='ocrx_word' id='word_1_42' title='bbox 3380 544 3434 587; x_wconf 93' lang='lat' dir='ltr'><strong>tu</strong></span> <span class='ocrx_word' id='word_1_43' title='bbox 3467 553 3589 605; x_wconf 79' lang='lat' dir='ltr'><strong>pec-</strong></span> 
     </span>
    </p>
   </div>
   <div class='ocr_carea' id='block_1_4' title="bbox 334 602 3587 693">
    <p class='ocr_par' dir='ltr' id='par_1_4' title="bbox 334 602 3587 693">
     <span class='ocr_line' id='line_1_4' title="bbox 334 602 3587 693; baseline 0.007 -37"><span class='ocrx_word' id='word_1_44' title='bbox 334 602 757 669; x_wconf 80' lang='lat' dir='ltr'><strong>difficultatibus,</strong></span> <span class='ocrx_word' id='word_1_45' title='bbox 805 606 1106 673; x_wconf 88' lang='lat' dir='ltr'><strong>doloribus.</strong></span> <span class='ocrx_word' id='word_1_46' title='bbox 1166 614 1425 668; x_wconf 64' lang='lat' dir='ltr'><strong>aerumnis</strong></span> <span class='ocrx_word' id='word_1_47' title='bbox 1455 614 1751 683; x_wconf 80' lang='lat' dir='ltr'><strong>subjectam</strong></span> <span class='ocrx_word' id='word_1_48' title='bbox 1785 630 1907 672; x_wconf 87' lang='lat' dir='ltr'><strong>esse</strong></span> <span class='ocrx_word' id='word_1_49' title='bbox 2013 636 2220 685; x_wconf 85' lang='lat' dir='ltr'><strong>casses,</strong></span> <span class='ocrx_word' id='word_1_50' title='bbox 2258 622 2349 677; x_wconf 89' lang='lat' dir='ltr'><strong>illa</strong></span> <span class='ocrx_word' id='word_1_51' title='bbox 2385 602 2720 693; x_wconf 87' lang='lat' dir='ltr'><strong>productura</strong></span> <span class='ocrx_word' id='word_1_52' title='bbox 2751 642 2858 680; x_wconf 92' lang='lat' dir='ltr'><strong>non</strong></span> <span class='ocrx_word' id='word_1_53' title='bbox 2894 602 3096 681; x_wconf 80' lang='lat' dir='ltr'><strong>fuerat.</strong></span> <span class='ocrx_word' id='word_1_54' title='bbox 3126 625 3427 689; x_wconf 81' lang='lat' dir='ltr'><strong>Conficitur</strong></span> <span class='ocrx_word' id='word_1_55' title='bbox 3455 602 3587 693; x_wconf 80' lang='lat' dir='ltr'><strong>ergo</strong></span> 
     </span>
    </p>
   </div>
   <div class='ocr_carea' id='block_1_5' title="bbox 334 698 3583 786">
    <p class='ocr_par' dir='ltr' id='par_1_5' title="bbox 334 698 3583 786">
     <span class='ocr_line' id='line_1_5' title="bbox 334 698 3583 786; baseline 0.002 -22"><span class='ocrx_word' id='word_1_56' title='bbox 334 711 432 764; x_wconf 70' lang='grc' dir='ltr'><strong>Ρτο</strong></span> <span class='ocrx_word' id='word_1_57' title='bbox 462 698 575 767; x_wconf 63' lang='lat' dir='ltr'><strong>ipsa</strong></span> <span class='ocrx_word' id='word_1_58' title='bbox 622 699 712 752; x_wconf 72' lang='grc' dir='ltr'><strong>θεῖ</strong></span> <span class='ocrx_word' id='word_1_59' title='bbox 754 706 1164 771; x_wconf 59' lang='lat' dir='ltr'><strong>exsecratione;</strong></span> <span class='ocrx_word' id='word_1_60' title='bbox 1211 720 1337 759; x_wconf 90' lang='lat' dir='ltr'><strong>nam</strong></span> <span class='ocrx_word' id='word_1_61' title='bbox 1386 706 1593 760; x_wconf 89' lang='lat' dir='ltr'><strong>editum</strong></span> <span class='ocrx_word' id='word_1_62' title='bbox 1645 706 1906 763; x_wconf 90' lang='lat' dir='ltr'><strong>infantem</strong></span> <span class='ocrx_word' id='word_1_63' title='bbox 2012 715 2128 768; x_wconf 66' lang='lat' dir='ltr'><strong>hinc</strong></span> <span class='ocrx_word' id='word_1_64' title='bbox 2164 722 2288 785; x_wconf 84' lang='lat' dir='ltr'><strong>post</strong></span> <span class='ocrx_word' id='word_1_65' title='bbox 2322 717 2740 772; x_wconf 90' lang='lat' dir='ltr'><strong>detestationem</strong></span> <span class='ocrx_word' id='word_1_66' title='bbox 2773 728 2892 773; x_wconf 88' lang='lat' dir='ltr'><strong>orta</strong></span> <span class='ocrx_word' id='word_1_67' title='bbox 2928 733 3071 783; x_wconf 86' lang='lat' dir='ltr'><strong>esse,</strong></span> <span class='ocrx_word' id='word_1_68' title='bbox 3102 717 3183 771; x_wconf 90' lang='lat' dir='ltr'><strong>vel</strong></span> <span class='ocrx_word' id='word_1_69' title='bbox 3211 717 3443 772; x_wconf 75' lang='lat' dir='ltr'><strong>fortasse</strong></span> <span class='ocrx_word' id='word_1_70' title='bbox 3470 718 3583 786; x_wconf 86' lang='lat' dir='ltr'><strong>spi-</strong></span> 
     </span>
    </p>
   </div>
   <div class='ocr_carea' id='block_1_6' title="bbox 334 787 3577 868">
    <p class='ocr_par' dir='ltr' id='par_1_6' title="bbox 334 787 3577 868">
     <span class='ocr_line' id='line_1_6' title="bbox 334 787 3577 868; baseline 0.001 -10"><span class='ocrx_word' id='word_1_71' title='bbox 334 787 761 845; x_wconf 66' lang='grc' dir='ltr'><strong>Ιειῢοτῖθείδεῖιηθ</strong></span> <span class='ocrx_word' id='word_1_72' title='bbox 808 809 939 848; x_wconf 70' lang='lat' dir='ltr'><strong>cura</strong></span> <span class='ocrx_word' id='word_1_73' title='bbox 997 797 1218 865; x_wconf 60' lang='lat' dir='ltr'><strong>exi-init.</strong></span> <span class='ocrx_word' id='word_1_74' title='bbox 1257 796 1452 851; x_wconf 83' lang='lat' dir='ltr'><strong>deinde</strong></span> <span class='ocrx_word' id='word_1_75' title='bbox 1497 812 1591 865; x_wconf 80' lang='lat' dir='ltr'><strong>per</strong></span> <span class='ocrx_word' id='word_1_76' title='bbox 1637 814 1906 853; x_wconf 85' lang='lat' dir='ltr'><strong>summam</strong></span> <span class='ocrx_word' id='word_1_77' title='bbox 2012 822 2109 862; x_wconf 86' lang='lat' dir='ltr'><strong>nas</strong></span> <span class='ocrx_word' id='word_1_78' title='bbox 2156 816 2209 861; x_wconf 88' lang='lat' dir='ltr'><strong>et</strong></span> <span class='ocrx_word' id='word_1_79' title='bbox 2258 809 2492 863; x_wconf 81' lang='lat' dir='ltr'><strong>carduus</strong></span> <span class='ocrx_word' id='word_1_80' title='bbox 2544 820 2699 864; x_wconf 80' lang='lat' dir='ltr'><strong>vocat</strong></span> <span class='ocrx_word' id='word_1_81' title='bbox 2729 810 3066 865; x_wconf 87' lang='lat' dir='ltr'><strong>laboriosum</strong></span> <span class='ocrx_word' id='word_1_82' title='bbox 3130 819 3287 864; x_wconf 75' lang='lat' dir='ltr'><strong>terrae</strong></span> <span class='ocrx_word' id='word_1_83' title='bbox 3343 810 3577 868; x_wconf 87' lang='lat' dir='ltr'><strong>cultum,</strong></span> 
     </span>
    </p>
   </div>
   <div class='ocr_carea' id='block_1_7' title="bbox 334 882 3590 973">
    <p class='ocr_par' dir='ltr' id='par_1_7' title="bbox 334 882 3590 973">
     <span class='ocr_line' id='line_1_7' title="bbox 334 882 3590 973; baseline 0.004 -33"><span class='ocrx_word' id='word_1_84' title='bbox 334 882 641 973; x_wconf 65' lang='lat' dir='ltr'><strong>Intolesliant</strong></span> <span class='ocrx_word' id='word_1_85' title='bbox 695 894 859 954; x_wconf 86' lang='lat' dir='ltr'><strong>atque</strong></span> <span class='ocrx_word' id='word_1_86' title='bbox 916 901 1174 958; x_wconf 82' lang='lat' dir='ltr'><strong>angorem</strong></span> <span class='ocrx_word' id='word_1_87' title='bbox 1220 890 1436 951; x_wconf 85' lang='lat' dir='ltr'><strong>educat,</strong></span> <span class='ocrx_word' id='word_1_88' title='bbox 1470 892 1535 944; x_wconf 87' lang='lat' dir='ltr'><strong>ad</strong></span> <span class='ocrx_word' id='word_1_89' title='bbox 1570 901 1907 961; x_wconf 82' lang='lat' dir='ltr'><strong>postremum</strong></span> <span class='ocrx_word' id='word_1_90' title='bbox 2012 913 2171 968; x_wconf 88' lang='lat' dir='ltr'><strong>quem</strong></span> <span class='ocrx_word' id='word_1_91' title='bbox 2226 899 2343 969; x_wconf 89' lang='lat' dir='ltr'><strong>ipsa</strong></span> <span class='ocrx_word' id='word_1_92' title='bbox 2377 899 2618 971; x_wconf 79' lang='lat' dir='ltr'><strong>ﬂagitat;</strong></span> <span class='ocrx_word' id='word_1_93' title='bbox 2660 902 2816 972; x_wconf 81' lang='lat' dir='ltr'><strong>quasi</strong></span> <span class='ocrx_word' id='word_1_94' title='bbox 2853 902 3041 957; x_wconf 81' lang='lat' dir='ltr'><strong>dicat:</strong></span> <span class='ocrx_word' id='word_1_95' title='bbox 3076 903 3283 973; x_wconf 81' lang='lat' dir='ltr'><strong>Magnis</strong></span> <span class='ocrx_word' id='word_1_96' title='bbox 3328 903 3590 971; x_wconf 86' lang='lat' dir='ltr'><strong>durisque</strong></span> 
     </span>
    </p>
   </div>
   <div class='ocr_carea' id='block_1_8' title="bbox 331 971 1950 1059">
    <p class='ocr_par' dir='ltr' id='par_1_8' title="bbox 331 971 1908 1048">
     <span class='ocr_line' id='line_1_8' title="bbox 331 971 1908 1048; baseline 0.004 -22"><span class='ocrx_word' id='word_1_97' title='bbox 331 971 496 1026; x_wconf 76' lang='lat' dir='ltr'><strong>anxio</strong></span> <span class='ocrx_word' id='word_1_98' title='bbox 534 971 741 1026; x_wconf 91' lang='lat' dir='ltr'><strong>ululatu</strong></span> <span class='ocrx_word' id='word_1_99' title='bbox 795 975 1114 1029; x_wconf 87' lang='lat' dir='ltr'><strong>morientem</strong></span> <span class='ocrx_word' id='word_1_100' title='bbox 1184 977 1361 1031; x_wconf 88' lang='lat' dir='ltr'><strong>defiet.</strong></span> <span class='ocrx_word' id='word_1_101' title='bbox 1416 976 1579 1046; x_wconf 87' lang='lat' dir='ltr'><strong>Igitur</strong></span> <span class='ocrx_word' id='word_1_102' title='bbox 1628 980 1756 1048; x_wconf 83' lang='lat' dir='ltr'><strong>quia</strong></span> <span class='ocrx_word' id='word_1_103' title='bbox 1810 995 1908 1034; x_wconf 85' lang='lat' dir='ltr'><strong>no-</strong></span> 
     </span>
    </p>
   </div>
   <div class='ocr_carea' id='block_1_9' title="bbox 1970 971 3589 1059">
    <p class='ocr_par' dir='ltr' id='par_1_9' title="bbox 2011 971 3589 1059">
     <span class='ocr_line' id='line_1_9' title="bbox 2011 971 3589 1059; baseline 0.004 -15"><span class='ocrx_word' id='word_1_104' title='bbox 2011 990 2291 1045; x_wconf 90' lang='lat' dir='ltr'><strong>laborihus</strong></span> <span class='ocrx_word' id='word_1_105' title='bbox 2330 971 2686 1047; x_wconf 86' lang='lat' dir='ltr'><strong>constabunt</strong></span> <span class='ocrx_word' id='word_1_106' title='bbox 2723 994 2819 1049; x_wconf 89' lang='lat' dir='ltr'><strong>tibi</strong></span> <span class='ocrx_word' id='word_1_107' title='bbox 2868 1002 3047 1059; x_wconf 67' lang='lat' dir='ltr'><strong>lernej</strong></span> <span class='ocrx_word' id='word_1_108' title='bbox 3078 971 3311 1051; x_wconf 83' lang='lat' dir='ltr'><strong>fructus.</strong></span> <span class='ocrx_word' id='word_1_109' title='bbox 3347 995 3440 1048; x_wconf 85' lang='lat' dir='ltr'><strong>Vel</strong></span> <span class='ocrx_word' id='word_1_110' title='bbox 3490 998 3589 1050; x_wconf 89' lang='lat' dir='ltr'><strong>hoc</strong></span> 
     </span>
    </p>
   </div>
   <div class='ocr_carea' id='block_1_10' title="bbox 333 1064 1952 1159">
    <p class='ocr_par' dir='ltr' id='par_1_10' title="bbox 333 1064 1906 1140">
     <span class='ocr_line' id='line_1_10' title="bbox 333 1064 1906 1140; baseline 0.006 -24"><span class='ocrx_word' id='word_1_111' title='bbox 333 1064 507 1128; x_wconf 89' lang='lat' dir='ltr'><strong>luisti,</strong></span> <span class='ocrx_word' id='word_1_112' title='bbox 548 1065 746 1134; x_wconf 83' lang='lat' dir='ltr'><strong>inquit,</strong></span> <span class='ocrx_word' id='word_1_113' title='bbox 788 1082 821 1119; x_wconf 92' lang='grc' dir='ltr'><strong>ο</strong></span> <span class='ocrx_word' id='word_1_114' title='bbox 859 1068 1074 1131; x_wconf 86' lang='lat' dir='ltr'><strong>mulier,</strong></span> <span class='ocrx_word' id='word_1_115' title='bbox 1109 1067 1161 1121; x_wconf 92' lang='lat' dir='ltr'><strong>in</strong></span> <span class='ocrx_word' id='word_1_116' title='bbox 1210 1069 1463 1137; x_wconf 81' lang='lat' dir='ltr'><strong>paradiso</strong></span> <span class='ocrx_word' id='word_1_117' title='bbox 1495 1070 1696 1125; x_wconf 90' lang='lat' dir='ltr'><strong>liberos</strong></span> <span class='ocrx_word' id='word_1_118' title='bbox 1717 1087 1906 1140; x_wconf 87' lang='lat' dir='ltr'><strong>parere</strong></span> 
     </span>
    </p>
   </div>
   <div class='ocr_carea' id='block_1_11' title="bbox 1969 1064 3588 1159">
    <p class='ocr_par' dir='ltr' id='par_1_11' title="bbox 2011 1082 3588 1159">
     <span class='ocr_line' id='line_1_11' title="bbox 2011 1082 3588 1159; baseline 0.003 -22"><span class='ocrx_word' id='word_1_119' title='bbox 2011 1082 2164 1147; x_wconf 85' lang='lat' dir='ltr'><strong>dicit,</strong></span> <span class='ocrx_word' id='word_1_120' title='bbox 2199 1098 2340 1152; x_wconf 61' lang='lat' dir='ltr'><strong>saepe</strong></span> <span class='ocrx_word' id='word_1_121' title='bbox 2378 1094 2701 1139; x_wconf 88' lang='lat' dir='ltr'><strong>eventurum</strong></span> <span class='ocrx_word' id='word_1_122' title='bbox 2745 1096 2801 1140; x_wconf 93' lang='lat' dir='ltr'><strong>ut</strong></span> <span class='ocrx_word' id='word_1_123' title='bbox 2833 1102 2940 1139; x_wconf 89' lang='lat' dir='ltr'><strong>non</strong></span> <span class='ocrx_word' id='word_1_124' title='bbox 2975 1102 3037 1141; x_wconf 91' lang='lat' dir='ltr'><strong>ea</strong></span> <span class='ocrx_word' id='word_1_125' title='bbox 3070 1104 3190 1159; x_wconf 60' lang='lat' dir='ltr'><strong>quae.</strong></span> <span class='ocrx_word' id='word_1_126' title='bbox 3241 1089 3454 1156; x_wconf 80' lang='lat' dir='ltr'><strong>excepit</strong></span> <span class='ocrx_word' id='word_1_127' title='bbox 3501 1104 3588 1142; x_wconf 89' lang='lat' dir='ltr'><strong>se-</strong></span> 
     </span>
    </p>
   </div>
   <div class='ocr_carea' id='block_1_12' title="bbox 333 1159 3586 1247">
    <p class='ocr_par' dir='ltr' id='par_1_12' title="bbox 333 1159 3586 1247">
     <span class='ocr_line' id='line_1_12' title="bbox 333 1159 3586 1247; baseline 0.003 -34"><span class='ocrx_word' id='word_1_128' title='bbox 333 1159 670 1213; x_wconf 86' lang='lat' dir='ltr'><strong>immortales</strong></span> <span class='ocrx_word' id='word_1_129' title='bbox 708 1161 913 1230; x_wconf 86' lang='lat' dir='ltr'><strong>absque</strong></span> <span class='ocrx_word' id='word_1_130' title='bbox 938 1160 1086 1213; x_wconf 90' lang='lat' dir='ltr'><strong>omni</strong></span> <span class='ocrx_word' id='word_1_131' title='bbox 1123 1161 1333 1226; x_wconf 90' lang='lat' dir='ltr'><strong>dolore,</strong></span> <span class='ocrx_word' id='word_1_132' title='bbox 1356 1164 1466 1232; x_wconf 86' lang='lat' dir='ltr'><strong>jam</strong></span> <span class='ocrx_word' id='word_1_133' title='bbox 1490 1164 1639 1233; x_wconf 90' lang='lat' dir='ltr'><strong>ipsos</strong></span> <span class='ocrx_word' id='word_1_134' title='bbox 1672 1164 1909 1234; x_wconf 80' lang='lat' dir='ltr'><strong>paritura</strong></span> <span class='ocrx_word' id='word_1_135' title='bbox 2012 1175 2181 1237; x_wconf 79' lang='lat' dir='ltr'><strong>mina,</strong></span> <span class='ocrx_word' id='word_1_136' title='bbox 2239 1174 2467 1240; x_wconf 71' lang='lat' dir='ltr'><strong>reddat,</strong></span> <span class='ocrx_word' id='word_1_137' title='bbox 2519 1177 2612 1230; x_wconf 72' lang='lat' dir='ltr'><strong>sed</strong></span> <span class='ocrx_word' id='word_1_138' title='bbox 2669 1193 2766 1245; x_wconf 75' lang='lat' dir='ltr'><strong>pro</strong></span> <span class='ocrx_word' id='word_1_139' title='bbox 2812 1178 2918 1233; x_wconf 78' lang='lat' dir='ltr'><strong>illis</strong></span> <span class='ocrx_word' id='word_1_140' title='bbox 2984 1186 3170 1233; x_wconf 72' lang='lat' dir='ltr'><strong>sentes</strong></span> <span class='ocrx_word' id='word_1_141' title='bbox 3227 1165 3586 1247; x_wconf 67' lang='lat' dir='ltr'><strong>tribulosque,</strong></span> 
     </span>
    </p>
   </div>
   <div class='ocr_carea' id='block_1_13' title="bbox 331 1255 3582 1338">
    <p class='ocr_par' dir='ltr' id='par_1_13' title="bbox 331 1255 3582 1338">
     <span class='ocr_line' id='line_1_13' title="bbox 331 1255 3582 1338; baseline -0.001 -17"><span class='ocrx_word' id='word_1_142' title='bbox 331 1270 393 1308; x_wconf 67' lang='grc' dir='ltr'><strong>εδ</strong></span> <span class='ocrx_word' id='word_1_143' title='bbox 444 1269 539 1323; x_wconf 63' lang='lat' dir='ltr'><strong>Per</strong></span> <span class='ocrx_word' id='word_1_144' title='bbox 575 1255 841 1308; x_wconf 66' lang='grc' dir='ltr'><strong>ιυεκίιηθε</strong></span> <span class='ocrx_word' id='word_1_145' title='bbox 870 1256 1152 1310; x_wconf 64' lang='grc' dir='ltr'><strong>(ἴτηθίθιυε</strong></span> <span class='ocrx_word' id='word_1_146' title='bbox 1187 1266 1352 1325; x_wconf 68' lang='grc' dir='ltr'><strong>θυμω</strong></span> <span class='ocrx_word' id='word_1_147' title='bbox 1388 1257 1665 1321; x_wconf 64' lang='lat' dir='ltr'><strong>miserias.</strong></span> <span class='ocrx_word' id='word_1_148' title='bbox 1698 1267 1910 1328; x_wconf 79' lang='lat' dir='ltr'><strong>postea-</strong></span> <span class='ocrx_word' id='word_1_149' title='bbox 2012 1267 2081 1318; x_wconf 83' lang='lat' dir='ltr'><strong>Et</strong></span> <span class='ocrx_word' id='word_1_150' title='bbox 2107 1265 2340 1319; x_wconf 82' lang='lat' dir='ltr'><strong>comedes</strong></span> <span class='ocrx_word' id='word_1_151' title='bbox 2373 1265 2560 1319; x_wconf 80' lang='lat' dir='ltr'><strong>herbas</strong></span> <span class='ocrx_word' id='word_1_152' title='bbox 2613 1268 2754 1337; x_wconf 87' lang='lat' dir='ltr'><strong>agri.</strong></span> <span class='ocrx_word' id='word_1_153' title='bbox 2804 1266 2911 1322; x_wconf 84' lang='lat' dir='ltr'><strong>Pro</strong></span> <span class='ocrx_word' id='word_1_154' title='bbox 2945 1268 3274 1338; x_wconf 83' lang='lat' dir='ltr'><strong>gratissimis</strong></span> <span class='ocrx_word' id='word_1_155' title='bbox 3318 1268 3582 1322; x_wconf 89' lang='lat' dir='ltr'><strong>arborum</strong></span> 
     </span>
    </p>
   </div>
   <div class='ocr_carea' id='block_1_14' title="bbox 331 1345 3587 1428">
    <p class='ocr_par' dir='ltr' id='par_1_14' title="bbox 331 1345 3587 1428">
     <span class='ocr_line' id='line_1_14' title="bbox 331 1345 3587 1428; baseline 0.005 -33"><span class='ocrx_word' id='word_1_156' title='bbox 331 1359 495 1413; x_wconf 88' lang='lat' dir='ltr'><strong>quam</strong></span> <span class='ocrx_word' id='word_1_157' title='bbox 534 1356 815 1413; x_wconf 87' lang='lat' dir='ltr'><strong>peccatum</strong></span> <span class='ocrx_word' id='word_1_158' title='bbox 846 1345 1141 1400; x_wconf 87' lang='lat' dir='ltr'><strong>admisisti.</strong></span> <span class='ocrx_word' id='word_1_159' title='bbox 1198 1346 1263 1400; x_wconf 86' lang='lat' dir='ltr'><strong>Et</strong></span> <span class='ocrx_word' id='word_1_160' title='bbox 1293 1350 1418 1416; x_wconf 83' lang='lat' dir='ltr'><strong>quia</strong></span> <span class='ocrx_word' id='word_1_161' title='bbox 1454 1348 1638 1401; x_wconf 88' lang='lat' dir='ltr'><strong>divino</strong></span> <span class='ocrx_word' id='word_1_162' title='bbox 1670 1349 1906 1417; x_wconf 84' lang='lat' dir='ltr'><strong>quodam</strong></span> <span class='ocrx_word' id='word_1_163' title='bbox 2012 1357 2249 1426; x_wconf 85' lang='lat' dir='ltr'><strong>paradisi</strong></span> <span class='ocrx_word' id='word_1_164' title='bbox 2289 1356 2563 1413; x_wconf 83' lang='lat' dir='ltr'><strong>fructibus</strong></span> <span class='ocrx_word' id='word_1_165' title='bbox 2598 1374 2739 1428; x_wconf 90' lang='lat' dir='ltr'><strong>quos</strong></span> <span class='ocrx_word' id='word_1_166' title='bbox 2764 1360 2859 1413; x_wconf 90' lang='lat' dir='ltr'><strong>tibi</strong></span> <span class='ocrx_word' id='word_1_167' title='bbox 2916 1360 3158 1417; x_wconf 85' lang='lat' dir='ltr'><strong>edendos</strong></span> <span class='ocrx_word' id='word_1_168' title='bbox 3183 1375 3587 1421; x_wconf 88' lang='lat' dir='ltr'><strong>concesseram,</strong></span> 
     </span>
    </p>
   </div>
   <div class='ocr_carea' id='block_1_15' title="bbox 332 1435 3588 1523">
    <p class='ocr_par' dir='ltr' id='par_1_15' title="bbox 332 1435 3588 1523">
     <span class='ocr_line' id='line_1_15' title="bbox 332 1435 3588 1523; baseline 0.002 -35"><span class='ocrx_word' id='word_1_169' title='bbox 332 1439 493 1490; x_wconf 89' lang='lat' dir='ltr'><strong>modo</strong></span> <span class='ocrx_word' id='word_1_170' title='bbox 518 1435 649 1489; x_wconf 87' lang='lat' dir='ltr'><strong>deos</strong></span> <span class='ocrx_word' id='word_1_171' title='bbox 680 1437 840 1490; x_wconf 78' lang='lat' dir='ltr'><strong>edere</strong></span> <span class='ocrx_word' id='word_1_172' title='bbox 858 1439 1108 1506; x_wconf 81' lang='lat' dir='ltr'><strong>cupivisti</strong></span> <span class='ocrx_word' id='word_1_173' title='bbox 1134 1440 1342 1507; x_wconf 87' lang='lat' dir='ltr'><strong>absque</strong></span> <span class='ocrx_word' id='word_1_174' title='bbox 1362 1439 1471 1492; x_wconf 88' lang='lat' dir='ltr'><strong>ullo</strong></span> <span class='ocrx_word' id='word_1_175' title='bbox 1488 1440 1694 1494; x_wconf 75' lang='lat' dir='ltr'><strong>dOIOI&#39;iS</strong></span> <span class='ocrx_word' id='word_1_176' title='bbox 1720 1455 1905 1504; x_wconf 86' lang='lat' dir='ltr'><strong>sensu,</strong></span> <span class='ocrx_word' id='word_1_177' title='bbox 2012 1451 2249 1504; x_wconf 80' lang='lat' dir='ltr'><strong>vesceris</strong></span> <span class='ocrx_word' id='word_1_178' title='bbox 2286 1451 2470 1506; x_wconf 77' lang='lat' dir='ltr'><strong>herbis</strong></span> <span class='ocrx_word' id='word_1_179' title='bbox 2505 1453 2775 1519; x_wconf 70' lang='lat' dir='ltr'><strong>pecudum</strong></span> <span class='ocrx_word' id='word_1_180' title='bbox 2814 1468 2991 1517; x_wconf 59' lang='lat' dir='ltr'><strong>more,</strong></span> <span class='ocrx_word' id='word_1_181' title='bbox 3049 1469 3116 1508; x_wconf 75' lang='grc' dir='ltr'><strong>ρο</strong></span> <span class='ocrx_word' id='word_1_182' title='bbox 3143 1456 3287 1523; x_wconf 76' lang='grc' dir='ltr'><strong>(μιοά</strong></span> <span class='ocrx_word' id='word_1_183' title='bbox 3323 1454 3588 1507; x_wconf 68' lang='lat' dir='ltr'><strong>adversus</strong></span> 
     </span>
    </p>
   </div>
   <div class='ocr_carea' id='block_1_16' title="bbox 331 1531 1950 1614">
    <p class='ocr_par' dir='ltr' id='par_1_16' title="bbox 331 1531 1911 1600">
     <span class='ocr_line' id='line_1_16' title="bbox 331 1531 1911 1600; baseline 0.002 -16"><span class='ocrx_word' id='word_1_184' title='bbox 331 1546 359 1584; x_wconf 88' lang='lat' dir='ltr'><strong>s</strong></span> <span class='ocrx_word' id='word_1_185' title='bbox 380 1531 602 1598; x_wconf 61' lang='lat' dir='ltr'><strong>&#39;rpcntis</strong></span> <span class='ocrx_word' id='word_1_186' title='bbox 630 1531 946 1584; x_wconf 87' lang='lat' dir='ltr'><strong>auscultans</strong></span> <span class='ocrx_word' id='word_1_187' title='bbox 974 1533 1151 1585; x_wconf 80' lang='lat' dir='ltr'><strong>verbis</strong></span> <span class='ocrx_word' id='word_1_188' title='bbox 1177 1549 1191 1596; x_wconf 88' lang='lat'><strong>;</strong></span> <span class='ocrx_word' id='word_1_189' title='bbox 1222 1532 1333 1600; x_wconf 82' lang='lat' dir='ltr'><strong>jam</strong></span> <span class='ocrx_word' id='word_1_190' title='bbox 1373 1533 1616 1587; x_wconf 88' lang='lat' dir='ltr'><strong>humano</strong></span> <span class='ocrx_word' id='word_1_191' title='bbox 1638 1549 1789 1588; x_wconf 88' lang='lat' dir='ltr'><strong>more</strong></span> <span class='ocrx_word' id='word_1_192' title='bbox 1812 1536 1911 1587; x_wconf 83' lang='lat' dir='ltr'><strong>ho-</strong></span> 
     </span>
    </p>
   </div>
   <div class='ocr_carea' id='block_1_17' title="bbox 1971 1531 3590 1614">
    <p class='ocr_par' dir='ltr' id='par_1_17' title="bbox 2014 1540 3590 1614">
     <span class='ocr_line' id='line_1_17' title="bbox 2014 1540 3590 1614; baseline 0.003 -21"><span class='ocrx_word' id='word_1_193' title='bbox 2014 1540 2184 1610; x_wconf 86' lang='lat' dir='ltr'><strong>legem</strong></span> <span class='ocrx_word' id='word_1_194' title='bbox 2222 1556 2397 1595; x_wconf 85' lang='lat' dir='ltr'><strong>meam</strong></span> <span class='ocrx_word' id='word_1_195' title='bbox 2434 1542 2630 1597; x_wconf 80' lang='lat' dir='ltr'><strong>feceris</strong></span> <span class='ocrx_word' id='word_1_196' title='bbox 2672 1561 2685 1598; x_wconf 90' lang='lat'><strong>:</strong></span> <span class='ocrx_word' id='word_1_197' title='bbox 2714 1542 2780 1596; x_wconf 90' lang='lat' dir='ltr'><strong>Et</strong></span> <span class='ocrx_word' id='word_1_198' title='bbox 2814 1561 2931 1597; x_wconf 81' lang='lat' dir='ltr'><strong>cum</strong></span> <span class='ocrx_word' id='word_1_199' title='bbox 2961 1546 3154 1598; x_wconf 82' lang='lat' dir='ltr'><strong>sudore</strong></span> <span class='ocrx_word' id='word_1_200' title='bbox 3179 1546 3336 1614; x_wconf 81' lang='lat' dir='ltr'><strong>{aciei</strong></span> <span class='ocrx_word' id='word_1_201' title='bbox 3365 1557 3471 1599; x_wconf 73' lang='lat' dir='ltr'><strong>tua:</strong></span> <span class='ocrx_word' id='word_1_202' title='bbox 3497 1562 3590 1598; x_wconf 78' lang='lat' dir='ltr'><strong>ro-</strong></span> 
     </span>
    </p>
   </div>
   <div class='ocr_carea' id='block_1_18' title="bbox 335 1622 3584 1704">
    <p class='ocr_par' dir='ltr' id='par_1_18' title="bbox 335 1622 3584 1704">
     <span class='ocr_line' id='line_1_18' title="bbox 335 1622 3584 1704; baseline 0.004 -30"><span class='ocrx_word' id='word_1_203' title='bbox 335 1622 509 1675; x_wconf 88' lang='lat' dir='ltr'><strong>tuiues</strong></span> <span class='ocrx_word' id='word_1_204' title='bbox 555 1622 871 1691; x_wconf 88' lang='lat' dir='ltr'><strong>procreabis</strong></span> <span class='ocrx_word' id='word_1_205' title='bbox 908 1638 1003 1691; x_wconf 85' lang='lat' dir='ltr'><strong>per</strong></span> <span class='ocrx_word' id='word_1_206' title='bbox 1041 1623 1460 1679; x_wconf 87' lang='lat' dir='ltr'><strong>acerbissimum</strong></span> <span class='ocrx_word' id='word_1_207' title='bbox 1515 1624 1784 1680; x_wconf 87' lang='lat' dir='ltr'><strong>dolorem.</strong></span> <span class='ocrx_word' id='word_1_208' title='bbox 1846 1623 1909 1678; x_wconf 87' lang='lat' dir='ltr'><strong>Et</strong></span> <span class='ocrx_word' id='word_1_209' title='bbox 2014 1634 2184 1687; x_wconf 84' lang='lat' dir='ltr'><strong>medes</strong></span> <span class='ocrx_word' id='word_1_210' title='bbox 2216 1650 2425 1703; x_wconf 87' lang='lat' dir='ltr'><strong>panem.</strong></span> <span class='ocrx_word' id='word_1_211' title='bbox 2471 1634 2551 1688; x_wconf 85' lang='lat' dir='ltr'><strong>Tu</strong></span> <span class='ocrx_word' id='word_1_212' title='bbox 2593 1636 2684 1703; x_wconf 90' lang='lat' dir='ltr'><strong>qui</strong></span> <span class='ocrx_word' id='word_1_213' title='bbox 2720 1634 2856 1689; x_wconf 88' lang='lat' dir='ltr'><strong>deus</strong></span> <span class='ocrx_word' id='word_1_214' title='bbox 2877 1650 3002 1690; x_wconf 84' lang='lat' dir='ltr'><strong>esse</strong></span> <span class='ocrx_word' id='word_1_215' title='bbox 3040 1636 3285 1700; x_wconf 88' lang='lat' dir='ltr'><strong>voluisti,</strong></span> <span class='ocrx_word' id='word_1_216' title='bbox 3313 1636 3584 1704; x_wconf 71' lang='lat' dir='ltr'><strong>serpentis</strong></span> 
     </span>
    </p>
   </div>
   <div class='ocr_carea' id='block_1_19' title="bbox 331 1715 1950 1788">
    <p class='ocr_par' dir='ltr' id='par_1_19' title="bbox 331 1715 1099 1785">
     <span class='ocr_line' id='line_1_19' title="bbox 331 1715 1099 1785; baseline 0.005 -19"><span class='ocrx_word' id='word_1_217' title='bbox 331 1715 401 1767; x_wconf 81' lang='lat' dir='ltr'><strong>ad</strong></span> <span class='ocrx_word' id='word_1_218' title='bbox 452 1716 620 1767; x_wconf 81' lang='lat' dir='ltr'><strong>virum</strong></span> <span class='ocrx_word' id='word_1_219' title='bbox 652 1724 799 1767; x_wconf 87' lang='lat' dir='ltr'><strong>tuum</strong></span> <span class='ocrx_word' id='word_1_220' title='bbox 832 1717 1099 1785; x_wconf 72' lang='lat' dir='ltr'><strong>respicies.</strong></span> 
     </span>
    </p>
   </div>
   <div class='ocr_carea' id='block_1_20' title="bbox 1969 1715 3588 1788">
    <p class='ocr_par' dir='ltr' id='par_1_20' title="bbox 2014 1726 3588 1788">
     <span class='ocr_line' id='line_1_20' title="bbox 2014 1726 3588 1788; baseline 0.001 -8"><span class='ocrx_word' id='word_1_221' title='bbox 2014 1726 2249 1780; x_wconf 89' lang='lat' dir='ltr'><strong>consilio</strong></span> <span class='ocrx_word' id='word_1_222' title='bbox 2302 1728 2645 1788; x_wconf 87' lang='lat' dir='ltr'><strong>auscultans,</strong></span> <span class='ocrx_word' id='word_1_223' title='bbox 2694 1741 2820 1780; x_wconf 91' lang='lat' dir='ltr'><strong>cum</strong></span> <span class='ocrx_word' id='word_1_224' title='bbox 2877 1728 3077 1782; x_wconf 88' lang='lat' dir='ltr'><strong>sudore</strong></span> <span class='ocrx_word' id='word_1_225' title='bbox 3132 1727 3287 1781; x_wconf 80' lang='lat' dir='ltr'><strong>faciei</strong></span> <span class='ocrx_word' id='word_1_226' title='bbox 3323 1738 3448 1788; x_wconf 72' lang='lat' dir='ltr'><strong>tuac,</strong></span> <span class='ocrx_word' id='word_1_227' title='bbox 3486 1727 3588 1781; x_wconf 91' lang='lat' dir='ltr'><strong>hoc</strong></span> 
     </span>
    </p>
   </div>
   <div class='ocr_carea' id='block_1_21' title="bbox 401 1793 3586 1889">
    <p class='ocr_par' dir='ltr' id='par_1_21' title="bbox 401 1793 3586 1889">
     <span class='ocr_line' id='line_1_21' title="bbox 401 1793 3586 1889; baseline 0.004 -30"><span class='ocrx_word' id='word_1_228' title='bbox 401 1806 679 1875; x_wconf 79' lang='lat' dir='ltr'><strong>Respectus</strong></span> <span class='ocrx_word' id='word_1_229' title='bbox 711 1808 949 1862; x_wconf 84' lang='lat' dir='ltr'><strong>mulieris</strong></span> <span class='ocrx_word' id='word_1_230' title='bbox 989 1814 1057 1861; x_wconf 86' lang='lat' dir='ltr'><strong>ad</strong></span> <span class='ocrx_word' id='word_1_231' title='bbox 1083 1809 1250 1861; x_wconf 85' lang='lat' dir='ltr'><strong>virum</strong></span> <span class='ocrx_word' id='word_1_232' title='bbox 1272 1839 1344 1849; x_wconf 97' lang='lat'><strong>—</strong></span> <span class='ocrx_word' id='word_1_233' title='bbox 1366 1810 1531 1876; x_wconf 86' lang='lat' dir='ltr'><strong>Quasi</strong></span> <span class='ocrx_word' id='word_1_234' title='bbox 1564 1810 1744 1879; x_wconf 52' lang='lat' dir='ltr'><strong>dicatZ:</strong></span> <span class='ocrx_word' id='word_1_235' title='bbox 1771 1811 1911 1877; x_wconf 88' lang='lat' dir='ltr'><strong>Quia</strong></span> <span class='ocrx_word' id='word_1_236' title='bbox 1944 1793 1984 1848; x_wconf 73' lang='grc' dir='ltr'><strong><em>Β</em></strong></span> <span class='ocrx_word' id='word_1_237' title='bbox 2014 1826 2119 1885; x_wconf 87' lang='lat' dir='ltr'><strong>est,</strong></span> <span class='ocrx_word' id='word_1_238' title='bbox 2156 1832 2351 1886; x_wconf 88' lang='lat' dir='ltr'><strong>aspero</strong></span> <span class='ocrx_word' id='word_1_239' title='bbox 2382 1829 2433 1873; x_wconf 89' lang='lat' dir='ltr'><strong>et</strong></span> <span class='ocrx_word' id='word_1_240' title='bbox 2453 1818 2657 1873; x_wconf 81' lang='lat' dir='ltr'><strong>diliicili</strong></span> <span class='ocrx_word' id='word_1_241' title='bbox 2690 1820 2874 1874; x_wconf 89' lang='lat' dir='ltr'><strong>labore</strong></span> <span class='ocrx_word' id='word_1_242' title='bbox 2906 1820 3152 1889; x_wconf 92' lang='lat' dir='ltr'><strong>duraque</strong></span> <span class='ocrx_word' id='word_1_243' title='bbox 3182 1820 3394 1875; x_wconf 80' lang='lat' dir='ltr'><strong>cultura</strong></span> <span class='ocrx_word' id='word_1_244' title='bbox 3432 1836 3586 1889; x_wconf 80' lang='lat' dir='ltr'><strong>qua:-</strong></span> 
     </span>
    </p>
   </div>
   <div class='ocr_carea' id='block_1_22' title="bbox 327 1899 3587 1979">
    <p class='ocr_par' dir='ltr' id='par_1_22' title="bbox 327 1899 3587 1979">
     <span class='ocr_line' id='line_1_22' title="bbox 327 1899 3587 1979; baseline 0.003 -26"><span class='ocrx_word' id='word_1_245' title='bbox 327 1899 1631 1969; x_wconf 75' lang='lat' dir='ltr'><strong>cupivistiutvirtuusteobservaretatqueexte</strong></span> <span class='ocrx_word' id='word_1_246' title='bbox 1652 1906 1913 1973; x_wconf 79' lang='lat' dir='ltr'><strong>pettderet</strong></span> <span class='ocrx_word' id='word_1_247' title='bbox 2014 1923 2100 1963; x_wconf 88' lang='lat' dir='ltr'><strong>res</strong></span> <span class='ocrx_word' id='word_1_248' title='bbox 2144 1910 2368 1965; x_wconf 89' lang='lat' dir='ltr'><strong>victum.</strong></span> <span class='ocrx_word' id='word_1_249' title='bbox 2421 1908 2534 1964; x_wconf 87' lang='lat' dir='ltr'><strong>Etsi</strong></span> <span class='ocrx_word' id='word_1_250' title='bbox 2589 1910 2733 1964; x_wconf 87' lang='lat' dir='ltr'><strong>enim</strong></span> <span class='ocrx_word' id='word_1_251' title='bbox 2788 1910 2911 1979; x_wconf 86' lang='lat' dir='ltr'><strong>quis</strong></span> <span class='ocrx_word' id='word_1_252' title='bbox 2974 1926 3066 1964; x_wconf 81' lang='lat' dir='ltr'><strong>rex</strong></span> <span class='ocrx_word' id='word_1_253' title='bbox 3126 1909 3199 1964; x_wconf 87' lang='lat' dir='ltr'><strong>sit</strong></span> <span class='ocrx_word' id='word_1_254' title='bbox 3234 1921 3332 1965; x_wconf 89' lang='lat' dir='ltr'><strong>aut</strong></span> <span class='ocrx_word' id='word_1_255' title='bbox 3385 1911 3587 1979; x_wconf 90' lang='lat' dir='ltr'><strong>alioqui</strong></span> 
     </span>
    </p>
   </div>
   <div class='ocr_carea' id='block_1_23' title="bbox 329 1990 3587 2071">
    <p class='ocr_par' dir='ltr' id='par_1_23' title="bbox 329 1990 3587 2071">
     <span class='ocr_line' id='line_1_23' title="bbox 329 1990 3587 2071; baseline 0.003 -29"><span class='ocrx_word' id='word_1_256' title='bbox 329 1990 551 2057; x_wconf 79' lang='lat' dir='ltr'><strong>perinde</strong></span> <span class='ocrx_word' id='word_1_257' title='bbox 580 2005 643 2044; x_wconf 91' lang='lat' dir='ltr'><strong>ac</strong></span> <span class='ocrx_word' id='word_1_258' title='bbox 676 1991 721 2044; x_wconf 84' lang='lat' dir='ltr'><strong>si</strong></span> <span class='ocrx_word' id='word_1_259' title='bbox 764 1992 815 2044; x_wconf 88' lang='lat' dir='ltr'><strong>in</strong></span> <span class='ocrx_word' id='word_1_260' title='bbox 850 2000 938 2045; x_wconf 87' lang='lat' dir='ltr'><strong>tua</strong></span> <span class='ocrx_word' id='word_1_261' title='bbox 973 2006 1137 2045; x_wconf 89' lang='lat' dir='ltr'><strong>manu</strong></span> <span class='ocrx_word' id='word_1_262' title='bbox 1174 1992 1350 2061; x_wconf 85' lang='lat' dir='ltr'><strong>posita</strong></span> <span class='ocrx_word' id='word_1_263' title='bbox 1374 1995 1783 2063; x_wconf 85' lang='lat' dir='ltr'><strong>essentquibus</strong></span> <span class='ocrx_word' id='word_1_264' title='bbox 1813 1995 1907 2049; x_wconf 86' lang='lat' dir='ltr'><strong>ille</strong></span> <span class='ocrx_word' id='word_1_265' title='bbox 2012 2000 2210 2070; x_wconf 89' lang='lat' dir='ltr'><strong>opibus</strong></span> <span class='ocrx_word' id='word_1_266' title='bbox 2278 2002 2491 2068; x_wconf 82' lang='lat' dir='ltr'><strong>magnis</strong></span> <span class='ocrx_word' id='word_1_267' title='bbox 2548 2002 2783 2071; x_wconf 88' lang='lat' dir='ltr'><strong>pollens,</strong></span> <span class='ocrx_word' id='word_1_268' title='bbox 2848 2002 2976 2055; x_wconf 90' lang='lat' dir='ltr'><strong>dum</strong></span> <span class='ocrx_word' id='word_1_269' title='bbox 3046 2002 3184 2057; x_wconf 89' lang='lat' dir='ltr'><strong>alios</strong></span> <span class='ocrx_word' id='word_1_270' title='bbox 3255 2002 3307 2054; x_wconf 94' lang='lat' dir='ltr'><strong>in</strong></span> <span class='ocrx_word' id='word_1_271' title='bbox 3372 2003 3587 2056; x_wconf 89' lang='lat' dir='ltr'><strong>cultura</strong></span> 
     </span>
    </p>
   </div>
   <div class='ocr_carea' id='block_1_24' title="bbox 328 2080 3591 2161">
    <p class='ocr_par' dir='ltr' id='par_1_24' title="bbox 328 2080 3591 2161">
     <span class='ocr_line' id='line_1_24' title="bbox 328 2080 3591 2161; baseline 0.004 -28"><span class='ocrx_word' id='word_1_272' title='bbox 328 2080 395 2133; x_wconf 87' lang='lat' dir='ltr'><strong>ad</strong></span> <span class='ocrx_word' id='word_1_273' title='bbox 430 2080 550 2134; x_wconf 76' lang='lat' dir='ltr'><strong>vita:</strong></span> <span class='ocrx_word' id='word_1_274' title='bbox 590 2097 747 2135; x_wconf 86' lang='lat' dir='ltr'><strong>usum</strong></span> <span class='ocrx_word' id='word_1_275' title='bbox 781 2096 920 2150; x_wconf 92' lang='lat' dir='ltr'><strong>opus</strong></span> <span class='ocrx_word' id='word_1_276' title='bbox 951 2082 1194 2146; x_wconf 81' lang='lat' dir='ltr'><strong>haberet,</strong></span> <span class='ocrx_word' id='word_1_277' title='bbox 1224 2097 1399 2152; x_wconf 90' lang='lat' dir='ltr'><strong>eoque</strong></span> <span class='ocrx_word' id='word_1_278' title='bbox 1447 2083 1598 2137; x_wconf 88' lang='lat' dir='ltr'><strong>iiltun</strong></span> <span class='ocrx_word' id='word_1_279' title='bbox 1631 2084 1684 2137; x_wconf 92' lang='lat' dir='ltr'><strong>in</strong></span> <span class='ocrx_word' id='word_1_280' title='bbox 1714 2085 1889 2138; x_wconf 90' lang='lat' dir='ltr'><strong>fructu</strong></span> <span class='ocrx_word' id='word_1_281' title='bbox 2012 2101 2248 2153; x_wconf 69' lang='lat' dir='ltr'><strong>exercet,</strong></span> <span class='ocrx_word' id='word_1_282' title='bbox 2297 2092 2414 2161; x_wconf 89' lang='lat' dir='ltr'><strong>ipse</strong></span> <span class='ocrx_word' id='word_1_283' title='bbox 2450 2107 2668 2161; x_wconf 89' lang='lat' dir='ltr'><strong>quoque</strong></span> <span class='ocrx_word' id='word_1_284' title='bbox 2728 2109 2835 2147; x_wconf 91' lang='lat' dir='ltr'><strong>non</strong></span> <span class='ocrx_word' id='word_1_285' title='bbox 2892 2094 3009 2147; x_wconf 87' lang='lat' dir='ltr'><strong>sine</strong></span> <span class='ocrx_word' id='word_1_286' title='bbox 3041 2095 3246 2148; x_wconf 92' lang='lat' dir='ltr'><strong>sudore</strong></span> <span class='ocrx_word' id='word_1_287' title='bbox 3283 2093 3438 2147; x_wconf 85' lang='lat' dir='ltr'><strong>faciei</strong></span> <span class='ocrx_word' id='word_1_288' title='bbox 3479 2109 3591 2147; x_wconf 76' lang='lat' dir='ltr'><strong>sua:</strong></span> 
     </span>
    </p>
   </div>
   <div class='ocr_carea' id='block_1_25' title="bbox 333 2168 1952 2253">
    <p class='ocr_par' dir='ltr' id='par_1_25' title="bbox 333 2168 1910 2238">
     <span class='ocr_line' id='line_1_25' title="bbox 333 2168 1910 2238; baseline 0.001 -15"><span class='ocrx_word' id='word_1_289' title='bbox 333 2169 602 2238; x_wconf 77' lang='lat' dir='ltr'><strong>gustando</strong></span> <span class='ocrx_word' id='word_1_290' title='bbox 635 2171 997 2236; x_wconf 83' lang='lat' dir='ltr'><strong>antevenisti,</strong></span> <span class='ocrx_word' id='word_1_291' title='bbox 1050 2168 1171 2224; x_wconf 87' lang='lat' dir='ltr'><strong>ideo</strong></span> <span class='ocrx_word' id='word_1_292' title='bbox 1228 2178 1285 2224; x_wconf 88' lang='lat' dir='ltr'><strong>tu</strong></span> <span class='ocrx_word' id='word_1_293' title='bbox 1328 2170 1428 2223; x_wconf 77' lang='lat' dir='ltr'><strong>viri</strong></span> <span class='ocrx_word' id='word_1_294' title='bbox 1483 2170 1560 2223; x_wconf 86' lang='lat' dir='ltr'><strong>tui</strong></span> <span class='ocrx_word' id='word_1_295' title='bbox 1612 2172 1910 2225; x_wconf 83' lang='lat' dir='ltr'><strong>observans</strong></span> 
     </span>
    </p>
   </div>
   <div class='ocr_carea' id='block_1_26' title="bbox 1971 2168 3590 2253">
    <p class='ocr_par' dir='ltr' id='par_1_26' title="bbox 2012 2183 3590 2253">
     <span class='ocr_line' id='line_1_26' title="bbox 2012 2183 3590 2253; baseline 0.001 -18"><span class='ocrx_word' id='word_1_296' title='bbox 2012 2184 2254 2237; x_wconf 81' lang='lat' dir='ltr'><strong>vescitur</strong></span> <span class='ocrx_word' id='word_1_297' title='bbox 2296 2199 2455 2253; x_wconf 87' lang='lat' dir='ltr'><strong>pane.</strong></span> <span class='ocrx_word' id='word_1_298' title='bbox 2506 2183 2682 2238; x_wconf 82' lang='lat' dir='ltr'><strong>Donec</strong></span> <span class='ocrx_word' id='word_1_299' title='bbox 2735 2194 2997 2239; x_wconf 72' lang='lat' dir='ltr'><strong>revertare</strong></span> <span class='ocrx_word' id='word_1_300' title='bbox 3028 2186 3082 2238; x_wconf 87' lang='lat' dir='ltr'><strong>in</strong></span> <span class='ocrx_word' id='word_1_301' title='bbox 3137 2194 3331 2237; x_wconf 80' lang='lat' dir='ltr'><strong>(errant</strong></span> <span class='ocrx_word' id='word_1_302' title='bbox 3380 2200 3443 2238; x_wconf 78' lang='lat' dir='ltr'><strong>ex</strong></span> <span class='ocrx_word' id='word_1_303' title='bbox 3488 2200 3590 2253; x_wconf 85' lang='lat' dir='ltr'><strong>qua</strong></span> 
     </span>
    </p>
   </div>
   <div class='ocr_carea' id='block_1_27' title="bbox 330 2257 3588 2344">
    <p class='ocr_par' dir='ltr' id='par_1_27' title="bbox 330 2257 3588 2344">
     <span class='ocr_line' id='line_1_27' title="bbox 330 2257 3588 2344; baseline 0 -33"><span class='ocrx_word' id='word_1_304' title='bbox 330 2261 462 2321; x_wconf 86' lang='lat' dir='ltr'><strong>cris.</strong></span> <span class='ocrx_word' id='word_1_305' title='bbox 498 2269 555 2313; x_wconf 89' lang='grc' dir='ltr'><strong>ιιι</strong></span> <span class='ocrx_word' id='word_1_306' title='bbox 591 2260 698 2313; x_wconf 90' lang='lat' dir='ltr'><strong>tuis</strong></span> <span class='ocrx_word' id='word_1_307' title='bbox 747 2261 861 2329; x_wconf 90' lang='lat' dir='ltr'><strong>ipse</strong></span> <span class='ocrx_word' id='word_1_308' title='bbox 893 2258 1395 2315; x_wconf 84' lang='lat' dir='ltr'><strong>necessitudinibus</strong></span> <span class='ocrx_word' id='word_1_309' title='bbox 1449 2257 1613 2313; x_wconf 88' lang='lat' dir='ltr'><strong>faciat</strong></span> <span class='ocrx_word' id='word_1_310' title='bbox 1645 2259 1800 2314; x_wconf 80' lang='lat' dir='ltr'><strong>satis.</strong></span> <span class='ocrx_word' id='word_1_311' title='bbox 1838 2258 1907 2313; x_wconf 87' lang='lat' dir='ltr'><strong>Et</strong></span> <span class='ocrx_word' id='word_1_312' title='bbox 2012 2282 2253 2340; x_wconf 70' lang='grc' dir='ltr'><strong>σεσεριηε</strong></span> <span class='ocrx_word' id='word_1_313' title='bbox 2277 2290 2348 2332; x_wconf 57' lang='grc' dir='ltr'><strong>σε,</strong></span> <span class='ocrx_word' id='word_1_314' title='bbox 2391 2274 2515 2342; x_wconf 67' lang='lat' dir='ltr'><strong>quia</strong></span> <span class='ocrx_word' id='word_1_315' title='bbox 2542 2275 2710 2342; x_wconf 67' lang='grc' dir='ltr'><strong>ρηιυεε</strong></span> <span class='ocrx_word' id='word_1_316' title='bbox 2747 2290 2825 2339; x_wconf 53' lang='grc' dir='ltr'><strong>εδ,</strong></span> <span class='ocrx_word' id='word_1_317' title='bbox 2868 2284 2917 2328; x_wconf 74' lang='grc' dir='ltr'>ει</span> <span class='ocrx_word' id='word_1_318' title='bbox 2962 2276 3018 2327; x_wconf 62' lang='lat' dir='ltr'><strong>in</strong></span> <span class='ocrx_word' id='word_1_319' title='bbox 3066 2275 3330 2344; x_wconf 64' lang='lat' dir='ltr'><strong>pulverem</strong></span> <span class='ocrx_word' id='word_1_320' title='bbox 3365 2276 3588 2327; x_wconf 62' lang='grc' dir='ltr'><strong>νεάίωε,</strong></span> 
     </span>
    </p>
   </div>
   <div class='ocr_carea' id='block_1_28' title="bbox 330 2353 3589 2437">
    <p class='ocr_par' dir='ltr' id='par_1_28' title="bbox 330 2353 3589 2437">
     <span class='ocr_line' id='line_1_28' title="bbox 330 2353 3589 2437; baseline 0 -32"><span class='ocrx_word' id='word_1_321' title='bbox 330 2354 442 2419; x_wconf 82' lang='lat' dir='ltr'><strong>ipse</strong></span> <span class='ocrx_word' id='word_1_322' title='bbox 468 2353 830 2406; x_wconf 73' lang='lat' dir='ltr'><strong>dominabitur</strong></span> <span class='ocrx_word' id='word_1_323' title='bbox 860 2354 937 2406; x_wconf 82' lang='lat' dir='ltr'><strong>tui</strong></span> <span class='ocrx_word' id='word_1_324' title='bbox 974 2353 1285 2423; x_wconf 83' lang='lat' dir='ltr'><strong>:Optavisti</strong></span> <span class='ocrx_word' id='word_1_325' title='bbox 1318 2354 1537 2422; x_wconf 89' lang='lat' dir='ltr'><strong>quidem</strong></span> <span class='ocrx_word' id='word_1_326' title='bbox 1579 2364 1742 2423; x_wconf 88' lang='lat' dir='ltr'><strong>caput</strong></span> <span class='ocrx_word' id='word_1_327' title='bbox 1791 2369 1911 2409; x_wconf 87' lang='lat' dir='ltr'><strong>esse</strong></span> <span class='ocrx_word' id='word_1_328' title='bbox 2011 2363 2181 2431; x_wconf 67' lang='lat' dir='ltr'><strong>Quasi</strong></span> <span class='ocrx_word' id='word_1_329' title='bbox 2240 2364 2389 2419; x_wconf 61' lang='lat' dir='ltr'><strong>dicat</strong></span> <span class='ocrx_word' id='word_1_330' title='bbox 2428 2385 2441 2420; x_wconf 69' lang='grc' dir='ltr'>ε</span> <span class='ocrx_word' id='word_1_331' title='bbox 2475 2366 2772 2437; x_wconf 55' lang='lat' dir='ltr'><strong>postquam</strong></span> <span class='ocrx_word' id='word_1_332' title='bbox 2812 2382 3174 2421; x_wconf 60' lang='lat' dir='ltr'><strong>aerumnosam</strong></span> <span class='ocrx_word' id='word_1_333' title='bbox 3224 2366 3589 2421; x_wconf 63' lang='lat' dir='ltr'><strong>laboriosam-</strong></span> 
     </span>
    </p>
   </div>
   <div class='ocr_carea' id='block_1_29' title="bbox 334 2445 1953 2531">
    <p class='ocr_par' dir='ltr' id='par_1_29' title="bbox 334 2445 1911 2514">
     <span class='ocr_line' id='line_1_29' title="bbox 334 2445 1911 2514; baseline 0.003 -19"><span class='ocrx_word' id='word_1_334' title='bbox 334 2446 434 2498; x_wconf 84' lang='lat' dir='ltr'><strong>viri</strong></span> <span class='ocrx_word' id='word_1_335' title='bbox 478 2445 575 2509; x_wconf 91' lang='lat' dir='ltr'><strong>tui,</strong></span> <span class='ocrx_word' id='word_1_336' title='bbox 604 2445 942 2514; x_wconf 88' lang='lat' dir='ltr'><strong>imperioque</strong></span> <span class='ocrx_word' id='word_1_337' title='bbox 973 2446 1026 2498; x_wconf 90' lang='lat' dir='ltr'><strong>in</strong></span> <span class='ocrx_word' id='word_1_338' title='bbox 1077 2445 1227 2498; x_wconf 90' lang='lat' dir='ltr'><strong>illum</strong></span> <span class='ocrx_word' id='word_1_339' title='bbox 1264 2446 1445 2514; x_wconf 89' lang='lat' dir='ltr'><strong>potiri,</strong></span> <span class='ocrx_word' id='word_1_340' title='bbox 1497 2456 1659 2514; x_wconf 90' lang='lat' dir='ltr'><strong>atque</strong></span> <span class='ocrx_word' id='word_1_341' title='bbox 1693 2446 1813 2500; x_wconf 85' lang='lat' dir='ltr'><strong>ideo</strong></span> <span class='ocrx_word' id='word_1_342' title='bbox 1844 2447 1911 2499; x_wconf 87' lang='lat' dir='ltr'><strong>de</strong></span> 
     </span>
    </p>
   </div>
   <div class='ocr_carea' id='block_1_30' title="bbox 1969 2445 3588 2531">
    <p class='ocr_par' dir='ltr' id='par_1_30' title="bbox 2011 2458 3588 2531">
     <span class='ocr_line' id='line_1_30' title="bbox 2011 2458 3588 2531; baseline -0.002 -17"><span class='ocrx_word' id='word_1_343' title='bbox 2011 2478 2117 2531; x_wconf 92' lang='lat' dir='ltr'><strong>que</strong></span> <span class='ocrx_word' id='word_1_344' title='bbox 2166 2462 2488 2517; x_wconf 86' lang='lat' dir='ltr'><strong>loleraveris</strong></span> <span class='ocrx_word' id='word_1_345' title='bbox 2539 2462 2729 2524; x_wconf 90' lang='lat' dir='ltr'><strong>vitam,</strong></span> <span class='ocrx_word' id='word_1_346' title='bbox 2783 2460 2925 2514; x_wconf 88' lang='lat' dir='ltr'><strong>sicut</strong></span> <span class='ocrx_word' id='word_1_347' title='bbox 2978 2458 3225 2527; x_wconf 66' lang='lat' dir='ltr'><strong>praedixi,</strong></span> <span class='ocrx_word' id='word_1_348' title='bbox 3288 2458 3588 2511; x_wconf 90' lang='lat' dir='ltr'><strong>moriturus</strong></span> 
     </span>
    </p>
   </div>
   <div class='ocr_carea' id='block_1_31' title="bbox 329 2537 1948 2621">
    <p class='ocr_par' dir='ltr' id='par_1_31' title="bbox 329 2537 1907 2606">
     <span class='ocr_line' id='line_1_31' title="bbox 329 2537 1907 2606; baseline 0.001 -17"><span class='ocrx_word' id='word_1_349' title='bbox 329 2540 527 2591; x_wconf 58' lang='lat' dir='ltr'><strong>arbore</strong></span> <span class='ocrx_word' id='word_1_350' title='bbox 559 2552 655 2605; x_wconf 88' lang='lat' dir='ltr'><strong>pro</strong></span> <span class='ocrx_word' id='word_1_351' title='bbox 703 2537 971 2606; x_wconf 85' lang='lat' dir='ltr'><strong>serpentis</strong></span> <span class='ocrx_word' id='word_1_352' title='bbox 1001 2537 1232 2592; x_wconf 89' lang='lat' dir='ltr'><strong>consilio</strong></span> <span class='ocrx_word' id='word_1_353' title='bbox 1269 2537 1462 2602; x_wconf 85' lang='lat' dir='ltr'><strong>edisti;</strong></span> <span class='ocrx_word' id='word_1_354' title='bbox 1513 2546 1567 2591; x_wconf 91' lang='lat' dir='ltr'><strong>at</strong></span> <span class='ocrx_word' id='word_1_355' title='bbox 1596 2537 1683 2590; x_wconf 89' lang='lat' dir='ltr'><strong>ille</strong></span> <span class='ocrx_word' id='word_1_356' title='bbox 1722 2546 1907 2591; x_wconf 90' lang='lat' dir='ltr'><strong>contra</strong></span> 
     </span>
    </p>
   </div>
   <div class='ocr_carea' id='block_1_32' title="bbox 1967 2537 3586 2621">
    <p class='ocr_par' dir='ltr' id='par_1_32' title="bbox 2010 2548 3586 2621">
     <span class='ocr_line' id='line_1_32' title="bbox 2010 2548 3586 2621; baseline -0.003 -15"><span class='ocrx_word' id='word_1_357' title='bbox 2010 2552 2204 2606; x_wconf 85' lang='lat' dir='ltr'><strong>deinde</strong></span> <span class='ocrx_word' id='word_1_358' title='bbox 2227 2568 2306 2614; x_wconf 78' lang='lat' dir='ltr'><strong>es,</strong></span> <span class='ocrx_word' id='word_1_359' title='bbox 2335 2564 2496 2621; x_wconf 90' lang='lat' dir='ltr'><strong>atque</strong></span> <span class='ocrx_word' id='word_1_360' title='bbox 2522 2552 2574 2604; x_wconf 92' lang='lat' dir='ltr'><strong>in</strong></span> <span class='ocrx_word' id='word_1_361' title='bbox 2609 2552 2657 2605; x_wconf 89' lang='lat' dir='ltr'><strong>id</strong></span> <span class='ocrx_word' id='word_1_362' title='bbox 2697 2549 3013 2605; x_wconf 85' lang='lat' dir='ltr'><strong>dissolveris</strong></span> <span class='ocrx_word' id='word_1_363' title='bbox 3040 2549 3183 2617; x_wconf 88' lang='lat' dir='ltr'><strong>quod</strong></span> <span class='ocrx_word' id='word_1_364' title='bbox 3217 2558 3342 2602; x_wconf 89' lang='lat' dir='ltr'><strong>ante</strong></span> <span class='ocrx_word' id='word_1_365' title='bbox 3383 2548 3586 2602; x_wconf 83' lang='lat' dir='ltr'><strong>fueras.</strong></span> 
     </span>
    </p>
   </div>
   <div class='ocr_carea' id='block_1_33' title="bbox 331 2627 1950 2705">
    <p class='ocr_par' dir='ltr' id='par_1_33' title="bbox 331 2627 1907 2705">
     <span class='ocr_line' id='line_1_33' title="bbox 331 2627 1907 2705; baseline 0.002 -26"><span class='ocrx_word' id='word_1_366' title='bbox 331 2627 384 2679; x_wconf 90' lang='lat' dir='ltr'><strong>iu</strong></span> <span class='ocrx_word' id='word_1_367' title='bbox 423 2638 473 2680; x_wconf 88' lang='lat' dir='ltr'><strong>te</strong></span> <span class='ocrx_word' id='word_1_368' title='bbox 519 2627 807 2705; x_wconf 83' lang='lat' dir='ltr'><strong>imperium</strong></span> <span class='ocrx_word' id='word_1_369' title='bbox 859 2628 1157 2689; x_wconf 78' lang='lat' dir='ltr'><strong>exercebit,</strong></span> <span class='ocrx_word' id='word_1_370' title='bbox 1201 2628 1408 2696; x_wconf 85' lang='lat' dir='ltr'><strong>tibique</strong></span> <span class='ocrx_word' id='word_1_371' title='bbox 1449 2642 1543 2697; x_wconf 92' lang='lat' dir='ltr'><strong>pro</strong></span> <span class='ocrx_word' id='word_1_372' title='bbox 1576 2628 1751 2697; x_wconf 88' lang='lat' dir='ltr'><strong>capite</strong></span> <span class='ocrx_word' id='word_1_373' title='bbox 1781 2628 1907 2682; x_wconf 86' lang='lat' dir='ltr'><strong>erit.</strong></span> 
     </span>
    </p>
   </div>
   <div class='ocr_carea' id='block_1_34' title="bbox 1970 2627 3589 2705">
    <p class='ocr_par' dir='ltr' id='par_1_34' title="bbox 2009 2640 3589 2698">
     <span class='ocr_line' id='line_1_34' title="bbox 2009 2640 3589 2698; baseline -0.003 -1"><span class='ocrx_word' id='word_1_374' title='bbox 2009 2643 2561 2698; x_wconf 84' lang='lat' dir='ltr'><strong>Animadvertendum</strong></span> <span class='ocrx_word' id='word_1_375' title='bbox 2600 2642 2687 2695; x_wconf 92' lang='lat' dir='ltr'><strong>hic</strong></span> <span class='ocrx_word' id='word_1_376' title='bbox 2727 2651 2811 2696; x_wconf 89' lang='lat' dir='ltr'><strong>est</strong></span> <span class='ocrx_word' id='word_1_377' title='bbox 2848 2642 3115 2695; x_wconf 87' lang='lat' dir='ltr'><strong>Adamum</strong></span> <span class='ocrx_word' id='word_1_378' title='bbox 3149 2649 3275 2694; x_wconf 90' lang='lat' dir='ltr'><strong>ante</strong></span> <span class='ocrx_word' id='word_1_379' title='bbox 3310 2640 3415 2693; x_wconf 91' lang='lat' dir='ltr'><strong>hoc</strong></span> <span class='ocrx_word' id='word_1_380' title='bbox 3460 2655 3589 2693; x_wconf 79' lang='lat' dir='ltr'><strong>ora-</strong></span> 
     </span>
    </p>
   </div>
   <div class='ocr_carea' id='block_1_35' title="bbox 334 2718 1953 2804">
    <p class='ocr_par' dir='ltr' id='par_1_35' title="bbox 334 2718 1910 2785">
     <span class='ocr_line' id='line_1_35' title="bbox 334 2718 1910 2785; baseline 0.001 -12"><span class='ocrx_word' id='word_1_381' title='bbox 334 2718 403 2773; x_wconf 84' lang='lat' dir='ltr'><strong>Et</strong></span> <span class='ocrx_word' id='word_1_382' title='bbox 436 2719 506 2772; x_wconf 85' lang='lat' dir='ltr'><strong>ad</strong></span> <span class='ocrx_word' id='word_1_383' title='bbox 530 2719 696 2772; x_wconf 71' lang='lat' dir='ltr'><strong>Adam</strong></span> <span class='ocrx_word' id='word_1_384' title='bbox 720 2721 856 2773; x_wconf 73' lang='lat' dir='ltr'><strong>dixit</strong></span> <span class='ocrx_word' id='word_1_385' title='bbox 888 2735 906 2774; x_wconf 88' lang='lat'><strong><em>:</em></strong></span> <span class='ocrx_word' id='word_1_386' title='bbox 944 2719 1085 2785; x_wconf 83' lang='lat' dir='ltr'><strong>Quia</strong></span> <span class='ocrx_word' id='word_1_387' title='bbox 1109 2721 1425 2774; x_wconf 85' lang='lat' dir='ltr'><strong>auscultain</strong></span> <span class='ocrx_word' id='word_1_388' title='bbox 1451 2721 1564 2774; x_wconf 83' lang='lat' dir='ltr'><strong>voci</strong></span> <span class='ocrx_word' id='word_1_389' title='bbox 1595 2721 1777 2774; x_wconf 77' lang='lat' dir='ltr'><strong>uxoris</strong></span> <span class='ocrx_word' id='word_1_390' title='bbox 1804 2730 1910 2774; x_wconf 75' lang='lat' dir='ltr'><strong>tute</strong></span> 
     </span>
    </p>
   </div>
   <div class='ocr_carea' id='block_1_36' title="bbox 1969 2718 3588 2804">
    <p class='ocr_par' dir='ltr' id='par_1_36' title="bbox 2010 2732 3588 2804">
     <span class='ocr_line' id='line_1_36' title="bbox 2010 2732 3588 2804; baseline -0.003 -13"><span class='ocrx_word' id='word_1_391' title='bbox 2010 2737 2190 2791; x_wconf 90' lang='lat' dir='ltr'><strong>culum</strong></span> <span class='ocrx_word' id='word_1_392' title='bbox 2228 2754 2241 2789; x_wconf 88' lang='lat'>:</span> <span class='ocrx_word' id='word_1_393' title='bbox 2278 2736 2417 2800; x_wconf 83' lang='lat' dir='ltr'><strong>Quia</strong></span> <span class='ocrx_word' id='word_1_394' title='bbox 2466 2734 2636 2804; x_wconf 82' lang='lat' dir='ltr'><strong>pulvis</strong></span> <span class='ocrx_word' id='word_1_395' title='bbox 2678 2750 2753 2798; x_wconf 82' lang='lat' dir='ltr'><strong>es,</strong></span> <span class='ocrx_word' id='word_1_396' title='bbox 2804 2732 3124 2796; x_wconf 81' lang='lat' dir='ltr'><strong>nescivisse,</strong></span> <span class='ocrx_word' id='word_1_397' title='bbox 3158 2747 3222 2786; x_wconf 81' lang='lat' dir='ltr'><strong>ex</strong></span> <span class='ocrx_word' id='word_1_398' title='bbox 3274 2733 3494 2802; x_wconf 88' lang='lat' dir='ltr'><strong>pulvere</strong></span> <span class='ocrx_word' id='word_1_399' title='bbox 3530 2748 3588 2787; x_wconf 75' lang='lat' dir='ltr'><strong>se</strong></span> 
     </span>
    </p>
   </div>
   <div class='ocr_carea' id='block_1_37' title="bbox 329 2811 1948 2896">
    <p class='ocr_par' dir='ltr' id='par_1_37' title="bbox 329 2811 1909 2881">
     <span class='ocr_line' id='line_1_37' title="bbox 329 2811 1909 2881; baseline 0 -17"><span class='ocrx_word' id='word_1_400' title='bbox 329 2821 376 2864; x_wconf 84' lang='lat' dir='ltr'><strong>et</strong></span> <span class='ocrx_word' id='word_1_401' title='bbox 422 2812 580 2864; x_wconf 84' lang='lat' dir='ltr'><strong>edisti</strong></span> <span class='ocrx_word' id='word_1_402' title='bbox 605 2812 667 2865; x_wconf 83' lang='lat' dir='ltr'><strong>de</strong></span> <span class='ocrx_word' id='word_1_403' title='bbox 723 2812 911 2865; x_wconf 86' lang='lat' dir='ltr'><strong>arbore</strong></span> <span class='ocrx_word' id='word_1_404' title='bbox 964 2813 1030 2865; x_wconf 86' lang='lat' dir='ltr'><strong>de</strong></span> <span class='ocrx_word' id='word_1_405' title='bbox 1087 2828 1190 2881; x_wconf 79' lang='lat' dir='ltr'><strong>qua</strong></span> <span class='ocrx_word' id='word_1_406' title='bbox 1232 2812 1376 2879; x_wconf 81' lang='lat' dir='ltr'><strong>jussi</strong></span> <span class='ocrx_word' id='word_1_407' title='bbox 1428 2812 1525 2866; x_wconf 88' lang='lat' dir='ltr'><strong>tibi</strong></span> <span class='ocrx_word' id='word_1_408' title='bbox 1567 2811 1785 2881; x_wconf 75' lang='lat' dir='ltr'><strong>dixique</strong></span> <span class='ocrx_word' id='word_1_409' title='bbox 1847 2828 1909 2865; x_wconf 84' lang='lat' dir='ltr'><strong>ne</strong></span> 
     </span>
    </p>
   </div>
   <div class='ocr_carea' id='block_1_38' title="bbox 1966 2811 3585 2896">
    <p class='ocr_par' dir='ltr' id='par_1_38' title="bbox 2009 2826 3585 2896">
     <span class='ocr_line' id='line_1_38' title="bbox 2009 2826 3585 2896; baseline -0.003 -13"><span class='ocrx_word' id='word_1_410' title='bbox 2009 2841 2134 2883; x_wconf 82' lang='lat' dir='ltr'><strong>csse</strong></span> <span class='ocrx_word' id='word_1_411' title='bbox 2185 2827 2586 2883; x_wconf 84' lang='lat' dir='ltr'><strong>conformatum</strong></span> <span class='ocrx_word' id='word_1_412' title='bbox 2614 2865 2630 2890; x_wconf 95' lang='lat'><strong>,</strong></span> <span class='ocrx_word' id='word_1_413' title='bbox 2667 2840 2947 2896; x_wconf 86' lang='lat' dir='ltr'><strong>genusque</strong></span> <span class='ocrx_word' id='word_1_414' title='bbox 3002 2838 3160 2880; x_wconf 89' lang='lat' dir='ltr'><strong>suum</strong></span> <span class='ocrx_word' id='word_1_415' title='bbox 3204 2826 3347 2880; x_wconf 89' lang='lat' dir='ltr'><strong>unde</strong></span> <span class='ocrx_word' id='word_1_416' title='bbox 3404 2835 3585 2890; x_wconf 88' lang='lat' dir='ltr'><strong>esset,</strong></span> 
     </span>
    </p>
   </div>
   <div class='ocr_carea' id='block_1_39' title="bbox 330 2902 1949 2992">
    <p class='ocr_par' dir='ltr' id='par_1_39' title="bbox 330 2902 1906 2972">
     <span class='ocr_line' id='line_1_39' title="bbox 330 2902 1906 2972; baseline -0.001 -16"><span class='ocrx_word' id='word_1_417' title='bbox 330 2903 548 2969; x_wconf 73' lang='lat' dir='ltr'><strong>rderes;</strong></span> <span class='ocrx_word' id='word_1_418' title='bbox 580 2904 864 2957; x_wconf 79' lang='lat' dir='ltr'><strong>maledicta</strong></span> <span class='ocrx_word' id='word_1_419' title='bbox 885 2914 1026 2957; x_wconf 85' lang='lat' dir='ltr'><strong>terra</strong></span> <span class='ocrx_word' id='word_1_420' title='bbox 1047 2912 1341 2972; x_wconf 82' lang='lat' dir='ltr'><strong>propterte.</strong></span> <span class='ocrx_word' id='word_1_421' title='bbox 1380 2902 1642 2956; x_wconf 89' lang='lat' dir='ltr'><strong>Dominus</strong></span> <span class='ocrx_word' id='word_1_422' title='bbox 1671 2902 1906 2971; x_wconf 80' lang='lat' dir='ltr'><strong>Ephrem</strong></span> 
     </span>
    </p>
   </div>
   <div class='ocr_carea' id='block_1_40' title="bbox 1965 2902 3584 2992">
    <p class='ocr_par' dir='ltr' id='par_1_40' title="bbox 2012 2919 3584 2992">
     <span class='ocr_line' id='line_1_40' title="bbox 2012 2919 3584 2992; baseline -0.002 -16"><span class='ocrx_word' id='word_1_423' title='bbox 2012 2922 2310 2992; x_wconf 78' lang='lat' dir='ltr'><strong>ignorasse.</strong></span> <span class='ocrx_word' id='word_1_424' title='bbox 2371 2920 2537 2991; x_wconf 86' lang='lat' dir='ltr'><strong>Igitur</strong></span> <span class='ocrx_word' id='word_1_425' title='bbox 2569 2920 2720 2975; x_wconf 90' lang='lat' dir='ltr'><strong>hisce</strong></span> <span class='ocrx_word' id='word_1_426' title='bbox 2792 2919 2972 2975; x_wconf 82' lang='lat' dir='ltr'><strong>verbis</strong></span> <span class='ocrx_word' id='word_1_427' title='bbox 3035 2921 3334 2974; x_wconf 88' lang='lat' dir='ltr'><strong>multarum</strong></span> <span class='ocrx_word' id='word_1_428' title='bbox 3402 2936 3584 2974; x_wconf 89' lang='lat' dir='ltr'><strong>rerum</strong></span> 
     </span>
    </p>
   </div>
   <div class='ocr_carea' id='block_1_41' title="bbox 332 2995 1951 3069">
    <p class='ocr_par' dir='ltr' id='par_1_41' title="bbox 332 2995 1908 3065">
     <span class='ocr_line' id='line_1_41' title="bbox 332 2995 1908 3065; baseline 0.002 -18"><span class='ocrx_word' id='word_1_429' title='bbox 332 3009 456 3047; x_wconf 89' lang='lat' dir='ltr'><strong>cum</strong></span> <span class='ocrx_word' id='word_1_430' title='bbox 514 2996 629 3049; x_wconf 59' lang='lat' dir='ltr'><strong>suis</strong></span> <span class='ocrx_word' id='word_1_431' title='bbox 666 2996 780 3049; x_wconf 89' lang='lat' dir='ltr'><strong>vult</strong></span> <span class='ocrx_word' id='word_1_432' title='bbox 833 2996 1034 3050; x_wconf 91' lang='lat' dir='ltr'><strong>idcirco</strong></span> <span class='ocrx_word' id='word_1_433' title='bbox 1081 2996 1252 3065; x_wconf 81' lang='lat' dir='ltr'><strong>legem</strong></span> <span class='ocrx_word' id='word_1_434' title='bbox 1302 2996 1512 3050; x_wconf 86' lang='lat' dir='ltr'><strong>Adamo</strong></span> <span class='ocrx_word' id='word_1_435' title='bbox 1543 2996 1783 3049; x_wconf 87' lang='lat' dir='ltr'><strong>revocari</strong></span> <span class='ocrx_word' id='word_1_436' title='bbox 1819 2995 1908 3050; x_wconf 89' lang='lat' dir='ltr'><strong>hic</strong></span> 
     </span>
    </p>
   </div>
   <div class='ocr_carea' id='block_1_42' title="bbox 1971 2995 3590 3069">
    <p class='ocr_par' dir='ltr' id='par_1_42' title="bbox 2010 3010 3590 3069">
     <span class='ocr_line' id='line_1_42' title="bbox 2010 3010 3590 3069; baseline -0.001 0"><span class='ocrx_word' id='word_1_437' title='bbox 2010 3012 2431 3069; x_wconf 86' lang='lat' dir='ltr'><strong>commonefacit</strong></span> <span class='ocrx_word' id='word_1_438' title='bbox 2466 3013 2733 3068; x_wconf 82' lang='lat' dir='ltr'><strong>Adamum</strong></span> <span class='ocrx_word' id='word_1_439' title='bbox 2780 3011 2941 3066; x_wconf 90' lang='lat' dir='ltr'><strong>Deus.</strong></span> <span class='ocrx_word' id='word_1_440' title='bbox 3002 3010 3189 3066; x_wconf 86' lang='lat' dir='ltr'><strong>Primo</strong></span> <span class='ocrx_word' id='word_1_441' title='bbox 3221 3013 3364 3067; x_wconf 87' lang='lat' dir='ltr'><strong>enim</strong></span> <span class='ocrx_word' id='word_1_442' title='bbox 3435 3015 3590 3067; x_wconf 79' lang='lat' dir='ltr'><strong>docet</strong></span> 
     </span>
    </p>
   </div>
   <div class='ocr_carea' id='block_1_43' title="bbox 334 3084 1953 3196">
    <p class='ocr_par' dir='ltr' id='par_1_43' title="bbox 334 3084 1953 3194">
     <span class='ocr_line' id='line_1_43' title="bbox 334 3084 1953 3194; baseline 0.001 -55"><span class='ocrx_word' id='word_1_443' title='bbox 334 3087 387 3139; x_wconf 94' lang='lat' dir='ltr'><strong>in</strong></span> <span class='ocrx_word' id='word_1_444' title='bbox 425 3088 767 3153; x_wconf 76' lang='lat' dir='ltr'><strong>Illi&#39;llmlialll,</strong></span> <span class='ocrx_word' id='word_1_445' title='bbox 801 3090 928 3158; x_wconf 86' lang='lat' dir='ltr'><strong>quia</strong></span> <span class='ocrx_word' id='word_1_446' title='bbox 952 3088 1000 3143; x_wconf 90' lang='lat' dir='ltr'><strong>ei</strong></span> <span class='ocrx_word' id='word_1_447' title='bbox 1037 3090 1130 3143; x_wconf 90' lang='lat' dir='ltr'><strong>uni</strong></span> <span class='ocrx_word' id='word_1_448' title='bbox 1155 3105 1185 3143; x_wconf 93' lang='lat' dir='ltr'><strong>a</strong></span> <span class='ocrx_word' id='word_1_449' title='bbox 1218 3088 1327 3143; x_wconf 90' lang='lat' dir='ltr'><strong>Deo</strong></span> <span class='ocrx_word' id='word_1_450' title='bbox 1360 3084 1904 3158; x_wconf 55' lang='lat' dir='ltr'><strong>fuerat&#39;prtescripta;</strong></span> <span class='ocrx_word' id='word_1_451' title='bbox 1934 3134 1953 3194; x_wconf 58' lang='grc'><strong>⁴</strong></span> 
     </span>
    </p>
   </div>
   <div class='ocr_carea' id='block_1_44' title="bbox 1972 3084 3591 3196">
    <p class='ocr_par' dir='ltr' id='par_1_44' title="bbox 1972 3101 3591 3196">
     <span class='ocr_line' id='line_1_44' title="bbox 1972 3101 3591 3196; baseline -0.001 -41"><span class='ocrx_word' id='word_1_452' title='bbox 1972 3134 1981 3196; x_wconf 52' lang='grc' dir='ltr'><strong>ι</strong></span> <span class='ocrx_word' id='word_1_453' title='bbox 2015 3104 2182 3173; x_wconf 89' lang='lat' dir='ltr'><strong>ipsius</strong></span> <span class='ocrx_word' id='word_1_454' title='bbox 2216 3118 2414 3172; x_wconf 89' lang='lat' dir='ltr'><strong>corpus</strong></span> <span class='ocrx_word' id='word_1_455' title='bbox 2440 3117 2507 3156; x_wconf 74' lang='lat' dir='ltr'><strong>ex</strong></span> <span class='ocrx_word' id='word_1_456' title='bbox 2535 3102 2755 3171; x_wconf 84' lang='lat' dir='ltr'><strong>pulvere</strong></span> <span class='ocrx_word' id='word_1_457' title='bbox 2787 3101 2970 3155; x_wconf 87' lang='lat' dir='ltr'><strong>fictum</strong></span> <span class='ocrx_word' id='word_1_458' title='bbox 3016 3116 3174 3167; x_wconf 90' lang='lat' dir='ltr'><strong>esse;</strong></span> <span class='ocrx_word' id='word_1_459' title='bbox 3216 3111 3267 3153; x_wconf 91' lang='lat' dir='ltr'><strong>et</strong></span> <span class='ocrx_word' id='word_1_460' title='bbox 3302 3102 3463 3154; x_wconf 88' lang='lat' dir='ltr'><strong>simul</strong></span> <span class='ocrx_word' id='word_1_461' title='bbox 3506 3117 3591 3153; x_wconf 85' lang='lat' dir='ltr'><strong>re-</strong></span> 
     </span>
    </p>
   </div>
   <div class='ocr_carea' id='block_1_45' title="bbox 332 3177 3592 3264">
    <p class='ocr_par' dir='ltr' id='par_1_45' title="bbox 332 3177 3592 3264">
     <span class='ocr_line' id='line_1_45' title="bbox 332 3177 3592 3264; baseline -0.001 -16"><span class='ocrx_word' id='word_1_462' title='bbox 332 3179 400 3233; x_wconf 69' lang='grc'><strong>³1)</strong></span> <span class='ocrx_word' id='word_1_463' title='bbox 426 3180 542 3248; x_wconf 69' lang='grc'><strong>⁵1³⁵0</strong></span> <span class='ocrx_word' id='word_1_464' title='bbox 567 3195 695 3233; x_wconf 61' lang='lat' dir='ltr'><strong>Vero</strong></span> <span class='ocrx_word' id='word_1_465' title='bbox 722 3179 938 3246; x_wconf 56' lang='lat' dir='ltr'><strong>deinde,</strong></span> <span class='ocrx_word' id='word_1_466' title='bbox 963 3180 1119 3234; x_wconf 68' lang='grc' dir='ltr'><strong>ιικονί</strong></span> <span class='ocrx_word' id='word_1_467' title='bbox 1153 3181 1423 3248; x_wconf 60' lang='lat' dir='ltr'><strong>exPUSM-</strong></span> <span class='ocrx_word' id='word_1_468' title='bbox 1462 3177 1692 3244; x_wconf 65' lang='lat' dir='ltr'><strong>verum:</strong></span> <span class='ocrx_word' id='word_1_469' title='bbox 1720 3179 1905 3249; x_wconf 63' lang='lat' dir='ltr'><strong>&quot;liam</strong></span> <span class='ocrx_word' id='word_1_470' title='bbox 1936 3177 1981 3196; x_wconf 61' lang='grc'><strong>’⁸</strong></span> <span class='ocrx_word' id='word_1_471' title='bbox 2013 3194 2231 3264; x_wconf 80' lang='lat' dir='ltr'><strong>darguit</strong></span> <span class='ocrx_word' id='word_1_472' title='bbox 2265 3194 2428 3249; x_wconf 88' lang='lat' dir='ltr'><strong>etiam</strong></span> <span class='ocrx_word' id='word_1_473' title='bbox 2477 3193 2633 3263; x_wconf 89' lang='lat' dir='ltr'><strong>quasi</strong></span> <span class='ocrx_word' id='word_1_474' title='bbox 2668 3192 2811 3246; x_wconf 87' lang='lat' dir='ltr'><strong>dicat</strong></span> <span class='ocrx_word' id='word_1_475' title='bbox 2848 3208 2862 3245; x_wconf 87' lang='lat'><strong>:</strong></span> <span class='ocrx_word' id='word_1_476' title='bbox 2892 3191 3001 3257; x_wconf 88' lang='lat' dir='ltr'><strong>Qui</strong></span> <span class='ocrx_word' id='word_1_477' title='bbox 3060 3192 3281 3261; x_wconf 88' lang='lat' dir='ltr'><strong>potuisti</strong></span> <span class='ocrx_word' id='word_1_478' title='bbox 3338 3193 3592 3246; x_wconf 73' lang='lat' dir='ltr'><strong>affectare</strong></span> 
     </span>
    </p>
   </div>
   <div class='ocr_carea' id='block_1_46' title="bbox 333 3269 3591 3354">
    <p class='ocr_par' dir='ltr' id='par_1_46' title="bbox 333 3269 3591 3354">
     <span class='ocr_line' id='line_1_46' title="bbox 333 3269 3591 3354; baseline 0 -31"><span class='ocrx_word' id='word_1_479' title='bbox 333 3270 623 3340; x_wconf 85' lang='lat' dir='ltr'><strong>aliquoties</strong></span> <span class='ocrx_word' id='word_1_480' title='bbox 681 3272 1124 3336; x_wconf 84' lang='lat' dir='ltr'><strong>memoravimus,</strong></span> <span class='ocrx_word' id='word_1_481' title='bbox 1188 3271 1278 3323; x_wconf 88' lang='lat' dir='ltr'><strong>alii</strong></span> <span class='ocrx_word' id='word_1_482' title='bbox 1328 3269 1641 3323; x_wconf 78' lang='lat' dir='ltr'><strong>existimare</strong></span> <span class='ocrx_word' id='word_1_483' title='bbox 1702 3270 1910 3324; x_wconf 79' lang='lat' dir='ltr'><strong>malunt</strong></span> <span class='ocrx_word' id='word_1_484' title='bbox 2010 3286 2372 3350; x_wconf 57' lang='lat' dir='ltr'><strong>divinilalcm,</strong></span> <span class='ocrx_word' id='word_1_485' title='bbox 2414 3284 2737 3354; x_wconf 55' lang='grc' dir='ltr'><strong>ωριυοι-ρε,</strong></span> <span class='ocrx_word' id='word_1_486' title='bbox 2772 3293 2829 3337; x_wconf 79' lang='grc' dir='ltr'><strong>ιιι</strong></span> <span class='ocrx_word' id='word_1_487' title='bbox 2886 3283 3062 3337; x_wconf 63' lang='lat' dir='ltr'><strong>fontes</strong></span> <span class='ocrx_word' id='word_1_488' title='bbox 3103 3284 3473 3351; x_wconf 55' lang='lat' dir='ltr'><strong>dispensans,</strong></span> <span class='ocrx_word' id='word_1_489' title='bbox 3534 3291 3591 3335; x_wconf 63' lang='lat' dir='ltr'><strong>ur</strong></span> 
     </span>
    </p>
   </div>
   <div class='ocr_carea' id='block_1_47' title="bbox 330 3360 1949 3446">
    <p class='ocr_par' dir='ltr' id='par_1_47' title="bbox 330 3360 1906 3433">
     <span class='ocr_line' id='line_1_47' title="bbox 330 3360 1906 3433; baseline -0.001 -14"><span class='ocrx_word' id='word_1_490' title='bbox 330 3365 434 3419; x_wconf 86' lang='lat' dir='ltr'><strong>sub</strong></span> <span class='ocrx_word' id='word_1_491' title='bbox 471 3363 600 3418; x_wconf 58' lang='lat' dir='ltr'><strong>Adae</strong></span> <span class='ocrx_word' id='word_1_492' title='bbox 624 3379 852 3431; x_wconf 84' lang='lat' dir='ltr'><strong>persona</strong></span> <span class='ocrx_word' id='word_1_493' title='bbox 882 3364 948 3419; x_wconf 90' lang='lat' dir='ltr'><strong>ad</strong></span> <span class='ocrx_word' id='word_1_494' title='bbox 984 3362 1147 3418; x_wconf 87' lang='lat' dir='ltr'><strong>Evam</strong></span> <span class='ocrx_word' id='word_1_495' title='bbox 1173 3377 1390 3433; x_wconf 87' lang='lat' dir='ltr'><strong>quoque</strong></span> <span class='ocrx_word' id='word_1_496' title='bbox 1414 3360 1550 3431; x_wconf 90' lang='lat' dir='ltr'><strong>legis</strong></span> <span class='ocrx_word' id='word_1_497' title='bbox 1577 3362 1739 3417; x_wconf 83' lang='lat' dir='ltr'><strong>verba</strong></span> <span class='ocrx_word' id='word_1_498' title='bbox 1768 3362 1906 3417; x_wconf 79' lang='lat' dir='ltr'><strong>fieri.</strong></span> 
     </span>
    </p>
   </div>
   <div class='ocr_carea' id='block_1_48' title="bbox 1967 3360 3586 3446">
    <p class='ocr_par' dir='ltr' id='par_1_48' title="bbox 2011 3374 3586 3446">
     <span class='ocr_line' id='line_1_48' title="bbox 2011 3374 3586 3446; baseline -0.006 -14"><span class='ocrx_word' id='word_1_499' title='bbox 2011 3375 2215 3446; x_wconf 83' lang='lat' dir='ltr'><strong>pelagis</strong></span> <span class='ocrx_word' id='word_1_500' title='bbox 2238 3376 2552 3445; x_wconf 83' lang='lat' dir='ltr'><strong>imperares.</strong></span> <span class='ocrx_word' id='word_1_501' title='bbox 2577 3374 2744 3429; x_wconf 88' lang='lat' dir='ltr'><strong>totius</strong></span> <span class='ocrx_word' id='word_1_502' title='bbox 2771 3390 2835 3428; x_wconf 84' lang='lat' dir='ltr'><strong>ex</strong></span> <span class='ocrx_word' id='word_1_503' title='bbox 2862 3374 3081 3443; x_wconf 84' lang='lat' dir='ltr'><strong>pulvere</strong></span> <span class='ocrx_word' id='word_1_504' title='bbox 3106 3374 3440 3442; x_wconf 72' lang='lat' dir='ltr'><strong>compositus</strong></span> <span class='ocrx_word' id='word_1_505' title='bbox 3463 3387 3586 3425; x_wconf 87' lang='lat' dir='ltr'><strong>cmn</strong></span> 
     </span>
    </p>
   </div>
   <div class='ocr_carea' id='block_1_49' title="bbox 332 3453 1951 3527">
    <p class='ocr_par' dir='ltr' id='par_1_49' title="bbox 332 3453 1908 3527">
     <span class='ocr_line' id='line_1_49' title="bbox 332 3453 1908 3527; baseline 0.001 -18"><span class='ocrx_word' id='word_1_506' title='bbox 332 3456 500 3527; x_wconf 87' lang='lat' dir='ltr'><strong>igitur</strong></span> <span class='ocrx_word' id='word_1_507' title='bbox 538 3457 697 3526; x_wconf 88' lang='lat' dir='ltr'><strong>quia,</strong></span> <span class='ocrx_word' id='word_1_508' title='bbox 765 3458 966 3527; x_wconf 78' lang='lat' dir='ltr'><strong>inquit,</strong></span> <span class='ocrx_word' id='word_1_509' title='bbox 1004 3472 1111 3511; x_wconf 85' lang='lat' dir='ltr'><strong>non</strong></span> <span class='ocrx_word' id='word_1_510' title='bbox 1170 3471 1304 3511; x_wconf 58' lang='lat' dir='ltr'><strong>mea;</strong></span> <span class='ocrx_word' id='word_1_511' title='bbox 1354 3454 1473 3511; x_wconf 84' lang='lat' dir='ltr'><strong>voci</strong></span> <span class='ocrx_word' id='word_1_512' title='bbox 1535 3454 1629 3510; x_wconf 85' lang='lat' dir='ltr'><strong>sed</strong></span> <span class='ocrx_word' id='word_1_513' title='bbox 1692 3453 1908 3511; x_wconf 63' lang='lat' dir='ltr'><strong>femina</strong></span> 
     </span>
    </p>
   </div>
   <div class='ocr_carea' id='block_1_50' title="bbox 1970 3453 3589 3527">
    <p class='ocr_par' dir='ltr' id='par_1_50' title="bbox 2012 3458 3589 3523">
     <span class='ocr_line' id='line_1_50' title="bbox 2012 3458 3589 3523; baseline -0.006 0"><span class='ocrx_word' id='word_1_514' title='bbox 2012 3466 2131 3523; x_wconf 80' lang='lat' dir='ltr'><strong>sis?</strong></span> <span class='ocrx_word' id='word_1_515' title='bbox 2162 3458 2379 3521; x_wconf 78' lang='lat' dir='ltr'><strong>Rursus&#39;</strong></span> <span class='ocrx_word' id='word_1_516' title='bbox 2408 3465 2551 3521; x_wconf 89' lang='lat' dir='ltr'><strong>sicut</strong></span> <span class='ocrx_word' id='word_1_517' title='bbox 2584 3465 2950 3519; x_wconf 87' lang='lat' dir='ltr'><strong>conditionem</strong></span> <span class='ocrx_word' id='word_1_518' title='bbox 2984 3464 3175 3518; x_wconf 83' lang='lat' dir='ltr'><strong>Adami</strong></span> <span class='ocrx_word' id='word_1_519' title='bbox 3224 3481 3252 3516; x_wconf 88' lang='grc' dir='ltr'><strong>ιι</strong></span> <span class='ocrx_word' id='word_1_520' title='bbox 3278 3464 3447 3518; x_wconf 85' lang='lat' dir='ltr'><strong>irilice</strong></span> <span class='ocrx_word' id='word_1_521' title='bbox 3492 3478 3589 3514; x_wconf 75' lang='lat' dir='ltr'><strong>ex—</strong></span> 
     </span>
    </p>
   </div>
   <div class='ocr_carea' id='block_1_51' title="bbox 332 3550 1951 3627">
    <p class='ocr_par' dir='ltr' id='par_1_51' title="bbox 332 3550 1538 3619">
     <span class='ocr_line' id='line_1_51' title="bbox 332 3550 1538 3619; baseline -0.002 -15"><span class='ocrx_word' id='word_1_522' title='bbox 332 3550 693 3617; x_wconf 86' lang='lat' dir='ltr'><strong>auscultasti;</strong></span> <span class='ocrx_word' id='word_1_523' title='bbox 727 3550 1013 3603; x_wconf 87' lang='lat' dir='ltr'><strong>maledicta</strong></span> <span class='ocrx_word' id='word_1_524' title='bbox 1044 3558 1186 3604; x_wconf 90' lang='lat' dir='ltr'><strong>terra</strong></span> <span class='ocrx_word' id='word_1_525' title='bbox 1224 3558 1445 3619; x_wconf 85' lang='lat' dir='ltr'><strong>propter</strong></span> <span class='ocrx_word' id='word_1_526' title='bbox 1469 3559 1538 3603; x_wconf 91' lang='lat' dir='ltr'><strong>te.</strong></span> 
     </span>
    </p>
   </div>
   <div class='ocr_carea' id='block_1_52' title="bbox 1967 3550 3586 3627">
    <p class='ocr_par' dir='ltr' id='par_1_52' title="bbox 2014 3556 3586 3627">
     <span class='ocr_line' id='line_1_52' title="bbox 2014 3556 3586 3627; baseline -0.005 -14"><span class='ocrx_word' id='word_1_527' title='bbox 2014 3559 2214 3613; x_wconf 84' lang='lat' dir='ltr'><strong>tulerat</strong></span> <span class='ocrx_word' id='word_1_528' title='bbox 2245 3559 2371 3613; x_wconf 92' lang='lat' dir='ltr'><strong>dum</strong></span> <span class='ocrx_word' id='word_1_529' title='bbox 2416 3558 2597 3627; x_wconf 86' lang='lat' dir='ltr'><strong>ipsum</strong></span> <span class='ocrx_word' id='word_1_530' title='bbox 2633 3565 2862 3618; x_wconf 85' lang='lat' dir='ltr'><strong>crearet,</strong></span> <span class='ocrx_word' id='word_1_531' title='bbox 2905 3566 2963 3611; x_wconf 91' lang='lat' dir='ltr'><strong>ut</strong></span> <span class='ocrx_word' id='word_1_532' title='bbox 3004 3572 3163 3627; x_wconf 88' lang='lat' dir='ltr'><strong>quem</strong></span> <span class='ocrx_word' id='word_1_533' title='bbox 3216 3571 3273 3610; x_wconf 82' lang='lat' dir='ltr'><strong>sc</strong></span> <span class='ocrx_word' id='word_1_534' title='bbox 3327 3556 3390 3608; x_wconf 89' lang='lat' dir='ltr'><strong>ad</strong></span> <span class='ocrx_word' id='word_1_535' title='bbox 3433 3569 3586 3608; x_wconf 89' lang='lat' dir='ltr'><strong>suam</strong></span> 
     </span>
    </p>
   </div>
   <div class='ocr_carea' id='block_1_53' title="bbox 402 3640 3587 3719">
    <p class='ocr_par' dir='ltr' id='par_1_53' title="bbox 402 3640 3587 3719">
     <span class='ocr_line' id='line_1_53' title="bbox 402 3640 3587 3719; baseline 0.001 -24"><span class='ocrx_word' id='word_1_536' title='bbox 402 3641 512 3695; x_wconf 81' lang='lat' dir='ltr'><strong>Cur</strong></span> <span class='ocrx_word' id='word_1_537' title='bbox 542 3640 678 3696; x_wconf 81' lang='lat' dir='ltr'><strong>Deus</strong></span> <span class='ocrx_word' id='word_1_538' title='bbox 709 3651 929 3709; x_wconf 86' lang='lat' dir='ltr'><strong>terram,</strong></span> <span class='ocrx_word' id='word_1_539' title='bbox 956 3658 1057 3695; x_wconf 84' lang='lat' dir='ltr'><strong>non</strong></span> <span class='ocrx_word' id='word_1_540' title='bbox 1077 3651 1252 3695; x_wconf 87' lang='lat' dir='ltr'><strong>autem</strong></span> <span class='ocrx_word' id='word_1_541' title='bbox 1280 3642 1540 3695; x_wconf 84' lang='lat' dir='ltr'><strong>Adamum</strong></span> <span class='ocrx_word' id='word_1_542' title='bbox 1568 3642 1639 3695; x_wconf 85' lang='lat' dir='ltr'><strong>sit</strong></span> <span class='ocrx_word' id='word_1_543' title='bbox 1663 3657 1910 3697; x_wconf 74' lang='lat' dir='ltr'><strong>exsecra-</strong></span> <span class='ocrx_word' id='word_1_544' title='bbox 2016 3648 2191 3719; x_wconf 88' lang='lat' dir='ltr'><strong>ipsius</strong></span> <span class='ocrx_word' id='word_1_545' title='bbox 2221 3648 2514 3717; x_wconf 80' lang='lat' dir='ltr'><strong>imaginem</strong></span> <span class='ocrx_word' id='word_1_546' title='bbox 2550 3647 3074 3717; x_wconf 89' lang='lat' dir='ltr'><strong>similitudinemque</strong></span> <span class='ocrx_word' id='word_1_547' title='bbox 3099 3647 3302 3714; x_wconf 83' lang='lat' dir='ltr'><strong>fingere</strong></span> <span class='ocrx_word' id='word_1_548' title='bbox 3331 3646 3537 3699; x_wconf 79' lang='lat' dir='ltr'><strong>(liceret</strong></span> <span class='ocrx_word' id='word_1_549' title='bbox 3573 3662 3587 3698; x_wconf 88' lang='lat'><strong>:</strong></span> 
     </span>
    </p>
   </div>
   <div class='ocr_carea' id='block_1_54' title="bbox 336 3732 3593 3808">
    <p class='ocr_par' dir='ltr' id='par_1_54' title="bbox 336 3732 3593 3808">
     <span class='ocr_line' id='line_1_54' title="bbox 336 3732 3593 3808; baseline -0.001 -15"><span class='ocrx_word' id='word_1_550' title='bbox 336 3746 443 3790; x_wconf 80' lang='lat' dir='ltr'><strong>tus.</strong></span> <span class='ocrx_word' id='word_1_551' title='bbox 466 3765 537 3775; x_wconf 91' lang='lat'><strong>—</strong></span> <span class='ocrx_word' id='word_1_552' title='bbox 562 3732 833 3789; x_wconf 85' lang='lat' dir='ltr'><strong>Nimirum</strong></span> <span class='ocrx_word' id='word_1_553' title='bbox 866 3750 971 3789; x_wconf 83' lang='lat' dir='ltr'><strong>non</strong></span> <span class='ocrx_word' id='word_1_554' title='bbox 1002 3744 1085 3788; x_wconf 71' lang='lat' dir='ltr'><strong>est</strong></span> <span class='ocrx_word' id='word_1_555' title='bbox 1115 3742 1433 3788; x_wconf 70' lang='lat' dir='ltr'><strong>exsecratus</strong></span> <span class='ocrx_word' id='word_1_556' title='bbox 1463 3733 1606 3788; x_wconf 77' lang='lat' dir='ltr'><strong>Deus</strong></span> <span class='ocrx_word' id='word_1_557' title='bbox 1637 3732 1906 3787; x_wconf 75' lang='lat' dir='ltr'><strong>Adamllm</strong></span> <span class='ocrx_word' id='word_1_558' title='bbox 2011 3740 2110 3808; x_wconf 87' lang='lat' dir='ltr'><strong>ita,</strong></span> <span class='ocrx_word' id='word_1_559' title='bbox 2159 3750 2216 3794; x_wconf 93' lang='lat' dir='ltr'><strong>ut</strong></span> <span class='ocrx_word' id='word_1_560' title='bbox 2245 3738 2520 3794; x_wconf 78' lang='lat' dir='ltr'><strong>affectavit</strong></span> <span class='ocrx_word' id='word_1_561' title='bbox 2555 3738 2892 3793; x_wconf 87' lang='lat' dir='ltr'><strong>divinitatem</strong></span> <span class='ocrx_word' id='word_1_562' title='bbox 2940 3750 3039 3808; x_wconf 91' lang='lat' dir='ltr'><strong>pro</strong></span> <span class='ocrx_word' id='word_1_563' title='bbox 3080 3738 3290 3793; x_wconf 87' lang='lat' dir='ltr'><strong>fallacis</strong></span> <span class='ocrx_word' id='word_1_564' title='bbox 3322 3738 3593 3806; x_wconf 87' lang='lat' dir='ltr'><strong>serpentis</strong></span> 
     </span>
    </p>
   </div>
   <div class='ocr_carea' id='block_1_55' title="bbox 334 3825 3590 3899">
    <p class='ocr_par' dir='ltr' id='par_1_55' title="bbox 334 3825 3590 3899">
     <span class='ocr_line' id='line_1_55' title="bbox 334 3825 3590 3899; baseline 0 -20"><span class='ocrx_word' id='word_1_565' title='bbox 334 3828 541 3897; x_wconf 87' lang='lat' dir='ltr'><strong>ipsum,</strong></span> <span class='ocrx_word' id='word_1_566' title='bbox 580 3842 691 3896; x_wconf 91' lang='lat' dir='ltr'><strong>quo</strong></span> <span class='ocrx_word' id='word_1_567' title='bbox 740 3842 853 3881; x_wconf 65' lang='lat' dir='ltr'><strong>sua:</strong></span> <span class='ocrx_word' id='word_1_568' title='bbox 899 3826 1013 3896; x_wconf 88' lang='lat' dir='ltr'><strong>ipse</strong></span> <span class='ocrx_word' id='word_1_569' title='bbox 1047 3825 1272 3893; x_wconf 79' lang='lat' dir='ltr'><strong>imagini</strong></span> <span class='ocrx_word' id='word_1_570' title='bbox 1325 3828 1587 3881; x_wconf 87' lang='lat' dir='ltr'><strong>honorem</strong></span> <span class='ocrx_word' id='word_1_571' title='bbox 1618 3842 1912 3882; x_wconf 83' lang='lat' dir='ltr'><strong>conserva—</strong></span> <span class='ocrx_word' id='word_1_572' title='bbox 2014 3832 2268 3895; x_wconf 88' lang='lat' dir='ltr'><strong>consilio,</strong></span> <span class='ocrx_word' id='word_1_573' title='bbox 2302 3831 2447 3885; x_wconf 88' lang='lat' dir='ltr'><strong>illam</strong></span> <span class='ocrx_word' id='word_1_574' title='bbox 2501 3832 2746 3886; x_wconf 88' lang='lat' dir='ltr'><strong>eamdem</strong></span> <span class='ocrx_word' id='word_1_575' title='bbox 2782 3832 2847 3886; x_wconf 87' lang='lat' dir='ltr'><strong>ad</strong></span> <span class='ocrx_word' id='word_1_576' title='bbox 2875 3840 3072 3885; x_wconf 84' lang='lat' dir='ltr'><strong>terram</strong></span> <span class='ocrx_word' id='word_1_577' title='bbox 3111 3846 3283 3899; x_wconf 88' lang='lat' dir='ltr'><strong>usqtte</strong></span> <span class='ocrx_word' id='word_1_578' title='bbox 3311 3828 3590 3898; x_wconf 86' lang='lat' dir='ltr'><strong>deprimit,</strong></span> 
     </span>
    </p>
   </div>
   <div class='ocr_carea' id='block_1_56' title="bbox 341 3919 3589 3999">
    <p class='ocr_par' dir='ltr' id='par_1_56' title="bbox 341 3919 3589 3999">
     <span class='ocr_line' id='line_1_56' title="bbox 341 3919 3589 3999; baseline -0 -24"><span class='ocrx_word' id='word_1_579' title='bbox 341 3932 459 3978; x_wconf 79' lang='lat' dir='ltr'><strong>ret;</strong></span> <span class='ocrx_word' id='word_1_580' title='bbox 495 3931 612 3975; x_wconf 93' lang='lat' dir='ltr'><strong>tum</strong></span> <span class='ocrx_word' id='word_1_581' title='bbox 667 3920 831 3973; x_wconf 89' lang='lat' dir='ltr'><strong>etiam</strong></span> <span class='ocrx_word' id='word_1_582' title='bbox 881 3922 1010 3990; x_wconf 90' lang='lat' dir='ltr'><strong>quia</strong></span> <span class='ocrx_word' id='word_1_583' title='bbox 1068 3934 1135 3972; x_wconf 81' lang='lat' dir='ltr'><strong>ex</strong></span> <span class='ocrx_word' id='word_1_584' title='bbox 1195 3919 1405 3999; x_wconf 74' lang='lat' dir='ltr'><strong>Adamq</strong></span> <span class='ocrx_word' id='word_1_585' title='bbox 1447 3920 1707 3975; x_wconf 90' lang='lat' dir='ltr'><strong>nascituri</strong></span> <span class='ocrx_word' id='word_1_586' title='bbox 1759 3930 1915 3976; x_wconf 86' lang='lat' dir='ltr'><strong>erant</strong></span> <span class='ocrx_word' id='word_1_587' title='bbox 2016 3926 2399 3980; x_wconf 86' lang='lat' dir='ltr'><strong>demonstrans</strong></span> <span class='ocrx_word' id='word_1_588' title='bbox 2430 3940 2494 3980; x_wconf 80' lang='lat' dir='ltr'><strong>ex</strong></span> <span class='ocrx_word' id='word_1_589' title='bbox 2535 3925 2755 3993; x_wconf 88' lang='lat' dir='ltr'><strong>pulvere</strong></span> <span class='ocrx_word' id='word_1_590' title='bbox 2785 3932 3062 3977; x_wconf 87' lang='lat' dir='ltr'><strong>constare.</strong></span> <span class='ocrx_word' id='word_1_591' title='bbox 3105 3923 3373 3977; x_wconf 69' lang='lat' dir='ltr'><strong>Praeterea</strong></span> <span class='ocrx_word' id='word_1_592' title='bbox 3401 3932 3589 3976; x_wconf 83' lang='lat' dir='ltr'><strong>osten-</strong></span> 
     </span>
    </p>
   </div>
   <div class='ocr_carea' id='block_1_57' title="bbox 346 4009 3595 4083">
    <p class='ocr_par' dir='ltr' id='par_1_57' title="bbox 346 4009 3595 4083">
     <span class='ocr_line' id='line_1_57' title="bbox 346 4009 3595 4083; baseline 0 -19"><span class='ocrx_word' id='word_1_593' title='bbox 346 4013 499 4065; x_wconf 80' lang='lat' dir='ltr'><strong>tnnlti</strong></span> <span class='ocrx_word' id='word_1_594' title='bbox 534 4012 793 4065; x_wconf 87' lang='lat' dir='ltr'><strong>mortales</strong></span> <span class='ocrx_word' id='word_1_595' title='bbox 832 4010 987 4080; x_wconf 89' lang='lat' dir='ltr'><strong>probi</strong></span> <span class='ocrx_word' id='word_1_596' title='bbox 1015 4009 1292 4079; x_wconf 85' lang='lat' dir='ltr'><strong>jnstique,</strong></span> <span class='ocrx_word' id='word_1_597' title='bbox 1342 4020 1403 4064; x_wconf 90' lang='lat' dir='ltr'><strong>ut</strong></span> <span class='ocrx_word' id='word_1_598' title='bbox 1436 4010 1710 4079; x_wconf 69' lang='lat' dir='ltr'><strong>propheta:</strong></span> <span class='ocrx_word' id='word_1_599' title='bbox 1751 4021 1915 4080; x_wconf 88' lang='lat' dir='ltr'><strong>atque</strong></span> <span class='ocrx_word' id='word_1_600' title='bbox 2015 4015 2114 4079; x_wconf 89' lang='lat' dir='ltr'><strong>dit,</strong></span> <span class='ocrx_word' id='word_1_601' title='bbox 2186 4028 2308 4083; x_wconf 71' lang='lat' dir='ltr'><strong>quae</strong></span> <span class='ocrx_word' id='word_1_602' title='bbox 2360 4028 2485 4068; x_wconf 89' lang='lat' dir='ltr'><strong>cum</strong></span> <span class='ocrx_word' id='word_1_603' title='bbox 2534 4014 2737 4082; x_wconf 90' lang='lat' dir='ltr'><strong>quibus</strong></span> <span class='ocrx_word' id='word_1_604' title='bbox 2792 4013 2881 4066; x_wconf 89' lang='lat' dir='ltr'><strong>ille</strong></span> <span class='ocrx_word' id='word_1_605' title='bbox 2940 4012 3309 4067; x_wconf 90' lang='lat' dir='ltr'><strong>commutarit.</strong></span> <span class='ocrx_word' id='word_1_606' title='bbox 3365 4012 3595 4082; x_wconf 86' lang='lat' dir='ltr'><strong>insuper</strong></span> 
     </span>
    </p>
   </div>
   <div class='ocr_carea' id='block_1_58' title="bbox 334 4101 3590 4176">
    <p class='ocr_par' dir='ltr' id='par_1_58' title="bbox 334 4101 3590 4176">
     <span class='ocr_line' id='line_1_58' title="bbox 334 4101 3590 4176; baseline -0.001 -19"><span class='ocrx_word' id='word_1_607' title='bbox 334 4103 590 4173; x_wconf 83' lang='lat' dir='ltr'><strong>apostoli,</strong></span> <span class='ocrx_word' id='word_1_608' title='bbox 619 4119 686 4158; x_wconf 89' lang='lat' dir='ltr'><strong>ne</strong></span> <span class='ocrx_word' id='word_1_609' title='bbox 716 4118 811 4174; x_wconf 89' lang='lat' dir='ltr'><strong>per</strong></span> <span class='ocrx_word' id='word_1_610' title='bbox 843 4104 995 4157; x_wconf 88' lang='lat' dir='ltr'><strong>illum</strong></span> <span class='ocrx_word' id='word_1_611' title='bbox 1022 4102 1078 4157; x_wconf 88' lang='lat' dir='ltr'><strong>hi</strong></span> <span class='ocrx_word' id='word_1_612' title='bbox 1109 4117 1326 4172; x_wconf 90' lang='lat' dir='ltr'><strong>quoque</strong></span> <span class='ocrx_word' id='word_1_613' title='bbox 1354 4101 1721 4156; x_wconf 81' lang='lat' dir='ltr'><strong>exsecrabiles</strong></span> <span class='ocrx_word' id='word_1_614' title='bbox 1744 4110 1913 4172; x_wconf 88' lang='lat' dir='ltr'><strong>atque</strong></span> <span class='ocrx_word' id='word_1_615' title='bbox 2019 4105 2198 4169; x_wconf 89' lang='lat' dir='ltr'><strong>docet,</strong></span> <span class='ocrx_word' id='word_1_616' title='bbox 2225 4106 2449 4176; x_wconf 88' lang='lat' dir='ltr'><strong>quantis</strong></span> <span class='ocrx_word' id='word_1_617' title='bbox 2493 4107 2672 4176; x_wconf 92' lang='lat' dir='ltr'><strong>ipsum</strong></span> <span class='ocrx_word' id='word_1_618' title='bbox 2703 4106 2861 4160; x_wconf 87' lang='lat' dir='ltr'><strong>malis</strong></span> <span class='ocrx_word' id='word_1_619' title='bbox 2895 4103 3258 4173; x_wconf 89' lang='lat' dir='ltr'><strong>implicaverit</strong></span> <span class='ocrx_word' id='word_1_620' title='bbox 3284 4115 3590 4172; x_wconf 86' lang='lat' dir='ltr'><strong>peccatum,</strong></span> 
     </span>
    </p>
   </div>
   <div class='ocr_carea' id='block_1_59' title="bbox 336 4190 3596 4268">
    <p class='ocr_par' dir='ltr' id='par_1_59' title="bbox 336 4190 3596 4268">
     <span class='ocr_line' id='line_1_59' title="bbox 336 4190 3596 4268; baseline -0 -22"><span class='ocrx_word' id='word_1_621' title='bbox 336 4195 691 4249; x_wconf 83' lang='lat' dir='ltr'><strong>detestabiles</strong></span> <span class='ocrx_word' id='word_1_622' title='bbox 728 4195 1063 4248; x_wconf 88' lang='lat' dir='ltr'><strong>haberentur</strong></span> <span class='ocrx_word' id='word_1_623' title='bbox 1094 4209 1109 4246; x_wconf 89' lang='lat'><strong>:</strong></span> <span class='ocrx_word' id='word_1_624' title='bbox 1145 4194 1238 4247; x_wconf 88' lang='lat' dir='ltr'><strong>sed</strong></span> <span class='ocrx_word' id='word_1_625' title='bbox 1279 4190 1559 4245; x_wconf 82' lang='lat' dir='ltr'><strong>maledixit</strong></span> <span class='ocrx_word' id='word_1_626' title='bbox 1585 4201 1756 4257; x_wconf 70' lang='lat' dir='ltr'><strong>terra:</strong></span> <span class='ocrx_word' id='word_1_627' title='bbox 1786 4205 1914 4261; x_wconf 83' lang='lat' dir='ltr'><strong>pro-</strong></span> <span class='ocrx_word' id='word_1_628' title='bbox 2018 4208 2182 4267; x_wconf 81' lang='lat' dir='ltr'><strong>atque</strong></span> <span class='ocrx_word' id='word_1_629' title='bbox 2209 4197 2330 4252; x_wconf 73' lang='lat' dir='ltr'><strong>ideo</strong></span> <span class='ocrx_word' id='word_1_630' title='bbox 2358 4199 2459 4253; x_wconf 77' lang='lat' dir='ltr'><strong>hoc</strong></span> <span class='ocrx_word' id='word_1_631' title='bbox 2486 4197 2925 4268; x_wconf 82' lang='lat' dir='ltr'><strong>prosequendum</strong></span> <span class='ocrx_word' id='word_1_632' title='bbox 2951 4195 3079 4250; x_wconf 88' lang='lat' dir='ltr'><strong>odio</strong></span> <span class='ocrx_word' id='word_1_633' title='bbox 3101 4209 3223 4249; x_wconf 86' lang='lat' dir='ltr'><strong>esse</strong></span> <span class='ocrx_word' id='word_1_634' title='bbox 3243 4192 3596 4261; x_wconf 84' lang='lat' dir='ltr'><strong>fugiendum-</strong></span> 
     </span>
    </p>
   </div>
   <div class='ocr_carea' id='block_1_60' title="bbox 342 4284 3595 4360">
    <p class='ocr_par' dir='ltr' id='par_1_60' title="bbox 342 4284 3595 4360">
     <span class='ocr_line' id='line_1_60' title="bbox 342 4284 3595 4360; baseline 0 -23"><span class='ocrx_word' id='word_1_635' title='bbox 342 4287 669 4353; x_wconf 36' lang='lat' dir='ltr'><strong>pter‘illum,</strong></span> <span class='ocrx_word' id='word_1_636' title='bbox 699 4288 899 4356; x_wconf 90' lang='lat' dir='ltr'><strong>quippe</strong></span> <span class='ocrx_word' id='word_1_637' title='bbox 951 4300 1015 4339; x_wconf 71' lang='lat' dir='ltr'><strong>es</strong></span> <span class='ocrx_word' id='word_1_638' title='bbox 1048 4299 1156 4353; x_wconf 88' lang='lat' dir='ltr'><strong>qua</strong></span> <span class='ocrx_word' id='word_1_639' title='bbox 1217 4284 1333 4353; x_wconf 84' lang='lat' dir='ltr'><strong>ipse</strong></span> <span class='ocrx_word' id='word_1_640' title='bbox 1378 4290 1525 4338; x_wconf 85' lang='lat' dir='ltr'><strong>esset</strong></span> <span class='ocrx_word' id='word_1_641' title='bbox 1572 4292 1910 4352; x_wconf 87' lang='lat' dir='ltr'><strong>procreatus.</strong></span> <span class='ocrx_word' id='word_1_642' title='bbox 2018 4304 2125 4360; x_wconf 90' lang='lat' dir='ltr'><strong>que</strong></span> <span class='ocrx_word' id='word_1_643' title='bbox 2156 4290 2370 4344; x_wconf 87' lang='lat' dir='ltr'><strong>merito.</strong></span> <span class='ocrx_word' id='word_1_644' title='bbox 2402 4290 2646 4359; x_wconf 83' lang='lat' dir='ltr'><strong>Denique</strong></span> <span class='ocrx_word' id='word_1_645' title='bbox 2683 4297 2869 4343; x_wconf 89' lang='lat' dir='ltr'><strong>mouet</strong></span> <span class='ocrx_word' id='word_1_646' title='bbox 2918 4288 2961 4342; x_wconf 91' lang='lat' dir='ltr'><strong>si</strong></span> <span class='ocrx_word' id='word_1_647' title='bbox 3010 4288 3328 4355; x_wconf 88' lang='lat' dir='ltr'><strong>imperatam</strong></span> <span class='ocrx_word' id='word_1_648' title='bbox 3374 4285 3463 4338; x_wconf 77' lang='lat' dir='ltr'><strong>ille</strong></span> <span class='ocrx_word' id='word_1_649' title='bbox 3497 4284 3595 4338; x_wconf 87' lang='lat' dir='ltr'><strong>oh-</strong></span> 
     </span>
    </p>
   </div>
   <div class='ocr_carea' id='block_1_61' title="bbox 341 4375 3594 4450">
    <p class='ocr_par' dir='ltr' id='par_1_61' title="bbox 341 4375 3594 4450">
     <span class='ocr_line' id='line_1_61' title="bbox 341 4375 3594 4450; baseline -0.001 -19"><span class='ocrx_word' id='word_1_650' title='bbox 341 4379 528 4449; x_wconf 89' lang='lat' dir='ltr'><strong>ltaque</strong></span> <span class='ocrx_word' id='word_1_651' title='bbox 561 4388 888 4433; x_wconf 83' lang='lat' dir='ltr'><strong>conservata</strong></span> <span class='ocrx_word' id='word_1_652' title='bbox 919 4384 1001 4430; x_wconf 87' lang='lat' dir='ltr'><strong>est</strong></span> <span class='ocrx_word' id='word_1_653' title='bbox 1024 4377 1260 4428; x_wconf 88' lang='lat' dir='ltr'><strong>lmmano</strong></span> <span class='ocrx_word' id='word_1_654' title='bbox 1290 4375 1475 4446; x_wconf 88' lang='lat' dir='ltr'><strong>generi</strong></span> <span class='ocrx_word' id='word_1_655' title='bbox 1510 4375 1717 4429; x_wconf 87' lang='lat' dir='ltr'><strong>illibata</strong></span> <span class='ocrx_word' id='word_1_656' title='bbox 1752 4391 1818 4429; x_wconf 80' lang='lat' dir='ltr'><strong>ex</strong></span> <span class='ocrx_word' id='word_1_657' title='bbox 1849 4389 1911 4429; x_wconf 86' lang='lat' dir='ltr'><strong>ea</strong></span> <span class='ocrx_word' id='word_1_658' title='bbox 2020 4388 2290 4436; x_wconf 86' lang='lat' dir='ltr'><strong>servasset</strong></span> <span class='ocrx_word' id='word_1_659' title='bbox 2332 4382 2526 4450; x_wconf 81' lang='lat' dir='ltr'><strong>legem,</strong></span> <span class='ocrx_word' id='word_1_660' title='bbox 2578 4395 2684 4433; x_wconf 92' lang='lat' dir='ltr'><strong>non</strong></span> <span class='ocrx_word' id='word_1_661' title='bbox 2730 4377 3159 4446; x_wconf 85' lang='lat' dir='ltr'><strong>obrumpendam</strong></span> <span class='ocrx_word' id='word_1_662' title='bbox 3211 4375 3380 4429; x_wconf 87' lang='lat' dir='ltr'><strong>fuisse</strong></span> <span class='ocrx_word' id='word_1_663' title='bbox 3422 4376 3594 4444; x_wconf 89' lang='lat' dir='ltr'><strong>ipsius</strong></span> 
     </span>
    </p>
   </div>
   <div class='ocr_carea' id='block_1_62' title="bbox 344 4464 3593 4551">
    <p class='ocr_par' dir='ltr' id='par_1_62' title="bbox 344 4464 3593 4551">
     <span class='ocr_line' id='line_1_62' title="bbox 344 4464 3593 4551; baseline -0.002 -26"><span class='ocrx_word' id='word_1_664' title='bbox 344 4471 648 4525; x_wconf 65' lang='lat' dir='ltr'><strong>benedictio</strong></span> <span class='ocrx_word' id='word_1_665' title='bbox 673 4485 796 4539; x_wconf 70' lang='lat' dir='ltr'><strong>qua:</strong></span> <span class='ocrx_word' id='word_1_666' title='bbox 831 4477 957 4523; x_wconf 82' lang='lat' dir='ltr'><strong>ante</strong></span> <span class='ocrx_word' id='word_1_667' title='bbox 980 4477 1262 4538; x_wconf 89' lang='lat' dir='ltr'><strong>peccatum</strong></span> <span class='ocrx_word' id='word_1_668' title='bbox 1299 4465 1439 4520; x_wconf 88' lang='lat' dir='ltr'><strong>facta</strong></span> <span class='ocrx_word' id='word_1_669' title='bbox 1460 4464 1915 4535; x_wconf 85' lang='lat' dir='ltr'><strong>fuerat,quamvis</strong></span> <span class='ocrx_word' id='word_1_670' title='bbox 1946 4492 1995 4551; x_wconf 76' lang='grc' dir='ltr'>ι)</span> <span class='ocrx_word' id='word_1_671' title='bbox 2023 4474 2186 4527; x_wconf 89' lang='lat' dir='ltr'><strong>vitam</strong></span> <span class='ocrx_word' id='word_1_672' title='bbox 2214 4475 2305 4528; x_wconf 91' lang='lat' dir='ltr'><strong>sed</strong></span> <span class='ocrx_word' id='word_1_673' title='bbox 2343 4472 2752 4526; x_wconf 88' lang='lat' dir='ltr'><strong>lmmortalitate</strong></span> <span class='ocrx_word' id='word_1_674' title='bbox 2797 4471 3104 4525; x_wconf 80' lang='lat' dir='ltr'><strong>donandum</strong></span> <span class='ocrx_word' id='word_1_675' title='bbox 3137 4484 3201 4525; x_wconf 81' lang='lat' dir='ltr'><strong>ex</strong></span> <span class='ocrx_word' id='word_1_676' title='bbox 3231 4467 3320 4522; x_wconf 85' lang='lat' dir='ltr'><strong>Dei</strong></span> <span class='ocrx_word' id='word_1_677' title='bbox 3355 4467 3593 4521; x_wconf 90' lang='lat' dir='ltr'><strong>liberali-</strong></span> 
     </span>
    </p>
   </div>
   <div class='ocr_carea' id='block_1_63' title="bbox 343 4558 1962 4637">
    <p class='ocr_par' dir='ltr' id='par_1_63' title="bbox 343 4558 1911 4632">
     <span class='ocr_line' id='line_1_63' title="bbox 343 4558 1911 4632; baseline -0.004 -15"><span class='ocrx_word' id='word_1_678' title='bbox 343 4565 562 4617; x_wconf 89' lang='lat' dir='ltr'><strong>dolores</strong></span> <span class='ocrx_word' id='word_1_679' title='bbox 616 4573 780 4632; x_wconf 88' lang='lat' dir='ltr'><strong>atque</strong></span> <span class='ocrx_word' id='word_1_680' title='bbox 837 4560 1187 4615; x_wconf 90' lang='lat' dir='ltr'><strong>calamitates</strong></span> <span class='ocrx_word' id='word_1_681' title='bbox 1244 4558 1492 4627; x_wconf 67' lang='lat' dir='ltr'><strong>plurimae</strong></span> <span class='ocrx_word' id='word_1_682' title='bbox 1556 4558 1911 4613; x_wconf 83' lang='lat' dir='ltr'><strong>accesserint.</strong></span> 
     </span>
    </p>
   </div>
   <div class='ocr_carea' id='block_1_64' title="bbox 1973 4558 3592 4637">
    <p class='ocr_par' dir='ltr' id='par_1_64' title="bbox 2025 4561 3592 4637">
     <span class='ocr_line' id='line_1_64' title="bbox 2025 4561 3592 4637; baseline -0.005 -15"><span class='ocrx_word' id='word_1_683' title='bbox 2025 4576 2156 4630; x_wconf 91' lang='lat' dir='ltr'><strong>tate,</strong></span> <span class='ocrx_word' id='word_1_684' title='bbox 2184 4566 2326 4621; x_wconf 89' lang='lat' dir='ltr'><strong>sicut</strong></span> <span class='ocrx_word' id='word_1_685' title='bbox 2358 4566 2435 4620; x_wconf 91' lang='lat' dir='ltr'><strong>ait</strong></span> <span class='ocrx_word' id='word_1_686' title='bbox 2464 4564 2761 4637; x_wconf 85' lang='lat' dir='ltr'><strong>Gregorius</strong></span> <span class='ocrx_word' id='word_1_687' title='bbox 2794 4563 3104 4633; x_wconf 85' lang='lat' dir='ltr'><strong>Theologus</strong></span> <span class='ocrx_word' id='word_1_688' title='bbox 3152 4562 3264 4635; x_wconf 71' lang='lat'><strong>(25)</strong></span> <span class='ocrx_word' id='word_1_689' title='bbox 3303 4577 3319 4616; x_wconf 90' lang='lat'><strong>:</strong></span> <span class='ocrx_word' id='word_1_690' title='bbox 3358 4561 3414 4615; x_wconf 86' lang='lat' dir='ltr'><strong>Si</strong></span> <span class='ocrx_word' id='word_1_691' title='bbox 3470 4575 3592 4630; x_wconf 89' lang='lat' dir='ltr'><strong>per-</strong></span> 
     </span>
    </p>
   </div>
   <div class='ocr_carea' id='block_1_65' title="bbox 344 4651 3596 4725">
    <p class='ocr_par' dir='ltr' id='par_1_65' title="bbox 344 4651 3596 4725">
     <span class='ocr_line' id='line_1_65' title="bbox 344 4651 3596 4725; baseline -0.001 -16"><span class='ocrx_word' id='word_1_692' title='bbox 344 4658 447 4711; x_wconf 80' lang='lat' dir='ltr'><strong>Per</strong></span> <span class='ocrx_word' id='word_1_693' title='bbox 471 4657 678 4709; x_wconf 81' lang='lat' dir='ltr'><strong>dolores</strong></span> <span class='ocrx_word' id='word_1_694' title='bbox 716 4654 952 4708; x_wconf 87' lang='lat' dir='ltr'><strong>comedes</strong></span> <span class='ocrx_word' id='word_1_695' title='bbox 992 4669 1110 4706; x_wconf 87' lang='lat' dir='ltr'><strong>eam</strong></span> <span class='ocrx_word' id='word_1_696' title='bbox 1149 4652 1387 4705; x_wconf 84' lang='lat' dir='ltr'><strong>omnibus</strong></span> <span class='ocrx_word' id='word_1_697' title='bbox 1419 4651 1601 4705; x_wconf 82' lang='lat' dir='ltr'><strong>diebus</strong></span> <span class='ocrx_word' id='word_1_698' title='bbox 1636 4653 1754 4705; x_wconf 76' lang='lat' dir='ltr'><strong>vita:</strong></span> <span class='ocrx_word' id='word_1_699' title='bbox 1783 4661 1908 4706; x_wconf 68' lang='lat' dir='ltr'><strong>tuar.</strong></span> <span class='ocrx_word' id='word_1_700' title='bbox 2024 4659 2402 4720; x_wconf 79' lang='lat' dir='ltr'><strong>durassctnus,</strong></span> <span class='ocrx_word' id='word_1_701' title='bbox 2437 4656 2486 4711; x_wconf 86' lang='lat' dir='ltr'><strong>id</strong></span> <span class='ocrx_word' id='word_1_702' title='bbox 2525 4657 2669 4725; x_wconf 85' lang='lat' dir='ltr'><strong>quod</strong></span> <span class='ocrx_word' id='word_1_703' title='bbox 2720 4669 2827 4709; x_wconf 93' lang='lat' dir='ltr'><strong>non</strong></span> <span class='ocrx_word' id='word_1_704' title='bbox 2878 4655 3183 4711; x_wconf 81' lang='lat' dir='ltr'><strong>fueramus.</strong></span> <span class='ocrx_word' id='word_1_705' title='bbox 3215 4652 3343 4706; x_wconf 86' lang='lat' dir='ltr'><strong>facti</strong></span> <span class='ocrx_word' id='word_1_706' title='bbox 3392 4651 3596 4705; x_wconf 86' lang='lat' dir='ltr'><strong>fuisse-</strong></span> 
     </span>
    </p>
   </div>
   <div class='ocr_carea' id='block_1_66' title="bbox 341 4740 3593 4814">
    <p class='ocr_par' dir='ltr' id='par_1_66' title="bbox 341 4740 3593 4814">
     <span class='ocr_line' id='line_1_66' title="bbox 341 4740 3593 4814; baseline -0.002 -15"><span class='ocrx_word' id='word_1_707' title='bbox 341 4749 477 4814; x_wconf 89' lang='lat' dir='ltr'><strong>Qnia</strong></span> <span class='ocrx_word' id='word_1_708' title='bbox 509 4745 832 4802; x_wconf 77' lang='lat' dir='ltr'><strong>existimasti</strong></span> <span class='ocrx_word' id='word_1_709' title='bbox 863 4754 913 4800; x_wconf 91' lang='lat' dir='ltr'><strong>te</strong></span> <span class='ocrx_word' id='word_1_710' title='bbox 939 4744 1170 4798; x_wconf 86' lang='lat' dir='ltr'><strong>deorum</strong></span> <span class='ocrx_word' id='word_1_711' title='bbox 1212 4757 1365 4797; x_wconf 87' lang='lat' dir='ltr'><strong>more</strong></span> <span class='ocrx_word' id='word_1_712' title='bbox 1415 4743 1467 4795; x_wconf 90' lang='lat' dir='ltr'><strong>in</strong></span> <span class='ocrx_word' id='word_1_713' title='bbox 1501 4750 1645 4794; x_wconf 88' lang='lat' dir='ltr'><strong>terra</strong></span> <span class='ocrx_word' id='word_1_714' title='bbox 1680 4755 1909 4794; x_wconf 86' lang='lat' dir='ltr'><strong>mansu-</strong></span> <span class='ocrx_word' id='word_1_715' title='bbox 2021 4761 2177 4811; x_wconf 83' lang='lat' dir='ltr'><strong>ntus;</strong></span> <span class='ocrx_word' id='word_1_716' title='bbox 2240 4761 2388 4799; x_wconf 87' lang='lat' dir='ltr'><strong>nunc</strong></span> <span class='ocrx_word' id='word_1_717' title='bbox 2445 4759 2576 4797; x_wconf 82' lang='lat' dir='ltr'><strong>vero</strong></span> <span class='ocrx_word' id='word_1_718' title='bbox 2624 4754 2976 4813; x_wconf 78' lang='lat' dir='ltr'><strong>postraquam</strong></span> <span class='ocrx_word' id='word_1_719' title='bbox 3038 4743 3204 4810; x_wconf 81' lang='lat' dir='ltr'><strong>legem</strong></span> <span class='ocrx_word' id='word_1_720' title='bbox 3279 4740 3593 4804; x_wconf 79' lang='lat' dir='ltr'><strong>transilivit,</strong></span> 
     </span>
    </p>
   </div>
   <div class='ocr_carea' id='block_1_67' title="bbox 339 4832 3593 4909">
    <p class='ocr_par' dir='ltr' id='par_1_67' title="bbox 339 4832 3593 4909">
     <span class='ocr_line' id='line_1_67' title="bbox 339 4832 3593 4909; baseline -0.003 -16"><span class='ocrx_word' id='word_1_721' title='bbox 339 4856 484 4903; x_wconf 86' lang='lat' dir='ltr'><strong>rum,</strong></span> <span class='ocrx_word' id='word_1_722' title='bbox 512 4854 716 4909; x_wconf 87' lang='lat' dir='ltr'><strong>perque</strong></span> <span class='ocrx_word' id='word_1_723' title='bbox 755 4838 994 4909; x_wconf 87' lang='lat' dir='ltr'><strong>quietem</strong></span> <span class='ocrx_word' id='word_1_724' title='bbox 1042 4847 1097 4892; x_wconf 90' lang='lat' dir='ltr'><strong>et</strong></span> <span class='ocrx_word' id='word_1_725' title='bbox 1121 4838 1290 4891; x_wconf 90' lang='lat' dir='ltr'><strong>otium</strong></span> <span class='ocrx_word' id='word_1_726' title='bbox 1324 4836 1487 4899; x_wconf 84' lang='lat' dir='ltr'><strong>vitam</strong></span> <span class='ocrx_word' id='word_1_727' title='bbox 1521 4834 1851 4903; x_wconf 87' lang='lat' dir='ltr'><strong>agitaturum</strong></span> <span class='ocrx_word' id='word_1_728' title='bbox 1897 4852 1912 4889; x_wconf 87' lang='lat'><strong>:</strong></span> <span class='ocrx_word' id='word_1_729' title='bbox 2019 4836 2175 4890; x_wconf 91' lang='lat' dir='ltr'><strong>morti</strong></span> <span class='ocrx_word' id='word_1_730' title='bbox 2227 4834 2522 4889; x_wconf 74' lang='lat' dir='ltr'><strong>obnoxium</strong></span> <span class='ocrx_word' id='word_1_731' title='bbox 2550 4848 2671 4888; x_wconf 87' lang='lat' dir='ltr'><strong>esse</strong></span> <span class='ocrx_word' id='word_1_732' title='bbox 2708 4832 2909 4886; x_wconf 87' lang='lat' dir='ltr'><strong>factutn</strong></span> <span class='ocrx_word' id='word_1_733' title='bbox 2964 4832 3482 4900; x_wconf 82' lang='lat' dir='ltr'><strong>dissolvendumquc</strong></span> <span class='ocrx_word' id='word_1_734' title='bbox 3540 4832 3593 4883; x_wconf 94' lang='lat' dir='ltr'><strong>in</strong></span> 
     </span>
    </p>
   </div>
   <div class='ocr_carea' id='block_1_68' title="bbox 357 4921 3591 5001">
    <p class='ocr_par' dir='ltr' id='par_1_68' title="bbox 357 4921 3591 5001">
     <span class='ocr_line' id='line_1_68' title="bbox 357 4921 3591 5001; baseline -0.004 -16"><span class='ocrx_word' id='word_1_735' title='bbox 357 4941 413 4985; x_wconf 94' lang='lat' dir='ltr'><strong>tu</strong></span> <span class='ocrx_word' id='word_1_736' title='bbox 442 4938 654 4996; x_wconf 88' lang='lat' dir='ltr'><strong>contra,</strong></span> <span class='ocrx_word' id='word_1_737' title='bbox 684 4945 779 4999; x_wconf 90' lang='lat' dir='ltr'><strong>per</strong></span> <span class='ocrx_word' id='word_1_738' title='bbox 812 4929 1051 4993; x_wconf 85' lang='lat' dir='ltr'><strong>dolores,</strong></span> <span class='ocrx_word' id='word_1_739' title='bbox 1072 4928 1289 4984; x_wconf 87' lang='lat' dir='ltr'><strong>labores</strong></span> <span class='ocrx_word' id='word_1_740' title='bbox 1313 4936 1365 4982; x_wconf 88' lang='lat' dir='ltr'><strong>et</strong></span> <span class='ocrx_word' id='word_1_741' title='bbox 1388 4944 1684 4994; x_wconf 64' lang='lat' dir='ltr'><strong>(erumnas,</strong></span> <span class='ocrx_word' id='word_1_742' title='bbox 1718 4947 1921 5001; x_wconf 84' lang='lat' dir='ltr'><strong>perque</strong></span> <span class='ocrx_word' id='word_1_743' title='bbox 2017 4934 2218 4979; x_wconf 89' lang='lat' dir='ltr'><strong>terram</strong></span> <span class='ocrx_word' id='word_1_744' title='bbox 2284 4925 2425 4977; x_wconf 88' lang='lat' dir='ltr'><strong>unde</strong></span> <span class='ocrx_word' id='word_1_745' title='bbox 2493 4923 2658 4977; x_wconf 79' lang='lat' dir='ltr'><strong>traxit</strong></span> <span class='ocrx_word' id='word_1_746' title='bbox 2710 4924 3002 4992; x_wconf 81' lang='lat' dir='ltr'><strong>originem.</strong></span> <span class='ocrx_word' id='word_1_747' title='bbox 3040 4921 3107 4973; x_wconf 85' lang='lat' dir='ltr'><strong>Et</strong></span> <span class='ocrx_word' id='word_1_748' title='bbox 3142 4923 3341 4976; x_wconf 71' lang='lat' dir='ltr'><strong>vocat-it</strong></span> <span class='ocrx_word' id='word_1_749' title='bbox 3396 4921 3591 4983; x_wconf 78' lang='lat' dir='ltr'><strong>Adam,</strong></span> 
     </span>
    </p>
   </div>
   <div class='ocr_carea' id='block_1_69' title="bbox 342 5012 3592 5090">
    <p class='ocr_par' dir='ltr' id='par_1_69' title="bbox 342 5012 3592 5090">
     <span class='ocr_line' id='line_1_69' title="bbox 342 5012 3592 5090; baseline -0.004 -16"><span class='ocrx_word' id='word_1_750' title='bbox 342 5022 611 5075; x_wconf 88' lang='lat' dir='ltr'><strong>culturam</strong></span> <span class='ocrx_word' id='word_1_751' title='bbox 658 5020 929 5075; x_wconf 83' lang='lat' dir='ltr'><strong>difficilem</strong></span> <span class='ocrx_word' id='word_1_752' title='bbox 972 5020 1211 5075; x_wconf 87' lang='lat' dir='ltr'><strong>vesceris</strong></span> <span class='ocrx_word' id='word_1_753' title='bbox 1264 5020 1512 5090; x_wconf 84' lang='lat' dir='ltr'><strong>frugibus</strong></span> <span class='ocrx_word' id='word_1_754' title='bbox 1560 5028 1738 5075; x_wconf 66' lang='lat' dir='ltr'><strong>terrae.</strong></span> <span class='ocrx_word' id='word_1_755' title='bbox 1773 5022 1909 5076; x_wconf 85' lang='lat' dir='ltr'><strong>Nam</strong></span> <span class='ocrx_word' id='word_1_756' title='bbox 2018 5032 2202 5071; x_wconf 85' lang='lat' dir='ltr'><strong>nomen</strong></span> <span class='ocrx_word' id='word_1_757' title='bbox 2253 5017 2432 5069; x_wconf 79' lang='lat' dir='ltr'><strong>uxoris</strong></span> <span class='ocrx_word' id='word_1_758' title='bbox 2464 5029 2574 5069; x_wconf 75' lang='lat' dir='ltr'><strong>sua:</strong></span> <span class='ocrx_word' id='word_1_759' title='bbox 2612 5013 2795 5080; x_wconf 83' lang='lat' dir='ltr'><strong>Evam,</strong></span> <span class='ocrx_word' id='word_1_760' title='bbox 2832 5029 2890 5068; x_wconf 87' lang='lat' dir='ltr'><strong>eo</strong></span> <span class='ocrx_word' id='word_1_761' title='bbox 2922 5012 3061 5083; x_wconf 84' lang='lat' dir='ltr'><strong>quod</strong></span> <span class='ocrx_word' id='word_1_762' title='bbox 3094 5016 3210 5083; x_wconf 85' lang='lat' dir='ltr'><strong>ipsa</strong></span> <span class='ocrx_word' id='word_1_763' title='bbox 3262 5022 3394 5067; x_wconf 86' lang='lat' dir='ltr'><strong>esset</strong></span> <span class='ocrx_word' id='word_1_764' title='bbox 3426 5022 3592 5063; x_wconf 83' lang='lat' dir='ltr'><strong>mater</strong></span> 
     </span>
    </p>
   </div>
   <div class='ocr_carea' id='block_1_70' title="bbox 348 5104 3593 5182">
    <p class='ocr_par' dir='ltr' id='par_1_70' title="bbox 348 5104 3593 5182">
     <span class='ocr_line' id='line_1_70' title="bbox 348 5104 3593 5182; baseline -0.003 -17"><span class='ocrx_word' id='word_1_765' title='bbox 348 5129 416 5167; x_wconf 87' lang='lat' dir='ltr'><strong>ne</strong></span> <span class='ocrx_word' id='word_1_766' title='bbox 453 5127 614 5182; x_wconf 84' lang='lat' dir='ltr'><strong>rcges</strong></span> <span class='ocrx_word' id='word_1_767' title='bbox 646 5112 869 5182; x_wconf 86' lang='lat' dir='ltr'><strong>quidem</strong></span> <span class='ocrx_word' id='word_1_768' title='bbox 893 5112 1100 5181; x_wconf 82' lang='lat' dir='ltr'><strong>absque</strong></span> <span class='ocrx_word' id='word_1_769' title='bbox 1126 5112 1375 5166; x_wconf 82' lang='lat' dir='ltr'><strong>molestia</strong></span> <span class='ocrx_word' id='word_1_770' title='bbox 1406 5121 1459 5166; x_wconf 91' lang='lat' dir='ltr'><strong>et</strong></span> <span class='ocrx_word' id='word_1_771' title='bbox 1490 5112 1726 5177; x_wconf 87' lang='lat' dir='ltr'><strong>cultura,</strong></span> <span class='ocrx_word' id='word_1_772' title='bbox 1760 5122 1919 5168; x_wconf 70' lang='lat' dir='ltr'><strong>terrae</strong></span> <span class='ocrx_word' id='word_1_773' title='bbox 2021 5112 2189 5165; x_wconf 86' lang='lat' dir='ltr'><strong>omnis</strong></span> <span class='ocrx_word' id='word_1_774' title='bbox 2252 5110 2486 5163; x_wconf 73' lang='lat' dir='ltr'><strong>viventis.</strong></span> <span class='ocrx_word' id='word_1_775' title='bbox 2538 5105 2863 5163; x_wconf 86' lang='lat' dir='ltr'><strong>Ohservavit</strong></span> <span class='ocrx_word' id='word_1_776' title='bbox 2916 5107 3135 5171; x_wconf 85' lang='lat' dir='ltr'><strong>quidem</strong></span> <span class='ocrx_word' id='word_1_777' title='bbox 3199 5107 3358 5161; x_wconf 85' lang='lat' dir='ltr'><strong>divus</strong></span> <span class='ocrx_word' id='word_1_778' title='bbox 3415 5104 3593 5158; x_wconf 85' lang='lat' dir='ltr'><strong>Moses</strong></span> 
     </span>
    </p>
   </div>
   <div class='ocr_carea' id='block_1_71' title="bbox 342 5194 3589 5274">
    <p class='ocr_par' dir='ltr' id='par_1_71' title="bbox 342 5194 3589 5274">
     <span class='ocr_line' id='line_1_71' title="bbox 342 5194 3589 5274; baseline -0.003 -17"><span class='ocrx_word' id='word_1_779' title='bbox 342 5206 663 5259; x_wconf 86' lang='lat' dir='ltr'><strong>muneribus</strong></span> <span class='ocrx_word' id='word_1_780' title='bbox 698 5204 802 5259; x_wconf 92' lang='lat' dir='ltr'><strong>frui</strong></span> <span class='ocrx_word' id='word_1_781' title='bbox 833 5212 1291 5274; x_wconf 77' lang='lat' dir='ltr'><strong>possuntzatqne</strong></span> <span class='ocrx_word' id='word_1_782' title='bbox 1332 5202 1435 5257; x_wconf 90' lang='lat' dir='ltr'><strong>hoc</strong></span> <span class='ocrx_word' id='word_1_783' title='bbox 1463 5203 1640 5272; x_wconf 88' lang='lat' dir='ltr'><strong>ipsum</strong></span> <span class='ocrx_word' id='word_1_784' title='bbox 1672 5204 1915 5273; x_wconf 89' lang='lat' dir='ltr'><strong>estquod</strong></span> <span class='ocrx_word' id='word_1_785' title='bbox 2020 5200 2201 5254; x_wconf 89' lang='lat' dir='ltr'><strong>adhuc</strong></span> <span class='ocrx_word' id='word_1_786' title='bbox 2254 5200 2306 5253; x_wconf 91' lang='lat' dir='ltr'><strong>iu</strong></span> <span class='ocrx_word' id='word_1_787' title='bbox 2369 5214 2551 5253; x_wconf 84' lang='lat' dir='ltr'><strong>rerum</strong></span> <span class='ocrx_word' id='word_1_788' title='bbox 2603 5206 2875 5267; x_wconf 84' lang='lat' dir='ltr'><strong>gestarum</strong></span> <span class='ocrx_word' id='word_1_789' title='bbox 2932 5200 3248 5253; x_wconf 85' lang='lat' dir='ltr'><strong>narratione</strong></span> <span class='ocrx_word' id='word_1_790' title='bbox 3275 5241 3289 5262; x_wconf 89' lang='lat'><strong>,</strong></span> <span class='ocrx_word' id='word_1_791' title='bbox 3344 5194 3589 5250; x_wconf 87' lang='lat' dir='ltr'><strong>ordinem</strong></span> 
     </span>
    </p>
   </div>
   <div class='ocr_carea' id='block_1_72' title="bbox 346 5292 3591 5364">
    <p class='ocr_par' dir='ltr' id='par_1_72' title="bbox 346 5292 3591 5364">
     <span class='ocr_line' id='line_1_72' title="bbox 346 5292 3591 5364; baseline -0.002 -18"><span class='ocrx_word' id='word_1_792' title='bbox 346 5293 703 5350; x_wconf 84' lang='lat' dir='ltr'><strong>Ecclesiastes</strong></span> <span class='ocrx_word' id='word_1_793' title='bbox 755 5295 833 5348; x_wconf 85' lang='lat' dir='ltr'><strong>ait</strong></span> <span class='ocrx_word' id='word_1_794' title='bbox 868 5312 883 5348; x_wconf 90' lang='lat'><strong>:</strong></span> <span class='ocrx_word' id='word_1_795' title='bbox 914 5292 1028 5347; x_wconf 81' lang='lat' dir='ltr'><strong>Rea:</strong></span> <span class='ocrx_word' id='word_1_796' title='bbox 1059 5311 1248 5363; x_wconf 87' lang='lat' dir='ltr'><strong>agrum</strong></span> <span class='ocrx_word' id='word_1_797' title='bbox 1282 5293 1410 5359; x_wconf 77' lang='lat' dir='ltr'><strong>colit</strong></span> <span class='ocrx_word' id='word_1_798' title='bbox 1439 5293 1555 5362; x_wconf 62' lang='grc' dir='ltr'><strong>(ει)</strong></span> <span class='ocrx_word' id='word_1_799' title='bbox 1592 5312 1605 5347; x_wconf 90' lang='lat'><strong>:</strong></span> <span class='ocrx_word' id='word_1_800' title='bbox 1642 5295 1841 5364; x_wconf 91' lang='lat' dir='ltr'><strong>quippe</strong></span> <span class='ocrx_word' id='word_1_801' title='bbox 1874 5296 1917 5351; x_wconf 88' lang='lat' dir='ltr'><strong>si</strong></span> <span class='ocrx_word' id='word_1_802' title='bbox 2019 5295 2329 5361; x_wconf 85' lang='lat' dir='ltr'><strong>seriemque</strong></span> <span class='ocrx_word' id='word_1_803' title='bbox 2382 5307 2692 5361; x_wconf 89' lang='lat' dir='ltr'><strong>temporum</strong></span> <span class='ocrx_word' id='word_1_804' title='bbox 2743 5292 2947 5363; x_wconf 88' lang='lat' dir='ltr'><strong>quibus</strong></span> <span class='ocrx_word' id='word_1_805' title='bbox 2978 5307 3209 5363; x_wconf 69' lang='lat' dir='ltr'><strong>quaeque</strong></span> <span class='ocrx_word' id='word_1_806' title='bbox 3256 5299 3389 5344; x_wconf 66' lang='lat' dir='ltr'><strong>actae</strong></span> <span class='ocrx_word' id='word_1_807' title='bbox 3434 5296 3591 5349; x_wconf 84' lang='lat' dir='ltr'><strong>sunt;</strong></span> 
     </span>
    </p>
   </div>
   <div class='ocr_carea' id='block_1_73' title="bbox 349 5385 3593 5457">
    <p class='ocr_par' dir='ltr' id='par_1_73' title="bbox 349 5385 3593 5457">
     <span class='ocr_line' id='line_1_73' title="bbox 349 5385 3593 5457; baseline -0.002 -18"><span class='ocrx_word' id='word_1_808' title='bbox 349 5401 450 5441; x_wconf 91' lang='lat' dir='ltr'><strong>non</strong></span> <span class='ocrx_word' id='word_1_809' title='bbox 488 5388 627 5452; x_wconf 91' lang='lat' dir='ltr'><strong>suis,</strong></span> <span class='ocrx_word' id='word_1_810' title='bbox 653 5399 707 5443; x_wconf 85' lang='lat' dir='ltr'><strong>at</strong></span> <span class='ocrx_word' id='word_1_811' title='bbox 734 5388 967 5443; x_wconf 90' lang='lat' dir='ltr'><strong>aliorum</strong></span> <span class='ocrx_word' id='word_1_812' title='bbox 1000 5398 1147 5444; x_wconf 85' lang='lat' dir='ltr'><strong>certe</strong></span> <span class='ocrx_word' id='word_1_813' title='bbox 1184 5386 1441 5440; x_wconf 89' lang='lat' dir='ltr'><strong>manibus</strong></span> <span class='ocrx_word' id='word_1_814' title='bbox 1473 5402 1633 5455; x_wconf 82' lang='lat' dir='ltr'><strong>agros</strong></span> <span class='ocrx_word' id='word_1_815' title='bbox 1660 5387 1919 5457; x_wconf 84' lang='lat' dir='ltr'><strong>subigunt</strong></span> <span class='ocrx_word' id='word_1_816' title='bbox 2018 5396 2073 5440; x_wconf 89' lang='lat' dir='ltr'><strong>at</strong></span> <span class='ocrx_word' id='word_1_817' title='bbox 2096 5386 2241 5455; x_wconf 89' lang='lat' dir='ltr'><strong>quod</strong></span> <span class='ocrx_word' id='word_1_818' title='bbox 2277 5386 2365 5439; x_wconf 92' lang='lat' dir='ltr'><strong>hic</strong></span> <span class='ocrx_word' id='word_1_819' title='bbox 2421 5385 2535 5455; x_wconf 85' lang='lat' dir='ltr'><strong>jam</strong></span> <span class='ocrx_word' id='word_1_820' title='bbox 2587 5396 2797 5453; x_wconf 90' lang='lat' dir='ltr'><strong>narrat,</strong></span> <span class='ocrx_word' id='word_1_821' title='bbox 2854 5402 2984 5441; x_wconf 90' lang='lat' dir='ltr'><strong>num</strong></span> <span class='ocrx_word' id='word_1_822' title='bbox 3018 5385 3212 5439; x_wconf 89' lang='lat' dir='ltr'><strong>ordine</strong></span> <span class='ocrx_word' id='word_1_823' title='bbox 3262 5395 3364 5437; x_wconf 90' lang='lat' dir='ltr'><strong>suo</strong></span> <span class='ocrx_word' id='word_1_824' title='bbox 3408 5390 3593 5435; x_wconf 83' lang='lat' dir='ltr'><strong>narret</strong></span> 
     </span>
    </p>
   </div>
   <div class='ocr_carea' id='block_1_74' title="bbox 343 5476 3590 5550">
    <p class='ocr_par' dir='ltr' id='par_1_74' title="bbox 343 5476 3590 5550">
     <span class='ocr_line' id='line_1_74' title="bbox 343 5476 3590 5550; baseline 0.001 -22"><span class='ocrx_word' id='word_1_825' title='bbox 343 5491 521 5547; x_wconf 84' lang='lat' dir='ltr'><strong>reges.</strong></span> <span class='ocrx_word' id='word_1_826' title='bbox 579 5477 996 5535; x_wconf 78' lang='lat' dir='ltr'><strong>Observandum</strong></span> <span class='ocrx_word' id='word_1_827' title='bbox 1050 5493 1212 5548; x_wconf 86' lang='lat' dir='ltr'><strong>porro</strong></span> <span class='ocrx_word' id='word_1_828' title='bbox 1262 5484 1345 5531; x_wconf 76' lang='lat' dir='ltr'><strong>est</strong></span> <span class='ocrx_word' id='word_1_829' title='bbox 1379 5487 1537 5532; x_wconf 67' lang='lat' dir='ltr'><strong>terrae</strong></span> <span class='ocrx_word' id='word_1_830' title='bbox 1586 5480 1913 5534; x_wconf 83' lang='lat' dir='ltr'><strong>vocabulum</strong></span> <span class='ocrx_word' id='word_1_831' title='bbox 2018 5476 2256 5533; x_wconf 87' lang='lat' dir='ltr'><strong>dubitari</strong></span> <span class='ocrx_word' id='word_1_832' title='bbox 2311 5487 2512 5547; x_wconf 82' lang='lat' dir='ltr'><strong>potest.</strong></span> <span class='ocrx_word' id='word_1_833' title='bbox 2564 5478 2776 5550; x_wconf 86' lang='lat' dir='ltr'><strong>Quippe</strong></span> <span class='ocrx_word' id='word_1_834' title='bbox 2823 5488 2926 5544; x_wconf 90' lang='lat' dir='ltr'><strong>est,</strong></span> <span class='ocrx_word' id='word_1_835' title='bbox 2964 5478 3056 5533; x_wconf 88' lang='lat' dir='ltr'><strong>ubi</strong></span> <span class='ocrx_word' id='word_1_836' title='bbox 3099 5492 3186 5532; x_wconf 89' lang='lat' dir='ltr'><strong>res</strong></span> <span class='ocrx_word' id='word_1_837' title='bbox 3222 5476 3307 5532; x_wconf 90' lang='lat' dir='ltr'><strong>sui</strong></span> <span class='ocrx_word' id='word_1_838' title='bbox 3344 5490 3590 5546; x_wconf 88' lang='lat' dir='ltr'><strong>quasque</strong></span> 
     </span>
    </p>
   </div>
   <div class='ocr_carea' id='block_1_75' title="bbox 415 5590 3491 5668">
    <p class='ocr_par' dir='ltr' id='par_1_75' title="bbox 415 5590 3491 5668">
     <span class='ocr_line' id='line_1_75' title="bbox 415 5590 3491 5668; baseline 0.002 -26"><span class='ocrx_word' id='word_1_839' title='bbox 415 5590 529 5668; x_wconf 49' lang='lat'><strong>(2})</strong></span> <span class='ocrx_word' id='word_1_840' title='bbox 561 5590 741 5668; x_wconf 69' lang='lat' dir='ltr'><strong>Eccle.</strong></span> <span class='ocrx_word' id='word_1_841' title='bbox 768 5611 821 5658; x_wconf 84' lang='lat' dir='ltr'><strong>v,</strong></span> <span class='ocrx_word' id='word_1_842' title='bbox 865 5610 1007 5648; x_wconf 81' lang='lat' dir='ltr'><strong>vers.</strong></span> <span class='ocrx_word' id='word_1_843' title='bbox 1036 5596 1087 5657; x_wconf 89' lang='lat'><strong>8,</strong></span> <span class='ocrx_word' id='word_1_844' title='bbox 1118 5590 1298 5668; x_wconf 82' lang='lat' dir='ltr'><strong>est_ad</strong></span> <span class='ocrx_word' id='word_1_845' title='bbox 1337 5591 1558 5668; x_wconf 78' lang='lat' dir='ltr'><strong>verbum</strong></span> <span class='ocrx_word' id='word_1_846' title='bbox 1589 5610 1601 5645; x_wconf 89' lang='lat'><strong>:</strong></span> <span class='ocrx_word' id='word_1_847' title='bbox 1635 5593 1742 5645; x_wconf 76' lang='lat' dir='ltr'><strong>Rea:</strong></span> <span class='ocrx_word' id='word_1_848' title='bbox 1782 5613 1908 5665; x_wconf 82' lang='lat' dir='ltr'><strong>agro</strong></span> <span class='ocrx_word' id='word_1_849' title='bbox 2016 5599 2198 5655; x_wconf 71' lang='lat' dir='ltr'><strong>demta</strong></span> <span class='ocrx_word' id='word_1_850' title='bbox 2241 5600 2444 5655; x_wconf 80' lang='lat' dir='ltr'><strong>dictum</strong></span> <span class='ocrx_word' id='word_1_851' title='bbox 2478 5616 2600 5655; x_wconf 86' lang='lat' dir='ltr'><strong>meo</strong></span> <span class='ocrx_word' id='word_1_852' title='bbox 2626 5599 2855 5668; x_wconf 77' lang='lat' dir='ltr'><strong>judicio,</strong></span> <span class='ocrx_word' id='word_1_853' title='bbox 2890 5595 3113 5663; x_wconf 88' lang='lat' dir='ltr'><strong>intelligi</strong></span> <span class='ocrx_word' id='word_1_854' title='bbox 3143 5611 3249 5650; x_wconf 90' lang='lat' dir='ltr'><strong>non</strong></span> <span class='ocrx_word' id='word_1_855' title='bbox 3295 5602 3491 5668; x_wconf 82' lang='lat' dir='ltr'><strong>potest.</strong></span> 
     </span>
    </p>
   </div>
   <div class='ocr_carea' id='block_1_76' title="bbox 343 5662 3591 5743">
    <p class='ocr_par' dir='ltr' id='par_1_76' title="bbox 343 5662 3591 5743">
     <span class='ocr_line' id='line_1_76' title="bbox 343 5662 3591 5743; baseline 0.002 -31"><span class='ocrx_word' id='word_1_856' title='bbox 343 5662 850 5743; x_wconf 32' lang='lat' dir='ltr'><strong>sarrithsivemgro</strong></span> <span class='ocrx_word' id='word_1_857' title='bbox 874 5675 1155 5743; x_wconf 77' lang='lat' dir='ltr'><strong>servus_es_t</strong></span> <span class='ocrx_word' id='word_1_858' title='bbox 1194 5663 1418 5742; x_wconf 69' lang='lat' dir='ltr'><strong>factus:</strong></span> <span class='ocrx_word' id='word_1_859' title='bbox 1459 5662 1678 5741; x_wconf 75' lang='lat' dir='ltr'><strong>Vulgata</strong></span> <span class='ocrx_word' id='word_1_860' title='bbox 1729 5662 1904 5721; x_wconf 74' lang='lat' dir='ltr'><strong>tanien</strong></span> <span class='ocrx_word' id='word_1_861' title='bbox 2016 5742 2023 5743; x_wconf 13' lang='grc' dir='ltr'>ί</span> <span class='ocrx_word' id='word_1_862' title='bbox 2088 5672 2202 5740; x_wconf 73' lang='lat'><strong>(25)</strong></span> <span class='ocrx_word' id='word_1_863' title='bbox 2274 5670 2385 5727; x_wconf 85' lang='lat' dir='ltr'><strong>lloc</strong></span> <span class='ocrx_word' id='word_1_864' title='bbox 2448 5662 2699 5743; x_wconf 70' lang='lat' dir='ltr'><strong>Gregorii</strong></span> <span class='ocrx_word' id='word_1_865' title='bbox 2766 5669 2967 5722; x_wconf 88' lang='lat' dir='ltr'><strong>dictum</strong></span> <span class='ocrx_word' id='word_1_866' title='bbox 3037 5662 3199 5736; x_wconf 78' lang='lat' dir='ltr'><strong>supra</strong></span> <span class='ocrx_word' id='word_1_867' title='bbox 3262 5662 3591 5737; x_wconf 69' lang='lat' dir='ltr'><strong>explicatius</strong></span> 
     </span>
    </p>
   </div>
   <div class='ocr_carea' id='block_1_77' title="bbox 349 5732 2198 5801">
    <p class='ocr_par' dir='ltr' id='par_1_77' title="bbox 349 5732 2198 5801">
     <span class='ocr_line' id='line_1_77' title="bbox 349 5732 2198 5801; baseline 0.006 -18"><span class='ocrx_word' id='word_1_868' title='bbox 349 5733 511 5784; x_wconf 65' lang='lat' dir='ltr'><strong>t-dilio</strong></span> <span class='ocrx_word' id='word_1_869' title='bbox 546 5732 700 5799; x_wconf 79' lang='lat' dir='ltr'><strong>longe</strong></span> <span class='ocrx_word' id='word_1_870' title='bbox 736 5738 841 5787; x_wconf 86' lang='lat' dir='ltr'><strong>alio</strong></span> <span class='ocrx_word' id='word_1_871' title='bbox 858 5750 1021 5788; x_wconf 82' lang='lat' dir='ltr'><strong>sensu</strong></span> <span class='ocrx_word' id='word_1_872' title='bbox 1049 5734 1207 5801; x_wconf 82' lang='lat' dir='ltr'><strong>legit:</strong></span> <span class='ocrx_word' id='word_1_873' title='bbox 1238 5733 1448 5801; x_wconf 73' lang='lat' dir='ltr'><strong>insuper</strong></span> <span class='ocrx_word' id='word_1_874' title='bbox 1477 5733 1728 5786; x_wconf 71' lang='lat' dir='ltr'><strong>universa:</strong></span> <span class='ocrx_word' id='word_1_875' title='bbox 1756 5745 1905 5789; x_wconf 61' lang='lat' dir='ltr'><strong>terra:</strong></span> <span class='ocrx_word' id='word_1_876' title='bbox 2016 5732 2198 5798; x_wconf 52' lang='lat' dir='ltr'><strong>habes:</strong></span> 
     </span>
    </p>
   </div>
   <div class='ocr_carea' id='block_1_78' title="bbox 355 5800 1903 5873">
    <p class='ocr_par' dir='ltr' id='par_1_78' title="bbox 355 5800 1903 5873">
     <span class='ocr_line' id='line_1_78' title="bbox 355 5800 1903 5873; baseline 0.001 -19"><span class='ocrx_word' id='word_1_877' title='bbox 355 5817 443 5854; x_wconf 70' lang='grc' dir='ltr'><strong>ιω·</strong></span> <span class='ocrx_word' id='word_1_878' title='bbox 479 5804 697 5868; x_wconf 77' lang='lat' dir='ltr'><strong>imperat</strong></span> <span class='ocrx_word' id='word_1_879' title='bbox 733 5806 973 5859; x_wconf 74' lang='lat' dir='ltr'><strong>servienti</strong></span> <span class='ocrx_word' id='word_1_880' title='bbox 999 5846 1011 5870; x_wconf 89' lang='lat'><strong>,</strong></span> <span class='ocrx_word' id='word_1_881' title='bbox 1063 5800 1203 5872; x_wconf 78' lang='lat' dir='ltr'><strong>quod</strong></span> <span class='ocrx_word' id='word_1_882' title='bbox 1261 5800 1363 5855; x_wconf 80' lang='lat' dir='ltr'><strong>nisi</strong></span> <span class='ocrx_word' id='word_1_883' title='bbox 1399 5801 1465 5856; x_wconf 87' lang='lat' dir='ltr'><strong>de</strong></span> <span class='ocrx_word' id='word_1_884' title='bbox 1500 5802 1678 5855; x_wconf 77' lang='lat' dir='ltr'><strong>divina</strong></span> <span class='ocrx_word' id='word_1_885' title='bbox 1730 5810 1903 5873; x_wconf 72' lang='lat' dir='ltr'><strong>prmi-</strong></span> 
     </span>
    </p>
   </div>
  </div>
