4100 6212
330 305 435 369 573

1452 310 1551 370 DE
1594 307 1998 370 PARADISO.
2039 329 2101 343 ’-
2147 307 2341 367 PARS
2386 310 2429 369 I.
2473 300 2480 306 ’

3464 309 3569 372 576

330 418 527 487 quibus
567 432 669 472 nos
723 433 939 488 quoque
1002 428 1124 489 post
1181 422 1633 478 resurrectionem
1691 422 1899 477 erimus
1936 419 2110 481 Aibus
2141 418 2356 474 texendi
2392 428 2595 473 autem,
2628 417 2700 472 De
2750 426 2950 488 quarto
2987 416 3247 485 dicimus,
3272 436 3364 476 eas
3404 434 3581 481 vestes

331 513 608 565 immunes
634 527 653 565 :
674 511 875 580 quippe
917 528 1009 581 per
1033 514 1130 567 has
1162 513 1377 569 tunicas
1406 515 1699 585 signilirari
1734 513 1910 567 maxi-

334 616 475 654 mam
516 601 661 654 illam
701 602 1058 657 tnutationem
1097 620 1219 674 quae
1257 605 1471 659 illorum
1495 606 1681 660 evenit
1707 621 1905 675 corpo-

332 694 488 749 ribus
544 704 665 763 post
716 694 1015 749 admissum
1070 707 1373 766 peccatum.
1427 697 1499 751 At
1550 699 1907 763 Athanasius,

337 785 585 840 oratione
629 786 698 840 de
749 802 937 853 cruce,
968 796 1023 842 et
1058 789 1318 844 dominus
1348 788 1583 859 Ephrem
1612 790 1703 843 ubi
1764 790 1910 844 hunc

334 881 510 931 locum
543 877 951 947 interpretatur,
998 872 1155 933 aiunt
1183 880 1283 933 has
1314 881 1524 934 tunicas
1548 897 1611 935 ex
1651 881 1903 936 animan-

2013 512 2313 581 appellatas
2344 525 2468 565 esse
2493 526 2522 563 a
2554 509 2720 573 Mose,
2752 510 3040 565 chuiiuitas
3075 511 3212 579 (9.6),
3254 514 3381 582 quia
3409 515 3582 585 ipsius

2012 611 2193 666 aetate,
2226 603 2328 655 hoc
2368 601 2635 654 vocabulo
2679 602 2961 655 hominum
3016 601 3255 656 amicula
3305 603 3583 673 significa.

2012 696 2238 759 lnntur,
2272 704 2339 749 ut
2382 696 2565 748 videre
2594 704 2679 749 est
2728 695 2793 749 de
2830 703 2983 749 veste
3015 691 3145 757 Joh,
3178 694 3413 764 Ioseph,
3439 696 3586 751 Tha-

2020 799 2163 848 mar,
2188 784 2425 853 denique
2458 784 2668 837 Domini
2704 784 2876 838 nostri
2911 783 3307 851 JesuChristi;
3341 801 3477 842 usus
3501 796 3587 841 est

2014 876 2179 945 igitur
2212 876 2295 929 sui
2330 874 2518 928 saeculi
2561 874 2827 929 vocabulo
2858 873 3056 929 Moses.
3091 875 3356 941 Quintum
3385 891 3451 931 ae
3482 892 3583 946 po-

335 970 467 1024 tium
494 970 726 1038 pellibus
777 971 1060 1025 confectas
1105 970 1298 1026 fuisse.
1349 970 1598 1041 Denique
1650 974 1987 1028 dominus!
2015 979 2278 1023 stremum
2324 976 2471 1031 erat,
2510 982 2608 1021 cur
2637 983 2787 1036 opus
2828 968 2992 1023 fuerit
3046 968 3370 1024 mortalibus
3401 980 3587 1031 veste,

332 1059 568 1114 Iacobus
623 1057 949 1129 Sarugensis
998 1061 1129 1114 dicit
1199 1061 1362 1115 vestis
1414 1062 1685 1131 quoddam
1738 1078 1921 1133 genus

335 1152 525 1214 fuisse,
560 1152 703 1220 quod
753 1153 881 1220 quia
918 1160 1061 1205 tactu
1095 1167 1345 1208 crassum
1394 1156 1731 1224 densumque
1768 1161 1905 1218 erat,

333 1243 532 1295 tunica).
565 1244 804 1311 pellicem
855 1243 1019 1297 fuerit
1058 1246 1413 1313 appellatum.

412 1332 565 1388 Unde
603 1336 882 1402 sumpserit
927 1335 1063 1388 Deus
1088 1338 1379 1402 primorum
1411 1345 1690 1405 parentum
1720 1347 1905 1391 vestes.

333 1455 401 1466 —
427 1425 497 1478 De
527 1427 714 1489 tertio,
748 1429 891 1481 unde
922 1428 1123 1481 fuerint
1158 1429 1356 1483 tunica:
1403 1430 1510 1484 ilice
1557 1437 1917 1499 comparatas,

335 1514 634 1584 Gregorius
672 1514 999 1586 Theologus,
1049 1528 1254 1572 etcum
1297 1534 1363 1573 eo
1395 1521 1497 1574 alii
1521 1521 1615 1588 qui
1648 1521 1907 1573 arborum

334 1610 565 1661 cortices
605 1606 775 1661 fuisse
832 1608 1331 1675 volunt;.arbores
1375 1611 1714 1679 deglubiisse
1766 1609 1908 1664 Ada-

335 1716 481 1753 mum
515 1708 569 1752 et
596 1697 759 1752 Evam
799 1700 986 1753 dicunt
1020 1718 1034 1754 :
1070 1711 1324 1755 cartorum
1352 1701 1557 1758 Mosem
1591 1703 1713 1757 ideo
1736 1701 1908 1756 factas

334 1807 454 1845 esse
479 1807 508 1843 a
543 1778 653 1845 Deo
679 1791 886 1855 dicere,
911 1792 1034 1858 quia
1069 1793 1152 1847 hic
1178 1793 1287 1847 illis
1324 1795 1379 1847 in
1411 1804 1647 1848 mentem
1682 1795 1907 1851 immisit

336 1896 394 1938 ut
434 1890 692 1939 arborum
749 1885 1048 1939 corticibus
1089 1899 1149 1940 se
1183 1884 1472 1941 vestirent.
1512 1886 1580 1940 At
1610 1886 1910 1957 Gregorius

337 1976 630 2047 Nyssaenus
659 1988 711 2031 et
743 1977 1077 2033 Philoxenus
1099 2017 1114 2040 ,
1147 1993 1381 2048 quorum
1434 1978 1770 2032 sententiam
1800 1994 1909 2032 nu-

336 2085 428 2138 per
463 2071 853 2132 recitarimus,
906 2070 1061 2123 aiunt
1112 2084 1173 2123 ea
1223 2070 1364 2123 mala
1414 2070 1621 2137 primos
1653 2080 1907 2139 parentes

336 2164 485 2229 (quia
537 2161 766 2231 peccati,
830 2175 859 2213 a
918 2160 1026 2214 Deo
1058 2160 1307 2214 damnati
1334 2161 1539 2231 essent)
1605 2162 1908 2228 invasisse;

338 2252 505 2322 idque
560 2268 682 2307 esse
738 2252 881 2322 quod
937 2252 1114 2307 Moses
1164 2252 1375 2319 scribit,
1437 2254 1603 2308 Deum
1668 2254 1912 2309 induisse

335 2346 457 2400 illos
480 2361 572 2400 eas
607 2346 842 2399 tunicas.
877 2343 1124 2414 Denique
1159 2346 1498 2401 Athanasius
1552 2355 1611 2401 et
1644 2347 1911 2402 dominus

336 2438 603 2508 Ephrem,
644 2439 738 2509 qui
773 2436 1093 2492 animalium
1147 2438 1317 2508 pelles
1375 2438 1547 2493 fuisse
1596 2449 1915 2506 autumant,

334 2530 542 2594 dicunt,
591 2529 843 2583 mactatis
885 2544 977 2583 eas
1027 2530 1325 2598 pecudibus
1356 2529 1660 2585 detraxisse
1705 2532 1911 2599 primos

336 2632 591 2693 parentes
650 2631 815 2691 atque
860 2622 1219 2677 concinnasse
1268 2622 1325 2676 in
1366 2631 1571 2676 vestem
1607 2623 1698 2677 Dei
1755 2632 1911 2679 nutu.

336 2714 619 2767 Postremo
642 2712 895 2767 dominus
927 2711 1167 2767 Jacobus
1199 2708 1528 2782 Sarugensis
1556 2712 1709 2777 dicit,
1741 2713 1910 2767 Deum

336 2823 398 2863 ea
430 2807 746 2859 indumenta
787 2820 853 2858 ex
904 2805 1075 2859 nihilo
1107 2805 1405 2861 creavisse.
1451 2806 1653 2860 Scribit
1680 2808 1825 2861 enim
1856 2806 1910 2862 in

338 2900 453 2953 hmc
499 2898 658 2951 verba
693 2897 1023 2951 :Contexuit
1056 2898 1268 2953 tunicas
1294 2913 1359 2952 ex
1395 2898 1589 2961 nihilo,
1615 2908 1670 2953 et
1693 2899 1910 2953 vestivit

336 2994 504 3060 ipsos.
531 2990 594 3045 Et
620 3006 806 3043 rursus
834 2989 1025 3056 :Quia,
1053 2991 1249 3060 inquit,
1277 3000 1422 3044 tactu
1453 2991 1618 3046 rudes
1640 3000 1692 3045 et
1714 3006 1914 3047 crassa:

336 3094 513 3145 erant,
551 3084 843 3153 appellavit
875 3083 1073 3152 pelles;
1109 3088 1344 3138 attexuit
1383 3091 1565 3137 autem
1601 3083 1747 3152 ipsas
1774 3099 1910 3153 pau—
1937 3123 1984 3183 Ο

338 3176 489 3230 latin‘
526 3177 851 3244 corporibus
881 3177 1146 3246 ipsorum,
1180 3190 1286 3230 suo
1328 3184 1461 3229 nutu
1490 3184 1654 3243 atque
1684 3176 1754 3228 ita
1781 3174 1911 3229 dum

339 3284 446 3321 non
495 3269 739 3321 sentiunt
782 3267 1084 3322 induuntur
1131 3267 1354 3331 tunicis,
1389 3267 1484 3321 sed
1535 3282 1629 3321 eas
1660 3266 1773 3335 jam
1817 3282 1913 3320 ve-

340 3358 450 3411 stiti
486 3357 670 3409 vident
731 3357 971 3410 tandem.
1031 3355 1199 3410 Porro
1253 3372 1355 3411 nos
1408 3372 1533 3410 cum
1593 3356 1915 3421 Athanasio,

342 3459 506 3517 atque
541 3448 767 3501 domino
806 3446 1041 3516 Ephrem
1072 3463 1362 3503 censemus
1393 3449 1712 3503 animalium
1746 3449 1916 3520 pelles

344 3542 535 3594 fuisse.
575 3540 632 3594 Si
666 3555 794 3594 vero
826 3540 876 3593 id
928 3540 1256 3610 redarguere
1308 3542 1431 3612 quis
1488 3549 1739 3607 conetur,
1789 3541 1918 3610 quia

346 3634 556 3687 nullum
593 3633 797 3686 animal
849 3633 1085 3702 iugulari
1146 3633 1325 3689 adhuc
1357 3635 1614 3703 potuerit,
1642 3634 1860 3703 quando
1890 3648 1921 3688 e

344 3726 574 3796 singulis
604 3726 896 3793 generibus
952 3740 1049 3795 par
1095 3726 1313 3779 unicum
1369 3727 1649 3780 conditum
1710 3725 1915 3790 fuerat,

346 3833 520 3887 eoque
552 3816 671 3871 sine
719 3818 934 3885 generis
966 3818 1131 3871 unius
1166 3817 1393 3871 interitu
1448 3818 1653 3871 nullum
1717 3818 1919 3871 animal

350 3918 645 3961 mactatum
690 3906 916 3973 fuisset;
956 3923 1217 3978 negamus
1247 3909 1473 3962 unicum
1515 3910 1781 3963 duntaxat
1825 3925 1922 3979 par

352 3999 407 4053 iu
441 4001 769 4054 animalium
815 4001 1108 4068 generibus
1154 4001 1387 4070 singulis
1440 4001 1609 4055 fuisse
1644 4000 1927 4067 eﬂ'cctum,

348 4109 523 4162 neque
549 4094 695 4147 enim
732 4094 835 4148 hoc
874 4094 1049 4149 sacris
1079 4094 1300 4148 Litteris
1328 4097 1597 4164 proditum
1617 4104 1718 4151 cst.
1740 4094 1926 4150 Enim-

349 4200 477 4239 vero
522 4187 662 4240 Deus
686 4186 779 4255 qui
828 4186 1076 4257 permisit
1108 4188 1305 4242 Adami
1338 4187 1571 4242 arbitrio
1607 4196 1667 4241 ut
1700 4202 1933 4257 peccare

352 4288 561 4347 posset,
613 4293 858 4349 opusque
915 4279 1136 4333 haberet
1209 4280 1531 4334 indumento
1564 4318 1583 4345 ,
1650 4286 1931 4333 creaverat

352 4373 637 4439 complura
666 4371 919 4425 animalia
947 4388 967 4437 ;
996 4386 1228 4442 cumque
1268 4373 1361 4426 itte
1396 4372 1594 4426 violata
1647 4371 1765 4442 lege
1796 4386 1924 4441 pec.

2013 1061 2105 1116 hic
2132 1060 2403 1121 dicimus,
2423 1068 2483 1113 ut
2511 1060 2830 1129 augustiore
2865 1070 3031 1129 atque
3073 1059 3407 1128 elegantiora
3434 1061 3584 1115 cultu

2011 1162 2214 1215 essent.
2242 1168 2417 1223 eoque
2444 1169 2483 1208 a-
2506 1154 2683 1209 brutis
2718 1155 3092 1212 animantibus
3115 1156 3445 1222 diti‘errent;
3468 1166 3582 1211 tum

2011 1246 2181 1301 etiam
2210 1254 2271 1300 ut
2287 1245 2489 1299 armati
2513 1254 2709 1301 essent
2728 1246 3003 1302 adversus
3026 1247 3253 1318 frigora;
3271 1258 3327 1303 et
3351 1257 3580 1310 aestum;

2012 1338 2223 1400 adha'c,
2284 1347 2347 1391 ut
2394 1338 2633 1391 laterent
2680 1338 2928 1394 libidinis
2987 1340 3349 1394 irritamenta.
3386 1338 3453 1393 Et
3510 1342 3593 1394 ait

2014 1430 2269 1484 Dominus
2302 1430 2443 1483 Deus
2479 1448 2493 1484 :
2522 1428 2613 1483 Em
2642 1429 2812 1493 Adam
2844 1430 3021 1499 factus
3045 1440 3119 1484 est
3146 1441 3202 1484 ut
3226 1449 3410 1487 unuse
3433 1434 3585 1487 nobis

2010 1525 2066 1578 in
2093 1522 2609 1592 cognoscendo‘bono
2624 1533 2672 1576 et
2698 1522 2862 1577 uiola.
2888 1521 3257 1592 Contemptim
3293 1532 3351 1578 et‘
3381 1525 3589 1580 ironice

2012 1615 2126 1669 haec
2156 1630 2186 1669 a
2221 1615 2331 1669 Deo
2354 1614 2613 1669 dicuntur
2639 1615 2706 1668 de
2728 1614 2936 1670 Adamo
2963 1616 3056 1684 qui
3082 1617 3347 1671 damonis
3377 1617 3587 1673 faﬂ‘aci»

2012 1707 2115 1761 bus
2139 1706 2322 1759 verbis
2368 1706 2689 1761 auscultans
2725 1718 2925 1775 captus,
2968 1705 3177 1773 fuerat;
3217 1708 3361 1762 sicut
3423 1709 3587 1763 David

2012 1795 2223 1851 inducit
2252 1793 2429 1849 Deum
2461 1793 2861 1863 despicientem
2890 1804 3082 1861 gentes
3127 1810 3248 1862 qua:
3297 1794 3589 1849 adversum

2016 1903 2083 1943 se
2137 1888 2557 1941 insurrexerunt
2599 1902 2621 1938 ι
2652 1883 2757 1948 Qui
2785 1886 2953 1947 sedet,
2989 1885 3245 1951 inquiens
3270 1925 3284 1946 .
3334 1886 3391 1939 iu
3444 1886 3591 1939 ςωιὲσ

2010 1978 2290 2043 deridebit,
2312 1987 2361 2032 et
2398 1976 2657 2029 Dominus
2676 1974 2869 2029 illudet
2894 1976 3023 2045 ipsis
3047 1975 3116 2028 ".
3156 1974 3291 2029 Nam
3329 1990 3426 2045 per
3464 1976 3592 2029 iliuo

2012 2072 2266 2137 sionem,
2337 2080 2503 2139 atque
2569 2068 2875 2134 deridens,
2940 2068 3016 2122 ait
3054 2067 3326 2123 accidisse
3382 2068 3593 2122 Adamo

2012 2164 2283 2235 quidquid
2311 2160 2542 2220 Satanas
2580 2160 2685 2230 ipsi
2717 2161 3047 2225 promiserat
3076 2178 3089 2214 :
3122 2170 3179 2215 ut
3224 2161 3318 2230 qui
3361 2162 3472 2230 jam
3509 2161 3588 2215 si-

2011 2258 2155 2313 milis
2185 2256 2413 2312 deorum
2447 2254 2695 2323 euipianr
2730 2252 2915 2307 factus
2946 2253 3055 2317 sit;
3090 2252 3305 2308 scilicet
3334 2252 3427 2322 qui
3471 2267 3593 2322 qua:

2013 2353 2155 2408 bona
2197 2351 2448 2421 malaque
2465 2359 2624 2412 sunt,
2639 2348 2860 2417 cognita
2887 2346 3101 2402 habeat.
3127 2344 3395 2400 Caeterum
3432 2360 3595 2400 usuro

2013 2454 2109 2516 pat
2125 2444 2389 2513 pluralem
2426 2450 2744 2501 numerum,
2769 2449 2822 2491 ut
2867 2453 3003 2492 unus
3034 2454 3061 2491 e
3106 2437 3291 2501 nobis,
3313 2437 3601 2506 inquiens,

2014 2539 2136 2592 sive
2184 2544 2408 2605 propter
2439 2531 2729 2586 Trinitatis
2779 2538 3189 2585 mcrwanctum
3247 2528 3591 2599 mysterium,

2013 2630 2131 2685 sive
2159 2629 2287 2697 quia
2312 2627 2567 2681 diabolus
2601 2624 2789 2679 itidem
2827 2623 3023 2692 plurali
3062 2638 3291 2676 numero
3321 2622 3539 2676 dixerat
3566 2634 3580 2671 :

2015 2722 2185 2776 Eritis
2208 2721 2349 2774 sicut
2371 2719 2483 2783 dii,
2503 2719 2725 2772 scientes
2745 2718 2867 2771 boni
2898 2726 2949 2770 et
2979 2717 3130 2769 moli.
3166 2714 3411 2771 Possunt
3428 2715 3591 2769 etiam

2014 2816 2131 2870 hate
2180 2813 2349 2867 verba»
2392 2826 2491 2881 pro
2534 2826 2597 2865 ea
2630 2809 3036 2864 consuetudine
3067 2808 3211 2862 dicta
3248 2806 3448 2876 accipi,
3481 2822 3594 2873 qua

2013 2910 2192 2962 solent
2221 2905 2473 2959 homines
2499 2902 2707 2957 domini
2738 2916 2929 2957 servos
2972 2916 3107 2956 suos
3138 2917 3184 2954 an
3205 2900 3335 2955 erbe
3367 2899 3595 2969 alloqui,

2014 3002 2061 3057 si
2100 2998 2698 3070 qtmdocontumces
2729 2994 2981 3050 conferre
3012 3010 3073 3050 se
3100 3010 3195 3065 per
3235 2994 3593 3048 teuacritatem

2015 3109 2140 3148 cum
2185 3093 2317 3161 ipsis
2353 3091 2580 3144 audent.
2633 3089 2831 3144 Dicunt
2860 3088 3007 3142 enim
3043 3105 3064 3143 ι
3089 3088 3171 3142 Eu
3194 3087 3306 3156 jam
3339 3084 3470 3138 mihi
3501 3098 3598 3153 par

2018 3184 2262 3241 evasisti.
2300 3183 2608 3237 Adversum
2657 3182 2811 3235 enim
2838 3180 2990 3249 jassa
3035 3178 3311 3233 eﬂ'ectnris
3366 3176 3459 3231 sui
3502 3174 3599 3229 Dei

2017 3278 2262 3332 Adamus
2295 3268 2527 3337 fecerat,
2556 3273 2947 3343 cupiveratqne
2979 3272 3054 3327 illi
3083 3271 3309 3341 aequalis
3341 3270 3596 3324 evadere.

2019 3370 2149 3425 Tale
2178 3370 2340 3424 etiam
2379 3368 2515 3422 illud
2547 3366 2754 3422 Christi
2777 3375 2867 3421 est
2891 3367 2959 3419 ad
2985 3364 3179 3419 Italam
3216 3363 3589 3434 proditorem:

2021 3463 2186 3533 Cujus
2216 3467 2297 3516 rei
2317 3477 2483 3515 causa
2505 3461 2713 3523 emisti,
2741 3461 2879 3513 socie
2914 3459 2988 3511 lli
3007 3458 3092 3511 ὀἳ
3121 3456 3357 3510 Possunt
3382 3462 3602 3524 praeter-

2022 3570 2084 3610 ea
2113 3556 2166 3608 in
2204 3553 2348 3608 hanc
2403 3567 2625 3623 quoque
2664 3549 3353 3621 iaterpetarisententiam
3390 3545 3597 3600 :Adam

2022 3656 2310 3717 postquam
2336 3644 2451 3699 edit
2468 3645 2533 3699 de
2566 3644 2766 3698 arbore
2800 3647 2989 3707 vetita,
3023 3642 3139 3709 ipsa
3160 3639 3241 3695 rei:
3261 3636 3599 3707 experientia

2022 3739 2216 3793 didicit
2263 3736 2393 3806 quid
2453 3736 2656 3789 bonum
2687 3743 2834 3790 esset
2864 3743 2925 3790 et
2955 3734 3089 3803 quid
3122 3732 3349 3794 malum,
3376 3729 3521 3784 sient
3548 3736 3604 3782 et

2026 3828 2173 3883 heus
2217 3827 2305 3880 illa
2337 3827 2557 3897 cognita
2594 3826 2793 3890 habet;
2857 3840 2965 3878 non
2996 3824 3227 3894 quidem
3255 3821 3343 3877 hic
3380 3835 3477 3890 per
3503 3835 3602 3874 ex-

2027 3918 2381 3989 perientiam,
2422 3917 2515 3971 sed
2559 3925 2615 3968 ut
2646 3915 2698 3969 is
2727 3916 2822 3984 qui
2864 3916 3046 3968 omnia
3076 3916 3266 3977 novit,
3301 3911 3595 3981 praeterita,

2025 4009 2337 4082 pnrsentia,
2397 4006 2599 4061 futura.
2650 4006 2892 4060 Adamus
2920 4005 3069 4059 enim
3117 4005 3441 4074 priusquam
3490 4002 3605 4055 frit.

2029 4113 2175 4158 ctum
2212 4117 2318 4172 quo
2359 4100 2462 4155 sibi
2509 4099 2869 4153 interdictum
2897 4106 3034 4161 erant,
3070 4104 3363 4160 gustasset,
3394 4108 3488 4163 per
3516 4107 3607 4147 so-

2033 4195 2147 4247 iam
2198 4191 2589 4261 cogitationem
2637 4187 2977 4256 'mtelligehat
3019 4185 3150 4253 quid
3200 4184 3412 4236 bonum
3435 4190 3603 4244 esset,

2031 4286 2269 4355 quidque
2325 4284 2559 4345 mnium,
2589 4290 2711 4352 post
2743 4294 2873 4334 vero
2902 4294 2995 4348 per
3030 4278 3203 4345 ipsum
3236 4275 3407 4327 etiam
3437 4286 3606 4341 expe-

2035 4376 2281 4431 rientiam
2311 4394 2324 4427 :
2358 4374 2455 4428 sed
2479 4374 2622 4427 Deus
2649 4370 3005 4426 exactissime
3050 4377 3215 4435 atque
3251 4364 3444 4417 intime
3476 4378 3601 4415 om-

356 4472 535 4519 casset
583 4465 819 4518 humana
852 4479 910 4519 se
958 4466 1139 4534 specie
1184 4466 1375 4535 primis
1401 4466 1716 4535 parentibus
1742 4472 2005 4536 esten-1)
2034 4466 2127 4519 nia
2186 4464 2471 4528 cognoscit
2514 4479 2639 4518 eum
2700 4463 2772 4517 sit
2818 4458 3071 4514 conditor
3112 4456 3446 4522 effectorque
3493 4466 3607 4504 om-

350 4558 507 4621 dens,
547 4556 724 4612 induit
761 4558 908 4627 ipsos
930 4558 1119 4626 pelles,
1160 4558 1279 4612 solo
1310 4558 1432 4627 eius
1455 4569 1587 4613 mtto
1618 4558 1925 4628 pecudibus

353 4651 663 4716 detractas;
701 4661 865 4721 atque
892 4652 1080 4714 verbo.
1112 4651 1173 4705 in
1196 4652 1409 4706 tunicas
1437 4651 1840 4707 conformatas.
1869 4653 1939 4705 Et

358 4757 489 4795 vero
555 4743 810 4798 dominus
868 4742 1103 4813 Ephrem
1155 4743 1235 4797 ait
1298 4742 1531 4798 fortasse
1577 4759 1763 4798 coram
1826 4743 1932 4800 illis

345 4834 629 4901 jugulatas
659 4850 783 4889 esse
804 4836 1063 4905 pecudes,
1088 4845 1147 4889 ut
1178 4851 1369 4890 earum
1398 4851 1595 4891 carnes
1621 4836 1720 4904 ipsi
1754 4850 1933 4891 veseee

354 4932 569 4987 rentur,
641 4925 919 4993 coriisque
985 4926 1285 4981 nuditatem
1348 4941 1502 4980 suam
1566 4927 1933 4994 cooperirent,

350 5013 592 5083 denique
621 5030 689 5069 ex
736 5018 977 5086 ipsarum
1010 5030 1182 5072 morte
1213 5033 1273 5073 se
1302 5034 1520 5088 quoque
1555 5020 1802 5073 mortalia
1833 5020 1932 5072 ha-

352 5106 480 5160 bere
510 5122 745 5177 corpora
778 5109 1163 5181 intelligerent.
1200 5110 1295 5166 Est
1324 5128 1488 5181 porro
1518 5122 1575 5167 et
1606 5113 1707 5167 hoc
1738 5124 1931 5167 notan-

353 5198 651 5262 dum,esse
683 5215 748 5253 ex
779 5200 1135 5267 interpretum
1169 5218 1397 5257 numero
1413 5206 1504 5271 qui
1525 5203 1695 5269 dicat,
1716 5203 1842 5257 inde
1866 5203 1934 5258 ab

357 5288 568 5344 Atlamo
599 5302 652 5344 et
688 5291 796 5346 Eva
836 5303 1066 5348 cunctos
1111 5296 1370 5350 mortales
1402 5297 1630 5365 pellibus
1680 5297 1934 5351 animam

360 5384 495 5436 lium
527 5383 755 5437 vestitos
792 5385 964 5440 fuisse
998 5386 1066 5440 ad
1103 5387 1376 5441 inventam
1409 5404 1581 5458 usque
1605 5390 1673 5443 ab
1699 5388 1934 5443 hominis

423 5540 471 5573 "
508 5542 655 5599 Psal.
700 5560 760 5610 ll,
804 5545 892 5600 40.
969 5542 1013 5575 ⁹⁰
1059 5542 1247 5599 Matth.
1298 5561 1445 5613 xxvt,
1486 5546 1577 5601 50.

2034 4556 2213 4611 nium.
2248 4553 2493 4623 Denique
2511 4552 2587 4607 ita
2620 4566 2917 4622 possumus
2950 4547 3257 4616 intelligere
3287 4543 3439 4597 dicta
3482 4542 3610 4604 ista,

2030 4662 2098 4702 ae
2122 4647 2170 4702 si
2202 4646 2350 4701 Beas
2399 4646 2516 4715 ipse
2564 4630 2789 4699 accuset
2824 4642 3161 4696 voluntatem
3209 4636 3608 4703 arbitriumque

2031 4739 2337 4806 Αριθωίρυὶ
2368 4737 2705 4792 aﬂectaverit
2729 4735 2870 4789 Deus
2892 4748 3034 4797 esse,
3065 4731 3209 4801 quod
3240 4729 3352 4783 ﬁeri
3382 4740 3611 4797 prorsus

2036 4832 2329 4899 nequiret;
2358 4845 2484 4883 nam
2514 4827 2827 4883 mortalium
2860 4840 3019 4879 nemo
3051 4838 3145 4892 per
3174 4830 3353 4875 tantas
3381 4822 3609 4872 virtutes

2034 4925 2207 4978 vitam
2253 4938 2415 4993 agere
2458 4930 2659 4991 potest,
2701 4930 2761 4974 ut
2798 4918 2896 4972 Dei
2953 4927 3208 4971 laturam
3258 4919 3607 4989 assequatur.

2032 5013 2150 5069 Erit
2181 5014 2371 5083 itaque
2415 5013 2505 5067 hic
2534 5011 2831 5067 verborum»
2862 5022 3058 5088 sensus
3092 5023 3104 5060 :
3151 5006 3228 5059 En
3266 5004 3437 5057 Adam
3457 4998 3608 5067 cupi-

2030 5108 2107 5161 νίί
2138 5108 2357 5176 σιιῑσιω
2385 5120 2509 5161 esse
2538 5105 2717 5175 qualis
2736 5119 2881 5159 unus
2908 5112 3178 5159 nostrum,
3210 5111 3395 5151 verum
3427 5104 3602 5159 neque

2032 5198 2213 5253 factus
2237 5209 2342 5262 est,
2388 5213 2453 5252 ac
2484 5208 2663 5267 neque
2706 5196 2870 5251 etiam
2900 5209 2960 5248 ut
3010 5195 3103 5247 liat
3145 5191 3229 5245 fas
3262 5196 3366 5242 est.
3420 5185 3606 5249 Itaque

2035 5293 2169 5348 illud
2210 5311 2223 5347 :
2258 5292 2341 5346 Eu
2377 5292 2549 5361 facta:
2583 5303 2683 5356 est,
2740 5291 2965 5361 perinde
3010 5290 3115 5343 erit
3148 5300 3213 5339 ac
3264 5282 3309 5336 si
3365 5278 3608 5345 negative

2034 5388 2188 5444 dicas
2225 5406 2237 5441 :
2273 5385 2395 5441 Non
2442 5396 2528 5442 est
2552 5386 2730 5441 factus
2757 5396 2818 5440 ut
2848 5398 2993 5440 unus
3023 5390 3290 5437 nostrum.
3314 5372 3441 5427 lein
3466 5388 3606 5435 τετυ,

428 5686 543 5752 (‘26)
574 5685 693 5767 Syri
733 5699 928 5741 vocant
970 5687 1232 5751 tunicam,
1272 5688 1589 5767 Cui/mimo,
1615 5688 1930 5766 ahllcbrtro
1993 5692 2277 5756 Vocabulu,
2319 5688 2591 5757 Ccloncth,
2665 5690 2778 5745 sive
2832 5685 3142 5750 Gnttouctlt,
3180 5700 3343 5756 aquo
3370 5695 3421 5739 ct
3453 5682 3606 5741 Gne-

355 5772 477 5809 cum
508 5760 674 5825 χιτὼν
711 5768 894 5813 natum
929 5771 1031 5824 cst,
1065 5768 1120 5811 ut
1156 5777 1252 5828 rgo
1280 5768 1423 5814 certe
1451 5760 1704 5825 cuujit'to.
