4100 6212
460 289 565 349 575

1666 251 1670 254 ’
1746 289 1974 351 MOSIS
2014 294 2164 354 BAR
2206 296 2451 357 CEPHA

3620 297 3722 360 576

453 403 704 471 fortassis
736 402 985 457 extendat
1015 418 1227 457 manum
1257 419 1406 458 suam
1445 414 1493 458 et
1527 412 1707 457 sumat
1753 404 1817 459 de
1859 404 2049 462 arbore

2162 416 2192 469 si
2223 416 2288 471 ad
2325 410 2574 472 arborem
2613 417 2737 473 vitae
2776 417 2970 473 fuisset
3024 415 3329 477 admissus,
3373 420 3433 467 ut
3464 427 3563 467 nec
3599 412 3722 468 vita:

453 496 577 549 vita:
629 504 679 549 et
704 496 820 549 edat
853 512 914 549 ac
953 496 1089 549 vivat
1118 497 1174 549 in
1203 505 1477 551 wternum.
1505 493 1606 551 Hic
1633 510 1797 551 causa
1828 497 2037 567 profer-

454 597 568 650 tur,
594 602 696 640 cur
729 602 835 640 non
880 589 952 641 sit
978 588 1202 643 relictus
1231 589 1477 642 Adamus
1507 587 1559 641 in
1593 588 1856 658 paradiso
1882 600 2036 658 post-

457 693 620 748 quam
649 678 940 732 adversum
958 678 1128 747 legem
1163 678 1259 731 Dei
1293 677 1534 747 fecisset,
1568 679 2034 750 deliquissetque;

457 781 652 842 estque
706 771 798 826 hic
838 768 1060 825 collatio
1096 769 1310 824 arboris
1331 770 1455 824 vita:
1482 786 1605 826 cum
1641 771 1833 826 arbore
1859 772 2040 826 scien-

459 865 588 931 tias;
633 863 790 933 quasi
842 862 991 916 dicat
1044 861 1188 917 Deus
1223 878 1239 915 :
1277 860 1431 916 Sicut
1463 862 1745 931 protendit
1786 878 2038 928 manum,

460 954 808 1025 sumpsitque
843 954 911 1008 de
952 953 1146 1007 athore
1174 952 1418 1007 scientia:
1441 960 1493 1007 et
1521 955 1781 1016 comedit,
1818 970 1923 1024 qua
1955 956 2041 1009 in-

432 1032 433 1035 “
463 1045 792 1102 tcrdixeram
824 1045 894 1107 ei,
924 1054 1285 1113 protensurus
1306 1054 1387 1099 est
1409 1047 2036 1117 manum,’sumpturus-

460 1154 569 1208 que
598 1137 762 1192 etiam
791 1136 860 1191 de
891 1139 1091 1191 arbore
1113 1136 1235 1190 vitae
1265 1146 1429 1206 atque
1461 1153 1684 1204 esurus,
1720 1153 1785 1193 ac
1813 1140 2041 1208 proinde

462 1231 715 1284 victurus
756 1229 810 1282 in
846 1237 1168 1298 perpetuum
1202 1229 1247 1283 si
1283 1229 1339 1283 in
1368 1229 1622 1298 paradiso
1666 1231 2034 1302 relinquatur.

460 1321 595 1375 Nam
631 1320 678 1375 si
713 1321 934 1375 vetitam
980 1322 1231 1376 arborem
1282 1329 1528 1391 tangere,
1566 1323 1824 1392 vescique
1872 1339 2040 1379 ausus

463 1424 571 1479 est,
603 1422 809 1483 quanto
847 1411 1021 1482 magis
1061 1427 1171 1466 non
1207 1413 1432 1467 vetitam
1470 1413 1809 1484 contingere,
1855 1414 2046 1470 edere-

461 1520 568 1575 que
591 1504 849 1558 audebit?
879 1502 1051 1557 Porro
1082 1504 1213 1558 illud
1249 1523 1262 1558 :
1298 1502 1382 1559 Ne
1416 1506 1687 1574 fortassis,
1739 1520 1852 1560 non
1888 1506 2039 1561 acci-

462 1598 722 1667 piendum
755 1607 840 1653 est
879 1599 1036 1667 quasi
1067 1598 1232 1651 dubie
1262 1597 1470 1652 dictum
1502 1598 1532 1651 s
1565 1597 1676 1653 Deo
1697 1612 1859 1668 quem
1904 1598 2043 1652 nihil

464 1690 713 1743 omnium
747 1690 900 1755 latet,
933 1688 1047 1744 sive
1080 1688 1435 1757 prasteritum,
1470 1690 1585 1743 sive
1625 1704 1893 1758 praesens,
1925 1690 2041 1744 sive

2138 498 2213 559 ita
2277 522 2449 574 neque
2505 508 2755 562 dolorum
2809 522 3285 577 aerumnarutnque
3342 503 3545 573 quibus
3602 504 3720 559 hate

2138 596 2333 652 fuisset
2358 599 2535 668 plena,
2557 615 2792 669 unquam
2816 600 2973 653 finem
3006 607 3292 652 assecutus
3327 596 3522 651 fuisset
3550 614 3565 661 ;
3593 596 3705 663 jam

2143 689 2289 741 enim
2336 692 2781 757 pronuntiaverat
2814 691 2978 754 Deus,
3007 704 3132 743 cum
3163 687 3444 743 doloribus
3470 689 3716 740 anxieta-

2138 771 2393 843 tibusque
2453 774 2604 828 illutn
2639 774 2911 828 victurum
2954 790 2969 829 :
3006 787 3177 843 quare
3211 771 3256 826 si
3290 781 3491 835 aeterna
3532 769 3726 824 fuisset

2138 879 2200 918 ea
2244 865 2373 926 vita,
2416 865 2650 920 fuissent
2678 875 2731 920 et
2780 865 3015 921 miseriae
3047 864 3405 918 immortales.
3457 862 3724 918 Praeterea

2140 951 2262 1010 ideo
2300 956 2463 1010 etiam
2511 956 2581 1011 ab
2609 956 2807 1011 arbore
2840 956 2966 1010 vitae
2997 955 3148 1010 illum
3202 953 3445 1009 coercuit
3509 969 3577 1008 ne
3621 956 3725 1008 im—

2139 1047 2519 1102 mortalitatem
2556 1049 2805 1118 adeptus,
2831 1062 2924 1117 per
2950 1046 3327 1103 conﬁdentiam
3350 1048 3578 1116 agitaret
3609 1064 3726 1101 om-

2139 1153 2262 1191 nem
2302 1139 2486 1205 vitatn,
2515 1142 2608 1194 sed
2637 1140 2880 1194 animum
2908 1140 2972 1193 ad
3009 1138 3385 1208 paenitentiam
3420 1137 3721 1203 induceret,

2141 1228 2395 1297 hancque
2443 1244 2632 1283 curam
2668 1230 2895 1284 haberet
2924 1228 3099 1283 donec
3139 1228 3355 1282 tandem
3383 1228 3451 1281 de
3485 1228 3607 1281 vita:
3639 1243 3725 1281 ar-

2144 1317 2279 1371 bore
2322 1326 2506 1384 posset
2536 1318 2722 1382 edere,
2753 1318 2874 1387 ipso
2906 1317 3269 1387 Christo‘qui
3296 1317 3420 1371 vitae
3448 1317 3613 1371 arbor
3643 1328 3729 1373 est

2143 1410 2372 1479 mystico
2393 1424 2581 1464 sensu.
2612 1410 2853 1481 Denique
2881 1411 3051 1480 ipsius
3084 1411 3337 1481 pravitas
3355 1420 3617 1481 perpetua
3643 1427 3730 1466 es-

2145 1509 2249 1563 set,
2286 1500 2600 1569 cujusmodi
2631 1511 2711 1557 est
2750 1502 2975 1559 diaboli.

2217 1593 2325 1648 Cur
2358 1610 2384 1647 e
2414 1593 2667 1663 paradiso
2712 1594 2908 1663 ejectus
2941 1596 3138 1651 Adam.
3166 1626 3238 1638 -—
3268 1595 3344 1650 De
3375 1596 3526 1651 hisce
3566 1596 3731 1665 igitur

2147 1687 2335 1743 causis
2369 1686 2679 1757 prohibitus
2710 1697 2793 1743 est
2831 1689 3000 1742 Adam
3032 1691 3102 1744 ab
3147 1690 3343 1744 arbore
3383 1690 3525 1744 vitae.
3557 1689 3730 1745 Caete-

466 1781 712 1836 futurum
738 1798 753 1836 :
783 1783 983 1851 quippe
1006 1781 1152 1835 enim
1185 1789 1243 1834 ut
1271 1795 1384 1843 rem
1412 1781 1780 1837 certissimam
1811 1781 2046 1836 allirmat
2079 1767 2121 1823 Β
2152 1794 2274 1834 rum
2314 1778 2434 1834 alia:
2468 1789 2615 1845 sunt,
2651 1794 2749 1834 cur
2786 1780 3041 1849 paradiso
3064 1781 3138 1835 sit
3166 1781 3499 1836 eliminatus.
3524 1779 3731 1851 Nempe

469 1883 819 1942 sumpturum
847 1873 1001 1926 illum
1037 1872 1104 1925 de
1130 1872 1328 1927 arbore
1354 1873 1500 1937 vitae,
1532 1883 2044 1943 comesturumque,

469 1974 631 2034 atque
662 1972 924 2035 perpetuo
976 1963 1252 2018 victurum
1298 1963 1404 2018 nisi
1449 1964 1706 2034 paradiso
1759 1964 2039 2036 ejiciatur.

466 2052 733 2129 Caeterum
766 2070 1017 2124 quaenam
1053 2053 1221 2108 fuerit
1251 2053 1341 2109 illa
1371 2055 1497 2110 vita:
1532 2056 1715 2123 arbor,
1749 2066 1803 2112 et
1843 2070 1943 2110 cur
1981 2070 2047 2112 eo

469 2147 692 2201 nomine
726 2145 1034 2217 appellata,
1095 2152 1220 2199 ante
1292 2146 1883 2211 commemoravimus;
1952 2145 2046 2200 ubi

478 2238 614 2295 illud
648 2254 869 2309 quoque
920 2238 1162 2295 diximus
1210 2253 1320 2309 qua
1378 2237 1446 2293 de
1477 2252 1645 2293 causa
1700 2237 2044 2292 interdixerit

477 2333 623 2387 Deus
649 2332 881 2395 Adamo,
938 2331 1138 2387 arbore
1171 2331 1321 2386 vitae.
1360 2334 1430 2385 Et
1467 2330 1689 2384 immisit
1728 2331 1902 2399 ipsum
1935 2329 2044 2383 Do-

472 2428 644 2480 minus
680 2425 821 2480 Deus
854 2434 1008 2479 extra
1053 2424 1365 2493 paradisum
1414 2421 1580 2489 Eden,
1617 2430 1675 2475 ut
1721 2420 1915 2475 coleret
1948 2430 2029 2475 ter

474 2536 588 2573 ram
619 2536 684 2574 ea:
716 2535 818 2589 qua
846 2502 1093 2589 sumptus
1122 2518 1325 2587 fuerat.

543 2613 713 2668 Adam
767 2612 962 2681 ejectus
999 2626 1028 2665 e
1085 2610 1338 2678 paradiso
1364 2637 1427 2647 —-
1463 2606 1641 2678 Supra
1685 2614 2048 2662 memoratum

476 2716 580 2773 est,
613 2705 904 2761 Dominum
945 2702 1226 2773 accepisse
1253 2700 1544 2768 Adamum,
1597 2711 1759 2770 atque
1795 2701 1847 2754 in
1889 2693 2054 2770 para-

483 2799 662 2853 disum
699 2796 936 2858 misisse,
984 2794 1073 2848 hic
1124 2806 1257 2848 vero
1312 2791 1566 2847 emisisse
1614 2800 1866 2845 narratur
1903 2801 2056 2845 extra

480 2886 835 2956 paradisum:
863 2884 1021 2953 quasi
1050 2882 1215 2947 dicat,
1265 2896 1389 2936 eum
1426 2880 1659 2951 quodam
1705 2881 1908 2950 impetu
1959 2881 2057 2935 abs

476 2993 537 3033 se
573 2975 877 3045 propulisse
925 2984 1092 3043 atque
1117 2973 1459 3039 eliminasse,
1525 2988 1705 3041 neque
1733 2973 2055 3028 comitatum

479 3082 606 3123 esse
670 3066 985 3129 abeuntem,
1034 3065 1234 3136 quippe
1270 3078 1336 3119 ex
1395 3064 1798 3131 jucundissima
1854 3065 2055 3136 quiete,

478 3160 659 3232 qualis
686 3159 827 3213 intra
858 3157 1390 3230 paradisumgfuerat
1431 3158 1761 3213 amandabat
1783 3159 1961 3228 ipsum
1994 3158 2060 3213 ad

481 3250 768 3306 colendam
791 3261 1016 3316 terram,
1071 3265 1325 3320 asperam
1372 3264 1504 3305 sane
1535 3265 1600 3305 ac
1630 3249 1900 3306 diﬁlcilem
1933 3265 2064 3319 ope-

485 3360 632 3407 ram,
676 3353 736 3398 ut
782 3358 905 3414 qua:
937 3357 1170 3413 prorsus
1213 3340 1362 3396 omni
1400 3340 1513 3394 otio
1533 3356 1598 3395 ac
1620 3342 1812 3410 requie
1859 3351 2063 3396 careat.

486 3434 650 3490 Addit
689 3449 855 3505 porro
891 3451 906 3487 :
947 3432 1032 3486 Ex
1076 3449 1179 3502 qua
1210 3443 1452 3503 sumptus
1500 3433 1697 3501 fuerat,
1744 3431 1874 3501 quia
1915 3432 1978 3485 de
2000 3446 2066 3486 ea

490 3537 633 3580 terra
658 3526 724 3579 ad
755 3541 918 3594 quam
941 3525 1303 3580 exercendum
1336 3527 1632 3579 remittitur
1663 3532 1920 3593 acceptus
1945 3522 2066 3577 fue-

492 3622 575 3667 rat
610 3613 790 3683 pulvis
819 3613 1073 3681 fingendo
1098 3613 1603 3684 conformandoque
1647 3612 1779 3667 Adza
1827 3613 2065 3681 corpori,

490 3711 549 3754 ut
577 3707 703 3754 ante
731 3708 815 3755 est
847 3708 1211 3755 memoratum
1242 3700 1326 3757 his
1356 3700 1536 3757 verbis
1570 3699 1663 3754 :Et
1696 3700 1853 3769 ﬁnxit
1883 3699 2068 3755 Domi-

488 3808 588 3845 nus
614 3789 758 3845 Deus
782 3790 1054 3846 Adamum
1104 3792 1365 3861 pulverem
1387 3793 1452 3847 de
1493 3801 1656 3847 terra.
1691 3795 1769 3847 Ac
1820 3807 2013 3848 rursus
2050 3811 2065 3847 :

494 3884 670 3938 Donec
694 3895 951 3940 revertare
984 3888 1037 3939 in
1061 3895 1257 3940 terram
1286 3887 1351 3940 de
1370 3904 1478 3958 qua
1509 3898 1748 3957 sumptus
1774 3903 1847 3941 es.
1869 3886 1938 3940 Et
1969 3886 2067 3940 eli-

492 3974 708 4029 minavit
737 3976 905 4044 ipsum
934 3975 1193 4031 Dominus
1228 3976 1364 4032 Deus
1391 3996 1404 4032 :
1432 3979 1692 4033 nimirum
1722 3987 1875 4033 extra
1906 3993 2069 4047 para-

497 4068 703 4132 disum,
728 4083 889 4136 quem
923 4069 1124 4140 alioqui
1156 4070 1301 4125 illius
1325 4070 1634 4126 oblectandi
1666 4069 1841 4140 gratia
1882 4069 2073 4123 condi-

497 4158 1022 4216 derat.Existimant
1053 4163 1327 4228 nonnulli,
1368 4162 1562 4228 Deum,
1613 4164 1761 4233 quod
1801 4162 2071 4217 Adamum

439 4268 447 4275 ·
498 4251 822 4320 prohibuita
858 4254 1127 4324 gustanda
1155 4255 1278 4309 vitae
1306 4255 1508 4314 arbore
1530 4266 1583 4310 et
1604 4255 1861 4325 paradiso
1886 4254 2071 4324 ejecit,

505 4345 745 4414 denique
773 4346 917 4415 quod
952 4347 1115 4402 morti
1149 4346 1379 4413 addixit,
1404 4348 1605 4402 iratum
1628 4346 1859 4404 fecisse:
1886 4361 2073 4402 verum

2144 1886 2362 1942 aequum
2400 1886 2506 1925 non
2533 1880 2649 1925 erat
2671 1872 2921 1926 utlocum
2940 1872 3214 1929 obtineret
3242 1888 3481 1943 sacrum,
3515 1884 3731 1943 postea-

2145 1982 2307 2037 quam
2350 1964 2500 2019 illum
2552 1964 2667 2034 lege
2715 1964 2935 2030 violata,
2995 1981 3092 2035 per
3135 1975 3418 2037 peccatum
3446 1966 3730 2035 profanas-

2148 2066 2252 2121 set,
2292 2066 2344 2111 et
2394 2065 2513 2111 erat
2542 2055 2672 2110 illud
2699 2065 2907 2110 tantum
2957 2056 3240 2122 delictum,
3294 2058 3398 2112 hoc
3424 2058 3618 2113 exsilio
3651 2058 3740 2112 di-

2150 2148 2644 2219 gnum.Praeterea
2710 2146 3041 2203 erudiendus
3098 2158 3238 2215 erat,
3306 2163 3591 2219 perperam
3652 2163 3733 2211 se,

2151 2240 2481 2309 contemptis
2538 2238 2630 2292 Dei
2713 2238 2906 2308 jussis,
2948 2240 3272 2295 obsecutum
3331 2256 3450 2295 esse
3506 2239 3737 2294 consilio

2153 2332 2491 2388 fraudulenti
2526 2332 2721 2396 hostis,
2758 2339 2923 2401 atque
2967 2332 3147 2387 edisse
3177 2332 3247 2388 de
3305 2333 3468 2387 vetita
3523 2333 3733 2387 arbore.

2150 2423 2377 2494 Insuper
2431 2424 2559 2479 dum
2608 2423 2697 2479 ille
2723 2422 2963 2493 ejicitur,
3006 2424 3229 2479 verbum
3284 2422 3374 2479 Dei
3411 2434 3584 2479 ratum
3658 2426 3734 2487 ﬁt,

2152 2532 2262 2588 quo
2293 2517 2615 2588 praedixerat
2644 2518 2821 2587 ipsum
2850 2532 2915 2574 ea
2973 2520 3058 2573 die
3113 2518 3436 2573 moriturum
3470 2534 3575 2588 qua
3611 2519 3739 2573 edc-

2156 2620 2239 2666 ret
2267 2610 2335 2664 de
2365 2610 2560 2665 arbore
2612 2610 2891 2677 scientiae;
2937 2617 3137 2665 contra
3179 2625 3307 2664 vero
3342 2611 3604 2665 mendacii
3654 2627 3741 2663 ar-

2165 2702 2351 2771 guitur
2395 2702 2606 2757 daemon
2642 2702 2735 2773 qui
2762 2718 2910 2772 spem
2949 2702 3026 2756 illi
3060 2712 3223 2772 atque
3254 2701 3506 2756 ﬁduciam
3538 2703 3741 2757 fecerat

2158 2796 2273 2850 fore
2316 2803 2375 2849 ut
2406 2795 2546 2851 Deus
2595 2795 2850 2852 evaderet
2880 2796 2925 2851 si
2959 2805 3308 2861 vesceretur;
3378 2795 3575 2865 quippe
3628 2812 3739 2848 non

2159 2888 2322 2942 modo
2353 2903 2461 2942 non
2506 2890 2679 2943 evasit
2703 2888 2755 2941 in
2790 2888 2982 2953 Deum,
3014 2889 3109 2943 sed
3138 2888 3257 2957 ipso
3293 2887 3452 2943 etiam
3488 2885 3745 2955 paradiso

2161 2976 2397 3031 extorris
2433 2977 2609 3031 factus
2639 2986 2743 3031 cst.
2786 2977 3009 3045 Adhaac,
3048 2977 3094 3032 si
3125 2978 3179 3031 in
3219 2977 3473 3052 paradiso
3506 2976 3744 3030 mansis-

2164 3079 2243 3124 set
2304 3080 2616 3138 suspectum
2651 3069 2901 3127 fortassis
2957 3072 3173 3126 invidiae
3210 3070 3379 3125 Deum
3445 3070 3743 3136 habuisset,

2164 3161 2257 3232 qui
2312 3162 2414 3217 sibi
2476 3163 2596 3216 vitae
2647 3162 2857 3217 arboris
2903 3178 3026 3218 esca
3063 3163 3448 3219 interdixisset.
3503 3161 3745 3231 Denique

2167 3256 2292 3308 dum
2324 3255 2501 3309 solum
2534 3252 2715 3317 vertit,
2764 3252 3021 3322 intelligit
3050 3255 3265 3309 tandem
3300 3254 3353 3308 in
3390 3262 3589 3324 quanta
3625 3252 3745 3306 felio

2167 3347 2332 3401 citate
2365 3356 2610 3401 versatus
2645 3347 2715 3400 sit
2754 3347 3072 3415 priusquam
3118 3357 3401 3416 peccaret;
3452 3357 3506 3403 et
3553 3362 3745 3400 rursus

2168 3439 2220 3493 in
2258 3442 2420 3508 q‘uam
2451 3439 2649 3494 multas
2688 3440 2941 3495 miserias
2981 3439 3351 3508 praecipitatus
3380 3439 3471 3504 sit,
3515 3454 3581 3493 co
3603 3436 3747 3508 quod

2169 3529 2451 3584 adversum
2489 3529 2581 3583 Dei
2607 3529 2776 3599 legem
2827 3527 3037 3583 fecerit.
3084 3529 3370 3583 Postremo
3418 3526 3623 3581 idcirco
3668 3536 3752 3580 cst

2168 3621 2421 3691 paradiso
2452 3622 2681 3690 ejectus,
2742 3630 2802 3676 ut
2850 3630 3133 3691 peccatum
3194 3636 3356 3676 suum
3410 3627 3747 3690 agnosceret,

2169 3712 2534 3782 sedulamque'
2578 3728 2795 3783 operam
2834 3713 3162 3782 pteniteutite
3201 3711 3374 3775 daret,
3414 3720 3468 3765 et
3524 3710 3753 3781 supplex

2171 3821 2201 3860 a
2232 3806 2341 3860 Deo
2376 3806 2750 3871 contenderet,
2797 3814 2859 3860 ut
2897 3821 2957 3861 se
2997 3806 3050 3859 in
3091 3805 3380 3873 pristinum
3424 3805 3739 3859 restitueret

2172 3898 2372 3954 locum.
2416 3898 2716 3954 Conficitur
2762 3896 2944 3965 itaque
2978 3911 3044 3951 ex
3083 3896 3168 3950 his
3203 3912 3324 3965 quae
3353 3895 3466 3965 jam
3508 3910 3751 3950 commc-

2176 3989 2532 4053 moravimus,
2571 4002 2916 4058 nequaquam
2950 4002 3048 4057 per
3076 3985 3212 4041 iram
3239 3986 3572 4058 prohibitum
3605 3986 3756 4040 illum

2172 4099 2203 4137 a
2234 4082 2343 4138 Deo
2376 4097 2497 4137 esse
2529 4082 2597 4137 ab
2621 4082 2815 4136 arbore
2846 4081 2969 4134 vita:
2998 4094 3174 4150 neque
3213 4079 3467 4149 paradiso
3501 4079 3755 4148 ejectum,

2172 4174 2257 4228 vel
2302 4172 2465 4228 morti
2501 4173 2663 4227 etiam
2697 4171 3014 4237 addictum;
3057 4172 3154 4227 sed
3192 4186 3257 4225 ex
3287 4186 3435 4226 mera
3472 4169 3561 4225 Dei
3595 4171 3757 4225 mise.

2173 4266 2429 4328 ricordia,
2455 4273 2511 4320 et
2541 4264 2776 4320 sollicita
2823 4264 2942 4335 ejus
2974 4280 3124 4320 cura.
3156 4263 3263 4319 Sed
3294 4264 3435 4319 enim
3470 4262 3579 4316 sint
3620 4262 3757 4324 haec,

2174 4359 2316 4415 dicet
2347 4356 2569 4427 aliquis,
2599 4356 2673 4412 ita
2706 4372 2833 4413 cum
2876 4355 3086 4411 Adamo
3131 4365 3250 4411 acta
3287 4356 3355 4412 ab
3384 4356 3505 4427 ipso
3540 4354 3672 4415 Deo.
3702 4364 3762 4407 ut

502 4456 604 4495 “05
632 4453 820 4496 00""‘8
850 4454 946 4511 Per
974 4439 1068 4495 θεῖ
1100 4442 1530 4497 misericordiam
1564 4451 1729 4512 atque
1760 4455 1947 4496 cum“
1982 4439 2075 4494 ma
2106 4452 2152 4509 D
2178 4450 2255 4506 illi
2296 4447 2648 4519 prodessent;
2685 4456 2740 4502 at
2785 4448 3023 4511 labores,
3088 4446 3324 4512 dolores,
3367 4447 3534 4502 sudor
3582 4445 3759 4509 faciei,

498 4533 643 4587 facta
672 4548 791 4589 esse
813 4534 1078 4600 dicimus;
1115 4534 1365 4603 quamvis
1391 4535 1538 4590 enim
1565 4534 1840 4589 contraria
1864 4534 2005 4589 inter
2020 4547 2082 4590 se

501 4621 809 4687 videantur,
836 4622 1102 4679 inducere
1124 4624 1179 4678 in
1205 4625 1520 4689 paradisum
1563 4634 1619 4680 et
1639 4626 1861 4696 ejicere,
1883 4633 2067 4681 tamen

503 4721 799 4783 utrumque
840 4714 997 4785 juxta
1026 4717 1223 4773 divina
1265 4717 1573 4774 clementiae
1613 4732 1753 4788 opus
1803 4727 1857 4773 et
1884 4732 2071 4774 curam

507 4818 670 4873 quam
706 4819 833 4876 erga
880 4823 1050 4878 genus
1078 4809 1377 4865 humanum
1410 4811 1633 4880 gerebat
1660 4809 1850 4877 fuisse,
1884 4826 1949 4866 ex
1988 4809 2075 4865 his

505 4904 810 4971 cognoscas
839 4896 965 4953 licet
992 4916 1006 4966 ;
1048 4898 1254 4957 idcirco
1279 4899 1425 4955 enim
1454 4900 1765 4972 prohibitus
1791 4911 1876 4956 est
1906 4898 1975 4953 ab
1990 4912 2079 4955 ar-

513 4985 647 5042 bore
675 4988 797 5043 vita:
823 5004 889 5045 ne
917 4990 1047 5061 quid
1074 4990 1202 5047 inde
1243 4993 1390 5063 quod
1416 5007 1541 5050 cum
1585 4992 1770 5048 divina
1811 4991 2077 5047 sententia

436 5074 443 5081 ’
508 5086 790 5145 pugnaret,
823 5080 1112 5146 accideret,
1149 5082 1486 5154 verbumque
1523 5082 1618 5138 Dei
1666 5082 1865 5140 falsum
1914 5082 2082 5139 habe-

510 5177 684 5223 retur.
719 5170 1097 5230 Comminatus
1124 5174 1268 5230 enim
1287 5175 1467 5231 fuerat
1498 5176 1641 5233 Deus
1669 5176 1996 5232 moriturum
2016 5176 2083 5231 il-

510 5266 621 5316 tum
663 5279 773 5334 quo
820 5265 1135 5334 degustaret
1164 5268 1235 5323 de
1279 5269 1475 5324 arbore
1526 5268 1792 5334 scientias,
1851 5270 2015 5339 igitur
2042 5269 2089 5325 si

511 5368 635 5424 post
655 5356 797 5413 hanc
817 5370 1112 5429 gustatatn,
1130 5361 1292 5416 etiam
1317 5362 1384 5417 de
1400 5362 1598 5418 arbore
1613 5362 1737 5418 vita:
1754 5363 1976 5428 edisset,
2001 5370 2093 5417 aut

508 5446 654 5503 falso
680 5452 902 5508 nomine
938 5454 1041 5507 ista
1065 5454 1186 5508 vita:
1216 5455 1378 5509 arbor
1400 5456 1664 5525 appellata
1688 5472 1718 5510 a
1750 5455 1859 5511 Deo
1881 5456 2092 5519 fuisset,

520 5548 615 5593 aut
656 5543 947 5599 mendaces
986 5543 1218 5600 fuissent
1265 5544 1370 5601 illae
1417 5545 1539 5616 ejus
1589 5546 1775 5601 minae.
1832 5546 1912 5601 Ad
1972 5546 2094 5612 hoc,

2186 4540 2241 4594 in
2290 4552 2411 4609 quae
2447 4535 2588 4591 mala
2617 4536 2769 4591 illum
2799 4536 3033 4607 conjecit
3061 4535 3313 4606 paradiso
3359 4536 3596 4606 pulsum,
3623 4551 3762 4604 quas

2174 4630 2390 4688 tandem
2406 4628 2837 4695 commoditates,
2854 4629 3178 4683 utilitatesve
3192 4626 3383 4682 an‘erre
3406 4626 3481 4681 illi
3500 4636 3725 4696 potuere
3740 4629 3764 4678 ἲ

2180 4722 2614 4793 Respondemus,
2662 4719 2834 4775 Deum
2875 4734 2981 4774 non
3020 4718 3224 4773 frustra
3262 4719 3499 4787 quietem
3535 4716 3611 4770 illi
3641 4718 3763 4770 nul:

2181 4815 2289 4870 lam
2332 4812 2694 4878 concessisse,
2723 4822 2781 4866 ut
2814 4820 2897 4868 est
2933 4812 3230 4866 humanum
3286 4808 3593 4879 ingenium;
3635 4824 3758 4861 nam

2183 4908 2231 4963 si
2271 4907 2435 4961 tantis
2474 4905 2819 4962 condemnati
2856 4905 3015 4958 malis
3041 4918 3147 4957 non
3179 4901 3479 4956 desinimus
3512 4914 3758 4969 peccare,

2187 4996 2317 5068 quid
2372 5011 2483 5051 non
2533 5006 2904 5066 patrassemus
2946 4994 3001 5047 in
3037 4993 3150 5048 otio
3214 4990 3535 5058 deliciisque
3594 4989 3759 5042 vitam

2187 5089 2395 5160 agitare
2420 5086 2714 5158 permissi?
2740 5086 2900 5141 Certe
2955 5085 3117 5156 hujus
3172 5083 3265 5152 rei;
3298 5082 3543 5151 exempla
3606 5080 3763 5133 nobis

2187 5179 2533 5250 suppeditant
2577 5178 2849 5241 homines,
2879 5175 2973 5247 qui
3010 5174 3173 5231 otiosi
3206 5189 3269 5229 ac
3297 5172 3512 5227 desides
3547 5180 3711 5239 atque
3735 5186 3763 5222 ει

2186 5273 2372 5328 labore
2403 5279 2459 5327 et
2488 5270 2751 5325 molestiis
2782 5270 2938 5324 vacui
2979 5268 3213 5323 molliter
3228 5280 3291 5320 ac
3319 5264 3547 5319 delicate
3576 5274 3764 5332 agunt.

2191 5362 2369 5418 Otium
2395 5376 2581 5429 porro,
2605 5360 2893 5423 desidiam,
2931 5358 3152 5414 delicias
3182 5358 3321 5411 mala
3352 5372 3492 5418 esse,
3524 5353 3767 5409 certissi-

2201 5452 2305 5507 mis
2335 5452 2629 5521 Scripturte
2653 5452 2976 5507 testimoniis
3008 5450 3421 5520 comprobatur.
3454 5447 3589 5501 Nam
3631 5446 3768 5500 libro

2195 5544 2434 5600 secundo
2463 5545 2573 5616 (9.7)
2593 5545 2854 5615 scriptum
2876 5553 2959 5600 est
2980 5562 2991 5598 :
3012 5541 3254 5599 Consedit
3270 5540 3493 5613 populus
3520 5540 3589 5593 ad
3618 5537 3768 5593 eden-

596 5709 713 5781 (27)
756 5710 877 5786 Syri
924 5716 1094 5777 libros
1125 5720 1287 5779 Musis
1315 5738 1379 5778 ex
1407 5722 1596 5781 ordine
1627 5724 1872 5783 numeris
1903 5731 2095 5782 notant
2134 5722 2331 5794 saepius
2367 5737 2529 5793 quam
2565 5723 2893 5779 nominibus.
