4100 6212
349 270 451 332 577
1494 277 1587 335 DE
1629 274 2029 337 PARADISO.
2071 301 2139 311 —
2188 278 2378 336 PARS
2420 278 2461 338 l.
3547 285 3649 348 578

349 388 652 451 dum,elad
674 386 967 452 bibendrm,
995 388 1332 459 surrexitque
1349 389 1417 443 ad
1435 390 1800 444 ludendum“.
1824 390 1935 443 Etti
1994 395 2030 448 Α
2067 392 2255 445 Stilus
2290 391 2494 460 angelis
2529 391 2938 463 incorporeum;
2970 396 3141 448 aciem
3172 408 3299 449 vero
3338 394 3500 465 gladii
3534 412 3650 453 ver-

348 480 448 532 bro
463 477 658 546 quinto
686 477 941 548 :Pinguis
960 478 1133 547 factus
1154 490 1230 533 est
1258 479 1447 547 Israel,
1475 491 1522 534 et
1542 480 1841 535 calcitravit
1876 480 1943 533 δ’.

350 572 413 624 Et
442 570 665 642 quidam
683 586 749 626 ex
775 573 1114 642 sapientibus
1141 574 1404 644 scriptum
1437 575 1654 644 reliquit
1688 593 1701 629 :
1740 573 1954 629 illatua.

348 674 422 717 est
455 664 640 726 otium,
693 675 852 733 atque
911 666 1134 735 pigritia
1185 666 1428 735 fraudem
1476 667 1619 735 parit
1644 667 1713 721 ⁸³.
1741 666 1946 729 Contra

353 772 480 810 vero
507 796 522 820 ,
560 757 797 821 labores,
846 759 1270 828 turbulentaque
1299 760 1556 815 exercitia
1604 761 1751 815 bona
1800 775 1945 825 esse,

322 857 642 902 .attestatur
703 848 897 920 David,
953 866 1075 904 cum
1118 851 1185 906 de
1236 851 1498 907 lsraelitis
1545 852 1778 922 loquens
1828 852 1942 907 ait:

352 939 485 993 Cum
515 938 773 992 occideret
805 940 968 1006 ipsos,
1001 940 1304 1009 quazrebant
1326 958 1464 1008 eum,
1496 952 1545 997 et
1572 946 1947 998 converteban-

351 1042 461 1092 Iur,
492 1040 649 1099 atque
677 1032 1021 1085 maturabant
1086 1032 1155 1085 ad
1181 1033 1355 1103 ipsum
1386 1034 1456 1087 “.
1488 1035 1552 1089 Et
1582 1035 1709 1090 alibi
1743 1053 1759 1091 :
1785 1035 1944 1104 Bene,

351 1122 548 1187 inquit,
584 1123 713 1175 mihi
757 1133 862 1186 est,
926 1125 1065 1194 quod
1108 1126 1207 1179 sim
1256 1127 1591 1192 humiliatus,
1638 1141 1695 1182 ut
1744 1129 1946 1182 discam

356 1214 619 1267 mandata
676 1216 853 1270 tua".
912 1216 974 1270 Et
1008 1216 1282 1288 Deus-per
1316 1217 1611 1275 Jeretniam
1653 1221 1716 1275 ad
1757 1220 1947 1275 civita-

351 1315 459 1358 tem
501 1302 800 1359 Jerusalem
848 1324 862 1360 :
898 1305 1005 1360 Per
1063 1307 1269 1379 plagas,
1300 1308 1496 1379 inquit,
1555 1311 1766 1364 erudita
1808 1327 1884 1375 es,
1916 1331 1945 1365 υ

349 1396 656 1450 Jerusalem
693 1397 760 1451 ⁸⁸.
797 1398 1036 1453 Rursum
1067 1399 1269 1455 Paulus
1306 1420 1320 1456 :
1356 1401 1522 1456 Datus
1560 1412 1659 1467 est,
1694 1405 1791 1467 ait,
1816 1404 1946 1457 mihi

349 1491 599 1543 stimulus
623 1492 677 1542 in
704 1506 915 1543 carnem
947 1507 1142 1555 meam,
1191 1492 1405 1562 angelus
1438 1492 1677 1565 Satanas,
1717 1509 1780 1548 ne
1815 1495 1941 1563 e/fe-

351 1596 444 1632 rar
464 1580 529 1632 ⁸⁷.
564 1577 865 1633 Conﬁcitur
888 1579 1095 1650 itaque,
1139 1579 1347 1636 homini
1378 1598 1445 1637 ex
1470 1599 1570 1637 usu
1594 1583 1765 1640 fuisse
1797 1584 1944 1655 quod

328 1672 654 1735 doloribus,
694 1670 1103 1741 laboribusque,
1143 1682 1194 1726 et
1221 1673 1517 1731 sudoribus
1558 1677 1830 1733 obnoxius
1860 1687 1944 1732 est

2052 484 2227 539 satilis
2252 482 2420 537 fuisse
2456 482 2679 552 figuram
2713 486 3002 553 quamdam
3054 485 3221 551 ignem
3256 486 3456 541 lancea:
3480 505 3645 558 quam

2050 574 2269 629 Clterub
2303 589 2463 627 manu
2516 584 2703 629 tenens
2751 584 2913 644 atque
2944 589 3263 636 coruscans.
3300 580 3650 645 proterrebat

2054 670 2262 735 primos
2304 676 2561 736 parentes
2600 683 2628 721 a
2679 668 2952 737 paradiso,
2985 668 3316 736 arcebatque
3353 669 3423 722 ab
3453 671 3652 725 arbore.

2050 759 2196 812 vitae.
2227 758 2493 812 Caeterum
2546 758 2758 813 Iancca'
2798 758 3029 814 fortnam
3071 760 3197 813 inde
3220 774 3249 812 a
3272 770 3474 828 'guuut,
3506 764 3649 831 quod

2050 864 2118 905 eo
2171 851 2398 920 mystice
2465 859 2748 920 spectasse
2793 852 3040 906 videatur
3111 853 3298 906 lancea
3367 853 3452 907 illa
3486 868 3648 923 quam

2050 940 2307 995 Christus
2348 957 2449 996 suo
2482 944 2650 996 latere
2678 944 2894 1011 excepit
2934 961 2945 997 :
2983 944 3139 1013 quasi
3161 943 3273 1012 jam
3310 953 3423 998 tuin
3456 955 3638 1015 erepta

2052 1041 2197 1086 esset
2230 1033 2298 1087 de
2338 1048 2501 1087 manu
2563 1032 2804 1097 Clterub,
2842 1034 2931 1087 illa
2994 1037 3201 1097 lancea,
3266 1035 3645 1107 patefadaque

2049 1123 2114 1177 ad
2155 1124 2404 1177 arborem
2439 1124 2563 1178 vita:
2622 1124 2730 1177 via.
2779 1125 2880 1179 Alii
2913 1125 3097 1179 dicunt
3124 1128 3293 1180 aciem
3342 1128 3505 1199 gladii
3548 1145 3647 1183 vo-

2047 1225 2225 1270 catam
2281 1230 2423 1275 esse.
2478 1231 2585 1269 non
2629 1216 2833 1270 ferrum
2888 1232 3063 1285 neque
3113 1218 3313 1287 ignem,
3372 1221 3464 1274 sed
3499 1222 3637 1291 ﬁgu-

2050 1320 2164 1359 ram
2198 1306 2491 1375 quamdam
2543 1305 2715 1365 ensis.
2772 1322 2907 1375 qua:
2942 1307 3097 1374 ignea
3149 1309 3328 1377 specie
3378 1310 3648 1365 collucere

2048 1406 2215 1466 atque
2259 1396 2463 1466 fulgere
2504 1396 2820 1462 videbatur;
2856 1395 3074 1451 Clterub
3130 1415 3256 1452 vero
3303 1415 3408 1452 non
3467 1399 3641 1455 coale-

2050 1498 2187 1544 stetn
2223 1488 2459 1558 aliquem
2494 1488 2746 1558 spiritum
2800 1498 2965 1557 atque
3012 1489 3392 1559 inc0iporeum
3432 1493 3650 1561 angelo-

2049 1596 2168 1634 rum
2212 1579 2400 1644 fuisse,
2443 1580 2535 1635 sed
2564 1591 2838 1649 spectrum
2872 1580 3147 1649 quoddam
3205 1583 3529 1649 vehemens;
3561 1583 3643 1637 id-

2048 1690 2155 1746 que
2192 1675 2410 1731 Clterub
2433 1677 2652 1729 nomine
2685 1688 2937 1728 vocatum
2973 1689 3114 1740 esse,
3142 1675 3268 1744 quia
3298 1676 3472 1729 soleat
3498 1675 3646 1729 Scri-

352 1761 596 1816 redditus
641 1777 670 1814 a
712 1762 840 1823 Deo,
895 1772 1182 1832 postquam
1232 1764 1547 1821 eliminatos
1583 1777 1729 1822 esset
1768 1783 1925 1836 para-
1966 1768 2005 1822 Β
2037 1778 2191 1838 plura
2237 1783 2360 1837 quae
2421 1766 2640 1836 magnis
2680 1766 2890 1820 viribus
2954 1781 3258 1835 magnaque
3300 1766 3639 1821 vehementia

349 1852 506 1907 diso?
541 1853 607 1907 Et
655 1855 855 1907 versari
894 1854 1015 1925 fecit
1071 1856 1141 1909 ad
1172 1857 1422 1911 orientem
1474 1861 1937 1929 paradisitipsius

349 1947 520 2011 Eden,
549 1944 774 2012 Clterub,
805 1954 854 1999 et
902 1946 1068 2000 aciem
1090 1948 1257 2018 gladii
1295 1951 1585 2016 versatilis,
1636 1952 1706 2005 ad
1762 1965 1939 2007 custo-

361 2038 615 2093 diendum
638 2039 743 2093 iter
772 2038 977 2094 arboris
1020 2040 1161 2096 vita.
1208 2041 1266 2095 ln
1303 2041 1531 2098 Hebraeo
1569 2052 1653 2099 est
1678 2061 1695 2098 :
1723 2044 1793 2099 Et
1827 2061 1941 2099 ma-

350 2146 474 2183 nere
513 2130 635 2197 fecit
661 2130 725 2184 ab
781 2130 980 2186 oriente
1025 2133 1270 2200 paradisi
1326 2134 1630 2189 Clterubim.
1691 2136 1937 2191 Graecum

350 2237 478 2276 vero
509 2222 668 2277 habet
705 2239 718 2275 :
755 2220 823 2275 Et
854 2223 1131 2279 collocavit
1163 2224 1392 2290 Clterub,
1436 2234 1485 2280 et
1516 2226 1754 2296 gladium
1782 2229 1937 2297 ﬂant.

351 2330 521 2366 meum
551 2314 620 2367 ad
649 2315 1054 2370 custodiendum
1101 2320 1200 2373 iter
1227 2318 1431 2374 arboris
1476 2321 1617 2374 vitae.
1661 2320 1940 2392 Signiﬁca-

353 2415 441 2458 tur
477 2414 658 2460 autem
688 2406 775 2462 his
828 2407 1031 2473 verbis,
1067 2409 1372 2464 custodiam
1400 2408 1621 2465 Cherub
1670 2420 1724 2465 et
1764 2412 1936 2467 aciem

350 2498 513 2565 gladii
544 2499 865 2555 collocatam
915 2499 1087 2558 fuisse
1156 2518 1187 2557 a
1244 2503 1351 2557 Deo
1390 2502 1457 2557 ad
1499 2502 1647 2560 latus
1680 2503 1941 2559 orientale

351 2590 616 2644 duntaxat
651 2592 914 2662 paradisi,
953 2593 1112 2663 quasi
1142 2609 1208 2648 ex
1234 2608 1295 2649 ea
1327 2602 1477 2665 parte
1506 2596 1682 2650 solum
1742 2595 1937 2666 prohi-

353 2683 480 2737 bere
520 2684 790 2738 Adamum
831 2683 1065 2742 voluerit
1095 2701 1204 2742 non
1236 2686 1362 2742 item
1404 2687 1472 2742 ab
1499 2687 1620 2744 aliis
1652 2688 1938 2745 lateribus.

351 2774 561 2845 Quippe
604 2775 1031 2832 existimandum
1085 2786 1191 2845 cst,
1243 2777 1312 2834 ab
1363 2788 1488 2835 ortu
1535 2780 1670 2836 solis
1732 2790 1941 2852 portam

351 2867 523 2922 fuisse
560 2869 882 2939 aditumque
914 2872 1153 2940 patuisse
1181 2872 1235 2925 in
1276 2872 1630 2942 paradisum;
1661 2882 1828 2944 atque
1876 2874 1942 2927 il-

346 2959 430 3013 lac
487 2959 876 3029 introductum,
940 2962 1174 3032 illucque
1231 2979 1422 3021 rursus
1482 2977 1731 3021 exactum
1803 2966 1946 3022 Ada-

348 3068 498 3105 ntum
538 3067 697 3118 esse;
750 3052 875 3107 inde
904 3053 1067 3108 etiam
1127 3054 1374 3110 semitam
1416 3054 1586 3112 fuisse
1617 3056 1839 3112 ductam
1880 3061 1934 3114 in

349 3144 589 3198 medium
632 3146 946 3214 paradisum
981 3147 1069 3201 ubi
1105 3147 1355 3201 sita‘erat
1382 3148 1504 3202 vitae
1551 3150 1735 3214 arbor,
1778 3160 1941 3221 atque

347 3236 469 3290 ideo
506 3252 572 3291 ne
604 3252 797 3293 rursus
840 3238 1137 3308 aliquando
1199 3238 1392 3303 Adam,
1438 3240 1563 3296 illac
1596 3256 1656 3295 se
1690 3242 1836 3296 intro
1863 3258 1947 3298 re-

348 3330 577 3395 ciperet,
633 3331 937 3386 custodiam
971 3331 1044 3385 ibi
1074 3345 1196 3387 esse
1240 3332 1515 3387 collatam.
1545 3331 1815 3388 Ceterum
1847 3350 1944 3390 cur

345 3420 757 3473 custodiendam
818 3423 941 3475 vita:
1003 3422 1276 3487 arborem,
1333 3423 1740 3493 arcendumque
1781 3425 1942 3489 alica

345 3512 616 3564 Adamum
656 3512 891 3565 voluerit
941 3511 1107 3577 Deus,
1139 3522 1267 3568 ante
1313 3522 1399 3568 est
1425 3528 1456 3566 a
1490 3514 1648 3568 nobis
1694 3514 1940 3583 dictum;

346 3618 455 3671 quo
498 3605 600 3657 hoc
627 3605 788 3656 etiam
828 3602 1134 3657 addendum
1166 3613 1442 3673 putamus,
1468 3617 1534 3657 eo
1563 3620 1782 3675 quoque
1813 3620 1943 3676 spe.-

349 3707 531 3749 ctasse
572 3695 875 3750 custodiam
922 3702 982 3749 ut
1030 3694 1356 3764 intelligeret
1414 3693 1660 3750 Adamus
1715 3711 1940 3765 prorsus

346 3789 677 3857 praeclusum
725 3786 830 3843 sibi
866 3787 1076 3841 aditum
1117 3800 1241 3841 esse
1286 3801 1380 3856 per
1412 3796 1720 3855 peccatum,
1765 3803 1941 3857 eoque

346 3882 735 3950 pertinaciore,
792 3881 896 3935 hoc
958 3880 1085 3934 odio
1129 3888 1575 3949 prosequeretur,
1628 3879 1940 3948 maioreque

346 3989 476 4027 cura
502 3973 783 4027 vitandum
821 3973 925 4028 sibi
963 3972 1016 4027 in
1060 3980 1339 4043 posterum
1382 3980 1599 4043 putaret
1628 3972 1784 4040 quasi
1814 3970 1931 4024 fon-

346 4075 455 4119 tem
498 4075 775 4120 tantorum
815 4066 1107 4130 malorum,
1147 4065 1198 4118 in
1237 4078 1356 4134 quas
1387 4062 1527 4117 mala
1558 4078 1623 4117 ex
1656 4062 1781 4117 vita:
1814 4071 1939 4117 ante

348 4170 630 4228 peccatum
666 4168 823 4224 actae,
861 4173 983 4214 cum
1017 4172 1078 4212 ea
1105 4158 1159 4211 in
1188 4172 1294 4225 qua
1323 4170 1470 4210 nunc
1503 4163 1771 4216 versetur,
1790 4169 1940 4209 cout-

346 4252 628 4319 paratione
694 4252 853 4307 facile
906 4249 1250 4322 intelligeret.
1314 4247 1586 4303 Praeterea
1648 4248 1935 4317 magniﬁca

349 4342 438 4395 illa
474 4342 717 4396 custodia
752 4340 996 4412 (Cberub
1039 4342 1182 4404 dico,
1209 4351 1263 4396 et
1305 4341 1477 4396 aciem
1514 4340 1676 4409 gladii
1711 4340 1943 4411 versati-

2042 1860 2272 1930 pollent,
2310 1875 2374 1914 ea
2416 1859 2518 1914 hoc
2550 1859 2769 1913 nomine
2830 1859 3080 1913 vocitare
3127 1858 3289 1927 quale
3338 1867 3422 1913 est
3464 1859 3640 1913 illud:

2045 1950 2149 2017 Qui
2177 1951 2425 2022 equitavit
2476 1967 2635 2020 super
2687 1949 2973 2015 Cherubos,
3017 1960 3065 2004 et
3098 1950 3291 2004 rolavit
3320 1951 3387 2014 ⁸⁸,
3430 1952 3642 2021 signiti-

2024 2052 2144 2105 ,παι
2167 2046 2315 2100 enim
2347 2044 2516 2100 Deum
2556 2060 2749 2114 magna
2776 2045 2828 2098 vi
2869 2044 3176 2108 advenisse,
3208 2051 3263 2098 et
3295 2044 3468 2098 veluti
3509 2045 3642 2098 insi~

2004 2184 2009 2185 ν
2042 2136 2257 2192 dentem
2291 2135 2558 2192 Clterubis
2584 2136 2927 2206 apparuisse,
2946 2136 3050 2191 hoc
3070 2145 3175 2198 est,
3206 2144 3457 2205 potenter
3477 2134 3640 2190 exer!

2042 2230 2227 2287 cuisse
2259 2231 2565 2301 imperium.
2606 2229 2922 2287 Secundum
2955 2230 3056 2285 hos
3087 2229 3287 2283 habent
3332 2228 3434 2282 ista
3472 2227 3640 2281 Musis

2050 2322 2213 2375 verba
2245 2320 2390 2375 hunc
2433 2336 2677 2384 sensum,
2720 2321 2864 2390 quod
2926 2321 3067 2374 Deus
3126 2318 3474 2374 constituerit
3512 2334 3632 2388 spc-

2044 2423 2222 2469 etrum
2255 2413 2527 2484 quoddam
2559 2413 2853 2467 vehemens
2880 2427 2944 2466 ac
2975 2411 3217 2465 terribile
3272 2426 3371 2479 pro
3423 2412 3631 2465 furious

2045 2511 2211 2575 inque
2246 2506 2365 2574 ipso
2415 2506 2561 2560 aditu
2594 2506 2832 2575 paradisi
2870 2503 3055 2572 specie
3095 2504 3393 2557 animantis
3437 2502 3625 2571 cujus-

2046 2598 2214 2668 piam,
2256 2597 2561 2652 deterrendi
2609 2596 3007 2662 coercendique
3051 2594 3246 2649 Adami
3301 2609 3488 2651 causa.
3536 2593 3638 2648 Af-

2047 2688 2231 2745 ferunt
2287 2699 2468 2744 autem
2521 2690 2573 2742 Ιιὶ
2606 2704 2720 2743 θυῖε
2772 2691 3056 2744 sententia:
3118 2689 3263 2743 hanc
3324 2689 3634 2745 ῐιιιίοηθηιτ

2044 2782 2278 2847 Nomen,
2334 2781 2605 2852 inquiunt,
2670 2781 2895 2838 Clterub
2925 2781 2992 2836 ad
3042 2781 3288 2851 juvenile
3351 2783 3630 2851 quoddam

2048 2874 2215 2929 robur
2268 2875 2485 2943 proprie
2513 2882 2740 2941 spectat,
2784 2889 2845 2927 ac
2871 2874 3101 2943 proinde
3134 2873 3432 2929 Cherubini
3475 2876 3637 2944 spiri-

2007 3013 2013 3019 .
2051 2972 2137 3018 tus
2168 2963 2277 3018 Deo
2316 2963 2609 3018 viciniores
2643 2964 2929 3028 assistunt,
2977 2979 3076 3018 nec
3118 2963 3184 3019 ad
3232 2975 3407 3020 terras
3440 2964 3638 3021 demit-

1965 3107 2015 3170 C

2049 3064 2271 3118 tuntur;
2332 3070 2507 3125 neque
2539 3056 2683 3108 enim
2745 3055 3027 3124 Scriptura
3066 3055 3133 3111 iis
3188 3057 3634 3126 procurationem

2047 3145 2286 3215 aliquam
2337 3146 2390 3198 iu
2420 3144 2582 3199 terris
2635 3146 2896 3214 assignat,
2931 3146 3024 3200 sed
3055 3150 3230 3216 angeli
3268 3157 3398 3203 sunt
3441 3151 3533 3219 qui
3567 3154 3633 3204 ad

2048 3246 2247 3292 terram
2284 3237 2626 3305 ablegantur,
2681 3252 2877 3306 resque
2934 3238 2985 3290 in
3034 3252 3097 3290 ea
3144 3238 3534 3296 administrant
3578 3252 3635 3296 et

2046 3328 2385 3397 dispensant.
2432 3327 2632 3382 Verum
2668 3330 2876 3398 priores
2930 3329 3025 3392 illi,
3074 3331 3219 3385 inter
3251 3348 3387 3402 quos
3454 3335 3633 3389 domi-

2047 3438 2177 3475 nttm
2210 3420 2474 3476 Jacobum
2534 3422 2896 3491 Sarugensetn
2954 3438 3075 3477 esse
3108 3424 3370 3491 diximus,
3430 3432 3633 3497 negaui

2046 3515 2185 3569 hanc
2210 3530 2332 3569 esse
2368 3514 2607 3569 nominis
2638 3513 2858 3569 Clterub
2883 3517 3199 3581 notionem;
3238 3519 3348 3573 into
3380 3518 3629 3574 ordinem

2044 3607 2336 3677 quemdam
2391 3607 2698 3661 etclestium
2746 3606 3036 3676 spirituum
3072 3622 3179 3662 non
3213 3610 3629 3679 aspectabilium

2043 3700 2347 3770 signiﬁcare
2382 3700 2485 3753 hoc
2514 3699 2838 3754 vocabulum
2884 3703 3074 3767 aiunt;
3142 3704 3331 3771 quales
3360 3717 3629 3773 apparue-

2044 3800 2169 3845 runt
2217 3791 2574 3853 Ezechieli”,
2612 3802 2667 3845 et
2728 3806 2960 3860 quorum
3032 3793 3324 3848 simulacra
3382 3795 3629 3862 quaedam

2039 3892 2198 3936 erant
2232 3883 2285 3935 in
2318 3882 2493 3949 adytis
2525 3882 2860 3937 tabernaculi
2894 3883 3093 3952 posita,
3126 3887 3305 3955 itaque
3344 3887 3630 3954 geniorum

2039 3974 2341 4028 cmlestium
2392 3973 2627 4041 aliquem
2681 3974 2862 4041 potius
2920 3975 3091 4029 fuisse
3131 3984 3419 4030 autumant
3452 3977 3629 4046 ipsum

2038 4063 2278 4124 Clterub,
2308 4062 2398 4130 qui
2427 4062 2567 4131 genii
2600 4062 2850 4115 ctelestes
2871 4061 3057 4115 dolent
3081 4062 3125 4114 si
3157 4064 3376 4124 quando
3402 4078 3632 4134 peccent

2040 4152 2295 4208 mortales
2321 4152 2453 4224 (‘28),
2487 4166 2551 4207 ac
2596 4167 2792 4206 rursus
2878 4153 3077 4222 gaudio
3136 4154 3445 4208 afﬁciuntur
3502 4172 3627 4210 cum

2041 4245 2165 4299 illos
2225 4243 2549 4299 delictorum
2608 4244 2855 4313 pwnitet,
2919 4254 2977 4296 ut
3028 4244 3105 4297 ait
3158 4245 3434 4300 Dominus.
3498 4246 3631 4301 Etat

2038 4337 2199 4407 igitur
2227 4335 2444 4390 Clterub
2472 4345 2659 4390 custos
2690 4336 2951 4403 paradisi,
2983 4336 3286 4389 cmlestium
3330 4337 3625 4404 spirituum

349 4433 438 4502 lis)
486 4434 556 4488 ob
615 4436 805 4490 oculos
860 4433 1018 4489 nobis
1076 4434 1231 4504 ponit
1288 4432 1685 4502 praecellentem
1734 4432 1947 4498 arboris
1976 4454 2023 4510 ι)
2056 4442 2198 4481 unus
2227 4427 2425 4496 aliquis
2455 4435 2648 4481 tenens
2680 4428 2921 4481 lanceam
2973 4427 3210 4497 igneam,
3264 4443 3496 4499 eamque
3529 4434 3609 4485 vi-

350 4526 471 4577 vitae
507 4525 847 4596 dignitatem.
893 4525 1047 4592 Quod
1078 4540 1207 4580 vero
1238 4524 1547 4580 versatilem
1575 4524 1813 4593 gladium
1850 4524 1936 4578 di-

349 4615 442 4679 cit,
474 4626 728 4685 perpetua
757 4632 882 4683 cum
916 4618 1209 4687 agitatione
1239 4616 1345 4670 huc
1369 4615 1503 4670 illttd
1520 4617 1794 4670 vibratum
1813 4631 1935 4671 esse

347 4707 635 4776 signiﬁcat,
678 4722 908 4763 corusco
939 4707 1149 4777 fulgore
1191 4707 1323 4761 inde
1365 4708 1631 4762 emicante
1681 4721 1789 4777 quo
1841 4706 1941 4760 ob-

347 4802 612 4856 tuentiutn
652 4802 797 4857 oculi
848 4817 954 4856 non
1004 4802 1125 4857 sine
1186 4803 1415 4855 horrore
1450 4801 1929 4870 perstringeretur.

346 4894 603 4963 Superest
651 4903 709 4948 ut
758 4896 827 4949 de
855 4894 1075 4949 Clterub
1108 4904 1161 4948 et
1197 4894 1379 4963 gladio
1408 4893 1711 4959 videamus,
1745 4892 1934 4962 cujus-

348 4982 494 5034 modi
565 4998 647 5037 res
694 4983 916 5037 fuerint.
974 4983 1237 5039 Dominus
1286 4981 1458 5038 Jacob
1500 4981 1824 5052 Sarugensis
1871 4997 1934 5036 ea

345 5074 593 5129 oratione
628 5091 790 5144 quam
831 5076 897 5130 de
934 5075 1220 5137 Passione,
1260 5085 1313 5129 et
1362 5090 1555 5130 rursus
1585 5090 1646 5128 ea
1677 5090 1840 5144 quam
1870 5074 1937 5128 de

347 5165 590 5221 Ascensu
618 5168 876 5237 scripsit;
936 5178 989 5222 et
1020 5184 1142 5222 cum
1178 5182 1243 5221 eo
1274 5167 1368 5222 alii
1415 5165 1606 5221 dicunt
1654 5166 1933 5221 custodem

350 5259 583 5325 paradisi
622 5258 844 5315 Clterub
892 5259 1062 5315 fuisse
1090 5274 1259 5313 unum
1296 5258 1606 5329 quemqiam
1671 5273 1737 5312 ex
1774 5257 1938 5314 cmic-

2054 4519 2220 4574 braus
2266 4528 2426 4586 atque
2472 4533 2791 4581 coruscans,
2841 4528 2892 4572 et
2920 4519 3122 4587 primos
3172 4530 3425 4589 parentes
3451 4522 3629 4577 deter-

2048 4625 2175 4665 rens
2204 4610 2273 4664 ab
2300 4626 2552 4674 excessu,
2586 4620 2646 4665 ut
2677 4611 2848 4665 sensit
2872 4611 3127 4667 dominus
3163 4611 3399 4668 lacubus
3453 4613 3626 4671 Saru-

2044 4703 2255 4773 gensis,
2317 4711 2372 4758 et
2428 4703 2677 4773 plerique
2708 4720 2832 4759 cum
2868 4719 2933 4758 eo
2964 4705 3209 4774 ejusdem
3241 4716 3402 4762 sectae
3431 4710 3554 4766 viri.

2115 4794 2223 4849 Sed
2246 4795 2355 4865 jam
2385 4805 2439 4849 et
2463 4796 2639 4862 locus,
2672 4806 2727 4850 et
2773 4806 2985 4866 tempus
3016 4800 3311 4867 postulant,
3350 4810 3406 4854 ut
3437 4802 3627 4872 dispu-

2043 4887 2207 4942 tando
2240 4888 2649 4958 investigemus,
2693 4903 2873 4944 unone
2914 4892 3213 4961 eodemque
3263 4894 3353 4947 die
3396 4909 3464 4947 an
3503 4896 3626 4962 plu-

2044 4981 2195 5035 ribus
2213 4980 2329 5036 baac
2358 4984 2540 5036 omnia
2573 4992 2725 5052 gesta
2757 4983 2868 5037 sint
2900 5000 2914 5035 :
2949 4992 3164 5039 creatus
3192 4984 3389 5048 Adam,
3418 4985 3627 5040 immis-

2043 5088 2139 5129 sus
2167 5073 2220 5127 in
2260 5073 2595 5142 paradisum,
2629 5074 2734 5128 lata
2774 5074 2883 5138 lex,
2945 5074 3116 5129 indita
3175 5077 3397 5130 nomina
3436 5075 3626 5129 bestiis

2045 5174 2101 5220 et
2155 5164 2499 5233 volucribus,
2532 5164 2747 5221 condita
2777 5165 2912 5231 Eva,
2949 5167 3159 5237 decepti
3194 5181 3292 5237 per
3317 5174 3620 5236 serpentem

2046 5257 2205 5329 primi
2237 5266 2510 5327 parentes,
2548 5257 2748 5313 violata
2802 5260 2910 5325 lex,
2958 5260 3295 5315 vindicatum
3333 5260 3387 5313 in
3420 5260 3619 5317 noxios

415 5424 459 5458 ⁸¹
493 5423 666 5481 Exod.
715 5438 885 5485 mm,
920 5422 971 5477 ﬁ.
1022 5420 1067 5454 ³³
1100 5421 1255 5475 Deut.
1285 5435 1453 5483 xxxii,
1493 5419 1577 5474 15.
1626 5418 1672 5450 ⁸³
1700 5416 1862 5472 Prov.
1901 5434 2000 5479 xu,
2043 5417 2101 5471 ll
2130 5434 2145 5482 ;
2176 5433 2363 5479 xxvttt,
2397 5418 2479 5474 l9.
2535 5418 2580 5449 “
2614 5418 2762 5474 Psal.
2797 5433 2997 5485 txxvtt,
3024 5418 3117 5473 54.
3175 5415 3382 5473 "Psal.
3405 5430 3596 5485 cxvnt,

348 5494 431 5553 71.
512 5495 558 5525 ⁸⁸
592 5496 704 5553 Jer.
743 5512 816 5561 vt,
842 5495 893 5551 8.
972 5494 1012 5526 ⁸⁷
1054 5494 1098 5548 ll
1130 5492 1256 5547 Cor.
1287 5506 1387 5557 xn,
1421 5491 1475 5543 7.

418 5654 529 5725 (98)
582 5655 750 5711 Caute
774 5656 929 5723 lege;
960 5671 1084 5711 nam
1114 5656 1291 5727 angeli
1327 5652 1543 5725 proprie
1592 5668 1701 5727 non
1726 5652 1915 5727 dolent

350 5722 443 5778 aut
507 5722 795 5782 tristantur
832 5722 922 5783 de
970 5722 1214 5794 recentis
1269 5722 1574 5795 hominum,
1617 5725 1686 5798 S.
1725 5722 1920 5782 Thom.

1552 5489 1598 5520 ⁸⁸
1629 5488 1772 5544 Psal.
1795 5490 2023 5556 xvn,ll.

2139 5489 2183 5520 θ’
2219 5489 2420 5543 Ezecb.
2470 5503 2509 5555 ι,
2540 5489 2606 5544 15
2654 5506 2807 5559 seqq.

2028 5670 2043 5708 ι
2081 5662 2221 5723 part.
2253 5663 2449 5723 qumsl.
2480 5654 2602 5717 ΗΞ,
2626 5663 2731 5710 art.
2758 5654 2823 5715 7,
2882 5651 2975 5705 sed
3015 5660 3219 5725 tantum
3248 5652 3621 5725 metaphmice

2032 5740 2157 5784 cum
2204 5739 2455 5782 universe
2481 5726 2711 5781 Salutem
2746 5730 2991 5780 nostram
3020 5723 3261 5782 cupiant.
