4100 6212
511 278 615 340 5Ἶ9

1699 261 1709 268 ’
1786 273 2016 333 MOSIS
2060 273 2213 332 ΒΑΗ
2255 272 2501 333 CEPHA

3669 274 3774 336 580

512 387 778 457 ejectique
816 387 1052 456 denique
1082 386 1157 441 illi
1205 397 1359 441 extra
1392 386 1727 456 paradisum.
1763 386 1838 441 De
1888 388 1989 441 hac
2020 402 2091 441 ire
2121 393 2163 449 Α
2192 402 2340 451 cere,
2380 387 2541 455 cujus
2586 385 2829 456 potentia
2866 399 3107 455 prorsus
3144 384 3421 440 voluntati
3464 389 3775 455 respondet.

514 483 595 535 ita
643 480 808 535 sentit
842 479 1210 543 il’liilosenus,
1268 478 1517 533 oratione
1564 494 1728 548 quam
1753 480 1972 549 scripsit
2026 480 2093 536 de

507 572 714 627 arbore
744 573 888 635 vitae,
929 580 983 624 et
1011 570 1271 624 dominus
1302 571 1536 639 Ephrem
1585 571 2007 628 Commentariis
2037 573 2090 628 in

512 664 792 726 Genesim,
850 672 1014 732 atque
1068 662 1229 717 etiam
1306 662 1561 717 dominus
1631 661 1865 718 Jacobus
1918 664 2096 719 Saru-

514 753 720 823 gensis,
755 750 999 804 oratione
1018 749 1085 803 de
1115 748 1396 812 Passione,
1424 757 1480 801 et
1509 764 1632 801 cum
1662 749 1745 804 his
1769 751 1881 816 alii,
1913 754 2094 807 omnia

518 847 628 899 haec
664 842 852 896 eodem
897 856 1008 895 uno
1034 842 1120 895 die
1147 843 1238 911 qui
1275 851 1461 897 sextus
1489 850 1665 895 erata
1702 844 1920 897 condito
1960 844 2097 899 coelo

517 948 795 1003 terraque,
849 941 972 987 acta
1022 944 1188 1002 atque
1224 932 1474 987 confecta
1517 948 1637 989 esse
1668 951 1681 986 :
1718 935 1944 1003 ejusque
1998 936 2094 999 rei,

515 1029 625 1083 duo
663 1026 876 1080 faciunt
904 1034 1225 1093 argumenta
1263 1042 1277 1077 :
1305 1025 1559 1089 alterum,
1592 1026 1735 1095 quod
1758 1027 1939 1081 adhuc
1964 1028 2097 1081 nihil

515 1117 761 1171 edissent
824 1115 998 1168 Adam
1050 1130 1334 1184 uxorque;
1378 1131 1511 1169 nam
1562 1116 1609 1169 si
1643 1126 1925 1172 vescentes
1971 1128 2098 1173 ante

516 1209 741 1265 vidisset
769 1223 1011 1278 serpens,
1041 1209 1264 1262 minime
1294 1209 1526 1264 dixisset
1552 1211 1617 1262 ad
1652 1210 1813 1263 Evam
1849 1229 1861 1263 :
1908 1210 2099 1265 Verene

504 1302 673 1368 jussit
716 1300 873 1363 Deus,
919 1318 982 1354 ne
1014 1302 1233 1354 ederetis
1267 1302 1330 1356 de
1373 1303 1517 1355 omni
1565 1303 1753 1355 arbore
1805 1304 2100 1371 paradisi?

514 1391 634 1447 Jam
669 1408 795 1447 vero
842 1394 889 1447 si
931 1398 1101 1448 multo
1131 1404 1259 1449 ante
1291 1397 1497 1449 conditi
1546 1396 1799 1459 fuissent,
1832 1398 2102 1466 nequivis-

517 1494 640 1538 sent
683 1485 860 1539 adhuc
912 1485 1120 1554 absque
1158 1485 1303 1540 fame
1350 1496 1404 1541 et
1442 1488 1565 1541 cibo
1618 1489 1783 1542 vitam
1853 1490 2099 1544 tolerare.

515 1578 757 1629 Alterum
793 1578 1133 1646 petitumest
1162 1593 1226 1633 ex
1260 1579 1328 1633 iis
1361 1595 1482 1650 qua:
1504 1596 1699 1649 passus
1728 1590 1811 1636 est
1841 1582 2104 1638 Dominus

517 1672 705 1719 noster
720 1664 1010 1734 Christus;
1044 1682 1107 1721 ea
1124 1668 1273 1722 enim
1292 1670 1640 1724 emendando
1662 1670 1853 1726 Adami
1882 1672 2102 1733 delicto.

2199 478 2291 532 sed
2313 477 2441 549 quia
2478 493 2583 532 non
2614 477 2749 531 satis
2773 484 3199 532 consentaneum
3220 476 3528 531 videturea
3556 475 3638 531 sic
3660 488 3777 531 acta

2199 583 2342 623 esse.
2400 566 2466 620 Et
2498 580 2627 622 vero
2656 566 2701 621 si
2736 565 2911 620 Adam
2941 564 3105 619 etiam
3155 573 3268 619 tum
3292 564 3513 619 nullum
3546 564 3782 633 paradisi

2204 658 2438 714 fructum
2466 666 2959 726 gustasset-prater
2976 656 3204 713 vetitum
3237 656 3413 720 illum,
3443 672 3621 727 neque
3639 658 3783 712 satis

2207 751 2389 806 adhuc
2414 760 2510 804 aut
2540 749 2720 804 locum
2750 749 2960 819 ipsum,
2988 758 3089 802 aut
3109 749 3226 818 ejus
3251 749 3477 804 delicias
3503 759 3782 819 expertus,

2205 845 2379 897 solum
2424 842 2676 897 vertisset
2715 857 2730 895 :
2762 840 2862 911 qui
2906 841 3174 909 potuisset
3202 855 3299 909 per
3321 844 3783 910 comparationem

2200 950 2268 989 ex
2288 935 2408 1005 ejus
2427 943 2587 988 terra:
2609 933 2751 987 unde
2764 932 3044 987 exciderat
3061 931 3337 997 felicitate,
3366 948 3511 992 eam.
3539 934 3591 987 in
3622 950 3784 1003 quam

2204 1025 2616 1088 detrudebatur,
2634 1023 2852 1086 duram,
2878 1023 3174 1089 horridam,
3200 1034 3365 1093 atque
3381 1024 3647 1079 infelicem
3670 1026 3790 1079 exi-

2198 1116 2465 1173 stimare?
2495 1117 2596 1173 Sed
2635 1117 2785 1172 dices
2818 1135 2833 1171 :
2866 1115 3137 1170 Audivere
3178 1132 3360 1171 vocem
3410 1118 3501 1172 Dei
3533 1118 3791 1187 gradim-

2208 1210 2280 1264 tis
2314 1225 2410 1279 per
2442 1209 2753 1279 paradisum
2781 1210 2868 1264 die
2893 1211 3006 1280 jam
3040 1221 3150 1265 tum
3180 1209 3462 1276 inclinato,
3491 1210 3626 1279 pulsi
3656 1224 3786 1279 ergo

2209 1310 2337 1355 sunt
2361 1316 2427 1355 eo
2479 1301 2585 1355 die.
2618 1300 2789 1369 Atqui
2822 1301 3103 1370 Scriptura
3128 1316 3236 1354 non
3270 1302 3420 1363 dicit,
3453 1316 3577 1355 eum
3620 1301 3789 1356 fuisse

2209 1393 2349 1447 diem
2380 1408 2488 1463 quo
2520 1394 2776 1448 conditus
2810 1391 2989 1447 fuerat
3028 1394 3294 1450 Adamus.
3326 1395 3449 1449 Pari
3492 1409 3621 1464 ergo
3649 1410 3786 1447 con-

2196 1484 2405 1539 feceris
2436 1485 2669 1550 ratione,
2698 1488 2887 1541 eodem
2937 1486 3027 1540 die
3082 1497 3137 1541 et
3164 1485 3427 1541 Joannem
3487 1487 3785 1557 Baptistam

2210 1587 2266 1631 et
2288 1576 2565 1632 Christum
2589 1578 2826 1644 venisse,
2858 1579 3300 1649 quandoquidem
3324 1580 3561 1635 historia:
3594 1584 3789 1647 series,

2213 1670 2293 1725 eis
2322 1671 2517 1725 diebus
2544 1671 2747 1739 quibus
2774 1673 3027 1741 apparuit
3052 1672 3161 1737 ille,
3187 1672 3348 1742 hujus
3378 1673 3518 1728 diem
3557 1676 3791 1743 subjun-

516 1765 713 1810 exacto
737 1767 925 1812 tenore
949 1763 1279 1828 respondere
1302 1762 1475 1816 aiunt.
1498 1761 1657 1818 Verbi
1676 1768 1849 1835 gratia
1876 1784 1890 1820 :
1915 1764 2101 1831 Sexto,
2125 1742 2179 1805 38
2208 1764 2303 1834 git.
2327 1764 2443 1820 rSed
2480 1782 2660 1845 neque
2690 1767 2824 1820 illud
2857 1767 2992 1821 satis
3023 1767 3239 1820 ﬁrmum
3264 1776 3347 1821 est
3384 1777 3787 1837 argumentum,

516 1848 798 1916 inquiunt,
830 1849 919 1903 die
957 1860 1177 1905 creatus
1206 1860 1289 1906 est
1317 1854 1512 1919 Adam,
1538 1857 1725 1911 eodem
1754 1861 2103 1916 excruciatus

514 1946 601 1991 est
636 1938 897 1994 Dominus
933 1950 1141 2007 noster,
1192 1943 1244 1998 in
1277 1944 1398 2014 ejus
1454 1947 1560 2003 diei
1609 1949 1765 2003 initio
1804 1951 1892 2005 ille
1918 1960 2005 2006 est
2034 1968 2100 2007 ex

516 2024 630 2079 luto
653 2029 1008 2097 compositus,
1050 2030 1139 2087 hic
1170 2032 1299 2087 item
1330 2036 1395 2091 ad
1430 2037 1666 2095 tribunal
1693 2050 1919 2109 raptus;
1970 2042 2103 2097 hora

472 2126 477 2129 '
517 2115 666 2171 illius
696 2119 803 2173 diei
834 2121 990 2174 tertia
1034 2122 1291 2181 inductus
1328 2138 1413 2183 est
1452 2129 1504 2183 in
1538 2133 1953 2201 paradisum,-et
1977 2133 2105 2189 Ser-

518 2217 675 2263 vator
700 2221 890 2267 noster
920 2214 1078 2269 tertia
1106 2216 1240 2272 hora
1260 2228 1553 2277 extractus
1581 2232 1756 2280 estex
1786 2226 1920 2281 urbe
1945 2225 2104 2281 Jeru-

521 2300 715 2367 salem,
742 2301 986 2359 humeris
1012 2320 1232 2364 crucem
1262 2327 1417 2367 suam
1446 2314 1729 2383 bajulans;
1756 2326 1810 2371 et
1840 2333 1949 2387 quo
1970 2328 2103 2395 tem-

520 2407 652 2461 pore
682 2395 856 2450 Adam
889 2415 1086 2456 manus
1120 2406 1393 2472 protendit
1415 2407 1480 2462 ad
1506 2408 2102 2480 decerpendos'fructus

520 2492 765 2555 negatos,
793 2489 985 2545 eodem
1003 2491 1257 2553 Christus
1272 2511 1403 2552 suas
1420 2499 1683 2555 disrendit
1697 2517 1858 2571 super
1874 2503 2100 2571 lignum.

520 2575 796 2635 Rursusva
828 2593 980 2637 sexta
1014 2585 1080 2638 ad
1116 2601 1318 2643 nonam
1350 2591 1540 2646 horam
1569 2602 1770 2650 exutus
1802 2605 1890 2650 est
1928 2596 2098 2650 Adam

520 2683 620 2722 sua
643 2668 839 2737 gloria,
874 2676 1396 2745 noxarquededitus,
1438 2680 1623 2752 itaque
1659 2693 1715 2738 et
1763 2687 1833 2740 ob
1883 2703 2101 2742 crucem

522 2756 750 2814 Christi.
801 2759 895 2815 Sol
931 2779 960 2817 a
993 2774 1147 2820 sexta
1172 2768 1243 2821 ad
1286 2784 1511 2834 nonam,
1549 2773 1755 2829 amisso
1820 2776 2104 2843 splendore

525 2846 852 2905 ohscuratus
911 2862 1016 2918 est,
1071 2866 1235 2925 atque
1262 2860 1511 2914 universa
1553 2874 1802 2917 creatura
1828 2866 1975 2921 luctu
2010 2882 2105 2922 eo-

522 2940 934 3006 operata,quasi
968 2946 1218 2998 reiricata
1244 2946 1456 3014 pristini
1474 2948 1602 3003 Adae
1624 2967 1792 3007 casus
1819 2958 2101 3010 memoria.

524 3026 715 3094 Elapsa
749 3028 943 3089 deinde
972 3046 1120 3087 nona
1176 3037 1334 3104 hora,
1390 3039 1850 3115 dissipatmatque
1895 3049 2102 3103 abactae

525 3124 653 3169 sunt
706 3119 971 3187 tenebrae;
1026 3138 1135 3191 qua
1175 3141 1234 3181 re
1287 3128 1701 3196 signiﬁcabatur
1756 3136 1933 3192 soluta
1991 3140 2103 3207 jam

521 3216 636 3263 tum
671 3226 791 3267 esse
816 3230 889 3271 ea
923 3216 1063 3270 mala
1097 3235 1217 3285 qua:
1266 3237 1439 3290 genus
1469 3226 1768 3282 humanum
1796 3232 2105 3289 circumde-

525 3301 737 3369 derant,
800 3317 967 3377 atque
1020 3325 1354 3381 occuparant
1388 3329 1620 3386 propter
1675 3320 1844 3389 legem
1889 3322 1983 3378 Dei
2035 3325 2104 3377 ab

524 3395 734 3449 Artamo
771 3397 1048 3455 violatam.
1091 3402 1321 3471 Insuper
1359 3422 1468 3474 quo
1518 3418 1762 3478 tempore
1814 3413 2106 3469 confossus

525 3485 790 3547 Dominus
809 3504 991 3547 nosmr
1018 3495 1227 3561 lancea,
1246 3499 1487 3553 eodema
1516 3503 1731 3557 Cherub
1753 3508 1978 3560 custode
2012 3524 2107 3575 pa-

516 3582 690 3634 radisi
741 3592 795 3635 et
841 3584 1055 3640 arboris
1107 3589 1228 3642 vitae
1262 3590 1439 3645 ablata
1482 3606 1565 3648 est
1597 3596 1805 3654 hincea.
1866 3598 2108 3670 Denique

527 3684 634 3737 qua
686 3671 816 3729 hora
858 3676 1048 3744 pulsus
1074 3691 1155 3733 est
1189 3683 1713 3749 paradisoAdamus
1747 3706 1775 3743 a
1826 3690 1956 3755 Deo,
2017 3710 2109 3749 ea-

529 3757 654 3813 dem
686 3776 969 3830 prorsusa
1016 3767 1235 3826 Christo
1268 3773 1515 3831 immissa
1575 3788 1659 3833 est
1703 3781 1753 3835 in
1794 3785 2105 3852 paradisum

514 3852 704 3944 anima
730 3853 957 3913 latronis
988 3859 1098 3933 (29)
1134 3879 1147 3914 :
1174 3878 1237 3917 ac
1261 3866 1488 3934 proinde
1504 3885 1613 3939 quo
1636 3880 1881 3944 tempore
1898 3878 2108 3935 daemon

524 3943 711 4000 videns
739 3947 973 4015 ejectum
1002 3954 1258 4021 paradiso
1308 3960 1580 4017 Adamum
1604 3943 1844 4034 (gavisus
1877 3982 1978 4037 est,
2014 3986 2110 4027 eo-

525 4036 650 4092 dem
684 4050 741 4095 et
774 4041 947 4097 doluit
977 4060 1101 4099 cum
1128 4044 1379 4107 cer'neret
1400 4054 1634 4113 latronis
1665 4062 1903 4117 animam
1928 4065 1979 4118 in
2013 4081 2109 4136 pa-

529 4130 769 4187 radisum
803 4135 1103 4192 reductam.
1142 4138 1353 4212 Quippe
1408 4162 1533 4201 cum
1584 4150 1787 4206 Christi
1838 4130 2104 4212 anima—in

526 4237 689 4277 cruce
716 4234 859 4282 esset
884 4242 912 4280 a
957 4243 1182 4298 corpore
1225 4223 1496 4304 separata,
1540 4240 1656 4309 ipsa
1682 4245 1940 4302 divinitas
1970 4248 2108 4304 sim-

526 4312 759 4381 pliciter,
790 4332 968 4387 neque
1010 4336 1211 4394 corpus
1246 4340 1421 4397 neque
1444 4331 1694 4387 tertianam
1718 4335 1983 4403 deseruit,
2014 4340 2106 4394 sed

525 4413 580 4458 et
606 4421 716 4460 una
751 4423 876 4463 cum
937 4428 1168 4483 corpore
1228 4421 1537 4489 sepulcrum
1578 4426 1799 4495 subiit;
1848 4438 1907 4485 et
1944 4433 2107 4487 simul

525 4511 650 4555 cum
676 4500 857 4554 anima
901 4503 1103 4561 inferos
1148 4511 1404 4573 correxit,

527 4604 648 4656 qua:
692 4590 823 4645 inibi
871 4595 1558 4658 tenebanturrconcioncm
1595 4608 1807 4664 habuit
1850 4614 2003 4668 sicut
2037 4615 2113 4669 ait

528 4677 726 4737 Petrus
756 4684 1052 4752 apostolus
1082 4690 1134 4743 in
1184 4706 1284 4747 sua
1332 4697 1655 4765 epistola”.
1692 4699 1878 4773 Itaque
1930 4711 2112 4763 anima

526 4771 731 4826 Christi
766 4777 1104 4837 casanimas
1131 4799 1257 4852 qua:
1290 4786 1343 4840 in
1380 4804 1451 4844 se
1466 4771 1800 4861 credebant,
1818 4797 1886 4852 ab
1923 4799 2111 4856 inieris

526 4864 773 4932 sustuiit,
808 4869 1189 4944 subvectaque
1222 4877 1442 4936 induxit
1474 4899 1615 4939 cum
1648 4888 1881 4945 latronis
1925 4894 2105 4948 anima

526 4970 601 5020 tu,
615 4959 947 5025 paradisum
965 4965 1113 5021 unde
1135 4971 1398 5038 expulsus
1424 4973 1600 5031 fuerat
1620 4979 1889 5036 ‘Adamus.

582 5050 864 5107 .Adamum
889 5056 1177 5114 θοάωιώ
1211 5074 1529 5121 emtum.“
1548 5086 1589 5122 re
1610 5074 1864 5137 paradiso
1887 5074 2110 5142 eiectum

520 5156 629 5197 non
667 5143 852 5212 fuisse.
890 5175 962 5190 -—
995 5149 1191 5207 Verum
1220 5161 1514 5214 sententia
1554 5162 1783 5225 alienun
1820 5167 2108 5224 doctorum

524 5240 1007 5309 est,nequaquam
1064 5259 1173 5298 uno
1194 5246 1295 5302 ,die
1321 5251 1500 5305 munia
1532 5254 1797 5311 tillavesse
1834 5273 2057 5328 peracta
2096 5282 2108 5316 :

524 5342 631 5384 non
661 5332 788 5402 quia
804 5348 913 5388 non
931 5340 1167 5406 potuerit
1195 5338 1337 5398 Deus
1371 5352 1479 5398 tam
1506 5347 1651 5403 brevi
1670 5365 1730 5403 ea
1750 5353 1924 5422 spatio
1941 5359 2114 5409 conli-

592 5510 639 5543 ὀ
663 5512 683 5567 l
708 5516 849 5572 Petr.
878 5534 959 5585 ιιι,
1009 5521 1097 5579 19.

2209 1874 2310 1913 cur
2345 1875 2694 1931 praepropera
2751 1860 3105 1916 festinatione
3158 1861 3553 1915 conturhemus
3604 1876 3787 1915 rerum

2206 1966 2479 2023 gestarum
2503 1955 2726 2019 seriem,
2753 1964 2915 2022 atque
2956 1955 3121 2008 unius
3147 1952 3506 2023 ejusdemque
3532 1953 3640 2008 diei
3662 1970 3790 2022 spa-

2205 2045 2283 2099 tio
2322 2054 2432 2099 tam
2470 2047 2638 2100 multa
2674 2047 3097 2111 concludamus,
3140 2046 3289 2117 quod
3322 2047 3624 2102 deChristi
3660 2063 3787 2103 cru-

2204 2135 2440 2191 ciatibus
2478 2137 2707 2192 allatum
2780 2148 2884 2193 est.
2937 2138 3074 2193 Nam
3126 2150 3185 2194 ut
3245 2140 3474 2197 libentes
3531 2140 3787 2205 fatemur,

2200 2227 2485 2281 Christum
2525 2229 2614 2283 die
2649 2230 3159 2286 sexto-emendasse
3194 2240 3357 2301 atque
3389 2234 3638 2301 expiasse
3668 2249 3791 2303 qua:

2205 2323 2274 2373 ah
2325 2319 2537 2375 Adamo
2586 2320 2831 2377 admissa
2916 2321 3154 2387 fuerant,
3231 2325 3307 2379 ita
3366 2324 3481 2378 ﬁeri
3546 2326 3792 2393 potuisse

2205 2412 2586 2468 contendimus
2623 2422 2683 2466 ut
2730 2413 2995 2481 Adamus,
3058 2430 3181 2469 eum
3230 2416 3328 2471 die
3384 2417 3589 2471 conditi
3641 2418 3791 2473 orbis

2205 2511 2358 2558 sexto
2398 2513 2554 2559 esset
2576 2514 2804 2561 creatus
2836 2515 2998 2577 atque
3021 2508 3221 2562 eodem
3262 2510 3427 2563 etiam
3449 2509 3789 2580 deliquisset,

2206 2596 2314 2651 alio
2352 2598 2450 2652 idie
2486 2606 2669 2662 sexto,
2697 2614 2804 2670 pro
2826 2615 2903 2654 -ea
2928 2600 3143 2655 dierum
3183 2602 3327 2656 serie
3369 2617 3476 2671 qua
3504 2617 3795 2658 recurren-

2206 2697 2292 2743 tes
2325 2697 2702 2755 recensentur,
2740 2691 2824 2744 sui
2855 2690 3050 2761 ﬂagitii
3087 2692 3543 2748 condemnatus:
3570 2694 3691 2748 Deo
3723 2695 3795 2748 sit

2208 2791 2374 2850 atque
2425 2782 2742 2837 elitninatus
2778 2783 3379 2853 paradiso.'Enimrero
3430 2786 3552 2855 quis
3603 2788 3795 2841 credat

2209 2874 2355 2943 (cum
2404 2875 2805 2944 amplissimum
2852 2886 3000 2931 esset
3064 2878 3304 2947 paradisi
3366 2878 3624 2948 spatium)
3679 2894 3795 2931 uno

2207 2965 2297 3020 die
2334 2965 2602 3020 Adamum
2634 2981 3056 3036 esse'egressum
3080 2970 3149 3023 ad
3183 2969 3507 3038 imponenda
3538 2970 3796 3024 animan-

2209 3059 2355 3114 tibus
2394 3058 2641 3126 nomina,
2669 3061 2975 3129 eodemque
3025 3062 3656 3118 revertisse‘inmed‘utn
3692 3078 3792 3133 pa-

2213 3152 2476 3217 radisum,
2508 3151 2611 3206 hoc
2634 3162 2738 3216 est,
2754 3142 3061 3208 multorum
3092 3155 3433 3213 dierumiter
3452 3155 3795 3210 confecisse?

2208 3242 2411 3297 Eodem
2470 3245 2632 3297 etiam
2675 3253 2982 3315 rexemptaln
3028 3246 3130 3315 ipsi
3183 3250 3411 3315 costam;
3438 3263 3578 3312 esse,
3624 3257 3678 3301 et
3734 3249 3789 3302 in

2211 3336 2491 3389 mulierem
2536 3336 3008 3403 transformatam,
3078 3341 3269 3394 eodem
3305 3341 3372 3394 de
3404 3341 3566 3394 vetita
3599 3341 3795 3395 arbore

2210 3428 2400 3482 ambos
2430 3428 2610 3483 edisse
2659 3431 3025 3501 paradisoque
3058 3447 3181 3487 esse
3224 3434 3512 3488 extrusos?
3544 3433 3707 3495 Sane.
3740 3444 3795 3487 et

2210 3521 2381 3585 exire,
2427 3530 2480 3574 et
2511 3521 2739 3588 reverti,
2773 3532 2829 3576 et
2860 3534 3120 3592 praeterea
3159 3525 3324 3579 tantis
3371 3525 3492 3580 aliis
3530 3525 3795 3579 interesse

2210 3612 2397 3675 rebus,
2427 3612 2573 3667 haud
2615 3621 2699 3668 est
2752 3629 2853 3684 pro
2890 3617 3050 3671 unius
3086 3617 3199 3671 diei
3237 3619 3442 3687 spatio;
3475 3627 3528 3672 et
3571 3617 3791 3685 quidem

2210 3719 2319 3759 non
2349 3704 2540 3773 integri
2573 3706 2666 3760 sed
2698 3720 2729 3760 a
2762 3707 3005 3763 diluculo
3028 3709 3095 3763 ad
3145 3725 3344 3764 nonam
3382 3711 3648 3764 duntaxat
3690 3710 3794 3764 ho-

2211 3810 2328 3850 ram
2363 3813 2560 3867 usqne,
2606 3808 2668 3853 ut
2724 3800 2803 3854 illi
2847 3802 3022 3857 aiunt.
3066 3802 3323 3872 Denique
3359 3804 3617 3869 dicimus,
3649 3804 3793 3857 haud

2210 3889 2504 3945 verisimile
2526 3890 2717 3957 videri,
2754 3893 3056 3948 eodem-die
3081 3904 3136 3948 et
3186 3897 3465 3950 conditum
3497 3913 3620 3952 esse
3651 3898 3794 3951 Ada-

2211 3998 2360 4037 mum
2387 3984 2822 4040 etanimantibus
2838 4001 2935 4040 sua
2951 4002 3072 4041 cum
3097 3989 3358 4045 indidisse
3387 3990 3626 4044 nomina.
3655 3988 3793 4043 Nam

2210 4075 2255 4130 si
2288 4090 2398 4145 quo
2423 4085 2666 4146 tempore
2691 4085 2816 4132 sunt
2844 4089 3125 4147 procreata
3171 4081 3445 4145 animalia,
3478 4082 3668 4136 eodem
3719 4082 3796 4135 si-

2213 4169 2327 4222 mul
2386 4179 2439 4223 et
2490 4171 2709 4223 nomina
2749 4170 2991 4227 Adamus
3046 4172 3288 4227 dedisset
3326 4192 3339 4227 :
3377 4174 3620 4243 profecto
3681 4190 3793 4230 non

2214 4271 2550 4315 memoraret
2582 4259 2885 4331 Scriptura,
2918 4262 3085 4318 Deum
3114 4264 3201 4318 illa
3230 4266 3295 4320 ad
3314 4267 3581 4321 Adamum
3616 4268 3797 4322 addu-

2213 4350 2383 4404 xisse.
2428 4349 2631 4421 ‘Neque
2658 4354 2803 4408 enim
2834 4365 2963 4411 ante
2994 4372 3116 4411 eum
3149 4358 3290 4411 diem
3322 4374 3432 4429 quo
3465 4368 3685 4414 creatus
3712 4372 3797 4416 est

2140 4441 2385 4518 DAdam
2417 4441 2507 4496 illa
2534 4443 2705 4499 'fuere
2766 4454 2908 4511 orta,
2963 4449 3056 4503 sed
3093 4464 3157 4503 eo
3188 4453 3306 4527 ipso
3365 4452 3473 4521 quo
3526 4454 3794 4520 Adamus,

1462 4524 1626 4583 atque
1655 4518 1721 4570 ad
1748 4534 1867 4573 .eas
1884 4522 2103 4578 animas

2209 4534 2372 4589 etiam
2401 4534 2492 4590 illa
2518 4546 2666 4591 sunt
2688 4549 3008 4607 procreata;
3050 4557 3221 4610 quare
3249 4560 3441 4614 parum
3479 4561 3793 4615 congruen-

2212 4635 2292 4681 ter
2323 4626 2437 4697 ipsa
2469 4626 2721 4682 dicantur
2774 4632 2966 4686 eodem
3028 4648 3140 4687 uno
3184 4651 3306 4688 cum
3340 4636 3547 4690 Adamo
3592 4636 3682 4691 die
3737 4638 3792 4692 in

2209 4718 2423 4773 dissitis
2455 4718 2769 4789 regionibus
2798 4730 2937 4787 orta,
2966 4732 3017 4777 et
3048 4723 3212 4778 simul
3272 4726 3339 4779 ad
3373 4726 3638 4779 Adamum
3671 4739 3788 4783 acta

2210 4824 2373 4877 esse;
2440 4811 2695 4880 quamvis
2754 4812 2806 4866 id
2861 4812 2916 4866 in
2974 4814 3228 4871 volucres
3281 4818 3546 4886 quadrare
3595 4822 3790 4887 possit,

2214 4902 2414 4972 quippe
2471 4918 2590 4973 qua:
2620 4904 2731 4973 jam
2778 4916 2903 4960 ante
2948 4908 3163 4962 fuerant
3210 4921 3404 4965 enatm.
3446 4911 3601 4977 Quod
3644 4914 3788 4967 enim

2217 5006 2587 5049 memorantur
2616 4996 2869 5051 animalia
2902 4999 3249 5056 adAdamum
3281 5018 3309 5056 a
3344 5003 3453 5058 Deo
3482 5020 3601 5060 esse
3624 5006 3795 5060 addu-

2216 5092 2324 5147 cta,
2362 5085 2638 5153 signiﬁcat
2686 5087 2852 5142 variis
2905 5090 3108 5161 alioqui
3158 5093 3295 5149 locis
3346 5095 3437 5150 illa
3499 5107 3787 5166 procreata

2210 5174 2572 5246 dispersaque
2659 5178 2914 5247 agitasse.
2978 5181 3480 5243 ‘Verumenimvero
3556 5187 3790 5244 liberum

2219 5267 2575 5333 estolecturi,
2610 5280 2793 5326 utram
2838 5274 2966 5330 Velit
3004 5277 3200 5333 harum
3252 5281 3480 5335 duarum
3543 5281 3688 5337 inter
3733 5298 3797 5338 se

2223 5359 2658 5415 adversariarum
2692 5364 3012 5434 opinionum
3036 5370 3300 5441 amplecti
3337 5382 3500 5445 atque
3533 5375 3795 5432 retinere.

596 5695 707 5769 (‘29)
733 5700 848 5763 Non
895 5706 951 5763 in
987 5704 1297 5770 terrestrem
1338 5713 1659 5806 paradisum
1698 5716 1951 5805 immissa
1980 5732 2081 5782 est
2121 5722 2350 5784 latronis
2377 5729 2586 5799 anima,
2611 5734 2775 5791 srdin
2810 5736 3057 5808 gloriam.
