4100 6212
331 277 433 343 581

1466 280 1561 338 DE
1596 277 2013 339 .PAItADlSO.
2056 303 2125 315 -
2162 278 2352 337 PARS
2394 279 2441 340 Ι.

3488 282 3599 342 582

330 396 467 452 Nam
498 405 645 450 certa
669 400 857 450 earum
904 408 1086 449 rerum
1125 392 1365 463 cognitio
1394 393 1448 448 in
1484 393 1669 448 futuro
1694 393 1916 447 demunt
1946 396 1993 455 Α
2025 391 2078 445 in
2108 391 2363 460 paradiso
2412 398 2808 446 commoratum
2854 402 2976 444 esse
3023 388 3187 444 horas
3232 405 3342 444 non
3368 395 3602 464 amplius

329 489 535 545 saeculo
596 487 664 542 iis
710 486 959 540 absolute
996 484 1296 554 continget,
1340 484 1431 553 qui
1487 490 1647 537 antea
1682 482 1912 543 .virtutis

330 578 609 635 exercitiis
655 592 715 634 se
744 577 848 648 ipsi
897 578 985 631 hic
1004 591 1044 631 .a
1077 576 1286 647 peccati
1330 575 1576 637 tenebris,
1617 588 1914 644 perpurga-

329 673 531 727 verint.

401 766 615 830 Quanto
639 772 869 831 tempore
897 760 1070 815 Adam
1102 762 1289 815 vixerit
1322 762 1376 814 in
1410 756 1909 829 paradiso.—Jam

328 871 461 910 vero
512 842 615 908 Ito'c
674 869 894 922 quoque
959 853 1316 922 expediamus
1356 870 1370 906 :
1419 860 1624 920 quanto
1670 859 1912 918 tempore

328 949 595 1002 manserit
627 948 799 1000 Adam
828 947 879 1000 in
910 947 1183 1016 paradiso.
1212 943 1314 998 ilic
1347 944 1565 1013 quidam
1600 942 1913 997 existimant

331 1039 550 1108 triginta
574 1053 756 1091 annos
788 1038 934 1091 inibi
968 1036 1169 1101 fuisse,
1222 1050 1415 1104 nempe
1464 1043 1598 1102 quot
1638 1033 1912 1089 tDominus

312 1142 514 1187 noster
535 1132 588 1185 in
624 1132 832 1185 mundo
866 1132 987 1202 egit
1043 1146 1139 1200 pro
1164 1130 1435 1200 expiando
1476 1129 1621 1183 illius
1648 1129 1862 1183 scelere
1892 1142 1908 1183 :

328 1231 391 1276 ut
439 1223 681 1291 quandiu
740 1221 903 1291 primi
963 1222 1214 1275 homines
1243 1217 1911 1290 magniﬁcentiaparadisi

328 1312 886 1382 sunt:potiti,taudiu
942 1313 1042 1366 iste
1076 1312 1282 1365 mundi
1327 1312 1493 1381 hujus
1538 1311 1909 1365 humilitatem

330 1406 672 1460 toleraverit.
729 1405 834 1459 Alii
867 1416 1081 1474 putant,
1139 1405 1499 1474 quadraginta
1543 1405 1733 1458 diebus
1766 1404 1910 1457 Ada-

326 1510 477 1549 mum
524 1495 633 1551 illic
668 1496 930 1562 hausisse;
973 1510 1148 1557 eoque
1182 1496 1465 1550 Christum
1500 1495 1633 1550 dies
1687 1496 1909 1550 totidem

324 1588 592 1658 jejunium
652 1590 958 1655 duravisse,
1006 1588 1268 1643 nimirum
1328 1599 1386 1643 ut
1433 1590 1597 1658 hujus
1637 1588 1909 1657 jejunium

326 1682 573 1736 remedio
604 1693 746 1737 esset
780 1683 997 1737 illorum
1039 1682 1294 1752 ingluviei
1326 1698 1423 1751 per
1448 1696 1611 1751 quam
1638 1681 1911 1735 admisere

328 1783 608 1842 peccatum
636 1774 688 1826 in
724 1774 997 1841 paradiso.
1048 1773 1153 1827 Sed
1182 1773 1433 1827 dominus
1486 1772 1745 1840 Ephrem,
1782 1770 1906 1824 Phi-

328 1864 578 1932 loxenus,
604 1874 660 1920 et
688 1865 749 1921 ι).
776 1866 1022 1921 Jacobus
1056 1865 1384 1936 Sarugensis
1424 1866 1602 1931 aiunt,
1634 1863 1904 1918 Adamum

2024 497 2155 547 sex;
2191 496 2220 536 a
2251 485 2410 536 tertia
2436 482 2683 545 scilicet,
2711 481 2780 534 ad
2830 496 3242 550 nonam-usque
3270 484 3391 550 .diei
3418 488 3555 540 sexti
3582 507 3594 549 ;

2000 572 2182 642 idque
2238 574 2425 628 utribus
2480 573 2783 628 rationibus
2825 546 3228 626 demonstrare
3310 546 3602 633 niiunturt

1998 679 2249 733 tquarum
2282 666 2458 733 prima
2492 675 2596 729 est,
2630 666 2759 735 quia
2792 666 2965 719 multo
2992 664 3204 719 facilius
3227 664 3399 735 decipi
3428 671 3606 737 potuit

2012 756 2258 813 Adamus
2294 759 2347 813 in
2384 758 2506 829 ipso
2536 760 2718 813 statim
2743 759 2899 813 initio
2921 773 3083 828 quam
3118 758 3160 812 si
3187 758 3434 828 longiore
3465 770 3553 814 ten
3576 792 3605 805 ο

2001 862 2145 918 pone
2197 850 2509 918 paradisum
2562 850 2922 915 incaluisset;
2977 848 3189 913 altera,
3234 852 3494 918 quoniam
3557 855 3601 905 tl

1994 938 2223 995 tdiutius
2260 941 2403 1010 apud
2436 942 2682 995 animum
2717 958 2878 997 suum
2911 941 3227 995 meditando
3257 943 3603 1011 expendisstt

1998 1031 2335 1101 timperatam
2404 1032 2516 1087 sibi
2594 1033 2806 1103 legem,
2853 1033 3070 1087 cautior
3114 1031 3295 1088 factus
3371 1032 3599 1099 luisset;

2000 1136 2200 1178 verum
2232 1124 2453 1193 quando
2484 1124 2738 1188 exiguum
2764 1123 2853 1177 ille
2916 1123 3178 1191 temporis
3206 1123 3444 1191 spatium
3468 1126 3600 1192 egit,

1998 1214 2175 1269 simul
2206 1224 2261 1267 ut
2282 1214 2599 1268 mandatum
2626 1230 2659 1267 a
2683 1213 2790 1267 Deo
2821 1221 3126 1280 acceperat,
3156 1211 3400 1266 fraudem
3430 1216 3591 1267 etiam

1996 1306 2120 1361 sibi
2176 1304 2334 1360 facile
2386 1305 2503 1359 ﬁeri
2559 1318 2754 1375 passus
2783 1317 2889 1359 est.
2934 1304 3137 1370 Tertia,
3175 1304 3438 1359 credibile
3494 1315 3597 1368 est,

2015 1401 2220 1464 Deum,
2278 1414 2440 1468 quem
2502 1401 2761 1465 paradiso
2806 1396 3069 1466 pulsurus
3113 1405 3248 1454 erat.
3282 1411 3404 1449 cum
3440 1397 3598 1449 haud

2014 1492 2173 1563 longo
2207 1502 2448 1562 tempore
2496 1502 2644 1545 tanta
2675 1492 2938 1545 felicitate
2971 1489 3077 1543 lrui
3098 1490 3303 1543 sivisse
3332 1504 3399 1543 ne
3431 1489 3599 1542 uimi-

2000 1600 2151 1640 rrtun
2200 1585 2652 1649 excruciaretur;
2705 1585 2795 1638 sed
2870 1582 3088 1636 mollius
3130 1582 3420 1649 minusque
3460 1596 3601 1650 aegre

2015 1673 2222 1738 ferret,
2282 1689 2341 1728 se
2424 1674 2589 1727 tantis
2647 1672 2855 1726 deliciis
2896 1670 3161 1739 spoliari;
3227 1671 3367 1723 solet
3427 1670 3573 1722 enim

1938 1751 1982 1804 Β
2014 1767 2155 1821 Deus
2185 1767 2481 1821 clementer
2508 1763 2924 1834 casrigatiouem
2944 1776 3236 1816 exercere.
3282 1761 3461 1829 Atque
3510 1760 3600 1816 hic

2012 1861 2138 1915 linis
2171 1869 2291 1915 esto
2314 1860 2493 1931 primi
2528 1854 2930 1912 commentarii.

341 2053 3554 2082 Μ

1388 2220 1686 2309 PARS
1754 2216 2136 2309 ιΡΟΞΤΕ
2161 2216 2493 2310 BIOR.

908 2601 1338 2660 ιΡΒθίΕΜΙυΜ.

384 2722 512 2780 Col.
560 2720 868 2793 Superioris
900 2719 1285 2774 Commentarii
1311 2757 1324 2783 ,
1361 2716 1446 2786 pie
1476 2713 1683 2784 ‘lgnati,
1726 2716 1904 2786 primo

322 2815 519 2885 capite,
550 2814 868 2868 disserendo
898 2810 1238 2865 ostendimus
1258 2849 1271 2873 ,
1304 2809 1616 2876 paradisum
1669 2806 1903 2875 lluplicls

318 2922 443 2961 esse
484 2905 840 2966 conditionis.
876 2918 1149 2971 corporeae
1203 2910 1259 2956 et
1297 2901 1591 2971 spiritalis;
1639 2908 1801 2969 atque
1834 2899 1900 2953 ad

319 3000 371 3055 id
397 2998 857 3071 coxitprobandum
880 2996 1208 3051 adduximus
1226 3003 1541 3064 argumenta
1562 2993 1898 3049 ﬁrmissima:

320 3100 436 3145 tum
470 3093 535 3145 ab
566 3091 681 3160 ipsa
709 3104 889 3143 rerum
929 3096 1120 3140 natura
1153 3084 1340 3155 petita,
1379 3095 1491 3137 tum
1521 3098 1713 3138 eorum
1755 3085 1901 3136 viro-

319 3199 443 3239 rum
481 3183 803 3236 aucmritate
832 3180 956 3233 nixa
1000 3180 1091 3248 qui
1120 3176 1276 3231 [idem
1307 3177 1359 3229 in
1388 3174 1456 3229 iis
1492 3175 1904 3229 rebusmercn-

322 3285 432 3330 tur.
464 3275 743 3330 Prosecuti
786 3288 947 3342 porro
974 3272 1082 3326 illic
1113 3287 1305 3325 sumus
1344 3277 1694 3338 corporatum
1745 3282 1904 3337 para-

318 3368 520 3429 disum,
552 3379 777 3436 quaeque
806 3378 871 3418 eo
898 3378 1020 3416 cum
1048 3369 1377 3430 spectarent,
1397 3366 1703 3412 memoratu
1737 3356 1901 3426 digna

318 3474 441 3513 esse
475 3459 801 3511 videbantur
833 3474 845 3509 :
883 3454 1240 3523 explicantes,
1290 3465 1399 3506 non
1444 3452 1605 3503 modo
1636 3465 1724 3503 res
1753 3446 1921 3518 ipsas

318 3551 414 3606 sed
456 3552 677 3603 nomina
712 3548 873 3601 etiam
908 3562 1109 3609 rerum,
1139 3559 1237 3612 pro
1271 3553 1456 3597 tenore
1488 3556 1674 3595 eorum
1710 3543 1902 3594 \erbo-

312 3657 440 3698 rum
490 3642 690 3709 quibus
742 3640 899 3694 divus
932 3637 1124 3692 ‘Moscs
1158 3636 1210 3689 in
1247 3634 1607 3688 describendo
1643 3634 1898 3701 paradiso

318 3750 454 3789 usus
497 3743 599 3789 est.
632 3732 748 3789 Jam
781 3748 915 3785 vero
969 3732 1023 3785 in
1076 3731 1180 3784 hoc
1228 3726 1469 3782 secundo
1497 3725 1898 3779 Commentario

316 3828 734 3889 constituimus,
789 3825 1081 3893 adjuvanle
1127 3834 1347 3890 operam
1397 3828 1641 3871 nostram
1677 3815 1895 3886 Spiritu

316 3928 509 3972 sancto
537 3917 627 3986 qui
660 3918 844 3969 omnia
874 3920 1249 3983 perscrutatur
1280 3910 1442 3965 etiam
1493 3922 1690 3963 art-ana
1732 3916 1895 3976 atque

316 4013 505 4068 intima
544 4010 657 4075 Dei,
683 4010 749 4063 de
776 4009 963 4063 eodem
997 4007 1247 4076 paradiso
1278 4005 1551 4058 disserere
1566 4001 1895 4070 mystice,et,

315 4106 477 4158 utsic
511 4104 712 4165 dicam,
741 4102 1099 4171 spiritualiter
1131 4114 1146 4152 :
1180 4106 1236 4151 ut
1272 4095 1732 4167 quemadmodum
1777 4094 1894 4162 ipse

314 4195 605 4268 paradisus
664 4196 861 4261 duplex
918 4202 1022 4258 est,
1073 4192 1146 4246 ita
1180 4206 1207 4244 a
1266 4189 1422 4244 nobis
1473 4188 1676 4257 duplici
1728 4185 1892 4241 modo

314 4295 595 4342 tractetur.
639 4284 1075 4339 Consentaneum
1126 4296 1291 4353 porro
1337 4288 1459 4346 est,
1518 4290 1578 4335 ut
1627 4281 1680 4334 in
1730 4279 1891 4346 hujus

2508 2600 2739 2657 CAPUT
2800 2600 3092 2657 PRIMUM.

2094 2715 2272 2771 Varia:
2305 2718 2577 2772 sententia:
2632 2717 2930 2771 illectorum
2986 2717 3477 2773 Ecclesiasticorum
3531 2723 3597 2774 de

2009 2811 2266 2880 paradiso
2330 2811 2573 2879 mystico.
2630 2841 2701 2852 —
2752 2811 3023 2865 Doctores
3090 2811 3351 2866 Ecclesia:
3401 2828 3593 2879 saera;

2002 2905 2101 2974 ,qui
2129 2903 2411 2974 praecipui,
2485 2904 2908 2972 certissimaeque
2961 2904 3083 2957 lidci
3120 2903 3413 2970 habentur,
3450 2906 3589 2960 alias

2006 3004 2169 3066 atque
2192 2995 2339 3050 .alias
2378 2994 2665 3061 opiniones
2695 2994 2937 3047 habuere
2959 2994 3026 3047 dc
3052 2993 3302 3062 paradiso
3328 2995 3590 3063 mystico.

1998 3090 2245 3156 Quidam
2304 3088 2449 3142 enim
2518 3087 2761 3156 ipsorum
2814 3095 3236 3140 [sacrosanctam
3288 3085 3587 3142 Ecclesiaut

2006 3179 2786 3249 existimaveruntmysticum
2844 3179 3157 3247 paradisum
3182 3193 3352 3233 esse:
3411 3188 3577 3247 atque

2006 3275 2174 3343 hujus
2203 3274 2430 3343 ﬁguram
2476 3272 2779 3342 mysticam
2835 3270 3010 3325 luisse
3067 3271 3200 3324 olim
3235 3282 3588 3339 corporalem

2010 3364 2508 3434 illumparadisum
2541 3365 2595 3415 in
2637 3377 2748 3432 quo
2807 3372 2926 3417 erat
2957 3362 3223 3417 Adamus.
3274 3362 3379 3416 Alii
3426 3379 3589 3434 para-

2004 3460 2188 3514 disum
2227 3459 2518 3527 mysticum
2557 3456 2804 3511 fecerunt
2867 3471 2987 3512 eam
3040 3454 3248 3510 Christi
3303 3456 3589 3511 docrinam

2000 3568 2169 3622 quam
2200 3551 2510 3620 baptizatus
2541 3549 2879 3617 divulgabat,
2921 3551 3234 3618 cujusmodi
3282 3561 3412 3605 sunt
3456 3552 3589 3605 illa:

2000 3641 2079 3697 Ne
2106 3643 2365 3697 irascaris
2396 3653 2488 3696 tuo
2516 3641 2684 3696 fratri-
2704 3642 2949 3711 gratuito
2982 3658 2996 3695 :
3031 3640 3110 3695 Ne
3148 3642 3395 3699 intueare
3427 3641 3587 3699 femi-

2000 3736 2204 3787 minam
2242 3749 2336 3803 per
2365 3734 2672 3803 cupidinem
2711 3751 2724 3786 :
2762 3732 2826 3787 Si
2876 3735 2993 3801 quis
3028 3736 3353 3802 percusserit
3396 3736 3591 3789 maxil-

1998 3823 2106 3877 lam
2165 3835 2333 3887 tuam,
2394 3826 2666 3879 dexteram
2710 3826 2919 3879 obverle
2974 3827 3023 3879 ei
3075 3827 3301 3881 alteram
3340 3843 3586 3897 quoque:

2004 3916 2168 3979 Vade,
2201 3918 2361 3971 vende
2386 3918 2857 3987 quidquid/tabes,
2881 3930 2930 3972 et
2954 3919 3081 3972 dato
3105 3920 3423 3990 pauperibus
3441 3921 3511 3983 ",
3537 3932 3590 3974 ct

1998 4009 2160 4078 hujus
2184 4009 2404 4079 generis
2451 4008 2577 4063 alia.
2605 4009 2845 4063 Rursum
2899 4009 2988 4064 alii
3050 4020 3265 4078 putant,
3295 4017 3583 4082 mysticum

1977 4100 2305 4170 ,paradisutn
2354 4114 2475 4155 esse
2526 4100 2723 4154 anima:
2766 4108 2975 4170 typum,
3010 4102 3345 4171 arboresque
3386 4103 3439 4156 iu
3492 4105 3586 4157 illo

1993 4202 2163 4255 satas,
2216 4190 2411 4243 animae
2449 4189 2832 4258 facinoraper
2869 4189 3124 4245 virtutem
3181 4188 3321 4244 facta
3371 4192 3585 4261 signili-

1991 4298 2151 4345 care;
2183 4281 2259 4343 bi,
2276 4290 2516 4352 quatuor
2533 4279 2767 4349 paradisi
2788 4278 3011 4334 ﬂumina
3033 4282 3099 4335 ad
3122 4290 3360 4351 quatuor
3387 4284 3583 4337 anima:

314 4393 535 4448 quoque
580 4377 804 4433 secundi
856 4378 1128 4431 sermonis
1187 4373 1475 4445 principio,
1513 4372 1629 4442 ipsa
1681 4380 1886 4442 septem
1923 4415 1967 4469 Β
1993 4375 2228 4428 virtutes
2274 4371 2599 4427 naturaliter
2624 4370 3064 4437 (accommodant
3094 4387 3109 4427 :
3144 4386 3338 4441 nempe
3370 4372 3435 4425 ad
3467 4388 3587 4426 eam

313 4472 489 4538 capita
518 4471 718 4540 quibus
753 4478 923 4523 totum
958 4484 1095 4542 qpus
1123 4483 1153 4521 a
1188 4466 1346 4521 nobis
1376 4466 1704 4524 absolvetur.
1734 4476 1890 4518 sum-

315 4560 501 4613 matim
525 4576 913 4630 proponamus.
937 4557 1122 4613 Primo
1159 4558 1325 4627 igitur
1359 4557 1530 4626 capite
1559 4557 1888 4619 ostenditur,

313 4666 420 4722 qua
468 4652 679 4706 ratione
723 4651 928 4706 inducti
975 4650 1086 4706 sint
1117 4650 1372 4704 doctores
1404 4649 1682 4713 Ecclesize,
1715 4655 1771 4702 ut
1822 4648 1890 4702 de

310 4742 570 4813 paradiso
612 4744 840 4814 mystice
874 4743 1262 4811 loquerentur;
1295 4750 1347 4795 et
1377 4741 1577 4810 quibus
1609 4740 1888 4795 vocabulis

311 4836 706 4907 appellaverint
739 4835 1029 4906 mysticum
1056 4836 1391 4905 paradisum.
1427 4832 1678 4887 Secundo
1712 4833 1889 4902 capite

310 4929 689 4998 explicabitur,
751 4928 884 5000 quid
933 4928 1002 4983 sit
1039 4928 1292 4997 pardisus
1340 4926 1884 4997 mysticus."l‘ertio,

312 5036 560 5090 quaenam
590 5023 660 5078 sit
706 5032 849 5076 terra
890 5021 1140 5092 mystica.
1181 5020 1407 5087 Quarto,
1450 5020 1638 5091 quales
1663 5019 1887 5075 ‘l‘ueriut

314 5114 535 5165 arbores
591 5120 753 5182 atque
809 5110 1004 5180 plantat
1067 5111 1122 5165 in
1152 5110 1256 5166 hoc
1312 5111 1543 5181 mystico
1608 5109 1881 5179 paradiso.

313 5201 509 5268 Quinto
548 5220 671 5274 qua:
702 5202 881 5258 'l'uerit
928 5201 1094 5257 arbor
1129 5202 1379 5257 scientia:
1415 5202 1540 5257 boni
1575 5211 1628 5257 et
1673 5203 1800 5256 mali
1834 5203 1887 5257 in

316 5291 413 5347 hoc
446 5295 701 5362 paradiso
727 5294 951 5365 mystico
979 5302 1118 5349 sata.
1153 5295 1340 5359 Sexto,
1373 5309 1495 5364 quze
1528 5292 1689 5348 fuerit
1726 5295 1889 5347 arbor

313 5383 432 5439 vita:
470 5386 524 5438 in
556 5384 658 5438 hoc
692 5385 945 5454 paradiso
973 5385 1221 5457 mystico.
1257 5384 1520 5455 Septimo,
1545 5394 1887 5454 exponentur

310 5478 538 5549 mystice
590 5479 755 5532 verba
804 5476 971 5534 Mosis
1000 5494 1122 5549 quae
1151 5478 1218 5535 de
1254 5478 1509 5548 paradiso
1542 5480 1746 5552 scripta
1794 5479 1885 5537 ille

310 5570 552 5641 reliquit.

380 5728 425 5761 "
470 5728 658 5785 Matth.
688 5744 739 5798 v,
769 5727 857 5797 η,
887 5729 980 5799 27,
1012 5728 1122 5797 '59;
1174 5744 1284 5797 XII,
1319 5728 1412 5787 2|.

1997 4483 2117 4538 quae
2144 4464 2426 4520 rationalis
2449 4465 2624 4534 partis
2650 4463 2852 4519 anima:
2880 4462 3098 4533 propria
3125 4471 3228 4523 est.
3255 4473 3310 4517 et
3342 4463 3587 4534 pruden-

2000 4561 2072 4614 tia
2130 4570 2382 4619 vocatur,
2439 4566 2495 4612 et
2537 4557 2602 4611 ad
2655 4556 3125 4625 temperantiam:
3163 4556 3291 4611 item
3342 4556 3408 4613 ad
3461 4571 3580 4610 eam

1995 4667 2116 4724 qua
2146 4651 2447 4707 animosam
2480 4651 2594 4706 sive
2616 4649 2943 4706 irascibilem
2979 4660 3187 4720 partem
3222 4650 3417 4704 animae
3449 4664 3575 4720 spe-

1995 4752 2124 4811 ctat,
2153 4753 2319 4814 atque
2347 4741 2806 4807 nunc‘fortitud’o,
2839 4756 2985 4797 nunc
3015 4741 3214 4798 lenitas
3256 4754 3584 4797 mansuetu-

1996 4838 2135 4892 dove
2187 4834 2512 4906 appellatur,
2564 4834 2803 4905 denique
2846 4834 2911 4888 ad
2952 4833 3224 4903 justitiam
3258 4851 3271 4887 :
3304 4833 3387 4887 hac
3432 4834 3577 4888 enim

1993 4939 2250 5000 quatuor,
2288 4939 2513 4985 caeteras
2542 4930 2739 4983 anima:
2768 4927 2998 4982 virtutes
3042 4942 3236 4981 omnes
3269 4927 3440 4981 veluti
3498 4927 3578 4979 ri-

1994 5035 2142 5093 μιν,
2170 5021 2373 5086 fovent,
2394 5031 2614 5091 augent.
2652 5021 2792 5075 Sunt
2813 5031 3071 5091 praeterea
3102 5019 3194 5090 qui
3217 5019 3574 5082 arbitrentur,

1996 5115 2635 5187 mysticumparadisum
2671 5128 2791 5169 esse
2822 5128 3017 5169 sensus
3062 5112 3326 5182 quosdam
3370 5110 3577 5181 ﬁgura-

1992 5218 2078 5262 tos
2112 5209 2226 5263 sive
2254 5208 2600 5279 parabolicos
2629 5207 2712 5278 (ut
2745 5205 3027 5275 vocamus)
3077 5213 3173 5259 aut
3209 5202 3570 5272 anagOgicos:

1991 5313 2055 5353 ea
2078 5300 2222 5353 enim
2255 5314 2377 5369 qua:
2406 5315 2437 5352 a
2464 5297 2611 5354 Mosc
2640 5298 2708 5354 de
2734 5298 2989 5369 paradiso
3012 5296 3155 5350 dicta
3189 5306 3336 5358 sunt,
3375 5291 3569 5363 partim

1989 5391 2056 5445 de
2097 5392 2260 5445 rebus
2312 5390 2444 5461 ipsis
2482 5406 2604 5462 qua:
2637 5390 2921 5445 vocabulis
2953 5388 3214 5456 subjecta:
3247 5394 3396 5450 sunt,
3428 5383 3573 5437 acci-

1988 5482 2185 5552 pienda
2228 5497 2361 5537 'esse
2398 5499 2412 5536 :
2444 5482 2642 5553 partim
2690 5495 2822 5535 vero
2868 5493 2965 5548 per
2990 5474 3408 5530 similitudinem
3465 5475 3572 5528 alio

1986 5574 2470 5637 accommodanda.
2518 5572 2681 5632 V'erlti
2717 5571 2915 5644 gratia,
2953 5566 3100 5639 quod
3154 5566 3229 5623 ait
3277 5564 3567 5623 Dominum
