4100 6212
524 256 628 318 583

1798 250 2027 311 MOSIS
2070 251 2222 312 ΒΑΚ
2262 250 2353 309 CE
2363 250 2503 310 PHA

3669 251 3775 313 581

529 372 695 425 Deum
735 369 999 424 formasse
1028 371 1321 430 Adamum,
1362 378 1419 424 et
1464 382 1588 437 qua:
1622 376 1752 421 sunt
1794 366 1959 435 bujus
2006 383 2099 437 ge-
2130 372 2174 432 Α
2208 377 2291 423 est
2338 366 2642 421 differentia
2679 385 2691 420 :
2729 366 3048 437 quantisper
3087 381 3231 420 enim
3282 366 3394 421 haec
3441 364 3570 421 Atla:
3611 366 3778 421 animi

528 460 697 520 netis,
718 459 785 512 de
814 459 976 514 rebus
1000 459 1140 531 ipsis
1162 473 1285 513 esse
1320 456 1666 525 intelligenda
1699 456 1891 510 dicunt
1922 472 1935 508 :
1971 455 2103 510 illud

525 567 679 612 vero,
709 549 853 617 quod
897 548 1160 604 Dominus
1186 548 1329 603 Deus
1354 547 1666 603 conseverit
1700 546 2010 615 paradisum
2050 547 2101 601 in

528 643 675 697 Eden
709 642 778 696 ab
814 642 989 707 initio,
1021 642 1129 695 alio
1165 656 1328 695 sensu
1368 654 1487 694 esse
1520 638 1899 707 accipiendum
1940 654 2103 708 qnam

531 736 694 789 verba
746 734 861 803 ipsa
897 733 1230 799 ostendunt;
1267 746 1467 801 nempe
1517 730 1687 785 Deum
1729 733 2107 801 comparuisse

528 827 869 896 spiritualem
901 825 1195 895 quamdam
1241 836 1405 893 atque
1441 824 1653 879 felicem
1685 825 1902 880 vivendi
1937 825 2101 879 ratio-

533 932 678 979 nem,
703 927 808 971 etc.
848 916 1053 970 Praeter
1095 916 1195 971 bos
1245 923 1374 969 sunt
1421 915 1514 984 qui
1561 915 1732 969 velint
1755 916 1787 983 ,ξ
1821 915 2107 986 mysticum

530 1007 844 1077 paradisum
876 1020 997 1060 esse
1028 1006 1206 1074 ipsum
1240 1013 1584 1074 corporatum
1612 1005 1949 1073 paradisum,
1975 1005 2106 1060 dum

531 1113 659 1151 cum
706 1096 892 1150 animo
940 1096 1376 1164 contemplamnr
1423 1095 1694 1164 spirituali
1736 1096 1969 1152 ratione.
2004 1095 2112 1151 Po-

533 1201 739 1243 stremo
796 1197 924 1242 sunt
979 1188 1070 1241 alii
1118 1188 1371 1241 doctores
1402 1202 1635 1257 quorum
1673 1188 1961 1243 sententia:
2008 1204 2110 1244 nos

532 1298 751 1351 quoque
787 1281 1214 1343 subscribimus,
1242 1281 1334 1349 qui
1365 1282 1540 1351 ipsum
1592 1279 1900 1351 paradisum
1934 1281 2115 1352 dupli-

533 1376 613 1428 cis
648 1374 987 1430 conditionis
1018 1389 1141 1429 esse
1189 1376 1346 1429 aiunt
1376 1416 1390 1440 ,
1430 1375 1625 1445 partim
1675 1378 1820 1431 enim
1851 1391 1917 1431 ex
1949 1376 2112 1431 rebus

535 1466 859 1530 corporalis,
917 1465 1113 1535 partim
1147 1482 1210 1520 ex
1250 1467 1627 1535 spiritualibus
1657 1478 1937 1531 constare;
1972 1467 2115 1522 sicut

534 1567 587 1608 et
640 1557 753 1624 ipse
799 1557 971 1610 Adam
1012 1557 1171 1625 cujus
1218 1559 1390 1628 gratia
1443 1559 1531 1612 ille
1585 1559 1839 1613 conditus
1867 1569 2007 1624 erat,
2044 1573 2112 1613 ex

532 1661 762 1715 corpore
789 1656 843 1700 et
871 1648 1051 1701 anima
1084 1648 1207 1705 sive
1253 1648 1446 1715 spiritu
1498 1647 1675 1702 fuerat
1723 1650 2063 1719 compositus
2095 1687 2111 1713 ,

2205 460 2288 517 vis
2317 460 2418 514 sibi
2448 460 2757 526 constabat,
2810 470 2919 515 tota
2956 461 3007 514 in
3037 475 3204 515 unum
3254 475 3413 515 suum
3464 460 3780 515 Creatorem

2206 554 2452 616 inventa,
2486 552 3203 624 jugiquejcontemplatione
3232 554 3281 607 ei
3320 554 3563 623 alligata,
3593 554 3784 607 tantis-

2207 660 2304 714 per
2337 645 2389 698 in
2418 646 2538 698 solo
2569 645 2714 698 bono
2755 644 2844 699 ille
2876 646 3217 709 versabatur,
3247 646 3411 715 idque
3442 661 3610 699 unum
3654 661 3785 699 sen-

2208 735 2374 790 tiebat
2403 775 2421 801 ,
2448 750 2636 790 verum
2677 746 2966 805 postquam
2997 735 3089 791 illa
3130 735 3259 791 Inde
3313 746 3459 791 mota
3491 743 3599 799 est,
3636 751 3773 790 sese-

2208 843 2316 896 que
2353 827 2593 892 demisit,
2665 828 2837 883 sensit
2874 828 3039 882 etiam
3085 829 3316 886 alterum
3366 829 3499 882 illud
3526 866 3541 891 ,
3569 828 3621 883 id
3681 838 3785 889 est,

2210 920 2388 989 ipsum
2422 919 2648 974 malum.
2690 919 2798 974 Alii
2823 929 3108 973 autumant
3158 919 3396 974 scientias
3422 918 3548 973 boni
3579 928 3631 973 et
3662 919 3790 972 mali

2211 1011 2462 1067 arborem
2532 1011 2704 1067 fuisse
2755 1020 2943 1082 typum
2975 1011 3106 1082 legis
3144 1009 3397 1065 Mosaicae
3425 1052 3440 1075 ,
3473 1026 3531 1064 ut
3576 1021 3630 1064 et
3666 1009 3794 1064 reli-

2211 1116 2353 1174 quas
2388 1103 2625 1172 paradisi
2658 1104 2911 1166 arbores,
2957 1100 3295 1170 singulorum
3326 1101 3447 1167 ejus
3480 1099 3619 1167 legis
3650 1115 3793 1169 pra:-

2211 1172 2492 1265 ceptorum
2531 1194 2753 1266 ﬁguras.
2777 1207 2845 1249 eo
2880 1193 3025 1262 quod
3056 1192 3139 1247 lex
3160 1190 3393 1247 Mosaica
3420 1192 3560 1246 inter
3584 1191 3789 1246 bonum
3850 1172 3862 1187 ’

2213 1286 2524 1357 malumque
2550 1286 2813 1355 dijudieet
2831 1304 2860 1353 ς,
2877 1301 3079 1355 eosque
3114 1284 3207 1355 qui
3245 1284 3380 1339 bene
3397 1292 3586 1353 agunt.
3608 1283 3796 1350 bonis,

2213 1386 2268 1432 et
2296 1377 2391 1447 qui
2420 1377 2583 1444 male,
2618 1377 2778 1431 malis
2812 1375 3052 1440 alliciat;
3086 1386 3251 1443 atque
3285 1373 3410 1429 ideo
3458 1372 3598 1427 banc
3632 1373 3795 1429 arbo—

2214 1481 2329 1522 rem
2352 1468 2505 1536 juxta
2531 1467 2652 1521 vita:
2689 1468 2939 1521 arborem
2995 1466 3153 1520 sitam
3190 1463 3364 1519 fuisse
3391 1503 3409 1530 ,
3441 1472 3500 1518 ut
3537 1464 3636 1518 nisi
3666 1464 3796 1534 quis

2216 1560 2389 1631 ipsam
2419 1558 2570 1628 prius
2598 1559 2765 1628 legem
2795 1557 3080 1621 coluisset,
3108 1556 3213 1611 hoc
3244 1566 3346 1617 est,
3377 1555 3511 1627 legis
3540 1556 3797 1609 mandata

2218 1651 2587 1712 obstari-asset,
2613 1650 2676 1703 ad
2712 1650 2833 1703 vita:
2871 1649 3121 1702 arborem
3157 1648 3469 1716 pertingere
3526 1646 3797 1714 nequiret,

535 1748 963 1807 corporatasque
993 1738 1228 1806 paradisi
1253 1748 1433 1807 partes
1452 1753 1575 1795 esse
1603 1740 1853 1807 arbores,
1878 1741 2110 1810 plantas,
2149 1721 2190 1776 Β
2221 1744 2274 1799 id
2296 1752 2381 1799 est
2423 1743 2490 1797 ad
2521 1757 2640 1796 eam
2678 1740 2982 1794 libertatem
3016 1754 3140 1809 qum
3181 1739 3324 1808 apud
3354 1737 3631 1792 Cbristutn
3663 1746 3750 1789 est
3778 1776 3797 1799 ,

535 1841 590 1884 et
638 1830 975 1899 ejnscemodi
1027 1846 1114 1885 res
1165 1831 1301 1886 alias
1338 1871 1354 1895 ,
1387 1840 1572 1901 partes
1601 1849 1732 1887 vero
1775 1834 2115 1903 spirituales.

538 1923 702 1974 vitam
731 1921 940 1973 beatam
972 1929 1135 1989 atque
1157 1922 1457 1977 secundum
1478 1923 1725 1978 virtutem
1757 1933 1957 1988 actam,
1982 1934 2117 1993 etc.,

541 2014 681 2065 sicut
724 2011 923 2079 prioris
947 2009 1340 2066 Comntcntarii
1368 2014 1610 2068 secundo
1655 2014 1830 2085 capite
1880 2016 2121 2086 explieit-

543 2104 742 2157 vimus.

1158 2173 1388 2229 CAPUT
1423 2174 1489 2229 11.

613 2262 744 2328 Quae
798 2280 875 2316 res
932 2267 1000 2317 sit
1053 2264 1338 2330 paradisus
1400 2267 1677 2335 mysticus.
1708 2295 1778 2307 --
1828 2265 2122 2325 Paradisus

542 2354 842 2422 spiritualis
893 2355 1009 2409 sive
1047 2358 1331 2425 mysticus,
1358 2357 1466 2411 vita
1517 2368 1601 2412 est
1662 2358 1968 2429 spiritualis
2000 2375 2123 2431 qua:

544 2449 724 2501 animo
751 2452 1014 2518 agitatur,
1051 2446 1218 2517 tplen‘a
1265 2463 1493 2504 summa:
1534 2452 1904 2521 temperantia:
1957 2465 2122 2523 atque

542 2540 868 2603 sanctitatis,
907 2549 961 2593 et
1013 2541 1288 2610 perpetuis
1321 2540 1769 2598 meditationibus
1817 2559 1997 2599 rerum
2043 2545 2125 2600 di-

541 2630 794 2684 vinarum
830 2646 1130 2701 earumque
1166 2647 1286 2701 qua:
1315 2641 1443 2687 sunt
1476 2648 1504 2686 a
1538 2632 1645 2688 Deo
1679 2634 1935 2701 conditae,
1963 2635 2124 2692 addi-

544 2730 631 2773 cta
661 2760 676 2784 ,
709 2729 871 2789 atque
931 2722 1158 2775 omnino
1198 2722 1304 2777 vita
1352 2721 1510 2777 beata
1542 2730 1597 2778 et
1630 2726 1898 2795 angelica,
1935 2724 2126 2793 procul

547 2809 615 2862 ab
646 2811 902 2864 omnibus
931 2810 1099 2864 animi
1149 2811 1669 2878 perturbationibus,
1719 2813 2089 2868 anxietatibus
2109 2852 2125 2878 ,

546 2902 822 2968 snspiriis,
860 2904 1007 2955 luctu
1042 2912 1273 2965 remota,
1305 2909 1468 2971 atque
1497 2917 1622 2956 cum
1661 2904 1882 2973 gaudio,
1914 2904 2126 2972 la'titia,

544 2991 907 3045 exsultatione
956 2991 1268 3059 conjuncta,
1321 2990 1503 3061 itaque
1560 2993 1770 3062 pollens
1821 3003 2126 3066 potensque

546 3088 606 3133 ut
656 3080 839 3134 radios
889 3089 1053 3150 atque
1100 3080 1445 3149 splendorem
1482 3082 1789 3139 divinarum
1835 3086 2124 3142 notionum

547 3170 838 3239 concipere
876 3182 1085 3241 queat,
1120 3174 1321 3243 quippe
1354 3175 1445 3243 qui
1480 3174 1536 3228 in
1575 3176 1679 3230 boc
1712 3177 1968 3246 paradiso
2001 3192 2125 3232 ver-

546 3274 760 3328 santur,
786 3265 839 3317 in
894 3280 1107 3319 summa
1148 3266 1336 3320 vivunt
1375 3266 1742 3332 beatitudine,
1771 3278 1934 3337 atque
1972 3285 2126 3325 crear

546 3369 719 3411 torem
754 3354 924 3410 Deum
957 3359 1187 3427 ejusque
1211 3367 1511 3422 creaturas,
1546 3368 1723 3413 mente
1752 3363 2130 3431 contemplan-

554 3458 635 3501 tes
687 3446 1052 3502 oblectantur.
1086 3445 1219 3501 Nam
1251 3458 1305 3502 et
1351 3463 1601 3517 superna:
1650 3450 1823 3519 copia:
1870 3455 2128 3523 angelicae

550 3537 661 3590 illic
694 3536 972 3598 habitant,
1012 3546 1065 3590 et
1087 3536 1258 3590 Adam
1310 3538 1564 3607 Evaque,
1598 3547 1893 3610 antequam
1933 3544 2131 3600 adver-

551 3641 675 3680 sum
733 3626 826 3681 Dei
899 3628 1215 3682 mandatum
1298 3628 1592 3697 fecissent,
1680 3632 1881 3689 ibidem
1946 3651 2129 3693 mora-

548 3719 775 3774 bantur.

1170 3789 1400 3847 CAPUT
1442 3792 1530 3847 111.

621 3922 812 3989 Qualia
870 3924 1031 3992 luerit
1082 3932 1223 3978 terra
1279 3926 1491 3997 mystici
1543 3928 1809 3996 paradisi.
1858 3958 1929 3970 —
1964 3928 2132 3983 Terra

550 4016 765 4087 mystici
803 4015 1035 4084 paradisi
1072 4016 1174 4070 fuit
1220 4016 1437 4071 animus
1481 4026 1536 4071 et
1576 4034 1732 4075 mens
1769 4019 1985 4085 Adatni,
2018 4021 2124 4077 hoc

548 4118 652 4175 est,
715 4108 953 4163 hominis
1021 4107 1149 4161 inibi
1212 4108 1442 4178 agentis.
1499 4107 1634 4163 Nam
1686 4111 1811 4167 inde
1860 4114 2129 4182 pullulant

552 4208 715 4270 atque
742 4200 995 4254 oriuntur
1027 4198 1418 4255 meditationes
1448 4216 1556 4255 non
1590 4202 1751 4258 modo
1798 4218 1979 4259 rerum
2008 4220 2131 4275 spe-

553 4293 857 4353 ctabilium,
885 4292 978 4346 sed
1018 4299 1072 4347 et
1108 4307 1298 4348 earum
1340 4307 1560 4363 quoque
1591 4309 1710 4365 quae
1771 4296 1920 4351 nullo
1965 4312 2128 4354 sensu

554 4385 759 4455 percipi
797 4392 1031 4454 queunt.

1150 4473 1380 4530 CAPUT
1432 4474 1523 4534 IV.

625 4584 814 4650 Quales
875 4585 1087 4640 arbores
1138 4596 1188 4640 et
1246 4590 1446 4658 planta:
1492 4591 1545 4645 in
1571 4594 1940 4661 paradiso.——
1969 4593 2137 4666 Igitur

557 4678 874 4746 lmjusmotli
923 4679 1281 4748 cogitationes
1316 4682 1804 4755 meditationesqne
1841 4701 1905 4740 ex
1938 4687 2137 4741 animis

553 4776 607 4822 et
644 4768 921 4822 hominum
949 4779 1002 4823 et
1036 4770 1374 4841 angelorum,
1410 4774 1567 4842 quasi
1614 4776 1842 4831 arbores
1891 4791 1922 4830 e
1970 4785 2137 4841 terra,

559 4868 876 4928 procreatas,
910 4860 1137 4917 arbores
1168 4870 1222 4916 et
1253 4861 1451 4932 planta:
1482 4865 1719 4935 paradisi
1750 4865 1963 4936 mystici
1989 4865 2134 4920 haud

555 4949 793 5005 absurde
828 4949 1106 5005 dicuntur.

1174 5044 1405 5102 CAPUT
1450 5044 1510 5100 ν.

632 5134 704 5190 De
724 5136 910 5191 arbore
930 5136 1163 5190 scientiis
1198 5137 1319 5191 boni
1336 5146 1384 5192 et
1403 5137 1533 5191 mali
1557 5137 1610 5191 in
1630 5140 1875 5207 paradiso
1900 5142 2140 5211 mystico.

555 5260 622 5270 -
648 5229 876 5297 Quidam
908 5244 938 5282 e
970 5244 1199 5284 numero
1225 5229 1509 5285 doctorum
1532 5228 1789 5287 Ecclesia:
1812 5234 2019 5299 dicunt,
2053 5248 2134 5287 ar-

560 5324 745 5377 borem
769 5321 1011 5377 scicntia:
1041 5321 1171 5376 boni
1194 5329 1248 5376 et
1277 5322 1402 5376 mali
1436 5322 1718 5395 mysticam
1753 5331 1807 5377 et
1828 5322 1881 5378 in
1902 5325 2135 5397 mystico

558 5414 808 5483 paradiso
859 5414 1153 5477 consitam,
1206 5429 1331 5469 csse
1378 5413 1549 5481 animi
1585 5424 1793 5468 motum
1824 5417 2133 5485 jquemdam

558 5521 667 5573 quo
700 5507 862 5561 homo
889 5522 989 5562 ceu
1038 5507 1296 5578 pecullari
1332 5510 1532 5564 mentis
1592 5521 1706 5562 sua:
1755 5506 1937 5561 indole
1974 5508 2135 5564 incli-

562 5609 737 5665 natur,
773 5614 838 5653 eo
866 5601 1008 5655 enim
1034 5600 1247 5667 sentiri,
1280 5616 1401 5673 qucc
1427 5601 1566 5657 inter
1606 5598 1806 5654 malum
1827 5599 2135 5674 bonumque

635 5711 679 5741 ⁸³
716 5709 903 5767 λιαιιιι.
939 5727 1024 5776 ut,
1059 5714 1113 5768 2.

2218 1834 2439 1901 quando
2493 1834 2611 1902 ipse
2661 1832 2824 1886 etiam
2880 1830 3214 1901 Redemptor
3273 1839 3462 1885 noster
3515 1830 3785 1899 tantisper

2220 1928 2348 1982 dum
2385 1927 2557 1996 legem
2599 1925 2943 1990 observabat,
2970 1923 3277 1978 libertatem
3310 1938 3423 1977 sua!
3450 1923 3573 1975 vita:
3602 1937 3802 1992 genere

2220 2019 2443 2073 minime
2480 2034 2593 2089 prie
2623 2032 2682 2073 se
2718 2017 2945 2073 ferebat.
2972 2017 3040 2069 At
3072 2030 3173 2070 nos
3202 2014 3492 2069 detlnimus
3546 2012 3800 2068 arborem

2220 2108 2469 2164 scientia:
2508 2108 2636 2163 boni
2664 2116 2719 2162 et
2752 2108 2880 2161 mali
2927 2107 3215 2177 mysticam
3279 2119 3401 2160 esse
3435 2105 3799 2173 cognitionem

2220 2208 2276 2255 et
2327 2199 2733 2255 meditationem
2765 2214 2887 2268 quae
2918 2198 3067 2253 circa
3116 2196 3283 2251 Deum
3336 2213 3517 2252 rerum
3550 2196 3797 2251 omnium

2221 2294 2558 2348 conditorem
2592 2303 2841 2346 versatur
2868 2308 2885 2356 ;
2917 2290 3313 2358 scientiamque
3344 2289 3497 2355 boni,
3526 2304 3647 2344 esse
3677 2304 3798 2342 eam

2222 2385 2587 2457 cognitionem
2610 2400 2731 2453 qua:
2751 2399 2922 2438 unum
2953 2384 3130 2438 solum
3154 2382 3321 2436 Deum
3354 2382 3605 2450 agnoscit
3632 2392 3797 2447 atque

2227 2478 2555 2551 proﬁtetur:
2596 2475 2723 2531 mali
2754 2491 2881 2531 vero
2910 2490 3031 2545 qua:
3068 2476 3269 2529 multos
3315 2487 3435 2527 esse
3463 2473 3593 2528 deos
3629 2482 3803 2543 putat,

2227 2583 2392 2643 atque
2410 2572 2511 2626 bac
2528 2570 2795 2629 Adamum
2814 2569 3088 2639 Evamque
3107 2583 3201 2638 per
3217 2567 3482 2621 da‘monis
3508 2567 3801 2621 consilium

2228 2665 2402 2722 fuisse
2446 2663 2736 2719 distentos.
2800 2663 3027 2731 Insuper
3076 2661 3179 2714 hoc
3250 2673 3468 2728 quoque
3527 2659 3806 2721 dicimus,

2227 2771 2348 2812 eam
2414 2754 2926 2811 commentationem
2977 2767 3074 2822 pro
3126 2753 3197 2808 iis
3250 2754 3336 2820 qui
3386 2749 3589 2820 pollent
3642 2760 3811 2819 atque

2227 2848 2517 2905 exercitati
2591 2857 2719 2901 sunt
2778 2845 3130 2899 meditatione
3197 2860 3376 2897 rerum
3432 2842 3746 2897 divinarum
3787 2882 3804 2905 ,

2229 2940 2518 2996 scientiam
2565 2938 2693 2993 boni
2738 2946 2794 2992 et
2838 2936 3023 2991 vocari
3048 2945 3101 2991 et
3132 2951 3273 3000 esse,
3305 2950 3401 3004 pro
3453 2935 3520 2988 iis
3551 2949 3680 2988 vero
3711 2935 3809 3004 qui

2154 3058 2197 3117 α
2230 3044 2409 3100 neque
2445 3027 2579 3083 satis
2630 3025 2766 3082 firmi
2806 3035 2940 3082 sunt
2973 3040 3145 3096 neque
3197 3025 3499 3089 exercitati,
3527 3034 3582 3079 et
3622 3034 3808 3078 tamen

2234 3121 2437 3177 audent
2466 3121 2531 3176 de
2555 3118 2664 3174 Deo
2685 3118 2847 3173 altius
2876 3114 3255 3180 commentari,
3288 3115 3659 3188 appellandam
3691 3129 3814 3170 esse

2230 3214 2514 3269 scientiam
2549 3212 2697 3267 mali.

2858 3303 3085 3359 CAPUT
3132 3301 3219 3357 Vl.

2308 3396 2387 3451 De
2431 3397 2620 3451 arbore
2672 3397 2791 3452 vita
2845 3397 3088 3466 mystica.
3117 3424 3185 3433 —-
3212 3392 3352 3447 Sunt
3388 3392 3525 3446 inter
3563 3390 3816 3445 doct0rcs

2232 3488 2515 3556 Ecclesiae,
2549 3489 2642 3559 qui
2714 3489 2964 3543 arborem
3014 3488 3136 3540 vita:
3192 3488 3418 3555 mystice
3464 3484 3646 3537 dicant
3694 3495 3820 3536 esse

2237 3582 2491 3636 humana:
2527 3580 2725 3635 mentis
2757 3579 3166 3649 proprietatem,
3195 3591 3317 3645 qua:
3348 3590 3471 3629 cum
3502 3574 3569 3628 iis
3606 3573 3818 3641 cogita-

2236 3674 2479 3729 tionibus
2512 3688 2633 3743 qua:
2665 3671 2809 3726 circa
2843 3686 3010 3724 unum
3045 3684 3207 3723 suum
3238 3667 3552 3721 effectorem
3586 3680 3816 3718 versan-

2238 3777 2349 3831 tur,
2393 3765 2615 3835 alligata
2644 3772 2748 3827 est,
2786 3778 2960 3831 neque
3010 3761 3117 3815 buc
3153 3760 3279 3814 illuc
3308 3756 3696 3826 circumagitur
3725 3768 3821 3810 ant

2239 3863 2293 3914 in
2322 3858 2458 3914 alias
2497 3874 2588 3913 res
2617 3859 2869 3926 requirit,
2914 3862 3278 3924 praeterquam
3311 3853 3364 3906 in
3404 3851 3583 3907 solum
3611 3848 3821 3904 Condi-

2237 3960 2415 4007 torem
2486 3965 2692 4020 suum,
2752 3947 2894 4001 sicut
2925 3948 3086 4000 etiam
3153 3945 3324 4001 sancti
3390 3942 3564 4013 angeli
3645 3940 3823 3996 solius

2235 4042 2513 4099 Creatoris
2550 4041 2635 4094 sui
2699 4038 3147 4093 meditationibus
3189 4035 3543 4089 distinentur.
3604 4032 3818 4087 Horum

2236 4134 2508 4188 sententia
2537 4140 2643 4192 est.
2686 4130 2978 4193 Adamum,
3028 4128 3190 4183 simul
3221 4138 3385 4195 atque
3417 4135 3634 4181 creatus
3671 4136 3823 4178 (‘sst'l

2239 4222 2536 4293 llatumque
2564 4222 2878 4277 Conditoris
2906 4222 2990 4276 sui
3020 4220 3360 4289 excepisset,
3393 4218 3458 4272 ad
3496 4217 3662 4271 Deum
3699 4220 3822 4286 rapi

2238 4319 2478 4389 cepisse
2510 4333 2541 4371 a
2572 4332 2683 4386 quo
2732 4316 2961 4369 cll‘ectus
3001 4313 3196 4376 fuerat,
3240 4322 3402 4381 atque
3454 4312 3507 4365 in
3560 4311 3658 4363 hac
3713 4326 3820 4363 una

2242 4409 2702 4478 contemplatione
2760 4417 2932 4461 totum
2994 4404 3166 4458 fuisse
3213 4404 3589 4470 mansisseque
3650 4402 3821 4455 horas

2160 4477 2349 4554 Ι³11οη
2404 4477 2639 4566 amplius
2704 4505 2838 4557 tres,
2894 4494 3159 4561 tantisper
3208 4492 3414 4547 scilicet
3456 4490 3584 4544 dum
3643 4488 3822 4556 legem

2242 4594 2566 4662 imperatam
2618 4588 2943 4654 transiliret,
3000 4588 3076 4640 ita
3130 4594 3189 4637 ut
3240 4584 3445 4638 interea
3501 4582 3704 4636 nullam
3753 4580 3826 4633 de

2245 4686 2410 4739 rebus
2442 4682 2565 4737 aliis
2602 4681 2990 4750 cogitationem
3035 4692 3158 4733 cum
3190 4675 3280 4731 illa
3316 4674 3614 4729 miscuerit.
3654 4672 3828 4742 Igitur

2243 4776 2296 4829 lti
2328 4772 2742 4829 meditationem
2792 4785 2911 4825 eam
2960 4769 3163 4824 mentis
3191 4783 3313 4837 quae
3351 4767 3417 4820 de
3445 4782 3553 4820 uno
3588 4780 3688 4819 suo
3718 4762 3827 4818 Pa-

2236 4877 2393 4921 rente
2437 4864 2546 4920 Deo
2574 4864 2832 4933 agitatur,
2893 4862 3281 4931 preprietatem
3342 4859 3541 4913 mentis
3595 4866 3819 4911 vocant.

2242 4962 2336 5016 Est
2383 4961 2567 5028 itaque
2599 4956 2683 5011 bis
2719 4956 2883 5011 arbor
2916 4955 3039 5008 vita:
3069 4952 3324 5024 mystica,
3374 4966 3530 5005 sacer
3571 4950 3659 5004 ille
3690 4963 3818 5017 gra-

2244 5052 2347 5105 dus
2399 5050 2453 5104 in
2511 5063 2622 5117 quo
2664 5062 2761 5116 per
2804 5046 3135 5115 baptismum
3178 5040 3533 5108 collocantur,
3584 5050 3821 5095 matrem

2246 5143 2533 5215 mysticam
2565 5156 2672 5210 qua
2721 5140 2918 5194 iterum
2958 5137 3233 5208 gignimur
3263 5138 3327 5190 ad
3377 5137 3565 5190 vitam.
3598 5134 3703 5187 Alii
3737 5131 3828 5185 di-

2242 5244 2377 5292 cunt
2416 5236 2558 5290 banc
2594 5232 2848 5286 arborem
2896 5231 3021 5286 vitae
3058 5228 3424 5301 spiritualem,
3461 5240 3586 5282 esse
3618 5239 3826 5277 novum

2237 5323 2362 5375 vitae
2426 5334 2597 5391 genus
2658 5319 2805 5389 quod
2862 5318 3270 5389 repraesentavit
3328 5314 3593 5371 Dominus
3632 5322 3829 5368 noster

2238 5416 2362 5470 inde
2384 5429 2450 5470 ex
2478 5426 2591 5484 quo
2619 5412 2931 5483 baptizatus
2967 5410 3068 5464 fuit
3105 5424 3279 5478 usque
3309 5408 3438 5463 dum
3472 5408 3623 5462 cruci
3668 5418 3828 5463 esset

2239 5507 2467 5572 allixus;
2500 5504 2569 5560 de
2601 5519 2712 5574 quo
2742 5518 2937 5576 genere
2964 5503 3084 5557 vitae
3131 5501 3337 5556 dictum
3369 5511 3455 5556 est
3493 5518 3506 5554 :
3546 5498 3828 5555 Conveni-

2239 5600 2367 5655 mini
2419 5614 2510 5668 per
2552 5599 2935 5668 paenitentiam,
2967 5595 3287 5665 propinquat
3343 5610 3557 5664 regnum
3606 5592 3723 5645 cali
3752 5591 3823 5644 ’⁸.
