4100 6212
375 318 478 380 585

1497 324 1594 383 DE
1637 322 2038 384 PARADISO.
2078 348 2148 359 ——
2189 323 2382 383 rans
2424 323 2470 381 ι.
3259 387 3261 389 _
3511 328 3573 388 δε

375 433 550 497 Atque
576 428 715 482 hanc
750 429 936 493 vitam,
977 429 1252 500 inquiunt,
1295 433 1505 503 agimus
1533 445 1818 504 postquam
1853 451 1946 505 per
1976 440 2021 496 Α
2053 432 2312 486 notiouis.
2354 433 2488 487 Illud
2527 448 2656 487 vero
2692 433 2832 500 quod
2866 432 2940 486 ait
2972 450 2987 490 :
3026 434 3099 485 Ab
3134 435 3305 496 initio.
3342 445 3443 500 est,
3473 453 3536 492 ac
3571 434 3615 492 si

374 520 726 588 baptismum,
757 530 988 576 veterem
1019 526 1272 579 exuimus
1304 528 1577 581 hominem
1606 544 1620 580 :
1650 539 1843 597 estque
1876 544 1940 583 ea

373 627 473 667 ceu
504 613 750 680 qumdant
797 613 967 684 ﬁgura
1023 616 1140 684 ejus
1175 631 1330 671 novae
1376 619 1496 672 vita:
1527 634 1645 687 quae
1679 619 1733 672 in
1779 633 1946 689 regno

374 707 498 760 caeli
534 707 692 762 nobis
725 715 806 760 est
840 713 1129 775 promissa.
1182 711 1285 764 Alii
1328 727 1491 781 porro
1523 712 1644 766 vine
1682 713 1936 767 arborem

374 795 659 865 mysticam
717 796 1018 861 deﬁniunt,
1080 799 1480 854 immunitatem
1536 801 1950 871 libertatemque

375 902 537 957 quam
599 887 749 942 dedit
799 889 958 943 nobis
1002 887 1253 946 Christus
1301 906 1330 945 a
1383 893 1864 948 constitutionibus
1895 885 1950 948 et

373 982 552 1052 pinnis
585 981 734 1052 legis.
771 981 878 1037 Lex
913 983 1054 1036 enim
1086 983 1532 1052 delinquentibus
1563 999 1779 1053 plenam
1809 1000 1948 1054 prae-

374 1073 644 1139 stituerat,
679 1089 710 1128 a
759 1089 862 1142 qua
903 1089 1001 1127 nos
1051 1075 1282 1128 asseruit
1331 1074 1582 1130 Christus
1621 1075 1711 1144 qui
1750 1075 1818 1128 de
1847 1075 1950 1128 hac

375 1165 627 1222 libertate
678 1167 762 1221 his
817 1166 1000 1220 verbis
1052 1175 1134 1221 est
1179 1167 1585 1223 concionatus:
1637 1166 1825 1220 Redite
1855 1183 1949 1236 per

373 1261 757 1330 penitentiam,
785 1261 1105 1328 propinquat
1141 1275 1356 1326 regnum
1394 1258 1529 1312 caeli.
1582 1261 1823 1313 Rursum
1857 1258 1948 1312 alii

377 1353 551 1413 aiunt,
585 1351 836 1404 arborem
869 1353 988 1405 vitae
1019 1367 1141 1405 esse
1186 1353 1462 1406 hominem
1493 1367 1692 1406 novum
1726 1352 1818 1422 qui
1853 1366 1951 1420 per

377 1443 710 1512 baptismum
736 1451 896 1497 natus
925 1452 1030 1496 est.
1052 1441 1182 1505 Alii,
1203 1443 1476 1497 hominem
1495 1459 1692 1497 novum
1712 1444 1828 1513 qui,
1849 1445 1919 1497 ob
1935 1473 1947 1483 -

376 1515 607 1587 servatis
636 1531 727 1586 Dei
758 1531 954 1599 jussis,
982 1532 1131 1585 exuit
1162 1533 1290 1586 vitia
1335 1548 1456 1602 quae
1499 1541 1766 1588 vocantur
1795 1540 1950 1589 vetus

377 1625 562 1688 homo,
597 1623 878 1692 iuduitque
909 1624 1136 1679 virtutes
1181 1639 1302 1693 quae
1345 1640 1519 1680 novus
1553 1626 1718 1680 homo
1759 1626 1950 1696 appel-

379 1713 578 1768 lantur.
612 1715 740 1779 Alii,
775 1724 1008 1769 mortem
1050 1730 1172 1769 esse
1214 1715 1402 1769 volunt
1448 1715 1784 1784 spiritualem
1835 1730 1955 1784 qua:

381 1805 627 1858 nascitur
656 1820 723 1859 ex
773 1805 1067 1859 securitate
1093 1844 1109 1870 ,
1151 1806 1514 1861 observandis
1547 1805 1642 1861 Dei
1679 1805 1954 1860 mandatis
1989 1784 2028 1835 ³⁵

347 1905 712 1964 .,‹;οιιιμ;ιιέιῑθ.
755 1895 861 1948 Alii
903 1896 1310 1952 meditationem
1359 1913 1482 1967 quae
1512 1897 1716 1953 Christi
1758 1913 1950 1969 perso-

381 2003 506 2040 nam
566 1990 1008 2056 contemplatur,
1073 1988 1200 2057 quia
1254 2003 1349 2057 per
1406 2004 1470 2043 ea
1531 1991 1763 2044 condita:
1798 2001 1955 2052 sunt

379 2092 570 2134 omnes
604 2089 810 2132 natura:
841 2079 1131 2148 participes
1177 2081 1301 2134 vita:
1347 2089 1512 2151 atque
1566 2081 1816 2137 rationis.
1850 2083 1950 2136 Alii

380 2185 594 2224 crucem
651 2168 851 2224 Christi
913 2180 1100 2240 putant
1169 2172 1416 2226 arborem
1466 2173 1590 2228 vitae
1658 2173 1764 2229 dici
1827 2174 1952 2243 quia

381 2278 442 2317 ex
483 2279 544 2316 ea
580 2271 904 2333 promanaut
947 2263 1131 2318 omnia
1181 2264 1324 2318 bona
1359 2263 1687 2334 spiritualia,
1745 2266 1949 2319 abolito

381 2367 604 2427 peccato
648 2364 810 2424 atque
843 2355 1243 2409 exsecratione.
1292 2355 1400 2409 Alii
1437 2371 1651 2410 sacram
1700 2371 1851 2410 aram
1899 2357 1950 2409 in

381 2463 488 2516 qua
521 2445 968 2501 administrantur
1021 2446 1204 2500 divina
1250 2456 1617 2502 sacramenta.
1667 2447 1769 2502 Alii
1803 2448 1956 2502 deni-

381 2555 511 2608 que,
548 2554 745 2607 corpus
777 2548 831 2592 et
865 2537 1186 2607 sanguinem
1216 2538 1419 2592 Christi
1469 2537 1561 2592 Dei
1594 2540 1764 2594 nostri
1793 2539 1954 2594 arbo-

382 2647 496 2685 rem
533 2633 655 2684 vitae
686 2632 868 2685 vocari
903 2637 1113 2699 putant.
1151 2629 1258 2686 Sed
1303 2632 1449 2685 enim
1482 2646 1590 2686 non
1625 2640 1747 2701 post
1777 2632 1874 2686 has
1903 2642 1957 2685 ct

382 2723 522 2776 inter
550 2724 649 2777 has
678 2727 999 2790 sententias,
1041 2732 1284 2778 nostram
1330 2738 1550 2794 quoque
1589 2724 1952 2794 prol‘erentes,

383 2815 674 2868 statuimus
718 2816 968 2868 arborem
1007 2816 1128 2869 vitae
1165 2815 1450 2886 mysticam
1484 2831 1608 2870 esse
1646 2815 1955 2870 meditatio-

383 2921 504 2960 nem
536 2917 698 2975 atque
750 2907 1114 2978 cognitionem
1166 2922 1274 2979 qua
1321 2907 1638 2978 prolltemur
1671 2922 1956 2963 sacrosan-

382 3009 526 3052 ctam
576 2999 920 3064 Trinitatem,
985 3002 1090 3055 hoc
1118 3011 1223 3066 est,
1273 3017 1440 3055 unum
1493 3017 1614 3056 esse
1675 3000 1867 3067 Deum,
1904 3010 1958 3054 et

2054 523 2202 576 dicat
2233 539 2350 577 eam
2384 525 2548 578 vitam
2594 525 2928 596 spiritualem
2968 534 3130 594 atque
3165 531 3372 580 beatam
3405 531 3470 581 ab
3502 533 3624 598 ipso

2055 614 2167 670 Deo
2199 615 2500 671 institutam
2548 617 2716 671 fuisse
2755 626 2881 672 ante
2925 619 3202 672 conditum
3247 618 3395 672 hunc
3426 635 3619 690 corpo-

2053 713 2228 758 ratum
2262 704 2552 769 mundum,
2583 707 2684 760 hoc
2713 713 2816 774 est,
2851 717 2976 759 ante
3006 720 3124 759 eam
3159 706 3468 760 machinam
3502 697 3626 776 qua:

2051 808 2114 848 ex
2147 793 2285 848 coelo
2322 803 2571 864 terraque
2601 806 2653 850 ct
2697 795 2764 850 iis
2793 811 2914 866 qua:
2944 797 3082 851 inter
3116 796 3230 851 haec
3262 796 3438 852 media
3471 809 3620 862 sunt,

2051 891 2293 949 constat;
2341 893 2501 953 atque
2549 884 2603 938 in
2644 901 2707 939 ea
2759 887 2866 940 vita
2916 898 3164 942 versatos
3218 887 3628 959 oblectatosque

2051 972 2222 1029 fuisse
2274 976 2494 1044 angelos
2539 986 2667 1031 ante
2717 978 2856 1034 hanc
2904 981 3089 1033 mundi
3137 983 3524 1050 aspcctabiletu
3574 994 3631 1036 et

2051 1074 2398 1135 corporatam
2448 1068 2645 1122 molem
2703 1079 2916 1124 creatos
2963 1071 3155 1140 fuisse,
3207 1073 3308 1128 etsi
3363 1073 3485 1145 Syri
3525 1076 3631 1130 hoc

2054 1168 2248 1224 negent
2284 1150 2701 1227 ('50).C:rlerum
2741 1160 2791 1216 in
2826 1162 3178 1217 translatione
3218 1163 3410 1218 LXXII
3457 1165 3629 1218 Inter-

2011 1253 2016 1257 '
2052 1257 2263 1318 pretutn
2311 1249 2579 1304 habentur
2626 1252 2717 1306 illa
2761 1253 2923 1308 verba
2961 1255 3025 1309 ad
3069 1255 3214 1311 hunc
3250 1259 3468 1314 modum
3507 1277 3522 1313 :
3555 1259 3626 1315 Et

2051 1343 2378 1412 plantaverat
2433 1343 2686 1398 Dominus
2740 1344 2881 1399 Deus
2921 1348 3234 1415 paradisum
3267 1351 3318 1404 in
3358 1349 3508 1406 Eden
3562 1353 3630 1405 ab

2055 1434 2288 1497 oriente;
2331 1433 2444 1498 ubi,
2497 1449 2594 1503 per
2646 1435 2935 1502 orientem,
2989 1439 3167 1493 lucem
3220 1455 3339 1494 eam
3394 1443 3632 1512 accipias

2056 1525 2182 1580 licet
2237 1541 2358 1594 qua:
2416 1528 2625 1580 ratione
2684 1527 2797 1582 sola
2839 1529 3196 1599 intelligitur,
3247 1531 3548 1601 proculque
3599 1549 3631 1586 a

2058 1616 2221 1672 rebus
2267 1619 2573 1684 corporatis
2621 1628 2827 1672 semota
2880 1628 2984 1674 est.
3036 1618 3129 1674 Hae
3180 1620 3322 1675 enim
3377 1621 3433 1675 in
3483 1620 3634 1675 ccci-

2058 1708 2256 1773 dente,
2314 1709 2418 1764 hoc
2478 1719 2600 1774 est,
2655 1709 2886 1778 caligine
2953 1722 3258 1768 versantur.
3311 1712 3407 1768 Est
3470 1712 3634 1781 igitur

2057 1816 2244 1856 eorum
2301 1802 2591 1857 verborum
2652 1801 2766 1856 haec
2835 1804 3100 1858 sententia
3170 1821 3184 1857 :
3244 1803 3414 1858 Deum
3469 1807 3632 1860 vitam

2058 1895 2268 1950 felicem
2318 1903 2482 1966 atque
2530 1895 2830 1965 angelicam
2883 1909 3106 1964 parasse
3154 1894 3208 1949 in
3259 1895 3378 1950 luce
3424 1896 3636 1965 agitati.

2056 1987 2204 2051 dam.
2241 2003 2363 2058 qua:
2404 1987 2497 2042 lux
2529 1987 2644 2042 sola
2692 1995 2872 2042 mente
2903 1987 3165 2042 cernitur.
3200 1986 3270 2040 Et
3304 1989 3479 2057 posuit
3525 1988 3642 2042 illic

2058 2079 2322 2134 Adamum
2370 2095 2521 2150 quem
2575 2080 2823 2147 ﬁnxerat.
2879 2079 3214 2149 Postquam,
3267 2080 3476 2149 inquit,
3532 2081 3637 2133 tiu-

2059 2173 2229 2228 xisset
2259 2172 2552 2238 Adatnum,
2584 2171 2800 2226 induxit
2835 2171 3012 2241 ipsum
3050 2171 3102 2225 in
3137 2186 3264 2225 eam
3297 2171 3632 2241 spiritualem

2057 2277 2121 2318 ac
2172 2262 2378 2317 felicem
2419 2262 2607 2326 vitam,
2646 2262 2825 2316 laetum
2859 2270 2913 2316 et
2961 2261 3192 2315 miritica
3240 2261 3493 2316 alI‘ectum
3545 2277 3642 2317 vo-

2056 2353 2303 2424 luptate,
2375 2368 2470 2422 per
2537 2353 2916 2408 meditationes
2970 2353 3444 2424 cogitationesque
3503 2355 3636 2410 nulli

2056 2446 2454 2517 perturbationi
2504 2454 2599 2500 aut
2649 2445 2908 2500 anxietati
2961 2446 3270 2510 obnoxias,
3323 2448 3376 2501 in
3427 2463 3636 2502 morem

2057 2537 2377 2608 angelorum
2432 2547 2487 2594 et
2537 2537 2904 2607 spiritualium
2971 2538 3298 2607 copiarum,
3363 2539 3640 2608 recipien-

2058 2636 2276 2699 temque
2335 2630 2517 2685 radios
2583 2629 2890 2683 divinarum
2946 2630 3231 2684 notionum
3304 2645 3414 2684 non
3481 2631 3638 2687 aliter

2057 2730 2221 2791 atque
2273 2720 2450 2790 angeli
2513 2721 2756 2790 capiunt.
2813 2719 2881 2772 Et
2934 2721 3052 2789 fecit
3111 2721 3366 2776 Dominus
3422 2723 3560 2778 Deus
3613 2743 3644 2778 e

2059 2821 2200 2866 terra
2239 2826 2442 2864 omnem
2487 2809 2730 2862 arborem
2774 2808 3050 2878 pulchram
3085 2809 3153 2861 ad
3195 2811 3559 2877 spectandum,
3590 2821 3641 2863 et

2058 2902 2399 2973 expetendam
2431 2903 2499 2956 ad
2528 2902 2856 2956 vescendum.
2890 2900 3007 2956 Iloc
3037 2912 3118 2956 est
3151 2919 3162 2954 :
3196 2899 3274 2954 Ita
3307 2901 3643 2971 comparavit

2059 2990 2201 3046 Deus
2255 2991 2384 3044 Adae
2439 2991 2634 3045 mentis
2687 3005 2950 3054 sensum,
3007 2999 3065 3044 ut
3117 2999 3431 3061 procrearet
3481 3001 3647 3060 atque

384 3101 496 3146 tres
535 3106 799 3160 personas
824 3101 1064 3154 sanctas,
1113 3093 1230 3147 sive
1282 3092 1544 3146 unitatem
1583 3092 1635 3144 in
1668 3089 1955 3153 Trinitalc,
1985 3119 2032 3181 ο
2062 3083 2398 3153 cxpullulare
2444 3081 2650 3138 faceret
2682 3082 2880 3138 'omnis
2933 3083 3146 3154 generis
3185 3084 3386 3153 probas
3433 3084 3643 3153 cogita-

383 3192 438 3237 et
463 3181 785 3237 Trinitatem
820 3184 872 3237 in
905 3183 1133 3238 unitate.
1173 3183 1248 3238 De
1283 3182 1386 3236 hac
1427 3187 1592 3252 porro
1632 3184 1827 3238 arbore
1850 3199 1955 3238 non

385 3277 744 3332 comederunt
778 3277 942 3330 Adam
971 3287 1026 3332 et
1069 3276 1202 3342 Eva,
1245 3291 1421 3346 neque
1450 3276 1516 3330 ad
1548 3292 1666 3331 eam
1700 3277 1962 3331 accedere

386 3375 503 3429 sive
551 3374 619 3428 de
655 3389 713 3427 ca
752 3372 995 3442 cogitare
1053 3371 1371 3440 quiverunt,
1411 3379 1468 3424 ut
1501 3370 1595 3440 qui
1628 3371 1809 3424 adhuc
1849 3385 1958 3422 non

387 3467 522 3519 satis
545 3462 839 3533 pollebant,
862 3470 1220 3531 potentesque
1245 3461 1308 3514 ad
1333 3460 1384 3514 id
1411 3476 1518 3515 non
1542 3468 1696 3514 erant
1732 3476 1746 3513 :
1783 3469 1836 3514 at
1861 3475 1962 3512 nos

388 3555 702 3621 Christiani,
739 3571 847 3608 non
875 3555 1094 3624 quidem
1122 3555 1222 3624 ipsi
1260 3555 1394 3610 satis
1423 3555 1709 3624 pollentes,
1741 3554 1835 3610 sed
1867 3558 1962 3621 pe'r

335 3662 338 3664 '
387 3647 687 3711 Christum,
719 3646 1049 3700 illustratum
1076 3645 1180 3700 hoc
1213 3660 1472 3699 arcanum
1499 3653 1552 3698 et
1577 3645 1961 3715 amplectimur

386 3745 440 3791 et
467 3738 803 3806 prolitemur.
855 3735 1124 3791 Caeterum
1177 3731 1608 3787 existimandum
1648 3741 1733 3786 est
1779 3733 1963 3785 multi-

391 3828 632 3882 tudinem
679 3824 1302 3893 dissimilitudinemque
1358 3824 1550 3876 harum
1600 3821 1743 3875 inter
1785 3837 1845 3876 se
1885 3821 1964 3874 in-

389 3920 833 3988 terpretationem
884 3934 1020 3988 quas
1067 3919 1134 3972 de
1173 3917 1372 3971 arbore
1434 3915 1554 3969 vitae
1610 3913 1959 3976 adduximus,

388 4021 714 4080 argumento
752 4026 871 4066 esse
917 4026 1079 4080 quam
1111 4012 1183 4065 sit
1221 4024 1307 4064 res
1357 4010 1474 4076 ipsa
1509 4007 1787 4076 explicatu
1826 4005 1964 4060 ditii-

390 4106 512 4160 cilis
549 4121 564 4159 :
599 4105 969 4174 alioquienim
998 4114 1106 4157 tam
1146 4104 1332 4158 multis
1363 4101 1644 4170 variisque
1679 4100 1862 4155 verbis
1895 4100 1961 4153 ad

391 4211 513 4251 eam
548 4198 937 4252 enucleandam
972 4196 1195 4249 minime
1221 4211 1360 4264 opus
1393 4195 1604 4249 fuisset.

991 4287 1216 4343 CAI'UT
1257 4287 1368 4342 V’ll.

460 4382 837 4451 Complrclitur
866 4382 1350 4449 interpretationem
1380 4380 1662 4448 mysticam
1691 4378 1964 4432 verborum

2063 3175 2239 3230 tiones
2284 3174 2778 3244 meditationesque
2809 3184 2918 3229 tam
2949 3175 3015 3229 de
3063 3175 3226 3230 rebus
3270 3191 3393 3246 qua:
3426 3176 3648 3231 videndi-

2063 3281 2229 3322 sensu
2270 3274 2502 3335 possunt
2533 3265 2738 3335 percipi
2785 3282 2950 3335 quam
2992 3266 3060 3321 iis
3095 3282 3215 3336 quae
3249 3283 3374 3321 enm
3419 3283 3644 3323 sensum

2062 3356 2348 3427 effugiunt.
2379 3356 2458 3411 'Et
2505 3357 2747 3411 arborem
2797 3358 2920 3412 vita:
2967 3358 3020 3412 in
3075 3359 3245 3412 medio
3293 3359 3566 3428 paradiso,
3596 3373 3644 3414 et

2065 3449 2303 3503 arborem
2358 3449 2590 3502 scientia:
2641 3447 2762 3501 boni
2809 3459 2858 3502 et
2912 3449 3060 3503 mali.
3112 3449 3206 3504 IIae
3257 3453 3378 3505 duae
3425 3452 3650 3506 arbores

2067 3540 2288 3610 quando
2317 3540 2590 3609 spirituali
2621 3541 2782 3596 modo
2810 3549 3152 3611 spectantur,
3179 3543 3353 3598 ambae
3381 3545 3434 3598 in
3469 3544 3649 3600 medio

2067 3633 2319 3703 paradiso
2368 3632 2676 3688 consistere
2728 3634 2973 3703 queunt;
3032 3635 3136 3690 hoc
3186 3645 3302 3703 est,
3356 3637 3412 3691 in
3467 3639 3653 3693 medio

2067 3725 2238 3779 animi
2271 3724 2387 3780 sive
2426 3727 2650 3788 mentis,
2684 3735 2739 3781 ut
2772 3727 2939 3781 altera
2971 3728 3193 3782 alteram
3224 3743 3333 3782 non
3367 3736 3530 3800 angat
3559 3732 3653 3785 aut

2069 3815 2270 3882 trudat,
2301 3815 2446 3871 sicut
2474 3816 2552 3868 ait
2584 3814 2882 3886 Gregorius
2926 3815 3228 3888 Nyssenus.
3278 3818 3386 3874 Sed
3427 3834 3590 3890 supra
3622 3837 3651 3874 a

2068 3906 2267 3970 nobis,
2320 3905 2448 3958 dum
2502 3905 2729 3975 mystice
2783 3908 3147 3974 aecipiuntur,
3203 3910 3292 3962 ubi
3350 3911 3651 3965 multorum

2067 3994 2368 4050 sententias
2414 3997 2466 4048 in
2505 3995 2742 4048 medium
2781 3996 3134 4051 adduximus.
3173 3997 3240 4050 Et
3281 4000 3474 4066 ﬂuvius
3509 4017 3655 4071 egre-

2068 4087 2311 4140 diebatur
2361 4101 2426 4140 ea:
2476 4085 2628 4140 Eden
2675 4095 2733 4139 ut
2784 4083 2979 4156 rigaret
3028 4089 3361 4157 paradisum,
3412 4100 3461 4145 et
3507 4092 3657 4145 illinc

2068 4179 2422 4245 dividebatur,
2468 4187 2518 4232 et
2561 4177 2809 4232 evadebat
2859 4179 2914 4231 in
2959 4190 3186 4248 quatuor
3234 4183 3432 4248 capita.
3469 4181 3657 4237 Prius-

2070 4286 2233 4338 quam
2265 4271 2526 4325 violassct
2551 4269 2796 4324 Adamns
2828 4270 3020 4338 legem,
3046 4271 3404 4340 promanabat
3434 4271 3654 4338 ﬂuvius,

2072 4362 2178 4416 hoc
2221 4370 2326 4426 est,
2374 4360 2584 4416 deliciae
2633 4377 2700 4415 ex
2749 4361 3106 4415 meditatione
3158 4377 3340 4416 rerum
3385 4364 3660 4432 spectabi-

398 4474 558 4528 Mosis
610 4474 674 4527 de
723 4473 994 4540 paradiso.
1052 4501 1119 4512 —-
1173 4471 1408 4540 Scripsit
1462 4455 1634 4524 divus.
1671 4468 1851 4525 Moses
1903 4470 1960 4525 de

2073 4453 2206 4508 lium
2250 4461 2306 4508 et
2348 4468 2456 4508 non
2502 4452 2916 4522 aspectabiliutn
2954 4461 3093 4508 natae
3126 4470 3141 4507 :
3178 4454 3520 4524 rigabatque,
3558 4457 3660 4510 hoc

396 4567 645 4636 paradiso
697 4567 750 4619 in
810 4567 922 4619 hinc
975 4564 1136 4618 verba
1196 4582 1208 4616 :
1266 4562 1332 4616 Et
1396 4563 1657 4632 plantavit
1711 4563 1968 4617 Dominus

398 4658 536 4711 Deus
575 4660 888 4728 paradisum
935 4662 989 4711 in
1025 4656 1193 4722 Eden,
1227 4656 1289 4709 ab
1325 4657 1500 4709 initio.
1537 4654 1595 4709 In
1632 4655 1714 4710 his
1769 4656 1970 4720 verbis,

396 4752 650 4818 paradiso
684 4747 968 4808 vocabulo,
1010 4745 1113 4800 vita
1155 4746 1494 4814 significatur
1526 4743 1849 4813 spiritualis,
1870 4745 1972 4800 hoc

394 4853 498 4901 est,
528 4855 650 4908 quae
675 4840 974 4893 secundum
1009 4837 1248 4890 animam
1283 4835 1482 4905 agitur,
1515 4843 1570 4888 et
1600 4833 1777 4888 beata.
1810 4833 1973 4886 Plau-

397 4941 514 4985 tare
563 4946 691 4985 vero
738 4930 880 4984 idem
933 4937 1015 4984 est
1059 4929 1203 4997 quod
1253 4927 1453 4991 facere,
1504 4928 1616 4982 sive
1663 4927 1972 4981 instituere.

399 5021 511 5077 Hec
543 5024 724 5091 itaque
753 5022 888 5076 dicit
919 5020 1118 5085 Moses,
1156 5021 1446 5074 Dominum
1483 5021 1648 5074 Deum
1686 5035 1972 5088 compara-

397 5115 544 5168 visse
592 5114 806 5168 vivendi
862 5113 1079 5167 modum
1128 5113 1426 5167 secundum
1477 5111 1752 5181 spiritum,
1805 5110 1876 5164 ita
1919 5121 1976 5165 ut

397 5220 462 5259 ea
497 5206 605 5259 vita
637 5217 786 5260 esset
831 5204 988 5271 plena
1035 5205 1342 5259 sanctitatis
1370 5212 1424 5258 et
1449 5201 1840 5257 ﬁneditationis
1888 5217 1978 5256 re-

400 5312 522 5351 rum
567 5297 875 5351 divinarum
904 5306 960 5351 et
984 5311 1173 5350 earum
1205 5311 1326 5363 quae
1354 5310 1382 5348 a
1418 5293 1527 5349 Deo
1558 5293 1792 5350 conditae
1825 5303 1978 5360 sunt,

402 5389 530 5444 l'clix
571 5399 624 5444 et
665 5391 734 5444 ab
775 5389 1030 5444 omnibus
1063 5389 1233 5442 animi
1268 5387 1765 5457 perturbationibus
1795 5388 1976 5442 anxie.

402 5481 719 5550 tatibusque
761 5489 993 5546 remota,
1037 5495 1201 5551 quam
1255 5481 1588 5534 comitentur
1636 5479 1894 5549 gaudium
1930 5491 1984 5534 et

403 5573 738 5638 exsultatio,
794 5589 1025 5644 quaeque
1095 5587 1268 5642 capax
1321 5572 1392 5626 sit
1448 5571 1728 5625 radiorum
1787 5570 1984 5626 divina:

2075 4553 2189 4611 est,
2237 4545 2543 4600 oblectabat
2595 4545 2911 4600 universqu
2963 4545 3211 4615 corporis
3264 4553 3663 4616 temperamen-

2077 4647 2217 4701 tum,
2250 4635 2397 4707 quod
2437 4651 2505 4690 ex
2533 4644 2768 4705 quatuor
2802 4645 3018 4693 constat
3050 4637 3395 4704 humoribus,
3429 4651 3495 4691 ex
3532 4653 3663 4692 san-

2085 4730 2268 4802 guine,
2300 4729 2494 4798 pituita
2526 4736 2690 4797 atque
2719 4735 2950 4799 utraque
2980 4730 3106 4784 bile.
3136 4729 3271 4784 Nam
3313 4739 3367 4785 et
3397 4747 3463 4785 ex
3516 4731 3663 4786 illius

2082 4820 2228 4875 modi
2275 4819 2745 4884 meditationibus,
2783 4835 2890 4874 non
2928 4821 3108 4876 minus
3139 4837 3304 4891 quam
3351 4822 3420 4878 de
3468 4837 3665 4892 corpo-

2083 4912 2218 4967 ratis
2241 4912 2478 4981 paradisi
2505 4911 2798 4965 arboribus
2821 4913 3170 4967 recreabatur
3189 4914 3432 4969 Adamus
3454 4915 3661 4969 animo.

2084 5001 2223 5057 Sunt
2244 5003 2338 5072 qui
2365 5004 2471 5058 hoc
2495 5018 2712 5073 quoque
2739 5002 2900 5060 modo
2926 5005 3351 5075 interpretentur
3369 5021 3432 5062 ea
3454 5008 3616 5061 verba
3645 5024 3660 5059 :

2084 5091 2445 5146 Promanabat
2476 5094 2688 5161 ﬂuvius,
2725 5095 2829 5149 hoc
2857 5104 2962 5162 est,
2991 5085 3201 5152 deliciae
3234 5112 3300 5152 ex
3341 5098 3500 5152 rebus
3533 5112 3665 5152 con-

2083 5185 2234 5249 ditis,
2287 5185 2351 5240 iis
2403 5199 2524 5252 quae
2573 5187 2808 5255 spectari
2855 5196 3059 5257 queunt
3104 5199 3156 5243 et
3207 5189 3274 5243 iis
3321 5203 3443 5258 qua:
3494 5189 3666 5243 videri

2090 5285 2388 5344 nequeunt,
2436 5284 2485 5328 et
2538 5275 2768 5347 rigabat,
2816 5278 2870 5332 id
2915 5287 3022 5345 est,
3073 5280 3378 5335 oblectabat
3429 5286 3666 5348 quatuor

2092 5365 2288 5418 anima:
2339 5361 2588 5431 virtutes,
2642 5381 2763 5422 eam
2818 5383 2940 5438 quae
2990 5369 3188 5424 rationi
3243 5369 3464 5439 proprie
3512 5369 3670 5423 attri-

2093 5454 2300 5520 buitur,
2347 5453 2454 5509 hoc
2501 5463 2606 5522 est,
2655 5457 3022 5526 prudentiam,
3059 5467 3172 5512 tum
3224 5460 3668 5526 temperantiam,

2096 5549 2586 5622 fortitudinemque
2629 5560 2685 5606 et
2739 5551 3044 5622 justitiam;
3081 5567 3147 5608 ac
3180 5552 3407 5624 proinde
3441 5555 3671 5609 virtutes

483 5737 594 5808 (30)
625 5735 797 5793 Caute
827 5737 967 5806 lege,
998 5745 1049 5790 et
1076 5737 1201 5815 vide
1230 5747 1410 5790 notam
1447 5737 1510 5789 ad
1542 5752 1553 5788 ι
1590 5736 1682 5790 lib.
1715 5737 1766 5789 in
1789 5733 2129 5803 llexaemer.,
2165 5735 2222 5791 S.
2259 5736 2794 5812 Anastasii_Sinaita.

741 5831 1011 5891 Pnnon.
1059 5830 1178 5890 Gn.
1229 5830 1388 5891 CXI.

3288 5829 3355 5891 19
