4100 6212
454 319 567 383 5‘37

1735 313 1963 372 MOSIS
2004 315 2152 371 ΒΑΗ
2189 311 2435 370 (ΖΕΙἨᾹ

3602 307 3707 364 is.“

453 432 651 486 anima:
693 438 917 483 caeteras
964 442 1182 498 quoque
1223 426 1436 479 fovebat
1490 426 1851 495 augebattpie.
1895 426 2110 489 SuutA
2136 425 2241 489 sui,
2272 438 2439 491 seque
2474 439 2538 477 eo
2558 438 2669 476 uno
2688 423 3002 476 oblectaret.
3036 422 3102 474 Et
3157 422 3421 474 mandavit
3459 419 3708 474 Dominus

455 528 760 590 prmterea,
816 520 909 589 qui
968 520 1086 584 sie,
1154 526 1211 571 ut
1274 532 1368 586 per
1425 517 1645 569 fluvium
1705 518 2036 586 intelligatur

452 610 706 663 Christus
735 611 825 678 qui
864 625 960 663 sua
996 608 1241 662 doctrina
1299 606 1596 661 Ecclesiam
1648 606 1887 677 rigabat;
1923 607 2035 660 col-

457 702 658 771 legium
686 702 809 753 dico
836 702 1195 771 apostolicum
1224 703 1367 770 quod
1394 711 1510 753 erat
1535 700 1697 753 veluti
1730 701 2032 769 paradisus,

456 794 652 847 deinde
682 793 947 846 evadebat
977 804 1157 846 sectus
1190 792 1243 845 iu
1276 804 1512 862 quatuor
1541 793 1738 860 capita,
1783 793 1885 846 hoc
1928 800 2032 853 est,

456 885 606 953 ipsos
639 895 873 953 quatuor
920 885 1303 955 evangelistas,
1354 885 1671 939 Matthmum
1692 894 1725 949 ,‘
1757 884 2032 945 Marcum.

456 973 699 1037 Lucam,
759 972 1067 1040 Joannem,
1133 984 1297 1044 atque
1349 976 1403 1029 hi
1458 976 1654 1029 deinde
1712 976 2031 1029 universum

456 1068 643 1120 orbem
682 1067 1029 1120 habitabilem
1067 1068 1412 1136 proluebaut.
1466 1066 1669 1120 Nomen
1711 1069 1867 1120 unius
1902 1066 2063 1129 Phi-p

456 1174 571 1221 son,
620 1159 663 1210 is
704 1167 779 1210 est
824 1159 914 1226 qui
961 1159 1149 1210 circuit
1190 1160 1487 1211 universam
1536 1167 1729 1211 terram
1769 1158 1980 1212 Haoita:
2014 1175 2031 1211 :

454 1260 501 1301 et
538 1250 610 1301 ibi
646 1260 720 1303 est
765 1266 995 1313 aurum;
1031 1258 1079 1302 et
1115 1266 1304 1302 aurum
1347 1250 1459 1317 ejus
1501 1258 1653 1303 terra:
1701 1254 1887 1303 bonum
1918 1261 2031 1315 est;

456 1342 529 1392 ibi
559 1340 771 1404 bdellia,
804 1355 851 1394 et
880 1340 1077 1408 lapides
1110 1342 1312 1411 berylli.

530 1432 724 1486 Phison
752 1435 971 1502 mystice
1000 1435 1150 1502 quid.
1194 1464 1262 1473 —
1320 1433 1420 1487 Per
1464 1433 1752 1487 Pliisoncm
1804 1432 2030 1488 ﬂuvium

462 1526 683 1595 intelligi
716 1537 901 1596 potest
946 1526 1083 1580 ﬂava
1134 1528 1256 1581 bilis
1283 1529 1385 1596 fqui
1426 1528 1619 1581 humor
1673 1529 1723 1579 in
1787 1530 2032 1598 corporis

456 1617 679 1669 humani
729 1619 1119 1673 constitutione
1170 1620 1457 1673 laudabilis
1509 1630 1609 1672 est.
1658 1618 1791 1674 Nam
1843 1623 2031 1691 quieo

456 1708 661 1777 largius
707 1710 917 1779 prtediti
970 1721 1117 1769 sunt.
1177 1710 1394 1779 ingenio
1438 1710 1640 1778 pollent
1695 1713 1805 1765 acri
1868 1722 2032 1782 atque

2140 516 2279 569 Deus
2314 516 2539 581 Adamo,
2573 515 2811 584 dixitque
2844 515 2945 583 ipsi
2979 513 3095 567 :De
3127 515 3369 567 omnibus
3408 515 3704 577 arboribus,

2137 624 2255 678 qua:
2275 618 2397 662 sunt
2433 610 2487 661 in
2534 607 2808 677 paradiso,
2864 606 3061 660 edendo
3091 608 3209 661 edes
3236 622 3253 659 :
3282 615 3337 658 at
3369 608 3433 659 de
3464 609 3577 673 ipsa
3619 624 3712 659 ar-

2139 706 2259 755 bore
2290 702 2516 755 scientia!
2542 703 2661 754 boni
2691 712 2738 755 et
2774 701 2922 763 mali,
2968 717 3029 753 ne
3062 699 3207 764 edas,
3253 702 3351 753 hoc
3384 710 3487 764 est,
3517 714 3714 753 exerce

2140 800 2191 846 te
2220 792 2639 861 cogitationibus
2674 794 2754 862 ,de
2792 793 2959 846 rebus
3006 792 3265 845 omnibus
3318 799 3430 843 tum
3463 801 3713 861 aspecta-

2137 883 2339 940 bilihus
2368 924 2382 945 ,
2440 893 2550 937 tum
2601 900 2721 953 quae
2762 884 2876 937 sola
2920 882 3119 937 mentis
3160 881 3509 952 intelligentia
3539 884 3717 953 perci-

2138 976 2359 1043 piuntur
2386 993 2401 1042 ;
2429 977 2678 1045 apudque
2713 984 2864 1029 tuum
2891 975 3133 1028 animum
3162 974 3421 1029 meditare
3452 973 3710 1043 quisnam

2137 1066 2209 1119 sit
2248 1066 2460 1120 illarum
2485 1066 2705 1121 effector
2735 1076 2785 1120 et
2817 1081 3031 1136 parens,
3065 1074 3118 1119 et
3141 1064 3414 1134 quomodo
3441 1066 3710 1119 sintcon-

2137 1157 2297 1221 ditm;
2337 1167 2592 1226 totusque
2626 1166 2744 1213 esto
2778 1157 2829 1209 in
2875 1156 3184 1210 meditando
3222 1171 3282 1209 ea
3312 1171 3432 1225 qua:
3465 1157 3565 1210 sibi
3605 1156 3717 1210 illis

2142 1252 2368 1320 mystice
2399 1250 2568 1303 latent
2596 1267 2610 1315 ;
2656 1264 2893 1319 eumque
2921 1266 2985 1303 ex
3025 1264 3204 1301 rerum
3234 1246 3446 1303 illarum
3473 1249 3715 1318 pulchri-

2139 1340 2325 1393 tudine
2366 1351 2553 1409 raptus
2596 1340 2763 1395 fueris
2810 1340 2867 1393 in
2910 1340 3366 1404 admirationem,
3400 1349 3525 1393 tunc
3566 1340 3716 1407 ipsa-

2136 1446 2253 1484 rum
2283 1432 2563 1488 Conditori
2588 1434 2787 1503 gratias
2805 1433 2966 1502 agita,
2983 1446 3214 1501 eumque
3233 1432 3483 1485 laudibus
3503 1431 3718 1487 elleito.

2136 1521 2291 1586 Quod
2328 1538 2490 1591 porro
2537 1524 2803 1595 sequitur,
2854 1524 2923 1577 ab
2970 1522 3165 1577 arbore
3203 1523 3445 1577 scientia:
3479 1522 3606 1578 boui
3659 1535 3716 1576 et

2136 1616 2260 1668 mali
2313 1614 2691 1669 abstinendum
2737 1631 2879 1680 esse,
2927 1614 3196 1685 significat
3235 1615 3383 1668 illum
3438 1614 3713 1670 curio.~ius

2138 1706 2413 1775 inquirere
2443 1722 2547 1760 non
2575 1707 2829 1762 debuisse
2871 1708 2924 1760 in
2962 1707 3127 1761 Deum
3165 1708 3367 1776 ipsum,
3404 1708 3533 1777 quid
3564 1718 3711 1762 esset

454 1813 780 1852 arcanorum
827 1799 919 1853 Dei
970 1800 1326 1870 mysticorum
1363 1802 1693 1869 cognitione,
1745 1811 1798 1856 et
1844 1818 2025 1865 rerum
2062 1801 2104 1855 Β
2135 1808 2190 1852 et
2221 1799 2496 1867 quomodo
2517 1800 2822 1866 exsisteret,
2854 1810 2907 1853 et
2934 1801 3194 1855 unicusne
3220 1816 3286 1854 an
3317 1800 3502 1870 plures
3524 1812 3713 1857 essent

454 1893 796 1947 conditarum
830 1895 1097 1960 scicntia;
1148 1897 1246 1949 hoc
1282 1905 1384 1959 est,
1420 1898 1726 1951 divinarum
1752 1907 1803 1953 et
1834 1898 2027 1952 huma-

437 1998 644 2035 narum
684 2000 865 2038 rerum
905 2000 1140 2053 eapace;
1170 1989 1312 2055 quod
1346 1989 1585 2055 profecto
1610 1990 1779 2041 multo
1811 2005 1946 2043 auro
1977 2001 2028 2044 et

426 2072 810 2140 :margaritis,
866 2073 1247 2143 lapidibusque
1302 2077 1551 2145 pretiosis
1615 2076 2023 2131 anteferendum

420 2172 558 2226 -est,
586 2166 725 2217 sicut
751 2165 827 2218 ait
853 2164 1060 2220 Psaltes
1094 2167 1257 2221 David
1300 2186 1312 2222 :
1352 2168 1632 2240 PrOpterea
1669 2174 1841 2225 amavi
1876 2188 2026 2224 man

449 2254 580 2307 data
638 2264 728 2307 tua
784 2255 1008 2308 multum
1056 2275 1214 2326 supra
1261 2277 1472 2326 aurum,
1506 2270 1555 2315 et
1600 2262 1822 2315 multant
1862 2280 2026 2331 supra

422 2347 662 2415 lapides
714 2351 967 2415 pretiosos
1018 2351 1083 2403 9’.
1121 2350 1304 2405 Potest
1353 2354 1515 2406 etiam
1572 2370 1665 2423 per
1732 2354 2023 2411 Phisonem

451 2440 622 2506 accipi
661 2455 723 2493 ea
770 2442 941 2495 virtus
990 2443 1157 2497 animi
1211 2460 1328 2512 qua:
1354 2447 1578 2500 rationis
1629 2448 1845 2516 propria
1899 2458 2022 2513 est;

453 2532 797 2598 prudentiam
848 2533 994 2588 dico.
1035 2533 1218 2589 Potest
1258 2552 1475 2605 quoque
1535 2538 1747 2593 Marcus
1793 2554 2027 2608 evange-

453 2618 574 2671 lista
614 2621 871 2675 l’hisuuis
903 2623 1120 2676 nomine
1166 2626 1411 2693 signatus
1450 2626 1695 2697 intelligi,
1728 2636 1783 2681 ut
1831 2628 1883 2682 in
1913 2644 2024 2699 quo

454 2708 623 2761 iobur
660 2709 1033 2778 fortitudoquc
1065 2715 1261 2768 enituit
1303 2730 1387 2770 res
1425 2732 1653 2787 superas
1694 2719 2019 2787 explicandi.

451 2796 519 2849 Et
568 2816 753 2851 nomen
803 2802 953 2868 fluvii
1003 2804 1238 2867 secundi,
1298 2804 1490 2871 (Ii/ton,
1522 2810 1564 2860 is
1608 2818 1683 2861 e.t
1715 2812 1803 2872 qui
1835 2812 2018 2864 circuit

444 2905 654 2940 loinnem
691 2902 889 2943 terram
918 2892 1057 2946 Clitis
1092 2909 1109 2944 :
1143 2904 1190 2945 et
1217 2912 1401 2948 nomen
1428 2899 1575 2963 ﬂuvii
1607 2902 1783 2963 tertii,
1818 2900 2021 2966 Diklat,

444 2978 542 3045 qni
598 2981 636 3029 it
684 2982 933 3035 adversus
995 2985 1160 3037 Assur
1218 3001 1235 3037 .·
1294 2997 1343 3039 et
1394 2990 1587 3056 ﬂuvius
1653 3004 1871 3060 quartus
1920 3006 2019 3059 est,

432 3064 671 3125 .l’erath.
710 3072 977 3127 Gilionem
1012 3086 1187 3141 vocat,
1220 3083 1506 3135 humorem
1540 3100 1662 3136 cum
1698 3102 1857 3152 quem
1894 3102 2021 3142 san-

450 3156 669 3223 guinem
721 3160 984 3227 dicimus;
1023 3163 1217 3229 Diklal,
1262 3184 1385 3222 eum
1429 3186 1588 3240 quem
1626 3174 1873 3241 pituitam
1910 3193 2011 3231 vo-
2048 3152 2091 3208 θ

408 3261 672 3315 acamas;
721 3250 957 3321 denique
1008 3254 1228 3321 Perath,
1272 3261 1423 3314 illum
1467 3280 1627 3333 quem
1678 3267 2015 3335 appellamus

414 3372 419 3381 ι
449 3336 612 3391 bilem
650 3349 846 3407 atram,
901 3354 958 3398 ut
988 3347 1062 3400 ait
1097 3346 1157 3399 υ.
1194 3348 1430 3405 Iacobus
1470 3357 1779 3409 Urroliaita.
1811 3359 2018 3412 PosSu-

414 3441 575 3503 fmus
609 3444 827 3499 quoque
876 3448 971 3501 per
1000 3435 1266 3489 Gihonem
1316 3440 1610 3511 intelligere
1653 3459 1770 3497 eam
1823 3448 2021 3503 anima:

420 3516 703 3573 -\'irlutetn
736 3536 858 3588 qua:
886 3527 1236 3591 temperantia
1269 3527 1508 3596 dicitur;
1543 3548 1640 3600 per
1669 3533 1866 3598 Diklat,
1898 3552 2017 3591 eam

416 3622 573 3677 .qua:
607 3611 673 3663 ad
713 3623 918 3680 partem
962 3616 1156 3669 anima:
1198 3618 1521 3674 irascibilem
1559 3625 1675 3676 sive
1715 3628 2018 3683 animosam

451 3700 719 3767 pertinet;
755 3704 853 3757 hoc
876 3717 977 3771 est,
1026 3705 1422 3777 fortitudinem,
1473 3726 1525 3768 et
1568 3716 1879 3785 lenitatem;
1928 3737 2023 3791 per

428 3789 650 3882 lteram
698 3793 931 3864 denique
960 3835 975 3862 ,
1021 3798 1310 3868 justitiam.
1363 3803 1573 3861 llursus
1624 3808 1799 3864 Gihon
1842 3789 2020 3882 potest

448 3878 765 3976 {lattbaaum
797 3886 1102 3956 slgniticare
1124 3895 1531 3965 evangelistam;
1562 3898 1755 3965 Diklat,
1776 3878 2030 3976 Lucamj;

450 3969 651 4027 Perath
691 3973 977 4034 Joannem.
1032 3980 1098 4034 Et
1152 3988 1349 4054 accepit
1402 3989 1656 4046 Dominus
1697 3994 1835 4048 Deus
1875 3969 2023 4052 Ada:

451 4082 613 4132 mum,
647 4078 696 4122 et
741 4073 913 4137 posuit
941 4077 1110 4143 ipsum
1134 4078 1195 4130 in
1226 4086 1481 4148 paradiso
1510 4084 1681 4143 Edon.
1720 4088 2017 4160 Postquam

448 4161 783 4217 condidisset
810 4165 950 4221 Deus
977 4169 1266 4238 Adamum,
1300 4177 1520 4229 sustulit
1548 4180 1724 4247 ipsum
1754 4182 1900 4237 illinc
1926 4186 2018 4240 ubi

451 4259 670 4306 creatus
701 4253 899 4323 fuerat,
937 4266 991 4311 et
1027 4261 1264 4315 traduxit
1298 4264 1350 4317 in
1386 4269 1697 4335 paradisum
1760 4273 2022 4341 spiritua-

450 4340 577 4405 lem,
604 4343 706 4398 hoc
750 4357 853 4411 est,
905 4348 959 4402 in
992 4351 1154 4405 vitam
1189 4353 1423 4423 felicem,
1468 4368 1523 4414 ut
1572 4340 1900 4432 voluptatem
1934 4383 2025 4422 ea-

447 4443 602 4528 peret
643 4451 710 4488 ex
754 4440 1103 4498 meditatione
1138 4461 1330 4501 rerum
1364 4453 1730 4517 conditarum,
1760 4469 1924 4528 atque
1954 4477 2019 4515 ex

450 4522 649 4579 divinae
680 4530 915 4585 notionis
946 4534 1111 4589 radiis
1151 4538 1351 4606 quibus
1383 4542 1556 4611 ipsius
1589 4562 1742 4603 mens
1776 4522 2018 4607 illustra-

444 4614 614 4668 batur
664 4620 985 4687 angelorum
1031 4642 1181 4683 more
1216 4669 1230 4695 ,
1286 4638 1740 4701 quemadmodum
1792 4642 1843 4695 in
1904 4644 2023 4712 ipso

440 4720 666 4775 quoque
733 4725 1021 4781 corporato
1099 4723 1353 4788 paradiso
1416 4728 1811 4787 oblectabatur.
1886 4735 2022 4790 Cum

440 4799 592 4852 enim
626 4801 859 4898 duplicis
889 4820 1034 4864 esset
1080 4816 1413 4875 conditionis
1462 4825 1789 4892 paradisus;
1833 4839 2023 4898 quate-

426 4900 552 4940 .nus
582 4889 878 4958 spiritualis
927 4910 1060 4967 erat,
1105 4903 1409 4963 delectabat
1453 4889 1583 4967 Adae
1610 4889 2017 4972 aniinunicmi-

386 5020 387 5025 η
444 4981 928 5075 templationibus;
970 5006 1241 5075 quatenus
1279 5016 1408 5055 vero
1460 5019 1802 5075 corporatus,
1847 5010 2013 5064 arbo-

444 5071 595 5127 ribus
623 5073 1017 5151 fructibusque,
1042 5074 1190 5144 illius
1220 5105 1418 5163 corpus
1445 5071 1746 5153 recreabat.
1789 5071 1869 5155 ’Ut
1892 5119 2011 5156 eum

441 5164 636 5256 coleret
662 5180 709 5222 et
746 5176 1050 5232 custodiret.
1089 5179 1296 5238 ldcirco
1332 5186 1550 5256 (inquit)
1587 5193 1826 5247 traduxit
1858 5194 2009 5248 illum

441 5254 502 5358 in
540 5273 663 5314 eum
710 5265 1045 5334 Spiritualem
1081 5284 1133 5328 et
1172 5254 1391 5333 beatum
1427 5254 1641 5338 vivendi
1675 5288 1920 5354 modum,
1959 5300 2018 5342 ut

438 5358 654 5428 Juipso
682 5376 803 5419 sese
857 5378 1135 5423 exerceret
1164 5385 1260 5438 per
1305 5373 1506 5440 probas
1553 5377 1912 5445 cogitationes
1968 5389 2024 5435 et

444 5460 628 5504 rectas
666 5454 1046 5513 meditationes
1070 5475 1191 5529 qua:
1217 5462 1362 5518 circa
1393 5480 1482 5519 res
1512 5469 1764 5524 conditas
1795 5488 2023 5527 versen-

440 5546 562 5605 tur,
614 5543 899 5619 ipsumque
948 5554 1267 5611 observaret
1312 5557 1460 5612 omni
1525 5562 1806 5629 proposito
1859 5563 2026 5619 animi

523 5703 568 5733 ”
596 5700 742 5760 Psal.
780 5723 963 5778 cxvin,
997 5713 1084 5769 7‘2.

2136 1888 2246 1956 (lii;
2284 1890 2386 1943 huc
2412 1890 2553 1943 enim
2594 1890 2811 1959 penitus
2844 1893 3243 1960 procedendum
3278 1892 3348 1945 illi
3381 1907 3487 1946 non
3518 1892 3707 1955 fuisse,

2136 1992 2421 2051 propterea
2452 1982 2593 2051 quod
2641 1985 2819 2039 adhuc
2854 1986 2919 2038 ad
2953 1985 3101 2039 illius
3129 1985 3273 2038 modi
3304 2001 3389 2039 res
3417 1987 3712 2054 capiendas

2135 2086 2244 2123 non
2271 2072 2401 2125 satis
2430 2073 2657 2140 polleret
2676 2074 2822 2128 illius
2852 2090 3027 2129 mens.
3071 2073 3205 2138 Quia
3232 2091 3333 2144 quo
3358 2075 3444 2127 die
3471 2076 3710 2128 comedes

2133 2160 2197 2214 de
2226 2177 2305 2224 ea,
2337 2174 2504 2215 morte
2537 2164 2820 2227 morieris;
2856 2179 2919 2218 ac
2950 2164 2995 2218 si
3030 2165 3176 2218 dicat
3210 2182 3223 2218 :
3265 2164 3383 2230 Quo
3411 2165 3497 2217 die
3530 2173 3710 2217 tecum

2134 2253 2408 2322 ambigere
2432 2255 2663 2323 cmperis
2700 2271 2909 2309 unusne
2937 2255 3075 2309 Deus
3107 2257 3177 2311 sit
3208 2271 3273 2308 an
3305 2258 3508 2323 plures,
3543 2265 3708 2325 atque

2136 2344 2187 2397 in
2225 2345 2539 2415 opinionem
2593 2346 2829 2415 plurium
2876 2346 3155 2413 incideris,
3190 2358 3416 2400 mortem
3465 2358 3707 2416 oppetes,

2133 2446 2185 2488 et
2218 2438 2569 2504 peccandoet
2602 2448 2672 2499 te,
2706 2452 2734 2488 a
2760 2452 2866 2502 me,
2897 2439 3253 2491 subdueendo
3278 2438 3703 2507 alienandoque,

2133 2526 2225 2596 qui
2259 2542 2379 2580 sum
2418 2542 2579 2581 verus
2600 2528 2761 2582 Deus.
2792 2529 3000 2598 Quippe
3033 2530 3082 2582 id
3112 2530 3187 2582 illi
3219 2531 3421 2595 evenit,
3452 2546 3556 2584 una
3581 2548 3705 2585 cum

2136 2631 2306 2670 uxore
2336 2614 2445 2671 Eva
2476 2619 2678 2672 diaboli
2714 2618 2904 2672 fraude
2932 2620 3159 2674 seducto
3197 2638 3210 2673 :
3262 2621 3354 2689 qui
3398 2636 3506 2673 non
3542 2622 3705 2674 modo

2132 2717 2273 2758 escas
2318 2705 2585 2760 illecebris
2626 2707 2773 2775 ipsos
2821 2706 3031 2771 fefellit,
3087 2708 3181 2762 sed
3215 2710 3487 2777 persuasit
3539 2712 3702 2763 etiam

2133 2797 2317 2866 plures
2356 2813 2477 2853 esse
2507 2800 2661 2864 deos,
2702 2800 2831 2854 dum
2876 2800 3079 2855 diceret
3117 2818 3131 2855 :
3188 2800 3249 2856 Si
3280 2802 3607 2855 comederitis
3636 2802 3704 2855 de

2132 2906 2192 2943 ea
2225 2890 2432 2955 arbore,
2480 2893 2629 2945 eritis
2677 2894 2808 2945 sicut
2862 2894 2958 2949 dii.
3002 2892 3099 2947 llic
3132 2894 3264 2948 illud
3297 2896 3456 2948 etiam
3511 2893 3705 2948 obser-

2132 2984 2368 3035 vandum
2430 2992 2514 3035 est
2560 3002 2574 3037 :
2628 2984 2757 3037 Adae
2811 2993 2974 3054 atque
3017 2986 3197 3047 uxori,
3256 2987 3450 3040 arbore
3485 2995 3701 3040 tantum

2132 3075 2373 3129 scientia:
2422 3076 2769 3130 interdictum
2811 3093 2930 3131 esse
2962 3092 3030 3133 ne
3068 3078 3136 3133 ad
3189 3093 3309 3133 eam
3360 3080 3703 3147 accederent,

2130 3181 2326 3237 nempe
2377 3170 2506 3236 quia
2561 3170 2803 3222 nondum
2857 3169 2976 3238 ejus
3008 3184 3237 3238 capaces
3285 3182 3485 3237 erant;
3532 3181 3587 3225 at
3634 3174 3703 3227 de

2132 3263 2327 3317 arbore
2357 3264 2477 3316 vitre
2507 3262 2640 3316 nihil
2665 3277 2787 3317 esse
2814 3275 3139 3333 praeceptum
3172 3265 3389 3333 quidem
3428 3266 3560 3337 lege.
3601 3270 3694 3321 sed

2134 3370 2233 3423 pro
2266 3355 2513 3409 custodia
2542 3354 2658 3422 ejus
2703 3358 2936 3424 positum
2966 3358 3184 3411 Cherub
3217 3367 3271 3411 et
3301 3362 3474 3415 aciem
3512 3362 3702 3431 gladii,

2137 3446 2391 3498 nimirum
2437 3454 2495 3498 ut
2536 3460 2598 3499 ea
2631 3461 2686 3498 re
2718 3446 3074 3515 signiﬁcetur,
3123 3464 3217 3502 eos
3256 3450 3513 3504 mortales
3566 3453 3704 3519 (sive

2135 3537 2351 3606 pristini
2386 3536 2533 3589 illius
2585 3540 2702 3591 sive
2735 3537 2894 3604 hujus
2947 3540 3226 3609 temporis,
3270 3544 3359 3610 qui
3414 3558 3522 3597 non
3565 3545 3701 3598 satis

2137 3631 2275 3682 lirmi
2314 3640 2439 3682 sunt
2469 3631 2534 3683 ad
2565 3630 2980 3685 commentanda
3036 3648 3097 3686 ea
3147 3649 3267 3702 quae
3306 3634 3369 3687 ad
3408 3649 3703 3689 sacrosan-

2138 3732 2277 3776 ctam
2332 3722 2649 3777 Trinitatem
2719 3732 3006 3791 spectant;
3086 3740 3253 3778 unum
3327 3728 3535 3781 scilicet
3581 3743 3705 3783 esse

2140 3811 2333 3879 Deum,
2391 3830 2651 3883 personas
2702 3830 2830 3869 vero
2875 3824 3005 3880 tres,
3055 3824 3220 3885 atque
3270 3818 3339 3871 ita
3377 3817 3703 3875 Trinitatem

2134 3921 2257 3960 esse
2294 3907 2347 3959 in
2405 3910 2631 3973 unitate,
2679 3916 2733 3960 et
2780 3922 2997 3961 rursum
3045 3910 3305 3963 unitatem
3351 3910 3403 3964 in
3439 3910 3708 3967 Trinitate

2142 3999 2305 4070 (hanc
2342 4002 2484 4052 enim
2525 4015 2645 4053 esSe
2691 4001 2942 4053 arborem
2976 4002 3122 4067 vitae,
3160 4016 3329 4072 supra
3372 4012 3705 4058 memoravi-

2140 4093 2285 4157 mus)
2316 4106 2328 4141 :
2363 4092 2405 4144 si
2437 4099 2701 4144 conentur
2747 4106 2839 4159 per
2870 4091 3227 4145 temeritatem
3272 4094 3365 4148 illo
3396 4107 3704 4163 penetrare,

2138 4181 2314 4250 deque
2360 4182 2573 4236 arcanis
2623 4181 2725 4235 illis
2761 4190 2816 4234 et
2869 4182 3108 4250 c0gitare
3135 4192 3189 4236 et
3220 4183 3410 4254 loqui:
3466 4202 3582 4248 eos.
3618 4189 3709 4241 in-

2138 4289 2325 4344 quam,
2360 4276 2598 4330 coerceri
2648 4275 2945 4343 repellique
2986 4278 3142 4344 quasi
3173 4292 3200 4329 a
3229 4277 3453 4332 custode
3485 4278 3709 4332 Cherub

2138 4378 2192 4423 et
2216 4370 2400 4421 lancea
2423 4369 2654 4437 quadam
2686 4371 2837 4438 ignea
2859 4370 3160 4440 fulgoribus
3193 4370 3428 4424 micante
3452 4370 3712 4439 ipsosque

2136 4459 2442 4513 deterrente
2490 4469 2650 4527 atque
2690 4475 2917 4514 accessu
2956 4463 3298 4526 prohibente.
3354 4459 3421 4513 Et
3456 4462 3709 4529 [armarit

2140 4550 2391 4605 Dominus
2450 4550 2584 4603 Deus
2652 4569 2677 4604 e
2729 4562 2869 4604 terra
2919 4567 3124 4606 omnem
3182 4554 3403 4606 bestiam
3457 4554 3610 4623 agri,
3658 4562 3710 4605 et

2132 4660 2339 4697 omnem
2375 4646 2631 4697 volucrem
2664 4645 2799 4698 caeli.
2843 4642 2965 4699 llaec
2996 4646 3180 4705 verba,
3201 4655 3363 4715 atque
3386 4646 3498 4698 haec
3527 4646 3709 4698 oratio

2123 4736 2190 4791 de
2220 4736 2385 4791 rebus
2434 4737 2566 4805 ipsis
2598 4736 2866 4790 duntaxat
2909 4738 3259 4805 interpretari
3307 4744 3555 4804 possunt,
3597 4751 3708 4789 non

2121 4832 2280 4883 etiam
2300 4829 2367 4881 ad
2386 4829 2634 4896 spiritum
2660 4828 3081 4882 accommodari.
3102 4827 3265 4898 Igitur
3286 4842 3406 4897 quae
3423 4842 3711 4882 commen-

2124 4926 2264 4976 tario
2284 4923 2563 4992 superiore
2587 4922 2651 4976 de
2677 4921 2809 4990 ipsis
2830 4929 2959 4975 sunt
2984 4936 3012 4973 a
3044 4922 3199 4975 nobis
3231 4921 3393 4985 dicta,
3418 4919 3712 4978 sufficiant.

2128 5013 2443 5084 Etlimmisit
2475 5012 2729 5065 Dominus
2752 5012 2886 5065 Deus
2913 5014 3135 5082 quietem
3155 5013 3288 5082 (aut.
3314 5022 3371 5065 ut
3404 5011 3564 5065 habet
3606 5010 3714 5067 lle-

2128 5108 2356 5169 brteum,
2377 5108 2636 5171 somnum)
2657 5106 2708 5157 in
2731 5106 3011 5168 Atlamum,
3033 5116 3081 5158 et
3113 5106 3398 5157 dormivit:
3421 5113 3470 5157 et
3497 5103 3711 5158 sustuli!
3742 5092 3753 5097 κ

2118 5215 2276 5252 unam
2305 5214 2331 5250 e
2364 5198 2521 5249 castis
2553 5194 2742 5264 ipsius,
2772 5197 3065 5265 clausitque
3098 5213 3253 5250 carne
3282 5197 3395 5265 ejus
3422 5198 3617 5260 locum,
3657 5196 3711 5247 ιι

2123 5292 2450 5346 concinnavit
2486 5289 2736 5342 Dominus
2786 5289 2921 5341 Deus
2963 5304 3029 5341 ea:
3052 5299 3197 5341 costa
3240 5304 3397 5358 quam
3417 5295 3713 5355 sumpserat

2128 5399 2192 5438 ex
2243 5384 2467 5447 Adamo,
2497 5383 2766 5451 feminam.
2788 5381 2941 5447 Quod
2978 5397 3041 5436 ex
3064 5382 3271 5434 Adamo
3301 5396 3499 5449 sopore
3516 5381 3713 5435 obruto

2133 5486 2347 5544 sumpta
2373 5485 2456 5528 est
2486 5485 2658 5537 costa,
2710 5484 2870 5542 atque
2908 5489 2971 5526 ex
3025 5473 3125 5525 hac
3160 5472 3300 5526 facta
3348 5471 3456 5526 Eva
3483 5510 3497 5537 ,
3531 5486 3716 5527 sacra—

2138 5576 2379 5622 mentum
2426 5576 2509 5620 est
2564 5567 2846 5636 sanguinis
2899 5576 2952 5621 et
2998 5580 3151 5634 aqua:
3191 5580 3253 5619 ex
3288 5565 3492 5621 Christi
3545 5566 3714 5620 latere
