4100 6212
427 284 529 349 589

1549 295 1643 354 DE
1685 296 2083 357 PARADISO.
2126 322 2193 333 --
2226 298 2420 358 PARS
2461 298 2541 357 II.

3571 296 3675 359 590

430 394 839 463 proﬁuentium,
899 410 1187 472 postquam
1248 404 1301 459 in
1344 420 1507 461 cruce
1548 409 2000 476 obdormivisset;
2033 424 2076 481 Α
2108 420 2191 465 ret
2225 411 2435 466 hortata
2468 418 2571 476 εει,
2608 411 2653 465 is
2682 424 2809 464 vero
2842 409 3029 464 uxoris
3062 408 3222 463 dictis
3265 418 3349 464 est
3391 424 3668 474 assensus,

424 488 626 558 quibus
660 493 955 548 constituta
1004 505 1085 550 est
1128 510 1476 554 sacrosancta
1520 499 1760 557 Ecclesia
1800 520 1811 554 :
1846 512 1982 567 tum,

422 580 567 645 quod
601 596 665 633 ex
712 582 877 638 latere
915 585 1103 641 Adami
1136 589 1505 658 excipiebatur
1535 592 1668 658 Eva,
1692 603 1851 664 typus
1887 593 1990 649 fuit

426 664 661 721 fodiendi
695 671 821 725 olim
871 674 1055 732 lateris
1106 678 1332 746 Christi,
1364 697 1429 736 ex
1480 698 1589 752 quo
1620 695 1804 739 essent
1835 685 1991 738 cillo-

424 770 572 811 xnraa
623 775 776 830 aquce
819 764 939 820 vitae
987 776 1041 821 et
1095 770 1287 825 vitales
1346 774 1771 845 salutaresque;
1811 793 1988 846 aqua).

427 848 669 919 inquam,
704 856 843 910 sacri
878 859 1128 925 baptismi
1160 864 1251 931 qui
1304 873 1388 918 est
1432 876 1603 920 mater
1643 870 1896 938 mystica,
1926 886 1989 923 ex

425 953 530 1006 qua
560 957 664 995 una
695 958 1052 1013 procreantur
1076 952 1169 1004 lilii
1202 955 1322 1006 novi
1362 956 1427 1009 ad
1463 957 1621 1010 vitam
1656 960 1990 1027 spiritualem

426 1041 589 1099 atque
631 1037 1013 1103 sempiternam
1072 1061 1086 1097 :
1147 1046 1290 1100 sicut
1346 1046 1452 1101 Eva
1508 1066 1723 1119 quoque
1767 1067 1887 1118 quas
1926 1068 1992 1107 ex

430 1121 625 1177 Adami
682 1126 851 1183 latere
904 1133 1127 1199 prodiit,
1179 1146 1353 1190 mater
1409 1138 1590 1193 omnis
1636 1140 1869 1196 viventis
1913 1152 1996 1196 est

427 1216 716 1284 appellata.
769 1218 832 1273 Et
886 1240 1096 1294 serpens
1158 1230 1387 1283 astutior
1414 1241 1529 1285 erat
1578 1232 1819 1287 omnibus
1872 1236 1993 1289 ani-

425 1307 650 1391 malibus
695 1312 835 1381 agri,
891 1331 1005 1383 qua:
1037 1317 1232 1385 fecerat
1268 1319 1522 1375 Dominus
1557 1321 1719 1377 Deus.
1765 1324 1997 1394 Serpen-

427 1407 530 1452 tem
562 1412 719 1455 vocat
754 1405 1067 1474 diabolum;
1108 1412 1257 1465 illum
1294 1414 1399 1468 Deo
1424 1418 1700 1481 rebellem,
1731 1420 1996 1474 mendacii

431 1501 660 1559 patrem,
698 1495 947 1551 humana:
992 1512 1196 1557 natura:
1228 1505 1619 1576 impostorem;
1670 1526 1793 1565 nam
1835 1512 1995 1566 etiam

426 1582 549 1635 alibi
585 1585 637 1639 in
669 1591 837 1643 sacris
864 1591 1099 1655 Litteris,
1129 1595 1219 1649 ille
1239 1613 1463 1668 serpens
1486 1603 1786 1670 appellatur
1813 1622 1825 1657 :
1853 1604 1996 1671 Feci,

428 1672 603 1744 inquit
634 1675 915 1740 Dominus.
949 1685 1088 1738 vobis
1116 1697 1422 1755 potestatem
1450 1692 1692 1747 calcandi
1735 1706 1997 1761 serpentes

2103 516 2265 573 atque
2314 507 2365 557 in
2422 505 2637 559 easdem
2695 502 3051 573 cogitationes
3102 502 3367 561 incubuit
3412 520 3425 555 :
3488 504 3674 571 Aperti

2097 605 2218 648 sunt
2263 596 2405 651 oculi
2451 596 2722 651 amborum
2760 605 2807 650 et
2852 605 3201 663 cognoverunt
3254 595 3392 662 quod
3437 595 3566 646 nudi
3593 610 3677 647 es-

2098 694 2231 739 sent.
2303 686 2573 755 Evestigio
2629 688 2827 743 violata
2896 686 3011 755 lege
3067 684 3181 747 Dei,
3244 684 3496 752 patefacti
3550 696 3677 740 sunt

2100 776 2342 844 ipsorum
2376 778 2521 831 oculi
2556 794 2569 832 :
2613 795 2719 832 non
2765 778 2908 848 quod
2939 777 2991 831 in
3021 777 3151 831 deos
3180 775 3293 844 jam
3331 786 3439 829 tum
3471 775 3675 829 evasis-

2099 877 2237 928 sent,
2262 868 2312 920 in
2337 883 2496 935 quam
2528 883 2677 933 spem
2708 870 2855 937 ipsos
2876 868 3175 922 adduxerat
3197 868 3429 931 damon,
3464 866 3555 921 sed
3581 867 3675 929 ita,

2103 967 2160 1010 ut
2212 959 2700 1013 animadverterent
2738 976 2888 1014 suam
2926 960 3257 1023 nuditatem;
3289 959 3393 1013 hoc
3452 970 3553 1021 est,
3586 960 3663 1013 εὰν

2100 1059 2274 1117 empta
2302 1059 2385 1104 est
2415 1050 2547 1118 ipsis
2576 1052 2721 1119 prior
2759 1052 2848 1105 illa
2877 1051 3131 1106 cernendi
3162 1050 3389 1105 facultas
3418 1050 3673 1119 spiritua-

2103 1140 2169 1194 lis
2186 1146 2349 1210 atque
2372 1141 2612 1211 angelica
2640 1158 2745 1210 qua
2772 1142 2991 1196 fuerant
3014 1142 3246 1212 praediti,
3275 1142 3671 1195 intelleXo-runt-

2102 1246 2226 1300 que,
2260 1232 2448 1301 sejam
2481 1232 2618 1285 felici
2659 1232 2747 1288 illa
2782 1233 2873 1287 Dei
2916 1236 3088 1304 gratia
3124 1247 3247 1287 esse
3273 1234 3532 1301 spoliatos
3564 1249 3672 1300 qua

2103 1332 2393 1393 antequam
2425 1324 2689 1379 adversus
2732 1326 2906 1396 legem
2958 1327 3237 1388 fecissent,
3285 1340 3382 1379 sua
3430 1326 3674 1392 ipsorum

2103 1432 2329 1483 corpora
2384 1418 2546 1471 veluti
2579 1418 2751 1472 velata
2800 1418 3034 1473 fuerant.
3077 1417 3148 1471 Et
3192 1418 3677 1486 conglutinaverunt

2105 1510 2234 1577 folia
2278 1510 2526 1577 ﬁculnea,
2574 1511 2905 1579 feceruntque
2953 1511 3054 1563 sibi
3108 1509 3462 1578 subligaculo.
3525 1508 3677 1561 Folia

2106 1600 2334 1655 ﬁculnea
2392 1610 2548 1655 vocat
2610 1602 2851 1670 ipsorum
2933 1617 3167 1663 manus;
3233 1601 3470 1654 referunt
3531 1600 3677 1653 enim

2108 1707 2311 1745 manus
2349 1707 2535 1746 eorum
2570 1691 2823 1745 foliorum
2867 1693 3118 1761 ﬁguram.
3164 1690 3327 1756 Quasi
3361 1690 3521 1749 dicat,
3551 1704 3676 1743 cum

426 1774 477 1817 et
525 1772 842 1836 scorpiones.
872 1775 939 1830 ".
1000 1774 1065 1830 Et
1114 1780 1244 1835 alibi
1299 1784 1559 1852 scriptum
1608 1795 1692 1840 est
1742 1804 1754 1837 :
1796 1787 2001 1842 Occidit
2035 1819 2075 1873 Β
2103 1797 2161 1837 εε
2192 1782 2369 1837 nudos
2399 1798 2519 1836 esse
2558 1782 3084 1843 animadverterent,
3122 1783 3371 1835 manilms
3415 1796 3512 1835 sua
3548 1796 3681 1834 con-

430 1874 616 1911 manus
676 1863 841 1929 ipsius
904 1879 1187 1934 serpentem
1242 1876 1596 1945 transfugam,
1660 1879 1767 1931 sive
1818 1881 2001 1945 fugiti-

431 1962 549 1998 vum
586 1950 655 2005 ”.
686 1953 954 2020 Angelicae
995 1973 1121 2011 vero
1154 1959 1379 2016 virtutes
1428 1964 1767 2031 appellantur
1793 1967 2003 2020 anima-

427 2037 518 2101 lia,
538 2055 648 2108 quo
672 2045 889 2098 nomine
918 2046 1036 2100 illas
1067 2047 1381 2119 Scripturas
1420 2055 1562 2121 apud
1592 2055 1930 2110 Ezechielem
1957 2059 2002 2090 ⁸⁸

427 2145 644 2201 quoque
676 2146 831 2190 vocat
867 2138 918 2192 in
946 2151 1160 2196 ostento
1192 2144 1304 2198 illo.
1341 2145 1546 2200 Dicitur
1574 2156 1753 2202 autem
1782 2166 2002 2218 serpens

430 2224 661 2279 astutior
682 2229 934 2284 omnibus
959 2232 1306 2299 animalibus,
1331 2237 1457 2304 quia
1491 2238 1748 2307 angelicre
1777 2240 2002 2295 virtutes

430 2329 656 2383 prorsus
683 2320 750 2372 ab
783 2323 929 2375 omni
968 2325 1167 2379 malitia
1197 2337 1357 2396 atque
1383 2337 1503 2383 astu
1535 2344 1719 2383 vacuze
1749 2340 1915 2395 sunt;
1948 2339 2003 2385 at

429 2407 675 2463 diabolus
700 2411 847 2464 vafer
875 2422 959 2467 est
988 2424 1041 2469 et
1081 2418 1362 2485 improbus
1393 2434 1621 2487 prorsus
1654 2438 1667 2474 :
1697 2420 1766 2474 Et
1794 2423 1869 2475 ait
1889 2439 2003 2476 ser-

428 2513 551 2562 pens
590 2502 659 2552 ad
686 2503 954 2557 mulierem
984 2522 1002 2558 :
1048 2506 1174 2560 Vere
1202 2508 1338 2560 dixit
1376 2509 1533 2576 Deus,
1569 2527 1630 2565 ne
1664 2514 2000 2567 comederetis

430 2590 493 2642 de
516 2592 755 2646 omnibus
791 2596 1067 2650 arboribus
1095 2598 1356 2665 paradisi,
1402 2602 1504 2654 hoc
1540 2608 1644 2665 est,
1679 2602 1835 2667 plane
1866 2602 2003 2656 dixit

428 2684 581 2737 vobis
634 2683 776 2739 Deus
827 2704 841 2741 :
883 2686 1066 2742 Nolite
1099 2691 1410 2744 meditando
1454 2692 1760 2761 expendere
1817 2708 1999 2746 rerum

429 2775 815 2841 conditionem,
864 2782 975 2834 sive
1024 2782 1461 2850 aspectabilium,
1510 2784 1623 2837 sive
1663 2799 1850 2838 earum
1882 2800 2002 2854 quae

429 2866 481 2918 in
514 2880 706 2921 sensus
733 2885 838 2924 non
868 2872 1086 2926 cadunt.
1141 2871 1207 2925 Et
1233 2875 1307 2927 ait
1352 2875 1637 2928 mulier’ad
1666 2886 1951 2944 serpentem
1982 2892 2001 2931 :

432 2954 506 3010 De
534 2959 792 3026 fructibus
834 2963 1081 3018 arborum
1111 2965 1350 3031 paradisi
1380 2968 1608 3021 omnium
1636 2969 2000 3033 comedemus;

428 3051 491 3101 de
556 3052 814 3120 fructibus
868 3055 1097 3119 arboris,
1155 3065 1401 3126 qute'est
1444 3060 1495 3109 in
1550 3059 1723 3113 medio
1756 3061 1998 3129 paradisi

2107 1883 2285 1927 texere
2326 1872 2612 1942 pudenda;
2670 1883 2834 1942 atque
2884 1873 2957 1926 ita
3008 1873 3170 1927 etiam
3217 1887 3366 1926 nunc
3399 1887 3458 1926 se
3498 1886 3679 1925 mores

2106 1964 2417 2017 mortalium
2483 1964 2705 2018 habent.
2754 1962 2940 2029 Neque
2983 1963 3126 2017 enim
3161 1972 3255 2016 aut
3284 1963 3548 2015 aruit-tum
3580 1972 3675 2014 aut

2107 2055 2347 2120 tunicas,
2391 2054 2494 2108 sibi
2546 2054 2695 2123 ipsos
2746 2054 2939 2109 fecisse
2986 2054 3138 2115 dicit,
3176 2053 3270 2107 sed
3318 2052 3675 2121 perizomata.

2105 2148 2210 2203 hoc
2243 2156 2369 2211 est,
2413 2163 2532 2216 qum
2595 2147 2707 2200 sola
2783 2145 3033 2215 genitalia
3110 2145 3354 2199 membra
3410 2156 3676 2212 tegerent.

2104 2238 2173 2291 Et
2207 2240 2485 2293 audierunt
2520 2256 2691 2313 vocem
2724 2238 2934 2291 Domini
2976 2238 3070 2291 Dei
3104 2239 3394 2307 gradientis
3432 2238 3482 2289 in
3509 2252 3677 2304 para-

2103 2330 2238 2392 diso,
2272 2332 2340 2384 ad
2389 2331 2784 2384 inclinationem
2830 2330 2957 2383 diei.
3006 2329 3293 2383 Inclinatio
3326 2328 3673 2385 dieimoram

2106 2422 2366 2490 temporis
2404 2422 2709 2491 signiﬁcat;
2761 2420 2914 2489 quasi
2961 2419 3127 2481 dicat,
3175 2435 3279 2471 non
3313 2418 3473 2470 simul
3508 2427 3675 2485 atque

2104 2513 2419 2566 mandatum
2488 2512 2911 2567 transilivissent
2982 2511 3447 2579 deliquissentque
3506 2522 3676 2577 appa-

2102 2602 2281 2656 ruisse
2308 2602 2441 2670 ipsis
2469 2601 2675 2655 Denm:
2712 2600 2808 2655 sed
2844 2598 3131 2667 interjecto
3171 2598 3431 2666 temporis
3466 2597 3667 2666 spatio,

2105 2691 2364 2745 nimirum
2396 2708 2507 2761 quo
2553 2692 2673 2761 ipso
2734 2691 2876 2759 apud
2922 2691 3164 2743 animum
3200 2704 3373 2744 'suum
3412 2689 3511 2741 sibi
3549 2703 3677 2742 cott-

2102 2783 2248 2836 scios
2274 2782 2498 2851 puderet
2530 2782 2769 2847 interim,
2798 2780 3190 2850 pmniterelque
3218 2777 3441 2833 admissi
3467 2776 3675 2845 ﬂagitii.

2101 2871 2271 2928 Porro
2316 2874 2610 2928 descensus
2662 2884 2715 2927 et
2768 2870 3175 2926 adventus-Dei
3228 2870 3281 2923 in
3332 2869 3673 2939 paradisum,

2102 2966 2272 3033 ﬁgura
2303 2972 2419 3018 erat
2451 2980 2573 3033 qua:
2602 2965 2990 3018 descensurum
3021 2971 3187 3031 atque
3222 2971 3513 3015 venturum
3545 2960 3675 3013 olim

2102 3056 2155 3111 in
2192 3057 2451 3111 mundum
2494 3055 2585 3110 Dei
2616 3042 2851 3111 Verbum
2894 3053 3251 3125 signiﬁcabat.
3295 3052 3408 3105 Diei
3440 3050 3674 3105 inclina-

430 3142 569 3194 dixit
594 3142 753 3207 Deus,
786 3162 847 3199 ne
888 3148 1056 3200 edatis
1091 3147 1153 3201 de
1196 3164 1257 3201 ea
1290 3165 1453 3219 neque
1493 3151 1725 3220 tangatis
1767 3166 1905 3215 eam,
1933 3168 1996 3205 ne
2023 3131 2066 3190 (ἶ
2100 3149 2247 3204 tione
2294 3163 2420 3203 vero
2464 3147 2689 3217 mystice
2743 3146 3135 3201 ostendebatur
3181 3144 3298 3197 fore
3336 3150 3393 3197 ut
3429 3143 3530 3197 hoc
3579 3141 3674 3196 Dei

430 3236 755 3293 moriemini.
788 3237 960 3293 Jussit
996 3240 1211 3309 quidem
1247 3241 1389 3295 Deus
1437 3250 1494 3295 ut
1530 3258 1714 3297 rerum
1749 3244 1995 3298 omnium

430 3337 538 3379 tam
570 3342 691 3396 qua:
737 3330 882 3383 cerni
932 3346 1037 3384 non
1093 3340 1323 3399 possunt
1367 3348 1528 3402 quam
1575 3349 1694 3403 qua:
1748 3343 1982 3403 possunt

415 3419 888 3488 .contemplatione
921 3436 1023 3474 nos
1068 3437 1443 3485 exerceamus,
1488 3432 1649 3492 atque
1682 3440 1743 3478 ea
1777 3435 1997 3479 nosmet

431 3510 795 3575 oblectemus;
852 3521 906 3566 at
958 3514 1096 3568 inse
1153 3514 1256 3584 (est
1305 3515 1447 3569 enim
1495 3517 1629 3585 ipse,
1692 3516 1858 3571 arbor
1909 3518 1995 3571 illa

432 3602 753 3673 spiritualis)
794 3604 965 3658 noluit
997 3619 1095 3658 nos
1128 3605 1293 3661 altius
1319 3608 1703 3676 curiosiusque
1725 3608 1997 3677 inquirere

434 3693 698 3749 unicusne
740 3694 811 3749 sit
865 3696 1002 3751 Deus
1034 3712 1100 3750 an
1155 3698 1360 3766 plures,
1401 3714 1466 3752 ne
1513 3698 1639 3752 dum
1678 3699 1745 3752 ad
1790 3700 1999 3768 ejusce-

438 3783 583 3838 modi
635 3785 1037 3853 indagationem
1090 3803 1244 3843 mens
1297 3796 1482 3843 nostra
1539 3804 1730 3858 parum
1788 3791 1998 3859 pollens

432 3885 735 3946 potensque
783 3887 886 3940 est,
931 3893 1027 3947 per
1078 3888 1356 3943 peccatum
1412 3879 1749 3934 occidamus.
1812 3879 1879 3932 Et
1923 3881 1998 3932 ait

431 3979 635 4031 serpens
693 3964 760 4016 ad
804 3965 1075 4019 mulierem
1122 3982 1141 4020 .°
1189 3965 1310 4020 Non
1362 3979 1530 4021 morte
1562 3970 1807 4022 morituri
1852 3970 1996 4023 estis.

431 4054 510 4108 En
544 4063 604 4109 ut
632 4057 766 4111 nihil
814 4058 978 4125 pudet
1026 4058 1325 4112 daemonem
1364 4058 1521 4128 plane
1569 4059 1676 4114 Deo
1724 4061 2001 4116 contradi-

431 4159 552 4201 cere
580 4167 593 4202 :
625 4148 713 4202 ille
740 4157 965 4203 mortem
996 4149 1284 4203 obnuntiat
1314 4150 1359 4202 si
1392 4151 1515 4219 quis
1540 4151 1702 4205 altius
1744 4152 1796 4205 in
1823 4153 1998 4221 ipsum

433 4238 699 4307 inqmrat;
729 4240 818 4293 bic
847 4256 1072 4308 prorsus
1111 4241 1303 4296 mortis
1337 4256 1561 4296 securos
1601 4242 1729 4296 l'acit
1769 4257 1863 4296 eos
1906 4242 2001 4311 qui

440 4336 635 4379 arcana
670 4326 761 4379 Dei
795 4327 1032 4382 audeant
1059 4328 1314 4382 scrutari.
1366 4328 1433 4382 Et
1471 4330 1597 4383 vidit
1640 4330 1827 4384 mulier
1865 4331 2001 4401 quod

436 4416 655 4482 pulchra
701 4428 832 4471 esset
884 4419 1045 4471 arbor
1086 4421 1154 4472 ad
1207 4420 1513 4474 vescendum
1544 4461 1559 4485 ,
1603 4432 1651 4474 et
1703 4423 2001 4491 expetibilis

2106 3238 2334 3294 Verbum
2369 3239 2421 3293 in
2461 3241 2566 3295 line
2603 3248 2905 3308 temporum
2951 3252 3171 3291 carnem
3222 3236 3490 3298 indueret,
3530 3234 3669 3292 sicut.

2100 3330 2174 3383 ait
2206 3328 2405 3383 Paulus
2438 3346 2451 3381 :
2485 3327 2615 3381 Cum
2641 3329 2858 3381 venisset
2891 3328 3014 3395 ﬁnis
3057 3325 3325 3393 temporis,
3360 3323 3499 3376 misit
3534 3323 3673 3376 Deus

2106 3422 2307 3475 Filium
2337 3430 2574 3484 suum,et
2605 3420 2776 3488 factus
2806 3432 2879 3474 est
2908 3435 2971 3474 ea:
3002 3417 3216 3471 muliere
3230 3416 3297 3469 θ’.
3323 3414 3524 3469 Deinde
3552 3428 3677 3485 gra-

2100 3511 2299 3565 dientis
2330 3510 2423 3565 Dei
2452 3510 2632 3563 audita
2678 3525 2770 3579 per
2813 3509 3125 3578 paradisum
3175 3522 3276 3561 vox
3318 3504 3678 3576 portendebat

2101 3601 2335 3657 Verbum
2383 3599 2471 3656 Dei
2508 3600 2801 3671 aliquando
2831 3601 2969 3667 apud
3021 3614 3119 3654 nos
3146 3595 3199 3652 in
3235 3612 3396 3650 carne
3426 3605 3677 3652 versatu-

2108 3711 2229 3748 rum
2257 3694 2793 3761 ambulaturumque,
2824 3691 3275 3761 quemadmodum
3306 3690 3371 3744 de
3392 3690 3507 3758 ipso
3545 3702 3680 3757 pne-

2104 3786 2242 3841 dixit
2272 3796 2418 3840 vates
2449 3803 2461 3838 :
2505 3784 2569 3837 Et
2600 3801 2754 3852 super
2782 3794 2980 3837 terram
3018 3784 3159 3837 visus
3191 3794 3290 3848 est,
3321 3790 3370 3835 et
3408 3780 3548 3847 apud
3578 3780 3676 3839 lto-

2104 3877 2269 3928 miues
2298 3884 2529 3929 versatus
2563 3885 2637 3928 est
2668 3876 2738 3928 ⁸⁵³.
2796 3873 2864 3927 Et
2901 3873 3157 3927 abdebant
3181 3889 3234 3927 se
3259 3875 3428 3925 Adam
3467 3879 3515 3924 et
3546 3884 3681 3923 uxor

2107 3969 2275 4036 ipsius
2308 3985 2339 4019 a
2374 3976 2651 4035 conspectu
2686 3966 2892 4019 Domini
2945 3964 3059 4027 Dei,
3093 3966 3226 4017 inter
3265 3964 3477 4016 arbores
3508 3976 3676 4023 para-

2111 4059 2237 4112 disi.
2274 4057 2556 4113 Abdebant
2599 4058 2820 4127 quidem
2872 4056 3011 4111 inter
3057 4057 3279 4110 arbores
3310 4054 3548 4123 paradisi
3580 4066 3677 4107 sua

2104 4167 2385 4221 corpora;
2440 4165 2626 4205 verum
2686 4148 3075 4205 conscientiam
3130 4144 3355 4201 admissi
3421 4145 3679 4200 facinoris

2104 4254 2287 4313 tegere
2324 4260 2353 4297 a
2384 4250 2677 4311 conspectu
2712 4240 2926 4295 Domini
2953 4247 3117 4308 atque
3146 4237 3519 4299 dissimulare,
3554 4235 3672 4304 ipse

2105 4336 2423 4405 prohibebat
2447 4333 2641 4403 pudor.
2661 4332 2845 4386 Vocem
2869 4340 3013 4385 tuam
3038 4330 3215 4383 audivi
3243 4316 3295 4381 in
3326 4327 3602 4396 paradiso,
3623 4338 3674 4379 et

2104 4430 2210 4482 vidi
2234 4426 2372 4497 quod
2414 4427 2585 4480 nudus
2630 4442 2817 4487 essent,
2849 4434 2897 4478 et
2936 4423 3117 4476 abdidi
3152 4436 3249 4477 me.
3308 4419 3373 4473 Et
3406 4419 3556 4488 quia.
3594 4418 3678 4472 in-

438 4508 598 4561 oculis
628 4548 641 4571 ,
690 4520 845 4579 atque
894 4512 1261 4565 desiderabilis
1316 4512 1475 4567 arbor
1530 4488 1786 4583 spectata.
1844 4514 1998 4581 Quod
2036 4488 2077 4542 θ
2109 4488 2257 4591 quit,
2286 4534 2471 4572 vocem
2504 4528 2649 4573 tuam
2681 4516 2975 4587 gradientis
3007 4530 3101 4584 per
3123 4511 3434 4583 paradisum
3468 4509 3676 4572 audivi,

436 4601 717 4656 mulierem
753 4602 885 4657 dicit
914 4604 1118 4658 vidisse
1172 4604 1449 4668 arborem,
1480 4622 1589 4660 non
1622 4606 1694 4660 ita
1731 4608 2002 4675 accipien-

439 4692 567 4746 dum
595 4702 678 4748 est
706 4696 862 4763 quasi
907 4695 1074 4750 Deum
1114 4697 1203 4751 illa
1234 4697 1425 4751 viderit
1456 4712 1613 4766 quem
1646 4699 1875 4767 mystice
1908 4713 2002 4768 per

435 4799 555 4839 eam
588 4786 832 4840 arborem
869 4788 1233 4855 signiﬁcatum
1257 4804 1375 4843 esse
1398 4789 1668 4855 diximus;
1696 4791 1790 4845 sed
1828 4792 1999 4860 ipsam

438 4878 779 4935 auscultasse
813 4880 1038 4936 COIlSiliO
1081 4880 1377 4946 daemonis,
1413 4880 1640 4951 ejusque
1666 4882 1845 4936 verbis
1875 4897 1999 4952 per-

438 4982 655 5025 suasam
690 4972 967 5026 curiosius
999 4971 1051 5025 in
1083 4970 1249 5027 Deum
1284 4972 1559 5043 inquirere
1598 4981 1850 5027 conatam
1879 4988 2001 5029 esse

435 5062 725 5129 signiﬁcat.
762 5062 826 5117 Et
858 5065 1055 5133 accepit
1092 5066 1156 5119 de
1194 5065 1448 5134 fructibus
1488 5066 1653 5134 ipsius
1678 5073 1727 5118 et
1756 5065 1885 5129 edit,
1909 5064 2002 5117 de-

437 5155 616 5223 ditque
636 5155 795 5208 etiam
848 5155 1007 5210 simul
1047 5156 1155 5208 viro
1211 5172 1326 5219 suo,
1364 5164 1413 5209 et
1445 5156 1689 5209 comedit.
1731 5154 1847 5224 Ipsa
1877 5170 2002 5210 cum

439 5248 624 5301 animo
658 5261 759 5301 suo
790 5256 1041 5316 reputare
1077 5256 1239 5315 atque
1269 5248 1571 5316 disquirere
1597 5246 1764 5316 cmpit
1793 5249 1861 5301 de
1898 5246 2005 5301 Deo

438 5353 653 5393 unusne
705 5347 853 5392 esset
886 5353 952 5391 an
1005 5338 1209 5407 plures,
1254 5348 1489 5408 etquam
1518 5340 1588 5393 ob
1627 5353 1849 5393 causam
1904 5337 2006 5392 sibi

439 5432 748 5500 maritoque
784 5445 885 5485 suo
911 5430 1282 5485 interdixisset
1308 5444 1489 5485 escam
1522 5429 1731 5486 arboris
1769 5430 2009 5485 scientiae

439 5533 604 5593 atque
630 5523 792 5579 simul
820 5523 1085 5577 Adamum
1123 5522 1376 5576 maritum
1404 5538 1561 5577 suum
1596 5533 1652 5579 ut
1680 5524 1822 5579 idem
1860 5522 2009 5577 face-

512 5689 561 5723 ”
604 5688 735 5745 Luc.
768 5703 824 5755 κ,
854 5689 939 5743 19.
1016 5688 1060 5721 ’⁸
1099 5689 1267 5757 Apoc.
1292 5701 1381 5750 xx,
1452 5688 1507 5741 2.
1584 5690 1628 5719 "
1664 5689 1856 5743 Ezcclt.
1898 5704 1934 5751 1,
1970 5686 2021 5741 ii.

2108 4621 2163 4664 et
2186 4610 2312 4680 quia
2336 4608 2540 4662 nudum
2569 4623 2656 4662 me
2677 4623 2801 4662 esse
2826 4606 3184 4661 animadverti
3212 4622 3227 4669 ;
3256 4604 3323 4658 ab
3343 4618 3406 4657 ea
3441 4603 3677 4658 maxima

2110 4712 2271 4770 atque
2309 4699 2665 4755 saluberrima
2691 4698 2861 4768 gratia
2891 4713 2995 4767 qua
3030 4707 3154 4750 ante
3194 4696 3399 4750 fueram
3428 4696 3677 4755 indutus’.

2108 4794 2179 4848 ob
2207 4793 2305 4846 has
2338 4806 2437 4861 ego
2469 4792 2604 4845 duas
2642 4805 2836 4845 causas
2877 4799 3019 4843 metu
3053 4789 3341 4858 perculsus
3380 4802 3466 4841 me
3494 4787 3678 4842 occul-

2109 4885 2237 4948 tavi,
2272 4885 2372 4938 hoc
2399 4892 2481 4937 est
2512 4898 2626 4936 rem
2655 4883 2827 4952 ipsam
2856 4882 3227 4943 commissam,
3259 4880 3400 4948 apud
3432 4880 3675 4932 animum

2109 4990 2287 5030 meum
2314 4974 2625 5043 expendens
2663 4972 2817 5026 timui
2852 4990 2864 5026 :
2898 4971 2964 5025 Et
2990 4973 3066 5025 ait
3095 4972 3163 5025 ad
3198 4972 3351 5025 illum
3376 4970 3626 5024 Dominus
3655 4985 3673 5021 :

2111 5067 2243 5131 Quis
2275 5067 2586 5136 signiﬁcavit
2622 5065 2715 5117 tibi
2738 5065 2877 5135 quod
2904 5065 3078 5119 nudus
3110 5081 3244 5119 esses
3268 5064 3294 5117 .9
3342 5078 3463 5115 num
3495 5061 3559 5114 de
3581 5076 3676 5112 ar-

2110 5161 2230 5213 bore
2264 5161 2327 5213 de
2349 5176 2452 5229 qua
2466 5159 2606 5227 jnssi
2633 5174 2693 5211 ne
2718 5160 2918 5223 ederes,
2950 5157 3107 5212 edisti
3134 5160 3159 5213 ?
3200 5157 3277 5210 Ac
3306 5155 3351 5209 si
3378 5155 3521 5208 dicat
3548 5169 3562 5205 :
3594 5150 3674 5204 En

2111 5254 2214 5306 mei
2248 5252 2668 5321 cogitationibus
2716 5260 2838 5305 tete.
2868 5251 3167 5318 occupasti,
3209 5248 3464 5317 qualibus
3503 5245 3677 5300 absti-

2111 5358 2239 5396 nere
2272 5351 2323 5395 te
2354 5343 2649 5409 jnsseratn.
2684 5342 2753 5395 Et
2791 5343 2869 5395 ait
2912 5342 3083 5396 Adam
3115 5357 3134 5393 ,ο
3167 5338 3361 5392 Mulier
3388 5353 3547 5407 quam
3593 5344 3678 5389 at-

2114 5433 2346 5486 tribuisti
2393 5434 2541 5495 mihi,
2575 5434 2690 5501 ipsa
2733 5433 2878 5486 dedit
2911 5433 3060 5494 mihi,
3093 5440 3141 5484 et
3186 5430 3407 5485 comedi.
3459 5427 3672 5495 Mulier,

2114 5524 2307 5591 inquit,
2339 5538 2500 5591 quam
2536 5523 2666 5577 mihi
2696 5523 2903 5577 sociam
2939 5519 3140 5583 fecisti,
3179 5533 3241 5573 ea
3288 5519 3418 5573 mihi
3449 5520 3677 5576 medita-

2097 5684 2141 5717 ’⁷
2178 5684 2354 5740 Galat.
2390 5702 2461 5754 tv,
2492 5686 2543 5738 4.
2620 5686 2663 5717 ’⁸
2706 5682 2938 5736 Baruch.
2980 5695 3059 5744 ιιι,
3088 5680 3178 5734 58.
