4100 6212
365 250 466 313 591

1636 253 1864 314 MOSIS
1907 253 2053 312 ΒΑΗ
2097 255 2343 315 ΟΕΡΙΙᾹ

3505 246 3611 310 592

365 360 540 416 "tionis
571 361 636 416 de
669 370 717 415 te
765 360 1109 417 instituendee
1133 377 1304 418 causa
1352 364 1472 418 luit.
1503 363 1772 418 Nimirum
1818 363 1949 418 facit
1974 363 2024 424 Δ
2053 366 2102 418 in
2134 365 2417 428 Trinitate,
2461 374 2514 420 ct
2558 365 2879 419 Trinitatem
2929 366 2980 418 in
3024 365 3232 419 unitate
3261 380 3275 427 ;
3310 371 3362 414 et
3393 369 3452 414 ιιι
3488 360 3612 415 Ven.

371 453 539 506 Adam
591 451 736 520 quod
797 455 1056 509 mortales
1096 469 1286 509 omnes
1339 454 1516 510 solent
1564 472 1580 510 :
1630 455 1676 509 si
1727 456 1946 524 quando

375 543 520 596 enim
557 553 746 599 errant
772 552 934 614 atque
963 554 1191 614 peccant
1221 546 1484 613 homines,
1502 560 1697 601 causas
1719 545 1943 614 quasvis

349 633 646 702 -arripiunt
673 632 867 701 quibus
905 648 936 687 a
983 633 1140 703 culpa
1166 649 1225 688 se
1249 643 1302 689 et
1328 649 1487 704 pinna
1529 634 1823 690 vindicent.
1869 633 1940 686 Et

356 724 451 776 ait
496 723 748 776 Dominus
780 723 848 777 ad
873 731 1201 791 serpentem:
1243 725 1383 790 Quia
1417 726 1588 794 fecisti
1633 727 1751 791 hoc,
1780 725 1949 778 male-

348 817 547 869 «dictus
587 831 641 870 es
687 831 797 885 pra:
840 818 983 869 omni
1055 817 1301 880 animali,
1345 826 1393 870 et
1443 817 1606 871 bestia
1646 818 1780 886 agri.
1835 817 1951 871 Hoc

379 907 509 961 dicit
561 906 626 960 ad
685 905 944 962 Satanam
1015 905 1277 961 Dominus
1330 923 1344 960 :
1397 907 1523 975 quia
1572 891 1842 960 Adatnum
1897 915 1950 960 et

361 1013 605 1051 sinerem
632 998 801 1065 ipsius
835 997 1119 1059 scduxisti,
1174 997 1421 1067 jumenta
1467 998 1685 1067 quidem
1721 998 1949 1052 bestias-

380 1105 488 1158 que
535 1102 756 1142 caeteras
807 1089 1072 1159 dignabor
1117 1104 1236 1142 mea
1261 1104 1414 1154 cura,
1452 1090 1498 1142 id
1544 1097 1650 1154 est,
1683 1088 1948 1144 suﬂiciam

381 1182 515 1249 ipsis
551 1181 732 1234 cilium
777 1181 830 1234 in
871 1190 1117 1249 tempore
1149 1197 1162 1232 :
1207 1188 1261 1234 at
1291 1188 1346 1232 tu
1377 1195 1494 1233 mea
1529 1195 1658 1234 cura
1697 1180 1952 1248 indignus

382 1270 692 1325 habeberis.
723 1268 791 1322 Et
819 1286 972 1336 super
1004 1278 1227 1324 ventrem
1261 1279 1410 1321 tuum
1436 1270 1713 1339 gradieris.
1754 1268 1950 1323 Extor-

386 1362 460 1415 ris
489 1361 632 1416 enim
681 1377 711 1414 a
745 1361 952 1416 caelesti
991 1361 1289 1430 republica,
1320 1376 1474 1430 repes
1517 1361 1668 1415 humi
1705 1371 1867 1430 atque
1896 1361 1948 1414 in

388 1455 616 1508 terrenis
659 1455 826 1508 rebus
888 1454 1241 1508 volutaberis.
1293 1452 1359 1506 Et
1413 1453 1673 1520 pulverem
1719 1453 1952 1507 romedes

369 1545 626 1599 --omnibus
653 1545 834 1599 diebus
865 1548 981 1599 vita:
1012 1556 1116 1598 tua:
1147 1564 1161 1598 :
1197 1546 1444 1600 homines
1470 1547 1649 1613 perire
1675 1544 1840 1615 (quod
1870 1553 1954 1599 est

387 1637 552 1691 veluti
583 1636 636 1691 in
668 1638 944 1706 pulverem
983 1637 1205 1703 reverti)
1243 1647 1296 1690 tu
1333 1637 1429 1690 tibi
1462 1651 1558 1704 pro
1587 1649 1712 1689 esca
1739 1644 1794 1689 et
1826 1636 1950 1689 cibo

387 1727 577 1792 duces,
605 1737 820 1798 propter
845 1743 1118 1782 sumntum
1141 1737 1294 1781 tuum
1323 1727 1582 1780 adversus
1606 1727 1727 1781 illos
1749 1727 1955 1780 odium.

391 1818 462 1876 ΕΙ
494 1820 798 1873 inimicitias
831 1835 1018 1883 ponam
1053 1819 1188 1872 inter
1234 1829 1302 1877 te.
1337 1828 1386 1871 et
1418 1819 1709 1884 mulierem,
1734 1827 1784 1871 et
1819 1819 1959 1870 inter

369 1928 562 1965 semen
619 1920 765 1963 litum
819 1919 866 1966 et
925 1925 1098 1962 semen
1167 1908 1332 1962 illius.
1387 1907 1443 1962 ld
1489 1910 1716 1974 odium,
1762 1907 1959 1976 inquit,

389 2017 498 2071 quo
540 2011 594 2056 tu
627 2002 849 2072 gaudes,
879 2015 1074 2070 ponam
1108 2015 1208 2070 ego
1241 2002 1382 2054 inter
1413 2009 1464 2054 te
1494 2009 1546 2060 ct
1575 2000 1719 2063 illos,
1743 2009 1798 2054 et
1823 2001 1960 2053 inter

391 2109 578 2148 semen
650 2094 948 2148 humanum
1017 2103 1180 2162 atque
1230 2093 1458 2147 rebelles
1514 2093 1793 2147 daemonas
1843 2102 1964 2145 tuos

394 2184 593 2239 socios.
645 2183 708 2238 Et
737 2184 850 2253 ipsa
879 2193 1104 2237 conteret
1151 2193 1307 2252 caput
1341 2194 1508 2248 tuum,
1569 2185 1668 2238 hoc
1704 2191 1804 2246 cst,
1839 2182 1960 2235 irri-

375 2284 511 2327 ~tum
544 2273 702 2328 faciet
737 2283 950 2327 tuarum
985 2274 1307 2328 astutiarum
1347 2275 1582 2328 initium.
1640 2273 1707 2326 Et
1741 2283 1796 2327 tu
1833 2273 1966 2326 illud

393 2367 552 2434 feries
597 2367 650 2419 in
690 2366 835 2419 calce
868 2367 1054 2434 ipsius,
1121 2366 1222 2419 hoc
1255 2375 1357 2430 est,
1411 2379 1465 2419 tu
1509 2367 1715 2434 peccati
1772 2366 1968 2420 vulnus

397 2458 498 2525 ipsi
545 2458 781 2526 inlliges.
806 2468 861 2511 ut
889 2458 1111 2526 perdere
1144 2457 1321 2525 possis
1353 2457 1406 2511 in
1433 2466 1678 2512 extremo
1703 2457 1970 2527 ejuslvittc

397 2561 543 2603 actu.
597 2552 666 2602 Et
706 2549 773 2601 ad
806 2549 1077 2620 mulierem
1109 2549 1184 2600 ait
1222 2564 1239 2602 :
1279 2547 1685 2619 Multiplicando
1712 2549 1972 2619 multipli-

395 2639 527 2694 rabo
557 2641 763 2696 dolores
809 2651 922 2695 tuos
951 2650 1000 2694 et
1035 2650 1309 2708 conceptus
1353 2650 1491 2695 tuos.
1528 2641 1651 2695 llaec
1680 2644 1968 2712 mysticum

401 2746 620 2787 sensum
659 2750 767 2788 non
795 2735 1126 2803 admittunt;
1159 2747 1417 2794 caeterum
1454 2758 1564 2796 rem
1604 2742 1772 2809 ipsam
1806 2758 1970 2811 supra

404 2827 871 2890 prrtractavimus.
909 2829 972 2882 Et
1031 2831 1151 2898 fecit
1199 2831 1455 2885 Dominus
1488 2833 1626 2885 Deus
1672 2834 1894 2897 Adamo,
1925 2843 1974 2887 et

382 2916 556 2966 *ποτε
586 2915 750 2982 ipsius
774 2919 978 2972 tunicas
1013 2921 1278 2988 pelliceas.
1325 2932 1373 2974 et
1409 2925 1611 2976 vestivit
1643 2925 1804 2994 ipsos.
1836 2924 1971 2978 Cum

2051 457 2180 510 bum
2214 456 2330 521 Dei,
2375 458 2502 510 olim
2539 473 2759 510 carnem
2800 472 2921 510 esse
2964 464 3371 524 assumpturum
3422 462 3615 505 nostra;

2051 547 2240 600 salutis
2291 556 2345 600 et
2388 546 2787 616 redemptionis
2825 547 3001 616 gratia
3032 587 3046 610 ,
3088 545 3422 615 prospiceret
3456 558 3470 595 :
3512 555 3622 593 non

2051 638 2204 701 satis,
2242 637 2492 706 inquam,
2523 639 2756 705 pollebat
2785 636 2982 691 deinde
3013 651 3184 705 genus
3216 636 3518 688 humanum
3555 632 3624 686 ad

2057 728 2376 798 hujusmodi
2409 729 2674 782 sublimes
2704 727 3084 782 meditationes
3115 725 3470 784 exercendas.
3498 732 3625 776 tan-

2053 823 2224 891 tisper
2255 819 2384 873 dum
2421 821 2684 890 ﬂagitium
2713 821 2843 875 illud
2869 829 2924 874 et
2960 820 3205 889 pravitas
3239 833 3334 888 per
3362 815 3623 870 Satanam

2054 915 2158 967 sub
2221 913 2492 982 serpentis
2535 913 2715 982 specie
2768 911 2898 980 (quo
2957 911 3212 965 utebatur
3267 925 3363 962 ceu
3417 909 3628 961 instru-

2053 1005 2258 1069 menlo)
2296 1005 2494 1072 injecta
2527 1003 2839 1056 delerentur
2883 1015 3045 1071 atque
3093 1001 3439 1054 abolerentur
3477 999 3630 1066 peni-

2055 1107 2162 1152 tus.
2203 1096 2270 1150 Et
2304 1098 2446 1149 misit
2477 1097 2647 1165 ipsum
2681 1095 2937 1148 Dominus
2973 1092 3106 1147 Deus
3135 1101 3284 1146 extra
3321 1091 3631 1160 paradisum

2057 1189 2226 1251 Eden,
2257 1196 2313 1241 ut
2353 1188 2541 1242 coleret
2571 1198 2788 1247 terram,
2821 1203 2884 1239 ex
2913 1202 3016 1255 qua
3061 1193 3298 1250 sumptus
3329 1182 3524 1250 fuerat.
3568 1177 3632 1231 Et

2055 1282 2348 1336 eliminavit
2397 1282 2569 1349 ipsum
2621 1279 2874 1330 Dominus
2915 1278 3069 1329 Deus.
3114 1276 3338 1342 Propter
3371 1271 3625 1324 violatam

2055 1374 2222 1443 legem
2262 1372 2508 1426 multavit
2540 1370 2805 1424 Adamum
2841 1368 2981 1422 Deus
3037 1365 3354 1419 felicissima
3403 1364 3493 1417 illa
3530 1363 3635 1415 vita

2057 1467 2241 1536 inqua
2310 1473 2541 1518 mentem
2605 1478 2757 1518 suam
2809 1463 2896 1515 ille
2946 1474 3160 1513 omnem
3207 1464 3471 1525 perpetua
3505 1471 3637 1510 con-

2023 1567 2026 1570 '
2064 1558 2414 1626 templatione
2446 1570 2625 1609 rerum
2658 1563 2712 1608 et
2737 1570 2858 1622 quae
2887 1551 3102 1606 videndi
3144 1549 3326 1603 sensui
3363 1545 3555 1615 subjici
3581 1555 3637 1600 et

2059 1663 2181 1717 rpite
2210 1662 2316 1701 non
2344 1645 2536 1712 subjici
2575 1651 2838 1714 possunt,
2873 1651 3002 1694 ante
3043 1637 3428 1708 pertractabat.
3461 1637 3636 1702 Atque

2063 1740 2285 1808 insuper
2325 1754 2351 1790 a
2397 1737 2521 1789 vitze
2563 1735 2726 1789 etiam
2776 1733 2968 1786 arbore
3007 1729 3284 1799 prohibuit
3319 1745 3333 1793 ;
3374 1727 3448 1780 ait
3495 1727 3641 1780 enim

2065 1829 2244 1884 Moses
2279 1847 2292 1882 :
2339 1827 2404 1881 Et
2431 1828 2630 1881 versari
2666 1826 2786 1894 fecit
2815 1825 2883 1877 ad
2916 1825 3166 1876 orientem
3193 1819 3434 1890 paradisi
3468 1817 3644 1881 Eden,

2063 1923 2233 1988 ipsum
2263 1919 2464 1973 Clterub
2488 1928 2534 1972 et
2565 1919 2728 1971 aciem
2751 1915 2914 1986 gladii
2944 1913 3229 1976 versatilis,
3253 1911 3321 1964 ad
3352 1909 3650 1964 custodien-
3719 1944 3732 1954 .

2064 2013 2191 2067 dum
2223 2015 2322 2066 iter
2370 2011 2576 2064 arboris
2605 2012 2742 2064 vitta.
2789 2007 2869 2063 Ad
2899 2005 3219 2061 orientalem
3244 2013 3450 2072 partem
3484 2015 3650 2069 para-
3686 1993 3690 1996 ’

2065 2103 2166 2157 disi
2225 2103 2421 2163 solam,
2471 2118 2578 2154 non
2629 2100 2790 2153 etiam
2840 2097 2906 2150 ad
2961 2095 3201 2162 reliquas
3255 2091 3516 2146 collocata
3568 2096 3653 2143 est

2066 2192 2334 2252 custodia,
2365 2191 2491 2261 quia
2541 2189 2786 2264 orientis
2842 2189 2990 2256 regio
3050 2183 3353 2254 praestituta
3415 2187 3532 2234 erat
3592 2188 3654 2232 ut

2065 2292 2211 2340 esset
2264 2283 2391 2337 olim
2437 2283 2588 2336 locus
2633 2279 2897 2334 adorandi
2945 2276 3061 2331 Dei.
3120 2276 3292 2327 Porro
3340 2271 3561 2326 Cherub
3594 2280 3650 2322 et

2069 2375 2279 2446 gladius
2305 2375 2495 2443 igneus
2526 2371 2928 2440 terriﬁcusque,
2983 2365 3243 2421 custodire
3275 2378 3435 2419 causa
3488 2360 3650 2431 positi

2073 2475 2201 2523 sunt
2251 2467 2392 2520 inter
2442 2465 2570 2519 Adae
2605 2461 2806 2533 ingenii
2859 2469 3075 2528 captum
3137 2466 3190 2511 et
3240 2457 3411 2523 ipsam
3465 2467 3650 2507 sacro-

2071 2565 2315 2612 sanctam
2380 2555 2703 2609 Trinitatem
2752 2570 2766 2608 :
2827 2567 2895 2604 ne
2949 2549 3155 2603 scilicet
3206 2560 3359 2599 mens
3412 2545 3654 2596 humana

2072 2649 2234 2703 altius
2264 2645 2962 2716 curiosiusqueinquireret
2997 2642 3048 2694 in
3075 2649 3186 2694 tres
3224 2651 3483 2707 personas
3506 2633 3658 2687 Divi-

2079 2741 2268 2795 nitatis
2319 2755 2438 2808 qtne
2481 2752 2706 2807 prorsus
2747 2745 2829 2788 est
2861 2727 3448 2800 incomprehensibilis.
3510 2725 3657 2776 Sunt

2076 2844 2258 2888 autem
2297 2849 2420 2901 quae
2455 2832 2540 2885 hic
2568 2846 2595 2883 a
2629 2828 2777 2882 Mose
2805 2826 3147 2887 scribuntur,
3181 2836 3278 2892 pro
3302 2817 3502 2873 nostris
3539 2830 3659 2868 mo-

2080 2925 2236 2982 ribus
2264 2927 2430 2981 dicta.
2470 2924 2578 2980 Nos
2623 2914 2792 2978 enim.
2846 2919 2891 2972 si
2923 2933 3086 2986 quam
3117 2931 3229 2970 rem
3261 2917 3464 2969 salvmn
3501 2909 3662 2978 cupi-

403 3007 600 3076 ίηίιυὶιι
661 3009 911 3080 adem?”
961 3012 1068 3068 illis
1124 3025 1268 3068 οεδοι
1318 3015 1424 3068 Vim
1476 3015 1565 3069 “li!
1623 3017 1966 3086 εβίΐίιιίδιίεε
2008 3021 2054 3082 C
2091 3041 2237 3087 mus,
2264 3021 2314 3076 ei
2347 3016 2630 3074 custodem
2666 3012 2984 3075 sollicitum,
3022 3009 3295 3071 sedulum,
3338 3004 3658 3074 prudentem

384 3098 583 3165 ;beata,
612 3100 900 3171 gaudiique
931 3104 1108 3173 plena,
1142 3117 1362 3178 propter
1388 3123 1487 3162 sua
1520 3108 1762 3178 ipsorum
1795 3117 1975 3162 errata

409 3192 612 3247 inducti
649 3203 778 3248 sunt
816 3195 865 3250 in
904 3197 1067 3254 vitam
1111 3199 1252 3254 hanc
1295 3214 1651 3268 corpoream;
1707 3217 1979 3254 aerumno-

387 3298 522 3338 sam
564 3292 728 3354 atque
760 3287 937 3343 anxiis
971 3290 1132 3344 rebus
1160 3289 1440 3344 refertam.
1474 3292 1742 3345 Caeterum
1777 3291 1979 3345 tunicis

391 3376 671 3444 pelliceis,
703 3381 939 3432 maxima
977 3381 1098 3434 vita:
1130 3382 1485 3434 commutatio
1530 3397 1650 3450 quae
1685 3381 1816 3450 ipsis
1857 3381 1974 3434 vio-

409 3467 518 3522 lata
546 3469 662 3541 lege
701 3469 920 3531 accidit,
956 3471 1317 3538 signiﬁcatur.
1350 3470 1578 3539 Propter
1603 3485 1700 3524 sua
1734 3472 1978 3538 ipsorum

392 3563 574 3631 igitur
603 3572 823 3631 peccata
852 3579 946 3616 eas
981 3579 1170 3632 pinnas
1219 3564 1506 3630 dederunt,
1551 3572 1606 3618 ut
1637 3565 1974 3634 spiritualem

409 3669 535 3710 cum
564 3668 846 3723 corporea,
884 3654 984 3707 hoc
1017 3662 1117 3720 est,
1150 3654 1516 3710 felicissimam
1567 3671 1690 3711 cum
1721 3656 1982 3710 infelicis-

413 3747 553 3800 sima
587 3747 694 3800 vita
729 3755 1028 3802 mutarent.
1059 3745 1124 3800 Et
1154 3748 1230 3801 ait
1257 3747 1522 3802 Dominus
1549 3764 1564 3802 :
1590 3747 1670 3801 En
1701 3747 1868 3801 Adam
1897 3749 1985 3815 [α-

392 3845 528 3891 σιιιιε
561 3847 633 3890 est
660 3836 832 3906 qualis
873 3852 1006 3891 unus
1037 3847 1273 3892 nostrum
1305 3842 1356 3892 in
1389 3840 1740 3909 cognoscendo
1775 3839 1907 3893 bona
1939 3847 1988 3892 et

415 3927 578 3982 malo.
635 3927 761 3982 Haec
805 3943 968 3998 supra
1029 3930 1244 3985 abunde
1291 3918 1708 4001 explicavimus.
1759 3931 1878 3985 Jam
1929 3946 1991 3984 ne

417 4021 660 4088 fortassis
690 4022 937 4075 extendat
981 4038 1194 4076 manum
1232 4040 1406 4086 suam,
1432 4032 1480 4076 et
1511 4031 1688 4076 sumat
1719 4022 1782 4075 de
1808 4022 1992 4076 arbore

418 4115 557 4176 vitm,
589 4124 638 4167 et
665 4114 807 4180 edat,
844 4131 906 4167 ac
947 4118 1081 4169 vivat
1110 4117 1165 4169 in
1197 4125 1471 4170 aeternum.
1495 4115 1854 4184 Posteaquam
1894 4114 1992 4168 ad-

419 4205 592 4259 misso
627 4205 831 4276 ﬂagitio
879 4209 1170 4263 excidisset
1215 4224 1388 4277 genus
1434 4209 1730 4262 humanum
1785 4208 1877 4261 illo
1908 4223 1993 4261 se-

419 4299 656 4353 cundum
695 4300 942 4354 animum
977 4301 1193 4356 vivendi
1236 4303 1400 4356 modo
1445 4301 1649 4370 illaque
1696 4301 1802 4354 vita
1835 4301 1992 4355 beata

2089 3115 2416 3188 prmlicimus
2459 3107 2685 3163 terribili
2737 3105 2916 3170 aliqua
2959 3103 3144 3155 lancea
3204 3098 3472 3153 munitum
3505 3137 3519 3160 ,
3557 3094 3650 3161 qui

2085 3205 2271 3277 procul
2335 3209 2516 3254 arceat
2597 3196 2935 3250 accedentes.
3000 3193 3116 3246 Huc
3176 3189 3420 3242 animum
3481 3192 3660 3238 atten-

2087 3300 2215 3353 dant
2262 3298 2506 3362 quoqnot
2559 3297 2651 3342 aut
2703 3303 2808 3342 non
2856 3283 3192 3354 satistlirmi
3239 3297 3360 3336 cum
3410 3279 3539 3337 sint.
3571 3282 3665 3328 aut

2089 3402 2196 3441 non
2259 3384 2390 3440 satis
2444 3378 2740 3454 exercitati
2798 3388 2960 3445 atque
3010 3373 3228 3436 eruditi,
3294 3379 3388 3424 aut
3429 3367 3672 3433 denique

2093 3480 2302 3534 nullum
2333 3475 2550 3529 virtutis
2578 3487 2701 3526 cum
2737 3470 2972 3524 habeant
3007 3481 3162 3522 usum
3205 3487 3217 3519 :
3255 3463 3456 3519 audent
3483 3470 3663 3514 tamen

2093 3587 2189 3642 per
2218 3568 2577 3624 temeritatem
2613 3563 2792 3617 subito
2835 3561 3087 3631 prosilire
3122 3559 3174 3612 in
3215 3557 3452 3610 medium
3493 3563 3662 3622 atque

2098 3663 2272 3731 loqui,
2339 3659 2756 3727 disceptareque
2811 3653 2875 3708 de
2965 3658 3333 3706 sacrosancta:
3381 3643 3669 3698 Trinitatis

2099 3754 2350 3827 personis
2391 3770 2405 3804 :
2448 3759 2501 3804 et
2546 3750 2630 3803 his
2680 3746 2844 3800 Mosis
2869 3745 3030 3799 dictis
3056 3750 3262 3794 tantam
3304 3755 3454 3794 suam
3493 3736 3668 3789 auda-

2098 3849 2241 3902 ciam
2294 3843 2576 3898 refrenare
2625 3840 2858 3900 discant.
2917 3845 3078 3904 atque
3135 3836 3208 3885 ita
3244 3847 3301 3886 se
3342 3833 3393 3883 in
3431 3829 3531 3882 hac
3557 3827 3666 3879 vita

2096 3944 2396 4005 expurgent
2442 3930 2806 3987 observandis
2847 3927 2940 3981 Dei
2989 3924 3162 3993 jussis
3196 3931 3254 3976 ut
3285 3921 3338 3974 in
3369 3921 3536 3972 altera
3571 3918 3664 3971 illa

2100 4027 2478 4084 luturisecculi
2532 4025 2803 4078 donentur
2862 4018 3168 4087 cognitione
3213 4013 3673 4075 meditationeque

2100 4135 2280 4175 rerum
2338 4134 2366 4172 a
2446 4115 2555 4170 DtSo
2611 4113 2956 4168 conditarum
3043 4118 3203 4175 atque
3265 4105 3437 4174 ipsius
3509 4102 3671 4154 etiam

2101 4224 2328 4266 summze
2359 4204 2667 4267 Trinitatis,
2706 4210 2974 4271 quatenus
3025 4207 3167 4252 certe
3193 4196 3331 4248 hanc
3361 4208 3446 4246 res
3481 4198 3677 4244 creatae

2100 4309 2265 4370 atque
2297 4306 2539 4350 externa:
2572 4308 2667 4363 per
2690 4293 2941 4344 virtutem
2978 4287 3365 4356 omnipotentis
3398 4283 3493 4336 Dei
3525 4295 3681 4334 corn-

409 4401 476 4446 et
507 4393 772 4461 angelica,
827 4394 1108 4465 indignum
1159 4395 1271 4463 jam
1322 4404 1566 4451 evaserat
1612 4405 1773 4466 atque
1829 4395 1992 4450 etiam
2027 4377 2069 4430 ί)
2101 4387 2433 4460 prehendere
2484 4391 2758 4454 poterunt.
2795 4380 2862 4435 Et
2917 4380 3006 4434 hic
3046 4378 3168 4432 ﬁnis
3241 4385 3358 4431 esto
3410 4370 3680 4428 sermonis

422 4479 720 4535 invalidum
764 4491 826 4536 ut
867 4485 1199 4554 cogitatione
1233 4496 1623 4555 assequeretur
1651 4493 1997 4556 agnoscereto

411 4587 532 4641 que
564 4588 734 4627 unum
769 4573 937 4628 Deum
983 4584 1038 4632 et
1081 4587 1191 4632 tres
1218 4593 1500 4648 personas,
1537 4588 1698 4649 atque
1732 4580 1992 4634 unitatem

2107 4480 2354 4537 secundi.

2303 4719 3614 4751 ",W

1625 4856 1907 4946 PARS
1999 4857 2486 4944 TERTIA.

995 5168 1412 5225 PROG‘IMIUM.

507 5284 803 5354 Superiora
868 5283 1116 5351 proxima
1171 5283 1464 5346 oratione,
1519 5297 1553 5337 o
1609 5280 1696 5352 pie
1729 5287 1786 5336 et
1845 5293 2008 5334 vene-

440 5377 607 5431 rande
671 5377 837 5432 lrater
884 5384 1109 5440 noster,
1163 5374 1384 5430 domine
1439 5371 1633 5443 lgnati,
1681 5372 1892 5440 egimus
1943 5370 2011 5425 de

442 5468 697 5535 paradiso
739 5479 794 5522 et
847 5468 1138 5522 arboribus
1180 5467 1447 5537 mysticis,
1512 5480 1610 5533 pro
1660 5466 1802 5520 serie
1842 5473 2007 5532 atque

444 5568 632 5613 tenore
666 5558 956 5626 Scriptura:
1009 5578 1023 5614 :
1059 5570 1112 5614 at
1167 5560 1418 5628 praesenti
1455 5573 1704 5612 sermone
1733 5557 2012 5612 dissolve-

446 5663 592 5712 tnus,
644 5647 752 5702 Deo
797 5665 1016 5704 manum
1067 5651 1226 5706 nobis
1254 5651 1588 5721 porrigente,
1636 5649 2015 5704 haereticorum

447 5738 750 5797 calumnias
788 5754 927 5811 quas
963 5741 1251 5800 adversum
1277 5751 1476 5817 nostra
1525 5742 1667 5800 dicta
1707 5741 2018 5812 proferunt;

2116 5182 2181 5221 ac
2230 5163 2390 5220 simul
2427 5160 2717 5216 nonnullas
2763 5156 3098 5226 quaestiones
3143 5170 3172 5209 a
3214 5151 3538 5223 quibusdam
3565 5143 3688 5201 aliis

2111 5259 2244 5314 viris
2277 5256 2533 5326 quaesitas
2562 5251 2974 5324 explicabimus.

2741 5365 2967 5424 CAPUT
3006 5363 3048 5418 1.

2119 5489 2314 5544 Contra
2351 5487 2646 5541 calumnias
2690 5482 2919 5536 Simonis
2955 5479 3132 5546 Magi,
3165 5483 3230 5531 de
3263 5480 3424 5545 pruni
3456 5479 3688 5541 parentis

2787 5559 3015 5622 peccato.

2191 5648 2389 5717 Objicit
2435 5646 2622 5700 Simon
2671 5644 2878 5713 Magos,
2928 5637 3179 5710 inquiens
3223 5655 3235 5691 :
3279 5636 3418 5692 Deus
3466 5633 3555 5688 illc
3592 5629 3687 5698 qui

2125 5741 2392 5795 Adamum
2425 5735 2688 5803 condidit,
2724 5733 2991 5802 impotens
3025 5735 3144 5785 erat
3175 5736 3337 5796 atque
3371 5719 3686 5780 imbecillis:
