  <div class='ocr_page' id='page_1' title='image "/cluster/home/n/w/nwhite01/storage/ocr_20150623/111/hvd.32044073502288/318.png"; bbox 0 0 4100 6212; ppageno 0'>
   <div class='ocr_carea' id='block_1_1' title="bbox 433 373 540 435">
    <p class='ocr_par' dir='ltr' id='par_1_1' title="bbox 433 373 540 435">
     <span class='ocr_line' id='line_1_1' title="bbox 433 373 540 435; baseline -0.019 0"><span class='ocrx_word' id='word_1_1' title='bbox 433 373 540 435; x_wconf 70' lang='lat'><strong>593</strong></span> 
     </span>
    </p>
   </div>
   <div class='ocr_carea' id='block_1_2' title="bbox 431 577 2004 653">
    <p class='ocr_par' dir='ltr' id='par_1_2' title="bbox 431 577 2004 653">
     <span class='ocr_line' id='line_1_2' title="bbox 431 577 2004 653; baseline 0.005 -22"><span class='ocrx_word' id='word_1_2' title='bbox 431 577 646 649; x_wconf 90' lang='lat' dir='ltr'><strong>qualem</strong></span> <span class='ocrx_word' id='word_1_3' title='bbox 696 593 815 632; x_wconf 91' lang='lat' dir='ltr'><strong>esse</strong></span> <span class='ocrx_word' id='word_1_4' title='bbox 847 578 1079 636; x_wconf 87' lang='lat' dir='ltr'><strong>volebat.</strong></span> <span class='ocrx_word' id='word_1_5' title='bbox 1113 583 1190 635; x_wconf 85' lang='lat' dir='ltr'><strong>Ad</strong></span> <span class='ocrx_word' id='word_1_6' title='bbox 1233 582 1347 638; x_wconf 73' lang='lat' dir='ltr'><strong>hzec</strong></span> <span class='ocrx_word' id='word_1_7' title='bbox 1399 585 1808 653; x_wconf 77' lang='lat' dir='ltr'><strong>respondemus,</strong></span> <span class='ocrx_word' id='word_1_8' title='bbox 1849 602 2004 639; x_wconf 86' lang='lat' dir='ltr'><strong>man-</strong></span> 
     </span>
    </p>
   </div>
   <div class='ocr_carea' id='block_1_3' title="bbox 433 669 2006 742">
    <p class='ocr_par' dir='ltr' id='par_1_3' title="bbox 433 669 2006 742">
     <span class='ocr_line' id='line_1_3' title="bbox 433 669 2006 742; baseline 0.004 -18"><span class='ocrx_word' id='word_1_9' title='bbox 433 671 575 724; x_wconf 83' lang='lat' dir='ltr'><strong>sisse</strong></span> <span class='ocrx_word' id='word_1_10' title='bbox 639 669 907 724; x_wconf 89' lang='lat' dir='ltr'><strong>Adamum</strong></span> <span class='ocrx_word' id='word_1_11' title='bbox 959 674 1170 740; x_wconf 84' lang='lat' dir='ltr'><strong>qualem</strong></span> <span class='ocrx_word' id='word_1_12' title='bbox 1225 675 1400 742; x_wconf 91' lang='lat' dir='ltr'><strong>ipsum</strong></span> <span class='ocrx_word' id='word_1_13' title='bbox 1437 684 1490 727; x_wconf 91' lang='lat' dir='ltr'><strong>et</strong></span> <span class='ocrx_word' id='word_1_14' title='bbox 1527 691 1650 731; x_wconf 90' lang='lat' dir='ltr'><strong>esse</strong></span> <span class='ocrx_word' id='word_1_15' title='bbox 1687 686 1739 730; x_wconf 89' lang='lat' dir='ltr'><strong>et</strong></span> <span class='ocrx_word' id='word_1_16' title='bbox 1787 691 2006 731; x_wconf 88' lang='lat' dir='ltr'><strong>manere</strong></span> 
     </span>
    </p>
   </div>
   <div class='ocr_carea' id='block_1_4' title="bbox 432 759 2007 836">
    <p class='ocr_par' dir='ltr' id='par_1_4' title="bbox 432 759 2007 836">
     <span class='ocr_line' id='line_1_4' title="bbox 432 759 2007 836; baseline 0.006 -22"><span class='ocrx_word' id='word_1_17' title='bbox 432 759 648 814; x_wconf 85' lang='lat' dir='ltr'><strong>volebat</strong></span> <span class='ocrx_word' id='word_1_18' title='bbox 689 759 830 815; x_wconf 89' lang='lat' dir='ltr'><strong>Deus</strong></span> <span class='ocrx_word' id='word_1_19' title='bbox 866 764 1118 817; x_wconf 88' lang='lat' dir='ltr'><strong>conditor</strong></span> <span class='ocrx_word' id='word_1_20' title='bbox 1166 765 1496 836; x_wconf 79' lang='lat' dir='ltr'><strong>cﬂ&#39;eetorque</strong></span> <span class='ocrx_word' id='word_1_21' title='bbox 1544 768 1754 836; x_wconf 84' lang='lat' dir='ltr'><strong>ipsius;</strong></span> <span class='ocrx_word' id='word_1_22' title='bbox 1793 769 2007 823; x_wconf 86' lang='lat' dir='ltr'><strong>volebat</strong></span> 
     </span>
    </p>
   </div>
   <div class='ocr_carea' id='block_1_5' title="bbox 437 853 2006 930">
    <p class='ocr_par' dir='ltr' id='par_1_5' title="bbox 437 853 2006 930">
     <span class='ocr_line' id='line_1_5' title="bbox 437 853 2006 930; baseline 0.005 -22"><span class='ocrx_word' id='word_1_23' title='bbox 437 855 578 908; x_wconf 87' lang='lat' dir='ltr'><strong>enim</strong></span> <span class='ocrx_word' id='word_1_24' title='bbox 631 853 773 922; x_wconf 83' lang='lat' dir='ltr'><strong>Dens</strong></span> <span class='ocrx_word' id='word_1_25' title='bbox 820 856 995 924; x_wconf 89' lang='lat' dir='ltr'><strong>ipsum</strong></span> <span class='ocrx_word' id='word_1_26' title='bbox 1046 858 1249 925; x_wconf 91' lang='lat' dir='ltr'><strong>pollere</strong></span> <span class='ocrx_word' id='word_1_27' title='bbox 1300 867 1492 928; x_wconf 88' lang='lat' dir='ltr'><strong>suopte</strong></span> <span class='ocrx_word' id='word_1_28' title='bbox 1538 861 1796 928; x_wconf 86' lang='lat' dir='ltr'><strong>arbitrio,</strong></span> <span class='ocrx_word' id='word_1_29' title='bbox 1845 870 2006 930; x_wconf 90' lang='lat' dir='ltr'><strong>atque</strong></span> 
     </span>
    </p>
   </div>
   <div class='ocr_carea' id='block_1_6' title="bbox 439 947 2004 1009">
    <p class='ocr_par' dir='ltr' id='par_1_6' title="bbox 439 947 2004 1009">
     <span class='ocr_line' id='line_1_6' title="bbox 439 947 2004 1009; baseline 0.004 -11"><span class='ocrx_word' id='word_1_30' title='bbox 439 947 666 1000; x_wconf 87' lang='lat' dir='ltr'><strong>liberum</strong></span> <span class='ocrx_word' id='word_1_31' title='bbox 709 960 853 1009; x_wconf 90' lang='lat' dir='ltr'><strong>esse,</strong></span> <span class='ocrx_word' id='word_1_32' title='bbox 889 963 993 1001; x_wconf 91' lang='lat' dir='ltr'><strong>non</strong></span> <span class='ocrx_word' id='word_1_33' title='bbox 1032 959 1210 1002; x_wconf 90' lang='lat' dir='ltr'><strong>autem</strong></span> <span class='ocrx_word' id='word_1_34' title='bbox 1253 962 1501 1005; x_wconf 88' lang='lat' dir='ltr'><strong>naturam</strong></span> <span class='ocrx_word' id='word_1_35' title='bbox 1541 953 1736 1006; x_wconf 90' lang='lat' dir='ltr'><strong>habere</strong></span> <span class='ocrx_word' id='word_1_36' title='bbox 1772 951 2004 1007; x_wconf 88' lang='lat' dir='ltr'><strong>vinctam</strong></span> 
     </span>
    </p>
   </div>
   <div class='ocr_carea' id='block_1_7' title="bbox 433 1038 2007 1108">
    <p class='ocr_par' dir='ltr' id='par_1_7' title="bbox 433 1038 2007 1108">
     <span class='ocr_line' id='line_1_7' title="bbox 433 1038 2007 1108; baseline 0.003 -16"><span class='ocrx_word' id='word_1_37' title='bbox 433 1046 488 1092; x_wconf 90' lang='lat' dir='ltr'><strong>et</strong></span> <span class='ocrx_word' id='word_1_38' title='bbox 513 1038 827 1105; x_wconf 83' lang='lat' dir='ltr'><strong>obnoxiam,</strong></span> <span class='ocrx_word' id='word_1_39' title='bbox 852 1039 1066 1108; x_wconf 90' lang='lat' dir='ltr'><strong>qualem</strong></span> <span class='ocrx_word' id='word_1_40' title='bbox 1102 1039 1300 1094; x_wconf 78' lang='lat' dir='ltr'><strong>habent</strong></span> <span class='ocrx_word' id='word_1_41' title='bbox 1333 1042 1488 1096; x_wconf 84' lang='lat' dir='ltr'><strong>bruta</strong></span> <span class='ocrx_word' id='word_1_42' title='bbox 1522 1045 1821 1097; x_wconf 75' lang='lat' dir='ltr'><strong>animantia</strong></span> <span class='ocrx_word' id='word_1_43' title='bbox 1849 1052 1902 1097; x_wconf 92' lang='lat' dir='ltr'><strong>et</strong></span> <span class='ocrx_word' id='word_1_44' title='bbox 1929 1057 2007 1096; x_wconf 73' lang='lat' dir='ltr'><strong>ete</strong></span> 
     </span>
    </p>
   </div>
   <div class='ocr_carea' id='block_1_8' title="bbox 435 1129 2004 1203">
    <p class='ocr_par' dir='ltr' id='par_1_8' title="bbox 435 1129 2004 1203">
     <span class='ocr_line' id='line_1_8' title="bbox 435 1129 2004 1203; baseline 0.003 -21"><span class='ocrx_word' id='word_1_45' title='bbox 435 1144 526 1183; x_wconf 90' lang='lat' dir='ltr'><strong>res</strong></span> <span class='ocrx_word' id='word_1_46' title='bbox 563 1144 683 1197; x_wconf 63' lang='lat' dir='ltr'><strong>quae</strong></span> <span class='ocrx_word' id='word_1_47' title='bbox 721 1129 916 1184; x_wconf 58' lang='lat' dir='ltr'><strong>animus</strong></span> <span class='ocrx_word' id='word_1_48' title='bbox 961 1141 1210 1199; x_wconf 83' lang='lat' dir='ltr'><strong>expertes</strong></span> <span class='ocrx_word' id='word_1_49' title='bbox 1260 1141 1408 1187; x_wconf 90' lang='lat' dir='ltr'><strong>sunt.</strong></span> <span class='ocrx_word' id='word_1_50' title='bbox 1458 1134 1623 1203; x_wconf 80' lang='lat' dir='ltr'><strong>Atqui</strong></span> <span class='ocrx_word' id='word_1_51' title='bbox 1677 1133 1920 1203; x_wconf 88' lang='lat' dir='ltr'><strong>profecto</strong></span> <span class='ocrx_word' id='word_1_52' title='bbox 1959 1133 2004 1187; x_wconf 90' lang='lat' dir='ltr'><strong>si</strong></span> 
     </span>
    </p>
   </div>
   <div class='ocr_carea' id='block_1_9' title="bbox 437 1218 2006 1276">
    <p class='ocr_par' dir='ltr' id='par_1_9' title="bbox 437 1218 2006 1276">
     <span class='ocr_line' id='line_1_9' title="bbox 437 1218 2006 1276; baseline 0.002 -4"><span class='ocrx_word' id='word_1_53' title='bbox 437 1218 702 1273; x_wconf 86' lang='lat' dir='ltr'><strong>voluisset</strong></span> <span class='ocrx_word' id='word_1_54' title='bbox 758 1219 898 1273; x_wconf 89' lang='lat' dir='ltr'><strong>Dens</strong></span> <span class='ocrx_word' id='word_1_55' title='bbox 951 1219 1156 1273; x_wconf 88' lang='lat' dir='ltr'><strong>Adamo</strong></span> <span class='ocrx_word' id='word_1_56' title='bbox 1204 1221 1430 1274; x_wconf 87' lang='lat' dir='ltr'><strong>liberum</strong></span> <span class='ocrx_word' id='word_1_57' title='bbox 1485 1237 1607 1276; x_wconf 83' lang='lat' dir='ltr'><strong>esse</strong></span> <span class='ocrx_word' id='word_1_58' title='bbox 1656 1237 1814 1276; x_wconf 88' lang='lat' dir='ltr'><strong>suum</strong></span> <span class='ocrx_word' id='word_1_59' title='bbox 1857 1222 2006 1275; x_wconf 79' lang='lat' dir='ltr'><strong>arbi-</strong></span> 
     </span>
    </p>
   </div>
   <div class='ocr_carea' id='block_1_10' title="bbox 436 1299 2002 1378">
    <p class='ocr_par' dir='ltr' id='par_1_10' title="bbox 436 1299 2002 1378">
     <span class='ocr_line' id='line_1_10' title="bbox 436 1299 2002 1378; baseline 0.002 -16"><span class='ocrx_word' id='word_1_60' title='bbox 436 1310 624 1372; x_wconf 81' lang='lat' dir='ltr'><strong>trium,</strong></span> <span class='ocrx_word' id='word_1_61' title='bbox 663 1309 749 1364; x_wconf 91' lang='lat' dir='ltr'><strong>hic</strong></span> <span class='ocrx_word' id='word_1_62' title='bbox 778 1325 908 1365; x_wconf 88' lang='lat' dir='ltr'><strong>vero</strong></span> <span class='ocrx_word' id='word_1_63' title='bbox 941 1325 1045 1364; x_wconf 91' lang='lat' dir='ltr'><strong>non</strong></span> <span class='ocrx_word' id='word_1_64' title='bbox 1075 1312 1401 1368; x_wconf 85' lang='lat' dir='ltr'><strong>obtinuisset</strong></span> <span class='ocrx_word' id='word_1_65' title='bbox 1427 1314 1713 1367; x_wconf 86' lang='lat' dir='ltr'><strong>arbitrium</strong></span> <span class='ocrx_word' id='word_1_66' title='bbox 1752 1299 2002 1378; x_wconf 78' lang='lat' dir='ltr'><strong>liberum,</strong></span> 
     </span>
    </p>
   </div>
   <div class='ocr_carea' id='block_1_11' title="bbox 437 1396 2006 1470">
    <p class='ocr_par' dir='ltr' id='par_1_11' title="bbox 437 1396 2006 1470">
     <span class='ocr_line' id='line_1_11' title="bbox 437 1396 2006 1470; baseline 0.003 -18"><span class='ocrx_word' id='word_1_67' title='bbox 437 1413 612 1468; x_wconf 89' lang='lat' dir='ltr'><strong>neque</strong></span> <span class='ocrx_word' id='word_1_68' title='bbox 661 1397 706 1452; x_wconf 91' lang='lat' dir='ltr'><strong>is</strong></span> <span class='ocrx_word' id='word_1_69' title='bbox 755 1396 951 1452; x_wconf 79' lang='lat' dir='ltr'><strong>fuisset</strong></span> <span class='ocrx_word' id='word_1_70' title='bbox 1003 1414 1161 1468; x_wconf 83' lang='lat' dir='ltr'><strong>quem</strong></span> <span class='ocrx_word' id='word_1_71' title='bbox 1210 1416 1333 1455; x_wconf 73' lang='lat' dir='ltr'><strong>esse</strong></span> <span class='ocrx_word' id='word_1_72' title='bbox 1382 1402 1595 1456; x_wconf 89' lang='lat' dir='ltr'><strong>volebat</strong></span> <span class='ocrx_word' id='word_1_73' title='bbox 1641 1402 1762 1470; x_wconf 82' lang='lat' dir='ltr'><strong>ejus</strong></span> <span class='ocrx_word' id='word_1_74' title='bbox 1811 1417 2006 1470; x_wconf 88' lang='lat' dir='ltr'><strong>parens</strong></span> 
     </span>
    </p>
   </div>
   <div class='ocr_carea' id='block_1_12' title="bbox 434 1489 2006 1558">
    <p class='ocr_par' dir='ltr' id='par_1_12' title="bbox 434 1489 2006 1558">
     <span class='ocr_line' id='line_1_12' title="bbox 434 1489 2006 1558; baseline 0.003 -14"><span class='ocrx_word' id='word_1_75' title='bbox 434 1489 599 1554; x_wconf 88' lang='lat' dir='ltr'><strong>Deus,</strong></span> <span class='ocrx_word' id='word_1_76' title='bbox 646 1489 739 1544; x_wconf 88' lang='lat' dir='ltr'><strong>sed</strong></span> <span class='ocrx_word' id='word_1_77' title='bbox 785 1505 1010 1558; x_wconf 83' lang='lat' dir='ltr'><strong>prorsus</strong></span> <span class='ocrx_word' id='word_1_78' title='bbox 1060 1490 1222 1552; x_wconf 88' lang='lat' dir='ltr'><strong>alius.</strong></span> <span class='ocrx_word' id='word_1_79' title='bbox 1255 1507 1317 1546; x_wconf 90' lang='lat' dir='ltr'><strong>ac</strong></span> <span class='ocrx_word' id='word_1_80' title='bbox 1365 1501 1479 1546; x_wconf 81' lang='lat' dir='ltr'><strong>tum</strong></span> <span class='ocrx_word' id='word_1_81' title='bbox 1529 1493 1744 1547; x_wconf 88' lang='lat' dir='ltr'><strong>demum</strong></span> <span class='ocrx_word' id='word_1_82' title='bbox 1785 1494 1873 1548; x_wconf 89' lang='lat' dir='ltr'><strong>isti</strong></span> <span class='ocrx_word' id='word_1_83' title='bbox 1909 1509 2006 1548; x_wconf 82' lang='lat' dir='ltr'><strong>ca-</strong></span> 
     </span>
    </p>
   </div>
   <div class='ocr_carea' id='block_1_13' title="bbox 434 1581 2006 1640">
    <p class='ocr_par' dir='ltr' id='par_1_13' title="bbox 434 1581 2006 1640">
     <span class='ocr_line' id='line_1_13' title="bbox 434 1581 2006 1640; baseline 0.003 -4"><span class='ocrx_word' id='word_1_84' title='bbox 434 1583 654 1636; x_wconf 75' lang='lat' dir='ltr'><strong>lumnite</strong></span> <span class='ocrx_word' id='word_1_85' title='bbox 706 1583 857 1636; x_wconf 89' lang='lat' dir='ltr'><strong>locus</strong></span> <span class='ocrx_word' id='word_1_86' title='bbox 909 1581 1122 1636; x_wconf 81' lang='lat' dir='ltr'><strong>fuisset.</strong></span> <span class='ocrx_word' id='word_1_87' title='bbox 1180 1581 1281 1638; x_wconf 91' lang='lat' dir='ltr'><strong>Sed</strong></span> <span class='ocrx_word' id='word_1_88' title='bbox 1339 1585 1506 1638; x_wconf 86' lang='lat' dir='ltr'><strong>instat</strong></span> <span class='ocrx_word' id='word_1_89' title='bbox 1557 1584 1741 1638; x_wconf 86' lang='lat' dir='ltr'><strong>Simon</strong></span> <span class='ocrx_word' id='word_1_90' title='bbox 1801 1603 1813 1639; x_wconf 95' lang='lat'>:</span> <span class='ocrx_word' id='word_1_91' title='bbox 1863 1586 2006 1640; x_wconf 87' lang='lat' dir='ltr'><strong>Deus</strong></span> 
     </span>
    </p>
   </div>
   <div class='ocr_carea' id='block_1_14' title="bbox 440 1674 2006 1746">
    <p class='ocr_par' dir='ltr' id='par_1_14' title="bbox 440 1674 2006 1746">
     <span class='ocr_line' id='line_1_14' title="bbox 440 1674 2006 1746; baseline 0.004 -20"><span class='ocrx_word' id='word_1_92' title='bbox 440 1675 658 1728; x_wconf 87' lang='lat' dir='ltr'><strong>volebat</strong></span> <span class='ocrx_word' id='word_1_93' title='bbox 687 1690 753 1728; x_wconf 90' lang='lat' dir='ltr'><strong>ne</strong></span> <span class='ocrx_word' id='word_1_94' title='bbox 771 1674 952 1728; x_wconf 88' lang='lat' dir='ltr'><strong>ederet</strong></span> <span class='ocrx_word' id='word_1_95' title='bbox 987 1675 1226 1729; x_wconf 88' lang='lat' dir='ltr'><strong>Adamus</strong></span> <span class='ocrx_word' id='word_1_96' title='bbox 1254 1676 1319 1730; x_wconf 92' lang='lat' dir='ltr'><strong>de</strong></span> <span class='ocrx_word' id='word_1_97' title='bbox 1349 1675 1436 1729; x_wconf 88' lang='lat' dir='ltr'><strong>illa</strong></span> <span class='ocrx_word' id='word_1_98' title='bbox 1467 1678 1698 1740; x_wconf 88' lang='lat' dir='ltr'><strong>arbore;</strong></span> <span class='ocrx_word' id='word_1_99' title='bbox 1728 1679 1846 1746; x_wconf 72' lang='lat' dir='ltr'><strong>atis</strong></span> <span class='ocrx_word' id='word_1_100' title='bbox 1873 1679 2006 1745; x_wconf 86' lang='lat' dir='ltr'><strong>edit,</strong></span> 
     </span>
    </p>
   </div>
   <div class='ocr_carea' id='block_1_15' title="bbox 436 1766 2002 1835">
    <p class='ocr_par' dir='ltr' id='par_1_15' title="bbox 436 1766 2002 1835">
     <span class='ocr_line' id='line_1_15' title="bbox 436 1766 2002 1835; baseline 0.002 -15"><span class='ocrx_word' id='word_1_101' title='bbox 436 1783 541 1820; x_wconf 91' lang='lat' dir='ltr'><strong>non</strong></span> <span class='ocrx_word' id='word_1_102' title='bbox 589 1782 717 1833; x_wconf 69' lang='lat' dir='ltr'><strong>ergo</strong></span> <span class='ocrx_word' id='word_1_103' title='bbox 768 1767 970 1819; x_wconf 85' lang='lat' dir='ltr'><strong>mansit</strong></span> <span class='ocrx_word' id='word_1_104' title='bbox 1017 1766 1232 1835; x_wconf 87' lang='lat' dir='ltr'><strong>qualem</strong></span> <span class='ocrx_word' id='word_1_105' title='bbox 1293 1783 1515 1822; x_wconf 87' lang='lat' dir='ltr'><strong>manere</strong></span> <span class='ocrx_word' id='word_1_106' title='bbox 1565 1767 1778 1822; x_wconf 89' lang='lat' dir='ltr'><strong>volebat</strong></span> <span class='ocrx_word' id='word_1_107' title='bbox 1824 1769 2002 1835; x_wconf 88' lang='lat' dir='ltr'><strong>Deus;</strong></span> 
     </span>
    </p>
   </div>
   <div class='ocr_carea' id='block_1_16' title="bbox 434 1859 2009 1928">
    <p class='ocr_par' dir='ltr' id='par_1_16' title="bbox 434 1859 2009 1928">
     <span class='ocr_line' id='line_1_16' title="bbox 434 1859 2009 1928; baseline 0 -14"><span class='ocrx_word' id='word_1_108' title='bbox 434 1859 724 1914; x_wconf 82' lang='lat' dir='ltr'><strong>coniicitur</strong></span> <span class='ocrx_word' id='word_1_109' title='bbox 757 1873 884 1928; x_wconf 89' lang='lat' dir='ltr'><strong>ergo</strong></span> <span class='ocrx_word' id='word_1_110' title='bbox 920 1874 1108 1927; x_wconf 87' lang='lat' dir='ltr'><strong>parum</strong></span> <span class='ocrx_word' id='word_1_111' title='bbox 1150 1868 1421 1927; x_wconf 82' lang='lat' dir='ltr'><strong>potentem</strong></span> <span class='ocrx_word' id='word_1_112' title='bbox 1459 1860 1630 1914; x_wconf 90' lang='lat' dir='ltr'><strong>fuisse</strong></span> <span class='ocrx_word' id='word_1_113' title='bbox 1673 1861 1804 1915; x_wconf 63' lang='lat' dir='ltr'><strong>Adae</strong></span> <span class='ocrx_word' id='word_1_114' title='bbox 1843 1861 2009 1916; x_wconf 87' lang='lat' dir='ltr'><strong>Crea-</strong></span> 
     </span>
    </p>
   </div>
   <div class='ocr_carea' id='block_1_17' title="bbox 436 1951 2006 2021">
    <p class='ocr_par' dir='ltr' id='par_1_17' title="bbox 436 1951 2006 2021">
     <span class='ocr_line' id='line_1_17' title="bbox 436 1951 2006 2021; baseline 0.001 -16"><span class='ocrx_word' id='word_1_115' title='bbox 436 1962 631 2006; x_wconf 92' lang='lat' dir='ltr'><strong>torem.</strong></span> <span class='ocrx_word' id='word_1_116' title='bbox 683 1951 794 2004; x_wconf 91' lang='lat' dir='ltr'><strong>lmo</strong></span> <span class='ocrx_word' id='word_1_117' title='bbox 846 1966 974 2004; x_wconf 91' lang='lat' dir='ltr'><strong>vero</strong></span> <span class='ocrx_word' id='word_1_118' title='bbox 1010 1951 1057 2004; x_wconf 86' lang='lat' dir='ltr'><strong>id</strong></span> <span class='ocrx_word' id='word_1_119' title='bbox 1104 1951 1280 2018; x_wconf 85' lang='lat' dir='ltr'><strong>ipsum</strong></span> <span class='ocrx_word' id='word_1_120' title='bbox 1327 1953 1471 2021; x_wconf 90' lang='lat' dir='ltr'><strong>quod</strong></span> <span class='ocrx_word' id='word_1_121' title='bbox 1521 1953 1631 2007; x_wconf 92' lang='lat' dir='ltr'><strong>edit</strong></span> <span class='ocrx_word' id='word_1_122' title='bbox 1679 1954 1744 2006; x_wconf 88' lang='lat' dir='ltr'><strong>de</strong></span> <span class='ocrx_word' id='word_1_123' title='bbox 1791 1955 2006 2020; x_wconf 86' lang='lat' dir='ltr'><strong>arbore,</strong></span> 
     </span>
    </p>
   </div>
   <div class='ocr_carea' id='block_1_18' title="bbox 436 2042 2006 2113">
    <p class='ocr_par' dir='ltr' id='par_1_18' title="bbox 436 2042 2006 2113">
     <span class='ocr_line' id='line_1_18' title="bbox 436 2042 2006 2113; baseline 0.002 -16"><span class='ocrx_word' id='word_1_124' title='bbox 436 2052 760 2111; x_wconf 83' lang='lat' dir='ltr'><strong>argumento</strong></span> <span class='ocrx_word' id='word_1_125' title='bbox 794 2050 878 2096; x_wconf 92' lang='lat' dir='ltr'><strong>est</strong></span> <span class='ocrx_word' id='word_1_126' title='bbox 915 2042 1182 2096; x_wconf 87' lang='lat' dir='ltr'><strong>mansisse</strong></span> <span class='ocrx_word' id='word_1_127' title='bbox 1214 2044 1429 2113; x_wconf 85' lang='lat' dir='ltr'><strong>qualem</strong></span> <span class='ocrx_word' id='word_1_128' title='bbox 1466 2044 1680 2099; x_wconf 90' lang='lat' dir='ltr'><strong>volebat</strong></span> <span class='ocrx_word' id='word_1_129' title='bbox 1715 2044 1856 2100; x_wconf 90' lang='lat' dir='ltr'><strong>Deus</strong></span> <span class='ocrx_word' id='word_1_130' title='bbox 1888 2060 2006 2100; x_wconf 85' lang='lat' dir='ltr'><strong>ma-</strong></span> 
     </span>
    </p>
   </div>
   <div class='ocr_carea' id='block_1_19' title="bbox 435 2135 2004 2201">
    <p class='ocr_par' dir='ltr' id='par_1_19' title="bbox 435 2135 2004 2201">
     <span class='ocr_line' id='line_1_19' title="bbox 435 2135 2004 2201; baseline 0.003 -13"><span class='ocrx_word' id='word_1_131' title='bbox 435 2151 565 2189; x_wconf 83' lang='lat' dir='ltr'><strong>nere</strong></span> <span class='ocrx_word' id='word_1_132' title='bbox 605 2153 617 2188; x_wconf 93' lang='lat'><strong>:</strong></span> <span class='ocrx_word' id='word_1_133' title='bbox 661 2149 723 2188; x_wconf 89' lang='lat' dir='ltr'><strong>ea</strong></span> <span class='ocrx_word' id='word_1_134' title='bbox 776 2136 920 2188; x_wconf 62' lang='lat' dir='ltr'><strong>enim</strong></span> <span class='ocrx_word' id='word_1_135' title='bbox 975 2143 1093 2188; x_wconf 90' lang='lat' dir='ltr'><strong>erat</strong></span> <span class='ocrx_word' id='word_1_136' title='bbox 1146 2135 1237 2188; x_wconf 88' lang='lat' dir='ltr'><strong>Dei</strong></span> <span class='ocrx_word' id='word_1_137' title='bbox 1290 2136 1562 2200; x_wconf 77' lang='lat' dir='ltr'><strong>voluntas,</strong></span> <span class='ocrx_word' id='word_1_138' title='bbox 1611 2147 1668 2190; x_wconf 90' lang='lat' dir='ltr'><strong>ut</strong></span> <span class='ocrx_word' id='word_1_139' title='bbox 1713 2146 2004 2201; x_wconf 83' lang='lat' dir='ltr'><strong>constaret,</strong></span> 
     </span>
    </p>
   </div>
   <div class='ocr_carea' id='block_1_20' title="bbox 434 2224 2006 2295">
    <p class='ocr_par' dir='ltr' id='par_1_20' title="bbox 434 2224 2006 2295">
     <span class='ocr_line' id='line_1_20' title="bbox 434 2224 2006 2295; baseline 0.002 -16"><span class='ocrx_word' id='word_1_140' title='bbox 434 2226 701 2279; x_wconf 82' lang='lat' dir='ltr'><strong>Adamum</strong></span> <span class='ocrx_word' id='word_1_141' title='bbox 747 2239 868 2280; x_wconf 87' lang='lat' dir='ltr'><strong>esse</strong></span> <span class='ocrx_word' id='word_1_142' title='bbox 915 2224 1146 2278; x_wconf 90' lang='lat' dir='ltr'><strong>liberum</strong></span> <span class='ocrx_word' id='word_1_143' title='bbox 1196 2233 1358 2295; x_wconf 88' lang='lat' dir='ltr'><strong>atque</strong></span> <span class='ocrx_word' id='word_1_144' title='bbox 1402 2242 1523 2280; x_wconf 92' lang='lat' dir='ltr'><strong>cum</strong></span> <span class='ocrx_word' id='word_1_145' title='bbox 1565 2228 1735 2281; x_wconf 91' lang='lat' dir='ltr'><strong>libero</strong></span> <span class='ocrx_word' id='word_1_146' title='bbox 1782 2227 2006 2283; x_wconf 90' lang='lat' dir='ltr'><strong>arbitrio</strong></span> 
     </span>
    </p>
   </div>
   <div class='ocr_carea' id='block_1_21' title="bbox 439 2316 2006 2388">
    <p class='ocr_par' dir='ltr' id='par_1_21' title="bbox 439 2316 2006 2388">
     <span class='ocr_line' id='line_1_21' title="bbox 439 2316 2006 2388; baseline 0.001 -17"><span class='ocrx_word' id='word_1_147' title='bbox 439 2318 763 2382; x_wconf 90' lang='lat' dir='ltr'><strong>conditum;</strong></span> <span class='ocrx_word' id='word_1_148' title='bbox 803 2316 963 2386; x_wconf 84' lang='lat' dir='ltr'><strong>idque</strong></span> <span class='ocrx_word' id='word_1_149' title='bbox 996 2327 1145 2371; x_wconf 90' lang='lat' dir='ltr'><strong>certo</strong></span> <span class='ocrx_word' id='word_1_150' title='bbox 1191 2317 1262 2371; x_wconf 90' lang='lat' dir='ltr'><strong>ita</strong></span> <span class='ocrx_word' id='word_1_151' title='bbox 1299 2333 1356 2371; x_wconf 91' lang='lat' dir='ltr'><strong>se</strong></span> <span class='ocrx_word' id='word_1_152' title='bbox 1390 2319 1588 2373; x_wconf 86' lang='lat' dir='ltr'><strong>habere</strong></span> <span class='ocrx_word' id='word_1_153' title='bbox 1627 2320 1750 2372; x_wconf 91' lang='lat' dir='ltr'><strong>inde</strong></span> <span class='ocrx_word' id='word_1_154' title='bbox 1783 2320 2006 2388; x_wconf 82' lang='lat' dir='ltr'><strong>potissi-</strong></span> 
     </span>
    </p>
   </div>
   <div class='ocr_carea' id='block_1_22' title="bbox 439 2407 2004 2479">
    <p class='ocr_par' dir='ltr' id='par_1_22' title="bbox 439 2407 2004 2479">
     <span class='ocr_line' id='line_1_22' title="bbox 439 2407 2004 2479; baseline 0.002 -16"><span class='ocrx_word' id='word_1_155' title='bbox 439 2425 584 2463; x_wconf 90' lang='lat' dir='ltr'><strong>mum</strong></span> <span class='ocrx_word' id='word_1_156' title='bbox 635 2409 760 2464; x_wconf 80' lang='lat' dir='ltr'><strong>Stiri</strong></span> <span class='ocrx_word' id='word_1_157' title='bbox 816 2407 993 2477; x_wconf 91' lang='lat' dir='ltr'><strong>potuit</strong></span> <span class='ocrx_word' id='word_1_158' title='bbox 1038 2409 1183 2477; x_wconf 90' lang='lat' dir='ltr'><strong>qttod</strong></span> <span class='ocrx_word' id='word_1_159' title='bbox 1233 2420 1517 2479; x_wconf 87' lang='lat' dir='ltr'><strong>appareret</strong></span> <span class='ocrx_word' id='word_1_160' title='bbox 1571 2411 1623 2463; x_wconf 90' lang='lat' dir='ltr'><strong>in</strong></span> <span class='ocrx_word' id='word_1_161' title='bbox 1665 2412 1835 2479; x_wconf 90' lang='lat' dir='ltr'><strong>ipsius</strong></span> <span class='ocrx_word' id='word_1_162' title='bbox 1884 2426 2004 2466; x_wconf 87' lang='lat' dir='ltr'><strong>esse</strong></span> 
     </span>
    </p>
   </div>
   <div class='ocr_carea' id='block_1_23' title="bbox 434 2500 2004 2570">
    <p class='ocr_par' dir='ltr' id='par_1_23' title="bbox 434 2500 2004 2570">
     <span class='ocr_line' id='line_1_23' title="bbox 434 2500 2004 2570; baseline 0 -16"><span class='ocrx_word' id='word_1_163' title='bbox 434 2502 666 2570; x_wconf 79' lang='lat' dir='ltr'><strong>positum</strong></span> <span class='ocrx_word' id='word_1_164' title='bbox 719 2500 973 2554; x_wconf 87' lang='lat' dir='ltr'><strong>facultate</strong></span> <span class='ocrx_word' id='word_1_165' title='bbox 1023 2511 1076 2554; x_wconf 91' lang='lat' dir='ltr'><strong>et</strong></span> <span class='ocrx_word' id='word_1_166' title='bbox 1127 2501 1290 2555; x_wconf 88' lang='lat' dir='ltr'><strong>edere</strong></span> <span class='ocrx_word' id='word_1_167' title='bbox 1336 2510 1388 2556; x_wconf 90' lang='lat' dir='ltr'><strong>et</strong></span> <span class='ocrx_word' id='word_1_168' title='bbox 1439 2516 1546 2554; x_wconf 84' lang='lat' dir='ltr'><strong>non</strong></span> <span class='ocrx_word' id='word_1_169' title='bbox 1599 2501 1759 2556; x_wconf 90' lang='lat' dir='ltr'><strong>edere</strong></span> <span class='ocrx_word' id='word_1_170' title='bbox 1805 2504 1871 2554; x_wconf 90' lang='lat' dir='ltr'><strong>de</strong></span> <span class='ocrx_word' id='word_1_171' title='bbox 1915 2502 2004 2554; x_wconf 87' lang='lat' dir='ltr'><strong>illa</strong></span> 
     </span>
    </p>
   </div>
   <div class='ocr_carea' id='block_1_24' title="bbox 437 2592 2007 2664">
    <p class='ocr_par' dir='ltr' id='par_1_24' title="bbox 437 2592 2007 2664">
     <span class='ocr_line' id='line_1_24' title="bbox 437 2592 2007 2664; baseline -0.001 -16"><span class='ocrx_word' id='word_1_172' title='bbox 437 2596 661 2662; x_wconf 89' lang='lat' dir='ltr'><strong>arbore;</strong></span> <span class='ocrx_word' id='word_1_173' title='bbox 693 2597 974 2664; x_wconf 80' lang='lat' dir='ltr'><strong>legemque</strong></span> <span class='ocrx_word' id='word_1_174' title='bbox 1000 2594 1081 2647; x_wconf 92' lang='lat' dir='ltr'><strong>vel</strong></span> <span class='ocrx_word' id='word_1_175' title='bbox 1111 2594 1403 2648; x_wconf 85' lang='lat' dir='ltr'><strong>observare</strong></span> <span class='ocrx_word' id='word_1_176' title='bbox 1431 2595 1508 2649; x_wconf 89' lang='lat' dir='ltr'><strong>vel</strong></span> <span class='ocrx_word' id='word_1_177' title='bbox 1540 2594 1758 2647; x_wconf 90' lang='lat' dir='ltr'><strong>violare.</strong></span> <span class='ocrx_word' id='word_1_178' title='bbox 1785 2592 2007 2646; x_wconf 87' lang='lat' dir='ltr'><strong>Postea-</strong></span> 
     </span>
    </p>
   </div>
   <div class='ocr_carea' id='block_1_25' title="bbox 371 2684 2006 2754">
    <p class='ocr_par' dir='ltr' id='par_1_25' title="bbox 371 2684 2006 2754">
     <span class='ocr_line' id='line_1_25' title="bbox 371 2684 2006 2754; baseline 0 -16"><span class='ocrx_word' id='word_1_179' title='bbox 371 2700 376 2705; x_wconf 90' lang='grc'><strong>·</strong></span> <span class='ocrx_word' id='word_1_180' title='bbox 436 2699 598 2752; x_wconf 90' lang='lat' dir='ltr'><strong>quam</strong></span> <span class='ocrx_word' id='word_1_181' title='bbox 634 2685 792 2753; x_wconf 81' lang='lat' dir='ltr'><strong>igitur</strong></span> <span class='ocrx_word' id='word_1_182' title='bbox 838 2684 1026 2754; x_wconf 86' lang='lat' dir='ltr'><strong>jussus</strong></span> <span class='ocrx_word' id='word_1_183' title='bbox 1071 2684 1343 2739; x_wconf 85' lang='lat' dir='ltr'><strong>abstinere</strong></span> <span class='ocrx_word' id='word_1_184' title='bbox 1375 2700 1480 2740; x_wconf 88' lang='lat' dir='ltr'><strong>non</strong></span> <span class='ocrx_word' id='word_1_185' title='bbox 1517 2685 1806 2751; x_wconf 86' lang='lat' dir='ltr'><strong>abstinuit,</strong></span> <span class='ocrx_word' id='word_1_186' title='bbox 1840 2685 2006 2738; x_wconf 91' lang='lat' dir='ltr'><strong>libero</strong></span> 
     </span>
    </p>
   </div>
   <div class='ocr_carea' id='block_1_26' title="bbox 439 2777 2006 2847">
    <p class='ocr_par' dir='ltr' id='par_1_26' title="bbox 439 2777 2006 2847">
     <span class='ocr_line' id='line_1_26' title="bbox 439 2777 2006 2847; baseline 0.002 -20"><span class='ocrx_word' id='word_1_187' title='bbox 439 2791 662 2844; x_wconf 87' lang='lat' dir='ltr'><strong>prorsus</strong></span> <span class='ocrx_word' id='word_1_188' title='bbox 695 2778 922 2831; x_wconf 88' lang='lat' dir='ltr'><strong>arbitrio</strong></span> <span class='ocrx_word' id='word_1_189' title='bbox 949 2792 1007 2832; x_wconf 89' lang='lat' dir='ltr'><strong>se</strong></span> <span class='ocrx_word' id='word_1_190' title='bbox 1035 2778 1270 2832; x_wconf 69' lang='lat' dir='ltr'><strong>ostendit</strong></span> <span class='ocrx_word' id='word_1_191' title='bbox 1301 2778 1584 2847; x_wconf 74' lang='lat' dir='ltr'><strong>praeditum</strong></span> <span class='ocrx_word' id='word_1_192' title='bbox 1615 2793 1757 2842; x_wconf 90' lang='lat' dir='ltr'><strong>esse,</strong></span> <span class='ocrx_word' id='word_1_193' title='bbox 1789 2777 2006 2846; x_wconf 88' lang='lat' dir='ltr'><strong>qualem</strong></span> 
     </span>
    </p>
   </div>
   <div class='ocr_carea' id='block_1_27' title="bbox 377 2867 2003 2935">
    <p class='ocr_par' dir='ltr' id='par_1_27' title="bbox 377 2867 2003 2935">
     <span class='ocr_line' id='line_1_27' title="bbox 377 2867 2003 2935; baseline 0.003 -17"><span class='ocrx_word' id='word_1_194' title='bbox 377 2905 384 2912; x_wconf 90' lang='lat'><strong>.</strong></span> <span class='ocrx_word' id='word_1_195' title='bbox 439 2867 610 2935; x_wconf 89' lang='lat' dir='ltr'><strong>ipsius</strong></span> <span class='ocrx_word' id='word_1_196' title='bbox 653 2869 872 2923; x_wconf 77' lang='lat' dir='ltr'><strong>cﬂ‘eetor</strong></span> <span class='ocrx_word' id='word_1_197' title='bbox 919 2869 1060 2924; x_wconf 92' lang='lat' dir='ltr'><strong>Deus</strong></span> <span class='ocrx_word' id='word_1_198' title='bbox 1099 2878 1152 2925; x_wconf 90' lang='lat' dir='ltr'><strong>et</strong></span> <span class='ocrx_word' id='word_1_199' title='bbox 1197 2885 1321 2924; x_wconf 90' lang='lat' dir='ltr'><strong>esse</strong></span> <span class='ocrx_word' id='word_1_200' title='bbox 1371 2878 1424 2924; x_wconf 89' lang='lat' dir='ltr'><strong>et</strong></span> <span class='ocrx_word' id='word_1_201' title='bbox 1471 2886 1690 2925; x_wconf 88' lang='lat' dir='ltr'><strong>manere</strong></span> <span class='ocrx_word' id='word_1_202' title='bbox 1737 2871 2003 2924; x_wconf 89' lang='lat' dir='ltr'><strong>voluerat.</strong></span> 
     </span>
    </p>
   </div>
   <div class='ocr_carea' id='block_1_28' title="bbox 440 2957 2006 3026">
    <p class='ocr_par' dir='ltr' id='par_1_28' title="bbox 440 2957 2006 3026">
     <span class='ocr_line' id='line_1_28' title="bbox 440 2957 2006 3026; baseline 0.004 -17"><span class='ocrx_word' id='word_1_203' title='bbox 440 2957 623 3026; x_wconf 84' lang='lat' dir='ltr'><strong>Neque</strong></span> <span class='ocrx_word' id='word_1_204' title='bbox 672 2972 800 3011; x_wconf 89' lang='lat' dir='ltr'><strong>vero</strong></span> <span class='ocrx_word' id='word_1_205' title='bbox 848 2959 1089 3013; x_wconf 88' lang='lat' dir='ltr'><strong>Adamus</strong></span> <span class='ocrx_word' id='word_1_206' title='bbox 1139 2960 1462 3014; x_wconf 77' lang='lat' dir='ltr'><strong>vescebatur</strong></span> <span class='ocrx_word' id='word_1_207' title='bbox 1507 2977 1569 3014; x_wconf 87' lang='lat' dir='ltr'><strong>ea</strong></span> <span class='ocrx_word' id='word_1_208' title='bbox 1614 2963 1829 3023; x_wconf 84' lang='lat' dir='ltr'><strong>arbore,</strong></span> <span class='ocrx_word' id='word_1_209' title='bbox 1865 2965 2006 3016; x_wconf 86' lang='lat' dir='ltr'><strong>victa</strong></span> 
     </span>
    </p>
   </div>
   <div class='ocr_carea' id='block_1_29' title="bbox 440 3051 2006 3119">
    <p class='ocr_par' dir='ltr' id='par_1_29' title="bbox 440 3051 2006 3119">
     <span class='ocr_line' id='line_1_29' title="bbox 440 3051 2006 3119; baseline 0.002 -16"><span class='ocrx_word' id='word_1_210' title='bbox 440 3060 803 3119; x_wconf 89' lang='lat' dir='ltr'><strong>supetataque</strong></span> <span class='ocrx_word' id='word_1_211' title='bbox 832 3051 1144 3108; x_wconf 80' lang='lat' dir='ltr'><strong>Conditoris</strong></span> <span class='ocrx_word' id='word_1_212' title='bbox 1176 3051 1268 3106; x_wconf 89' lang='lat' dir='ltr'><strong>Dei</strong></span> <span class='ocrx_word' id='word_1_213' title='bbox 1295 3053 1597 3119; x_wconf 82' lang='lat' dir='ltr'><strong>voluntate;</strong></span> <span class='ocrx_word' id='word_1_214' title='bbox 1631 3053 1722 3108; x_wconf 91' lang='lat' dir='ltr'><strong>sed</strong></span> <span class='ocrx_word' id='word_1_215' title='bbox 1750 3055 2006 3107; x_wconf 88' lang='lat' dir='ltr'><strong>Creatore</strong></span> 
     </span>
    </p>
   </div>
   <div class='ocr_carea' id='block_1_30' title="bbox 1565 377 2598 442">
    <p class='ocr_par' dir='ltr' id='par_1_30' title="bbox 1565 377 2598 442">
     <span class='ocr_line' id='line_1_30' title="bbox 1565 377 2598 442; baseline 0.004 -6"><span class='ocrx_word' id='word_1_216' title='bbox 1565 379 1659 436; x_wconf 87' lang='lat' dir='ltr'><strong>DE</strong></span> <span class='ocrx_word' id='word_1_217' title='bbox 1700 377 2094 438; x_wconf 77' lang='lat' dir='ltr'><strong>PARADISO.</strong></span> <span class='ocrx_word' id='word_1_218' title='bbox 2137 401 2200 416; x_wconf 71' lang='lat'><strong><em>—</em></strong></span> <span class='ocrx_word' id='word_1_219' title='bbox 2242 378 2435 439; x_wconf 73' lang='lat' dir='ltr'><strong>PARS</strong></span> <span class='ocrx_word' id='word_1_220' title='bbox 2479 380 2598 442; x_wconf 82' lang='grc' dir='ltr'><strong>ΙΙΙ.</strong></span> 
     </span>
    </p>
   </div>
   <div class='ocr_carea' id='block_1_31' title="bbox 435 489 3080 567">
    <p class='ocr_par' dir='ltr' id='par_1_31' title="bbox 435 489 3080 567">
     <span class='ocr_line' id='line_1_31' title="bbox 435 489 3080 567; baseline 0.004 -25"><span class='ocrx_word' id='word_1_221' title='bbox 435 498 609 557; x_wconf 83' lang='lat' dir='ltr'><strong>neqhe</strong></span> <span class='ocrx_word' id='word_1_222' title='bbox 659 489 804 542; x_wconf 85' lang='lat' dir='ltr'><strong>enim</strong></span> <span class='ocrx_word' id='word_1_223' title='bbox 855 489 1063 545; x_wconf 75' lang='lat' dir='ltr'><strong>efficere</strong></span> <span class='ocrx_word' id='word_1_224' title='bbox 1114 493 1286 560; x_wconf 87' lang='lat' dir='ltr'><strong>potuit</strong></span> <span class='ocrx_word' id='word_1_225' title='bbox 1337 501 1389 548; x_wconf 90' lang='lat' dir='ltr'><strong>ut</strong></span> <span class='ocrx_word' id='word_1_226' title='bbox 1445 505 1689 550; x_wconf 86' lang='lat' dir='ltr'><strong>maneret</strong></span> <span class='ocrx_word' id='word_1_227' title='bbox 1734 496 2077 562; x_wconf 74' lang='lat' dir='ltr'><strong>Adatnus,A</strong></span> <span class='ocrx_word' id='word_1_228' title='bbox 2173 495 2229 550; x_wconf 91' lang='lat' dir='ltr'><strong>Si</strong></span> <span class='ocrx_word' id='word_1_229' title='bbox 2289 507 2594 566; x_wconf 84' lang='lat' dir='ltr'><strong>propterea,</strong></span> <span class='ocrx_word' id='word_1_230' title='bbox 2640 496 2828 551; x_wconf 89' lang='lat' dir='ltr'><strong>Simon</strong></span> <span class='ocrx_word' id='word_1_231' title='bbox 2910 499 3080 567; x_wconf 77' lang='lat' dir='ltr'><strong>Mage,</strong></span> 
     </span>
    </p>
   </div>
   <div class='ocr_carea' id='block_1_32' title="bbox 3584 384 3691 448">
    <p class='ocr_par' dir='ltr' id='par_1_32' title="bbox 3584 384 3691 448">
     <span class='ocr_line' id='line_1_32' title="bbox 3584 384 3691 448; baseline 0.009 -1"><span class='ocrx_word' id='word_1_232' title='bbox 3584 384 3691 448; x_wconf 59' lang='grc' dir='ltr'><strong>5φὲ</strong></span> 
     </span>
    </p>
   </div>
   <div class='ocr_carea' id='block_1_33' title="bbox 3160 500 3679 558">
    <p class='ocr_par' dir='ltr' id='par_1_33' title="bbox 3160 500 3679 558">
     <span class='ocr_line' id='line_1_33' title="bbox 3160 500 3679 558; baseline 0.012 -6"><span class='ocrx_word' id='word_1_233' title='bbox 3160 500 3326 555; x_wconf 87' lang='lat' dir='ltr'><strong>Deum</strong></span> <span class='ocrx_word' id='word_1_234' title='bbox 3384 503 3679 558; x_wconf 86' lang='lat' dir='ltr'><strong>invalidum</strong></span> 
     </span>
    </p>
   </div>
   <div class='ocr_carea' id='block_1_34' title="bbox 2111 588 3682 659">
    <p class='ocr_par' dir='ltr' id='par_1_34' title="bbox 2111 588 3682 659">
     <span class='ocr_line' id='line_1_34' title="bbox 2111 588 3682 659; baseline 0.004 -17"><span class='ocrx_word' id='word_1_235' title='bbox 2111 602 2272 642; x_wconf 86' lang='lat' dir='ltr'><strong>vocas</strong></span> <span class='ocrx_word' id='word_1_236' title='bbox 2304 588 2432 656; x_wconf 85' lang='lat' dir='ltr'><strong>quia</strong></span> <span class='ocrx_word' id='word_1_237' title='bbox 2483 589 2748 643; x_wconf 88' lang='lat' dir='ltr'><strong>Adamutn</strong></span> <span class='ocrx_word' id='word_1_238' title='bbox 2802 606 2922 644; x_wconf 92' lang='lat' dir='ltr'><strong>cutn</strong></span> <span class='ocrx_word' id='word_1_239' title='bbox 2979 591 3150 646; x_wconf 88' lang='lat' dir='ltr'><strong>libero</strong></span> <span class='ocrx_word' id='word_1_240' title='bbox 3188 592 3414 646; x_wconf 87' lang='lat' dir='ltr'><strong>arbitrio</strong></span> <span class='ocrx_word' id='word_1_241' title='bbox 3459 597 3682 659; x_wconf 67' lang='lat' dir='ltr'><strong>creavit,</strong></span> 
     </span>
    </p>
   </div>
   <div class='ocr_carea' id='block_1_35' title="bbox 2109 680 3680 749">
    <p class='ocr_par' dir='ltr' id='par_1_35' title="bbox 2109 680 3680 749">
     <span class='ocr_line' id='line_1_35' title="bbox 2109 680 3680 749; baseline 0.004 -16"><span class='ocrx_word' id='word_1_242' title='bbox 2109 697 2220 748; x_wconf 88' lang='lat' dir='ltr'><strong>quo</strong></span> <span class='ocrx_word' id='word_1_243' title='bbox 2267 681 2356 734; x_wconf 91' lang='lat' dir='ltr'><strong>ille</strong></span> <span class='ocrx_word' id='word_1_244' title='bbox 2407 680 2684 749; x_wconf 64' lang='lat' dir='ltr'><strong>praeditus,</strong></span> <span class='ocrx_word' id='word_1_245' title='bbox 2736 683 2996 738; x_wconf 86' lang='lat' dir='ltr'><strong>adversus</strong></span> <span class='ocrx_word' id='word_1_246' title='bbox 3043 684 3227 740; x_wconf 16' lang='lat' dir='ltr'><strong>edictas</strong></span> <span class='ocrx_word' id='word_1_247' title='bbox 3267 684 3544 741; x_wconf 88' lang='lat' dir='ltr'><strong>Creatoris</strong></span> <span class='ocrx_word' id='word_1_248' title='bbox 3597 689 3680 742; x_wconf 88' lang='lat' dir='ltr'><strong>sui</strong></span> 
     </span>
    </p>
   </div>
   <div class='ocr_carea' id='block_1_36' title="bbox 2109 769 3703 838">
    <p class='ocr_par' dir='ltr' id='par_1_36' title="bbox 2109 769 3703 838">
     <span class='ocr_line' id='line_1_36' title="bbox 2109 769 3703 838; baseline 0.005 -16"><span class='ocrx_word' id='word_1_249' title='bbox 2109 769 2290 824; x_wconf 84' lang='lat' dir='ltr'><strong>facere</strong></span> <span class='ocrx_word' id='word_1_250' title='bbox 2336 769 2540 838; x_wconf 42' lang='lat' dir='ltr'><strong>pos&#39;set,</strong></span> <span class='ocrx_word' id='word_1_251' title='bbox 2592 781 2652 826; x_wconf 91' lang='lat' dir='ltr'><strong>ut</strong></span> <span class='ocrx_word' id='word_1_252' title='bbox 2699 773 2861 827; x_wconf 86' lang='lat' dir='ltr'><strong>etiam</strong></span> <span class='ocrx_word' id='word_1_253' title='bbox 2917 773 3076 828; x_wconf 86' lang='lat' dir='ltr'><strong>hodie</strong></span> <span class='ocrx_word' id='word_1_254' title='bbox 3125 773 3458 829; x_wconf 90' lang='lat' dir='ltr'><strong>imbecillum</strong></span> <span class='ocrx_word' id='word_1_255' title='bbox 3509 776 3703 830; x_wconf 44' lang='lat' dir='ltr'><strong>Deum&#39;</strong></span> 
     </span>
    </p>
   </div>
   <div class='ocr_carea' id='block_1_37' title="bbox 2109 862 3677 936">
    <p class='ocr_par' dir='ltr' id='par_1_37' title="bbox 2109 862 3677 936">
     <span class='ocr_line' id='line_1_37' title="bbox 2109 862 3677 936; baseline 0.004 -21"><span class='ocrx_word' id='word_1_256' title='bbox 2109 875 2233 915; x_wconf 90' lang='lat' dir='ltr'><strong>esse</strong></span> <span class='ocrx_word' id='word_1_257' title='bbox 2269 862 2440 922; x_wconf 88' lang='lat' dir='ltr'><strong>dicas,</strong></span> <span class='ocrx_word' id='word_1_258' title='bbox 2493 877 2716 919; x_wconf 87' lang='lat' dir='ltr'><strong>necesse</strong></span> <span class='ocrx_word' id='word_1_259' title='bbox 2762 864 2958 933; x_wconf 89' lang='lat' dir='ltr'><strong>fuerit;</strong></span> <span class='ocrx_word' id='word_1_260' title='bbox 3008 867 3180 936; x_wconf 82' lang='lat' dir='ltr'><strong>jussit</strong></span> <span class='ocrx_word' id='word_1_261' title='bbox 3215 868 3356 922; x_wconf 91' lang='lat' dir='ltr'><strong>enim</strong></span> <span class='ocrx_word' id='word_1_262' title='bbox 3392 883 3459 921; x_wconf 90' lang='lat' dir='ltr'><strong>ne</strong></span> <span class='ocrx_word' id='word_1_263' title='bbox 3504 869 3677 922; x_wconf 87' lang='lat' dir='ltr'><strong>homi-</strong></span> 
     </span>
    </p>
   </div>
   <div class='ocr_carea' id='block_1_38' title="bbox 2109 953 3679 1024">
    <p class='ocr_par' dir='ltr' id='par_1_38' title="bbox 2109 953 3679 1024">
     <span class='ocr_line' id='line_1_38' title="bbox 2109 953 3679 1024; baseline 0.003 -16"><span class='ocrx_word' id='word_1_264' title='bbox 2109 953 2269 1015; x_wconf 89' lang='lat' dir='ltr'><strong>cidia,</strong></span> <span class='ocrx_word' id='word_1_265' title='bbox 2299 953 2634 1008; x_wconf 89' lang='lat' dir='ltr'><strong>adulteriave</strong></span> <span class='ocrx_word' id='word_1_266' title='bbox 2669 957 3066 1012; x_wconf 84' lang='lat' dir='ltr'><strong>committerent</strong></span> <span class='ocrx_word' id='word_1_267' title='bbox 3112 958 3391 1024; x_wconf 85' lang='lat' dir='ltr'><strong>mortales,</strong></span> <span class='ocrx_word' id='word_1_268' title='bbox 3421 966 3475 1012; x_wconf 90' lang='lat' dir='ltr'><strong>et</strong></span> <span class='ocrx_word' id='word_1_269' title='bbox 3501 967 3679 1014; x_wconf 87' lang='lat' dir='ltr'><strong>tamen</strong></span> 
     </span>
    </p>
   </div>
   <div class='ocr_carea' id='block_1_39' title="bbox 2109 1036 3681 1122">
    <p class='ocr_par' dir='ltr' id='par_1_39' title="bbox 2109 1036 3681 1122">
     <span class='ocr_line' id='line_1_39' title="bbox 2109 1036 3681 1122; baseline 0.006 -26"><span class='ocrx_word' id='word_1_270' title='bbox 2109 1043 2224 1097; x_wconf 64' lang='lat' dir='ltr'><strong>haec</strong></span> <span class='ocrx_word' id='word_1_271' title='bbox 2258 1053 2421 1112; x_wconf 90' lang='lat' dir='ltr'><strong>atque</strong></span> <span class='ocrx_word' id='word_1_272' title='bbox 2463 1045 2568 1098; x_wconf 88' lang='lat' dir='ltr'><strong>alia</strong></span> <span class='ocrx_word' id='word_1_273' title='bbox 2615 1046 2904 1102; x_wconf 86' lang='lat' dir='ltr'><strong>adversum</strong></span> <span class='ocrx_word' id='word_1_274' title='bbox 2947 1050 3116 1119; x_wconf 89' lang='lat' dir='ltr'><strong>legem</strong></span> <span class='ocrx_word' id='word_1_275' title='bbox 3156 1036 3246 1107; x_wconf 86' lang='lat' dir='ltr'><strong>Dei</strong></span> <span class='ocrx_word' id='word_1_276' title='bbox 3294 1063 3529 1122; x_wconf 89' lang='lat' dir='ltr'><strong>patrant.</strong></span> <span class='ocrx_word' id='word_1_277' title='bbox 3579 1053 3681 1108; x_wconf 86' lang='lat' dir='ltr'><strong>Sed</strong></span> 
     </span>
    </p>
   </div>
   <div class='ocr_carea' id='block_1_40' title="bbox 2109 1133 3686 1211">
    <p class='ocr_par' dir='ltr' id='par_1_40' title="bbox 2109 1133 3686 1211">
     <span class='ocr_line' id='line_1_40' title="bbox 2109 1133 3686 1211; baseline 0.006 -24"><span class='ocrx_word' id='word_1_278' title='bbox 2109 1133 2253 1187; x_wconf 89' lang='lat' dir='ltr'><strong>enim</strong></span> <span class='ocrx_word' id='word_1_279' title='bbox 2289 1140 2442 1188; x_wconf 86' lang='lat' dir='ltr'><strong>utare</strong></span> <span class='ocrx_word' id='word_1_280' title='bbox 2475 1143 2533 1188; x_wconf 93' lang='lat' dir='ltr'><strong>ut</strong></span> <span class='ocrx_word' id='word_1_281' title='bbox 2570 1134 2698 1189; x_wconf 88' lang='lat' dir='ltr'><strong>libet</strong></span> <span class='ocrx_word' id='word_1_282' title='bbox 2731 1151 2796 1192; x_wconf 91' lang='lat' dir='ltr'><strong>eo</strong></span> <span class='ocrx_word' id='word_1_283' title='bbox 2845 1148 2936 1194; x_wconf 91' lang='lat' dir='ltr'><strong>tuo</strong></span> <span class='ocrx_word' id='word_1_284' title='bbox 2971 1152 3316 1211; x_wconf 86' lang='lat' dir='ltr'><strong>argumento,</strong></span> <span class='ocrx_word' id='word_1_285' title='bbox 3367 1141 3590 1208; x_wconf 91' lang='lat' dir='ltr'><strong>Simon;</strong></span> <span class='ocrx_word' id='word_1_286' title='bbox 3627 1152 3686 1196; x_wconf 82' lang='lat' dir='ltr'><strong>at.</strong></span> 
     </span>
    </p>
   </div>
   <div class='ocr_carea' id='block_1_41' title="bbox 2111 1223 3685 1294">
    <p class='ocr_par' dir='ltr' id='par_1_41' title="bbox 2111 1223 3685 1294">
     <span class='ocr_line' id='line_1_41' title="bbox 2111 1223 3685 1294; baseline 0.005 -18"><span class='ocrx_word' id='word_1_287' title='bbox 2111 1223 2327 1276; x_wconf 89' lang='lat' dir='ltr'><strong>interim</strong></span> <span class='ocrx_word' id='word_1_288' title='bbox 2361 1223 2533 1292; x_wconf 75' lang='lat' dir='ltr'><strong>[nobis</strong></span> <span class='ocrx_word' id='word_1_289' title='bbox 2581 1228 2903 1294; x_wconf 87' lang='lat' dir='ltr'><strong>respondeto</strong></span> <span class='ocrx_word' id='word_1_290' title='bbox 2950 1245 2964 1282; x_wconf 90' lang='lat'><strong>:</strong></span> <span class='ocrx_word' id='word_1_291' title='bbox 3017 1229 3298 1286; x_wconf 86' lang='lat' dir='ltr'><strong>volentene</strong></span> <span class='ocrx_word' id='word_1_292' title='bbox 3338 1231 3446 1285; x_wconf 90' lang='lat' dir='ltr'><strong>Deo</strong></span> <span class='ocrx_word' id='word_1_293' title='bbox 3478 1233 3685 1286; x_wconf 79' lang='lat' dir='ltr'><strong>faciunt</strong></span> 
     </span>
    </p>
   </div>
   <div class='ocr_carea' id='block_1_42' title="bbox 2113 1312 3685 1390">
    <p class='ocr_par' dir='ltr' id='par_1_42' title="bbox 2113 1312 3685 1390">
     <span class='ocr_line' id='line_1_42' title="bbox 2113 1312 3685 1390; baseline 0.005 -24"><span class='ocrx_word' id='word_1_294' title='bbox 2113 1312 2365 1369; x_wconf 90' lang='lat' dir='ltr'><strong>homines</strong></span> <span class='ocrx_word' id='word_1_295' title='bbox 2400 1315 2663 1372; x_wconf 86' lang='lat' dir='ltr'><strong>adversus</strong></span> <span class='ocrx_word' id='word_1_296' title='bbox 2703 1317 2871 1388; x_wconf 82' lang='lat' dir='ltr'><strong>legem</strong></span> <span class='ocrx_word' id='word_1_297' title='bbox 2923 1320 3112 1390; x_wconf 87' lang='lat' dir='ltr'><strong>ipsius,</strong></span> <span class='ocrx_word' id='word_1_298' title='bbox 3144 1338 3210 1376; x_wconf 88' lang='lat' dir='ltr'><strong>an</strong></span> <span class='ocrx_word' id='word_1_299' title='bbox 3256 1323 3513 1378; x_wconf 82' lang='lat' dir='ltr'><strong>nolente?</strong></span> <span class='ocrx_word' id='word_1_300' title='bbox 3544 1325 3685 1376; x_wconf 79' lang='lat' dir='ltr'><strong>Sane</strong></span> 
     </span>
    </p>
   </div>
   <div class='ocr_carea' id='block_1_43' title="bbox 2109 1406 3678 1478">
    <p class='ocr_par' dir='ltr' id='par_1_43' title="bbox 2109 1406 3678 1478">
     <span class='ocr_line' id='line_1_43' title="bbox 2109 1406 3678 1478; baseline 0.003 -17"><span class='ocrx_word' id='word_1_301' title='bbox 2109 1406 2155 1461; x_wconf 87' lang='lat' dir='ltr'><strong>si</strong></span> <span class='ocrx_word' id='word_1_302' title='bbox 2207 1406 2444 1470; x_wconf 86' lang='lat' dir='ltr'><strong>nolente,</strong></span> <span class='ocrx_word' id='word_1_303' title='bbox 2481 1423 2819 1478; x_wconf 84' lang='lat' dir='ltr'><strong>consequens</strong></span> <span class='ocrx_word' id='word_1_304' title='bbox 2857 1423 2962 1478; x_wconf 90' lang='lat' dir='ltr'><strong>est,</strong></span> <span class='ocrx_word' id='word_1_305' title='bbox 3013 1412 3299 1468; x_wconf 87' lang='lat' dir='ltr'><strong>imbecillis</strong></span> <span class='ocrx_word' id='word_1_306' title='bbox 3348 1429 3470 1468; x_wconf 89' lang='lat' dir='ltr'><strong>eum</strong></span> <span class='ocrx_word' id='word_1_307' title='bbox 3518 1416 3678 1468; x_wconf 88' lang='lat' dir='ltr'><strong>etiam</strong></span> 
     </span>
    </p>
   </div>
   <div class='ocr_carea' id='block_1_44' title="bbox 2112 1500 3683 1578">
    <p class='ocr_par' dir='ltr' id='par_1_44' title="bbox 2112 1500 3683 1578">
     <span class='ocr_line' id='line_1_44' title="bbox 2112 1500 3683 1578; baseline 0.006 -28"><span class='ocrx_word' id='word_1_308' title='bbox 2112 1512 2260 1552; x_wconf 90' lang='lat' dir='ltr'><strong>nunc</strong></span> <span class='ocrx_word' id='word_1_309' title='bbox 2291 1500 2498 1554; x_wconf 85' lang='lat' dir='ltr'><strong>viribus</strong></span> <span class='ocrx_word' id='word_1_310' title='bbox 2531 1516 2682 1578; x_wconf 88' lang='lat' dir='ltr'><strong>esse;</strong></span> <span class='ocrx_word' id='word_1_311' title='bbox 2733 1503 2936 1573; x_wconf 84' lang='lat' dir='ltr'><strong>quippe</strong></span> <span class='ocrx_word' id='word_1_312' title='bbox 2980 1520 3089 1573; x_wconf 91' lang='lat' dir='ltr'><strong>quo</strong></span> <span class='ocrx_word' id='word_1_313' title='bbox 3127 1507 3363 1572; x_wconf 88' lang='lat' dir='ltr'><strong>nolente,</strong></span> <span class='ocrx_word' id='word_1_314' title='bbox 3397 1522 3518 1574; x_wconf 78' lang='lat' dir='ltr'><strong>quae</strong></span> <span class='ocrx_word' id='word_1_315' title='bbox 3547 1522 3683 1575; x_wconf 74' lang='lat' dir='ltr'><strong>pra:-</strong></span> 
     </span>
    </p>
   </div>
   <div class='ocr_carea' id='block_1_45' title="bbox 2109 1588 3680 1664">
    <p class='ocr_par' dir='ltr' id='par_1_45' title="bbox 2109 1588 3680 1664">
     <span class='ocr_line' id='line_1_45' title="bbox 2109 1588 3680 1664; baseline 0.004 -23"><span class='ocrx_word' id='word_1_316' title='bbox 2109 1588 2329 1656; x_wconf 89' lang='lat' dir='ltr'><strong>scripsit</strong></span> <span class='ocrx_word' id='word_1_317' title='bbox 2377 1589 2671 1646; x_wconf 75' lang='lat' dir='ltr'><strong>violentur.</strong></span> <span class='ocrx_word' id='word_1_318' title='bbox 2713 1591 2809 1645; x_wconf 90' lang='lat' dir='ltr'><strong>Sin</strong></span> <span class='ocrx_word' id='word_1_319' title='bbox 2861 1594 3096 1656; x_wconf 86' lang='lat' dir='ltr'><strong>volente,</strong></span> <span class='ocrx_word' id='word_1_320' title='bbox 3133 1595 3234 1647; x_wconf 91' lang='lat' dir='ltr'><strong>erit</strong></span> <span class='ocrx_word' id='word_1_321' title='bbox 3279 1596 3394 1664; x_wconf 90' lang='lat' dir='ltr'><strong>ipse</strong></span> <span class='ocrx_word' id='word_1_322' title='bbox 3438 1596 3537 1648; x_wconf 89' lang='lat' dir='ltr'><strong>sibi</strong></span> <span class='ocrx_word' id='word_1_323' title='bbox 3586 1596 3680 1648; x_wconf 86' lang='lat' dir='ltr'><strong>ad-</strong></span> 
     </span>
    </p>
   </div>
   <div class='ocr_carea' id='block_1_46' title="bbox 2111 1683 3682 1754">
    <p class='ocr_par' dir='ltr' id='par_1_46' title="bbox 2111 1683 3682 1754">
     <span class='ocr_line' id='line_1_46' title="bbox 2111 1683 3682 1754; baseline 0.003 -20"><span class='ocrx_word' id='word_1_324' title='bbox 2111 1696 2303 1736; x_wconf 91' lang='lat' dir='ltr'><strong>versus</strong></span> <span class='ocrx_word' id='word_1_325' title='bbox 2353 1691 2411 1736; x_wconf 92' lang='lat' dir='ltr'><strong>ut</strong></span> <span class='ocrx_word' id='word_1_326' title='bbox 2459 1683 2550 1751; x_wconf 90' lang='lat' dir='ltr'><strong>qui</strong></span> <span class='ocrx_word' id='word_1_327' title='bbox 2595 1697 2656 1736; x_wconf 86' lang='lat' dir='ltr'><strong>ea</strong></span> <span class='ocrx_word' id='word_1_328' title='bbox 2711 1683 2891 1737; x_wconf 82' lang='lat' dir='ltr'><strong>verbis</strong></span> <span class='ocrx_word' id='word_1_329' title='bbox 2920 1685 3143 1754; x_wconf 81' lang='lat' dir='ltr'><strong>jusserit</strong></span> <span class='ocrx_word' id='word_1_330' title='bbox 3191 1701 3311 1754; x_wconf 68' lang='lat' dir='ltr'><strong>quae</strong></span> <span class='ocrx_word' id='word_1_331' title='bbox 3358 1687 3535 1754; x_wconf 89' lang='lat' dir='ltr'><strong>reipsa</strong></span> <span class='ocrx_word' id='word_1_332' title='bbox 3569 1686 3682 1740; x_wconf 87' lang='lat' dir='ltr'><strong>fieri</strong></span> 
     </span>
    </p>
   </div>
   <div class='ocr_carea' id='block_1_47' title="bbox 2112 1773 3686 1847">
    <p class='ocr_par' dir='ltr' id='par_1_47' title="bbox 2112 1773 3686 1847">
     <span class='ocr_line' id='line_1_47' title="bbox 2112 1773 3686 1847; baseline 0.002 -20"><span class='ocrx_word' id='word_1_333' title='bbox 2112 1773 2372 1837; x_wconf 85' lang='lat' dir='ltr'><strong>noluerit,</strong></span> <span class='ocrx_word' id='word_1_334' title='bbox 2405 1784 2460 1828; x_wconf 83' lang='lat' dir='ltr'><strong>et</strong></span> <span class='ocrx_word' id='word_1_335' title='bbox 2493 1775 2753 1830; x_wconf 89' lang='lat' dir='ltr'><strong>mortales</strong></span> <span class='ocrx_word' id='word_1_336' title='bbox 2803 1775 3068 1829; x_wconf 85' lang='lat' dir='ltr'><strong>voluntati</strong></span> <span class='ocrx_word' id='word_1_337' title='bbox 3124 1777 3268 1831; x_wconf 87' lang='lat' dir='ltr'><strong>illius</strong></span> <span class='ocrx_word' id='word_1_338' title='bbox 3316 1780 3565 1847; x_wconf 86' lang='lat' dir='ltr'><strong>paruisse</strong></span> <span class='ocrx_word' id='word_1_339' title='bbox 3602 1777 3686 1830; x_wconf 90' lang='lat' dir='ltr'><strong>di-</strong></span> 
     </span>
    </p>
   </div>
   <div class='ocr_carea' id='block_1_48' title="bbox 2111 1865 3682 1938">
    <p class='ocr_par' dir='ltr' id='par_1_48' title="bbox 2111 1865 3682 1938">
     <span class='ocr_line' id='line_1_48' title="bbox 2111 1865 3682 1938; baseline 0.001 -18"><span class='ocrx_word' id='word_1_340' title='bbox 2111 1874 2307 1920; x_wconf 87' lang='lat' dir='ltr'><strong>centur</strong></span> <span class='ocrx_word' id='word_1_341' title='bbox 2337 1865 2429 1935; x_wconf 94' lang='lat' dir='ltr'><strong>qui</strong></span> <span class='ocrx_word' id='word_1_342' title='bbox 2459 1875 2647 1920; x_wconf 87' lang='lat' dir='ltr'><strong>contra</strong></span> <span class='ocrx_word' id='word_1_343' title='bbox 2682 1867 2932 1921; x_wconf 89' lang='lat' dir='ltr'><strong>mandata</strong></span> <span class='ocrx_word' id='word_1_344' title='bbox 2967 1867 3226 1931; x_wconf 89' lang='lat' dir='ltr'><strong>fecerint,</strong></span> <span class='ocrx_word' id='word_1_345' title='bbox 3258 1869 3401 1938; x_wconf 91' lang='lat' dir='ltr'><strong>quod</strong></span> <span class='ocrx_word' id='word_1_346' title='bbox 3440 1868 3682 1937; x_wconf 81' lang='lat' dir='ltr'><strong>profecto</strong></span> 
     </span>
    </p>
   </div>
   <div class='ocr_carea' id='block_1_49' title="bbox 2108 1955 3682 2024">
    <p class='ocr_par' dir='ltr' id='par_1_49' title="bbox 2108 1955 3682 2024">
     <span class='ocr_line' id='line_1_49' title="bbox 2108 1955 3682 2024; baseline 0.002 -12"><span class='ocrx_word' id='word_1_347' title='bbox 2108 1956 2405 2012; x_wconf 88' lang='lat' dir='ltr'><strong>absurdum</strong></span> <span class='ocrx_word' id='word_1_348' title='bbox 2452 1964 2561 2011; x_wconf 90' lang='lat' dir='ltr'><strong>est.</strong></span> <span class='ocrx_word' id='word_1_349' title='bbox 2607 1955 2840 2024; x_wconf 78' lang='lat' dir='ltr'><strong>Rursus,</strong></span> <span class='ocrx_word' id='word_1_350' title='bbox 2901 1958 3176 2014; x_wconf 88' lang='lat' dir='ltr'><strong>libentene</strong></span> <span class='ocrx_word' id='word_1_351' title='bbox 3223 1975 3290 2013; x_wconf 89' lang='lat' dir='ltr'><strong>an</strong></span> <span class='ocrx_word' id='word_1_352' title='bbox 3354 1960 3524 2014; x_wconf 89' lang='lat' dir='ltr'><strong>invito</strong></span> <span class='ocrx_word' id='word_1_353' title='bbox 3574 1959 3682 2015; x_wconf 87' lang='lat' dir='ltr'><strong>Deo</strong></span> 
     </span>
    </p>
   </div>
   <div class='ocr_carea' id='block_1_50' title="bbox 2108 2048 3682 2122">
    <p class='ocr_par' dir='ltr' id='par_1_50' title="bbox 2108 2048 3682 2122">
     <span class='ocr_line' id='line_1_50' title="bbox 2108 2048 3682 2122; baseline 0.004 -20"><span class='ocrx_word' id='word_1_354' title='bbox 2108 2057 2328 2118; x_wconf 88' lang='lat' dir='ltr'><strong>patrant</strong></span> <span class='ocrx_word' id='word_1_355' title='bbox 2371 2048 2620 2106; x_wconf 83' lang='lat' dir='ltr'><strong>homines</strong></span> <span class='ocrx_word' id='word_1_356' title='bbox 2671 2067 2789 2120; x_wconf 68' lang='lat' dir='ltr'><strong>qua:</strong></span> <span class='ocrx_word' id='word_1_357' title='bbox 2838 2052 3082 2122; x_wconf 80' lang='lat' dir='ltr'><strong>improba</strong></span> <span class='ocrx_word' id='word_1_358' title='bbox 3132 2053 3298 2106; x_wconf 83' lang='lat' dir='ltr'><strong>sunt?</strong></span> <span class='ocrx_word' id='word_1_359' title='bbox 3349 2054 3404 2106; x_wconf 91' lang='lat' dir='ltr'><strong>Si</strong></span> <span class='ocrx_word' id='word_1_360' title='bbox 3461 2053 3682 2115; x_wconf 83' lang='lat' dir='ltr'><strong>libente.</strong></span> 
     </span>
    </p>
   </div>
   <div class='ocr_carea' id='block_1_51' title="bbox 2106 2141 3694 2213">
    <p class='ocr_par' dir='ltr' id='par_1_51' title="bbox 2106 2141 3694 2213">
     <span class='ocr_line' id='line_1_51' title="bbox 2106 2141 3694 2213; baseline 0 -17"><span class='ocrx_word' id='word_1_361' title='bbox 2106 2142 2214 2196; x_wconf 88' lang='lat' dir='ltr'><strong>erit</strong></span> <span class='ocrx_word' id='word_1_362' title='bbox 2261 2141 2376 2211; x_wconf 87' lang='lat' dir='ltr'><strong>ipse</strong></span> <span class='ocrx_word' id='word_1_363' title='bbox 2426 2157 2642 2211; x_wconf 87' lang='lat' dir='ltr'><strong>quoque</strong></span> <span class='ocrx_word' id='word_1_364' title='bbox 2695 2143 2974 2213; x_wconf 89' lang='lat' dir='ltr'><strong>improbus</strong></span> <span class='ocrx_word' id='word_1_365' title='bbox 3024 2145 3114 2212; x_wconf 91' lang='lat' dir='ltr'><strong>qui</strong></span> <span class='ocrx_word' id='word_1_366' title='bbox 3171 2145 3316 2199; x_wconf 88' lang='lat' dir='ltr'><strong>vitiis</strong></span> <span class='ocrx_word' id='word_1_367' title='bbox 3352 2146 3694 2209; x_wconf 71' lang='lat' dir='ltr'><strong>delectetur;</strong></span> 
     </span>
    </p>
   </div>
   <div class='ocr_carea' id='block_1_52' title="bbox 2109 2232 3692 2302">
    <p class='ocr_par' dir='ltr' id='par_1_52' title="bbox 2109 2232 3692 2302">
     <span class='ocr_line' id='line_1_52' title="bbox 2109 2232 3692 2302; baseline 0.001 -14"><span class='ocrx_word' id='word_1_368' title='bbox 2109 2233 2193 2288; x_wconf 89' lang='lat' dir='ltr'><strong>sin</strong></span> <span class='ocrx_word' id='word_1_369' title='bbox 2241 2232 2433 2298; x_wconf 89' lang='lat' dir='ltr'><strong>invito,</strong></span> <span class='ocrx_word' id='word_1_370' title='bbox 2480 2250 2579 2287; x_wconf 88' lang='lat' dir='ltr'><strong>cur</strong></span> <span class='ocrx_word' id='word_1_371' title='bbox 2619 2250 2723 2287; x_wconf 92' lang='lat' dir='ltr'><strong>non</strong></span> <span class='ocrx_word' id='word_1_372' title='bbox 2776 2233 3034 2302; x_wconf 82' lang='lat' dir='ltr'><strong>impedit?</strong></span> <span class='ocrx_word' id='word_1_373' title='bbox 3072 2235 3141 2287; x_wconf 82' lang='lat' dir='ltr'><strong>At</strong></span> <span class='ocrx_word' id='word_1_374' title='bbox 3185 2234 3231 2289; x_wconf 90' lang='lat' dir='ltr'><strong>si</strong></span> <span class='ocrx_word' id='word_1_375' title='bbox 3272 2249 3529 2289; x_wconf 88' lang='lat' dir='ltr'><strong>coercere</strong></span> <span class='ocrx_word' id='word_1_376' title='bbox 3559 2235 3692 2289; x_wconf 89' lang='lat' dir='ltr'><strong>illos-</strong></span> 
     </span>
    </p>
   </div>
   <div class='ocr_carea' id='block_1_53' title="bbox 2113 2325 3690 2396">
    <p class='ocr_par' dir='ltr' id='par_1_53' title="bbox 2113 2325 3690 2396">
     <span class='ocr_line' id='line_1_53' title="bbox 2113 2325 3690 2396; baseline 0.001 -17"><span class='ocrx_word' id='word_1_377' title='bbox 2113 2326 2182 2379; x_wconf 90' lang='lat' dir='ltr'><strong>ab</strong></span> <span class='ocrx_word' id='word_1_378' title='bbox 2225 2341 2293 2380; x_wconf 89' lang='lat' dir='ltr'><strong>eo</strong></span> <span class='ocrx_word' id='word_1_379' title='bbox 2337 2327 2480 2394; x_wconf 89' lang='lat' dir='ltr'><strong>quod</strong></span> <span class='ocrx_word' id='word_1_380' title='bbox 2518 2341 2744 2395; x_wconf 86' lang='lat' dir='ltr'><strong>pravum</strong></span> <span class='ocrx_word' id='word_1_381' title='bbox 2793 2334 2900 2391; x_wconf 92' lang='lat' dir='ltr'><strong>est,</strong></span> <span class='ocrx_word' id='word_1_382' title='bbox 2945 2325 3278 2395; x_wconf 86' lang='lat' dir='ltr'><strong>designando</strong></span> <span class='ocrx_word' id='word_1_383' title='bbox 3325 2341 3432 2381; x_wconf 92' lang='lat' dir='ltr'><strong>non</strong></span> <span class='ocrx_word' id='word_1_384' title='bbox 3485 2335 3690 2396; x_wconf 81' lang='lat' dir='ltr'><strong>potest,</strong></span> 
     </span>
    </p>
   </div>
   <div class='ocr_carea' id='block_1_54' title="bbox 2108 2414 3683 2484">
    <p class='ocr_par' dir='ltr' id='par_1_54' title="bbox 2108 2414 3683 2484">
     <span class='ocr_line' id='line_1_54' title="bbox 2108 2414 3683 2484; baseline -0.002 -14"><span class='ocrx_word' id='word_1_385' title='bbox 2108 2417 2391 2471; x_wconf 85' lang='lat' dir='ltr'><strong>conficitur</strong></span> <span class='ocrx_word' id='word_1_386' title='bbox 2441 2427 2616 2480; x_wconf 90' lang='lat' dir='ltr'><strong>certe,</strong></span> <span class='ocrx_word' id='word_1_387' title='bbox 2669 2415 2874 2470; x_wconf 87' lang='lat' dir='ltr'><strong>viribus</strong></span> <span class='ocrx_word' id='word_1_388' title='bbox 2925 2414 3102 2484; x_wconf 88' lang='lat' dir='ltr'><strong>ipsum</strong></span> <span class='ocrx_word' id='word_1_389' title='bbox 3153 2415 3316 2468; x_wconf 90' lang='lat' dir='ltr'><strong>etiam</strong></span> <span class='ocrx_word' id='word_1_390' title='bbox 3371 2431 3517 2468; x_wconf 89' lang='lat' dir='ltr'><strong>nunc</strong></span> <span class='ocrx_word' id='word_1_391' title='bbox 3575 2430 3683 2467; x_wconf 91' lang='lat' dir='ltr'><strong>non</strong></span> 
     </span>
    </p>
   </div>
   <div class='ocr_carea' id='block_1_55' title="bbox 2108 2505 3684 2575">
    <p class='ocr_par' dir='ltr' id='par_1_55' title="bbox 2108 2505 3684 2575">
     <span class='ocr_line' id='line_1_55' title="bbox 2108 2505 3684 2575; baseline 0.001 -17"><span class='ocrx_word' id='word_1_392' title='bbox 2108 2507 2309 2575; x_wconf 89' lang='lat' dir='ltr'><strong>pollere</strong></span> <span class='ocrx_word' id='word_1_393' title='bbox 2353 2523 2367 2559; x_wconf 89' lang='lat'><strong>:</strong></span> <span class='ocrx_word' id='word_1_394' title='bbox 2413 2507 2491 2558; x_wconf 85' lang='lat' dir='ltr'><strong>vel</strong></span> <span class='ocrx_word' id='word_1_395' title='bbox 2523 2506 2566 2560; x_wconf 94' lang='lat' dir='ltr'><strong>si</strong></span> <span class='ocrx_word' id='word_1_396' title='bbox 2613 2521 2718 2559; x_wconf 89' lang='lat' dir='ltr'><strong>non</strong></span> <span class='ocrx_word' id='word_1_397' title='bbox 2754 2507 2886 2567; x_wconf 88' lang='lat' dir='ltr'><strong>vult,</strong></span> <span class='ocrx_word' id='word_1_398' title='bbox 2923 2521 3136 2559; x_wconf 89' lang='lat' dir='ltr'><strong>rursum</strong></span> <span class='ocrx_word' id='word_1_399' title='bbox 3182 2521 3388 2574; x_wconf 88' lang='lat' dir='ltr'><strong>pravus</strong></span> <span class='ocrx_word' id='word_1_400' title='bbox 3423 2514 3482 2560; x_wconf 90' lang='lat' dir='ltr'><strong>ut</strong></span> <span class='ocrx_word' id='word_1_401' title='bbox 3512 2505 3684 2574; x_wconf 87' lang='lat' dir='ltr'><strong>ipsius</strong></span> 
     </span>
    </p>
   </div>
   <div class='ocr_carea' id='block_1_56' title="bbox 2107 2595 3679 2666">
    <p class='ocr_par' dir='ltr' id='par_1_56' title="bbox 2107 2595 3679 2666">
     <span class='ocr_line' id='line_1_56' title="bbox 2107 2595 3679 2666; baseline -0.004 -14"><span class='ocrx_word' id='word_1_402' title='bbox 2107 2599 2177 2652; x_wconf 88' lang='lat' dir='ltr'><strong>sit</strong></span> <span class='ocrx_word' id='word_1_403' title='bbox 2222 2599 2596 2666; x_wconf 87' lang='lat' dir='ltr'><strong>consequitur,</strong></span> <span class='ocrx_word' id='word_1_404' title='bbox 2645 2597 2736 2665; x_wconf 91' lang='lat' dir='ltr'><strong>qui</strong></span> <span class='ocrx_word' id='word_1_405' title='bbox 2786 2610 2950 2664; x_wconf 87' lang='lat' dir='ltr'><strong>prava</strong></span> <span class='ocrx_word' id='word_1_406' title='bbox 2998 2596 3325 2650; x_wconf 78' lang='lat' dir='ltr'><strong>dissimulet.</strong></span> <span class='ocrx_word' id='word_1_407' title='bbox 3378 2595 3471 2650; x_wconf 83' lang='lat' dir='ltr'><strong>Est</strong></span> <span class='ocrx_word' id='word_1_408' title='bbox 3517 2610 3679 2662; x_wconf 88' lang='lat' dir='ltr'><strong>porro</strong></span> 
     </span>
    </p>
   </div>
   <div class='ocr_carea' id='block_1_57' title="bbox 2110 2684 3690 2754">
    <p class='ocr_par' dir='ltr' id='par_1_57' title="bbox 2110 2684 3690 2754">
     <span class='ocr_line' id='line_1_57' title="bbox 2110 2684 3690 2754; baseline -0.004 -12"><span class='ocrx_word' id='word_1_409' title='bbox 2110 2688 2272 2742; x_wconf 86' lang='lat' dir='ltr'><strong>etiam</strong></span> <span class='ocrx_word' id='word_1_410' title='bbox 2310 2688 2459 2740; x_wconf 89' lang='lat' dir='ltr'><strong>aliud</strong></span> <span class='ocrx_word' id='word_1_411' title='bbox 2506 2686 2746 2740; x_wconf 86' lang='lat' dir='ltr'><strong>Simonis</strong></span> <span class='ocrx_word' id='word_1_412' title='bbox 2783 2685 2916 2752; x_wconf 72' lang='lat' dir='ltr'><strong>Magi</strong></span> <span class='ocrx_word' id='word_1_413' title='bbox 2958 2693 3334 2752; x_wconf 86' lang='lat' dir='ltr'><strong>argumentum</strong></span> <span class='ocrx_word' id='word_1_414' title='bbox 3374 2701 3480 2754; x_wconf 91' lang='lat' dir='ltr'><strong>quo</strong></span> <span class='ocrx_word' id='word_1_415' title='bbox 3514 2684 3690 2743; x_wconf 75' lang='lat' dir='ltr'><strong>Deum-</strong></span> 
     </span>
    </p>
   </div>
   <div class='ocr_carea' id='block_1_58' title="bbox 2109 2775 3684 2846">
    <p class='ocr_par' dir='ltr' id='par_1_58' title="bbox 2109 2775 3684 2846">
     <span class='ocr_line' id='line_1_58' title="bbox 2109 2775 3684 2846; baseline -0.006 -13"><span class='ocrx_word' id='word_1_416' title='bbox 2109 2779 2302 2833; x_wconf 83' lang='lat' dir='ltr'><strong>Adami</strong></span> <span class='ocrx_word' id='word_1_417' title='bbox 2361 2777 2734 2842; x_wconf 91' lang='lat' dir='ltr'><strong>conditorem,</strong></span> <span class='ocrx_word' id='word_1_418' title='bbox 2803 2775 3166 2846; x_wconf 85' lang='lat' dir='ltr'><strong>improbitatis</strong></span> <span class='ocrx_word' id='word_1_419' title='bbox 3232 2784 3395 2843; x_wconf 88' lang='lat' dir='ltr'><strong>atque</strong></span> <span class='ocrx_word' id='word_1_420' title='bbox 3460 2775 3684 2828; x_wconf 67' lang='lat' dir='ltr'><strong>invidia!</strong></span> 
     </span>
    </p>
   </div>
   <div class='ocr_carea' id='block_1_59' title="bbox 2110 2867 3682 2936">
    <p class='ocr_par' dir='ltr' id='par_1_59' title="bbox 2110 2867 3682 2936">
     <span class='ocr_line' id='line_1_59' title="bbox 2110 2867 3682 2936; baseline -0.004 -12"><span class='ocrx_word' id='word_1_421' title='bbox 2110 2884 2385 2925; x_wconf 89' lang='lat' dir='ltr'><strong>arcessere</strong></span> <span class='ocrx_word' id='word_1_422' title='bbox 2428 2870 2640 2924; x_wconf 88' lang='lat' dir='ltr'><strong>nititur.</strong></span> <span class='ocrx_word' id='word_1_423' title='bbox 2681 2867 2814 2921; x_wconf 83' lang='lat' dir='ltr'><strong>Nam</strong></span> <span class='ocrx_word' id='word_1_424' title='bbox 2870 2867 3171 2931; x_wconf 73' lang='lat' dir='ltr'><strong>interdixit,</strong></span> <span class='ocrx_word' id='word_1_425' title='bbox 3214 2867 3408 2936; x_wconf 88' lang='lat' dir='ltr'><strong>inquit,</strong></span> <span class='ocrx_word' id='word_1_426' title='bbox 3451 2867 3682 2928; x_wconf 81' lang='lat' dir='ltr'><strong>Adamn,</strong></span> 
     </span>
    </p>
   </div>
   <div class='ocr_carea' id='block_1_60' title="bbox 2111 2958 3690 3028">
    <p class='ocr_par' dir='ltr' id='par_1_60' title="bbox 2111 2958 3690 3028">
     <span class='ocr_line' id='line_1_60' title="bbox 2111 2958 3690 3028; baseline -0.003 -13"><span class='ocrx_word' id='word_1_427' title='bbox 2111 2965 2307 3016; x_wconf 89' lang='lat' dir='ltr'><strong>arbore</strong></span> <span class='ocrx_word' id='word_1_428' title='bbox 2343 2961 2582 3015; x_wconf 66' lang='lat' dir='ltr'><strong>scientia:</strong></span> <span class='ocrx_word' id='word_1_429' title='bbox 2611 2960 2734 3013; x_wconf 89' lang='lat' dir='ltr'><strong>boni</strong></span> <span class='ocrx_word' id='word_1_430' title='bbox 2766 2969 2820 3014; x_wconf 89' lang='lat' dir='ltr'><strong>et</strong></span> <span class='ocrx_word' id='word_1_431' title='bbox 2851 2959 2998 3020; x_wconf 86' lang='lat' dir='ltr'><strong>mali,</strong></span> <span class='ocrx_word' id='word_1_432' title='bbox 3031 2974 3136 3028; x_wconf 90' lang='lat' dir='ltr'><strong>qua</strong></span> <span class='ocrx_word' id='word_1_433' title='bbox 3168 2967 3382 3028; x_wconf 88' lang='lat' dir='ltr'><strong>gustata</strong></span> <span class='ocrx_word' id='word_1_434' title='bbox 3419 2958 3690 3024; x_wconf 84' lang='lat' dir='ltr'><strong>potuisset-</strong></span> 
     </span>
    </p>
   </div>
   <div class='ocr_carea' id='block_1_61' title="bbox 2111 3051 3680 3120">
    <p class='ocr_par' dir='ltr' id='par_1_61' title="bbox 2111 3051 3680 3120">
     <span class='ocr_line' id='line_1_61' title="bbox 2111 3051 3680 3120; baseline -0.005 -10"><span class='ocrx_word' id='word_1_435' title='bbox 2111 3055 2198 3110; x_wconf 88' lang='lat' dir='ltr'><strong>ille</strong></span> <span class='ocrx_word' id='word_1_436' title='bbox 2235 3055 2376 3108; x_wconf 82' lang='lat' dir='ltr'><strong>inter</strong></span> <span class='ocrx_word' id='word_1_437' title='bbox 2409 3053 2606 3105; x_wconf 91' lang='lat' dir='ltr'><strong>bonum</strong></span> <span class='ocrx_word' id='word_1_438' title='bbox 2653 3051 2965 3118; x_wconf 87' lang='lat' dir='ltr'><strong>malumque</strong></span> <span class='ocrx_word' id='word_1_439' title='bbox 3005 3051 3324 3120; x_wconf 82' lang='lat' dir='ltr'><strong>dijudicare,</strong></span> <span class='ocrx_word' id='word_1_440' title='bbox 3365 3059 3527 3119; x_wconf 88' lang='lat' dir='ltr'><strong>atque</strong></span> <span class='ocrx_word' id='word_1_441' title='bbox 3577 3051 3680 3102; x_wconf 89' lang='lat' dir='ltr'><strong>hoc</strong></span> 
     </span>
    </p>
   </div>
   <div class='ocr_carea' id='block_1_62' title="bbox 439 3141 3691 3214">
    <p class='ocr_par' dir='ltr' id='par_1_62' title="bbox 439 3141 3691 3214">
     <span class='ocr_line' id='line_1_62' title="bbox 439 3141 3691 3214; baseline -0.001 -19"><span class='ocrx_word' id='word_1_442' title='bbox 439 3142 540 3210; x_wconf 89' lang='lat' dir='ltr'><strong>ipsi</strong></span> <span class='ocrx_word' id='word_1_443' title='bbox 593 3144 976 3210; x_wconf 74' lang='lat' dir='ltr'><strong>permittente,</strong></span> <span class='ocrx_word' id='word_1_444' title='bbox 1050 3150 1108 3197; x_wconf 89' lang='lat' dir='ltr'><strong>ut</strong></span> <span class='ocrx_word' id='word_1_445' title='bbox 1155 3142 1299 3211; x_wconf 91' lang='lat' dir='ltr'><strong>quod</strong></span> <span class='ocrx_word' id='word_1_446' title='bbox 1366 3144 1572 3197; x_wconf 85' lang='lat' dir='ltr'><strong>arbitrii</strong></span> <span class='ocrx_word' id='word_1_447' title='bbox 1619 3144 1737 3213; x_wconf 88' lang='lat' dir='ltr'><strong>ejus</strong></span> <span class='ocrx_word' id='word_1_448' title='bbox 1789 3144 2081 3212; x_wconf 78' lang='lat' dir='ltr'><strong>libertasc</strong></span> <span class='ocrx_word' id='word_1_449' title='bbox 2113 3148 2323 3214; x_wconf 77' lang='lat' dir='ltr'><strong>fugere,</strong></span> <span class='ocrx_word' id='word_1_450' title='bbox 2375 3143 2507 3198; x_wconf 86' lang='lat' dir='ltr'><strong>illud</strong></span> <span class='ocrx_word' id='word_1_451' title='bbox 2559 3145 2833 3212; x_wconf 86' lang='lat' dir='ltr'><strong>persequi.</strong></span> <span class='ocrx_word' id='word_1_452' title='bbox 2886 3142 2990 3196; x_wconf 87' lang='lat' dir='ltr'><strong>Sed</strong></span> <span class='ocrx_word' id='word_1_453' title='bbox 3042 3143 3457 3210; x_wconf 88' lang='lat' dir='ltr'><strong>respondemus,</strong></span> <span class='ocrx_word' id='word_1_454' title='bbox 3511 3141 3691 3195; x_wconf 73' lang='lat' dir='ltr'><strong>Deum</strong></span> 
     </span>
    </p>
   </div>
   <div class='ocr_carea' id='block_1_63' title="bbox 439 3232 2001 3303">
    <p class='ocr_par' dir='ltr' id='par_1_63' title="bbox 439 3232 2001 3303">
     <span class='ocr_line' id='line_1_63' title="bbox 439 3232 2001 3303; baseline 0.001 -19"><span class='ocrx_word' id='word_1_455' title='bbox 439 3232 667 3287; x_wconf 85' lang='lat' dir='ltr'><strong>dictaret</strong></span> <span class='ocrx_word' id='word_1_456' title='bbox 711 3233 762 3287; x_wconf 91' lang='lat' dir='ltr'><strong>id</strong></span> <span class='ocrx_word' id='word_1_457' title='bbox 811 3248 971 3300; x_wconf 88' lang='lat' dir='ltr'><strong>porro</strong></span> <span class='ocrx_word' id='word_1_458' title='bbox 1023 3242 1226 3302; x_wconf 78' lang='lat' dir='ltr'><strong>ageret,</strong></span> <span class='ocrx_word' id='word_1_459' title='bbox 1277 3232 1498 3300; x_wconf 84' lang='lat' dir='ltr'><strong>faceret,</strong></span> <span class='ocrx_word' id='word_1_460' title='bbox 1546 3243 1802 3303; x_wconf 88' lang='lat' dir='ltr'><strong>patraret.</strong></span> <span class='ocrx_word' id='word_1_461' title='bbox 1853 3234 2001 3288; x_wconf 62' lang='lat' dir='ltr'><strong>Prce-</strong></span> 
     </span>
    </p>
   </div>
   <div class='ocr_carea' id='block_1_64' title="bbox 441 3323 2006 3389">
    <p class='ocr_par' dir='ltr' id='par_1_64' title="bbox 441 3323 2006 3389">
     <span class='ocr_line' id='line_1_64' title="bbox 441 3323 2006 3389; baseline 0.001 -11"><span class='ocrx_word' id='word_1_462' title='bbox 441 3337 608 3389; x_wconf 88' lang='lat' dir='ltr'><strong>terea,</strong></span> <span class='ocrx_word' id='word_1_463' title='bbox 655 3324 759 3379; x_wconf 88' lang='lat' dir='ltr'><strong>nisi</strong></span> <span class='ocrx_word' id='word_1_464' title='bbox 802 3325 952 3379; x_wconf 89' lang='lat' dir='ltr'><strong>liberi</strong></span> <span class='ocrx_word' id='word_1_465' title='bbox 1004 3323 1213 3379; x_wconf 85' lang='lat' dir='ltr'><strong>arbitrii</strong></span> <span class='ocrx_word' id='word_1_466' title='bbox 1261 3325 1390 3380; x_wconf 75' lang='lat' dir='ltr'><strong>Adte</strong></span> <span class='ocrx_word' id='word_1_467' title='bbox 1431 3324 1738 3380; x_wconf 86' lang='lat' dir='ltr'><strong>facultatem</strong></span> <span class='ocrx_word' id='word_1_468' title='bbox 1786 3323 2006 3379; x_wconf 88' lang='lat' dir='ltr'><strong>rebellio</strong></span> 
     </span>
    </p>
   </div>
   <div class='ocr_carea' id='block_1_65' title="bbox 442 3415 2009 3487">
    <p class='ocr_par' dir='ltr' id='par_1_65' title="bbox 442 3415 2009 3487">
     <span class='ocr_line' id='line_1_65' title="bbox 442 3415 2009 3487; baseline 0.001 -19"><span class='ocrx_word' id='word_1_469' title='bbox 442 3415 534 3470; x_wconf 86' lang='lat' dir='ltr'><strong>illa</strong></span> <span class='ocrx_word' id='word_1_470' title='bbox 586 3415 933 3485; x_wconf 85' lang='lat' dir='ltr'><strong>prodidisset,</strong></span> <span class='ocrx_word' id='word_1_471' title='bbox 986 3432 1156 3487; x_wconf 88' lang='lat' dir='ltr'><strong>quare</strong></span> <span class='ocrx_word' id='word_1_472' title='bbox 1207 3417 1418 3471; x_wconf 83' lang='lat' dir='ltr'><strong>tandem</strong></span> <span class='ocrx_word' id='word_1_473' title='bbox 1459 3417 1689 3486; x_wconf 86' lang='lat' dir='ltr'><strong>perspici</strong></span> <span class='ocrx_word' id='word_1_474' title='bbox 1747 3416 2009 3485; x_wconf 83' lang='lat' dir='ltr'><strong>potuisset</strong></span> 
     </span>
    </p>
   </div>
   <div class='ocr_carea' id='block_1_66' title="bbox 442 3508 2008 3580">
    <p class='ocr_par' dir='ltr' id='par_1_66' title="bbox 442 3508 2008 3580">
     <span class='ocr_line' id='line_1_66' title="bbox 442 3508 2008 3580; baseline -0.001 -18"><span class='ocrx_word' id='word_1_475' title='bbox 442 3510 677 3564; x_wconf 73' lang='lat' dir='ltr'><strong>maxima</strong></span> <span class='ocrx_word' id='word_1_476' title='bbox 719 3509 1031 3580; x_wconf 67' lang='lat' dir='ltr'><strong>praestantia</strong></span> <span class='ocrx_word' id='word_1_477' title='bbox 1069 3509 1313 3577; x_wconf 88' lang='lat' dir='ltr'><strong>obsequii</strong></span> <span class='ocrx_word' id='word_1_478' title='bbox 1358 3509 1500 3579; x_wconf 91' lang='lat' dir='ltr'><strong>quod</strong></span> <span class='ocrx_word' id='word_1_479' title='bbox 1548 3518 1732 3578; x_wconf 90' lang='lat' dir='ltr'><strong>postea</strong></span> <span class='ocrx_word' id='word_1_480' title='bbox 1764 3508 1852 3561; x_wconf 82' lang='lat' dir='ltr'><strong>ille</strong></span> <span class='ocrx_word' id='word_1_481' title='bbox 1889 3523 2008 3560; x_wconf 87' lang='lat' dir='ltr'><strong>am-</strong></span> 
     </span>
    </p>
   </div>
   <div class='ocr_carea' id='block_1_67' title="bbox 443 3601 2004 3673">
    <p class='ocr_par' dir='ltr' id='par_1_67' title="bbox 443 3601 2004 3673">
     <span class='ocr_line' id='line_1_67' title="bbox 443 3601 2004 3673; baseline -0.003 -17"><span class='ocrx_word' id='word_1_482' title='bbox 443 3604 634 3673; x_wconf 81' lang='lat' dir='ltr'><strong>plexus</strong></span> <span class='ocrx_word' id='word_1_483' title='bbox 662 3614 798 3667; x_wconf 89' lang='lat' dir='ltr'><strong>erat,</strong></span> <span class='ocrx_word' id='word_1_484' title='bbox 826 3613 880 3657; x_wconf 93' lang='lat' dir='ltr'><strong>et</strong></span> <span class='ocrx_word' id='word_1_485' title='bbox 909 3617 1004 3673; x_wconf 90' lang='lat' dir='ltr'><strong>per</strong></span> <span class='ocrx_word' id='word_1_486' title='bbox 1038 3603 1087 3656; x_wconf 90' lang='lat' dir='ltr'><strong>id</strong></span> <span class='ocrx_word' id='word_1_487' title='bbox 1122 3602 1398 3657; x_wconf 87' lang='lat' dir='ltr'><strong>rediturus</strong></span> <span class='ocrx_word' id='word_1_488' title='bbox 1425 3603 1491 3656; x_wconf 89' lang='lat' dir='ltr'><strong>ad</strong></span> <span class='ocrx_word' id='word_1_489' title='bbox 1521 3601 1810 3669; x_wconf 87' lang='lat' dir='ltr'><strong>pristinum</strong></span> <span class='ocrx_word' id='word_1_490' title='bbox 1847 3615 2004 3654; x_wconf 91' lang='lat' dir='ltr'><strong>suum</strong></span> 
     </span>
    </p>
   </div>
   <div class='ocr_carea' id='block_1_68' title="bbox 443 3691 2007 3762">
    <p class='ocr_par' dir='ltr' id='par_1_68' title="bbox 443 3691 2007 3762">
     <span class='ocr_line' id='line_1_68' title="bbox 443 3691 2007 3762; baseline -0.003 -16"><span class='ocrx_word' id='word_1_491' title='bbox 443 3693 714 3759; x_wconf 89' lang='lat' dir='ltr'><strong>ordinem,</strong></span> <span class='ocrx_word' id='word_1_492' title='bbox 768 3691 1143 3762; x_wconf 87' lang='lat' dir='ltr'><strong>gradumque?</strong></span> <span class='ocrx_word' id='word_1_493' title='bbox 1194 3691 1395 3760; x_wconf 90' lang='lat' dir='ltr'><strong>quippe</strong></span> <span class='ocrx_word' id='word_1_494' title='bbox 1442 3707 1563 3744; x_wconf 90' lang='lat' dir='ltr'><strong>eum</strong></span> <span class='ocrx_word' id='word_1_495' title='bbox 1613 3699 1756 3745; x_wconf 86' lang='lat' dir='ltr'><strong>esset</strong></span> <span class='ocrx_word' id='word_1_496' title='bbox 1805 3691 2007 3744; x_wconf 90' lang='lat' dir='ltr'><strong>bonum</strong></span> 
     </span>
    </p>
   </div>
   <div class='ocr_carea' id='block_1_69' title="bbox 443 3779 2013 3850">
    <p class='ocr_par' dir='ltr' id='par_1_69' title="bbox 443 3779 2013 3850">
     <span class='ocr_line' id='line_1_69' title="bbox 443 3779 2013 3850; baseline -0.001 -18"><span class='ocrx_word' id='word_1_497' title='bbox 443 3781 586 3849; x_wconf 88' lang='lat' dir='ltr'><strong>quod</strong></span> <span class='ocrx_word' id='word_1_498' title='bbox 634 3781 749 3850; x_wconf 90' lang='lat' dir='ltr'><strong>ipse</strong></span> <span class='ocrx_word' id='word_1_499' title='bbox 782 3791 1039 3849; x_wconf 73' lang='lat' dir='ltr'><strong>pitraret,</strong></span> <span class='ocrx_word' id='word_1_500' title='bbox 1077 3795 1180 3833; x_wconf 90' lang='lat' dir='ltr'><strong>non</strong></span> <span class='ocrx_word' id='word_1_501' title='bbox 1230 3780 1405 3833; x_wconf 90' lang='lat' dir='ltr'><strong>solum</strong></span> <span class='ocrx_word' id='word_1_502' title='bbox 1451 3779 1726 3834; x_wconf 83' lang='lat' dir='ltr'><strong>Creatoris</strong></span> <span class='ocrx_word' id='word_1_503' title='bbox 1771 3779 1853 3832; x_wconf 90' lang='lat' dir='ltr'><strong>sui</strong></span> <span class='ocrx_word' id='word_1_504' title='bbox 1896 3795 2013 3831; x_wconf 90' lang='lat' dir='ltr'><strong>mu-</strong></span> 
     </span>
    </p>
   </div>
   <div class='ocr_carea' id='block_1_70' title="bbox 443 3870 2013 3941">
    <p class='ocr_par' dir='ltr' id='par_1_70' title="bbox 443 3870 2013 3941">
     <span class='ocr_line' id='line_1_70' title="bbox 443 3870 2013 3941; baseline 0 -17"><span class='ocrx_word' id='word_1_505' title='bbox 443 3888 580 3935; x_wconf 92' lang='lat' dir='ltr'><strong>nus,</strong></span> <span class='ocrx_word' id='word_1_506' title='bbox 632 3887 816 3926; x_wconf 90' lang='lat' dir='ltr'><strong>verum</strong></span> <span class='ocrx_word' id='word_1_507' title='bbox 869 3873 1030 3925; x_wconf 88' lang='lat' dir='ltr'><strong>etiam</strong></span> <span class='ocrx_word' id='word_1_508' title='bbox 1083 3872 1254 3941; x_wconf 89' lang='lat' dir='ltr'><strong>ipsius</strong></span> <span class='ocrx_word' id='word_1_509' title='bbox 1307 3872 1586 3940; x_wconf 88' lang='lat' dir='ltr'><strong>proprium</strong></span> <span class='ocrx_word' id='word_1_510' title='bbox 1638 3886 1793 3940; x_wconf 87' lang='lat' dir='ltr'><strong>opus.</strong></span> <span class='ocrx_word' id='word_1_511' title='bbox 1845 3870 2013 3924; x_wconf 84' lang='lat' dir='ltr'><strong>Porro</strong></span> 
     </span>
    </p>
   </div>
   <div class='ocr_carea' id='block_1_71' title="bbox 444 3963 2015 4034">
    <p class='ocr_par' dir='ltr' id='par_1_71' title="bbox 444 3963 2015 4034">
     <span class='ocr_line' id='line_1_71' title="bbox 444 3963 2015 4034; baseline 0.001 -17"><span class='ocrx_word' id='word_1_512' title='bbox 444 3966 678 4034; x_wconf 86' lang='lat' dir='ltr'><strong>amplius</strong></span> <span class='ocrx_word' id='word_1_513' title='bbox 708 3965 870 4019; x_wconf 89' lang='lat' dir='ltr'><strong>etiam</strong></span> <span class='ocrx_word' id='word_1_514' title='bbox 918 3975 1069 4034; x_wconf 90' lang='lat' dir='ltr'><strong>urget</strong></span> <span class='ocrx_word' id='word_1_515' title='bbox 1101 3965 1311 4028; x_wconf 83' lang='lat' dir='ltr'><strong>Simon,</strong></span> <span class='ocrx_word' id='word_1_516' title='bbox 1341 3965 1526 4034; x_wconf 88' lang='lat' dir='ltr'><strong>aitque</strong></span> <span class='ocrx_word' id='word_1_517' title='bbox 1558 3981 1572 4017; x_wconf 87' lang='lat'><strong>:</strong></span> <span class='ocrx_word' id='word_1_518' title='bbox 1607 3963 1830 4018; x_wconf 83' lang='lat' dir='ltr'><strong>Volebat</strong></span> <span class='ocrx_word' id='word_1_519' title='bbox 1873 3965 2015 4018; x_wconf 88' lang='lat' dir='ltr'><strong>Deus</strong></span> 
     </span>
    </p>
   </div>
   <div class='ocr_carea' id='block_1_72' title="bbox 444 4055 2012 4126">
    <p class='ocr_par' dir='ltr' id='par_1_72' title="bbox 444 4055 2012 4126">
     <span class='ocr_line' id='line_1_72' title="bbox 444 4055 2012 4126; baseline -0.001 -18"><span class='ocrx_word' id='word_1_520' title='bbox 444 4055 714 4109; x_wconf 87' lang='lat' dir='ltr'><strong>Adamum</strong></span> <span class='ocrx_word' id='word_1_521' title='bbox 747 4071 971 4112; x_wconf 81' lang='lat' dir='ltr'><strong>manere</strong></span> <span class='ocrx_word' id='word_1_522' title='bbox 1020 4057 1072 4110; x_wconf 91' lang='lat' dir='ltr'><strong>in</strong></span> <span class='ocrx_word' id='word_1_523' title='bbox 1123 4057 1412 4126; x_wconf 88' lang='lat' dir='ltr'><strong>paradiso;</strong></span> <span class='ocrx_word' id='word_1_524' title='bbox 1467 4065 1520 4109; x_wconf 91' lang='lat' dir='ltr'><strong>at</strong></span> <span class='ocrx_word' id='word_1_525' title='bbox 1565 4056 1679 4124; x_wconf 90' lang='lat' dir='ltr'><strong>ipse</strong></span> <span class='ocrx_word' id='word_1_526' title='bbox 1726 4071 1819 4124; x_wconf 87' lang='lat' dir='ltr'><strong>per</strong></span> <span class='ocrx_word' id='word_1_527' title='bbox 1855 4069 2012 4109; x_wconf 92' lang='lat' dir='ltr'><strong>suum</strong></span> 
     </span>
    </p>
   </div>
   <div class='ocr_carea' id='block_1_73' title="bbox 446 4147 2016 4218">
    <p class='ocr_par' dir='ltr' id='par_1_73' title="bbox 446 4147 2016 4218">
     <span class='ocr_line' id='line_1_73' title="bbox 446 4147 2016 4218; baseline 0.001 -20"><span class='ocrx_word' id='word_1_528' title='bbox 446 4147 706 4218; x_wconf 85' lang='lat' dir='ltr'><strong>flagitium</strong></span> <span class='ocrx_word' id='word_1_529' title='bbox 759 4147 883 4202; x_wconf 88' lang='lat' dir='ltr'><strong>inde</strong></span> <span class='ocrx_word' id='word_1_530' title='bbox 933 4149 1170 4215; x_wconf 81' lang='lat' dir='ltr'><strong>excidit;</strong></span> <span class='ocrx_word' id='word_1_531' title='bbox 1220 4158 1339 4203; x_wconf 91' lang='lat' dir='ltr'><strong>erat</strong></span> <span class='ocrx_word' id='word_1_532' title='bbox 1385 4164 1516 4217; x_wconf 87' lang='lat' dir='ltr'><strong>ergo</strong></span> <span class='ocrx_word' id='word_1_533' title='bbox 1567 4149 1838 4217; x_wconf 86' lang='lat' dir='ltr'><strong>impotens</strong></span> <span class='ocrx_word' id='word_1_534' title='bbox 1886 4147 2016 4202; x_wconf 67' lang='grc' dir='ltr'><strong>Αάιε</strong></span> 
     </span>
    </p>
   </div>
   <div class='ocr_carea' id='block_1_74' title="bbox 446 4237 2014 4309">
    <p class='ocr_par' dir='ltr' id='par_1_74' title="bbox 446 4237 2014 4309">
     <span class='ocr_line' id='line_1_74' title="bbox 446 4237 2014 4309; baseline -0.002 -16"><span class='ocrx_word' id='word_1_535' title='bbox 446 4239 666 4293; x_wconf 82' lang='lat' dir='ltr'><strong>ell&#39;ector</strong></span> <span class='ocrx_word' id='word_1_536' title='bbox 712 4238 854 4295; x_wconf 90' lang='lat' dir='ltr'><strong>Deus</strong></span> <span class='ocrx_word' id='word_1_537' title='bbox 902 4249 961 4293; x_wconf 85' lang='lat' dir='ltr'><strong>ut</strong></span> <span class='ocrx_word' id='word_1_538' title='bbox 999 4241 1090 4309; x_wconf 90' lang='lat' dir='ltr'><strong>qui</strong></span> <span class='ocrx_word' id='word_1_539' title='bbox 1141 4255 1240 4308; x_wconf 90' lang='lat' dir='ltr'><strong>pro</strong></span> <span class='ocrx_word' id='word_1_540' title='bbox 1283 4255 1380 4294; x_wconf 89' lang='lat' dir='ltr'><strong>sua</strong></span> <span class='ocrx_word' id='word_1_541' title='bbox 1430 4241 1710 4294; x_wconf 87' lang='lat' dir='ltr'><strong>voluntate</strong></span> <span class='ocrx_word' id='word_1_542' title='bbox 1759 4239 1910 4292; x_wconf 90' lang='lat' dir='ltr'><strong>illum</strong></span> <span class='ocrx_word' id='word_1_543' title='bbox 1961 4237 2014 4291; x_wconf 92' lang='lat' dir='ltr'><strong>in</strong></span> 
     </span>
    </p>
   </div>
   <div class='ocr_carea' id='block_1_75' title="bbox 449 4328 2016 4402">
    <p class='ocr_par' dir='ltr' id='par_1_75' title="bbox 449 4328 2016 4402">
     <span class='ocr_line' id='line_1_75' title="bbox 449 4328 2016 4402; baseline 0.003 -20"><span class='ocrx_word' id='word_1_544' title='bbox 449 4330 700 4396; x_wconf 86' lang='lat' dir='ltr'><strong>paradiso</strong></span> <span class='ocrx_word' id='word_1_545' title='bbox 751 4330 985 4386; x_wconf 87' lang='lat' dir='ltr'><strong>retinere</strong></span> <span class='ocrx_word' id='word_1_546' title='bbox 1047 4332 1373 4402; x_wconf 87' lang='lat' dir='ltr'><strong>nequiverit.</strong></span> <span class='ocrx_word' id='word_1_547' title='bbox 1428 4332 1532 4387; x_wconf 83' lang='lat' dir='ltr'><strong>Sed</strong></span> <span class='ocrx_word' id='word_1_548' title='bbox 1627 4328 2016 4400; x_wconf 83' lang='lat' dir='ltr'><strong>respondemus</strong></span> 
     </span>
    </p>
   </div>
   <div class='ocr_carea' id='block_1_76' title="bbox 453 4418 2018 4494">
    <p class='ocr_par' dir='ltr' id='par_1_76' title="bbox 453 4418 2018 4494">
     <span class='ocr_line' id='line_1_76' title="bbox 453 4418 2018 4494; baseline 0.003 -23"><span class='ocrx_word' id='word_1_549' title='bbox 453 4418 641 4488; x_wconf 88' lang='lat' dir='ltr'><strong>Deum,</strong></span> <span class='ocrx_word' id='word_1_550' title='bbox 671 4423 763 4477; x_wconf 86' lang='lat' dir='ltr'><strong>ubi</strong></span> <span class='ocrx_word' id='word_1_551' title='bbox 809 4422 1072 4477; x_wconf 89' lang='lat' dir='ltr'><strong>Adamum</strong></span> <span class='ocrx_word' id='word_1_552' title='bbox 1109 4424 1440 4479; x_wconf 89' lang='lat' dir='ltr'><strong>condidisset</strong></span> <span class='ocrx_word' id='word_1_553' title='bbox 1485 4432 1650 4494; x_wconf 89' lang='lat' dir='ltr'><strong>atque</strong></span> <span class='ocrx_word' id='word_1_554' title='bbox 1681 4423 1733 4476; x_wconf 93' lang='lat' dir='ltr'><strong>in</strong></span> <span class='ocrx_word' id='word_1_555' title='bbox 1769 4423 2018 4490; x_wconf 89' lang='lat' dir='ltr'><strong>paradiso</strong></span> 
     </span>
    </p>
   </div>
   <div class='ocr_carea' id='block_1_77' title="bbox 2111 3231 3690 3290">
    <p class='ocr_par' dir='ltr' id='par_1_77' title="bbox 2111 3231 3690 3290">
     <span class='ocr_line' id='line_1_77' title="bbox 2111 3231 3690 3290; baseline -0.004 0"><span class='ocrx_word' id='word_1_556' title='bbox 2111 3235 2252 3290; x_wconf 87' lang='lat' dir='ltr'><strong>haud</strong></span> <span class='ocrx_word' id='word_1_557' title='bbox 2293 3235 2410 3288; x_wconf 92' lang='lat' dir='ltr'><strong>idco</strong></span> <span class='ocrx_word' id='word_1_558' title='bbox 2452 3233 2690 3288; x_wconf 87' lang='lat' dir='ltr'><strong>vetuisse</strong></span> <span class='ocrx_word' id='word_1_559' title='bbox 2736 3233 3003 3287; x_wconf 88' lang='lat' dir='ltr'><strong>Adamum</strong></span> <span class='ocrx_word' id='word_1_560' title='bbox 3051 3233 3194 3288; x_wconf 88' lang='lat' dir='ltr'><strong>vesci</strong></span> <span class='ocrx_word' id='word_1_561' title='bbox 3243 3233 3423 3286; x_wconf 89' lang='lat' dir='ltr'><strong>fructu</strong></span> <span class='ocrx_word' id='word_1_562' title='bbox 3471 3231 3690 3286; x_wconf 75' lang='lat' dir='ltr'><strong>arboris</strong></span> 
     </span>
    </p>
   </div>
   <div class='ocr_carea' id='block_1_78' title="bbox 2113 3323 3676 3393">
    <p class='ocr_par' dir='ltr' id='par_1_78' title="bbox 2113 3323 3676 3393">
     <span class='ocr_line' id='line_1_78' title="bbox 2113 3323 3676 3393; baseline -0.004 -12"><span class='ocrx_word' id='word_1_563' title='bbox 2113 3326 2355 3381; x_wconf 69' lang='lat' dir='ltr'><strong>scientiae</strong></span> <span class='ocrx_word' id='word_1_564' title='bbox 2401 3340 2468 3378; x_wconf 90' lang='lat' dir='ltr'><strong>ne</strong></span> <span class='ocrx_word' id='word_1_565' title='bbox 2515 3324 2715 3379; x_wconf 91' lang='lat' dir='ltr'><strong>bonum</strong></span> <span class='ocrx_word' id='word_1_566' title='bbox 2766 3325 3204 3393; x_wconf 86' lang='lat' dir='ltr'><strong>amplecteretur,</strong></span> <span class='ocrx_word' id='word_1_567' title='bbox 3253 3323 3556 3392; x_wconf 88' lang='lat' dir='ltr'><strong>malumque</strong></span> <span class='ocrx_word' id='word_1_568' title='bbox 3597 3323 3676 3375; x_wconf 86' lang='lat' dir='ltr'><strong>vi-</strong></span> 
     </span>
    </p>
   </div>
   <div class='ocr_carea' id='block_1_79' title="bbox 2109 3414 3688 3485">
    <p class='ocr_par' dir='ltr' id='par_1_79' title="bbox 2109 3414 3688 3485">
     <span class='ocr_line' id='line_1_79' title="bbox 2109 3414 3688 3485; baseline -0.004 -12"><span class='ocrx_word' id='word_1_569' title='bbox 2109 3427 2262 3482; x_wconf 87' lang='lat' dir='ltr'><strong>taret,</strong></span> <span class='ocrx_word' id='word_1_570' title='bbox 2309 3425 2367 3470; x_wconf 90' lang='lat' dir='ltr'><strong>ut</strong></span> <span class='ocrx_word' id='word_1_571' title='bbox 2402 3417 2766 3471; x_wconf 89' lang='lat' dir='ltr'><strong>calumniatur</strong></span> <span class='ocrx_word' id='word_1_572' title='bbox 2819 3416 3049 3480; x_wconf 89' lang='lat' dir='ltr'><strong>Simon;</strong></span> <span class='ocrx_word' id='word_1_573' title='bbox 3099 3416 3212 3485; x_wconf 88' lang='lat' dir='ltr'><strong>ipsa</strong></span> <span class='ocrx_word' id='word_1_574' title='bbox 3262 3421 3407 3469; x_wconf 86' lang='lat' dir='ltr'><strong>enim</strong></span> <span class='ocrx_word' id='word_1_575' title='bbox 3463 3429 3548 3470; x_wconf 89' lang='lat' dir='ltr'><strong>res</strong></span> <span class='ocrx_word' id='word_1_576' title='bbox 3597 3414 3688 3468; x_wconf 83' lang='lat' dir='ltr'><strong>Si-</strong></span> 
     </span>
    </p>
   </div>
   <div class='ocr_carea' id='block_1_80' title="bbox 2113 3505 3696 3576">
    <p class='ocr_par' dir='ltr' id='par_1_80' title="bbox 2113 3505 3696 3576">
     <span class='ocr_line' id='line_1_80' title="bbox 2113 3505 3696 3576; baseline -0.001 -16"><span class='ocrx_word' id='word_1_577' title='bbox 2113 3507 2293 3562; x_wconf 89' lang='lat' dir='ltr'><strong>monis</strong></span> <span class='ocrx_word' id='word_1_578' title='bbox 2324 3507 2488 3561; x_wconf 89' lang='lat' dir='ltr'><strong>verba</strong></span> <span class='ocrx_word' id='word_1_579' title='bbox 2527 3507 2803 3576; x_wconf 85' lang='lat' dir='ltr'><strong>redarguit</strong></span> <span class='ocrx_word' id='word_1_580' title='bbox 2829 3505 3122 3569; x_wconf 88' lang='lat' dir='ltr'><strong>mendacii,</strong></span> <span class='ocrx_word' id='word_1_581' title='bbox 3155 3521 3279 3560; x_wconf 89' lang='lat' dir='ltr'><strong>nam</strong></span> <span class='ocrx_word' id='word_1_582' title='bbox 3323 3508 3434 3560; x_wconf 91' lang='lat' dir='ltr'><strong>edit</strong></span> <span class='ocrx_word' id='word_1_583' title='bbox 3465 3506 3696 3574; x_wconf 66' lang='lat' dir='ltr'><strong>quideme</strong></span> 
     </span>
    </p>
   </div>
   <div class='ocr_carea' id='block_1_81' title="bbox 2111 3597 3697 3666">
    <p class='ocr_par' dir='ltr' id='par_1_81' title="bbox 2111 3597 3697 3666">
     <span class='ocr_line' id='line_1_81' title="bbox 2111 3597 3697 3666; baseline 0 -16"><span class='ocrx_word' id='word_1_584' title='bbox 2111 3597 2177 3651; x_wconf 90' lang='lat' dir='ltr'><strong>de</strong></span> <span class='ocrx_word' id='word_1_585' title='bbox 2215 3600 2411 3653; x_wconf 90' lang='lat' dir='ltr'><strong>arbore</strong></span> <span class='ocrx_word' id='word_1_586' title='bbox 2456 3598 2700 3652; x_wconf 70' lang='lat' dir='ltr'><strong>scientiae</strong></span> <span class='ocrx_word' id='word_1_587' title='bbox 2733 3599 2973 3653; x_wconf 84' lang='lat' dir='ltr'><strong>Adamus</strong></span> <span class='ocrx_word' id='word_1_588' title='bbox 3005 3613 3020 3652; x_wconf 92' lang='lat'><strong>:</strong></span> <span class='ocrx_word' id='word_1_589' title='bbox 3052 3606 3105 3652; x_wconf 90' lang='lat' dir='ltr'><strong>et</strong></span> <span class='ocrx_word' id='word_1_590' title='bbox 3136 3598 3263 3666; x_wconf 88' lang='lat' dir='ltr'><strong>quid</strong></span> <span class='ocrx_word' id='word_1_591' title='bbox 3298 3597 3524 3660; x_wconf 87' lang='lat' dir='ltr'><strong>bonum,</strong></span> <span class='ocrx_word' id='word_1_592' title='bbox 3557 3597 3697 3666; x_wconf 74' lang='lat' dir='ltr'><strong>quid</strong></span> 
     </span>
    </p>
   </div>
   <div class='ocr_carea' id='block_1_82' title="bbox 2113 3689 3692 3758">
    <p class='ocr_par' dir='ltr' id='par_1_82' title="bbox 2113 3689 3692 3758">
     <span class='ocr_line' id='line_1_82' title="bbox 2113 3689 3692 3758; baseline -0.002 -14"><span class='ocrx_word' id='word_1_593' title='bbox 2113 3689 2314 3744; x_wconf 86' lang='lat' dir='ltr'><strong>malum</strong></span> <span class='ocrx_word' id='word_1_594' title='bbox 2347 3699 2511 3754; x_wconf 88' lang='lat' dir='ltr'><strong>esset,</strong></span> <span class='ocrx_word' id='word_1_595' title='bbox 2553 3689 2694 3744; x_wconf 90' lang='lat' dir='ltr'><strong>facto</strong></span> <span class='ocrx_word' id='word_1_596' title='bbox 2734 3689 2975 3758; x_wconf 90' lang='lat' dir='ltr'><strong>periculo</strong></span> <span class='ocrx_word' id='word_1_597' title='bbox 3007 3689 3195 3744; x_wconf 88' lang='lat' dir='ltr'><strong>didicit</strong></span> <span class='ocrx_word' id='word_1_598' title='bbox 3229 3705 3245 3743; x_wconf 90' lang='lat'><strong>:</strong></span> <span class='ocrx_word' id='word_1_599' title='bbox 3281 3698 3332 3743; x_wconf 92' lang='lat' dir='ltr'><strong>et</strong></span> <span class='ocrx_word' id='word_1_600' title='bbox 3365 3697 3540 3742; x_wconf 89' lang='lat' dir='ltr'><strong>tamen</strong></span> <span class='ocrx_word' id='word_1_601' title='bbox 3577 3703 3692 3742; x_wconf 85' lang='lat' dir='ltr'><strong>non</strong></span> 
     </span>
    </p>
   </div>
   <div class='ocr_carea' id='block_1_83' title="bbox 2113 3779 3684 3838">
    <p class='ocr_par' dir='ltr' id='par_1_83' title="bbox 2113 3779 3684 3838">
     <span class='ocr_line' id='line_1_83' title="bbox 2113 3779 3684 3838; baseline -0.001 -4"><span class='ocrx_word' id='word_1_602' title='bbox 2113 3782 2273 3834; x_wconf 91' lang='lat' dir='ltr'><strong>modo</strong></span> <span class='ocrx_word' id='word_1_603' title='bbox 2318 3779 2467 3834; x_wconf 91' lang='lat' dir='ltr'><strong>nullo</strong></span> <span class='ocrx_word' id='word_1_604' title='bbox 2518 3781 2643 3834; x_wconf 87' lang='lat' dir='ltr'><strong>inde</strong></span> <span class='ocrx_word' id='word_1_605' title='bbox 2679 3781 2966 3836; x_wconf 88' lang='lat' dir='ltr'><strong>commodo</strong></span> <span class='ocrx_word' id='word_1_606' title='bbox 3012 3780 3311 3834; x_wconf 83' lang='lat' dir='ltr'><strong>utilitateve</strong></span> <span class='ocrx_word' id='word_1_607' title='bbox 3357 3788 3550 3834; x_wconf 88' lang='lat' dir='ltr'><strong>auctus</strong></span> <span class='ocrx_word' id='word_1_608' title='bbox 3583 3789 3684 3838; x_wconf 82' lang='lat' dir='ltr'><strong>est.</strong></span> 
     </span>
    </p>
   </div>
   <div class='ocr_carea' id='block_1_84' title="bbox 2113 3871 3700 3940">
    <p class='ocr_par' dir='ltr' id='par_1_84' title="bbox 2113 3871 3700 3940">
     <span class='ocr_line' id='line_1_84' title="bbox 2113 3871 3700 3940; baseline -0.001 -15"><span class='ocrx_word' id='word_1_609' title='bbox 2113 3871 2206 3925; x_wconf 90' lang='lat' dir='ltr'><strong>sed</strong></span> <span class='ocrx_word' id='word_1_610' title='bbox 2266 3871 2428 3924; x_wconf 90' lang='lat' dir='ltr'><strong>etiam</strong></span> <span class='ocrx_word' id='word_1_611' title='bbox 2488 3885 2685 3940; x_wconf 81' lang='lat' dir='ltr'><strong>magno</strong></span> <span class='ocrx_word' id='word_1_612' title='bbox 2734 3871 2934 3925; x_wconf 84' lang='lat' dir='ltr'><strong>damno</strong></span> <span class='ocrx_word' id='word_1_613' title='bbox 2986 3872 3282 3936; x_wconf 87' lang='lat' dir='ltr'><strong>multatus,</strong></span> <span class='ocrx_word' id='word_1_614' title='bbox 3337 3871 3536 3940; x_wconf 86' lang='lat' dir='ltr'><strong>quippe</strong></span> <span class='ocrx_word' id='word_1_615' title='bbox 3595 3871 3700 3938; x_wconf 83' lang='lat' dir='ltr'><strong>qui-</strong></span> 
     </span>
    </p>
   </div>
   <div class='ocr_carea' id='block_1_85' title="bbox 2114 3959 3698 4030">
    <p class='ocr_par' dir='ltr' id='par_1_85' title="bbox 2114 3959 3698 4030">
     <span class='ocr_line' id='line_1_85' title="bbox 2114 3959 3698 4030; baseline 0 -15"><span class='ocrx_word' id='word_1_616' title='bbox 2114 3961 2310 4015; x_wconf 88' lang='lat' dir='ltr'><strong>aeerba</strong></span> <span class='ocrx_word' id='word_1_617' title='bbox 2357 3975 2516 4029; x_wconf 72' lang='lat' dir='ltr'><strong>poena</strong></span> <span class='ocrx_word' id='word_1_618' title='bbox 2551 3971 2633 4015; x_wconf 90' lang='lat' dir='ltr'><strong>est</strong></span> <span class='ocrx_word' id='word_1_619' title='bbox 2672 3962 3088 4015; x_wconf 86' lang='lat' dir='ltr'><strong>condemnatus.</strong></span> <span class='ocrx_word' id='word_1_620' title='bbox 3135 3961 3240 4015; x_wconf 90' lang='lat' dir='ltr'><strong>Sed</strong></span> <span class='ocrx_word' id='word_1_621' title='bbox 3274 3961 3447 4030; x_wconf 81' lang='lat' dir='ltr'><strong>pergit</strong></span> <span class='ocrx_word' id='word_1_622' title='bbox 3491 3959 3698 4029; x_wconf 80' lang='lat' dir='ltr'><strong>impius</strong></span> 
     </span>
    </p>
   </div>
   <div class='ocr_carea' id='block_1_86' title="bbox 2115 4050 3694 4124">
    <p class='ocr_par' dir='ltr' id='par_1_86' title="bbox 2115 4050 3694 4124">
     <span class='ocr_line' id='line_1_86' title="bbox 2115 4050 3694 4124; baseline -0.003 -14"><span class='ocrx_word' id='word_1_623' title='bbox 2115 4056 2203 4111; x_wconf 88' lang='lat' dir='ltr'><strong>ille</strong></span> <span class='ocrx_word' id='word_1_624' title='bbox 2256 4053 2443 4124; x_wconf 80' lang='lat' dir='ltr'><strong>Magos</strong></span> <span class='ocrx_word' id='word_1_625' title='bbox 2495 4071 2508 4107; x_wconf 89' lang='lat'>:</span> <span class='ocrx_word' id='word_1_626' title='bbox 2564 4055 2631 4107; x_wconf 88' lang='lat' dir='ltr'><strong>At</strong></span> <span class='ocrx_word' id='word_1_627' title='bbox 2683 4053 2784 4107; x_wconf 90' lang='lat' dir='ltr'><strong>nisi</strong></span> <span class='ocrx_word' id='word_1_628' title='bbox 2817 4091 2832 4115; x_wconf 90' lang='lat'><strong>,</strong></span> <span class='ocrx_word' id='word_1_629' title='bbox 2887 4052 3106 4121; x_wconf 88' lang='lat' dir='ltr'><strong>inquit,</strong></span> <span class='ocrx_word' id='word_1_630' title='bbox 3155 4050 3380 4106; x_wconf 85' lang='lat' dir='ltr'><strong>Creator</strong></span> <span class='ocrx_word' id='word_1_631' title='bbox 3425 4052 3515 4107; x_wconf 85' lang='lat' dir='ltr'><strong>ille</strong></span> <span class='ocrx_word' id='word_1_632' title='bbox 3563 4051 3694 4106; x_wconf 78' lang='lat' dir='ltr'><strong>Adae</strong></span> 
     </span>
    </p>
   </div>
   <div class='ocr_carea' id='block_1_87' title="bbox 2114 4141 3687 4212">
    <p class='ocr_par' dir='ltr' id='par_1_87' title="bbox 2114 4141 3687 4212">
     <span class='ocr_line' id='line_1_87' title="bbox 2114 4141 3687 4212; baseline -0.006 -8"><span class='ocrx_word' id='word_1_633' title='bbox 2114 4149 2376 4204; x_wconf 79' lang='lat' dir='ltr'><strong>edixisset</strong></span> <span class='ocrx_word' id='word_1_634' title='bbox 2408 4160 2474 4200; x_wconf 90' lang='lat' dir='ltr'><strong>ne</strong></span> <span class='ocrx_word' id='word_1_635' title='bbox 2503 4145 2590 4198; x_wconf 91' lang='lat' dir='ltr'><strong>ille</strong></span> <span class='ocrx_word' id='word_1_636' title='bbox 2621 4143 2803 4196; x_wconf 86' lang='lat' dir='ltr'><strong>ederet</strong></span> <span class='ocrx_word' id='word_1_637' title='bbox 2833 4144 2898 4198; x_wconf 89' lang='lat' dir='ltr'><strong>de</strong></span> <span class='ocrx_word' id='word_1_638' title='bbox 2925 4157 2986 4197; x_wconf 91' lang='lat' dir='ltr'><strong>ea</strong></span> <span class='ocrx_word' id='word_1_639' title='bbox 3019 4142 3234 4207; x_wconf 84' lang='lat' dir='ltr'><strong>arbore,</strong></span> <span class='ocrx_word' id='word_1_640' title='bbox 3265 4141 3687 4212; x_wconf 86' lang='lat' dir='ltr'><strong>haudquaquam</strong></span> 
     </span>
    </p>
   </div>
   <div class='ocr_carea' id='block_1_88' title="bbox 2110 4231 3691 4310">
    <p class='ocr_par' dir='ltr' id='par_1_88' title="bbox 2110 4231 3691 4310">
     <span class='ocr_line' id='line_1_88' title="bbox 2110 4231 3691 4310; baseline -0.006 -16"><span class='ocrx_word' id='word_1_641' title='bbox 2110 4239 2378 4310; x_wconf 86' lang='lat' dir='ltr'><strong>judicium</strong></span> <span class='ocrx_word' id='word_1_642' title='bbox 2414 4237 2515 4292; x_wconf 92' lang='lat' dir='ltr'><strong>hoc</strong></span> <span class='ocrx_word' id='word_1_643' title='bbox 2541 4250 2868 4305; x_wconf 89' lang='lat' dir='ltr'><strong>poenamque</strong></span> <span class='ocrx_word' id='word_1_644' title='bbox 2898 4233 3229 4296; x_wconf 88' lang='lat' dir='ltr'><strong>subivisset;</strong></span> <span class='ocrx_word' id='word_1_645' title='bbox 3265 4232 3387 4285; x_wconf 89' lang='lat' dir='ltr'><strong>inde</strong></span> <span class='ocrx_word' id='word_1_646' title='bbox 3411 4231 3555 4286; x_wconf 89' lang='lat' dir='ltr'><strong>enim</strong></span> <span class='ocrx_word' id='word_1_647' title='bbox 3589 4231 3691 4285; x_wconf 88' lang='lat' dir='ltr'><strong>hoc</strong></span> 
     </span>
    </p>
   </div>
   <div class='ocr_carea' id='block_1_89' title="bbox 2117 4320 3692 4401">
    <p class='ocr_par' dir='ltr' id='par_1_89' title="bbox 2117 4320 3692 4401">
     <span class='ocr_line' id='line_1_89' title="bbox 2117 4320 3692 4401; baseline -0.009 -13"><span class='ocrx_word' id='word_1_648' title='bbox 2117 4333 2319 4388; x_wconf 88' lang='lat' dir='ltr'><strong>malum</strong></span> <span class='ocrx_word' id='word_1_649' title='bbox 2345 4329 2493 4401; x_wconf 92' lang='lat' dir='ltr'><strong>quod</strong></span> <span class='ocrx_word' id='word_1_650' title='bbox 2540 4336 2732 4383; x_wconf 87' lang='lat' dir='ltr'><strong>contra</strong></span> <span class='ocrx_word' id='word_1_651' title='bbox 2765 4325 2856 4380; x_wconf 89' lang='lat' dir='ltr'><strong>Dei</strong></span> <span class='ocrx_word' id='word_1_652' title='bbox 2889 4324 3126 4380; x_wconf 90' lang='lat' dir='ltr'><strong>edictum</strong></span> <span class='ocrx_word' id='word_1_653' title='bbox 3159 4324 3249 4377; x_wconf 89' lang='lat' dir='ltr'><strong>ille</strong></span> <span class='ocrx_word' id='word_1_654' title='bbox 3278 4320 3516 4386; x_wconf 86' lang='lat' dir='ltr'><strong>fecerat;</strong></span> <span class='ocrx_word' id='word_1_655' title='bbox 3551 4320 3692 4375; x_wconf 87' lang='lat' dir='ltr'><strong>Deus</strong></span> 
     </span>
    </p>
   </div>
   <div class='ocr_carea' id='block_1_90' title="bbox 2119 4414 3697 4493">
    <p class='ocr_par' dir='ltr' id='par_1_90' title="bbox 2119 4414 3697 4493">
     <span class='ocr_line' id='line_1_90' title="bbox 2119 4414 3697 4493; baseline -0.008 -14"><span class='ocrx_word' id='word_1_656' title='bbox 2119 4427 2263 4480; x_wconf 91' lang='lat' dir='ltr'><strong>enim</strong></span> <span class='ocrx_word' id='word_1_657' title='bbox 2301 4425 2542 4493; x_wconf 76' lang='lat' dir='ltr'><strong>jusserat</strong></span> <span class='ocrx_word' id='word_1_658' title='bbox 2589 4436 2657 4475; x_wconf 89' lang='lat' dir='ltr'><strong>ne</strong></span> <span class='ocrx_word' id='word_1_659' title='bbox 2704 4419 2908 4486; x_wconf 90' lang='lat' dir='ltr'><strong>ederet,</strong></span> <span class='ocrx_word' id='word_1_660' title='bbox 2959 4418 3075 4486; x_wconf 86' lang='lat' dir='ltr'><strong>ipse</strong></span> <span class='ocrx_word' id='word_1_661' title='bbox 3124 4430 3252 4471; x_wconf 90' lang='lat' dir='ltr'><strong>vero</strong></span> <span class='ocrx_word' id='word_1_662' title='bbox 3281 4414 3410 4470; x_wconf 91' lang='lat' dir='ltr'><strong>edit.</strong></span> <span class='ocrx_word' id='word_1_663' title='bbox 3452 4414 3557 4468; x_wconf 91' lang='lat' dir='ltr'><strong>Sed</strong></span> <span class='ocrx_word' id='word_1_664' title='bbox 3605 4428 3697 4468; x_wconf 80' lang='lat' dir='ltr'><strong>re-</strong></span> 
     </span>
    </p>
   </div>
   <div class='ocr_carea' id='block_1_91' title="bbox 452 4502 3700 4586">
    <p class='ocr_par' dir='ltr' id='par_1_91' title="bbox 452 4502 3700 4586">
     <span class='ocr_line' id='line_1_91' title="bbox 452 4502 3700 4586; baseline -0.002 -22"><span class='ocrx_word' id='word_1_665' title='bbox 452 4512 738 4579; x_wconf 84' lang='lat' dir='ltr'><strong>posuisset,</strong></span> <span class='ocrx_word' id='word_1_666' title='bbox 773 4529 1000 4583; x_wconf 88' lang='lat' dir='ltr'><strong>prorsus</strong></span> <span class='ocrx_word' id='word_1_667' title='bbox 1047 4514 1276 4568; x_wconf 89' lang='lat' dir='ltr'><strong>liberum</strong></span> <span class='ocrx_word' id='word_1_668' title='bbox 1324 4514 1426 4583; x_wconf 87' lang='lat' dir='ltr'><strong>ipsi</strong></span> <span class='ocrx_word' id='word_1_669' title='bbox 1473 4515 1665 4568; x_wconf 77' lang='lat' dir='ltr'><strong>fecisse</strong></span> <span class='ocrx_word' id='word_1_670' title='bbox 1707 4522 1767 4568; x_wconf 89' lang='lat' dir='ltr'><strong>ut</strong></span> <span class='ocrx_word' id='word_1_671' title='bbox 1803 4513 1881 4567; x_wconf 88' lang='lat' dir='ltr'><strong>vel</strong></span> <span class='ocrx_word' id='word_1_672' title='bbox 1916 4511 2016 4566; x_wconf 88' lang='lat' dir='ltr'><strong>ob-</strong></span> <span class='ocrx_word' id='word_1_673' title='bbox 2043 4502 2095 4562; x_wconf 90' lang='lat' dir='ltr'><strong>D</strong></span> <span class='ocrx_word' id='word_1_674' title='bbox 2124 4515 2455 4586; x_wconf 80' lang='lat' dir='ltr'><strong>spondentus</strong></span> <span class='ocrx_word' id='word_1_675' title='bbox 2505 4512 2674 4567; x_wconf 92' lang='lat' dir='ltr'><strong>Deum</strong></span> <span class='ocrx_word' id='word_1_676' title='bbox 2726 4525 2901 4580; x_wconf 91' lang='lat' dir='ltr'><strong>neque</strong></span> <span class='ocrx_word' id='word_1_677' title='bbox 2930 4507 3171 4564; x_wconf 88' lang='lat' dir='ltr'><strong>voluisse</strong></span> <span class='ocrx_word' id='word_1_678' title='bbox 3211 4515 3271 4561; x_wconf 92' lang='lat' dir='ltr'><strong>ut</strong></span> <span class='ocrx_word' id='word_1_679' title='bbox 3307 4505 3394 4560; x_wconf 89' lang='lat' dir='ltr'><strong>ille</strong></span> <span class='ocrx_word' id='word_1_680' title='bbox 3419 4505 3602 4560; x_wconf 89' lang='lat' dir='ltr'><strong>ederet</strong></span> <span class='ocrx_word' id='word_1_681' title='bbox 3630 4505 3700 4558; x_wconf 75' lang='lat' dir='ltr'><strong>de</strong></span> 
     </span>
    </p>
   </div>
   <div class='ocr_carea' id='block_1_92' title="bbox 451 4604 2008 4674">
    <p class='ocr_par' dir='ltr' id='par_1_92' title="bbox 451 4604 2008 4674">
     <span class='ocr_line' id='line_1_92' title="bbox 451 4604 2008 4674; baseline 0.001 -21"><span class='ocrx_word' id='word_1_682' title='bbox 451 4612 661 4658; x_wconf 86' lang='lat' dir='ltr'><strong>servata</strong></span> <span class='ocrx_word' id='word_1_683' title='bbox 695 4605 809 4674; x_wconf 83' lang='lat' dir='ltr'><strong>lege</strong></span> <span class='ocrx_word' id='word_1_684' title='bbox 854 4605 983 4658; x_wconf 92' lang='lat' dir='ltr'><strong>inibi</strong></span> <span class='ocrx_word' id='word_1_685' title='bbox 1021 4614 1286 4669; x_wconf 89' lang='lat' dir='ltr'><strong>maneret,</strong></span> <span class='ocrx_word' id='word_1_686' title='bbox 1319 4605 1400 4658; x_wconf 88' lang='lat' dir='ltr'><strong>vel</strong></span> <span class='ocrx_word' id='word_1_687' title='bbox 1444 4604 1618 4659; x_wconf 86' lang='lat' dir='ltr'><strong>fracta</strong></span> <span class='ocrx_word' id='word_1_688' title='bbox 1667 4605 1790 4658; x_wconf 87' lang='lat' dir='ltr'><strong>inde</strong></span> <span class='ocrx_word' id='word_1_689' title='bbox 1821 4605 2008 4656; x_wconf 83' lang='lat' dir='ltr'><strong>exiret.</strong></span> 
     </span>
    </p>
   </div>
   <div class='ocr_carea' id='block_1_93' title="bbox 451 4693 2016 4762">
    <p class='ocr_par' dir='ltr' id='par_1_93' title="bbox 451 4693 2016 4762">
     <span class='ocr_line' id='line_1_93' title="bbox 451 4693 2016 4762; baseline -0.003 -15"><span class='ocrx_word' id='word_1_690' title='bbox 451 4693 616 4762; x_wconf 81' lang='lat' dir='ltr'><strong>Igitur</strong></span> <span class='ocrx_word' id='word_1_691' title='bbox 660 4711 782 4749; x_wconf 90' lang='lat' dir='ltr'><strong>cum</strong></span> <span class='ocrx_word' id='word_1_692' title='bbox 825 4711 888 4749; x_wconf 89' lang='lat' dir='ltr'><strong>ca</strong></span> <span class='ocrx_word' id='word_1_693' title='bbox 934 4694 1010 4748; x_wconf 92' lang='lat' dir='ltr'><strong>illi</strong></span> <span class='ocrx_word' id='word_1_694' title='bbox 1053 4695 1308 4749; x_wconf 88' lang='lat' dir='ltr'><strong>voluntas</strong></span> <span class='ocrx_word' id='word_1_695' title='bbox 1358 4693 1545 4749; x_wconf 88' lang='lat' dir='ltr'><strong>fuisset</strong></span> <span class='ocrx_word' id='word_1_696' title='bbox 1595 4703 1653 4747; x_wconf 92' lang='lat' dir='ltr'><strong>ut</strong></span> <span class='ocrx_word' id='word_1_697' title='bbox 1699 4695 2016 4762; x_wconf 67' lang='lat' dir='ltr'><strong>iniparalitttt</strong></span> 
     </span>
    </p>
   </div>
   <div class='ocr_carea' id='block_1_94' title="bbox 446 4784 2018 4854">
    <p class='ocr_par' dir='ltr' id='par_1_94' title="bbox 446 4784 2018 4854">
     <span class='ocr_line' id='line_1_94' title="bbox 446 4784 2018 4854; baseline -0.001 -17"><span class='ocrx_word' id='word_1_698' title='bbox 446 4784 617 4854; x_wconf 77' lang='lat' dir='ltr'><strong>legem</strong></span> <span class='ocrx_word' id='word_1_699' title='bbox 651 4785 972 4851; x_wconf 81' lang='lat' dir='ltr'><strong>transiliret,</strong></span> <span class='ocrx_word' id='word_1_700' title='bbox 1023 4787 1217 4840; x_wconf 80' lang='lat' dir='ltr'><strong>merito</strong></span> <span class='ocrx_word' id='word_1_701' title='bbox 1251 4795 1509 4840; x_wconf 82' lang='lat' dir='ltr'><strong>extrusus</strong></span> <span class='ocrx_word' id='word_1_702' title='bbox 1556 4794 1640 4840; x_wconf 89' lang='lat' dir='ltr'><strong>est</strong></span> <span class='ocrx_word' id='word_1_703' title='bbox 1685 4784 1937 4854; x_wconf 86' lang='lat' dir='ltr'><strong>parad&#39;so</strong></span> <span class='ocrx_word' id='word_1_704' title='bbox 1965 4789 2018 4836; x_wconf 84' lang='lat' dir='ltr'><strong>et</strong></span> 
     </span>
    </p>
   </div>
   <div class='ocr_carea' id='block_1_95' title="bbox 448 4876 2016 4946">
    <p class='ocr_par' dir='ltr' id='par_1_95' title="bbox 448 4876 2016 4946">
     <span class='ocr_line' id='line_1_95' title="bbox 448 4876 2016 4946; baseline 0.001 -18"><span class='ocrx_word' id='word_1_705' title='bbox 448 4885 626 4930; x_wconf 90' lang='lat' dir='ltr'><strong>morte</strong></span> <span class='ocrx_word' id='word_1_706' title='bbox 648 4877 809 4930; x_wconf 89' lang='lat' dir='ltr'><strong>etiam</strong></span> <span class='ocrx_word' id='word_1_707' title='bbox 836 4877 1143 4942; x_wconf 85' lang='lat' dir='ltr'><strong>damnatus,</strong></span> <span class='ocrx_word' id='word_1_708' title='bbox 1171 4887 1390 4946; x_wconf 90' lang='lat' dir='ltr'><strong>propter</strong></span> <span class='ocrx_word' id='word_1_709' title='bbox 1410 4876 1707 4932; x_wconf 89' lang='lat' dir='ltr'><strong>admissum</strong></span> <span class='ocrx_word' id='word_1_710' title='bbox 1734 4883 2016 4944; x_wconf 90' lang='lat' dir='ltr'><strong>peccatum</strong></span> 
     </span>
    </p>
   </div>
   <div class='ocr_carea' id='block_1_96' title="bbox 451 4967 2020 5038">
    <p class='ocr_par' dir='ltr' id='par_1_96' title="bbox 451 4967 2020 5038">
     <span class='ocr_line' id='line_1_96' title="bbox 451 4967 2020 5038; baseline -0.001 -16"><span class='ocrx_word' id='word_1_711' title='bbox 451 4968 696 5034; x_wconf 87' lang='lat' dir='ltr'><strong>scilicet;</strong></span> <span class='ocrx_word' id='word_1_712' title='bbox 730 4976 785 5022; x_wconf 91' lang='lat' dir='ltr'><strong>et</strong></span> <span class='ocrx_word' id='word_1_713' title='bbox 822 4968 988 5022; x_wconf 91' lang='lat' dir='ltr'><strong>simul</strong></span> <span class='ocrx_word' id='word_1_714' title='bbox 1024 4983 1090 5023; x_wconf 92' lang='lat' dir='ltr'><strong>ne</strong></span> <span class='ocrx_word' id='word_1_715' title='bbox 1129 4969 1301 5038; x_wconf 88' lang='lat' dir='ltr'><strong>ipsius</strong></span> <span class='ocrx_word' id='word_1_716' title='bbox 1341 4969 1580 5037; x_wconf 87' lang='lat' dir='ltr'><strong>pravitas</strong></span> <span class='ocrx_word' id='word_1_717' title='bbox 1619 4967 1760 5021; x_wconf 91' lang='lat' dir='ltr'><strong>foret</strong></span> <span class='ocrx_word' id='word_1_718' title='bbox 1794 4967 2020 5020; x_wconf 87' lang='lat' dir='ltr'><strong>immor-</strong></span> 
     </span>
    </p>
   </div>
   <div class='ocr_carea' id='block_1_97' title="bbox 453 5060 2021 5130">
    <p class='ocr_par' dir='ltr' id='par_1_97' title="bbox 453 5060 2021 5130">
     <span class='ocr_line' id='line_1_97' title="bbox 453 5060 2021 5130; baseline 0 -16"><span class='ocrx_word' id='word_1_719' title='bbox 453 5061 595 5125; x_wconf 87' lang='lat' dir='ltr'><strong>talis,</strong></span> <span class='ocrx_word' id='word_1_720' title='bbox 619 5061 795 5130; x_wconf 89' lang='lat' dir='ltr'><strong>qualis</strong></span> <span class='ocrx_word' id='word_1_721' title='bbox 816 5071 899 5116; x_wconf 82' lang='lat' dir='ltr'><strong>est</strong></span> <span class='ocrx_word' id='word_1_722' title='bbox 927 5061 1149 5116; x_wconf 89' lang='lat' dir='ltr'><strong>diaboli.</strong></span> <span class='ocrx_word' id='word_1_723' title='bbox 1173 5062 1394 5116; x_wconf 88' lang='lat' dir='ltr'><strong>Accedit</strong></span> <span class='ocrx_word' id='word_1_724' title='bbox 1419 5061 1549 5128; x_wconf 91' lang='lat' dir='ltr'><strong>huc,</strong></span> <span class='ocrx_word' id='word_1_725' title='bbox 1573 5069 1630 5115; x_wconf 90' lang='lat' dir='ltr'><strong>ut</strong></span> <span class='ocrx_word' id='word_1_726' title='bbox 1656 5069 1800 5115; x_wconf 89' lang='lat' dir='ltr'><strong>metu</strong></span> <span class='ocrx_word' id='word_1_727' title='bbox 1830 5060 2021 5114; x_wconf 78' lang='lat' dir='ltr'><strong>mortis</strong></span> 
     </span>
    </p>
   </div>
   <div class='ocr_carea' id='block_1_98' title="bbox 453 5148 2022 5223">
    <p class='ocr_par' dir='ltr' id='par_1_98' title="bbox 453 5148 2022 5223">
     <span class='ocr_line' id='line_1_98' title="bbox 453 5148 2022 5223; baseline -0.004 -13"><span class='ocrx_word' id='word_1_728' title='bbox 453 5155 613 5223; x_wconf 89' lang='lat' dir='ltr'><strong>cujus</strong></span> <span class='ocrx_word' id='word_1_729' title='bbox 662 5169 759 5223; x_wconf 92' lang='lat' dir='ltr'><strong>per</strong></span> <span class='ocrx_word' id='word_1_730' title='bbox 807 5153 1132 5209; x_wconf 87' lang='lat' dir='ltr'><strong>sententiam</strong></span> <span class='ocrx_word' id='word_1_731' title='bbox 1180 5168 1306 5206; x_wconf 92' lang='lat' dir='ltr'><strong>reus</strong></span> <span class='ocrx_word' id='word_1_732' title='bbox 1353 5161 1502 5215; x_wconf 87' lang='lat' dir='ltr'><strong>erat,</strong></span> <span class='ocrx_word' id='word_1_733' title='bbox 1559 5165 1779 5205; x_wconf 89' lang='lat' dir='ltr'><strong>causam</strong></span> <span class='ocrx_word' id='word_1_734' title='bbox 1830 5148 2022 5203; x_wconf 80' lang='lat' dir='ltr'><strong>mortis</strong></span> 
     </span>
    </p>
   </div>
   <div class='ocr_carea' id='block_1_99' title="bbox 455 5243 2019 5315">
    <p class='ocr_par' dir='ltr' id='par_1_99' title="bbox 455 5243 2019 5315">
     <span class='ocr_line' id='line_1_99' title="bbox 455 5243 2019 5315; baseline -0.004 -14"><span class='ocrx_word' id='word_1_735' title='bbox 455 5255 739 5315; x_wconf 87' lang='lat' dir='ltr'><strong>peceatum</strong></span> <span class='ocrx_word' id='word_1_736' title='bbox 765 5247 981 5310; x_wconf 88' lang='lat' dir='ltr'><strong>vitaret,</strong></span> <span class='ocrx_word' id='word_1_737' title='bbox 1008 5254 1064 5298; x_wconf 89' lang='lat' dir='ltr'><strong>ct</strong></span> <span class='ocrx_word' id='word_1_738' title='bbox 1087 5244 1213 5299; x_wconf 91' lang='lat' dir='ltr'><strong>huic</strong></span> <span class='ocrx_word' id='word_1_739' title='bbox 1242 5246 1527 5299; x_wconf 63' lang='lat' dir='ltr'><strong>contrariae</strong></span> <span class='ocrx_word' id='word_1_740' title='bbox 1551 5243 1778 5311; x_wconf 76' lang='lat' dir='ltr'><strong>iustitia:</strong></span> <span class='ocrx_word' id='word_1_741' title='bbox 1799 5255 2019 5310; x_wconf 88' lang='lat' dir='ltr'><strong>operam</strong></span> 
     </span>
    </p>
   </div>
   <div class='ocr_carea' id='block_1_100' title="bbox 455 5329 2026 5407">
    <p class='ocr_par' dir='ltr' id='par_1_100' title="bbox 455 5329 2026 5407">
     <span class='ocr_line' id='line_1_100' title="bbox 455 5329 2026 5407; baseline -0.005 -13"><span class='ocrx_word' id='word_1_742' title='bbox 455 5343 608 5394; x_wconf 88' lang='lat' dir='ltr'><strong>daret</strong></span> <span class='ocrx_word' id='word_1_743' title='bbox 641 5356 655 5394; x_wconf 92' lang='lat'><strong>:</strong></span> <span class='ocrx_word' id='word_1_744' title='bbox 685 5339 919 5407; x_wconf 87' lang='lat' dir='ltr'><strong>denique</strong></span> <span class='ocrx_word' id='word_1_745' title='bbox 951 5353 1077 5392; x_wconf 90' lang='lat' dir='ltr'><strong>cum</strong></span> <span class='ocrx_word' id='word_1_746' title='bbox 1119 5337 1246 5391; x_wconf 92' lang='lat' dir='ltr'><strong>olim</strong></span> <span class='ocrx_word' id='word_1_747' title='bbox 1276 5351 1342 5392; x_wconf 82' lang='lat' dir='ltr'><strong>ex</strong></span> <span class='ocrx_word' id='word_1_748' title='bbox 1380 5333 1909 5405; x_wconf 82' lang='lat' dir='ltr'><strong>ipsius&#39;posteritate</strong></span> <span class='ocrx_word' id='word_1_749' title='bbox 1942 5329 2026 5387; x_wconf 86' lang='lat' dir='ltr'><strong>fu-</strong></span> 
     </span>
    </p>
   </div>
   <div class='ocr_carea' id='block_1_101' title="bbox 458 5425 2026 5498">
    <p class='ocr_par' dir='ltr' id='par_1_101' title="bbox 458 5425 2026 5498">
     <span class='ocr_line' id='line_1_101' title="bbox 458 5425 2026 5498; baseline -0.003 -14"><span class='ocrx_word' id='word_1_750' title='bbox 458 5431 567 5486; x_wconf 89' lang='lat' dir='ltr'><strong>turi</strong></span> <span class='ocrx_word' id='word_1_751' title='bbox 594 5439 780 5487; x_wconf 90' lang='lat' dir='ltr'><strong>essent</strong></span> <span class='ocrx_word' id='word_1_752' title='bbox 809 5438 1092 5498; x_wconf 81' lang='lat' dir='ltr'><strong>martyres,</strong></span> <span class='ocrx_word' id='word_1_753' title='bbox 1126 5428 1231 5482; x_wconf 88' lang='lat' dir='ltr'><strong>lata</strong></span> <span class='ocrx_word' id='word_1_754' title='bbox 1256 5436 1338 5482; x_wconf 87' lang='lat' dir='ltr'><strong>est</strong></span> <span class='ocrx_word' id='word_1_755' title='bbox 1365 5427 1624 5482; x_wconf 85' lang='lat' dir='ltr'><strong>adversus</strong></span> <span class='ocrx_word' id='word_1_756' title='bbox 1659 5426 1805 5479; x_wconf 88' lang='lat' dir='ltr'><strong>illum</strong></span> <span class='ocrx_word' id='word_1_757' title='bbox 1832 5425 2026 5480; x_wconf 90' lang='lat' dir='ltr'><strong>mortis</strong></span> 
     </span>
    </p>
   </div>
   <div class='ocr_carea' id='block_1_102' title="bbox 457 5518 2026 5592">
    <p class='ocr_par' dir='ltr' id='par_1_102' title="bbox 457 5518 2026 5592">
     <span class='ocr_line' id='line_1_102' title="bbox 457 5518 2026 5592; baseline -0.005 -12"><span class='ocrx_word' id='word_1_758' title='bbox 457 5524 752 5586; x_wconf 88' lang='lat' dir='ltr'><strong>sententia,</strong></span> <span class='ocrx_word' id='word_1_759' title='bbox 782 5532 840 5577; x_wconf 90' lang='lat' dir='ltr'><strong>ut</strong></span> <span class='ocrx_word' id='word_1_760' title='bbox 878 5521 933 5576; x_wconf 90' lang='lat' dir='ltr'><strong>hi</strong></span> <span class='ocrx_word' id='word_1_761' title='bbox 968 5537 1066 5592; x_wconf 90' lang='lat' dir='ltr'><strong>per</strong></span> <span class='ocrx_word' id='word_1_762' title='bbox 1099 5529 1328 5576; x_wconf 90' lang='lat' dir='ltr'><strong>mortem</strong></span> <span class='ocrx_word' id='word_1_763' title='bbox 1361 5534 1458 5584; x_wconf 88' lang='lat' dir='ltr'><strong>pro</strong></span> <span class='ocrx_word' id='word_1_764' title='bbox 1491 5533 1590 5574; x_wconf 86' lang='lat' dir='ltr'><strong>sua</strong></span> <span class='ocrx_word' id='word_1_765' title='bbox 1623 5518 1675 5573; x_wconf 92' lang='lat' dir='ltr'><strong>in</strong></span> <span class='ocrx_word' id='word_1_766' title='bbox 1709 5518 1879 5573; x_wconf 89' lang='lat' dir='ltr'><strong>Deutn</strong></span> <span class='ocrx_word' id='word_1_767' title='bbox 1914 5520 2026 5588; x_wconf 83' lang='lat' dir='ltr'><strong>pio-</strong></span> 
     </span>
    </p>
   </div>
   <div class='ocr_carea' id='block_1_103' title="bbox 460 5607 2026 5682">
    <p class='ocr_par' dir='ltr' id='par_1_103' title="bbox 460 5607 2026 5682">
     <span class='ocr_line' id='line_1_103' title="bbox 460 5607 2026 5682; baseline 0 -18"><span class='ocrx_word' id='word_1_768' title='bbox 460 5622 571 5667; x_wconf 87' lang='lat' dir='ltr'><strong>tate</strong></span> <span class='ocrx_word' id='word_1_769' title='bbox 629 5621 794 5682; x_wconf 86' lang='lat' dir='ltr'><strong>atque</strong></span> <span class='ocrx_word' id='word_1_770' title='bbox 856 5611 1156 5666; x_wconf 87' lang='lat' dir='ltr'><strong>reverentia</strong></span> <span class='ocrx_word' id='word_1_771' title='bbox 1220 5609 1464 5670; x_wconf 88' lang='lat' dir='ltr'><strong>obitam,</strong></span> <span class='ocrx_word' id='word_1_772' title='bbox 1516 5621 1750 5662; x_wconf 85' lang='lat' dir='ltr'><strong>coronas</strong></span> <span class='ocrx_word' id='word_1_773' title='bbox 1803 5607 2026 5677; x_wconf 76' lang='lat' dir='ltr'><strong>adipiSci</strong></span> 
     </span>
    </p>
   </div>
   <div class='ocr_carea' id='block_1_104' title="bbox 461 5697 2022 5770">
    <p class='ocr_par' dir='ltr' id='par_1_104' title="bbox 461 5697 2022 5770">
     <span class='ocr_line' id='line_1_104' title="bbox 461 5697 2022 5770; baseline 0.002 -16"><span class='ocrx_word' id='word_1_774' title='bbox 461 5711 686 5770; x_wconf 88' lang='lat' dir='ltr'><strong>possent</strong></span> <span class='ocrx_word' id='word_1_775' title='bbox 711 5702 956 5770; x_wconf 63' lang='lat' dir='ltr'><strong>justitia.</strong></span> <span class='ocrx_word' id='word_1_776' title='bbox 1019 5699 1122 5758; x_wconf 83' lang='lat' dir='ltr'><strong>Sed</strong></span> <span class='ocrx_word' id='word_1_777' title='bbox 1185 5701 1554 5770; x_wconf 60' lang='lat' dir='ltr'><strong>revertamur]</strong></span> <span class='ocrx_word' id='word_1_778' title='bbox 1579 5697 2022 5769; x_wconf 87' lang='lat' dir='ltr'><strong>uudc.paululum</strong></span> 
     </span>
    </p>
   </div>
   <div class='ocr_carea' id='block_1_105' title="bbox 473 5793 946 5858">
    <p class='ocr_par' dir='ltr' id='par_1_105' title="bbox 473 5793 946 5858">
     <span class='ocr_line' id='line_1_105' title="bbox 473 5793 946 5858; baseline 0.002 -12"><span class='ocrx_word' id='word_1_779' title='bbox 473 5793 698 5858; x_wconf 81' lang='lat' dir='ltr'><strong>digressi</strong></span> <span class='ocrx_word' id='word_1_780' title='bbox 735 5809 946 5849; x_wconf 83' lang='lat' dir='ltr'><strong>sumus.</strong></span> 
     </span>
    </p>
   </div>
   <div class='ocr_carea' id='block_1_106' title="bbox 2118 4594 3695 4662">
    <p class='ocr_par' dir='ltr' id='par_1_106' title="bbox 2118 4594 3695 4662">
     <span class='ocr_line' id='line_1_106' title="bbox 2118 4594 3695 4662; baseline -0.01 0"><span class='ocrx_word' id='word_1_781' title='bbox 2118 4623 2178 4662; x_wconf 90' lang='lat' dir='ltr'><strong>ea</strong></span> <span class='ocrx_word' id='word_1_782' title='bbox 2227 4607 2440 4660; x_wconf 86' lang='lat' dir='ltr'><strong>arbore.</strong></span> <span class='ocrx_word' id='word_1_783' title='bbox 2490 4602 2622 4658; x_wconf 86' lang='lat' dir='ltr'><strong>Nam</strong></span> <span class='ocrx_word' id='word_1_784' title='bbox 2671 4603 2715 4657; x_wconf 92' lang='lat' dir='ltr'><strong>si</strong></span> <span class='ocrx_word' id='word_1_785' title='bbox 2762 4601 3022 4656; x_wconf 86' lang='lat' dir='ltr'><strong>voluisset</strong></span> <span class='ocrx_word' id='word_1_786' title='bbox 3068 4606 3128 4653; x_wconf 90' lang='lat' dir='ltr'><strong>ut</strong></span> <span class='ocrx_word' id='word_1_787' title='bbox 3173 4597 3380 4657; x_wconf 83' lang='lat' dir='ltr'><strong>ederet,</strong></span> <span class='ocrx_word' id='word_1_788' title='bbox 3429 4596 3536 4650; x_wconf 93' lang='lat' dir='ltr'><strong>duo</strong></span> <span class='ocrx_word' id='word_1_789' title='bbox 3579 4594 3695 4657; x_wconf 57' lang='lat' dir='ltr'><strong>hac</strong></span> 
     </span>
    </p>
   </div>
   <div class='ocr_carea' id='block_1_107' title="bbox 2120 4688 3692 4754">
    <p class='ocr_par' dir='ltr' id='par_1_107' title="bbox 2120 4688 3692 4754">
     <span class='ocr_line' id='line_1_107' title="bbox 2120 4688 3692 4754; baseline -0.009 -2"><span class='ocrx_word' id='word_1_790' title='bbox 2120 4698 2357 4753; x_wconf 84' lang='lat' dir='ltr'><strong>absurda</strong></span> <span class='ocrx_word' id='word_1_791' title='bbox 2394 4697 2794 4750; x_wconf 73' lang='lat' dir='ltr'><strong>conﬁcerentur</strong></span> <span class='ocrx_word' id='word_1_792' title='bbox 2826 4711 2839 4747; x_wconf 90' lang='lat'><strong>:</strong></span> <span class='ocrx_word' id='word_1_793' title='bbox 2871 4693 3126 4754; x_wconf 87' lang='lat' dir='ltr'><strong>alterum,</strong></span> <span class='ocrx_word' id='word_1_794' title='bbox 3161 4688 3330 4743; x_wconf 87' lang='lat' dir='ltr'><strong>Deum</strong></span> <span class='ocrx_word' id='word_1_795' title='bbox 3363 4688 3692 4742; x_wconf 85' lang='lat' dir='ltr'><strong>verbotenus</strong></span> 
     </span>
    </p>
   </div>
   <div class='ocr_carea' id='block_1_108' title="bbox 2122 4778 3694 4852">
    <p class='ocr_par' dir='ltr' id='par_1_108' title="bbox 2122 4778 3694 4852">
     <span class='ocr_line' id='line_1_108' title="bbox 2122 4778 3694 4852; baseline -0.006 -11"><span class='ocrx_word' id='word_1_796' title='bbox 2122 4788 2407 4841; x_wconf 73' lang='lat' dir='ltr'><strong>mandasse</strong></span> <span class='ocrx_word' id='word_1_797' title='bbox 2459 4784 2600 4852; x_wconf 90' lang='lat' dir='ltr'><strong>quod</strong></span> <span class='ocrx_word' id='word_1_798' title='bbox 2656 4784 2830 4852; x_wconf 89' lang='lat' dir='ltr'><strong>rcipsa</strong></span> <span class='ocrx_word' id='word_1_799' title='bbox 2880 4781 2993 4837; x_wconf 79' lang='lat' dir='ltr'><strong>fieri</strong></span> <span class='ocrx_word' id='word_1_800' title='bbox 3061 4780 3360 4841; x_wconf 86' lang='lat' dir='ltr'><strong>noluisset,</strong></span> <span class='ocrx_word' id='word_1_801' title='bbox 3428 4778 3694 4841; x_wconf 90' lang='lat' dir='ltr'><strong>alterum,</strong></span> 
     </span>
    </p>
   </div>
   <div class='ocr_carea' id='block_1_109' title="bbox 2121 4868 3694 4946">
    <p class='ocr_par' dir='ltr' id='par_1_109' title="bbox 2121 4868 3694 4946">
     <span class='ocr_line' id='line_1_109' title="bbox 2121 4868 3694 4946; baseline -0.008 -14"><span class='ocrx_word' id='word_1_802' title='bbox 2121 4893 2245 4933; x_wconf 90' lang='lat' dir='ltr'><strong>eum</strong></span> <span class='ocrx_word' id='word_1_803' title='bbox 2283 4877 2377 4946; x_wconf 90' lang='lat' dir='ltr'><strong>qui</strong></span> <span class='ocrx_word' id='word_1_804' title='bbox 2415 4876 2680 4930; x_wconf 83' lang='lat' dir='ltr'><strong>adversus</strong></span> <span class='ocrx_word' id='word_1_805' title='bbox 2726 4872 3042 4929; x_wconf 87' lang='lat' dir='ltr'><strong>Conditoris</strong></span> <span class='ocrx_word' id='word_1_806' title='bbox 3088 4871 3174 4926; x_wconf 91' lang='lat' dir='ltr'><strong>sui</strong></span> <span class='ocrx_word' id='word_1_807' title='bbox 3221 4870 3374 4940; x_wconf 89' lang='lat' dir='ltr'><strong>jussa</strong></span> <span class='ocrx_word' id='word_1_808' title='bbox 3421 4868 3694 4939; x_wconf 80' lang='lat' dir='ltr'><strong>propalam</strong></span> 
     </span>
    </p>
   </div>
   <div class='ocr_carea' id='block_1_110' title="bbox 2124 4957 3696 5038">
    <p class='ocr_par' dir='ltr' id='par_1_110' title="bbox 2124 4957 3696 5038">
     <span class='ocr_line' id='line_1_110' title="bbox 2124 4957 3696 5038; baseline -0.008 -16"><span class='ocrx_word' id='word_1_809' title='bbox 2124 4969 2338 5038; x_wconf 88' lang='lat' dir='ltr'><strong>agebat,</strong></span> <span class='ocrx_word' id='word_1_810' title='bbox 2375 4966 2639 5022; x_wconf 88' lang='lat' dir='ltr'><strong>voluntati</strong></span> <span class='ocrx_word' id='word_1_811' title='bbox 2689 4966 2860 5033; x_wconf 88' lang='lat' dir='ltr'><strong>ipsius</strong></span> <span class='ocrx_word' id='word_1_812' title='bbox 2897 4964 3095 5018; x_wconf 79' lang='lat' dir='ltr'><strong>fecisse</strong></span> <span class='ocrx_word' id='word_1_813' title='bbox 3140 4961 3295 5028; x_wconf 90' lang='lat' dir='ltr'><strong>satis,</strong></span> <span class='ocrx_word' id='word_1_814' title='bbox 3345 4957 3696 5031; x_wconf 89' lang='lat' dir='ltr'><strong>quantumvis</strong></span> 
     </span>
    </p>
   </div>
   <div class='ocr_carea' id='block_1_111' title="bbox 2124 5038 3696 5126">
    <p class='ocr_par' dir='ltr' id='par_1_111' title="bbox 2124 5038 3696 5126">
     <span class='ocr_line' id='line_1_111' title="bbox 2124 5038 3696 5126; baseline -0.006 -16"><span class='ocrx_word' id='word_1_815' title='bbox 2124 5059 2366 5113; x_wconf 89' lang='lat' dir='ltr'><strong>nescium</strong></span> <span class='ocrx_word' id='word_1_816' title='bbox 2440 5067 2602 5126; x_wconf 92' lang='lat' dir='ltr'><strong>atque</strong></span> <span class='ocrx_word' id='word_1_817' title='bbox 2675 5038 3102 5126; x_wconf 77' lang='lat' dir='ltr'><strong>imprudentem.</strong></span> <span class='ocrx_word' id='word_1_818' title='bbox 3177 5053 3274 5107; x_wconf 88' lang='lat' dir='ltr'><strong>Sin</strong></span> <span class='ocrx_word' id='word_1_819' title='bbox 3334 5051 3696 5106; x_wconf 87' lang='lat' dir='ltr'><strong>voluissctne</strong></span> 
     </span>
    </p>
   </div>
   <div class='ocr_carea' id='block_1_112' title="bbox 2123 5140 3694 5218">
    <p class='ocr_par' dir='ltr' id='par_1_112' title="bbox 2123 5140 3694 5218">
     <span class='ocr_line' id='line_1_112' title="bbox 2123 5140 3694 5218; baseline -0.008 -14"><span class='ocrx_word' id='word_1_820' title='bbox 2123 5151 2327 5213; x_wconf 86' lang='lat' dir='ltr'><strong>ederet,</strong></span> <span class='ocrx_word' id='word_1_821' title='bbox 2363 5150 2532 5204; x_wconf 87' lang='lat' dir='ltr'><strong>videri</strong></span> <span class='ocrx_word' id='word_1_822' title='bbox 2575 5158 2787 5218; x_wconf 89' lang='lat' dir='ltr'><strong>poterat</strong></span> <span class='ocrx_word' id='word_1_823' title='bbox 2821 5147 3124 5203; x_wconf 85' lang='lat' dir='ltr'><strong>imbecillus</strong></span> <span class='ocrx_word' id='word_1_824' title='bbox 3153 5161 3168 5200; x_wconf 89' lang='lat'><strong>:</strong></span> <span class='ocrx_word' id='word_1_825' title='bbox 3201 5155 3260 5200; x_wconf 89' lang='lat' dir='ltr'><strong>ut</strong></span> <span class='ocrx_word' id='word_1_826' title='bbox 3289 5143 3448 5214; x_wconf 90' lang='lat' dir='ltr'><strong>cujus</strong></span> <span class='ocrx_word' id='word_1_827' title='bbox 3497 5140 3694 5194; x_wconf 82' lang='lat' dir='ltr'><strong>volun-</strong></span> 
     </span>
    </p>
   </div>
   <div class='ocr_carea' id='block_1_113' title="bbox 2127 5233 3698 5308">
    <p class='ocr_par' dir='ltr' id='par_1_113' title="bbox 2127 5233 3698 5308">
     <span class='ocr_line' id='line_1_113' title="bbox 2127 5233 3698 5308; baseline -0.008 -15"><span class='ocrx_word' id='word_1_828' title='bbox 2127 5239 2225 5293; x_wconf 89' lang='lat' dir='ltr'><strong>tati</strong></span> <span class='ocrx_word' id='word_1_829' title='bbox 2255 5239 2500 5293; x_wconf 88' lang='lat' dir='ltr'><strong>Adamus</strong></span> <span class='ocrx_word' id='word_1_830' title='bbox 2532 5252 2831 5308; x_wconf 86' lang='lat' dir='ltr'><strong>repugnare</strong></span> <span class='ocrx_word' id='word_1_831' title='bbox 2857 5236 3096 5306; x_wconf 86' lang='lat' dir='ltr'><strong>potuerit</strong></span> <span class='ocrx_word' id='word_1_832' title='bbox 3123 5252 3137 5289; x_wconf 89' lang='lat'><strong>:</strong></span> <span class='ocrx_word' id='word_1_833' title='bbox 3162 5233 3256 5290; x_wconf 90' lang='lat' dir='ltr'><strong>sed</strong></span> <span class='ocrx_word' id='word_1_834' title='bbox 3286 5233 3392 5286; x_wconf 88' lang='lat' dir='ltr'><strong>huc</strong></span> <span class='ocrx_word' id='word_1_835' title='bbox 3421 5237 3698 5299; x_wconf 87' lang='lat' dir='ltr'><strong>spectasse</strong></span> 
     </span>
    </p>
   </div>
   <div class='ocr_carea' id='block_1_114' title="bbox 2129 5322 3695 5400">
    <p class='ocr_par' dir='ltr' id='par_1_114' title="bbox 2129 5322 3695 5400">
     <span class='ocr_line' id='line_1_114' title="bbox 2129 5322 3695 5400; baseline -0.01 -15"><span class='ocrx_word' id='word_1_836' title='bbox 2129 5331 2300 5385; x_wconf 87' lang='lat' dir='ltr'><strong>Deum</strong></span> <span class='ocrx_word' id='word_1_837' title='bbox 2319 5330 2447 5384; x_wconf 90' lang='lat' dir='ltr'><strong>dum</strong></span> <span class='ocrx_word' id='word_1_838' title='bbox 2472 5331 2640 5400; x_wconf 83' lang='lat' dir='ltr'><strong>legem</strong></span> <span class='ocrx_word' id='word_1_839' title='bbox 2663 5328 2868 5384; x_wconf 86' lang='lat' dir='ltr'><strong>Adamo</strong></span> <span class='ocrx_word' id='word_1_840' title='bbox 2890 5327 3284 5398; x_wconf 74' lang='lat' dir='ltr'><strong>praescriberet,</strong></span> <span class='ocrx_word' id='word_1_841' title='bbox 3304 5322 3695 5376; x_wconf 89' lang='lat' dir='ltr'><strong>observarctne</strong></span> 
     </span>
    </p>
   </div>
   <div class='ocr_carea' id='block_1_115' title="bbox 2127 5411 3696 5486">
    <p class='ocr_par' dir='ltr' id='par_1_115' title="bbox 2127 5411 3696 5486">
     <span class='ocr_line' id='line_1_115' title="bbox 2127 5411 3696 5486; baseline -0.008 -10"><span class='ocrx_word' id='word_1_842' title='bbox 2127 5438 2195 5478; x_wconf 91' lang='lat' dir='ltr'><strong>an</strong></span> <span class='ocrx_word' id='word_1_843' title='bbox 2220 5421 2446 5475; x_wconf 90' lang='lat' dir='ltr'><strong>violaret</strong></span> <span class='ocrx_word' id='word_1_844' title='bbox 2470 5420 2558 5475; x_wconf 90' lang='lat' dir='ltr'><strong>ille</strong></span> <span class='ocrx_word' id='word_1_845' title='bbox 2576 5435 2719 5486; x_wconf 89' lang='lat' dir='ltr'><strong>eam,</strong></span> <span class='ocrx_word' id='word_1_846' title='bbox 2742 5433 2852 5474; x_wconf 91' lang='lat' dir='ltr'><strong>non</strong></span> <span class='ocrx_word' id='word_1_847' title='bbox 2877 5427 3056 5472; x_wconf 90' lang='lat' dir='ltr'><strong>autem</strong></span> <span class='ocrx_word' id='word_1_848' title='bbox 3081 5415 3262 5470; x_wconf 86' lang='lat' dir='ltr'><strong>ederet</strong></span> <span class='ocrx_word' id='word_1_849' title='bbox 3285 5428 3352 5466; x_wconf 91' lang='lat' dir='ltr'><strong>an</strong></span> <span class='ocrx_word' id='word_1_850' title='bbox 3380 5425 3485 5465; x_wconf 89' lang='lat' dir='ltr'><strong>non</strong></span> <span class='ocrx_word' id='word_1_851' title='bbox 3511 5411 3696 5464; x_wconf 86' lang='lat' dir='ltr'><strong>ederet</strong></span> 
     </span>
    </p>
   </div>
   <div class='ocr_carea' id='block_1_116' title="bbox 2125 5501 3693 5580">
    <p class='ocr_par' dir='ltr' id='par_1_116' title="bbox 2125 5501 3693 5580">
     <span class='ocr_line' id='line_1_116' title="bbox 2125 5501 3693 5580; baseline -0.011 -10"><span class='ocrx_word' id='word_1_852' title='bbox 2125 5514 2193 5570; x_wconf 90' lang='lat' dir='ltr'><strong>de</strong></span> <span class='ocrx_word' id='word_1_853' title='bbox 2234 5512 2324 5567; x_wconf 90' lang='lat' dir='ltr'><strong>illa</strong></span> <span class='ocrx_word' id='word_1_854' title='bbox 2367 5511 2582 5572; x_wconf 85' lang='lat' dir='ltr'><strong>arbore,</strong></span> <span class='ocrx_word' id='word_1_855' title='bbox 2623 5521 2786 5580; x_wconf 89' lang='lat' dir='ltr'><strong>atque</strong></span> <span class='ocrx_word' id='word_1_856' title='bbox 2836 5511 2960 5564; x_wconf 90' lang='lat' dir='ltr'><strong>ideo</strong></span> <span class='ocrx_word' id='word_1_857' title='bbox 3003 5520 3220 5574; x_wconf 90' lang='lat' dir='ltr'><strong>quoque</strong></span> <span class='ocrx_word' id='word_1_858' title='bbox 3260 5503 3326 5557; x_wconf 88' lang='lat' dir='ltr'><strong>de</strong></span> <span class='ocrx_word' id='word_1_859' title='bbox 3368 5502 3579 5557; x_wconf 86' lang='lat' dir='ltr'><strong>duabus</strong></span> <span class='ocrx_word' id='word_1_860' title='bbox 3616 5501 3693 5554; x_wconf 89' lang='lat' dir='ltr'><strong>illi</strong></span> 
     </span>
    </p>
   </div>
   <div class='ocr_carea' id='block_1_117' title="bbox 2130 5593 3694 5672">
    <p class='ocr_par' dir='ltr' id='par_1_117' title="bbox 2130 5593 3694 5672">
     <span class='ocr_line' id='line_1_117' title="bbox 2130 5593 3694 5672; baseline -0.009 -13"><span class='ocrx_word' id='word_1_861' title='bbox 2130 5604 2558 5659; x_wconf 88' lang='lat' dir='ltr'><strong>habitationibus</strong></span> <span class='ocrx_word' id='word_1_862' title='bbox 2607 5602 2927 5672; x_wconf 88' lang='lat' dir='ltr'><strong>providisse,</strong></span> <span class='ocrx_word' id='word_1_863' title='bbox 2975 5606 3034 5652; x_wconf 91' lang='lat' dir='ltr'><strong>ut</strong></span> <span class='ocrx_word' id='word_1_864' title='bbox 3077 5597 3303 5650; x_wconf 88' lang='lat' dir='ltr'><strong>alteram</strong></span> <span class='ocrx_word' id='word_1_865' title='bbox 3351 5593 3396 5648; x_wconf 89' lang='lat' dir='ltr'><strong>si</strong></span> <span class='ocrx_word' id='word_1_866' title='bbox 3444 5593 3546 5664; x_wconf 85' lang='lat' dir='ltr'><strong>legi</strong></span> <span class='ocrx_word' id='word_1_867' title='bbox 3598 5607 3694 5660; x_wconf 63' lang='lat' dir='ltr'><strong>pa.</strong></span> 
     </span>
    </p>
   </div>
   <div class='ocr_carea' id='block_1_118' title="bbox 2129 5682 3691 5758">
    <p class='ocr_par' dir='ltr' id='par_1_118' title="bbox 2129 5682 3691 5758">
     <span class='ocr_line' id='line_1_118' title="bbox 2129 5682 3691 5758; baseline -0.012 -7"><span class='ocrx_word' id='word_1_868' title='bbox 2129 5695 2352 5758; x_wconf 87' lang='lat' dir='ltr'><strong>ruisset,</strong></span> <span class='ocrx_word' id='word_1_869' title='bbox 2377 5695 2603 5750; x_wconf 86' lang='lat' dir='ltr'><strong>alteram</strong></span> <span class='ocrx_word' id='word_1_870' title='bbox 2636 5695 2680 5748; x_wconf 92' lang='lat' dir='ltr'><strong>si</strong></span> <span class='ocrx_word' id='word_1_871' title='bbox 2715 5707 2820 5746; x_wconf 91' lang='lat' dir='ltr'><strong>non</strong></span> <span class='ocrx_word' id='word_1_872' title='bbox 2861 5688 3125 5758; x_wconf 86' lang='lat' dir='ltr'><strong>paruisset</strong></span> <span class='ocrx_word' id='word_1_873' title='bbox 3155 5686 3394 5741; x_wconf 88' lang='lat' dir='ltr'><strong>haberet.</strong></span> <span class='ocrx_word' id='word_1_874' title='bbox 3431 5683 3593 5753; x_wconf 90' lang='lat' dir='ltr'><strong>quue</strong></span> <span class='ocrx_word' id='word_1_875' title='bbox 3620 5682 3691 5735; x_wconf 87' lang='lat' dir='ltr'><strong>ita</strong></span> 
     </span>
    </p>
   </div>
   <div class='ocr_carea' id='block_1_119' title="bbox 2131 5774 3693 5847">
    <p class='ocr_par' dir='ltr' id='par_1_119' title="bbox 2131 5774 3693 5847">
     <span class='ocr_line' id='line_1_119' title="bbox 2131 5774 3693 5847; baseline -0.012 -5"><span class='ocrx_word' id='word_1_876' title='bbox 2131 5801 2251 5842; x_wconf 83' lang='lat' dir='ltr'><strong>esse</strong></span> <span class='ocrx_word' id='word_1_877' title='bbox 2298 5785 2378 5840; x_wconf 85' lang='lat' dir='ltr'><strong>vel</strong></span> <span class='ocrx_word' id='word_1_878' title='bbox 2427 5785 2554 5840; x_wconf 81' lang='lat' dir='ltr'><strong>hinc</strong></span> <span class='ocrx_word' id='word_1_879' title='bbox 2591 5782 2910 5838; x_wconf 80' lang='lat' dir='ltr'><strong>ostendatur</strong></span> <span class='ocrx_word' id='word_1_880' title='bbox 2959 5777 3102 5847; x_wconf 85' lang='lat' dir='ltr'><strong>quod</strong></span> <span class='ocrx_word' id='word_1_881' title='bbox 3147 5778 3254 5834; x_wconf 92' lang='lat' dir='ltr'><strong>duo</strong></span> <span class='ocrx_word' id='word_1_882' title='bbox 3297 5779 3411 5833; x_wconf 67' lang='lat' dir='ltr'><strong>haec</strong></span> <span class='ocrx_word' id='word_1_883' title='bbox 3453 5774 3590 5830; x_wconf 85' lang='lat' dir='ltr'><strong>inter</strong></span> <span class='ocrx_word' id='word_1_884' title='bbox 3632 5784 3693 5824; x_wconf 81' lang='lat' dir='ltr'><strong>se</strong></span> 
     </span>
    </p>
   </div>
  </div>
