4100 6212
415 376 525 438 595

1691 386 1922 447 MOSIS
1960 386 2115 446 ΒΑΗ
2153 386 2401 448 CEPHA

3558 381 3661 445 595

418 493 571 557 paria
617 498 744 546 sunt
774 508 788 545 :
822 494 995 547 Deum
1046 494 1279 563 jussisse
1328 503 1389 551 ut
1433 498 1639 563 ederet,
1678 500 1827 553 illum
1864 513 1993 553 vero
2022 500 2068 556 Α
2098 498 2270 567 ipsius
2301 497 2507 551 malitia
2538 511 2643 550 una
2675 510 2797 550 cum
2827 496 2944 566 ipso
2978 496 3323 561 immortalis,
3353 492 3662 565 cujusmodi

420 597 530 636 non
557 582 774 649 edisse;
808 593 859 638 et
894 585 1061 638 Deum
1099 589 1333 641 vetuisse
1366 603 1432 640 ne
1460 592 1660 654 ederet,
1690 591 1783 644 sed
1811 598 1992 647 tamen

419 674 573 728 illum
625 675 842 737 edisse;
901 692 999 744 par
1066 678 1208 729 enim
1278 678 1485 734 violatae
1551 681 1681 750 legis
1730 684 1887 751 culpa
1941 684 1994 739 in

422 767 633 821 utrovis
662 767 845 821 futura
891 778 1024 821 erat.
1076 767 1247 837 Igitur
1299 784 1403 823 non
1436 786 1500 825 eo
1528 774 1805 842 spectabat
1854 774 1994 832 Deus

422 860 550 912 dum
599 860 772 929 legem
807 859 1095 918 conderet.
1141 861 1399 915 ederctne
1443 863 1531 918 ille
1576 880 1756 920 annon
1813 869 1997 923 ederet

419 966 584 1018 quem
630 951 839 1005 arbitrii
872 950 1118 1005 libertate
1150 952 1398 1019 donarat,
1424 958 1517 1010 sed
1547 959 1877 1021 observaret,
1902 975 1997 1014 an-

423 1058 533 1096 non
585 1042 898 1096 observaret
964 1043 1132 1112 legem
1186 1060 1347 1113 quam
1402 1048 1559 1101 liberi
1618 1050 1738 1118 ejus
1784 1052 1995 1109 arbitrii

423 1134 706 1187 materiem
757 1148 878 1187 esse
913 1133 1175 1187 voluerat.
1217 1134 1498 1205 Simulque
1529 1154 1594 1192 eo
1622 1142 1782 1195 etiam
1826 1144 1997 1212 perti-

424 1222 589 1275 nebat
635 1220 767 1292 legis
808 1224 1146 1285 constitutio,
1194 1234 1249 1278 ut
1294 1226 1617 1295 intelligeret
1660 1232 1900 1287 Adamus
1941 1249 2000 1289 se

426 1312 495 1365 ab
526 1312 635 1365 alio
665 1313 968 1377 conditum,
1000 1315 1157 1383 eique
1198 1331 1295 1371 suo
1326 1317 1625 1383 Conditori,
1660 1331 1718 1374 ut
1747 1321 1995 1390 Domino,

422 1403 735 1471 subjectum
777 1419 835 1458 se
873 1420 1013 1460 esse.
1058 1407 1159 1462 Sed
1210 1423 1373 1477 supra
1422 1426 1451 1464 a
1502 1413 1680 1477 nobis,
1726 1414 1807 1469 lia:
1839 1426 2001 1487 atque

424 1495 545 1549 alia!
570 1494 804 1550 ferendae
830 1497 961 1567 legis
987 1512 1164 1553 causa:
1192 1502 1322 1556 satis
1350 1511 1591 1558 tractata:
1613 1507 2000 1579 explieataeque

424 1596 576 1643 sunt.
615 1586 695 1640 Ad
742 1587 865 1651 hoc,
908 1589 1000 1657 qtti
1051 1602 1223 1657 potest
1250 1594 1557 1649 verosimile
1601 1597 1790 1663 videri,
1831 1600 1997 1657 Deum

427 1678 639 1733 Adamo
672 1694 797 1734 esca
837 1681 923 1734 illa
963 1682 1309 1737 interdixisse
1343 1701 1409 1739 ne
1448 1688 1569 1740 inde
1600 1688 1727 1744 boni
1767 1693 2001 1762 malique

426 1770 608 1825 sciens
641 1772 790 1825 tieret
827 1790 840 1825 :
874 1771 1214 1841 alterumque
1244 1775 1516 1845 amplecti,
1549 1777 1733 1848 fugere
1768 1783 1997 1837 alterum

424 1870 631 1928 nosset,
664 1863 882 1931 quando
931 1863 1077 1917 nulla
1106 1864 1153 1919 ei
1182 1866 1362 1921 arbori
1394 1868 1471 1923 vis
1512 1845 1688 1926 inerat
1724 1890 1845 1943 qua?
1876 1876 1999 1932 boni
2038 1845 2077 1897 Β

427 1949 667 2020 malique
712 1951 1041 2017 diiudicandi
1092 1954 1318 2009 scientia
1352 1957 1592 2014 edentes
1635 1961 1949 2020 informaret
1984 1983 1998 2020 :

426 2039 541 2093 imo
570 2055 699 2095 vero
742 2041 854 2119 jam
896 2053 1007 2098 tum
1041 2045 1160 2114 ejus
1205 2046 1398 2115 judicii
1449 2064 1644 2119 expers
1687 2053 1856 2109 Adam
1900 2059 2001 2111 nti-

428 2130 577 2185 nime
630 2143 777 2188 esset
824 2134 1046 2205 (quippe
1092 2137 1178 2191 lex
1230 2138 1296 2193 iis
1344 2155 1449 2195 non
1500 2146 1871 2211 praescribitur
1908 2149 2002 2220 qui

431 2220 635 2275 malum
669 2238 699 2276 a
735 2224 879 2277 bono
910 2242 1196 2281 secernere
1230 2244 1339 2284 non
1374 2244 1599 2301 queunt,
1632 2238 1725 2292 sed
1755 2239 1848 2308 qui
1879 2250 2003 2297 ante

429 2313 585 2380 probi
661 2315 1046 2387 improbique,
1116 2321 1458 2379 discernendi
1526 2327 1734 2397 judicio
1797 2334 2003 2401 praediti

428 2404 576 2473 sunt)
624 2404 769 2460 sicut
817 2408 1032 2475 oculus,
1066 2412 1316 2479 quamvis
1370 2430 1475 2469 non
1527 2432 1627 2473 usu
1678 2429 1839 2489 atque
1878 2422 2004 2477 futt-

428 2494 633 2559 etione,
686 2513 744 2552 re
793 2508 971 2554 tamen
1025 2500 1177 2570 ipsa,
1227 2512 1339 2557 tum
1391 2506 1623 2574 visione,
1676 2520 1790 2566 tum
1843 2516 2006 2570 rebus

430 2588 860 2655 aspectabilibus
888 2593 1038 2661 prior
1062 2604 1144 2649 est
1172 2612 1185 2649 :
1216 2610 1337 2666 qua:
1358 2614 1522 2668 supra
1549 2617 1766 2673 quoque
1792 2620 1820 2659 a
1852 2606 2007 2662 nobis

430 2690 560 2737 sunt
605 2691 856 2740 tractata.
902 2688 968 2742 At
1000 2703 1128 2743 vero
1157 2691 1278 2747 ideo
1323 2694 1473 2749 illum
1521 2696 1686 2765 jussit
1716 2701 1783 2755 ab
1814 2703 2009 2759 arbore

430 2773 707 2830 abstinere
748 2788 808 2832 ut
839 2783 1093 2836 evaderet
1136 2782 1481 2850 immortalis,
1516 2802 1809 2861 ageretque
1843 2796 2007 2850 vitam

430 2879 748 2936 perpetuam
780 2889 793 2925 :
829 2872 930 2926 hoc
962 2876 1105 2928 enim
1142 2876 1344 2932 donum
1382 2895 1411 2933 a
1440 2881 1620 2937 divina
1660 2887 2007 2953 gratia‘retu-

432 2955 608 3012 lisset.
642 2959 711 3011 At
745 2960 889 3014 enim
940 2962 1105 3016 Deum
1138 2980 1244 3018 non
1288 2967 1592 3036 improbum
1632 2987 1731 3040 pro
1768 2974 2008 3032 Simonis

430 3047 744 3115 calumniis,
790 3051 884 3105 sed
935 3052 1135 3107 bonum
1176 3054 1579 3130 benignumque
1627 3073 1818 3118 natura
1865 3081 2007 3132 esse,

434 3138 520 3192 his
546 3139 821 3210 colligitur
852 3147 1224 3215 argumentis;
1265 3151 1507 3205 condidit
1539 3155 1682 3208 enim
1715 3156 2005 3225 Adamum,

431 3241 559 3280 cum
594 3237 718 3282 ante
752 3246 930 3301 neque
976 3233 1067 3289 ille
1100 3238 1412 3307 exsisteret,
1460 3258 1635 3311 neque
1679 3246 1821 3301 alius
1853 3249 2007 3315 quis-

434 3315 600 3385 piam,
630 3320 723 3390 qui
769 3324 947 3391 ipsum
991 3326 1057 3379 ad
1100 3328 1249 3382 illum
1283 3332 1648 3397 condendum,
1679 3336 1764 3389 vel
1792 3337 2006 3394 hortatu

434 3410 520 3462 vel
559 3412 810 3479 precibus
845 3425 1119 3482 moverrt;
1154 3418 1331 3473 adhoc
1359 3424 1591 3477 contulit
1622 3424 1694 3477 illi
1724 3426 2007 3496 imperium

434 3503 489 3555 in
544 3504 718 3571 pisces
770 3508 936 3559 maris
984 3517 1039 3560 et
1090 3509 1336 3565 volucres
1389 3514 1551 3577 coeli;
1602 3514 1826 3586 insuper
1873 3521 2011 3575 bene

434 3599 813 3662 precatus'est
862 3598 985 3664 ipsi,
1039 3608 1096 3651 ut
1139 3612 1410 3656 cresceret
1457 3620 1794 3675 numeroque
1845 3624 2008 3679 auge-

432 3696 636 3741 sceret.
680 3686 946 3742 Przeterea
989 3690 1133 3744 dedit
1184 3692 1258 3746 illi
1296 3710 1513 3750 omnem
1565 3697 1787 3764 herbam
1832 3702 2012 3772 profe-

434 3788 643 3831 rentem
676 3793 885 3843 semen,
913 3789 966 3835 et
992 3797 1208 3837 omnem
1237 3787 1487 3842 arborem
1520 3788 1879 3859 fructiferam,
1912 3810 2011 3863 pro

434 3869 583 3924 cibo.
611 3869 854 3941 Denique
882 3889 982 3929 nos
1017 3875 1162 3946 ipsos
1190 3879 1355 3933 etiam
1398 3897 1542 3937 nunc
1570 3892 1623 3938 et
1652 3886 1694 3939 si
1726 3901 2013 3955 peccemus

434 3970 600 4033 atque
635 3965 926 4022 adversum
977 3969 1151 4038 ipsius
1200 3973 1454 4027 mandata
1505 3974 1792 4044 faciamus,
1830 3988 2011 4036 tamen

433 4071 544 4111 non
591 4060 755 4113 modo
809 4059 1268 4133 sustinet'ueque
1317 4067 1489 4121 nostri
1523 4068 1885 4136 obliviscitur,
1920 4070 2011 4127 sed

435 4148 600 4203 etiam
627 4160 933 4217 conservat,
962 4154 1152 4222 pascit,
1185 4156 1474 4221 gubernat,
1503 4169 1555 4213 et
1585 4160 1809 4214 omnino
1843 4164 2011 4217 nostri

434 4258 626 4297 curam
654 4246 814 4310 gerit.
848 4243 989 4320 Sunt
1014 4262 1178 4316 porro
1207 4248 1312 4302 alia
1346 4249 1577 4318 plurima
1605 4266 1727 4320 qua:
1753 4260 2014 4306 testentur

434 4336 609 4390 Deum
656 4345 849 4390 natura
900 4337 1105 4392 bonum
1154 4354 1295 4403 esse,
1345 4349 1509 4409 atque
1544 4356 1611 4395 ex
1648 4357 1795 4395 mera
1843 4344 2012 4413 gratia

434 4428 705 4481 Adamum
756 4437 1090 4499 caeterasque
1135 4444 1223 4484 res
1271 4430 1534 4486 etIecisse.
1585 4430 1798 4502 Pugnat
1848 4448 2011 4503 porro

2095 597 2176 642 est
2208 589 2404 642 diaboli
2456 589 2716 657 pravitas.
2767 587 2942 655 Atque
2989 587 3089 641 hoc
3123 587 3192 640 ita
3230 601 3289 641 se
3332 585 3535 641 habere
3582 587 3666 639 vel

2094 681 2221 737 inde
2253 692 2461 737 certum
2493 688 2598 745 est,
2634 680 2776 749 quod
2811 680 2939 732 olim
2988 692 3348 733 concessurus
3382 686 3465 731 est
3511 677 3668 731 nobis

2095 771 2260 825 vitam
2308 781 2627 841 perpetuam
2669 771 2718 824 in
2760 770 2942 823 futuro
2972 770 3193 831 smculo,
3230 769 3393 823 nullis
3429 769 3667 837 peccatis

2096 872 2189 917 aut
2227 863 2434 918 delictis
2473 862 2789 924 obnoxiam,
2819 860 2913 914 sed
2953 859 3296 928 sempiternis
3366 870 3527 928 atque
3563 862 3667 912 im-

2097 955 2417 1009 mortalibus
2448 953 2655 1007 deliciis
2681 952 2915 1021 plenam.
2948 950 3161 1004 Rursus
3185 952 3264 1005 sic
3290 952 3469 1017 arguit
3496 950 3665 1004 Deum

2099 1046 2239 1100 idem
2288 1045 2476 1099 Simon
2528 1045 2736 1113 Magus.
2767 1044 2882 1110 Qua
2927 1045 3146 1099 tandem
3195 1043 3427 1103 ratione,
3471 1044 3668 1111 inqui',

2096 1148 2408 1191 exsecratus
2463 1146 2545 1192 est
2605 1137 2747 1189 Deus
2814 1145 3116 1204 serpentem
3162 1136 3184 1189 ?
3217 1135 3348 1187 Nam
3380 1135 3422 1188 si
3456 1145 3513 1189 ut
3543 1152 3666 1190 eum

2098 1232 2189 1298 qui
2233 1230 2491 1283 damnum
2540 1229 2783 1293 dederat,
2829 1246 2927 1283 cur
2964 1245 3067 1282 non
3107 1228 3349 1282 coercuit
3386 1244 3453 1282 ne
3493 1229 3663 1294 daret,

2100 1324 2202 1376 hoc
2230 1332 2333 1389 est,
2366 1338 2432 1376 ne
2481 1323 2761 1376 seduceret
2804 1321 3115 1374 Adamum?
3153 1321 3207 1373 Si
3257 1335 3385 1374 vero
3416 1335 3514 1374 Ceu
3544 1336 3666 1373 eum

2099 1414 2193 1483 qui
2242 1415 2527 1467 utilitatem
2563 1412 2838 1476 attulerat,
2870 1412 3068 1480 quippe
3110 1411 3198 1481 qui
3241 1410 3449 1464 Adamo
3480 1422 3668 1465 auctor

2103 1503 2279 1558 fuerat
2311 1514 2367 1557 ut
2392 1503 2458 1556 de
2487 1503 2622 1556 bona
2660 1503 2748 1557 illa
2778 1502 2971 1557 arbore
3001 1502 3338 1569 ederet,sane
3366 1502 3669 1571 improbum

2100 1607 2262 1664 atque
2314 1595 2554 1648 invidum
2606 1594 2773 1648 fuisse
2822 1594 2973 1648 illum
3009 1608 3232 1648 necesse
3277 1604 3396 1658 est;
3442 1592 3674 1662 denique

2102 1703 2224 1744 cum
2273 1697 2512 1740 neutram
2546 1685 2738 1741 harum
2788 1701 3074 1741 causarum
3126 1685 3370 1745 haberet,
3407 1684 3553 1737 illum
3590 1694 3669 1740 est

2104 1776 2428 1840 detestatus,
2468 1789 2530 1828 ac
2585 1774 2809 1843 proinde
2861 1789 2994 1829 sane
3040 1775 3323 1844 imperitia:
3370 1784 3532 1844 atque
3577 1788 3672 1827 ve-

2106 1869 2304 1923 cordiae
2355 1872 2546 1922 merito
2588 1869 2910 1921 accusetur!
2962 1866 3041 1920 Ad
3092 1867 3206 1922 haec
3254 1866 3673 1936 respondemus,

2108 1959 2275 2014 Deum
2326 1970 2671 2014 exsecratum
2742 1973 2863 2012 esse
2926 1967 3231 2028 serpentem
3285 1967 3341 2012 ut
3394 1957 3468 2012 rei
3524 1956 3679 2011 male

2105 2060 2405 2114 auctorem,
2440 2058 2493 2104 et
2526 2059 2705 2104 tamen
2743 2064 2847 2104 non
2894 2050 3204 2104 coercuisse
3250 2048 3673 2111 machinantem,

2107 2143 2201 2214 qui
2232 2158 2291 2198 se
2318 2142 2524 2211 alioqui
2556 2143 2647 2213 qui
2693 2159 2801 2197 non
2841 2142 3064 2207 latebat,
3100 2143 3287 2197 eadem
3336 2124 3677 2211 ratioue'qua

2108 2250 2281 2303 neque
2313 2234 2471 2289 hodie
2505 2248 2601 2289 eos
2633 2234 2849 2287 cohibet
2876 2233 2966 2303 qui
3002 2232 3263 2302 improbis
3294 2235 3455 2286 rebus
3487 2233 3677 2286 intenti

2108 2334 2257 2393 sunt,
2291 2341 2359 2381 ne
2405 2342 2498 2381 eas
2528 2334 2776 2395 patrent;
2816 2335 2929 2380 tum
2960 2325 3147 2388 etiam,
3194 2340 3262 2379 ne
3291 2340 3353 2380 ea
3391 2340 3447 2378 re
3480 2324 3678 2378 diaboli

2114 2419 2420 2473 libertatem
2455 2416 2764 2487 impediret,
2800 2418 2890 2487 qui
2928 2433 3020 2487 per
3053 2428 3356 2488 serpentem
3398 2419 3557 2471 verba
3594 2417 3677 2470 fa-

2108 2509 2318 2574 ciebat;
2364 2508 2597 2577 denique
2644 2516 2702 2561 ut
2734 2508 3032 2577 pericuium
3068 2506 3216 2559 fieret
3246 2506 3313 2558 de
3355 2506 3562 2558 Adamo
3596 2504 3680 2573 ip-

2108 2601 2331 2670 siusque
2366 2600 2535 2654 libero
2569 2600 2821 2663 arbitrio,
2854 2615 2915 2653 ea
2967 2614 3142 2666 pugna
3185 2607 3347 2666 atque
3390 2596 3683 2651 certamine

2109 2693 2163 2746 iu
2195 2709 2304 2760 quo
2350 2692 2457 2747 illic
2508 2693 2842 2747 versabatur.
2884 2692 3165 2747 Postiemo
3201 2691 3247 2744 si
3283 2689 3552 2759 serpentis
3587 2703 3684 2741 co-

2109 2793 2297 2838 natum
2336 2786 2708 2854 impedivisset
2745 2785 2906 2845 Deus,
2943 2786 3068 2839 data
3117 2784 3309 2838 fuisset
3359 2782 3683 2836 mortalibus

2110 2878 2385 2946 quarrendi
2419 2893 2581 2945 ausa;
2612 2879 2875 2933 dixissent
2899 2879 3045 2932 enim
3104 2876 3273 2931 Deum
3301 2891 3395 2946 per
3420 2874 3675 2927 invidiam

2110 2968 2442 3021 abstinuisse
2463 2968 2733 3023 Adamum
2758 2984 2787 3022 a
2811 2969 2989 3023 brevis
3012 2968 3322 3022 tentationis
3347 2964 3684 3037 periculique

2111 3069 2408 3125 momento,
2442 3077 2509 3114 ne
2536 3076 2601 3116 eo
2632 3072 2888 3130 superato
2916 3061 3079 3115 vitam
3113 3061 3506 3129 adipisceretur
3534 3074 3679 3111 sem-

2036 3186 2080 3243 α
2112 3155 2416 3221 piternam;
2468 3172 2641 3225 neque
2676 3158 2819 3209 enim
2873 3156 3045 3225 ipsum
3101 3155 3369 3225 serpentis
3404 3151 3601 3215 verbis,
3636 3152 3683 3206 si

2065 3225 2080 3245 ⁸
2115 3242 2330 3296 fallendi
2364 3259 2586 3298 causam
2638 3244 2787 3298 illum
2826 3246 3051 3300 adortus
3099 3255 3262 3311 esset,
3295 3257 3681 3300 concessurum

2110 3332 2301 3388 fuisse.
2354 3335 2521 3390 Porro
2564 3336 2631 3391 de
2682 3335 2903 3391 Simone
2956 3336 3105 3407 Mago
3142 3336 3275 3391 illud
3319 3337 3466 3391 scire
3510 3349 3685 3404 opera:

2112 3428 2345 3497 pretium
2392 3436 2496 3492 est,
2547 3444 2667 3484 esse
2716 3430 2808 3499 qui
2860 3430 3066 3493 dicant,
3122 3430 3294 3499 ipsum
3345 3429 3399 3482 in
3452 3427 3684 3495 speciem

2112 3518 2330 3586 quidem
2369 3519 2672 3575 assensisse
2721 3518 2885 3573 Mosis
2922 3520 3045 3589 legi,
3098 3520 3189 3572 sed
3242 3520 3423 3587 plures
3471 3515 3686 3569 interim

2112 3610 2242 3663 deos
2276 3610 2544 3679 posuisse,
2599 3626 2829 3681 quorum
2869 3627 3010 3666 unus
3059 3610 3128 3665 sit
3176 3609 3476 3663 imbecillus
3525 3618 3689 3675 atque

2114 3699 2413 3769 impotens,
2465 3703 2511 3757 is
2563 3703 2654 3772 qui
2701 3703 2967 3757 Adamum
3022 3702 3177 3756 ﬁnxit
3227 3701 3499 3771 fecitque;
3553 3701 3690 3753 alter

2112 3808 2243 3847 vero
2292 3793 2395 3849 hoc
2442 3801 2713 3864 superior,
2755 3796 2948 3863 major,
2983 3796 3274 3864 potentior.
3312 3794 3460 3845 Alios
3506 3802 3687 3844 autem

2114 3893 2304 3952 putare
2335 3884 2575 3941 Simonis
2609 3885 2746 3957 Magi
2779 3886 3104 3941 sententiam
3137 3884 3328 3948 fuisse,
3364 3883 3626 3937 mundum
3659 3895 3691 3935 a

2114 3976 2251 4028 mala
2279 3992 2442 4030 causa
2469 3986 2647 4031 ortum
2674 3993 2826 4043 esse;
2858 3989 3020 4047 atque
3046 3977 3166 4030 ideo
3195 3975 3346 4029 illum
3376 3973 3691 4044 hujusmoJi

2113 4066 2346 4121 absurda
2401 4069 2685 4137 turpiaque
2728 4069 2876 4122 dictu
2927 4067 3250 4137 collegisse,
3301 4067 3499 4136 quibus
3547 4062 3689 4133 apud

2114 4170 2207 4208 eos
2260 4156 2351 4224 qui
2404 4155 2457 4208 in
2508 4170 2634 4209 vera
2692 4154 2793 4209 tide
2843 4156 3125 4220 durarent,
3176 4153 3365 4209 mundi
3410 4165 3688 4206 auctorem

2114 4246 2285 4301 Deum
2330 4247 2667 4316 suggillaret.
2701 4246 2995 4316 Propterea
3027 4260 3316 4315 corporum
3354 4258 3568 4313 quoque
3598 4256 3685 4295 re-

2115 4340 2506 4394 surrectionem
2566 4339 2767 4406 perfide
2820 4339 2971 4392 illum
3030 4351 3277 4403 negasse.
3328 4336 3523 4391 Verum
3576 4334 3692 4387 haec

2116 4431 2297 4484 omnia
2323 4446 2389 4484 ex
2417 4444 2482 4483 eo
2511 4430 2660 4484 libro
2694 4431 2946 4500 cognosci
2980 4438 3232 4498 possunt,
3261 4442 3421 4497 quem
3449 4426 3518 4480 de
3548 4426 3691 4479 mul-

433 4516 624 4573 Simon
662 4517 851 4589 Magus
883 4523 1147 4575 adversus
1184 4520 1375 4583 Deum,
1405 4522 1568 4576 etiam
1606 4521 1708 4576 hac
1740 4523 1827 4576 via
1862 4541 1877 4577 :
1914 4522 2013 4578 Per
2043 4529 2087 4582 ῐ)
2117 4524 2346 4579 titudine
2374 4522 2788 4591 diiferentiaque
2817 4530 3087 4576 sectarum
3121 4518 3569 4589 conscripsimus.

436 4609 720 4672 invidiam,
748 4610 943 4677 inquit,
974 4610 1251 4679 prohibuit
1278 4611 1545 4665 Adamum
1575 4614 1643 4667 ab
1671 4614 1867 4668 arbore
1893 4614 2016 4670 vitze

402 4716 403 4719 η
436 4699 725 4768 gustanda,
774 4714 965 4767 nempe
998 4715 1064 4753 ne
1113 4701 1439 4755 immortalis
1475 4703 1649 4761 ﬁeret.
1684 4705 1843 4774 Atqui
1877 4705 1920 4759 si
1951 4720 2012 4760 ea

435 4787 639 4841 invidia
703 4788 1006 4843 laborasset
1059 4789 1204 4845 Deus
1246 4806 1476 4860 prorsus
1543 4796 1611 4848 ab
1668 4795 1847 4861 initio,
1905 4811 2012 4851 non

437 4881 738 4934 creavisset
767 4880 1061 4936 Adamum.
1108 4880 1295 4950 Neque
1328 4884 1474 4937 enim
1510 4883 1618 4937 ulla
1652 4899 1777 4938 eum
1823 4885 1904 4940 vis
1947 4884 2015 4939 ad

437 4970 732 5024 creandum
773 4973 922 5026 illum
976 4973 1212 5043 impulit,
1258 4974 1353 5029 sed
1399 4990 1498 5029 sua
1544 4977 1841 5041 voluntate,
1891 4992 2015 5045 gra-

437 5064 582 5119 tuito
610 5065 758 5119 illum
786 5066 1059 5130 condidit;
1086 5067 1285 5135 adhoc,
1312 5068 1624 5136 paradisum
1656 5068 1801 5121 illius
1828 5083 2015 5135 causa,

439 5158 547 5211 hoc
593 5166 707 5220 est,
758 5165 818 5211 ut
865 5159 916 5210 in
968 5172 1033 5212 eo
1085 5158 1175 5211 ille
1221 5167 1274 5213 et
1324 5158 1594 5213 habitaret
1641 5168 1695 5213 et
1742 5160 2018 5229 voluptate

441 5248 737 5313 frueretur,
790 5264 896 5302 non
949 5247 1166 5305 fecisset
1215 5251 1261 5305 si
1318 5250 1623 5315 invidisset,
1681 5260 1772 5304 aut
1820 5252 2016 5306 saltem

442 5340 620 5409 ipsam
645 5341 770 5395 vita:
803 5342 1051 5396 arborem
1099 5358 1259 5412 quam
1294 5342 1370 5396 illi
1403 5343 1705 5407 invidisset,
1740 5358 1846 5397 non
1892 5358 2020 5413 pro-

447 5442 686 5487 creasset
714 5434 767 5487 in
800 5434 1084 5502 paradiso;
1125 5449 1298 5503 neque
1324 5441 1476 5487 tanto
1506 5435 1667 5488 etiam
1702 5435 1932 5503 imperio
1964 5434 2016 5488 in

448 5522 650 5591 pisces,
675 5527 941 5590 volucres,
970 5526 1234 5593 iumenta,
1260 5525 1402 5579 feras
1426 5524 1576 5579 illum
1601 5526 2017 5594 ampliﬁcasset;

451 5612 687 5680 denique
729 5631 835 5670 non
868 5616 1203 5673 condidisset
1243 5617 1392 5671 illum
1439 5616 1506 5670 ad
1542 5630 1695 5671 suam
1728 5617 2016 5688 imaginem

453 5710 503 5756 ct
536 5702 940 5761 similitudinem
976 5726 989 5760 :
1024 5710 1115 5763 sed
1150 5723 1213 5763 ea
1256 5709 1323 5763 de
1365 5722 1530 5763 causa
1561 5708 1630 5762 ab
1662 5711 1855 5764 arbore
1902 5710 2022 5765 vitae

456 5794 719 5860 coercuit,
747 5811 814 5851 ne
848 5809 1105 5867 perpetuo
1144 5801 1345 5856 viveret
1382 5802 1433 5856 in
1481 5810 1723 5870 peccato,
1770 5812 2020 5873 essetque

2096 5522 2318 5576 harum
2363 5538 2542 5577 rerum
2587 5524 2829 5577 omnium
2874 5520 3054 5589 arguit
3099 5518 3265 5571 Deum

2737 4655 2965 4712 CAPUT
3006 4654 3073 4711 11.

2123 4791 2452 4861 Objectiones
2487 4792 2636 4860 impii
2676 4790 2924 4851 Manetis,
2970 4801 3022 4843 et
3050 4784 3163 4858 ejus
3210 4796 3364 4842 secuta
3396 4786 3690 4841 hominum.

2191 4882 2373 4937 Manes
2412 4882 2576 4934 homo
2613 4878 3077 4949 improbissimus,
3106 4887 3161 4934 et
3189 4878 3281 4948 qui
3314 4892 3437 4931 eum
3472 4886 3694 4931 sectan-

2121 4981 2233 5039 tur,
2256 4974 2447 5027 dicunt
2474 4973 2645 5041 legem
2674 4971 2882 5025 Adamo
2906 4969 3225 5040 imperatam
3256 4969 3504 5038 plurimis
3531 4971 3693 5023 rebus

2118 5065 2372 5120 absurdis
2429 5065 2642 5135 plenam
2676 5078 2817 5127 esse,
2851 5072 3014 5132 atque
3059 5062 3185 5116 inde
3228 5061 3396 5115 multa
3431 5059 3690 5129 suppedi-

2120 5156 2280 5210 ditari
2350 5164 2666 5226 argumenta
2719 5155 2918 5224 quibus
2985 5154 3179 5209 merito
3227 5162 3517 5208 accusetur
3579 5153 3692 5219 ipse

2120 5249 2420 5318 legislator.
2458 5249 2631 5303 Verbi
2681 5248 2875 5319 gratia,
2904 5248 3071 5318 jussit
3115 5247 3382 5299 Adamum
3419 5244 3692 5297 abstinere

2124 5342 2191 5395 ab
2233 5340 2426 5395 arbore
2461 5342 2700 5396 scientiae
2747 5339 2873 5395 boni
2902 5348 2957 5393 et
2989 5339 3137 5401 mali,
3169 5338 3408 5392 minatus
3458 5347 3691 5389 mortem

2123 5446 2230 5500 quo
2278 5434 2367 5488 die
2413 5433 2559 5487 illius
2607 5431 2783 5486 fructu
2833 5438 3181 5493 vesceretur;
3233 5427 3377 5498 quod
3426 5426 3691 5489 edictum,

3314 5535 3327 5571 :
3368 5516 3692 5579 inseientim,

2122 5614 2460 5679 iracundiae,
2521 5614 2891 5685 pmnitentiae,
2950 5609 3217 5664 mendacii
3285 5608 3539 5677 denique.
3586 5605 3693 5661 Ἰη-

2124 5707 2364 5763 scientiae
2406 5707 2664 5776 quidem,
2713 5705 2854 5775 quod
2906 5703 3076 5773 legem
3130 5702 3475 5772 imperaverit
3524 5716 3688 5770 quam

2126 5802 2329 5870 putarit
2377 5796 2795 5863 observandam,
2843 5810 2905 5850 ea
2942 5810 3071 5850 vero
3107 5796 3390 5851 observata
3441 5808 3546 5847 non
3598 5794 3689 5847 sit.
