4100 6212
439 364 539 427 507

1535 360 1631 420 DE
1675 341 2072 420 PARADISO.
2119 380 2183 390 -—
2232 360 2425 419 rans
2466 359 2584 419 ιιι.

3600 369 3699 431 593

439 475 763 539 Iracundia,
798 476 943 546 quod
992 490 1118 530 eum
1154 475 1249 544 qui
1295 481 1482 529 contra
1535 488 1689 528 suam
1726 473 1899 543 lcgcm
1937 472 2015 526 fe—
2044 475 2093 533 Α
2121 466 2240 523 Non
2270 470 2434 540 igitur
2457 470 2618 523 latam
2644 486 2671 524 a
2694 486 2750 526 se
2775 473 3098 529 sententiam
3123 475 3383 531 adversus
3408 480 3695 545 Adamum,

441 570 629 632 cisset,
662 580 758 637 per
800 568 937 621 iram
989 565 1459 621 condenmaverit.
1499 564 1859 629 Paenitentiar,
1889 565 2015 632 quia

439 662 604 716 latam
645 659 994 721 sententiam,
1046 672 1141 727 per
1177 656 1609 712 misericordiam
1660 656 1744 725 (ut
1793 670 1888 710 vos
1934 656 2020 709 di-

439 753 595 814 citis,
652 750 862 820 inquit,
920 749 1136 816 Manes)
1186 750 1397 803 irritam
1452 747 1723 803 habuerit.
1780 748 2021 817 Denique

441 843 749 909 mendacii,
798 844 926 913 quia
975 851 1204 898 mortem
1255 856 1367 897 non
1411 840 1732 911 oppetiverit
1780 840 2026 897 Adamus

438 951 550 1003 quo
581 936 667 990 die
697 936 810 990 edit
840 936 906 990 de
935 936 1023 990 illa
1052 936 1266 990 arbore.
1297 934 1604 990 Adversum
1651 935 1766 989 haec
1795 949 2028 1003 respon-

440 1026 656 1091 demus,
693 1025 863 1080 Deum
899 1026 1198 1081 inscientiae
1227 1025 1436 1095 culpari
1468 1040 1577 1079 non
1614 1040 1796 1093 posse,
1827 1029 1923 1099 qui
1957 1028 2025 1081 ab

440 1124 645 1171 aeterno
688 1118 871 1172 omnia
908 1117 1057 1172 novit
1091 1119 1243 1187 prius
1274 1133 1436 1187 quam
1482 1118 1648 1184 ﬁant;
1694 1132 1757 1172 ac
1792 1120 2024 1186 proinde

439 1210 571 1262 illud
625 1209 790 1264 etiam
843 1211 985 1264 dare
1035 1210 1335 1281 prrescivit,
1380 1204 1686 1272 Adamum.
1739 1226 1866 1280 quae
1912 1212 2025 1281 ipse

439 1299 805 1369 lmperaturus
849 1311 1011 1364 esset,
1071 1316 1133 1355 ea
1188 1316 1295 1356 non
1332 1300 1629 1356 facturum.
1676 1300 1792 1379 Nec
1843 1312 2024 1358 tamen

438 1391 561 1444 ideo
602 1407 711 1444 non
742 1391 1046 1461 imperavit,
1078 1392 1206 1462 quia
1238 1392 1389 1446 illum
1423 1392 1728 1461 parituru'm
1764 1409 1872 1449 non
1902 1409 2026 1451 esse

439 1482 751 1550 przescivit;
808 1495 1237 1537 consentaneum
1291 1482 1434 1536 enim
1492 1490 1649 1553 erat,
1706 1492 1767 1539 ut
1822 1486 2022 1539 nihilo-

444 1571 629 1627 minus
696 1573 775 1627 illi
831 1573 1206 1642 praescriberet
1272 1572 1489 1643 legem,
1558 1586 1612 1631 et
1665 1575 1883 1646 quidem
1953 1575 2023 1630 ob

442 1663 640 1719 multas
677 1679 893 1720 causas.
937 1664 1176 1719 Primum
1225 1676 1282 1720 ut
1324 1675 1607 1723 constaret
1648 1684 1768 1724 esse
1799 1669 1891 1740 qui
1928 1670 2024 1724 do-

440 1755 738 1812 minatione
778 1765 1155 1828 potestateque
1189 1774 1371 1813 rerum
1421 1758 1692 1829 petiretur
1735 1760 1841 1832 (est
1875 1763 2020 1817 enim

434 1844 803 1915 dominorum,
857 1850 1004 1919 leges
1052 1852 1318 1920 statuere)
1366 1851 1646 1922 sciretque
1692 1853 1935 1909 Adamus
1968 1863 2022 1910 et

440 1946 652 1992 caetera
706 1955 789 1995 res
820 1942 1071 2009 conditui,
1117 1957 1177 1998 se
1223 1954 1506 1999 creaturas
1554 1959 1676 2000 esse
1717 1954 1771 1999 et
1814 1961 2018 2015 servos,

439 2030 639 2099 quibus
668 2032 846 2088 solent
896 2033 1043 2105 leges
1088 2035 1229 2089 dari.
1278 2036 1362 2092 Ad
1416 2038 1539 2102 hoc,
1586 2039 1708 2092 data
1759 2040 1872 2109 lege
1905 2056 2021 2095 cer-

440 2120 633 2175 liorem
665 2124 901 2179 reddidit
928 2124 1075 2181 Deus
1103 2124 1375 2181 Adamum
1403 2137 1457 2183 et
1486 2128 1729 2199 reliquos
1761 2132 2020 2186 mortales

444 2214 651 2270 ratione
686 2218 965 2285 prwditos,
994 2234 1051 2273 se
1082 2220 1295 2274 arbitrii
1326 2221 1580 2276 libertate
1607 2223 1753 2290 ipsos
1784 2223 2021 2278 donasse

442 2303 571 2357 dum
610 2306 886 2373 conderet,
918 2322 1025 2378 qua
1060 2308 1183 2363 freti
1218 2320 1445 2379 possent
1492 2312 1573 2365 vel
1620 2312 1910 2366 observare
1938 2313 2021 2367 vel

446 2395 717 2449 transilire
749 2396 920 2469 legem
952 2400 1343 2468 pratscriptam.
1378 2397 1517 2453 Nam
1548 2400 1595 2455 si
1624 2400 1792 2469 legem
1839 2402 2016 2469 tollas,

444 2487 578 2541 nihil
607 2491 711 2543 erit
741 2493 883 2546 unde
920 2508 1038 2547 eam
1079 2494 1411 2557 libertatem,
1447 2509 1724 2547 summum
1777 2494 2021 2562 profecto

446 2578 539 2632 Dei
568 2585 792 2645 donum,
822 2598 1146 2652 cognoscas.
1176 2584 1409 2652 Insuper
1443 2584 1548 2649 lex,
1576 2594 1629 2638 et
1651 2585 1694 2637 si
1721 2586 1790 2639 ab
1813 2586 2046 2640 Adamo-

445 2670 694 2725 violanda
736 2683 886 2738 erat,
936 2685 1114 2730 tamen
1160 2676 1310 2731 utilis
1346 2676 1451 2729 fuit
1491 2678 1556 2729 ad
1592 2677 1903 2746 probandos
1933 2692 2022 2731 se-

444 2766 855 2836 gregandosque
922 2770 1224 2840 morigeros
1279 2786 1307 2824 a
1365 2770 1694 2836 rebellibus,
1758 2771 1933 2826 honos
1990 2789 2021 2826 a

446 2855 624 2919 malis,
671 2858 876 2913 amicos
924 2861 992 2914 ab
1044 2862 1318 2925 hostibus,
1371 2862 1719 2932 aliorumque
1766 2863 2021 2917 virtutem

446 2948 514 3001 ah
545 2949 775 3004 aliorum
814 2954 1079 3021 pravitate
1124 2973 1139 3007 :
1179 2970 1412 3023 quorum
1449 2956 1586 3008 nihil
1636 2956 1849 3009 sublata
1882 2957 2020 3026 lege,

447 3044 704 3109 cognosci
756 3045 1152 3117 tlijudicariqde
1197 3065 1225 3101 a
1280 3050 1440 3103 nobis
1473 3058 1676 3118 posset.
1727 3047 1844 3104 1am
1895 3066 2023 3104 vero

445 3136 537 3200 qui
565 3146 844 3191 constaret
868 3139 1017 3207 juste
1040 3140 1163 3195 aliis
1191 3141 1475 3209 praemium
1506 3155 1536 3193 a
1566 3138 1674 3193 Deo
1701 3140 1817 3193 dari
1848 3141 2021 3208 ipsum

443 3226 665 3282 cteleSIe
721 3244 990 3299 regnum,
1061 3232 1153 3300 qui
1204 3232 1523 3301 obsequiosi
1578 3230 1844 3285 servanda
1907 3233 2023 3302 lege

448 3314 682 3370 officium
733 3320 958 3384 colunt,
1029 3322 1152 3375 aliis
1206 3322 1547 3376 calamitates
1601 3323 1793 3375 merito
1854 3322 1945 3375 inf]
1970 3324 2021 3392 gi

446 3407 539 3475 qui
569 3407 689 3463 lata:
719 3410 818 3481 legi
852 3427 959 3466 non
996 3424 1209 3482 parent,
1241 3415 1347 3469 nisi
1378 3414 1461 3468 lex
1494 3425 1645 3469 esset
1683 3413 1836 3467 lata?
1867 3414 2023 3481 Quod

444 3498 494 3551 si
526 3514 652 3553 vero
684 3501 804 3557 ideo
850 3502 978 3558 ferri
1030 3521 1138 3560 non
1182 3491 1370 3559 debuit
1414 3506 1543 3574 quia
1591 3520 1709 3559 cam
1745 3505 2022 3562 fracturus

447 3600 563 3643 erat
586 3592 823 3648 Adamus
845 3612 969 3651 cum
996 3611 1185 3661 uxore,
1207 3597 1352 3652 haud
1378 3612 1511 3651 sane
1534 3607 1683 3652 recte
1708 3600 2021 3669 praescripta

442 3680 556 3749 jam
587 3680 750 3738 fuerit
780 3686 1103 3741 mortalibus
1135 3687 1256 3740 fidei
1288 3700 1502 3749 norma,
1534 3689 1751 3754 quando
1784 3689 2021 3743 maxima

452 3788 578 3840 pars
606 3775 885 3833 hominum
911 3796 1030 3833 eam
1062 3796 1168 3834 non
1195 3779 1342 3834 colit.
1370 3778 1675 3841 Postremo,
1705 3781 2021 3849 przcscripta

452 3859 568 3929 iege
616 3877 902 3920 monemur
934 3868 1164 3921 alterum
1199 3882 1322 3921 esse
1366 3866 1625 3922 saeculum
1673 3867 1725 3920 in
1776 3881 1882 3935 quo
1926 3884 2023 3923 sua

452 3952 694 4017 praemia,
727 3965 783 4008 et
812 3955 881 4010 iis
910 3958 1002 4026 qui
1034 3957 1428 4026 obtemperant,
1458 3964 1510 4009 et
1540 3956 1604 4009 iis
1634 3955 1728 4025 qui
1762 3955 2023 4011 rebellant

449 4041 563 4095 sint
610 4048 901 4112 praestituta
941 4063 957 4100 :
994 4048 1178 4102 alteris
1229 4054 1503 4116 perpetua:
1558 4044 1786 4107 deliciae,
1838 4044 2023 4098 alteris

452 4134 732 4191 cruciatus
786 4139 1125 4207 sempiterni.
1179 4135 1291 4191 Lex
1345 4136 1490 4190 enim
1546 4136 1744 4199 omnis,
1796 4142 1850 4188 et
1900 4148 2025 4202 pro-

454 4226 621 4281 missa
659 4236 713 4282 et
755 4230 930 4284 minas
977 4244 1161 4285 secum
1212 4226 1366 4281 affert
1396 4245 1409 4280 :
1444 4238 1502 4280 ut
1535 4226 1644 4291 illa,
1677 4227 1721 4280 si
1757 4235 2019 4289 servetur,

455 4317 560 4383 hze,
601 4318 646 4372 si
690 4319 988 4389 frangatur,
1022 4329 1219 4389 praesto
1261 4319 1390 4373 sint.
1437 4317 1592 4384 Quod
1626 4332 1789 4383 porro
1820 4320 1884 4371 ad
1918 4319 2026 4371 ira-

453 4412 712 4464 cundiam
764 4421 1011 4481 spectat,
1066 4410 1463 4480 respondemus
1552 4408 1719 4463 Deum
1774 4424 1877 4463 non
1930 4424 2026 4477 per

2125 565 2288 633 quasi
2336 566 2455 633 ejus
2482 564 2817 633 paenituerit,
2850 566 3118 633 dissolvit,
3151 567 3245 622 sed
3279 584 3373 638 per
3406 588 3557 626 suam
3594 591 3699 627 nu-

2131 654 2487 708 sericordiam
2516 664 2677 722 atque
2701 655 3065 719 clementiam,
3091 673 3210 727 qua:
3239 658 3411 728 ipsius
3444 647 3696 730 virtutes,

2131 762 2195 799 ea
2225 762 2281 800 re
2310 756 2436 801 sunt
2472 747 2773 801 luculenter
2804 748 3109 826 patefactze.
3143 750 3281 805 Nam
3304 753 3505 821 alioqui
3535 756 3697 811 ctiam

2129 839 2345 908 quoties
2384 839 2572 894 relicta
2618 839 2894 909 impietate
2928 843 3085 903 redit,
3116 860 3239 898 ctttn
3272 848 3505 915 excipit;
3539 860 3700 919 atque

2128 947 2249 1000 qua:
2296 930 2557 987 adversus
2604 932 2754 986 illum
2805 935 3153 1000 decreverat,
3208 947 3401 1003 mutat,
3446 940 3521 993 ait
3568 956 3699 1010 pro-

2127 1020 2289 1090 pheta
2341 1018 2607 1075 Jeremias
2633 1022 2699 1073 ”.
2745 1022 2811 1076 Et
2854 1019 3123 1077 Ninivitas
3169 1024 3335 1081 exitio
3392 1028 3695 1097 damnatos,

2127 1120 2249 1182 post
2296 1127 2460 1181 quam
2509 1124 2915 1170 commutarunt
2962 1119 3159 1181 vitam,
3221 1120 3487 1189 supplicio
3516 1126 3699 1178 emol-

2138 1206 2213 1258 vit
2244 1205 2282 1260 ¹.
2339 1203 2523 1275 Neque
2558 1206 2843 1263 Ezechiam
2876 1210 2942 1265 de
2976 1212 3212 1268 admisso
3252 1226 3475 1283 peccato
3510 1218 3699 1273 dolen-

2125 1305 2256 1360 tem,
2302 1309 2501 1362 morte,
2544 1308 2605 1353 ut
2634 1300 2998 1357 comminatus
3035 1302 3231 1370 fuerat,
3272 1309 3536 1363 multavit.
3583 1311 3699 1365 lino

2128 1404 2255 1444 vero
2292 1390 2539 1459 quotidie
2586 1392 2770 1448 videre
2805 1404 2911 1459 est,
2958 1396 3108 1451 illum
3156 1414 3264 1453 non
3313 1403 3579 1470 perditum
3617 1405 3699 1460 ire

2124 1496 2219 1537 eos
2248 1484 2343 1553 qui
2389 1486 2508 1541 suis
2540 1488 2810 1544 mandatis
2847 1503 2955 1544 non
3002 1502 3218 1560 parent,
3259 1495 3351 1548 sed
3383 1506 3701 1565 exspectare

2126 1582 2187 1628 ut
2216 1575 2565 1645 resipiscam.
2616 1577 2899 1635 Postremo
2946 1581 3011 1636 ad
3061 1583 3327 1639 mendacii
3372 1587 3698 1644 calumniam

2125 1667 2543 1735 respondemus,
2577 1670 2733 1739 plane
2758 1670 2923 1726 Deum
2953 1674 3238 1728 mentitum
3268 1690 3373 1730 non
3405 1693 3545 1743 esse,
3574 1694 3695 1734 cum

2123 1759 2317 1825 Adam,
2366 1774 2475 1829 quo
2517 1760 2607 1815 die
2650 1762 2716 1816 de
2762 1763 2925 1817 vetita
2965 1764 3157 1819 arbore
3200 1767 3329 1831 edit,
3365 1782 3431 1822 eo
3466 1778 3696 1824 mortem

2052 1833 2094 1887 Β
2121 1864 2339 1934 quoque
2383 1853 2452 1920 (si
2505 1854 2749 1908 animum
2796 1856 3032 1925 spectes)
3076 1856 3318 1934 .obierit;
3363 1860 3562 1931 quippe
3605 1865 3699 1930 qui

2123 1942 2465 1998 abalienatus
2496 1944 2624 1998 sita
2655 1943 2783 2009 Deo,
2815 1948 2909 2016 qui
2948 1962 3089 2002 unus
3121 1946 3231 2002 vita
3263 1964 3409 2013 vera,
3444 1960 3700 2021 certaque

2122 2040 2242 2097 est;
2274 2041 2388 2087 rata
2417 2034 2580 2103 igitur
2610 2035 2709 2089 fuit
2739 2035 2854 2101 Dei,
2883 2051 2948 2091 eo
2979 2037 3089 2101 die,
3117 2038 3382 2094 adversus
3410 2041 3560 2097 illum
3591 2043 3697 2097 lata

2123 2125 2415 2179 sententia.
2446 2124 2509 2179 Et
2535 2140 2661 2179 vero
2697 2126 2813 2194 ipso
2838 2126 3001 2180 etiam
3034 2141 3287 2197 corpore,
3312 2130 3403 2184 illo
3437 2132 3524 2185 die
3554 2148 3699 2188 mor-

2124 2224 2250 2270 tuus
2278 2225 2363 2270 est
2391 2217 2623 2285 quadam
2660 2216 2950 2273 affectione
3010 2219 3321 2275 turbulenta
3357 2238 3478 2290 quae
3509 2226 3699 2280 mortis
3758 2272 3761 2277 λ

2123 2316 2267 2361 esset
2298 2308 2537 2362 efficiens
2566 2324 2579 2361 :
2613 2317 2670 2363 ut
2699 2324 2728 2362 a
2760 2325 2869 2379 quo
2900 2311 3063 2365 simul
3098 2327 3321 2380 prorsus
3353 2315 3699 2370 auferebatur

2124 2398 2551 2455 immortalitatis
2588 2403 2783 2469 gratia,
2838 2417 2901 2457 ac
2950 2402 3178 2471 proinde
3229 2406 3387 2459 morti
3422 2405 3534 2476 jam
3587 2417 3698 2462 tum

2128 2486 2287 2540 fiebat
2318 2488 2608 2554 obnoxius,
2640 2500 2694 2544 et
2746 2492 2971 2546 omnino
3018 2493 3284 2547 mortalis.
3323 2494 3403 2548 Ex
3452 2496 3538 2550 his
3568 2513 3699 2565 ergo

2124 2577 2378 2632 omnibus
2410 2580 2726 2646 coniicitur,
2766 2581 3032 2638 Manctem
3081 2593 3136 2637 et
3180 2585 3421 2654 reliquos
3462 2587 3582 2656 ejus
3618 2590 3700 2643 fa-

2123 2670 2320 2722 etionis
2372 2670 2621 2726 homines
2675 2672 2924 2742 improbe
2989 2673 3155 2729 Deum
3207 2677 3464 2746 sugillare
3511 2694 3700 2736 eorum

2123 2757 2454 2823 criminum,
2496 2776 2618 2830 quae
2651 2762 2763 2831 jam
2806 2764 3067 2822 vidimtts.

2194 2848 2405 2906 Rursus
2433 2850 2587 2905 aiunt
2618 2854 2776 2907 iident
2808 2855 3031 2911 Manetis
3059 2872 3377 2915 assensores
3404 2878 3421 2915 :
3452 2861 3697 2927 Quanam

2126 2942 2436 3010 prohibitus
2499 2957 2583 2999 cst
2630 2945 2872 3002 Adamus
2918 2962 3084 3003 causa
3119 2949 3188 3004 ab
3222 2952 3414 3006 arbore
3458 2955 3701 3010 scientiae

2126 3036 2434 3101 gustanda?
2480 3050 2547 3088 an
2585 3037 2713 3106 quia
2750 3039 2890 3092 mala
2920 3055 2982 3094 ea
3014 3052 3199 3106 esset,
3246 3060 3313 3098 an
3356 3046 3482 3114 quia
3518 3046 3704 3101 bona?

2130 3121 2187 3175 Si
2221 3126 2348 3193 quia
2381 3127 2519 3179 mala
2545 3144 2557 3190 ;
2582 3142 2649 3180 an
2683 3129 2822 3181 mala
2852 3131 3015 3184 arbor
3040 3142 3153 3186 sata
3187 3143 3307 3189 erat
3333 3136 3384 3188 iu
3411 3137 3700 3204 paradiso?

2130 3212 2225 3267 Sin
2255 3215 2383 3284 quia
2414 3216 2552 3270 bona
2576 3233 2590 3281 ;
2616 3234 2711 3286 per
2738 3220 2997 3274 invidiam
3023 3224 3329 3290 prohibitus
3357 3229 3471 3280 est!
3498 3227 3698 3282 Contra

2125 3304 2239 3360 haec
2287 3307 2543 3373 dicinms,
2575 3324 2692 3363 eam
2740 3312 2992 3366 arborem
3041 3323 3233 3384 suapte
3287 3327 3480 3371 natura
3527 3336 3724 3389 neque

2126 3396 2320 3450 bonam
2351 3414 2527 3468 neque
2558 3401 2754 3455 malam
2788 3403 2977 3469 fuisse,
3008 3404 3101 3459 sed
3135 3406 3358 3475 perinde
3387 3420 3549 3479 atque
3583 3413 3708 3479 ipsa

2125 3487 2246 3555 quis
2271 3497 2509 3543 uteretur
2533 3491 2935 3547 abutereturve.
2964 3491 3133 3549 Usum
3184 3505 3362 3551 autem
3413 3508 3571 3568 atque
3601 3504 3701 3553 διν

2125 3593 2282 3632 usum
2305 3618 2320 3643 ,
2342 3581 2393 3633 in
2425 3580 2598 3636 lihero
2631 3586 2929 3652 primorum
2962 3596 3246 3655 parentum
3280 3589 3453 3644 fuisse
3474 3591 3700 3646 arbitrio

2122 3673 2360 3741 positum
2390 3714 2404 3736 ,
2444 3683 2501 3726 ut
2544 3674 2657 3742 jam
2693 3690 2801 3729 non
2834 3692 2900 3730 ex
2944 3677 3059 3745 ipsa
3092 3678 3287 3732 arbore
3328 3680 3528 3733 malum
3557 3719 3572 3744 ,
3606 3682 3701 3735 sed

2123 3779 2187 3817 ex
2213 3764 2426 3818 arboris
2450 3766 2626 3820 abusu
2654 3768 2972 3833 provenisse
2995 3770 3420 3825 existimandum
3439 3771 3529 3827 sit.
3554 3770 3701 3826 ldem

2124 3856 2191 3910 de
2221 3857 2366 3910 bono
2395 3858 2686 3911 dicendum
2721 3858 2955 3923 fuisset,
2988 3861 3033 3913 si
3062 3862 3236 3916 Adam
3270 3864 3541 3918 mandatis
3573 3879 3697 3933 qua:

2124 3947 2191 4000 de
2230 3962 2291 4000 ea
2336 3947 2530 4002 arbore
2572 3962 2856 4018 acceperat
2886 3951 3157 4018 paruisset
3194 3970 3207 4006 :
3243 3955 3700 4023 quemadmodum

2125 4036 2280 4091 cibus
2302 4052 2410 4107 qua
2436 4038 2589 4092 cibus
2607 4048 2711 4102 est,
2741 4039 2870 4092 nihil
2899 4042 3038 4095 ullus
3056 4043 3248 4097 ab-alio
3272 4044 3471 4111 diﬂ‘ert,
3491 4048 3583 4102 sed
3605 4062 3703 4116 pro

2124 4136 2283 4183 aetate
2330 4139 2493 4199 atque
2528 4129 2737 4184 viribus
2768 4131 3102 4185 vescentium
3141 4134 3400 4189 maxime.
3440 4135 3575 4189 Nam
3608 4142 3701 4206 qui

2128 4222 2395 4276 vescentis
2428 4222 2637 4275 viribus
2664 4222 2959 4291 respondet
2988 4233 3155 4292 atque
3186 4240 3426 4293 congruo
3461 4236 3702 4293 tempore

2128 4312 2385 4374 sumitur,
2410 4313 2619 4376 bonus;
2656 4315 2747 4382 qui
2787 4331 2913 4369 vero
2950 4316 3092 4369 vires
3126 4325 3345 4383 supcrat
3378 4327 3471 4369 aut
3506 4334 3614 4371 non
3646 4320 3699 4371 iu

2130 4412 2369 4471 tempore
2396 4406 2631 4473 capitur,
2666 4406 2842 4461 malus
2874 4407 3104 4460 habetur
3138 4423 3151 4458 :
3182 4412 3259 4460 sic
3296 4421 3429 4462 usus
3456 4408 3586 4462 Adae
3617 4424 3701 4464 at-

455 4502 593 4557 iram
636 4506 1022 4573 pronuntiasse
1052 4506 1315 4561 adversus
1360 4503 1625 4557 Adamum
1670 4501 1817 4555 illam
1864 4501 2022 4555 talem
2058 4509 2101 4563 ι)
2134 4511 2238 4564 que
2271 4497 2456 4551 uxoris
2485 4498 2538 4549 in
2585 4501 2849 4566 permissa
2881 4498 3101 4567 quidem
3134 4500 3329 4553 arbore
3354 4538 3369 4563 ,
3405 4501 3616 4567 bonus;
3650 4512 3704 4555 at

456 4602 806 4663 sententiam,
847 4600 941 4653 sed
992 4615 1086 4668 per
1131 4613 1334 4652 meram
1366 4594 1842 4664 Juisericordiam;
1879 4595 2021 4663 quod

457 4691 583 4745 hinc
617 4693 985 4762 cognoscitur,
1023 4691 1150 4761 quia
1185 4689 1605 4757 haudquaquam
1653 4687 1744 4740 illo
1773 4687 1861 4741 die
1890 4687 2025 4740 obiit

457 4793 687 4839 mortem
732 4799 841 4853 quo
887 4784 1096 4837 facinus
1133 4781 1285 4845 fecit,
1326 4795 1426 4849 pro
1469 4778 1756 4833 sententiae
1792 4779 1972 4832 verbis
2010 4795 2023 4831 :

456 4876 717 4930 nimirum
753 4875 917 4930 verba
951 4878 1023 4929 eo
1048 4872 1250 4928 fecer’at
1287 4872 1431 4926 Deus
1472 4868 1752 4939 rigidiora,
1786 4881 1897 4936 quo
1929 4882 2025 4936 po-

451 4970 754 5025 steritatem
782 4978 1149 5038 venturosque
1180 4972 1427 5034 nepotes,
1454 4978 1548 5032 per
1572 4969 1796 5023 metum,
1821 4976 1849 5013 a
1875 4960 2024 5014 fran-

458 5061 646 5131 gendis
695 5060 903 5130 legibus
953 5059 1373 5127 rebellandoque
1436 5054 1761 5109 contineret.
1818 5051 2025 5104 liursus

454 5154 523 5207 de
550 5152 888 5222 paenitentia,
915 5151 1072 5219 cujus
1109 5158 1332 5203 accusat
1359 5145 1529 5200 Deum
1560 5140 1763 5204 Manes,
1791 5139 2025 5194 dicimus

454 5246 676 5301 illorum
719 5259 838 5299 esse
867 5243 1055 5298 dolore
1097 5250 1262 5309 atque
1291 5238 1553 5308 paenitere
1598 5234 1690 5304 qui
1740 5233 1909 5287 nescii
1939 5248 2026 5287 re-

460 5341 581 5392 rum
609 5346 864 5403 eventus,
896 5351 961 5390 ea
1001 5334 1209 5389 faciunt
1239 5345 1472 5401 quorum
1503 5330 1681 5382 exitus
1723 5341 1909 5395 parum
1941 5340 2026 5379 rc-

458 5435 724 5501 spondeat
762 5431 1003 5500 ipsorum
1035 5424 1374 5487 commodis;
1413 5430 1468 5474 at
1511 5419 1703 5483 Deum,
1735 5433 1856 5471 cum
1890 5431 2026 5485 pra:-

460 5525 601 5579 sciat
650 5523 830 5578 omnia
882 5535 1042 5589 quem
1092 5518 1203 5572 sint
1251 5526 1478 5583 qumque
1526 5509 1776 5563 habitura
1830 5508 2022 5573 linem,

459 5630 691 5683 prorsus
728 5613 993 5684 poenitere
1043 5610 1207 5664 ullius
1284 5619 1390 5659 non
1438 5617 1616 5673 posse,
1681 5610 1773 5654 aut
1820 5599 2022 5670 pigere.

533 5777 580 5809 "
606 5774 805 5829 Jercm.
838 5787 854 5827 ι
885 5778 937 5827 et
969 5785 1115 5825 xvut.
1200 5766 1215 5795 ¹
1247 5764 1401 5820 Joan.
1435 5776 1517 5825 tu,
1555 5759 1574 5815 l
1612 5773 1760 5827 seqq.

2129 4587 2182 4641 in
2216 4588 2377 4641 vetita
2402 4627 2417 4651 ,
2454 4588 2631 4642 malus
2656 4597 2793 4642 erat.
2844 4587 3031 4658 Neque
3060 4590 3204 4644 enim
3254 4591 3307 4643 itt
3361 4590 3478 4660 ipsa
3508 4592 3713 4646 arbore

2131 4678 2260 4732 boui
2302 4679 2495 4733 malive
2542 4679 2830 4735 efficientia
2879 4682 3089 4746 inerat,
3140 4682 3233 4737 sed
3282 4682 3460 4751 ipsum
3499 4685 3704 4739 violare

2135 4770 2225 4823 Dei
2257 4769 2463 4839 legem;
2499 4770 2550 4822 id
2578 4785 2708 4825 vero
2755 4782 2872 4826 erat
2917 4772 3064 4841 quod
3101 4773 3371 4827 Adamum
3401 4775 3719 4841 occidebat,

2132 4876 2238 4915 non
2264 4862 2449 4923 arbor.
2487 4862 2657 4916 Veluti
2694 4864 3149 4919 contumeliosum
3182 4865 3233 4918 in
3268 4877 3520 4935 parentes
3544 4910 3557 4932 ,
3596 4884 3703 4921 non

2133 4953 2254 5021 ipsa
2276 4953 2610 5008 contumelia
2632 4954 2824 5008 multat
2847 4966 3042 5020 morte,
3064 4956 3156 5010 sed
3187 4956 3357 5010 fracta
3387 4959 3470 5011 lex
3493 4973 3509 5024 ;
3532 4975 3704 5026 neque

2134 5060 2292 5107 mons
2342 5044 2494 5100 Sinai
2526 5061 2620 5101 eos
2654 5047 3017 5102 interficiebat
3064 5049 3155 5117 qui
3203 5064 3259 5102 se
3313 5049 3703 5117 contingebant

2134 5149 2244 5205 quo
2271 5146 2513 5206 tempore
2549 5137 2681 5193 certi
2712 5137 2847 5193 fines
2870 5139 3174 5209 praescripti
3210 5139 3361 5193 fuere
3395 5139 3531 5191 ultra
3566 5153 3702 5206 quos

2134 5244 2305 5284 nemo.
2327 5231 2627 5293 accederet,
2664 5230 2759 5286 sed
2792 5231 2879 5286 lex
2903 5231 3124 5287 violata.
3155 5228 3273 5283 Non
3302 5229 3463 5298 igitur
3496 5228 3582 5280 illa
3611 5244 3699 5280 ar-

2136 5320 2233 5374 bor
2265 5321 2472 5375 Adamo
2515 5323 2715 5376 malum
2748 5323 2928 5386 dedit,
2981 5323 3073 5378 sed
3106 5321 3306 5375 amissa
3347 5334 3443 5388 per
3473 5320 3697 5373 fractam

2134 5413 2304 5482 legem
2356 5429 2532 5480 noxa;
2565 5416 2841 5469 enimvero
2876 5430 2970 5482 per
2997 5411 3256 5465 invidiam
3284 5424 3390 5464 non
3420 5424 3542 5464 esse
3572 5424 3699 5478 pro.»
3772 5444 3777 5451 ς

2136 5506 2362 5560 hihitum
2410 5505 2676 5560 Adamum
2715 5505 2782 5560 ab
2822 5520 2927 5559 una
2978 5518 3042 5558 ea
3089 5502 3284 5556 arbore
3317 5502 3449 5557 satis
3498 5502 3697 5571 arguit,

2133 5598 2279 5668 quod
2307 5606 2514 5654 caetera)
2542 5612 2733 5654 omnes
2775 5597 2875 5667 ipsi
2920 5596 3041 5652 usui
3071 5594 3347 5666 permissa:
3374 5592 3547 5651 fuere.
3593 5592 3705 5649 Sed
