4100 6212
420 336 522 399 599

1691 331 1915 390 MOSIS
1960 330 2103 387 ΒΑΗ
2145 327 2394 386 (ΣΕΡΠᾹ

3550 329 3656 393 6οΊ

413 462 483 501 eo
512 443 789 515 spectabat
819 445 1130 499 mandatum
1159 484 1173 508 ,
1204 452 1265 498 ut
1294 444 1357 498 de
1386 441 1516 498 Adae
1560 442 1822 511 obsequio
1848 440 1991 511 peri-
2021 449 2064 504 Α
2094 454 2255 509 quem
2275 438 2975 508 praesciebatpeccatnrutn.
2994 439 3421 509 ReSpondemus,
3442 440 3666 499 minime

420 536 605 591 culum
632 536 686 590 in
712 550 815 590 una
841 537 1037 591 arbore
1067 536 1251 602 ﬁeret;
1276 548 1447 605 eoque
1475 535 1521 589 si
1550 534 1998 604 obtemperasset,

421 642 700 684 summum
738 628 971 696 pretium
1006 625 1255 692 referret,
1297 641 1489 694 nempe
1519 637 1577 680 ut
1616 635 1804 694 posset
1830 624 1996 694 {vesci

432 719 629 774 arbore
658 720 784 773 vitae
809 759 823 785 ,
854 728 1018 788 atque
1047 719 1372 787 immortalis
1404 718 1541 771 ﬁeri.
1583 717 1688 771 Sed
1722 718 1843 771 aliis
1867 732 2003 785 pra:-

425 820 575 864 terea
626 809 935 864 rationibus
981 824 1149 879 supra
1200 810 1578 872 ostendimus,
1636 808 1771 862 nihil
1808 807 2001 861 horum

426 918 523 971 per
555 901 812 955 invidiam
842 916 872 955 a
907 900 1017 954 Deo
1044 910 1257 969 gestum
1287 914 1428 955 esse.
1632 938 1641 961 η

499 993 701 1048 lterum
760 993 925 1047 instat
988 993 1212 1046 Manetis
1281 1002 1462 1056 secta,
1521 992 1772 1060 inquiens
1828 1007 1842 1042 :
1898 989 2006 1043 Aut

424 1084 750 1151 prresciebat
804 1082 949 1137 Deus
1004 1083 1273 1136 Adamum
1326 1097 1435 1137 non
1480 1084 2006 1151 obtemperaturum,

427 1181 524 1226 aut
553 1188 661 1225 non
706 1170 1025 1248 prmsciebat
1060 1186 1183 1225 cum
1236 1171 1405 1238 legem
1445 1170 1632 1224 ferret.
1673 1167 1730 1222 Si
1783 1169 1886 1222 hoc
1915 1168 2004 1222 de-

427 1265 573 1319 deris
610 1280 625 1330 ;
658 1262 953 1318 absurdum
991 1272 1074 1315 est
1119 1280 1132 1316 :
1178 1261 1262 1316 sin
1304 1261 1472 1325 illud,
1503 1260 1770 1315 vecordia:
1812 1270 1893 1314 est
1923 1274 2007 1313 ar-

428 1355 676 1422 guendos
706 1354 870 1409 Deus.
906 1352 1016 1407 Nos
1051 1368 1180 1407 vero
1206 1352 1599 1422 respondemus
1624 1353 1767 1422 quod
1801 1366 2004 1420 nuper:

434 1444 776 1513 praescivisse
832 1444 1054 1512 quidem
1105 1442 1315 1508 Deum,
1373 1457 1483 1498 non
1539 1444 1885 1499 observatum
1941 1440 2008 1493 iri

437 1532 754 1585 mandatum
786 1530 1089 1585 ahAdamo
1111 1571 1124 1594 ,
1160 1532 1211 1584 id
1245 1541 1423 1586 tamen
1450 1547 1547 1587 cur
1571 1532 1749 1586 minus
1785 1530 2011 1584 manda-

444 1631 548 1687 ret,
575 1624 707 1677 nihil
734 1623 1030 1678 obstitisse.
1058 1623 1190 1688 Quis
1217 1624 1359 1677 enim
1390 1624 1615 1678 stultum
1642 1632 1797 1676 vocet
1818 1621 2008 1685 Deum,

434 1717 565 1782 quia
625 1714 834 1783 legibus
890 1714 1063 1767 vetuit
1096 1729 1345 1782 peccare,
1392 1730 1511 1767 cum
1560 1714 1721 1767 sciret
1751 1713 2012 1781 plurimos

2103 530 2380 585 conditum
2405 544 2433 582 a
2464 530 2568 583 Deo
2589 544 2709 583 esse
2732 530 2995 583 Adamum
3022 540 3079 585 ut
3107 539 3353 600 peccaret
3375 530 3456 585 vel
3479 540 3537 585 ut
3562 547 3667 585 non

2103 632 2371 690 peccaret,
2396 622 2510 675 sive
2533 620 2783 689 utjustus
2811 633 2975 686 esset,
2994 633 3086 677 aut
3110 636 3164 677 ut
3188 624 3444 692 injustus,
3465 625 3555 677 sed
3578 639 3676 678 ne-

2104 727 2211 781 que
2241 721 2297 765 ut
2330 713 2499 782 legem
2523 712 2836 767 observaret
2860 715 2940 766 vel
2971 726 3154 768 utnon
3180 716 3515 777 observaret,
3545 729 3670 767 nam
3744 748 3745 751 η

2105 802 2152 857 si
2181 802 2375 855 borum
2412 802 2643 871 alicujus
2674 803 2846 874 gratia
2891 800 3044 857 illum
3094 804 3448 871 condidisset,
3478 819 3673 874 magna

2123 907 2255 947 sane
2291 906 2457 946 causa
2510 892 2614 947 hoc
2649 894 2719 947 ab
2764 893 2871 947 illis
2901 904 3254 963 quaereretur.
3302 897 3396 948 sed
3438 910 3534 964 pro
3573 912 3669 951 sua

2109 984 2375 1047 bonitate,
2427 988 2709 1055 gratiaque
2766 1002 2909 1042 mera
2965 988 3112 1041 illum
3182 987 3399 1050 effecit,
3450 989 3673 1059 ha‘cque

2107 1078 2282 1148 prima
2319 1081 2426 1133 Deo
2459 1078 2606 1133 illius
2637 1080 2856 1133 creandi
2892 1094 3056 1134 causa
3110 1078 3210 1133 fuit
3245 1089 3475 1133 :caetera
3509 1094 3672 1148 porro

2111 1170 2220 1232 illa,
2261 1170 2579 1223 secundaria
2613 1172 2971 1225 existimanda
2998 1178 3147 1236 sunt,
3178 1179 3236 1223 ut
3268 1186 3388 1239 quae
3416 1186 3481 1223 ex
3506 1172 3675 1239 ipsius

2108 1261 2236 1315 Adae
2272 1263 2500 1317 arbitrio
2535 1263 2926 1332 pependerint,
2961 1278 3082 1318 cum
3136 1264 3236 1318 hoc
3294 1277 3461 1333 penes
3498 1263 3671 1317 solum

2109 1338 2420 1409 Creatorem
2445 1365 2605 1410 esset.
2639 1356 2977 1426 Quapropter
3001 1355 3183 1423 potius
3212 1355 3289 1410 sic
3325 1355 3399 1408 illi
3424 1368 3669 1423 quaerere

2110 1444 2449 1511 debuerunt,
2486 1459 2585 1499 cur
2616 1447 2883 1501 creaverit
2930 1449 3197 1500 Adamum
3230 1446 3394 1512 Deus,
3432 1448 3500 1499 ita
3531 1448 3675 1500 enim

2111 1550 2432 1604 responsum
2474 1537 2721 1591 tulissent
2757 1552 2773 1591 :
2814 1548 3031 1606 propter
3063 1552 3213 1591 suam
3246 1538 3414 1605 ipsius
3441 1538 3681 1606 probita-

2113 1634 2241 1682 tem.
2274 1626 2407 1680 Nam
2444 1627 2650 1697 reliqua
2682 1628 2771 1682 illa
2812 1643 3042 1697 peccare
3082 1638 3175 1682 aut
3207 1645 3309 1681 non
3347 1642 3592 1696 peccare,
3626 1636 3681 1682 et

2111 1735 2233 1789 quae
2270 1719 2607 1772 addebantur
2646 1731 2877 1787 caetera;
2912 1735 2979 1774 ex
3020 1720 3147 1774 Athe
3179 1721 3346 1774 libera
3376 1719 3680 1789 pendebant

436 1808 556 1858 lore
588 1805 680 1873 qui
714 1814 896 1858 essent
927 1804 1236 1873 peccaturi?
1263 1804 1405 1859 Sane
1437 1806 1481 1859 si
1513 1804 1693 1859 nullas
1724 1805 1867 1872 leges
1888 1818 2018 1857 con-
2051 1821 2092 1875 Β
2120 1812 2413 1865 voluntate.
2476 1810 2592 1866 Huc
2640 1813 2889 1867 addimus
2923 1814 3082 1867 etiam
3142 1814 3273 1867 illud
3324 1829 3337 1865 :
3386 1814 3585 1880 Deum,
3623 1821 3681 1866 ut

434 1897 681 1958 didisset,
726 1904 819 1948 aut
845 1896 977 1948 nilnl
1011 1896 1421 1964 imperavisset,
1458 1912 1632 1966 neque
1661 1913 1826 1966 penes
1860 1896 2010 1950 illum

432 1984 883 2049 dominationem,
918 2000 1091 2052 neque
1131 2001 1291 2054 penes
1322 2001 1421 2039 nos
1459 1988 1665 2040 arbitrii
1708 1987 2009 2041 libertatem

433 2091 594 2139 esse,
660 2076 915 2129 rescitum
990 2087 1153 2132 esset.
1214 2077 1688 2132 Verumenimvcro
1742 2080 1833 2133 ille
1889 2095 2013 2133 cum

433 2163 710 2231 praesciret
752 2172 951 2218 cuncta
986 2180 1107 2232 qua:
1138 2175 1396 2219 eventura
1428 2177 1635 2229 essent,
1677 2164 1820 2234 leges
1856 2165 2013 2220 nobis

438 2256 584 2309 dedit
618 2269 714 2309 ceu
751 2254 936 2309 liberis
962 2264 1015 2309 et
1038 2255 1208 2310 libero
1236 2257 1461 2310 arbitrio
1492 2256 1729 2325 praeditis
1748 2298 1762 2321 ,
1789 2266 1844 2310 ut
1868 2256 2013 2326 quod

436 2347 627 2399 liberet
664 2346 717 2398 id
748 2361 1054 2416 ageremus.
1084 2345 1194 2400 Nos
1227 2362 1353 2401 vero
1385 2361 1484 2416 pro
1519 2362 1615 2401 sua
1650 2349 1882 2417 quisque
1916 2361 2009 2401 vo-

436 2440 645 2491 luntate
675 2446 729 2490 et
759 2437 969 2491 arbitrii
1010 2437 1259 2492 libertate
1283 2476 1298 2501 ,
1335 2454 1460 2507 erga
1490 2438 1635 2507 leges
1661 2478 1675 2503 ,
1703 2448 1796 2492 aut
1829 2440 2015 2494 obser-

442 2529 618 2582 vando
658 2544 750 2584 eas
780 2539 874 2583 aut
922 2530 1220 2599 frangendo
1247 2569 1261 2594 ,
1297 2541 1508 2585 nosmet
1538 2533 1797 2600 gerimus.
1830 2530 2014 2601 Neque

431 2620 589 2674 aliter
616 2636 833 2691 quoque
881 2637 1003 2676 cum
1041 2622 1245 2675 Atlamo
1278 2632 1459 2677 actum
1495 2633 1614 2688 est;
1654 2638 1818 2691 penes
1858 2624 2010 2677 illum

432 2713 578 2764 enim
612 2716 729 2766 erat
774 2721 827 2766 et
855 2714 1015 2766 edere
1055 2724 1107 2767 ct
1150 2729 1254 2766 non
1291 2714 1451 2767 edere
1483 2715 1549 2768 de
1589 2714 1784 2769 arbore
1812 2715 2009 2779 vetita;

438 2812 602 2871 atque
631 2804 676 2856 si
702 2819 806 2855 non
832 2804 1052 2870 edisset,
1079 2820 1142 2858 ex
1171 2806 1341 2874 gratia
1366 2806 1688 2861 immortalis
1718 2806 2008 2870 evasisset;

432 2904 785 2961 posteaquam
834 2909 964 2947 vero
994 2896 1126 2960 edit,
1165 2905 1412 2950 mortuus
1455 2906 1557 2949 est.
1588 2896 1684 2950 llis
1717 2899 1899 2966 itaque
1925 2914 2013 2951 ar-

433 2981 718 3049 gumentis
745 2983 996 3051 colligere
1019 2994 1122 3050 est,
1156 3000 1332 3054 neque
1364 2986 1501 3041 male
1528 2996 1699 3041 satam
1732 2986 1901 3043 fuisse
1926 3004 2014 3043 ar-

434 3076 621 3125 borem
682 3073 926 3128 scientiae
958 3074 1026 3128 ab
1075 3075 1247 3142 initio,
1282 3093 1455 3146 neque
1492 3077 1699 3134 Adamo
1747 3081 2012 3135 invidiose

434 3161 523 3212 itla
556 3162 905 3218 interdictum
940 3180 1060 3220 esse
1095 3184 1107 3220 :
1144 3183 1211 3221 ne
1244 3169 1338 3223 illo
1382 3170 1598 3225 mittant
1635 3172 1843 3241 linguas
1884 3186 2012 3228 suas
2039 3161 2081 3219 C

436 3250 668 3307 Manetis
695 3255 936 3319 asseclze,
964 3255 1055 3311 Dei
1085 3258 1288 3325 hostes,
1319 3260 1446 3314 dum
1476 3276 1572 3329 pro
1596 3262 1803 3317 duabus
1826 3279 2008 3317 rerum

435 3343 621 3397 causis
642 3347 953 3400 astruendis
974 3349 1363 3404 contendentes
1385 3351 1637 3421 (quarum
1663 3355 1827 3408 altera
1849 3357 2011 3420 bona,

444 3434 585 3486 mala
621 3438 785 3489 altera
838 3436 930 3505 sit)
981 3438 1287 3493 istiusmodi
1322 3442 1661 3508 argumentis
1709 3459 1810 3498 nos
1842 3446 2012 3499 laces-

436 3534 596 3588 sunt,
648 3526 739 3593 qui
780 3542 945 3579 unutn
985 3526 1153 3582 Deum
1191 3530 1554 3599 proﬁtemur:
1590 3535 1657 3598 si,
1690 3535 2012 3603 inquientes,

438 3614 575 3667 mala
606 3624 724 3667 erat
771 3617 951 3680 arbor,
989 3632 1087 3670 cur
1124 3632 1241 3673 eain
1283 3622 1420 3675 sevit
1460 3622 1601 3678 Deus
1636 3626 1689 3679 iit
1734 3628 2007 3695 paradiso,

439 3719 561 3771 quae
594 3705 802 3759 Adamo
836 3708 1051 3760 ruinam
1083 3718 1229 3764 esset
1259 3711 1507 3767 illatura?
1539 3716 1634 3768 Sin
1665 3718 1828 3783 bona,
1858 3734 2012 3785 pior-

439 3809 535 3848 sus
559 3810 655 3863 per
681 3796 939 3849 invidiam
964 3800 1305 3867 prohibuerit
1336 3803 1484 3858 illum
1513 3822 1732 3862 necesse
1764 3822 1867 3864 est.

988 3910 1261 3966 CAPUT
1320 3914 1429 3970 Ill.

432 3998 630 4052 Contra
655 3999 865 4054 Juliam’
890 4006 1188 4071 Apostatw,
1219 4008 1283 4060 de
1304 4012 1490 4064 arbore
1522 4013 1661 4077 rita',
1692 4014 2008 4072 calumnias.

508 4088 691 4144 Satius
727 4093 915 4147 luisset
942 4135 955 4160 ,
986 4097 1061 4149 ait
1108 4096 1359 4154 Julianus
1381 4139 1395 4165 ,
1426 4102 1673 4158 arborem
1703 4106 1847 4159 illam
1874 4110 2011 4161 veti-

433 4193 539 4235 tam
562 4221 576 4246 ,
610 4192 704 4237 aut
733 4184 786 4237 in
822 4188 1020 4256 angulo
1054 4191 1289 4257 paradisi
1322 4202 1416 4247 aut
1447 4195 1563 4248 loco
1596 4197 1779 4265 aliquo
1808 4200 2011 4253 obscu-

434 4273 581 4329 riore
624 4286 875 4343 exstare;
928 4294 995 4332 ne
1024 4280 1152 4333 dum
1207 4294 1468 4351 perpetuo
1512 4287 1582 4340 ob
1612 4289 1800 4343 oculos
1831 4299 2035 4357 esset,‘

441 4364 667 4419 nimium
697 4368 780 4421 sui
807 4368 1141 4424 desiderium
1170 4374 1223 4426 in
1252 4376 1449 4429 animis
1482 4390 1766 4445 parentum
1800 4390 2013 4437 nostro-

436 4471 555 4510 rum
587 4458 872 4513 excitaret.
903 4459 1040 4515 lluic
1073 4466 1361 4533 respondet
1395 4466 1455 4521 ι).
1484 4468 1737 4537 Cyrillus,
1763 4475 2010 4528 oratione

2113 1903 2386 1972 przescivit
2429 1915 2777 1972 peccaturum
2806 1905 3072 1959 Adamum
3106 1904 3491 1975 lapsurumque
3528 1906 3679 1973 prius

2115 2011 2276 2065 quam
2324 1996 2614 2061 conderet;
2657 1996 2733 2051 ita
2790 1998 3128 2066 praescivisse
3171 2013 3387 2068 quoque
3442 2012 3501 2051 se
3550 1998 3679 2051 olim

2116 2097 2430 2152 venturum,
2453 2087 2968 2156 redeinpttirumqne
2992 2089 3139 2142 illum
3166 2105 3193 2141 a
3217 2098 3436 2158 peccato
3461 2089 3513 2141 in
3536 2088 3680 2157 quod

2116 2173 2417 2239 incidisset,
2451 2176 2734 2245 ipsiusque
2763 2186 3086 2232 vetustatem
3116 2179 3570 2241 instauraturum,
3601 2187 3680 2231 at-

2113 2282 2219 2336 que
2268 2268 2569 2336 collapsum
2605 2268 3048 2335 sublevaturum;
3082 2282 3137 2325 ut
3166 2287 3231 2323 eo
3268 2274 3447 2326 minus
3482 2271 3677 2325 mirum

2115 2358 2284 2413 videri
2304 2359 2551 2429 ‘deheatf,
2582 2360 2627 2414 si
2661 2362 2864 2415 creavit
2896 2377 3055 2432 quem
3094 2364 3254 2432 paulo
3281 2374 3399 2433 post
3429 2372 3682 2433 peccatu-

2114 2464 2235 2502 rum
2288 2452 2588 2517 przesciret.
2646 2452 2847 2507 Adhazc
2912 2453 3017 2508 nisi
3080 2463 3321 2509 creasset
3376 2455 3520 2523 quod
3575 2470 3681 2509 non

2114 2540 2395 2594 nesciebat
2479 2553 2797 2610 peccaturos
2833 2582 2849 2606 ,
2899 2543 3103 2599 frustra
3173 2546 3393 2601 creandi
3459 2562 3679 2616 operam

2114 2632 2478 2700 sumpsisset;
2519 2635 2720 2701 quippe
2751 2635 2845 2703 qui
2878 2649 2976 2689 nec
3006 2636 3380 2704 hlasphemum
3414 2637 3465 2690 in
3498 2647 3685 2691 ventre

2116 2722 2305 2776 matris
2339 2739 2451 2776 sua:
2493 2723 2737 2779 ﬁnxisset
2759 2764 2774 2786 ,
2807 2741 2984 2795 neque
3020 2727 3318 2797 hypocrita:
3349 2728 3682 2798 permisisset

2116 2823 2175 2868 ut
2201 2816 2474 2884 aspiceret
2510 2816 2714 2871 lumen.
2763 2817 3004 2888 Denique
3033 2835 3097 2874 eo
3139 2822 3559 2875 luculentissima
3584 2821 3678 2877 Dei

2114 2904 2358 2969 probitas
2390 2915 2443 2958 et
2468 2907 2638 2974 gratia
2665 2917 2883 2974 apparet
2910 2947 2924 2971 ,
2959 2911 3097 2977 quod
3130 2924 3267 2978 quos
3297 2911 3397 2964 sibi
3438 2925 3546 2963 non
3583 2911 3683 2964 ob-

2116 3002 2513 3060 temperaturos
2540 2998 2708 3061 novit,
2731 3013 2822 3052 eos
2844 3000 3166 3069 progignere
3195 3016 3300 3054 non
3335 3003 3677 3071 dedignatur.

2112 3085 2247 3139 Nam
2291 3088 2437 3142 solos
2471 3089 2771 3158 morigeros
2795 3131 2810 3153 ,
2843 3105 2939 3144 sua
2971 3106 3169 3159 causa,
3204 3093 3305 3147 hoc
3332 3104 3413 3147 est
3437 3135 3451 3157 ,
3486 3105 3542 3148 ut
3569 3110 3681 3150 sna.-

2116 3178 2377 3232 voluntati
2403 3180 2741 3249 imperioque
2763 3181 3219 3249 obsecundarcnt,
3246 3194 3297 3237 et
3327 3184 3428 3238 sibi
3462 3196 3674 3254 gratum

2115 3270 2375 3336 facerent,
2394 3272 2647 3341 genuisse
2669 3273 2833 3328 videri
2855 3285 3098 3343 poterat:
3121 3284 3175 3328 at
3200 3276 3420 3344 quando
3441 3278 3551 3346 jam
3580 3293 3678 3347 pro

2114 3378 2212 3418 sua
2240 3363 2498 3426 bonitate,
2530 3372 2583 3417 et
2609 3364 2781 3418 bonos
2806 3375 2949 3419 creat
2984 3377 3038 3419 et
3068 3368 3260 3431 malos,
3297 3382 3399 3421 non
3433 3368 3678 3437 ignarus,

2114 3453 2313 3508 alteros
2336 3469 2429 3522 per
2452 3455 2724 3522 virtutem,
2756 3470 2849 3524 per
2881 3456 3303 3526 improbitatem,
3334 3458 3531 3515 alteros
3552 3470 3683 3514 teta-

2114 3553 2221 3600 tem
2252 3552 2471 3600 acturos
2504 3546 2977 3615 (quemadmodum
3010 3550 3168 3602 etiam
3204 3551 3336 3604 solis
3359 3552 3443 3604 sui
3474 3551 3678 3615 lumen,

2110 3639 2263 3708 juxta
2327 3640 2485 3694 bonis
2530 3648 2582 3693 et
2634 3640 2793 3695 malis
2841 3641 3101 3710 impertit,
3123 3650 3179 3695 et
3229 3642 3464 3711 pluviam
3515 3644 3680 3712 justis

2117 3731 2439 3800 injustisque
2462 3731 2505 3800 'j
2534 3730 2835 3786 clarissima
2866 3732 3111 3802 profecto
3138 3735 3315 3788 evadit
3343 3734 3515 3803 ipsius
3550 3750 3679 3803 pro-

2116 3821 2256 3875 bitas
2302 3832 2465 3891 atque
2514 3823 2818 3891 benignitas
2852 3839 2971 3892 quae
3000 3823 3219 3893 profuse
3248 3826 3512 3890 deﬂuens,
3558 3827 3681 3879 titti—

2115 3930 2270 3969 versa
2295 3916 2662 3983 amplectitur.
2696 3915 2893 3970 Verum
2922 3917 3063 3973 hanc
3092 3920 3443 3988 quaestionem
3474 3920 3675 3973 dissol-

2113 4005 2289 4059 vimus
2323 4021 2541 4076 qnoque
2589 4008 2642 4060 in
2690 4008 3373 4078 nostrainterpretatione
3425 4026 3585 4081 quam
3622 4012 3675 4065 in

2114 4094 2220 4150 divi
2263 4095 2499 4151 Matthazi
2534 4096 2880 4167 Evangelium
2920 4098 3167 4155 fecimus.

2669 4186 2947 4242 CAPUT
3003 4187 3068 4243 γ.

2268 4277 2506 4331 Mortalis
2532 4294 2599 4330 an
2632 4279 2952 4333 immortalis
2986 4288 3194 4334 creatus
3225 4282 3292 4336 sit
3320 4283 3514 4336 Adam.

2185 4368 2443 4434 Quaerunt
2471 4370 2584 4431 alii,
2608 4370 2963 4425 mortalemne
2986 4382 3204 4439 natura,
3226 4389 3292 4427 an
3318 4374 3678 4429 immortalem

2112 4461 2361 4531 genuerit
2400 4459 2540 4515 Deus
2573 4460 2862 4516 Adamum.
2910 4461 3015 4518 Sed
3047 4465 3314 4533 principio
3368 4467 3682 4535 expenden-

431 4552 590 4605 tertia
621 4568 784 4620 quam
811 4554 1072 4611 adversus
1097 4573 1221 4611 cum
1251 4562 1596 4632 conscripsit,
1626 4565 1681 4619 in
1709 4568 1850 4621 hanc
1875 4584 2001 4622 se"-
2036 4538 2081 4593 D
2111 4555 2236 4605 dum
2270 4551 2355 4605 hic
2381 4560 2483 4616 est,
2524 4552 2654 4620 quid
2695 4552 2794 4605 sibi
2829 4552 2959 4606 illud
2997 4555 3141 4621 velit,
3185 4554 3452 4608 Adamum
3486 4564 3680 4608 natura

429 4642 653 4695 tentiam
690 4660 703 4697 :
740 4642 935 4699 Studio
960 4646 1235 4705 Creatoris
1276 4653 1475 4707 factum
1503 4666 1604 4719 est,
1633 4673 1700 4711 ne
1726 4658 1890 4715 arbor
1916 4658 2006 4713 illa

430 4730 484 4781 in
522 4730 736 4785 occulto
771 4733 1096 4803 haberetur;
1146 4751 1571 4799 consentaneum
1614 4748 1761 4801 enirn
1807 4750 1909 4803 fuit
1948 4758 2008 4804 ut

430 4830 785 4889 spectatores,
815 4825 929 4893 ipsa
962 4827 1172 4884 arboris
1204 4836 1537 4903 aspectione,
1568 4840 1878 4894 mandatum
1911 4842 2002 4896 Dei

425 4922 588 4981 atque
639 4913 808 4984 legem
861 4916 915 4970 in
954 4921 1270 4975 memoriam
1325 4938 1686 4994 revocarent,
1736 4938 1790 4983 et
1842 4916 2004 4986 simul

430 5005 644 5059 Domini
680 5006 766 5061 sui
796 5008 889 5076 qui
919 5010 1086 5079 legem
1122 5014 1338 5079 tulerat,
1370 5020 1785 5075 recordarentur
1828 5044 1839 5077 :
1869 5038 2004 5091 quo-

425 5111 544 5149 rum
593 5113 776 5152 rerum
822 5098 1020 5156 oblivio
1057 5103 1189 5172 ipsis
1239 5104 1399 5162 facile
1439 5112 1703 5178 potuisset
1739 5114 2002 5185 obrepere

425 5187 471 5237 si
506 5187 556 5239 in
589 5189 791 5257 angulo
822 5193 1078 5260 quopiam
1105 5196 1343 5264 paradisi
1377 5199 1469 5253 illa
1500 5210 1618 5256 sata
1645 5201 1859 5260 fuisset.

994 5306 1277 5361 CAPUT
1336 5309 1437 5365 IV.

426 5386 723 5473 Sequuntur
756 5396 1104 5474 qutestionest,
1140 5415 1255 5466 qua:
1285 5416 1315 5451 a
1358 5405 1537 5455 multis
1585 5408 1754 5474 quwri
1784 5409 1991 5462 solent:

497 5464 862 5547 acuprimum,
914 5482 1008 5519 cur
1038 5464 1191 5547 seu.
1243 5476 1490 5524 creaverit
1540 5464 1823 5543 Adamum,
1847 5495 1997 5547 quem

497 5540 830 5589 peccatorum
859 5536 1190 5602 prresciebat.

500 5613 761 5677 Quaarunt
797 5626 1059 5690 nonnulli,
1096 5643 1191 5681 cur
1217 5632 1483 5686 creaverit
1518 5634 1783 5691 Adamum
1818 5635 1957 5695 Deus
1979 5680 1992 5702 ,

416 5736 419 5737 ν
498 5708 517 5737 ⁹
542 5705 729 5765 Matth.
767 5729 817 5777 v,
849 5716 935 5771 45.

2106 4640 2391 4695 mortalem
2428 4656 2553 4697 esse
2590 4651 2807 4705 ortum;
2838 4651 3115 4711 spcctetne
3144 4644 3209 4697 ad
3250 4645 3560 4698 universam
3596 4644 3679 4711 ip-

2106 4733 2219 4789 sius
2273 4732 2725 4800 compositionem
2769 4750 2783 4787 :
2830 4736 2985 4801 quasi
3043 4734 3233 4798 dicas,
3288 4743 3493 4787 naturae
3549 4736 3680 4789 Adae

2111 4824 2343 4879 inditum
2377 4824 2546 4879 fuisse
2573 4833 2632 4878 ut
2662 4825 2841 4879 anima
2872 4826 3199 4880 dissocietur
3229 4841 3258 4879 a
3286 4840 3533 4895 corpore,
3560 4842 3681 4895 qua:

2105 4916 2397 4984 disjunctio
2438 4930 2585 4969 mors
2628 4916 2697 4970 sit
2729 4932 2743 4971 :
2781 4931 2847 4970 an
2879 4931 3009 4971 vero
3040 4917 3346 4971 mortalitas
3379 4918 3443 4971 ad
3476 4933 3678 4985 corpus

2104 5010 2281 5063 solum
2323 5006 2615 5070 referatur,
2645 5016 2704 5059 ut
2730 5007 2857 5061 huic
2888 5008 3135 5062 naturale
3168 5008 3342 5063 fuisse
3377 5017 3675 5075 statuatur,

2105 5100 2328 5154 interire
2381 5107 2545 5167 atque
2595 5098 2863 5152 occidere.
2898 5097 3315 5167 Respondemus
3360 5100 3541 5169 igitur,
3576 5116 3676 5154 nos

2102 5205 2303 5260 corpus
2362 5190 2539 5243 solum
2581 5198 2823 5258 spectare
2848 5229 2864 5254 ,
2902 5204 3026 5244 cum
3081 5191 3314 5245 dicimus
3340 5230 3355 5255 ,
3404 5192 3673 5246 Adamum

2106 5293 2300 5335 natura
2357 5282 2641 5337 mortalem
2697 5280 2867 5337 fuisse
2915 5292 3159 5337 creatum
3201 5300 3214 5337 :
3250 5283 3355 5338 hoc
3409 5284 3553 5337 enim
3602 5286 3675 5336 ita

2104 5372 2467 5442 compositum
2502 5372 2622 5439 fuit,
2655 5381 2715 5427 ut
2762 5381 2953 5442 suapte
3001 5385 3216 5440 natura,
3250 5375 3512 5445 passioni.
3547 5389 3675 5429 cor-

2105 5465 2363 5533 ruptioni,
2400 5466 2559 5519 morti
2591 5464 2824 5534 denique
2857 5474 3001 5519 esset
3033 5467 3341 5535 subjectum
3375 5474 3539 5536 atque
3572 5480 3675 5534 op-

2102 5564 2419 5623 portunum.
2461 5558 2679 5612 Interim
2713 5572 2743 5611 a
2789 5572 3015 5627 corpore
3042 5558 3108 5613 ad
3155 5568 3331 5615 totum
3362 5559 3464 5613 hoc
3497 5569 3680 5611 trans-

2100 5644 2310 5711 fertur,
2364 5648 2705 5716 dicimusque
2779 5646 3049 5701 hominem
3124 5657 3314 5701 natura
3389 5645 3674 5701 mortalem
