4100 6212
375 352 473 418 Gul

1500 356 1599 416 DE
1639 354 2039 417 PARADISO.
2079 379 2138 393 -·
2192 354 2386 414 PARS
2422 353 2535 413 III.

3532 356 3635 418 602

376 488 500 528 esse
564 480 790 536 natum;
828 482 953 524 nam
1008 466 1063 521 in
1118 467 1279 522 rebus
1329 467 1648 537 compositis
1704 467 1777 520 ita
1836 466 1950 520 fieri
1982 473 2025 527 Α
2057 464 2457 529 stunt.'Nono,
2494 482 2522 519 a
2564 465 2721 520 nobis
2769 472 2917 521 stant
2963 466 3214 523 doctores
3243 468 3479 533 classici.
3513 490 3638 541 pro~

380 564 583 619 assolet
615 571 673 614 ut
718 560 862 629 quod
900 558 1071 627 partis
1102 569 1188 614 est
1222 557 1385 611 unius
1411 596 1427 622 ,
1468 556 1565 610 toti
1599 557 1949 609 attribuatur.

382 655 523 710 Sunt
558 663 734 707 tamen
766 652 858 721 qui
890 659 1109 720 negent,
1147 649 1414 702 Adamum
1446 658 1634 702 natura
1666 648 1951 701 mortalem

383 762 504 802 esse
554 752 934 814 procreatum;
970 752 1095 797 sunt
1123 742 1288 796 etiam
1321 742 1411 811 qui
1448 741 1732 794 mortalem
1764 749 1814 793 et
1852 740 1955 793 im-

383 839 663 894 mortalem
699 844 892 891 natt'tra
922 836 1169 890 effectum
1193 851 1313 889 esse
1345 835 1545 899 velint;
1578 820 1956 901 suntdeuique

385 930 477 998 qui
539 942 713 997 neque
776 927 1061 981 mortalem
1116 941 1289 994 neque
1342 925 1705 979 immortalem
1763 936 1952 976 natura

386 1021 661 1075 conditum
703 1018 993 1073 affirment.
1040 1017 1143 1083 Qui
1189 1025 1387 1087 negant
1435 1017 1714 1070 mortalem
1762 1024 1955 1069 natura

382 1121 625 1167 creatum
661 1128 687 1165 a
720 1111 827 1166 Deo
857 1125 976 1165 esse
1002 1149 1018 1177 ,
1049 1110 1255 1172 dicunt,
1295 1109 1455 1162 morti
1488 1108 1781 1162 obnoxium
1832 1122 1954 1162 esse

358 1198 586 1259 'facium
644 1218 738 1272 per
785 1203 1022 1256 divinam
1070 1203 1394 1255 sententiam
1434 1216 1540 1269 qua
1574 1203 1640 1253 ob
1677 1210 1953 1267 peccatum

390 1306 475 1351 est
509 1304 679 1354 morte
705 1299 992 1350 damnatus
1020 1311 1034 1349 :
1063 1303 1223 1364 atque
1257 1294 1305 1347 id
1334 1303 1614 1362 peccatum
1651 1292 1727 1345 illi
1762 1292 1952 1345 mortis

384 1404 605 1444 causam
652 1388 821 1442 fuisse
868 1387 1169 1441 secundum
1206 1386 1292 1439 illa
1338 1384 1430 1439 Dei
1464 1385 1623 1438 verba
1664 1400 1677 1436 :
1713 1382 1828 1447 Quo
1867 1383 1952 1435 die

385 1483 552 1535 etleris
581 1482 645 1535 de
680 1462 994 1533 illa'arbore
1016 1521 1029 1544 ,
1064 1489 1228 1531 morte
1273 1478 1537 1532 morieris.
1572 1476 1736 1529 Alteri
1767 1516 1779 1540 ,
1816 1490 1955 1544 quos

386 1573 624 1626 diximus
659 1572 943 1626 mortalem
979 1582 1141 1639 atque
1173 1570 1537 1623 immortalem
1575 1580 1768 1624 natura
1801 1570 1951 1623 illtttn

386 1664 565 1718 facere
596 1681 612 1717 :
643 1667 746 1719 hoc
777 1666 843 1718 ad
871 1664 1133 1725 animum,
1170 1664 1309 1718 istud
1343 1664 1408 1716 ad
1458 1680 1657 1732 corpus
1688 1665 1949 1718 referunt.

388 1755 556 1810 'fertii
586 1756 819 1824 denique
843 1756 935 1823 qui
980 1766 1231 1823 utraque,
1263 1763 1316 1809 et
1348 1755 1731 1808 mortalitatem
1763 1764 1811 1808 et
1848 1754 1947 1807 itu-

388 1846 818 1910 mortalitatem,
855 1856 1047 1899 natura
1076 1884 1089 1908 ,
1126 1846 1201 1899 illi
1237 1846 1474 1913 ingenita
1513 1846 1683 1899 fuisse
1732 1852 1949 1914 negant,
1986 1824 2026 1877 Β

388 1941 723 1994 arbitrantur
764 1938 937 1992 media
986 1938 1302 1991 conditione
1334 1947 1511 1993 ortum
1560 1937 1727 1992 fuisse
1754 1978 1768 2002 ,
1817 1948 1874 1992 ut
1912 1937 1958 1991 si

389 2028 603 2097 corpori
644 2026 857 2080 deditus
903 2026 1064 2079 vitam
1100 2027 1369 2093 agitaret,
1407 2024 1658 2079 mortalis
1691 2043 1703 2078 ε
1734 2025 1816 2078 sin
1847 2025 1962 2077 ani—

392 2133 492 2171 ma:
521 2133 631 2171 sure
662 2117 916 2185 praeclara
953 2115 1133 2170 studia
1159 2123 1458 2170 sectaretur
1483 2114 1818 2183 coleretque,
1854 2116 1960 2167 im-

392 2209 636 2262 mortalis
682 2208 951 2262 evaderet.
1000 2207 1107 2262 Nos
1157 2221 1282 2260 vero
1322 2206 1648 2271 statuimus,
1690 2208 1958 2259 Adamum

392 2309 584 2354 natura
614 2298 894 2352 mortalem
923 2312 1043 2352 esse
1075 2297 1415 2366 progenitum
1441 2337 1453 2358 ,
1488 2297 1648 2365 idque
1678 2298 1760 2351 his
1798 2298 1955 2350 colli-

391 2391 570 2461 gimus
611 2390 968 2459 argumentis.
1000 2388 1219 2453 Primo,
1259 2388 1591 2455 compositus
1622 2396 1706 2441 est
1736 2403 1798 2441 ex
1834 2388 1955 2457 pul-

391 2500 517 2538 vere
548 2493 605 2537 ut
640 2483 895 2547 materia;
932 2481 983 2535 id
1020 2496 1146 2534 vero
1181 2480 1325 2549 quod
1357 2496 1421 2533 ex
1472 2480 1693 2549 pulvere
1742 2480 1960 2533 cenfor-

392 2582 597 2627 malum
642 2575 940 2640 fictumque
967 2581 1050 2626 est
1082 2571 1311 2625 mortale
1348 2585 1467 2625 esse
1502 2578 1693 2637 suapte
1740 2580 1958 2631 natura,

392 2676 598 2720 certum
633 2673 737 2718 est.
767 2663 1039 2727 Secundo,
1069 2663 1194 2731 quia
1227 2676 1349 2715 cum
1380 2662 1551 2715 virilis
1587 2676 1650 2713 ac
1682 2661 1961 2713 muliebris

394 2767 558 2805 sexus
597 2751 912 2805 discrimine
951 2748 1201 2803 conditus
1253 2755 1337 2802 est
1386 2763 1400 2799 :
1452 2746 1595 2815 quod
1639 2746 1960 2799 mortalibus

394 2842 644 2913 conguit
668 2884 683 2908 ,
724 2840 1125 2895 immortalibus
1168 2855 1535 2909 nequaquam.
1571 2837 1757 2891 Tertio
1784 2879 1798 2903 ,
1831 2838 1959 2907 quia

393 2950 710 3005 procreatus
740 2944 823 2989 est
846 2950 968 2987 cum
1005 2934 1179 2986 oculis
1213 2935 1303 3001 qu‘i
1340 2946 1521 2985 escam
1556 2938 1887 2999 appeterent,
1911 2937 1963 2981 ct

394 3029 645 3082 manibus
686 3042 823 3096 quas
864 3026 1013 3079 illius
1065 3023 1314 3079 sumendi
1370 3024 1543 3090 gratia
1593 3022 1957 3090 protenderet,

391 3118 623 3187 denique
646 3133 767 3170 cum
796 3118 937 3169 vasis
964 3130 1083 3184 qua:
1111 3115 1423 3167 alimentum
1451 3115 1759 3181 exciperent
1785 3110 1960 3164 conti-

392 3218 689 3276 nerentque
724 3224 737 3259 :
774 3207 886 3260 ha'c
936 3208 1081 3258 enim
1134 3205 1198 3257 iis
1247 3205 1409 3256 modo
1456 3202 1655 3270 quibus
1711 3200 1958 3253 mortalis

391 3308 587 3354 natura
628 3299 859 3367 obtigit,
924 3298 1043 3351 usui
1092 3312 1211 3352 esse
1264 3306 1512 3364 possunt,
1555 3293 1957 3347 immortalibus

406 3391 605 3444 frustra
654 3390 871 3443 dentur.
918 3386 1143 3451 Quarto,
1193 3394 1402 3439 cmterre
1450 3399 1535 3437 res
1577 3398 1713 3451 quas
1763 3382 1958 3435 Adauti

394 3481 568 3550 gratia
618 3480 860 3535 condidit
904 3478 1081 3542 Deus,
1120 3477 1252 3531 satis
1288 3484 1521 3545 arguunt
1570 3473 1721 3526 illum
1764 3482 1957 3526 natura

398 3572 675 3626 mortalem
697 3586 815 3625 esse
832 3570 1053 3624 factum.
1072 3567 1338 3634 Quorsum
1358 3568 1501 3621 enim
1518 3577 1656 3619 terra
1673 3581 1808 3635 opus
1821 3565 1961 3620 erat?

408 3679 670 3733 quorsum
708 3663 1049 3715 firmamento
1072 3669 1151 3719 (ut
1168 3659 1421 3727 vocant)?
1442 3673 1701 3727 quorsum
1727 3658 1960 3711 lucenti-

397 3755 497 3809 bus
529 3756 579 3808 in
615 3757 717 3808 hoc
763 3754 971 3807 stellis?
996 3768 1253 3821 quorsum
1275 3750 1513 3819 piscibus
1541 3750 1963 3819 volucribusque

398 3862 516 3915 quae
540 3846 871 3900 mactantur?
890 3859 1148 3913 quorsum
1166 3844 1444 3912 jumentis,
1466 3840 1690 3908 aliisque
1710 3837 1959 3893 animan-

397 3940 541 3992 tibus
565 3952 682 4006 qutc
709 3937 899 4005 partim
927 3936 1190 3998 serviunt,
1215 3934 1320 3987 alia
1349 3932 1616 3986 eduntur?
1648 3934 1791 3983 Sane
1814 3931 1961 3983 hisce

394 4027 651 4080 omnibus
689 4041 795 4079 nun
821 4034 1047 4078 tttuntur
1080 4024 1169 4093 qui
1198 4023 1303 4075 vita
1332 4021 1589 4074 fruuntur
1615 4018 1907 4073 immortali
1942 4036 1955 4071 :

395 4117 490 4169 sed
538 4117 611 4169 illi
647 4118 746 4171 soli
790 4118 878 4185 qui
930 4116 1131 4169 fluxam
1178 4125 1339 4183 atque
1372 4114 1633 4167 caducam
1666 4111 1955 4167 sustinent.

399 4208 621 4273 Quinto,
650 4224 714 4261 ex
748 4209 859 4275 lege
888 4223 1004 4276 quae
1028 4206 1236 4259 Adamo
1262 4213 1343 4258 est
1364 4220 1392 4257 a
1425 4204 1666 4273 genitore
1695 4202 1801 4255 Deo
1827 4216 1964 4269 prac-

400 4298 597 4366 scripta
621 4337 635 4361 ,
674 4298 959 4350 coniicitur
989 4296 1139 4348 illum
1173 4293 1386 4348 mortali
1423 4294 1735 4347 conditione
1783 4298 1961 4344 ortum

400 4405 519 4444 esse
552 4409 565 4444 :
599 4389 743 4443 vesci
796 4389 938 4443 enim
978 4403 1039 4442 ac
1098 4403 1203 4442 non
1238 4387 1381 4441 vesci
1433 4386 1533 4439 hac
1597 4394 1689 4437 aut
1741 4383 1829 4437 illa
1886 4397 1963 4447 re,

2060 567 2302 629 batazque
2344 561 2487 616 fidei.
2517 559 2654 614 Nam
2710 561 2967 616 dominus
2997 560 3255 623 Joannes,
3292 580 3354 617 ea
3390 568 3635 622 oratione

2064 666 2227 719 quam
2292 653 2357 705 ad
2424 652 2696 721 Stagrium
2737 654 3065 706 monachum
3123 654 3341 722 scripsit
3383 654 3520 726 (3i),
3556 659 3636 711 sic

2059 741 2221 796 habet
2256 760 2269 796 :
2305 743 2561 796 Nondum
2596 752 2796 797 certam
2826 744 3052 796 habebat
3075 745 3314 799 Adamus
3346 746 3633 800 immorta-

2058 833 2223 889 litatis
2278 852 2452 903 spem.
2487 836 2551 889 Et
2601 852 2795 890 rursus
2838 838 3083 890 oratione
3131 854 3289 906 quam
3331 840 3396 893 de
3444 840 3637 894 arbore

2062 924 2306 977 scientia:
2340 924 2463 977 boni
2512 934 2565 977 et
2597 925 2721 977 mali
2756 927 3062 992 composuit
3093 944 3106 980 :
3137 927 3330 980 Anima
3357 967 3371 992 ,
3415 929 3626 997 inquit,

2060 1023 2253 1068 natura
2304 1016 2628 1067 immortalis
2659 1024 2740 1067 est
2766 1055 2779 1079 ,
2819 1027 2873 1069 at
2912 1018 3137 1071 inm-tale
3176 1027 3369 1071 natura
3403 1035 3625 1090 corpus.

2060 1106 2143 1160 Ad
2176 1106 2267 1159 tibi
2301 1107 2401 1159 tria
2438 1106 2602 1159 verba
2636 1107 2866 1175 explicat
2912 1110 3004 1177 qui
3044 1111 3095 1161 in
3128 1110 3266 1163 libro
3295 1109 3396 1163 Job
3422 1113 3622 1179 scripta

2058 1205 2273 1249 exstant
2303 1215 2315 1249 ε
2350 1196 2452 1260 Qui
2478 1214 2654 1250 servus
2697 1209 2772 1251 est
2807 1215 2905 1251 non
2942 1199 3114 1266 ﬁdelis
3141 1202 3274 1269 ('52),
3313 1204 3390 1256 sic
3418 1203 3539 1256 ait:
3573 1203 3630 1257 Si

2061 1290 2222 1342 homo
2250 1304 2371 1342 cum
2402 1290 2860 1343 immortalitatem
2889 1303 3079 1359 suapte
3110 1303 3300 1346 natura
3334 1309 3438 1346 non
3468 1295 3631 1348 halc-

2059 1390 2141 1435 ret
2171 1422 2185 1445 ,
2238 1382 2476 1433 cervices
2512 1382 2776 1448 jactavit,
2809 1384 2936 1450 quid
2970 1401 3074 1435 non
3120 1385 3355 1449 fecisset,
3392 1386 3435 1440 si
3483 1387 3627 1439 illaut

2060 1472 2374 1526 habuisset?
2423 1473 2752 1525 Athanasius
2790 1489 3044 1542 quoque,
3099 1477 3342 1529 oratione
3381 1476 3447 1530 de
3497 1488 3621 1530 orzu

2058 1567 2349 1636 corporali,
2372 1567 2563 1620 scribit
2596 1566 2768 1620 fuisse
2789 1567 3063 1621 hominem
3096 1579 3291 1622 natura
3323 1570 3631 1634 mortalem,

2058 1668 2119 1712 ut
2148 1660 2241 1728 qui
2300 1675 2365 1711 ex
2408 1658 2568 1711 rebus
2620 1656 2781 1712 fluxis
2829 1666 2971 1711 esset
3027 1658 3331 1727 colligatus.
3386 1660 3631 1728 Denique

2057 1751 2313 1820 Cyrillus,
2355 1751 2601 1803 oratione
2645 1760 2836 1802 octava
2888 1749 3145 1801 adversus
3202 1750 3426 1817 impium
3456 1750 3633 1805 Julia-

2063 1858 2215 1905 num,
2244 1842 2296 1894 in
2327 1841 2471 1894 hunc
2504 1839 2723 1892 modum
2759 1839 3001 1908 loquitur
3029 1856 3043 1891 :
3077 1839 3214 1893 Cum
3243 1841 3413 1893 Adam
3444 1850 3634 1895 contra

2066 1930 2157 1983 Dei
2203 1931 2375 1999 legem
2431 1930 2691 1995 fecisset,
2728 1938 2905 1983 morte
2943 1938 3027 1983 est
3076 1930 3404 1995 damnatus,
3436 1946 3542 1999 qua
3581 1947 3637 1984 re

2063 2022 2209 2091 quod
2258 2034 2450 2075 natura
2484 2022 2730 2075 mortalis
2757 2030 2923 2083 esset,
2962 2022 3310 2089 arguebatur.
3348 2022 3636 2085 Cat-terum,

2063 2113 2318 2167 dominus
2346 2112 2587 2167 Jacobus
2628 2112 2977 2183 Sarugensis,
3013 2127 3074 2165 ea
3110 2116 3357 2167 oratione
3386 2130 3490 2182 qua
3525 2114 3638 2167 dis-

2064 2206 2215 2267 serit,
2250 2204 2482 2258 fueritne
2516 2204 2683 2257 Adam
2713 2204 2963 2257 mortalis
3013 2205 3263 2258 conditus
3302 2220 3369 2257 an
3406 2205 3634 2258 immor-

2064 2298 2187 2352 talis
2217 2338 2233 2364 ,
2267 2298 2477 2359 scribit,
2523 2297 2789 2350 Adamum
2841 2297 3122 2350 mortalem
3167 2307 3219 2350 et
3274 2298 3633 2352 immortalem

2064 2390 2232 2443 fuisse
2274 2390 2589 2453 conditum,
2639 2405 2763 2442 cum
2808 2390 2977 2457 ipsius
3034 2390 3205 2442 libero
3239 2392 3475 2443 arbitrio
3508 2408 3634 2456 per-

2064 2483 2369 2535 mitteretur
2400 2497 2429 2533 a
2469 2480 2575 2533 Deo
2613 2488 2674 2533 ut.
2721 2481 2801 2533 vel
2836 2480 3124 2534 observata
3166 2481 3279 2550 lege
3316 2483 3637 2537 immortalis

2062 2585 2236 2637 esset,
2272 2574 2353 2625 vel
2388 2574 2558 2625 fracta
2613 2581 2936 2626 moreretur.
2971 2573 3041 2625 At
3072 2573 3401 2627 Philohenus
3429 2614 3443 2635 ,
3477 2574 3638 2644 Capi

2067 2667 2199 2719 tulis
2230 2680 2351 2733 quae
2404 2665 2665 2717 adversus
2711 2663 3010 2717 Diodorum
3056 2666 3363 2732 composuit
3398 2684 3409 2718 :
3444 2664 3638 2719 Teme-

2064 2752 2240 2815 raria,
2275 2750 2487 2819 inquit,
2535 2750 2761 2804 audacia
2814 2761 2916 2813 est,
2951 2753 3219 2805 Adamum
3273 2753 3634 2808 immortalem

2063 2844 2243 2897 dicere
2291 2852 2483 2911 suapte
2531 2852 2763 2905 natura,
2800 2846 2914 2896 sive
2947 2853 3060 2896 tum
3117 2859 3241 2897 cum
3290 2845 3633 2915 gignebatur,

2063 2934 2176 2988 sive
2225 2943 2511 3002 postquam
2559 2935 2939 2987 resurrexerit.
2992 2934 3096 2998 Qui
3149 2944 3326 3004 potest
3378 2938 3521 2989 enim
3574 2955 3635 2990 ca

2065 3035 2260 3078 natura
2308 3025 2628 3079 immortalis
2676 3026 2866 3078 haberi
2915 3042 3036 3094 qua:
3074 3042 3136 3079 ex
3188 3027 3357 3080 nihilo
3387 3035 3637 3088 creatur,

2067 3113 2456 3185 perficitt'trque
2474 3116 2705 3170 alterius
2730 3116 2927 3184 jussu?
2950 3116 3083 3169 Nam
3126 3119 3286 3170 etiam
3330 3120 3372 3172 si
3405 3120 3640 3187 gratuito

2067 3208 2169 3276 ipsi
2209 3223 2529 3263 concessum
2560 3208 2772 3271 fuisset,
2800 3219 2858 3260 ut
2890 3209 3054 3261 vitam
3092 3211 3474 3278 sempiternam
3512 3228 3575 3279 ag
3597 3231 3639 3252 ·-

2068 3308 2170 3359 ret,
2220 3312 2327 3351 non
2380 3297 2499 3350 ideo
2539 3298 2861 3351 immortalis
2922 3308 3114 3352 natura
3173 3300 3442 3353 dicendus
3476 3309 3638 3355 erat:

2066 3390 2262 3459 quippe
2299 3390 2456 3458 cujus
2492 3392 2597 3441 vita
2634 3390 2686 3441 in
2722 3384 2945 3443 alterius
2985 3400 3127 3443 esset
3171 3399 3457 3458 potestate.
3530 3391 3635 3458 lgi-

2067 3492 2156 3536 tur
2188 3492 2242 3535 et
2276 3483 2321 3535 si
2363 3483 2416 3536 in
2458 3491 2718 3535 a~ternum
2764 3496 2870 3534 non
2910 3481 3101 3535 fuisset
3141 3484 3457 3548 moriturus,
3490 3499 3643 3536 mar-

2068 3575 2192 3629 talis
2241 3584 2418 3628 tamen
2470 3584 2616 3639 erat;
2657 3588 2848 3640 nempe
2906 3573 3286 3628 immortalitas
3341 3575 3405 3627 ad
3464 3575 3639 3628 solum

2070 3669 2236 3721 Deum
2264 3677 2470 3737 spectat
2497 3685 2509 3729 ;
2539 3676 2590 3720 et
2620 3667 2664 3719 si
2685 3667 2791 3720 ulla
2828 3666 2895 3719 sit
2930 3677 3123 3720 natura
3154 3683 3273 3736 qure
3302 3684 3405 3721 non
3442 3668 3641 3722 dissol-

2068 3762 2212 3814 vitur
2242 3776 2342 3813 nec
2376 3759 2487 3810 ullo
2518 3759 2708 3812 mortis
2755 3758 2864 3811 fato
2913 3760 3218 3826 perimitur,
3276 3759 3325 3812 id
3362 3774 3424 3812 ex
3470 3763 3641 3828 gratia

2071 3852 2330 3905 donatum
2363 3849 2463 3901 sibi
2512 3850 2579 3901 ab
2608 3850 2698 3902 illo
2732 3850 2929 3915 habet;
2964 3850 3105 3918 quod
3138 3864 3314 3905 autem
3353 3852 3506 3905 alteri
3548 3870 3641 3907 ac-

2072 3954 2287 4011 ceptum
2340 3940 2530 4000 fertur.
2567 3940 2618 3993 id
2668 3957 2858 3995 rursus
2890 3957 2987 4007 pro
3020 3943 3163 3995 illius
3210 3945 3436 3997 arbitrio
3478 3944 3644 3998 adimi

2070 4041 2272 4098 potest.
2304 4031 2573 4086 Caeterum
2604 4034 2669 4084 de
2696 4030 2905 4085 Adamo
2931 4032 3137 4085 clarum
3172 4044 3273 4096 est,
3311 4036 3355 4088 si
3387 4037 3642 4089 mandato

2073 4118 2578 4191 obtemperavisset,
2612 4118 2853 4172 futurum
2886 4119 3053 4174 fuisse
3080 4129 3266 4174 utnon
3295 4123 3469 4176 obiret
3497 4140 3644 4176 mor-

2075 4222 2215 4277 tem;
2254 4226 2358 4263 non
2390 4210 2531 4278 quod
2582 4210 2672 4263 tali
2728 4210 3039 4263 conditione
3079 4218 3221 4264 esset
3252 4214 3466 4279 genitus
3491 4252 3505 4275 ,
3548 4215 3643 4268 sed

2075 4319 2174 4373 pro
2214 4301 2500 4356 Eﬂ'ectoris
2546 4301 2627 4355 sui
2662 4316 2809 4353 mera
2861 4300 3191 4367 benignitate
3214 4337 3229 4361 ,
3265 4317 3460 4355 rursus
3489 4312 3643 4371 post-

2079 4411 2243 4466 quam
2278 4397 2599 4457 resurrexit,
2628 4394 2884 4462 dcinceps
2916 4407 3135 4461 quoque
3160 4408 3265 4445 non
3293 4394 3641 4460 moriturum,

409 4483 665 4537 mortales
692 4483 989 4551 jubentur,
1025 4496 1127 4534 non
1185 4478 1541 4532 immortales.
1586 4476 1771 4538 Sexto,
1822 4476 1960 4528 idem
1998 4490 2045 4548 ι)
2072 4491 2166 4544 sed
2207 4497 2258 4543 οι
2298 4489 2346 4542 id
2398 4502 2613 4556 quoque
2654 4503 2749 4555 per
2784 4486 3011 4555 gratiam
3059 4485 3268 4555 opimiS
3304 4487 3419 4542 Dei.
3459 4489 3643 4559 Neque

405 4575 670 4645 colligitur
697 4590 759 4627 ex
785 4573 961 4627 verbis
988 4571 1076 4625 Dei
1102 4587 1221 4640 qua:
1250 4581 1373 4623 ante
1402 4571 1711 4623 mandatum
1738 4566 1803 4621 ad
1826 4566 1968 4620 Ada-

405 4683 549 4720 mum
582 4667 813 4721 faciebat
844 4665 1093 4735 inquiens
1123 4681 1135 4717 :
1181 4662 1408 4716 Crescite
1432 4672 1476 4715 cl
1510 4659 1964 4729 multiplicamini,

400 4770 447 4811 et
465 4758 811 4810 dominamini
834 4758 1060 4825 piscibus
1089 4755 1255 4807 maris
1300 4764 1346 4807 et
1372 4752 1663 4806 volucribus
1695 4752 1808 4804 (mli
1829 4793 1844 4815 ,
1874 4760 1961 4805 et:

404 4851 535 4904 Dedi
572 4851 713 4903 vobis
763 4866 913 4903 onme
960 4864 1132 4901 semen
1172 4848 1312 4917 quod
1358 4847 1668 4909 seminatur,
1703 4855 1749 4898 et
1792 4845 1963 4896 omnis

402 4941 672 4995 arborerit
703 4940 846 4994 vobis
873 4955 966 5009 pro
989 4940 1122 4991 cibo.
1154 4936 1417 5006 Septimo,
1449 4936 1551 4988 nisi
1582 4934 1793 5023 inertali
1821 4942 1963 4987 statu

404 5032 633 5087 effectus
668 5033 860 5086 fuisset
917 5033 1079 5085 etiam
1115 5038 1171 5083 ut
1212 5029 1380 5099 legem
1430 5024 1679 5095 fregisset
1724 5040 1829 5077 non
1868 5025 1965 5077 ob-

403 5124 587 5179 ivisset
611 5134 862 5185 mortem,
884 5134 937 5178 ut
953 5123 1108 5187 obiit;
1129 5136 1303 5190 neque
1323 5120 1468 5174 enim
1490 5118 1758 5180 diabolus,
1783 5132 1968 5185 quam-

403 5217 482 5270 vis
501 5218 762 5285 peccavit,
791 5213 1248 5268 immortalitatem
1272 5212 1453 5265 amisit
1469 5225 1630 5279 quam
1649 5210 1700 5261 in
1722 5224 1823 5263 suo
1842 5217 1963 5262 ortu

400 5317 704 5378 acceperat.
742 5308 947 5363 Octavo
970 5346 985 5371 ,
1025 5305 1362 5375 compositus
1392 5312 1475 5358 est
1505 5304 1672 5356 Adam
1702 5315 1767 5354 ex
1799 5300 1965 5355 rebus

401 5386 668 5468 diversis;
698 5384 903 5456 idvero
929 5398 1251 5467 compositis
1280 5394 1531 5451 omnibus
1558 5391 1833 5461 peculiare
1856 5398 1961 5452 est,

400 5500 458 5544 ut
488 5493 539 5545 in
571 5508 634 5546 ea
680 5491 1024 5551 dissolubilia
1054 5490 1163 5546 sint
1200 5503 1265 5544 ex
1296 5486 1498 5556 quibus
1530 5485 1777 5553 colligata
1812 5484 1961 5536 exsi-

398 5629 581 5752 D‘l3pl)
605 5629 791 5750 Εςὲςιθι
818 5631 974 5687 locus
994 5630 1084 5685 hic
1117 5628 1257 5700 apud
1289 5628 1759 5696 Chrysostomum,
1785 5622 1879 5677 lib.
1905 5636 1967 5686 tt,

548 5716 654 5751 rom
701 5742 713 5752 .

548 5716 713 5753 roma.

469 5770 578 5837 (ΞΖ-³)
616 5760 705 5825 Dei
738 5772 804 5825 ad
840 5771 1110 5841 Slagrium
1137 5768 1299 5825 Forte
1326 5767 1396 5822 ibi
1425 5782 1599 5822 servus
1637 5764 1764 5819 liber
1810 5781 1840 5818 a
1865 5761 1970 5816 Do-

2073 4581 2217 4633 enim
2254 4580 2460 4647 absque
2503 4579 2763 4647 periculo,
2798 4587 2889 4630 aut
2914 4587 3024 4630 tum
3072 4595 3193 4632 cum
3232 4582 3497 4650 gigneret,
3548 4592 3644 4636 aut

2072 4687 2194 4725 cum
2240 4654 2518 4725 suscitahit
2550 4686 2577 4723 a
2605 4671 2855 4733 mortuis,
2874 4670 3072 4725 fecerit
3125 4683 3315 4726 natura
3353 4673 3639 4729 immorta-

2073 4763 2205 4817 lem.
2250 4762 2323 4815 Ex
2354 4764 2436 4816 his
2471 4762 2724 4816 omnibus
2746 4762 3065 4828 conficitur,
3097 4765 3365 4818 Adamum
3417 4767 3637 4820 mortali

2073 4854 2381 4907 conditione
2414 4861 2753 4921 procreatum
2786 4868 2927 4907 esse.
2965 4852 3184 4906 Interim
3235 4854 3490 4921 fatemur,
3536 4859 3641 4910 im-

2077 4946 2403 4998 mortalitate
2442 4945 2750 4998 donandam
2789 4960 2818 4998 a
2860 4961 2960 4999 suo
2994 4945 3247 5001 Genitore
3298 4948 3500 5012 fuisse,
3534 4963 3638 5001 non

2072 5037 2288 5105 quidem
2329 5036 2586 5101 naturali,
2623 5037 2716 5091 sed
2760 5038 2995 5105 gratuita
3028 5038 3072 5091 si
3113 5038 3213 5109 legi
3245 5041 3537 5109 paruisset.

2616 5185 2893 5242 CAPUT
2952 5185 3069 5241 VI.

2072 5300 2305 5370 Objectio
2334 5299 2542 5353 Iuliani
2589 5299 2990 5353 Halicarnassci
3017 5301 3129 5371 (55)
3156 5342 3166 5362 ,
3189 5308 3238 5352 ει
3267 5298 3378 5367 ejus
3412 5306 3641 5351 assecla-

2618 5374 2772 5425 tionis
2802 5373 3090 5425 hominum.
3116 5403 3122 5408 -

2129 5482 2379 5539 Julianus
2411 5483 2857 5540 Halicarnasseus
2878 5523 2892 5547 ,
2942 5490 2995 5535 el
3028 5479 3120 5549 qui
3149 5478 3267 5548 eius
3302 5490 3461 5535 εεειω
3491 5477 3638 5548 sunt,

2073 5623 2335 5702 min_o_su_o
2362 5623 2591 5702 (J_ob__tn,
2626 5622 2763 5702 [εξ-λ,
3143 5687 3192 5702 ..
3261 5687 3292 5702 η
3341 5689 3352 5699 .

2068 5761 2102 5816 ι,
2145 5694 2260 5764 (33)
2300 5687 2373 5748 De
2400 5693 2617 5749 Juliano
2646 5687 3068 5746 llalicarnassco
3106 5687 3226 5743 vide
3260 5687 3481 5743 Suidant
3515 5704 3612 5758 pro

2093 5777 2194 5817 ise.
3426 5796 3429 5797 ν
