4100 6212
494 332 601 392 603

1764 342 1991 406 MOSIS
2033 350 2183 410 ΒΑΗ
2221 352 2466 413 CEPHA

3630 364 3734 427 [04

486 441 675 499 dicunt
710 443 878 499 Adam
913 455 1106 501 natura
1162 450 1441 504 conditum
1488 466 1609 508 esse
1655 454 2021 512 immortalem
2053 478 2065 513 :
2099 473 2146 524 Α
2172 478 2234 519 ea
2258 465 2578 521 dissolubile
2609 480 2675 520 ex
2706 466 2904 536 quibus
2930 467 3107 523 fuerat
3136 470 3518 541 conjunctum;
3551 492 3735 531 verum

490 535 633 589 sicut
674 537 857 590 anima
883 553 1003 592 cum
1039 541 1276 594 naturali
1312 541 1722 599 immortalitate
1750 558 1930 601 creata
1964 558 2064 614 est,

488 638 593 675 non
637 633 817 679 autem
852 629 1127 697 gratuita;
1162 639 1217 684 et
1246 631 1351 686 nisi
1391 642 1709 701 peccasset,
1744 652 2065 694 mansurum

488 711 656 768 fuisse
678 753 692 777 ,
728 717 1033 783 passionis,
1071 722 1479 789 corruptionis,
1525 727 1720 781 mortis
1743 736 2017 782 exsortem
2048 746 2062 783 :

485 811 538 856 et
566 804 782 872 quidem
816 806 931 862 haec
957 809 1141 863 omnia
1168 825 1235 865 ex
1266 822 1457 881 suapte
1489 824 1681 869 natura
1704 857 1718 881 ,
1747 818 1948 888 quippe
1971 819 2066 889 qui

491 893 541 946 in
584 910 645 948 ea
681 900 1254 957 rursus‘dissolubilis
1288 920 1395 959 non
1433 904 1599 960 fuerit
1632 923 1698 961 ex
1728 910 1926 977 quibus
1951 920 2068 965 erat

486 995 916 1054 coagmentatus.
954 990 1126 1046 Porro
1160 993 1289 1061 quia
1323 996 1584 1051 adversus
1612 997 1780 1067 legem
1814 997 1905 1053 Dei
1940 999 2067 1054 fecit

489 1083 655 1146 atque
703 1079 966 1149 deliquit,
1009 1083 1133 1139 ideo
1191 1085 1481 1140 multatum
1536 1103 1656 1143 esse
1708 1098 1822 1144 tum
1873 1096 2067 1148 anima:

491 1177 663 1223 morte
704 1187 823 1238 qua:
870 1186 952 1228 est
998 1177 1328 1231 abalienatio
1373 1193 1403 1232 a
1451 1178 1562 1234 Deo
1597 1197 1691 1250 per
1734 1194 2060 1253 peccatum:

491 1268 602 1310 tum
635 1263 912 1329 corporis,
949 1280 1071 1333 quae
1098 1273 1183 1321 est
1214 1267 1538 1324 dissociatio
1574 1271 1641 1324 ab
1674 1271 1772 1327 hac
1800 1274 1906 1327 vita
1940 1290 2062 1344 quae

487 1347 620 1417 ipsis
649 1354 926 1419 corporeis
960 1356 1215 1413 sensibus
1242 1360 1558 1429 percipitur.
1586 1359 1680 1417 llis
1711 1378 1810 1418 nos
1833 1381 2065 1435 respon~

486 1440 678 1495 demus
714 1460 729 1495 :
765 1442 821 1496 Si
880 1456 1135 1499 naturam
1197 1450 1441 1505 Adamus
1492 1467 1612 1505 cum
1660 1465 2061 1525 procrearetur,

486 1534 788 1600 accepisset
815 1534 1181 1591 immortalem
1220 1549 1279 1593 ut
1305 1555 1401 1595 vos
1425 1541 1603 1598 dicitis
1631 1560 1645 1598 :
1675 1559 1737 1598 ea
1763 1561 1893 1600 sane
1919 1548 2061 1603 haud

492 1630 698 1675 mutata
728 1638 874 1678 esset
921 1626 972 1678 in
1005 1627 1287 1682 mortalem
1336 1645 1432 1699 per
1459 1620 1765 1700 peccatum,
1804 1648 1861 1689 ut
1888 1653 2062 1706 neque

491 1711 707 1767 Satana:
744 1716 1127 1773 immortalitas
1157 1721 1445 1786 naturalis,
1474 1738 1595 1775 cum
1626 1727 1956 1782 mortalitate
1981 1737 2064 1783 est

488 1815 817 1858 commutata
845 1816 1135 1877 postquam
1165 1811 1430 1867 adversus
1454 1812 1619 1867 Deum
1648 1815 1895 1886 deliquit.
1924 1819 2063 1874 [lur-

482 1906 580 1945 sus
609 1895 691 1947 :si
718 1904 777 1947 ut
808 1900 985 1949 anima
1013 1898 1178 1968 (quod
1212 1915 1307 1956 vos
1339 1900 1663 1972 afﬁrmatis),
1687 1906 1758 1959 ita
1790 1917 1845 1961 et
1867 1923 2065 1979 corpus

488 1989 683 2035 natura
738 1984 1044 2041 immortale
1090 2002 1433 2058 procreatum
1486 1994 1626 2060 fuit,
1665 2006 1827 2065 atque
1881 1999 2061 2069 ipsum

485 2073 686 2129 violare
718 2077 911 2146 legem,
942 2095 1049 2134 non
1079 2082 1241 2138 modo
1271 2087 1508 2154 corpori,
1536 2089 1628 2143 sed
1667 2091 1839 2160 magis
1871 2093 2064 2147 animae

483 2162 639 2233 cujus
698 2168 927 2237 imperio
977 2171 1109 2227 illud
1155 2178 1441 2245 regebatur
1473 2179 1851 2249 imputandum
1912 2182 2061 2238 fuit:

488 2276 588 2314 cur
634 2272 853 2329 patrato
886 2263 1110 2336 ﬂagitio,
1140 2283 1337 2338 corpus
1371 2271 1591 2341 quidem
1646 2276 1927 2331 mortalem
1964 2292 2062 2331 na-

488 2360 666 2405 turam
705 2354 901 2421 induit,
926 2356 1110 2412 anima
1140 2374 1270 2414 vero
1298 2377 1450 2415 suam
1488 2365 1588 2418 sibi
1627 2375 1820 2419 natura
1844 2368 2062 2423 insitam

484 2443 947 2500 immortalitatem
1002 2451 1261 2505 retinuit?
1288 2451 1389 2507 Sed
1413 2454 1604 2509 dicetis
1644 2456 1803 2509 etiam
1828 2458 2062 2511 animam

483 2549 578 2603 per
621 2547 903 2605 peccatum
938 2541 1141 2597 obiisse
1191 2548 1451 2608 mortem!
1493 2546 1597 2601 Sed
1640 2548 1771 2618 quid
1823 2552 2065 2619 corpus?

482 2640 663 2681 annon
704 2628 883 2698 ipsum
918 2647 1138 2701 quoque
1186 2650 1281 2704 per
1325 2647 1605 2706 peccatum
1640 2641 1814 2695 obiit?
1864 2641 1920 2695 Si
1967 2658 2060 2697 ne-

486 2719 645 2787 gatis,
673 2718 796 2775 falsi
825 2723 992 2788 estis;
1018 2725 1101 2777 sin
1129 2724 1657 2792 fatemini,curcum
1682 2734 1884 2801 pariter
1903 2735 2063 2788 ambo

485 2818 676 2863 natura
700 2823 883 2866 essent
907 2812 1237 2869 immortalia
1288 2820 1603 2890 pariterque
1625 2826 1920 2891 peccarint,
1944 2841 2062 2881 cor-

484 2913 586 2967 pus
617 2901 817 2970 duplici
875 2913 1049 2959 morte
1095 2906 1345 2961 affectum
1383 2920 1507 2963 est:
1550 2913 1787 2966 animam
1833 2930 1964 2969 vero
1996 2930 2058 2969 ea

483 2991 597 3045 sola
638 3007 759 3061 qum
816 2997 1025 3062 peccati
1072 3012 1217 3051 mors
1262 2998 1482 3066 dicitur,
1535 3003 1769 3058 invasit?
1807 3005 2059 3063 Profecto

482 3082 614 3136 nihil
643 3085 731 3139 hic
776 3086 880 3140 illis
908 3088 1102 3159 reliqui
1126 3101 1209 3145 est
1233 3093 1378 3161 quod
1406 3094 1815 3164 respondeant:
1847 3115 2059 3155 verum-

489 3178 637 3230 cnim
676 3193 804 3233 vero
841 3182 1116 3246 conficite,
1153 3196 1245 3238 aut
1273 3186 1340 3239 ab
1370 3186 1487 3254 ipsa
1513 3198 1740 3251 natura,
1777 3200 1869 3245 aut
1898 3208 1925 3244 a
1972 3208 2060 3246 ra-

490 3267 638 3322 tione
686 3270 865 3337 petitis
909 3275 1283 3341 argumentis,
1326 3286 1419 3330 aut
1463 3278 1698 3347 denique
1747 3293 2058 3337 sanctorum

481 3359 705 3416 Patrum
737 3363 1092 3429 testimoniis,
1121 3366 1229 3420 nisi
1268 3382 1469 3436 corpus
1502 3385 1599 3423 sua
1635 3382 1826 3425 natura
1856 3374 2053 3429 factum

481 3468 602 3508 esse
634 3454 936 3510 immortale
958 3456 1114 3525 juxta
1138 3472 1201 3510 ac
1221 3458 1479 3523 animam,
1510 3476 1684 3530 neque
1710 3463 1760 3515 in
1794 3478 1855 3516 ea
1885 3465 2056 3519 disso-

481 3543 644 3597 lubile
660 3559 781 3600 esse.
796 3560 857 3599 cx
877 3547 1076 3615 quibus
1098 3548 1405 3617 colligatum
1433 3559 1535 3613 est,
1565 3561 1616 3605 et
1643 3553 2057 3610 sulrsen'bemus

481 3632 710 3687 libentes
742 3644 934 3688 vestra:
970 3637 1253 3690 sententiae
1287 3652 1463 3707 neque
1503 3641 1897 3696 contendamus
1935 3659 2057 3697 am-

488 3722 631 3790 plius
663 3725 900 3791 gratuita
934 3724 1345 3781 immortalitate
1373 3730 1682 3785 donandum
1711 3732 1879 3788 fuisse
1901 3749 1929 3788 a
1957 3750 2057 3791 suo

477 3810 758 3883 Genitore,
794 3816 839 3870 si
879 3827 1147 3886 praecepto
1177 3820 1469 3887 paruisset.

547 3905 763 3961 Audent
786 3908 927 3962 idem
954 3909 1160 3963 lanistae
1180 3911 1444 3966 lacessere
1472 3928 1565 3968 eos
1587 3915 1676 3983 qui
1693 3931 1773 3969 ea:
1791 3932 1914 3985 nem,
1930 3934 2055 3973 cor-

481 3997 793 4067 ruptibilem
819 4009 1013 4054 natura
1044 4000 1252 4065 dicunt,
1277 4004 1432 4072 quasi
1464 4004 1517 4057 hi
1547 4016 1601 4059 et
1633 4005 1804 4074 ipsam
1836 4024 2051 4065 carnem

482 4090 675 4143 malam
736 4105 787 4145 et
840 4095 1022 4148 carnis
1062 4094 1223 4149 simul
1269 4095 1527 4165 Opificem
1577 4099 1779 4154 malum
1832 4104 2051 4159 faciant.

476 4182 589 4237 Nos
622 4200 749 4239 vero
771 4187 1031 4242 adversus
1061 4189 1161 4242 ista
1192 4190 1544 4257 producimus
1577 4195 1831 4249 dot'tores
1866 4196 2051 4252 Eccle«

478 4275 574 4331 sia:
600 4280 809 4346 priscos
842 4280 1012 4349 gloria
1038 4291 1091 4335 et
1119 4282 1274 4336 laude
1294 4284 1486 4354 dignos
1514 4302 1527 4339 :
1558 4287 1648 4355 qui
1677 4298 1729 4341 et
1760 4289 1803 4343 si
1833 4305 2049 4345 carnem

2170 558 2316 612 nulla
2348 567 2465 612 erat
2511 558 2704 614 mortis
2735 559 2788 614 in
2826 561 2944 630 ipso
2992 560 3324 631 efficientia;
3366 576 3541 633 neque
3590 569 3733 622 enim

2171 658 2235 700 nt
2274 649 2476 703 'mOrtis
2534 649 2738 719 laqueis
2808 651 3192 720 subigeretur,
3254 655 3508 711 conditus
3559 656 3737 713 fuerat

2172 734 2339 790 homo
2372 737 2441 791 ab
2476 738 2651 806 initio,
2700 739 2796 795 sed
2828 756 3002 809 neque
3049 757 3240 798 rursus
3278 751 3338 798 ut
3380 753 3587 801 naturae
3618 763 3736 802 sor-

2172 828 2279 880 tem
2324 839 2606 897 superaret
2638 840 2895 901 essetque
2941 832 3290 898 immortalis,
3346 834 3439 888 sed
3473 852 3567 905 per
3609 854 3735 907 gra-

2169 916 2299 970 tiam
2335 928 2501 988 atque
2530 920 2916 990 benignitatem
2950 922 3251 978 voluntatis
3301 924 3499 979 divinae
3552 942 3738 984 serva-

2168 1009 2331 1063 batur
2411 1009 2479 1065 ad
2548 1014 2715 1066 vitam
2780 1014 3162 1082 sempiternam
3221 1025 3275 1071 et
3330 1016 3733 1087 immortalem,

2168 1101 2433 1156 voluntati
2483 1113 2664 1158 autem
2704 1103 2937 1171 divinae,
2990 1114 3182 1160 natura
3235 1123 3415 1161 rerum
3472 1111 3736 1167 obsistere

2168 1194 2377 1263 nequit.
2410 1193 2576 1263 Igitur
2595 1204 2647 1249 et
2675 1196 2718 1250 si
2752 1204 2947 1251 natura
2983 1196 3094 1266 ipsa
3123 1200 3265 1267 quod
3298 1210 3734 1269 coagmentatum

2168 1295 2272 1348 est,
2314 1304 2507 1344 rursus
2554 1290 2854 1346 dissolvere
2903 1293 3106 1361 cupiat,
3157 1303 3335 1349 tamen
3395 1296 3447 1349 in
3496 1296 3731 1361 homine,

2168 1374 2271 1431 hoc
2303 1377 2505 1431 malum
2543 1380 2768 1434 minime
2796 1381 3061 1449 quivisset
3090 1381 3331 1447 efﬁcere,
3357 1383 3612 1454 impedita
3639 1404 3735 1456 per

2166 1466 2403 1521 divinam
2451 1470 2782 1524 voluntatem
2850 1480 3012 1539 atque
3075 1473 3343 1541 gratiam;
3406 1474 3521 1543 ipsa
3587 1477 3732 1530 enim

2166 1558 2475 1613 mortalitas
2533 1562 2790 1629 absorpta
2849 1560 3042 1616 fuisset
3095 1578 3125 1616 a
3177 1563 3327 1630 vita,
3380 1573 3432 1618 et
3486 1574 3732 1621 naturam

2164 1647 2493 1705 refrenasset
2521 1650 2703 1704 divina
2737 1652 2931 1721 gratia.
2960 1653 3027 1704 At
3064 1667 3193 1707 vero
3230 1656 3573 1710 mortalitatis
3608 1671 3734 1710 cor-

2171 1740 2432 1809 ruptricis
2483 1742 2755 1810 corporis,
2785 1757 2909 1811 qua:
2943 1742 3245 1797 efﬁcienter
3296 1754 3379 1797 est
3414 1758 3733 1811 consecuta,

2166 1830 2292 1887 fons
2322 1841 2376 1889 et
2410 1834 2563 1904 origo
2599 1834 2701 1888 fuit
2727 1845 3011 1905 peceatum
3056 1844 3219 1904 atque
3264 1836 3528 1891 adversus
3557 1840 3729 1908 legem

2165 1924 2468 1979 admissum
2508 1925 2743 1981 facinus.
2799 1926 2953 1981 Tune
2995 1929 3139 1982 enim
3191 1929 3399 1997 occepit
3447 1945 3594 1985 mors
3645 1947 3731 1995 ea,

2167 2030 2290 2083 qua:
2342 2014 2486 2084 quod
2536 2018 2899 2087 compositum
2957 2025 3038 2072 est
3094 2019 3363 2083 dissolvit,
3414 2020 3520 2072 vim
3577 2037 3731 2075 suam

2165 2115 2329 2175 atque
2380 2107 2757 2163 efficacitatem
2812 2109 2863 2163 in
2917 2111 3139 2165 homine
3185 2126 3242 2164 re
3287 2111 3403 2179 ipsa
3453 2127 3730 2176 exercere,

2165 2196 2388 2263 quando
2423 2198 2605 2251 anima
2633 2214 2726 2268 per
2757 2197 2986 2254 fractam
3030 2202 3199 2267 legem
3240 2205 3551 2257 nec‘essario
3590 2215 3667 2258 est
3701 2222 3730 2259 a

2166 2285 2276 2341 Deo
2310 2288 2615 2342 abalienata
2660 2299 2822 2359 atque
2860 2291 3366 2360 perturbationibus
3399 2294 3567 2349 variis
3599 2294 3727 2348 affe-

2163 2387 2250 2431 cta
2298 2378 2683 2449 implicalaque
2713 2399 2727 2434 :
2762 2396 2825 2435 ex
2862 2383 3062 2451 quibus
3110 2392 3319 2437 natura:
3366 2385 3731 2453 perturbatio-

2164 2468 2348 2534 nibus,
2385 2471 2564 2539 ipsum
2616 2474 2779 2526 etiam
2826 2489 3025 2544 corpus
3059 2476 3205 2544 (nam
3240 2485 3294 2530 et.
3332 2477 3385 2530 in
3434 2478 3528 2531 illo
3553 2488 3730 2532 enata:

2164 2566 2325 2627 atque
2358 2560 2559 2616 ell‘eetae
2607 2562 2758 2633 sunt)
2791 2565 3144 2633 eorruptibile
3186 2581 3307 2620 esse
3347 2567 3727 2636 intelligimus,

2164 2659 2216 2703 et
2254 2653 2698 2718 pronuntiamus.
2735 2654 3127 2712 Coucludimus
3161 2673 3313 2727 ergo,
3371 2662 3562 2713 mortis
3603 2675 3728 2713 cor-

2164 2742 2545 2812 ruptionisque
2578 2743 2823 2799 debitum
2861 2762 2928 2801 ex
2960 2749 3157 2803 violata
3196 2750 3312 2819 lege
3350 2761 3532 2804 natum
3563 2762 3730 2819 atque

2162 2836 2504 2888 contractum
2558 2851 2710 2903 esse;
2764 2854 2872 2892 non
2926 2848 3108 2894 autem
3166 2840 3313 2907 inde,
3348 2842 3488 2912 quod
3526 2857 3729 2910 corpus

2162 2922 2291 2975 Adae
2319 2935 2461 2981 esset
2518 2929 2899 2997 compositum,
2958 2941 3117 3001 atque
3186 2933 3240 2986 in
3291 2949 3353 2987 ea
3407 2949 3473 2986 ex
3528 2933 3730 3003 quibus

2160 3016 2468 3082 constabat,
2525 3019 2866 3074 dissolubile.
2907 3021 3091 3091 Neque
3140 3023 3283 3077 enim
3332 3023 3555 3079 difficile
3606 3036 3729 3078 erat

2162 3107 2407 3161 omnium
2461 3124 2642 3162 rerum
2680 3112 2891 3179 parenti
2928 3113 3056 3177 Deo,
3106 3115 3223 3182 ejus
3257 3114 3348 3181 qui
3385 3116 3725 3183 corruptioni

2162 3200 2447 3269 subjectus
2478 3200 2580 3254 fuit
2616 3216 2714 3270 pro
2762 3213 2971 3256 naturae
3016 3218 3128 3257 suae
3182 3204 3514 3268 conditione,
3558 3207 3723 3258 vitam

2160 3292 2531 3360 corruptionis
2575 3292 2683 3345 fato
2731 3293 2992 3355 eximere,
3048 3303 3212 3362 atque
3274 3295 3328 3347 in
3361 3294 3467 3348 vita
3524 3294 3726 3363 sempi—

2161 3390 2316 3435 terna
2360 3382 2496 3434 tueri
2532 3398 2993 3452 conservareque.
3020 3385 3100 3440 Ad
3135 3385 3280 3440 hunc
3308 3386 3474 3455 igitur
3504 3388 3724 3441 modum

2161 3471 2414 3525 doctores
2457 3486 2676 3525 carnem
2708 3474 2930 3543 quidem
2974 3485 3164 3545 suapte
3211 3485 3403 3530 natura
3435 3476 3731 3532 dissolubi-

2158 3561 2265 3615 lem
2304 3562 2473 3618 fuisse
2521 3565 2732 3629 dicunt,
2769 3581 2867 3620 nec
2919 3577 3100 3621 tamen
3128 3568 3358 3638 proinde
3413 3578 3509 3623 aut
3551 3569 3724 3637 ipsam

2162 3664 2255 3710 aut
2286 3671 2486 3727 corpus
2521 3674 2551 3712 a
2595 3660 2739 3714 malo
2772 3658 3027 3715 cffectore
3062 3670 3408 3730 procreatum
3442 3676 3581 3717 esse.

2750 3794 2978 3850 CAPUT
3026 3796 3133 3851 VII.

2542 3909 2669 3962 Alia
2692 3908 2909 3977 objectio
2932 3908 3142 3962 Iuliani
3166 3911 3333 3976 impii.

2233 4020 2464 4074 llidebat
2516 4023 2734 4090 quidem
2787 4023 2983 4089 impius
3020 4021 3269 4077 Julianus
3303 4022 3445 4090 quod
3497 4020 3724 4085 Mosem,

2160 4112 2417 4166 Ecclesia:
2451 4112 2706 4166 doctores
2758 4114 3004 4167 dicerent
3062 4114 3335 4166 hominem
3384 4112 3726 4181 corruptibili

2160 4213 2358 4256 natura
2411 4214 2736 4272 prognatum
2786 4204 2975 4269 fuisse,
3037 4213 3091 4257 et
3147 4215 3327 4258 tamen
3390 4220 3497 4257 non
3553 4203 3727 4257 fuisse

2160 4304 2461 4359 mortuum,
2502 4295 2576 4348 ita
2640 4295 2853 4349 volente
2884 4295 3018 4348 Deo.
3055 4294 3159 4348 Sed
3198 4296 3245 4349 ei
3293 4294 3580 4364 respondet
3611 4293 3722 4363 Cy—

477 4381 597 4420 esse
619 4375 811 4421 natura
839 4372 1249 4437 corruptibilem
1278 4374 1483 4438 dixere,
1510 4392 1615 4429 non
1643 4387 1820 4431 tamen
1849 4380 2049 4437 idcirco
2082 4392 2125 4447 1)
2156 4385 2311 4439 rillus
2348 4402 2360 4438 :
2400 4385 2633 4450 Platoni,
2680 4386 2880 4455 inquit,
2923 4396 3016 4441 tuo
3063 4387 3189 4441 licet
3224 4386 3403 4441 dicere
3448 4386 3604 4455 quasi
3654 4402 3722 4439 ex

481 4458 679 4511 malam
712 4475 830 4512 esse
857 4462 1086 4528 professi
1118 4476 1265 4517 sunt.
1292 4465 1585 4534 Gregorius
1615 4469 1780 4532 enim,
1810 4473 2052 4528 oratione

474 4564 639 4618 quam
673 4550 739 4603 de
766 4549 960 4605 virtute
986 4553 1226 4621 scripsit,
1255 4554 1321 4607 ad
1347 4556 1492 4610 hunc
1519 4557 1758 4627 loquitur
1792 4563 2047 4617 modum:

477 4639 691 4706 Corpus
750 4642 896 4703 omni
953 4656 1018 4694 ex
1080 4652 1229 4710 parte
1298 4647 1657 4715 compositum
1721 4659 1839 4711 est,
1898 4654 2042 4721 quod

477 4736 659 4782 autem
694 4734 1052 4799 compositum
1089 4746 1192 4800 est,
1236 4737 1287 4790 id
1322 4754 1480 4792 nemo
1510 4739 1891 4798 indissolubile
1922 4760 2045 4800 esse

479 4822 720 4887 dixerit;
756 4836 811 4878 at
838 4828 982 4894 quod
1017 4828 1237 4882 dissolvi
1281 4840 1478 4899 potest,
1524 4835 1795 4902 corrumpi
1830 4845 2043 4903 potest;

476 4923 563 4969 est
604 4916 766 4985 igitur
815 4932 942 4971 caro
987 4922 1324 4988 corruptioui
1376 4922 1644 4991 subjecta.
1694 4925 1907 4981 Rursos
1938 4926 2045 4997 Cy-

478 5009 657 5071 rillus,
714 5016 858 5063 tomo
900 5013 1059 5065 tertio
1109 5012 1497 5067 Commentarii
1546 5015 1598 5068 in
1650 5016 1943 5085 Epistulam
1978 5020 2045 5073 ad

477 5100 813 5155 Corinthios.
843 5101 939 5156 Est
968 5102 1210 5172 quidem,
1257 5106 1355 5169 ait,
1398 5120 1526 5160 caro
1566 5116 1761 5161 natura
1796 5124 1896 5163 sua
1924 5126 2045 5164 cor-

478 5194 720 5263 ruptioni
765 5194 997 5249 obnoxia
1036 5213 1050 5250 :
1088 5197 1180 5250 sed
1212 5207 1391 5252 tamen
1431 5214 1523 5267 per
1549 5200 1801 5253 virtutem
1835 5200 1927 5255 Dei
1956 5203 2043 5257 cui

478 5287 636 5354 plane
672 5286 803 5339 nihil
846 5296 927 5340 est
958 5286 1191 5354 difficile,
1241 5289 1414 5359 ipsam
1446 5302 1758 5360 superasset
1794 5303 2039 5348 naturam

478 5388 639 5447 atque
671 5380 725 5434 in
761 5381 867 5434 vita
916 5382 1243 5451 sempiterna
1276 5382 1467 5439 fuisset
1518 5397 1871 5453 conservatus
1903 5387 2044 5441 Ada-

480 5485 622 5530 mns.
658 5475 704 5528 si
738 5475 905 5543 legem
936 5476 1100 5544 impie
1140 5490 1252 5529 non
1286 5476 1563 5531 violasset.
1598 5479 1857 5533 Dominus
1884 5478 2046 5533 Seve-

481 5573 575 5610 rus
616 5560 764 5625 item,
816 5564 1065 5618 oratione
1115 5580 1277 5633 quam
1328 5565 1587 5622 adversus
1642 5567 2042 5623 Felicissimum

481 5647 736 5715 scripsit,
791 5651 905 5707 haec
948 5657 1262 5709 summatim
1319 5656 1527 5712 habet:
1565 5659 1767 5730 Suaptc
1822 5660 2040 5729 quidem

480 5747 672 5793 natura
707 5743 934 5796 mortale
965 5754 1017 5799 ct
1039 5748 1387 5815 corruptibilc
1412 5759 1525 5805 erat
1552 5765 1774 5821 corpus,
1806 5762 1967 5821 atque
1991 5753 2040 5807 in

2162 4474 2256 4528 Dei
2288 4489 2544 4545 persona,
2575 4476 2639 4529 ad
2691 4477 2883 4543 solem,
2916 4478 3098 4531 lunam
3133 4488 3465 4545 caeterasque
3494 4476 3720 4530 stellas:

2154 4563 2422 4630 Quoniam
2453 4564 2556 4619 orti
2587 4565 2737 4629 estis,
2774 4566 3109 4622 immortales
3141 4582 3238 4621 vos
3270 4567 3485 4635 quidem
3518 4580 3640 4618 esse
3669 4574 3725 4618 et

2154 4656 2572 4711 indissolubiles
2649 4672 2754 4711 non
2827 4659 3092 4724 potestis,
3161 4659 3474 4726 neutiquam
3536 4665 3718 4709 tamen

2151 4746 2548 4812 dissolvemini,
2590 4761 2690 4801 nec
2728 4760 2826 4801 vos
2875 4746 2983 4800 ulla
3037 4747 3228 4800 mortis
3268 4745 3375 4799 fata
3427 4745 3721 4814 periment.

2152 4847 2373 4905 propter
2401 4838 2698 4891 consilium
2736 4846 2985 4891 nostrum
3021 4838 3167 4907 quod
3199 4837 3376 4903 majus
3408 4846 3491 4888 est
3528 4836 3719 4887 vincu-

2151 4929 2262 4981 lum
2296 4944 2461 4997 quam
2505 4930 2586 4983 vis
2638 4929 2746 4981 ulla
2798 4943 2919 4997 qua:
2959 4929 3113 4983 vobis
3151 4928 3383 4982 accidat.
3419 4926 3499 4980 Tu
3542 4926 3721 4981 Plato-

2153 5036 2273 5073 nem
2306 5020 2388 5074 vis
2438 5035 2566 5074 vera
2600 5020 2802 5082 dicere,
2834 5029 2889 5073 et
2937 5036 3038 5074 nos
3068 5019 3204 5074 Mosi
3253 5035 3360 5073 non
3411 5017 3717 5078 credemus,

2149 5110 2241 5177 qui
2296 5110 2373 5162 ait
2430 5109 2705 5163 hominem
2764 5124 2872 5162 non
2929 5109 3101 5163 fuisse
3151 5106 3580 5169 dissolvendum,
3642 5103 3719 5156 ita

2150 5201 2365 5255 v‘olente
2399 5199 2552 5255 Deo?
2594 5198 2846 5255 Profecto
2881 5201 3302 5271 haudquaquam
3349 5197 3568 5253 diflicile
3611 5194 3719 5249 Deo

2150 5293 2367 5361 fuisset,
2399 5309 2523 5349 eum
2558 5294 2648 5363 qui
2674 5310 2702 5347 a
2735 5294 3088 5362 corruptione
3118 5291 3511 5360 occupabatur,
3539 5302 3718 5357 quan-

2151 5396 2265 5440 tum
2321 5387 2384 5440 ad
2417 5388 2587 5455 ipsam
2616 5386 2737 5454 ejus
2788 5396 3041 5439 naturam
3091 5384 3392 5453 spectabat,
3428 5397 3655 5452 prorsus
3685 5396 3717 5434 a

2148 5480 2499 5546 corruptione
2522 5479 2801 5533 vindicare
2829 5487 2991 5546 atque
3014 5491 3261 5531 asserere
3297 5476 3350 5528 in
3372 5476 3537 5528 vitam
3567 5487 3718 5526 sem-

2150 5571 2439 5640 piternam.
2494 5569 2666 5639 Igitur
2712 5569 2818 5623 nisi
2854 5570 2920 5623 de
2969 5567 3167 5621 arbore
3217 5566 3445 5629 edisset,
3483 5572 3714 5617 mortem

2151 5676 2255 5714 non
2305 5661 2566 5715 OblViSSCl
2598 5660 2887 5724 Adamus;
2922 5668 2976 5713 et
3018 5659 3146 5727 quia
3194 5658 3325 5721 edit,
3357 5657 3510 5716 obiit.
3544 5654 3718 5710 Caete-

2152 5769 2271 5807 rum
2307 5753 2458 5807 Plato
2506 5753 2647 5806 haud
2700 5761 2844 5806 recte
2883 5750 2978 5815 ait,
3033 5750 3225 5814 solem,
3271 5750 3476 5815 lunam,
3530 5747 3716 5802 stellas
