4100 6212
390 367 494 430 αδ

1498 376 1592 436 ΒΕ
1633 376 2037 437 PARADlSO.
2075 401 2144 412 --
2183 376 2375 436 PARS
2417 378 2532 437 ΙΙΙ.

3535 381 3636 442 606

396 489 620 535 exteras
666 479 1004 539 immortales
1047 496 1192 550 esse,
1225 487 1427 557 quippe
1455 503 1576 556 qua”:
1607 489 1788 543 anima
1823 486 1960 540 vita-
1990 494 2034 548 Α
2068 497 2231 556 atque
2280 488 2447 557 hujus
2501 490 2716 559 generis
2755 489 2879 554 alia,
2928 490 3203 545 diversum
3258 493 3388 560 qu‘d
3446 494 3514 548 ab
3571 513 3634 549 eo

394 586 502 641 que
539 581 782 626 careant.

975 663 1203 719 CAPUT
1243 664 1382 722 Vlll.

395 753 634 822 Objectio
687 752 946 810 Theodori
984 765 1033 810 et
1069 756 1327 830 Nestorii,
1373 768 1528 830 atque
1563 760 1674 826 ejus
1714 759 1962 828 factionis

1051 828 1300 881 aliarum.

427 967 432 970 —
468 935 638 990 Aiunt
673 933 996 992 Theodorus
1044 948 1099 992 et
1149 920 1434 994 Nestorius
1475 940 1676 1009 aliique
1721 941 1811 1010 qui
1862 940 1962 995 hos

393 1037 722 1097 sequuntur,
757 1037 986 1082 mortem
1029 1045 1138 1083 non
1164 1031 1233 1084 ob
1264 1041 1543 1100 peceatum
1582 1033 1824 1102 legemve
1860 1033 1953 1088 Dei

392 1117 676 1180 violatam,
722 1116 990 1172 invasisse
1024 1133 1196 1189 genus
1235 1119 1558 1186 humanum,
1596 1123 1687 1177 sed
1741 1123 1960 1176 mortali

394 1221 494 1262 tos
535 1208 853 1263 conditione
892 1225 922 1262 a
961 1209 1074 1263 Deo
1114 1211 1327 1281 genitos
1360 1227 1518 1277 esse;
1556 1229 1731 1284 neque
1765 1229 1961 1283 quem-

392 1317 556 1370 quam
617 1300 723 1353 ulla
792 1301 1001 1355 ratione
1050 1302 1242 1357 mortis
1298 1304 1588 1358 terminum
1643 1321 1806 1374 quem
1872 1306 1961 1361 ille

394 1403 585 1448 nostro
647 1393 834 1459 generi
892 1403 1209 1464 naturaeque
1263 1400 1668 1466 prmstituerat,
1727 1400 1960 1454 vivendo

394 1499 864 1556 transgressurum
917 1485 1126 1553 fuisse,
1187 1490 1350 1544 etiam
1413 1490 1459 1545 si
1546 1489 1786 1546 Adamus
1849 1507 1957 1546 non

391 1575 714 1644 deliquisset
747 1593 761 1629 :
796 1577 964 1631 multa
991 1578 1134 1631 enint
1166 1579 1401 1633 absurda
1437 1581 1723 1649 consequi,
1759 1579 1864 1634 nisi
1907 1580 1957 1636 id

396 1670 468 1723 ita
503 1684 625 1724 esse
660 1678 986 1723 statuamus.
1019 1668 1122 1734 Qui
1157 1669 1324 1732 enim,
1361 1668 1636 1738 inquiunt,
1675 1670 1960 1744 conveniet

393 1763 595 1829 dicere,
647 1762 837 1827 Deum,
897 1760 1054 1828 cujus
1101 1761 1384 1816 consilium
1431 1771 1550 1816 erat
1591 1777 1694 1817 nos
1741 1763 1960 1817 efﬁcere

2065 578 2374 645 significare
2401 580 2542 648 quod
2576 581 2740 635 verba
2765 582 2950 636 audita
2989 598 3098 650 pra:
3131 598 3188 636 se
3214 582 3416 637 ferunt.
3449 584 3635 654 Itaque

2065 684 2162 737 per
2186 678 2403 736 tropum
2443 671 2696 726 similiter
2737 673 3048 740 accipienda
3079 689 3199 728 esse
3234 689 3294 726 ea
3327 675 3486 727 verba
3519 691 3636 743 quze

2066 760 2228 814 nobis
2273 761 2540 815 Adamum
2595 778 2622 815 a
2661 763 2770 816 Deo
2816 764 3100 817 mortalem
3135 772 3326 818 natura
3381 781 3608 833 proerca

2065 859 2180 904 tum
2231 863 2558 916 memorant,
2605 869 2669 908 ac
2719 855 2916 907 deinde
2951 856 3118 922 legem
3173 857 3275 924 ipsi
3325 858 3634 926 impositam

2063 943 2258 1008 fuisse,
2313 955 2370 996 ut
2413 946 2456 999 si
2513 946 2694 998 ederet
2739 947 2805 1000 de
2855 948 3062 1001 arbore
3114 948 3226 1010 illa,
3285 958 3636 1006 moreretur:

2063 1050 2258 1104 nempe
2311 1043 2367 1086 ut
2417 1050 2542 1088 eunt
2607 1036 2821 1090 audiret
2867 1037 3106 1091 Adamus
3158 1053 3214 1091 se
3256 1039 3325 1090 ob
3378 1038 3634 1094 violatam

2067 1125 2238 1193 legem
2283 1135 2448 1193 atque
2495 1125 2845 1181 rebellionem
2886 1128 3138 1194 paradiso
3173 1129 3390 1196 pulsum
3442 1133 3636 1184 morti-

2065 1229 2169 1283 que
2197 1214 2440 1268 deditum
2474 1229 2614 1278 esse,
2645 1215 2773 1269 odio
2813 1216 3035 1270 haberet
3066 1217 3379 1286 fugeretque
3425 1234 3632 1288 pecea-

2066 1315 2181 1358 tum
2235 1305 2720 1374 rebellionetnque.
2773 1304 2877 1360 Sed
2930 1322 3029 1362 nos
3080 1309 3144 1361 ad
3185 1309 3296 1362 haec
3344 1312 3636 1376 responde-

2065 1410 2188 1450 mus
2239 1413 2252 1447 :
2298 1393 2414 1448 Non
2475 1397 2544 1448 ita
2601 1395 2889 1464 profecto,
2948 1398 3090 1459 viri,
3151 1415 3306 1453 saera
3351 1398 3631 1469 Scriptura

2062 1490 2302 1558 loquitur
2333 1501 2392 1544 ut
2425 1506 2522 1544 vos
2553 1491 2905 1557 existimatis,
2942 1494 3144 1562 quippe
3175 1511 3338 1564 quam
3380 1497 3634 1550 omnibus

2068 1584 2206 1638 locis
2231 1584 2435 1637 diserte
2469 1585 2906 1650 pronuntiantem
2955 1585 3307 1650 offendimus,
3345 1595 3630 1656 peccatum

2062 1675 2253 1730 Adami
2311 1691 2534 1730 causam
2573 1677 2742 1731 fuisse
2787 1679 2998 1742 tnortis,
3049 1694 3170 1732 cum
3223 1681 3295 1733 illi
3343 1681 3468 1748 ipsi,
3516 1692 3628 1734 tum

2065 1767 2334 1820 universa:
2387 1767 2736 1836 posteritati,
2791 1770 3092 1822 secundum
3145 1771 3324 1824 illud:
3377 1771 3492 1837 Quo
3546 1771 3633 1825 die

395 1853 756 1918 immortales,
811 1862 1034 1923 prepter
1082 1863 1363 1922 peceatum
1417 1853 1612 1910 fecisse
1668 1855 1962 1910 mortales?
1993 1832 2034 1890 Β
2063 1859 2350 1910 comederis
2385 1857 2449 1910 de
2489 1858 2698 1922 arbore,
2752 1867 2972 1912 mortem
3003 1870 3232 1928 appetes.
3285 1859 3351 1914 Et
3393 1875 3630 1916 rursus:

391 1943 588 2000 deinde
618 1945 663 2000 si
704 1955 928 2014 propter
958 1945 1087 1998 Atia:
1124 1952 1404 2013 peccatum
1436 1961 1534 1998 nos
1568 1944 1766 1999 occidit
1794 1944 1955 2009 Deus,

330 2064 332 2066 τ
392 2035 702 2099 conﬁcitur,
737 2044 788 2089 et
817 2037 998 2104 justos
1033 2049 1155 2088 eum
1198 2035 1465 2088 occidisse
1514 2042 1735 2104 propter
1765 2047 1958 2103 pecea-

391 2136 558 2192 tores,
601 2139 656 2184 et
711 2139 927 2199 patrum
979 2128 1244 2198 supplicia
1307 2126 1372 2180 ad
1429 2126 1569 2180 ﬁlios
1627 2125 1955 2186 extendisse,

390 2236 623 2290 quorum
663 2219 954 2287 utrumque
988 2219 1295 2288 improbum
1328 2227 1446 2284 est;
1485 2219 1558 2271 ait
1589 2218 1734 2271 enim
1783 2231 1958 2285 neque

392 2319 572 2380 patres
603 2310 898 2364 morituros
939 2323 1038 2378 pro
1084 2308 1234 2372 ﬁliis,
1280 2324 1456 2378 neque
1490 2308 1629 2362 ﬁlios
1662 2323 1760 2377 pro
1787 2306 1957 2374 patri-

394 2403 516 2456 bus.
561 2399 698 2456 Tum
748 2411 808 2456 ut
868 2403 1061 2458 demus
1115 2402 1384 2455 Adamum
1447 2400 1665 2463 abiisse,
1717 2402 1842 2468 quia
1891 2398 1958 2453 de

391 2494 588 2550 arbore
642 2494 898 2562 gustavit,
949 2510 1112 2564 quam
1156 2494 1427 2558 dicemus,
1480 2491 1614 2555 Noe,
1669 2491 1954 2546 Melchise-

391 2587 526 2641 deco
552 2627 567 2651 ,
612 2587 927 2641 Abrahamo
973 2586 1166 2641 mortis
1206 2585 1378 2640 fuisse
1415 2600 1658 2649 causam,
1715 2582 1957 2653 profecto

393 2679 552 2734 itodie
589 2680 796 2734 nttllum
827 2688 912 2735 est
931 2679 1130 2746 scelus,
1152 2687 1245 2732 aut
1277 2678 1480 2748 grande
1512 2685 1604 2730 aut
1643 2678 1778 2741 leve,
1809 2675 1952 2745 quod

393 2785 424 2823 a
466 2771 710 2839 patribus
747 2769 1046 2824 admissum
1079 2770 1132 2823 in
1173 2769 1296 2822 ﬁliis
1341 2767 1758 2836 vindicatzquis
1792 2768 1956 2836 igitur

393 2859 666 2915 existimet
708 2860 778 2914 ob
822 2861 938 2913 leve
987 2860 1121 2914 illud
1172 2858 1302 2913 Ada:
1344 2867 1652 2927 peccatum,
1710 2857 1836 2924 quia
1891 2857 1956 2910 dc

393 2949 574 3004 fructu
612 2949 778 3004 vetito
829 2951 1182 3019 gustavisset,
1227 2949 1531 3003 universam
1581 2947 1956 3017 posteritatem

394 3049 568 3094 morte
602 3039 860 3093 multari?
898 3039 963 3092 Et
992 3055 1119 3094 vero
1169 3040 1214 3093 is
1253 3038 1361 3093 Deo
1408 3054 1527 3093 mos
1577 3047 1660 3092 est
1708 3049 1765 3093 ut
1800 3038 1957 3092 malis

397 3132 644 3202 ignoscat
671 3131 939 3186 bonorum
995 3133 1188 3199 gratia,
1244 3147 1353 3184 non
1413 3144 1591 3184 autem
1652 3141 1709 3183 ut
1757 3131 1957 3200 probos

395 3221 778 3291 improborum
815 3237 980 3276 causa
1007 3222 1214 3290 perdat,
1249 3231 1414 3292 atque
1450 3233 1510 3277 ut
1542 3239 1639 3293 pro
1667 3239 1764 3277 sua
1795 3221 1955 3276 mise-

395 3313 656 3378 ricordia,
692 3315 978 3383 grandium
1008 3313 1335 3382 llagitiorum
1371 3315 1604 3385 gratiam
1651 3315 1964 3370 hominibus

398 3405 581 3473 faciat,
618 3416 829 3461 tantum
859 3407 1038 3473 abest,
1089 3418 1149 3462 ιιι
1173 3409 1288 3463 leve
1341 3409 1609 3478 piaculunt
1643 3409 1963 3478 gravissima

395 3511 554 3565 ptena
584 3496 846 3552 vindicet.
880 3497 1101 3561 Adhzec,
1132 3498 1174 3551 si
1207 3507 1427 3567 propter
1455 3507 1739 3567 peccatum
1771 3512 1962 3550 aman-

395 3590 506 3643 dati
536 3605 727 3646 sumus
751 3589 803 3642 in
847 3589 993 3644 hunc
1027 3595 1286 3644 munduut
1317 3591 1716 3655 dissolubilcm,
1748 3603 1957 3656 magna:

403 3679 645 3750 profecto
667 3681 855 3751 gratize
875 3681 1178 3736 debeantur
1205 3692 1448 3750 peccato,
1473 3693 1528 3735 ut
1549 3683 1692 3750 quod
1717 3681 1964 3735 creandas

401 3771 567 3841 hujus
611 3772 858 3828 mortalis
886 3774 1151 3827 machina:
1186 3789 1351 3827 causa
1383 3773 1566 3826 fuerit.
1617 3773 1882 3826 Praeterea
1914 3775 1959 3826 si

397 3864 641 3919 Adamus
688 3863 908 3927 occidit,
944 3865 1036 3932 qui
1068 3864 1331 3933 peccavit,
1364 3879 1464 3917 cur
1503 3879 1608 3916 non
1645 3864 1965 3917 occiderunt

398 3955 674 4010 daemones
701 3954 861 4024 longe
901 3955 1125 4023 majoris
1161 3954 1347 4022 ﬂagitii
1379 3955 1504 4008 rei?
1547 3953 1601 4008 Si
1644 3955 1785 4009 dicat
1817 3955 1960 4022 quis,

396 4043 524 4109 hos_
557 4044 742 4097 animo
791 4043 1060 4098 occidisse
1091 4060 1107 4098 :
1139 4043 1290 4112 atqui
1345 4059 1444 4096 cur
1503 4041 1746 4095 Adamus
1801 4042 1962 4095 etiam

398 4135 670 4204 corpore?
717 4136 780 4189 Et
809 4136 893 4190 his
927 4134 1228 4190 confecisse
1258 4142 1473 4204 putant,
1517 4134 1807 4192 Adamutn,
1850 4133 1964 4186 sive

402 4226 764 4280 abstinuisset
793 4225 862 4279 ab
887 4224 1083 4278 arbore
1109 4239 1213 4293 qua
1247 4224 1347 4277 sibi
1382 4225 1556 4276 fuerat
1591 4221 1962 4286 interdictum,

400 4319 513 4373 sive
552 4334 660 4372 non
726 4317 1082 4372 abstinuisset
1112 4331 1338 4386 prorsus
1393 4317 1720 4370 moriturum
1770 4315 1960 4376 fuisse,

397 4425 516 4466 cum
571 4419 720 4465 esset
760 4419 954 4462 natura
1004 4407 1219 4462 mortali
1275 4407 1544 4462 conditus.
1591 4405 1860 4459 Caeterum
1911 4404 1963 4455 in

2065 1949 2202 2014 Quia
2253 1949 2571 2003 auscultasti
2622 1952 2735 2003 voci
2787 1953 2970 2004 uxoris
3024 1961 3130 2004 tua:
3169 1960 3324 2019 atque
3363 1953 3520 2006 edisti
3570 1953 3632 2007 de

2059 2043 2245 2095 arbore
2285 2059 2388 2110 qua
2430 2041 2525 2095 tibi
2573 2043 2974 2107 interdixeram,
3022 2043 3306 2097 maledicta
3355 2054 3462 2097 esto
3493 2054 3636 2098 terra

2058 2144 2270 2204 propter
2302 2145 2368 2186 te.
2411 2133 2475 2186 Et
2515 2133 2658 2203 apud
2693 2134 2876 2187 divum
2910 2134 3138 2188 Paulum
3174 2135 3405 2205 legimus
3434 2153 3448 2189 :
3484 2134 3635 2190 Sicut

2057 2243 2148 2295 per
2170 2242 2330 2278 unum
2355 2225 2611 2278 hominem
2635 2236 2903 2293 peccatum
2934 2227 3167 2280 introivit
3202 2229 3254 2280 in
3283 2232 3552 2286 mundum,
3584 2235 3636 2280 et

2058 2333 2149 2387 per
2183 2328 2453 2386 peccatum
2503 2333 2641 2370 mors
2669 2318 2711 2378 °,
2763 2327 2868 2372 etc.
2923 2317 2986 2371 Et
3029 2318 3158 2372 alibi
3194 2337 3206 2372 :
3243 2316 3385 2370 Nam
3443 2323 3634 2387 absque

2059 2407 2165 2476 lege
2221 2419 2491 2476 peccatum
2542 2415 2658 2460 erat
2715 2416 3020 2472 mortuum;
3079 2423 3170 2477 ego
3225 2423 3343 2460 vero
3403 2408 3633 2460 vivebam

2058 2499 2325 2569 quondam
2371 2497 2566 2566 absque
2616 2497 2726 2566 lege
2771 2498 2897 2564 (hoc
2931 2505 3035 2559 est,
3071 2514 3193 2551 cum
3234 2498 3366 2551 niltil
3405 2499 3635 2552 mortale

2059 2589 2400 2656 cogitarem),
2451 2603 2607 2656 porro
2663 2605 2780 2640 cum
2837 2590 3059 2642 venisset
3116 2591 3430 2642 mandatum
3491 2590 3635 2656 (ipso

2059 2680 2266 2734 scilicet
2299 2680 2524 2745 violato)
2563 2679 2751 2732 revixit
2789 2691 3085 2748 peccatum,
3118 2697 3212 2750 ego
3245 2698 3362 2735 vero
3395 2691 3633 2735 mortuus

2059 2787 2195 2835 sum,
2237 2780 2284 2822 et
2314 2771 2577 2823 inventum
2618 2780 2694 2823 est
2724 2773 3035 2823 mandatum
3069 2774 3206 2841 quod
3241 2782 3296 2825 ut
3337 2757 3443 2826 uita
3478 2782 3632 2838 esset,

2063 2862 2250 2915 datum
2295 2861 2468 2930 fuerat
2505 2861 2575 2922 (ei
2611 2862 2701 2930 qui
2731 2862 2832 2930 ipsi
2865 2865 3136 2933 parceret)
3169 2865 3297 2917 mihi
3329 2865 3441 2934 (qui
3477 2864 3633 2935 fregi)

2060 2968 2277 3011 mortem
2329 2958 2581 3025 afferre’.
2650 2957 2768 3010 Alia
2830 2969 3091 3026 praeterea
3176 2959 3408 3028 plurima
3466 2975 3636 3015 sacrae

2063 3048 2363 3118 Scriptune
2395 3051 2510 3102 loca
2547 3050 2698 3102 facile
2745 3050 3012 3114 invenias,
3051 3065 3174 3120 quae
3217 3066 3339 3105 cum
3383 3050 3472 3106 his
3505 3067 3638 3106 con-

1987 3161 2030 3217 c
2065 3149 2284 3208 gruant,
2323 3151 2488 3208 atque
2530 3125 2733 3194 diserte
2787 3149 3015 3193 mortem
3071 3155 3164 3209 per
3199 3150 3479 3210 peceatum
3536 3158 3636 3197 nos

2066 3229 2331 3283 invasisse
2365 3238 2655 3283 testentur.
2702 3229 2769 3281 At
2811 3229 2856 3282 si
2903 3229 3017 3282 lucc
3064 3244 3171 3283 non
3205 3231 3471 3297 recipitis,
3507 3245 3632 3299 pro-

2063 3317 2199 3372 ferte
2231 3319 2386 3372 nobis
2419 3335 2582 3371 ttuttm
2625 3319 2858 3386 aliquem
2893 3318 3072 3372 locum
3095 3320 3175 3372 .in
3201 3334 3310 3388 quo
3351 3319 3632 3388 Scriptura

2064 3409 2229 3472 dii-at,
2281 3424 2378 3460 nos
2436 3424 2540 3460 non
2599 3410 2736 3460 mori
2787 3418 3007 3476 propter
3063 3417 3377 3477 peccatum,
3445 3425 3631 3462 verum

2067 3497 2289 3566 quando
2349 3496 2649 3548 illiusmodi
2704 3495 2856 3550 locus
2909 3512 3176 3565 nusquam
3229 3506 3332 3561 est,
3401 3497 3634 3550 alterum

2067 3589 2200 3642 illud
2239 3603 2424 3641 verum
2459 3588 2529 3640 sit
2560 3601 2782 3640 necesse
2811 3596 2914 3641 est.
2948 3585 3134 3657 Neque
3168 3587 3311 3640 enim
3348 3598 3638 3642 consenta-

2066 3695 2228 3733 neum
2287 3691 2374 3734 est
2427 3690 2486 3732 ut
2537 3694 2603 3733 eo
2657 3680 2946 3747 repudiato
2997 3679 3145 3748 quod
3197 3679 3370 3734 sacris
3414 3678 3638 3734 Litteris

2067 3771 2342 3840 proditum
2382 3771 2712 3833 invenimus,
2772 3771 2821 3823 id
2878 3771 3274 3839 amplectamur
3303 3771 3450 3842 quod
3503 3787 3637 3825 nus-

2071 3877 2236 3931 quam
2276 3864 2539 3930 scriptum
2589 3871 2788 3916 exstat.
2837 3860 2972 3914 Nam
3023 3863 3087 3916 ad
3138 3878 3199 3917 ea
3247 3863 3357 3916 duo
3391 3878 3512 3932 qua:
3542 3877 3639 3915 vos

2066 3968 2166 4006 ceu
2203 3952 2440 4005 absurda
2487 3969 2550 4005 ex
2597 3963 2786 4006 nostra
2830 3954 2918 4006 illa
2969 3955 3238 4008 sententia
3277 3955 3640 4024 colligeliatis,

2068 4060 2259 4113 nempe
2301 4043 2468 4097 Deum
2516 4043 2764 4097 occidere
2808 4043 2988 4112 justos
3021 4053 3244 4113 propter
3290 4045 3543 4114 iniustos,
3578 4054 3635 4098 et

2067 4145 2285 4206 patrum
2331 4135 2537 4188 scelera
2586 4135 2780 4202 punire
2834 4135 2887 4188 in
2921 4135 3071 4198 tiliis,
3113 4135 3352 4188 dicimus
3403 4150 3464 4188 ea
3495 4137 3637 4189 haud

2069 4231 2195 4284 inde
2247 4229 2504 4296 consequi
2539 4246 2552 4281 :
2587 4243 2763 4298 neque
2813 4229 2956 4282 enim
3007 4228 3177 4280 Deum
3238 4237 3456 4296 propter
3509 4226 3636 4280 Adzt
3703 4211 3708 4214 I

2069 4321 2404 4388 impietatem
2453 4319 2706 4372 occidere
2757 4319 2929 4386 ipsius
2980 4326 3234 4386 posteros
3283 4316 3398 4369 sive
3434 4315 3638 4384 probos

2070 4414 2182 4464 sive
2230 4408 2532 4476 improbos.
2583 4419 2641 4460 ut
2689 4421 2866 4476 neque
2907 4407 3048 4460 filios
3081 4407 3152 4459 ob
3185 4419 3246 4458 ea
3292 4419 3414 4473 quae
3456 4411 3670 4470 patres-

397 4502 514 4570 ejus
544 4501 841 4571 Scriptum
869 4501 1053 4554 verbis
1085 4509 1302 4567 tropum
1336 4513 1481 4562 esse,
1528 4513 1648 4564 qute
1679 4497 1751 4549 ita
1789 4494 1964 4563 loqui-
1989 4497 2044 4554 D
2073 4511 2356 4570 patravcre
2396 4499 2596 4569 ﬂagitia
2631 4515 2646 4554 :
2683 4501 2775 4552 sed
2809 4497 2987 4552 fuerat
3023 4498 3265 4551 Adamus
3298 4503 3490 4549 natura
3516 4495 3639 4564 qui-

399 4602 486 4645 tur
523 4607 586 4646 ac
621 4593 665 4647 si
707 4592 878 4644 Adam
918 4599 1137 4660 propter
1170 4584 1454 4658 peccatum
1505 4583 1770 4641 obivisset
1821 4602 1962 4638 mor-

400 4695 527 4751 tem,
577 4685 834 4738 nimirum
890 4691 948 4736 ut
983 4697 1105 4736 cum
1143 4681 1232 4735 ille
1261 4681 1478 4734 audiret
1534 4690 1814 4748 peccatum
1855 4677 1955 4731 sibi

399 4777 592 4831 mortis
651 4789 874 4830 causam
931 4775 1124 4837 fuisse,
1185 4772 1312 4826 odio
1367 4772 1608 4833 haberet,
1657 4772 1958 4835 vitaretqne

393 4879 678 4936 peccatum
711 4885 722 4919 :
756 4865 1214 4936 quemadmodum
1244 4863 1432 4916 multis
1469 4859 1590 4914 aliis
1632 4861 1767 4914 locis
1803 4869 1958 4927 tropo

394 4971 497 5010 usa
549 4965 633 5011 est
677 4955 1002 5023 Scriptura,
1059 4963 1119 5008 ut
1164 4969 1285 5008 cum
1347 4951 1512 5006 habet
1561 4971 1574 5005 :
1619 4950 1683 5003 Et
1740 4950 1957 5003 tentavit

394 5048 651 5104 Dominus
701 5049 1063 5102 Abrahamum
1095 5048 1157 5114 ³;
1191 5062 1369 5114 neque
1401 5046 1544 5100 enim
1597 5045 1763 5100 Deum
1815 5045 1960 5098 facto

299 5168 314 5173 -
395 5140 634 5208 periculo
685 5156 822 5208 opus
870 5140 1089 5193 habere.
1137 5137 1350 5193 Rursus
1397 5137 1489 5192 ubi
1520 5137 1616 5199 ait,
1647 5135 1816 5191 Deum
1867 5152 1959 5190 vo-

397 5229 566 5285 luisse
625 5231 933 5285 interﬁcere
995 5228 1242 5293 Mosem,
1301 5229 1490 5282 uxoris
1557 5237 1734 5280 tamen
1795 5241 1961 5295 opera

396 5323 672 5391 placatum
757 5321 1037 5377 dimisisse
1118 5321 1270 5374 illum
1342 5318 1681 5387 impunem".
1723 5315 1785 5370 Et
1838 5332 1960 5370 cum

395 5403 607 5476 narrat,
667 5411 951 5467 Christum
998 5410 1183 5466 Jesum
1235 5411 1363 5464 inde
1426 5424 1458 5462 a
1505 5423 1664 5462 mane
1711 5407 1961 5478 jejunum

393 5515 559 5572 atque
619 5503 928 5560 famelicum
981 5502 1284 5558 accessisse
1329 5501 1398 5554 ad
1456 5501 1616 5554 ﬁcum
1675 5500 1960 5564 arborem,

393 5595 578 5649 alieno
630 5611 659 5650 a
716 5597 835 5652 ﬁcis
897 5597 1187 5651 nascendis
1240 5603 1482 5662 tempore
1507 5594 1548 5648 ³.
1607 5592 1728 5647 ﬂare
1777 5593 1961 5656 enim,

469 5765 642 5822 ’Gett.
678 5786 810 5833 χιιι,
843 5770 891 5823 1.
969 5770 1175 5825 ‘Exol.
1215 5785 1284 5834 tv,
1314 5766 1402 5820 2|.
1480 5767 1498 5797 ⁵
1524 5765 1686 5822 Marc.
1722 5781 1794 5832 xt,
1828 5767 1910 5822 15.

1990 5767 2188 5822 “linat.
2228 5785 2276 5832 v,
2321 5768 2402 5821 l2.

2067 4595 2190 4649 deut
2249 4592 2498 4645 mortalis
2555 4591 2808 4659 genitus,
2860 4589 3288 4643 eonservahatur
3350 4597 3530 4640 tamen
3586 4586 3638 4638 in

2065 4685 2474 4739 immortalitate
2527 4698 2620 4752 per
2673 4681 2952 4736 Eﬂectoris
3004 4681 3089 4736 sui
3149 4680 3534 4749 benignitatem
3587 4689 3641 4730 et

2065 4777 2335 4843 gratiam;
2388 4777 2478 4828 sed
2531 4776 2619 4827 ttbi
2655 4776 2824 4839 legero
2862 4773 3119 4850 violasset
3170 4781 3332 4840 atque
3373 4770 3634 4839 deliquis-

2067 4876 2168 4928 set,
2220 4865 2455 4919 removit
2507 4864 2574 4917 ab
2632 4865 2748 4932 ipso
2807 4860 2949 4916 Deus
2998 4876 3150 4914 suam
3212 4860 3635 4914 immortalitatis

2066 4956 2315 5026 gratiam,
2356 4966 2516 5024 atque
2549 4963 2660 5006 tum
2698 4955 2783 5007 ille
2811 4957 2935 5009 talis
2971 4955 3172 5006 mansit
3205 4951 3383 5019 qualis
3417 4949 3633 5018 alioqui

2067 5035 2527 5109 ttatttt'aTuerat;
2588 5047 2691 5098 hoc
2744 5056 2847 5110 est,
2916 5045 3177 5098 mortalis.
3236 5041 3341 5096 Sed
3395 5040 3537 5094 enim
3580 5039 3626 5092 si

2069 5147 2196 5192 aute
2260 5139 2520 5190 amissam
2585 5136 3009 5190 immortalitatis
3061 5135 3289 5204 gratiam
3348 5132 3437 5184 ille
3495 5129 3634 5183 ﬁlios

2070 5237 2434 5300 procreasset,
2493 5239 2604 5281 tum
2662 5244 2792 5281 vero
2847 5229 2954 5283 diei
3003 5227 3292 5297 potuisset,
3342 5236 3438 5276 eos
3487 5219 3636 5274 illius

2068 5321 2210 5376 ﬁlios
2261 5321 2353 5390 qui
2409 5320 2543 5374 nihil
2590 5330 2934 5389 peccassent,
2990 5315 3414 5372 immortalitatis
3460 5312 3632 5376 gratia

2067 5414 2268 5467 merito
2311 5413 2689 5467 destituendos
2744 5428 2852 5466 non
2908 5411 3096 5464 fuisse.
3159 5407 3357 5460 Verum
3415 5403 3634 5473 quando

2067 5516 2189 5573 post
2222 5505 2472 5574 adeptam
2519 5505 2623 5560 sibi
2666 5506 2880 5558 demum
2927 5498 3354 5556 immortalitatis
3400 5498 3633 5566 gratiam

2068 5597 2275 5666 prolem
2313 5596 2534 5665 gignere
2559 5594 2744 5662 erepit“,
2787 5594 2838 5648 id
2867 5591 3009 5663 quod
3043 5589 3212 5660 ipsius
3235 5598 3428 5644 natura
3462 5589 3633 5644 habe-

2482 5773 2498 5802 ⁷
2523 5769 2677 5824 lium.
2715 5785 2810 5826 vtt.
2842 5768 2894 5821 8.
2927 5767 2984 5822 9.
