4100 6212
497 338 602 401 007

1696 338 1970 396 TIIEOD.
2041 318 2562 400 DAPIINOPATA.

3634 340 3737 403 C(‘S

497 453 590 506 bat
615 492 630 516 ,
685 449 1088 506 trausmittehat
1149 452 1204 506 in
1243 451 1384 506 ﬁlios
1418 469 1430 505 :
1470 451 1524 504 id
1576 465 1704 505 vero
1747 451 1892 520 quod
1945 460 2074 507 ante
2101 470 2147 518 Α
2177 472 2286 510 non
2315 455 2661 520 deliciarum,
2691 461 2751 508 ut
2777 470 2874 511 vos
2891 451 3235 512 existimatis.
3264 454 3506 525 Denique
3533 461 3677 525 quod
3707 476 3737 512 a

496 547 758 600 amiserat
792 548 1100 614 ncquejam
1135 556 1248 601 tum
1289 545 1544 611 habebat,
1589 545 1842 600 conferre
1875 546 1928 600 iu
1965 546 2068 602 hos

498 652 603 689 non
640 637 839 702 potuit.
891 637 1140 691 Mortalis
1187 637 1370 706 itaque
1419 636 1676 689 mortales
1719 639 2062 705 procreavit;

495 737 658 794 atque
693 727 822 781 hinc
857 729 1103 781 omnium
1152 738 1408 794 nepotum
1445 743 1595 781 mors
1628 740 1925 782 consecuta
1958 741 2064 794 est,

493 832 600 871 non
639 827 819 871 autem
869 835 932 872 ex
981 820 1128 873 illius
1158 821 1379 873 delicto.
1416 819 1530 872 Imo
1563 835 1690 873 vero
1723 820 1768 873 si
1819 831 2069 876 accurate

492 923 680 962 sacras
728 907 964 964 Litteras
1021 911 1383 979 perlustretis,
1435 913 1559 969 erit.
1611 911 1698 962 tthi
1753 924 1806 964 et
1847 914 2066 981 quando

495 998 663 1052 Deum
702 1001 1002 1068 peremisse
1046 1003 1182 1056 ﬁlios
1219 1018 1314 1070 per
1366 1013 1579 1070 patrum
1633 1019 1858 1059 causam
1911 1006 2064 1059 inve-

493 1091 680 1144 niatis.
725 1091 860 1146 Nam
917 1095 1056 1162 apud
1092 1093 1399 1147 Samuelem
1455 1097 1715 1163 scriptum
1759 1104 1841 1150 est
1874 1112 1887 1148 :
1924 1094 2065 1159 Quia

492 1182 738 1233 recordor
783 1182 896 1250 ejus
950 1184 1086 1250 quod
1139 1182 1354 1235 Amalec
1413 1183 1533 1251 fecit
1595 1182 1790 1236 Israeli
1853 1184 2064 1237 exeunti

487 1269 740 1341 ngypto,
768 1273 893 1324 t-ade
919 1282 995 1337 tu,
1023 1272 1177 1338 Saul,
1200 1284 1247 1326 et
1267 1284 1498 1342 pugnata
1527 1274 1774 1328 adversus
1797 1275 1944 1345 Agag
1971 1291 2064 1344 po-

490 1364 774 1432 pulumque
815 1365 977 1432 ipsius
1002 1365 1045 1428 ⁸,
1101 1375 1206 1419 etc.
1262 1365 1327 1419 Ει
1375 1365 1506 1420 alibi
1555 1368 1814 1436 scriptum
1865 1376 2060 1430 exstat,

489 1464 711 1522 propter
763 1455 982 1509 Davidis
1030 1466 1310 1523 peccatum
1365 1472 1561 1510 uvores
1607 1458 1777 1523 ipsius
1837 1468 2062 1511 coastu-

487 1545 729 1613 praudas
761 1561 881 1600 esse
898 1546 940 1600 θ.
983 1546 1049 1598 Ει
1078 1563 1270 1602 rursus
1313 1549 1367 1601 ιιι
1397 1548 1820 1602 Gabaonitarum
1855 1551 2060 1618 gratia-

493 1653 610 1690 rum
673 1649 981 1706 peremptos
1042 1657 1166 1694 esse
1224 1641 1518 1708 suspendio
1570 1656 1599 1694 a
1663 1641 1865 1694 Davide
1920 1642 2061 1696 filios

489 1727 714 1797 ιὶρμιιειε,
767 1731 890 1784 tilia:
937 1731 1161 1796 Aius”;
1197 1747 1361 1799 porro
1411 1732 1555 1800 quod
1604 1747 1702 1786 ceu
1756 1733 2056 1787 absurdum

2171 545 2513 600 dmmonibus
2551 546 2849 617 collegistis
2885 556 3290 617 argumentum,
3317 548 3411 615 qui
3453 548 3555 602 etsi
3598 548 3738 602 deli-

2171 651 2410 706 querunt
2455 639 2620 693 etiam
2669 640 2917 706 gravius,
2973 655 3082 693 non
3131 650 3313 694 tamen
3380 647 3509 694 sunt
3565 651 3740 694 morte

2171 726 2426 790 multati,
2495 727 2575 780 sic
2627 727 2980 782 dissolvimus
3035 726 3378 787 :daemouas,
3439 727 3568 795 quia
3617 743 3739 782 sese

2171 817 2496 871 extulissent
2533 827 2695 885 atque
2745 833 2840 886 per
2891 818 3206 887 superbiam
3248 816 3571 884 jactassent,
3614 819 3738 874 idco

2169 904 2483 959 deturbatos
2541 920 2706 960 esse:
2747 920 2852 958 non
2901 914 3080 958 autem
3149 904 3218 958 ob
3258 916 3534 972 peccatum
3590 922 3742 960 mor-

2170 1009 2312 1060 tuos,
2348 998 2475 1067 quia
2509 1013 2537 1051 a
2571 1013 2750 1052 rerum
2781 996 3012 1051 Parente
3045 997 3172 1061 Deo,
3209 1008 3399 1050 natura
3436 998 3737 1053 immortali

2169 1089 2386 1141 fuerant
2415 1088 2626 1156 prtediti
2654 1097 2765 1142 tum
2794 1103 2919 1141 cum
2953 1087 3334 1157 gigttehantur.
3363 1087 3515 1156 prius
3543 1104 3739 1158 nempe

2167 1195 2328 1248 quam
2379 1189 2692 1249 peccassent
2727 1196 2740 1232 :
2774 1180 3042 1233 Adamum
3093 1194 3222 1232 vero
3271 1191 3544 1233 mortuum
3591 1197 3734 1248 esse,

2166 1269 2293 1338 quia
2341 1271 2591 1338 adempta
2639 1268 2740 1338 ipsi
2792 1276 2910 1323 erat
2964 1268 3392 1322 immortalitatis
3441 1269 3610 1337 gratia
3664 1271 3733 1322 ob

2166 1360 2463 1413 admissum
2512 1373 2815 1430 peccatum.
2857 1358 3044 1429 Neque
3072 1375 3201 1413 vero
3242 1359 3436 1414 iistlem
3473 1361 3733 1415 omnibus

2167 1452 2330 1506 rebus
2363 1451 2573 1521 praediti
2611 1467 2800 1506 sumus
2835 1466 2955 1514 uos,
2989 1451 3404 1518 dartttonesque;
3438 1467 3539 1505 nos
3577 1452 3732 1505 enim

2125 1548 2128 1552 ’
2163 1559 2258 1598 sua
2287 1543 2432 1598 Deus
2464 1546 2634 1614 gratia
2669 1545 2940 1612 dignatur,
2984 1543 3100 1597 illos
3138 1557 3266 1595 vero
3294 1543 3539 1607 minime,
3590 1552 3734 1596 tam-

2163 1636 2262 1687 etsi
2305 1633 2536 1702 plurima
2598 1633 2806 1686 ratione
2854 1631 3109 1700 polleant.
3147 1632 3315 1700 Igitur
3345 1646 3410 1684 ex
3445 1631 3528 1684 his
3556 1634 3735 1684 omni—

2166 1728 2266 1781 bus
2315 1726 2550 1780 dilucide
2603 1725 2913 1787 conficitur,
2969 1721 3067 1778 nos
3114 1724 3183 1778 ob
3235 1735 3514 1793 peceatum
3567 1728 3731 1781 mori.

489 1819 766 1888 colligitis,
803 1830 1109 1888 peccatum,
1150 1821 1372 1875 creandi
1403 1821 1566 1890 hujus
1608 1823 1794 1876 mundi
1831 1838 2056 1876 causam
2095 1800 2133 1854 Β
2169 1815 2645 1869 Verulttenitltvel‘o
2705 1816 2751 1869 δί
2795 1824 3078 1884 Propterea
3139 1815 3384 1884 Γθῧιιεινίι
3441 1815 3492 1867 in
3545 1827 3731 1869 nostra

488 1907 659 1962 fuisse
707 1911 1121 1978 respondemus,
1151 1911 1202 1964 id
1235 1927 1462 1981 prorsus
1496 1912 1696 1965 falsum
1747 1928 1869 1968 esse
1898 1923 2059 1982 atque

488 2000 934 2053 abominandum.
1012 2001 1230 2056 Interim
1288 2003 1392 2057 hoc
1471 2004 1702 2057 libenter
1781 2003 2057 2069 fatemur,

493 2093 757 2144 mundum
796 2107 917 2146 esse
945 2093 1182 2147 hominis
1211 2096 1514 2162 peccatoris
1544 2109 1709 2149 causa
1740 2096 2054 2160 conditum;

485 2180 648 2250 idque
711 2183 811 2236 hac
854 2184 1062 2237 ratione
1115 2202 1131 2238 :
1181 2201 1306 2238 nam
1358 2186 1530 2240 Adam
1577 2185 1908 2256 simulatque
1941 2187 2057 2241 for-

487 2285 670 2328 matus
720 2284 860 2339 erat,
909 2276 1196 2331 traductus
1240 2279 1412 2332 estin
1444 2279 1782 2348 paradisum,
1820 2294 1918 2333 ceu
1971 2280 2053 2333 Io-

487 2381 610 2418 cum
648 2367 910 2432 medium,
945 2377 1003 2420 ut
1037 2369 1081 2420 si
1112 2377 1328 2437 pareret
1361 2369 1463 2438 legi
1495 2370 1550 2424 in
1577 2370 1799 2426 cmleste
1825 2386 2051 2440 regnum

485 2457 899 2523 subveheretur,
955 2458 1038 2512 siu
1081 2461 1264 2514 minus
1308 2470 1523 2528 pareret
1565 2461 1948 2515 detruderetur
1999 2463 2054 2516 itt

487 2547 632 2600 hunc
663 2547 950 2612 mundum,
989 2549 1038 2602 id
1062 2551 1206 2618 quod
1246 2550 1375 2603 alibi
1423 2560 1508 2604 est
1537 2566 1568 2605 a
1615 2550 1774 2606 nobis
1815 2552 2056 2620 explica-

489 2651 622 2695 tum.
681 2643 775 2697 Est
828 2644 994 2713 igitur
1043 2644 1281 2698 hominis
1338 2647 1642 2714 peccatoris
1693 2645 1896 2714 gratia,
1945 2659 2054 2697 non

485 2744 666 2787 autem
702 2736 929 2804 peccati,
961 2734 1191 2790 effectus
1219 2736 1323 2790 iste
1355 2737 1592 2791 mundus
1619 2755 1634 2803 ;
1673 2737 1832 2791 vallis
1855 2751 2052 2805 nempe

487 2821 853 2892 lacrymarum
906 2836 958 2879 ct
992 2826 1148 2881 locus
1175 2827 1427 2882 dolorum
1488 2828 1806 2897 umbraeque
1857 2828 2052 2882 mortis

2166 1919 2360 1962 natura
2404 1917 2706 1976 peccatum,
2767 1909 2892 1976 quia
2963 1905 3134 1960 Adam
3199 1906 3586 1975 praevaricattts
3650 1917 3736 1961 cst

2169 2009 2356 2054 contra
2398 1999 2568 2066 legem
2619 1999 2737 2061 Dei,
2769 2007 2974 2063 quanto
3006 1997 3178 2065 magis
3215 1997 3643 2065 justificabimur
3682 2007 3736 2050 et

2169 2091 2513 2146 servabimur
2543 2105 2638 2160 per
2666 2090 2832 2144 vitam
2881 2086 3111 2151 Christi,
3149 2087 3238 2156 qui
3270 2099 3324 2142 et
3368 2098 3595 2142 mortem
3635 2105 3732 2143 su-

2165 2185 2376 2255 peravit
2415 2192 2466 2237 ct
2497 2190 2747 2259 naturam
2801 2187 3048 2234 nostram
3081 2179 3233 2242 vicit,
3272 2179 3530 2248 viamque
3560 2179 3732 2236 nobis

2165 2276 2376 2346 aperuit
2424 2275 2617 2330 salutis
2650 2287 2775 2328 cum
2816 2271 2882 2326 de
2928 2271 3070 2326 caalo
3104 2270 3170 2324 ad
3221 2286 3320 2324 nos
3351 2271 3727 2337 descenderet,

2165 2385 2271 2438 qtta
2306 2378 2587 2436 pergentes
2623 2364 3032 2433 perveniremus
3064 2362 3117 2415 in
3146 2363 3334 2416 beatas
3364 2361 3731 2418 habitationes

2158 2462 2354 2514 domus
2399 2457 2577 2512 Patris
2632 2455 2778 2510 illius
2824 2454 2967 2522 :qui
3020 2467 3142 2505 cum
3198 2451 3357 2506 Patre
3417 2462 3472 2506 et
3521 2453 3728 2522 Spiritu

2159 2562 2349 2608 sancto
2402 2551 2674 2612 laudetur,
2728 2546 2964 2617 gloriose
3002 2543 3329 2614 praedicetur
3375 2552 3428 2597 ct
3469 2543 3732 2600 adoretur

2159 2659 2259 2714 pro
2291 2643 2461 2698 tantis
2495 2640 2780 2697 beneficiis
2804 2653 2926 2708 quae
2956 2636 3009 2690 in
3044 2635 3347 2690 humanum
3384 2651 3557 2705 genus
3585 2652 3726 2692 con-

2159 2737 2303 2802 tulit,
2355 2735 2486 2789 hinc
2536 2747 2707 2804 usque
2754 2730 2810 2784 in
2858 2727 3246 2801 generationes
3291 2727 3728 2798 generationum.

2153 2830 2348 2882 Amen.

551 2990 612 3042 οι
645 2992 780 3066 Reg.
815 3012 902 3062 xv,
934 2997 988 3050 ρ.
1066 3001 1085 3029 ν
1113 2997 1152 3050 ιι
1179 2999 1310 3069 ucg.
1340 3015 1438 3063 χιι,
1479 3000 1562 3052 ιι.
1641 3001 1684 3032 ὀ
1711 2999 1746 3052 ιι
1786 3000 1919 3070 ueg.
1952 3015 2065 3066 XXI,
2093 2998 2147 3064 8,
2177 2998 2230 3052 9.
2263 2977 2280 2984 ’

491 3178 3721 3208 W

1767 3358 1935 3404 ANNO
1983 3359 2206 3404 DOMINI
2250 3361 2444 3405 CMLVI

615 3529 1942 3720 THEODOBUS
2071 3537 3576 3722 DAPHNOPATA

1859 4013 2278 4104 NO'I‘ITI
2305 4019 2400 4102 Δ.

1482 4231 1662 4288 (Oudin
1697 4231 1763 4278 De
1802 4227 1972 4290 seript.
1998 4230 2200 4288 eccles.,
2234 4234 2350 4278 tom.
2381 4229 2440 4288 II,
2469 4246 2514 4291 p.
2559 4232 2686 4292 HS.)

551 4379 874 4434 Theodorus
907 4379 1280 4448 Daphnopata,
1324 4379 1533 4448 primus
1566 4392 1594 4429 a
1625 4378 1849 4431 secretis
1891 4386 2053 4444 atque
2107 4375 2372 4446 patricius
2404 4376 2548 4444 apud
2579 4376 3128 4449 Constantinopolim,
3165 4383 3361 4438 claruit
3391 4398 3532 4439 anno
3569 4386 3716 4452 956;

475 4469 634 4536 cujus
691 4468 1018 4520 mentionem
1077 4467 1285 4521 faciunt
1338 4464 1575 4518 Joannes
1634 4465 1893 4533 Scylitzcs
1937 4479 1999 4517 ac
2051 4464 2316 4529 Georgius
2369 4462 2666 4538 Ccdreuus,
2701 4474 2926 4534 uterque
2981 4469 3036 4522 itt
3091 4467 3452 4526 Historiarum
3483 4488 3712 4527 suarum

437 4575 442 4580 -
481 4555 772 4620 prooemiis,
817 4563 980 4620 atque
1018 4553 1156 4606 inter
1186 4568 1280 4607 eos
1310 4553 1400 4622 qui
1435 4551 1728 4605 Historiam
1765 4550 2114 4620 Byzantinam
2142 4551 2256 4605 sive
2283 4549 2939 4620 ConSIantiuopolitanam
2976 4556 3328 4625 scripserunt,
3374 4561 3712 4628 praecipuum

481 4641 553 4692 ibi
595 4643 769 4694 locum
803 4642 1032 4694 obtinet.
1068 4639 1303 4694 AEtatem
1338 4655 1444 4710 qua
1477 4641 1612 4692 vixit
1645 4641 1844 4694 iudicat
1893 4639 2068 4693 oratio
2102 4637 2274 4706 ipsius
2320 4639 2372 4689 in
2430 4653 2642 4689 manum
2678 4637 2734 4692 S.
2775 4637 3124 4695 Prwcursoris
3155 4643 3435 4712 Baptism,
3472 4662 3592 4714 qua:
3617 4648 3713 4703 diu

473 4742 778 4795 magnaque
840 4744 992 4789 cura,
1027 4728 1201 4796 inquit
1254 4729 1432 4782 Carus
1468 4737 1613 4781 tutuo
1643 4728 1706 4791 II,
1744 4743 1837 4781 seu
1904 4737 2054 4795 parte
2085 4740 2121 4777 ιι
2190 4723 2444 4778 Historia:
2503 4725 2796 4791 litterariw,
2825 4728 2889 4781 ad
2940 4745 3142 4783 annum
3174 4732 3300 4807 956⁹
3325 4733 3624 4788 Antiochiae
3653 4736 3712 4790 in

472 4813 671 4881 templo
715 4814 777 4866 D.
815 4813 956 4868 Petri
1015 4815 1282 4869 custodita
1333 4813 1529 4879 fuerat,
1569 4830 1731 4883 quam
1791 4815 2007 4868 tandem
2044 4813 2182 4867 clam
2244 4813 2507 4882 surripuit
2534 4815 2706 4869 Jobus
2733 4817 2952 4882 quidam
2994 4817 3260 4872 diaconus
3299 4821 3698 4898 Antiocheuus,

471 4907 526 4953 et
558 4900 687 4954 urbe
725 4911 884 4954 noctu
918 4917 1190 4976 egressus,
1220 4901 1614 4958 Chalcedouem
1651 4901 1861 4975 detulit,
1895 4900 1983 4953 ubi
2017 4899 2376 4968 imperatorire
2409 4901 2616 4954 triremi
2652 4902 2716 4953 ad
2754 4903 2855 4955 hoc
2916 4903 3089 4971 ipsum
3137 4906 3348 4959 emissa:
3388 4907 3698 4978 impositam

471 4987 795 5042 illustriores
843 4997 1123 5042 senatores
1158 4991 1508 5057 procedentes
1542 4989 1776 5052 obviam,
1827 5003 1949 5041 cum
1983 4987 2275 5054 Polyeucto
2306 4987 2615 5055 patriarcha
2666 4995 2720 5040 et
2765 4988 3017 5043 universo
3043 4990 3187 5044 clero
3225 5001 3277 5044 et
3320 4995 3535 5062 populo.
3571 5013 3696 5051 cum

471 5076 668 5141 cereis,
697 5075 903 5128 facibus
961 5084 1015 5129 et
1071 5076 1362 5141 sulIitibus,
1398 5092 1516 5131 eam
1576 5077 1628 5129 in
1690 5075 1946 5144 palatium
2001 5075 2363 5138 deduxerunt,
2414 5089 2552 5127 anno
2581 5073 2794 5127 circiter
2840 5074 2964 5141 956,
3005 5075 3274 5132 referente
3308 5080 3421 5135 haec
3452 5081 3699 5139 Cedreuo

473 5163 728 5217 Historia:
761 5161 1177 5217 Greco-Latina:
1216 5180 1336 5233 pag.
1365 5164 1487 5218 640.
1525 5163 1644 5217 Mox
1676 5164 1984 5217 institutum
2024 5161 2187 5230 hujus
2226 5160 2615 5215 Translationis
2644 5161 2866 5226 festum,
2903 5173 2956 5217 et
2988 5163 3088 5219 hac
3113 5169 3401 5222 occasione
3433 5185 3576 5226 anno
3614 5189 3702 5228 se-

471 5250 680 5321 quenti.
714 5266 834 5304 cum
865 5251 1237 5305 anniversaria
1271 5251 1428 5306 istius
1460 5251 1585 5306 festi
1632 5251 1828 5305 rediret
1864 5251 2204 5313 solemnitas,
2239 5252 2377 5305 hanc
2430 5243 2729 5305 orationem
2780 5251 3103 5308 Theodorus
3149 5255 3354 5322 habuit,
3387 5259 3464 5311 uti
3503 5276 3698 5317 nume-

474 5341 552 5394 ris
580 5338 725 5406 XVI,
755 5337 920 5402 XVII,
954 5336 1121 5392 XVIII
1149 5347 1202 5392 et
1235 5338 1378 5406 XIX,
1410 5340 1526 5409 ipse
1551 5340 1753 5409 prolixe
1785 5347 1994 5393 narrat.
2032 5337 2170 5392 IIinc
2203 5338 2484 5408 cjusaetas
2508 5340 2749 5409 alioquin
2781 5343 2914 5395 satis
2953 5346 3184 5396 obscura
3219 5344 3366 5398 clare
3392 5346 3702 5417 deprehen-

472 5424 637 5478 ditur.
660 5425 781 5481 II.ec
804 5419 868 5480 ex
900 5425 1193 5481 Laurentio
1226 5428 1388 5480 Surio
1415 5428 1593 5482 Cavus
1625 5428 1740 5482 loco
1770 5427 2020 5496 allegato.
2049 5425 2280 5496 SCl‘tpSil
2306 5444 2523 5498 quoque
2547 5427 2842 5483 Historiam
2867 5431 2979 5485 sive
3003 5432 3294 5487 C/tronicon
3317 5433 3696 5507 Byzantium,

475 5514 618 5580 quod
650 5515 878 5581 posteris
905 5515 1094 5569 invidit
1126 5516 1309 5584 lapsus
1342 5515 1600 5583 temporis
1631 5514 1874 5567 omnium
1905 5513 2109 5568 edacis.
2154 5517 2221 5567 At
2256 5517 2360 5569 alia
2404 5518 2561 5572 nobis
2612 5529 2905 5586 supersunt
2956 5520 3076 5586 ejus
3120 5536 3306 5589 opera,
3336 5540 3459 5594 qua:
3492 5525 3696 5583 famam

475 5600 743 5655 Theodori
775 5604 1006 5670 posteris
1037 5613 1309 5674 utcunque
1339 5612 1576 5657 servant.
1612 5602 1835 5656 Exstant
1865 5602 2108 5671 ejusdem
2135 5603 2542 5672 Apantltismata
2579 5607 2694 5658 sive
2727 5603 2965 5658 Flosculi
2992 5621 3054 5657 ea:
3098 5608 3255 5661 variis
3280 5613 3452 5664 sancti
3471 5611 3700 5670 Joannis

473 5687 834 5754 Chrysostomi
893 5693 1128 5758 operibus
1186 5693 1414 5760 επέτριὶ
1470 5691 1610 5746 inter
1659 5706 1788 5746 mss.
1819 5692 2034 5746 codices
2087 5690 2430 5744 bibliotheca:
2479 5691 2783 5745 Bodleiana:
2812 5691 2972 5746 codd.
3001 5693 3137 5747 95H
3191 5704 3244 5749 ct
3275 5696 3438 5763 2545,
3470 5701 3524 5754 itt
3563 5719 3696 5757 mss.

477 5775 700 5830 'I‘homa:
739 5773 942 5832 Bodleii
975 5779 1132 5835 codd.
1158 5780 1263 5835 25i
1290 5790 1342 5836 ct
1365 5779 1488 5847 255,
1523 5795 1750 5848 quorum
1782 5780 1992 5850 primus
2023 5782 2258 5839 cotttiuet
2291 5783 2556 5853 ejusmodi
2608 5781 2924 5852 Eclogaruut
2969 5800 3248 5844 sermones
3293 5788 3380 5856 5'2,
3423 5791 3698 5848 secundus
