4100 6212
348 317 456 381 603
484 308 487 317 ’
1820 314 2150 375 NO’IITIA.
3408 370 3415 373 .
3488 316 3591 379 ut)

349 433 520 487 codex
549 443 831 485 sermones
867 428 933 482 ιι
967 444 1031 481 ex
1056 426 1445 497 Cbrysostomo
1475 435 1761 495 exeerptos
1813 441 1909 494 per
1937 425 2284 482 Theodorum
2329 426 2647 497 magistrum
2678 427 2881 483 Graece.
2911 429 3076 484 Iidem
3106 438 3160 483 et
3183 427 3237 482 in
3282 429 3596 498 Augustaua

350 520 677 575 bibliotheca
705 517 892 572 codice
932 516 1001 571 68
1034 517 1087 569 in
1118 530 1404 570 sermones
1434 514 1503 570 56
1538 514 1969 587 distribuuntur,
1999 523 2106 568 etc.
2156 513 2219 567 Et
2254 514 2306 567 in
2347 513 2419 568 55
2451 515 2628 584 capita
2670 515 2853 577 divisi,
2883 532 3015 572 mss.
3049 515 3271 587 quidem
3304 515 3358 568 in
3392 516 3593 570 biblio-

353 609 509 662 theca
567 605 813 660 Caesarea
863 602 1296 666 Vindoboncnsi,
1323 602 1605 657 codicibus
1669 616 1800 656 mss.
1861 582 2185 669 theologicis
2241 601 2448 656 Grzecis
2504 582 2660 656 CLIII
2697 613 2751 656 et
2780 602 2963 667 CLIV,
2989 582 3240 658 ut—habet
3273 604 3598 659 Lambecius

350 705 502 750 torno
535 694 625 750 IV.
658 692 1193 746 Commentariorum
1234 690 1398 759 hujus
1434 689 1795 764 bibliothecae,
1830 705 1950 759 pag.
1989 688 2089 743 157
2117 701 2169 742 et
2201 688 2321 753 159,
2347 690 2411 743 ad
2440 689 2612 744 dictos
2641 691 2857 744 codices
2901 692 2984 746 his
3017 692 3195 745 verbis
3230 709 3243 744 :
3282 710 3301 741 ι
3325 689 3601 764 ΔΤΙιεοιίονί

352 784 716 853 Dapltnopata:
746 780 1153 849 Apanthisntata
1200 780 1307 832 sive
1337 778 1567 847 ﬂosculi,
1608 791 1673 831 ea:
1697 761 1858 831 variis
1893 778 2063 830 sancti
2100 775 2324 830 Joannis
2356 776 2716 847 Chrysostomi
2759 779 3000 848 operibus
3039 778 3288 844 decerpti,
3324 761 3379 832 ct
3426 780 3477 832 in
3510 796 3602 833 ca-

354 874 463 942 pita
501 872 571 925 55
604 870 789 935 divisi,
831 871 947 937 ipsa
997 867 1132 921 tituli
1183 865 1360 920 Gr.cci
1406 868 1566 920 verba
1623 875 1772 926 sunt,
1819 867 1973 918 ‘Ami

1979 866 2238 935 ρθίσματα
2276 864 2371 918 τοῦ
2413 869 2472 917 ἐν
2509 866 2689 934 ἁγίοις
2742 867 2954 935 [ἰατρὸς
3000 867 3160 937 ἡμῶν
3213 867 3464 919 Ἰωάννου
3504 868 3598 919 τοῦ

351 957 766 1031 Χρυσοστόμου,
796 953 1227 1024 ἁναοροισθέντα
1261 954 1411 1023 πιρὰ
1442 952 1614 1024 κυροῦ
1649 951 1929 1024 Θεοδώρου
1961 970 1970 985 ι

1979 951 2054 1004 τοῦ
2091 953 2500 1021 Δαφνοπάτους.
2529 954 2757 1006 Exstant
2779 956 2998 1022 quidem
3038 956 3152 1009 haec
3184 955 3598 1023 Apantbismata

353 1048 405 1101 in
436 1060 663 1116 aperitin
726 1044 901 1098 sancti
954 1040 1184 1096 Joannis
1233 1042 1614 1111 Chrysostotni
1670 1042 1913 1094 editione
1961 1039 2150 1094 Graeca
2182 1037 2455 1092 Saviliana
2498 1048 2645 1092 tomo
2683 1037 2794 1103 VII,
2828 1056 2951 1107 pag.
2985 1040 3111 1105 665,
3144 1052 3193 1095 et
3253 1043 3307 1094 in
3360 1042 3603 1095 editione

350 1131 773 1189 Graeco-Latina
801 1129 1168 1184 Frontoniana
1208 1139 1354 1183 tumo
1390 1127 1475 1191 VI.
1506 1145 1625 1195 pag.
1660 1128 1794 1192 665;
1827 1128 1919 1181 sed
1948 1130 2083 1183 ordo
2121 1137 2174 1182 et
2205 1119 2467 1182 n'umerus
2516 1130 2807 1198 utrobique
2862 1131 3135 1200 discrepat
3184 1133 3253 1185 ab
3289 1133 3389 1186 hoc
3416 1134 3603 1186 codice

350 1223 623 1285 Caesareo,
652 1231 709 1273 ιιι
741 1218 1043 1273 conferenti
1074 1217 1205 1270 mihi
1235 1216 1428 1285 patuit.
1479 1217 1774 1285 Insignitur
1804 1227 1993 1270 auctor
2028 1215 2186 1267 titqu
2227 1218 2653 1278 protosecrctarii
2685 1233 2747 1270 ac
2795 1218 3037 1284 patricii,
3068 1200 3121 1270 ct
3157 1219 3274 1271 sine
3314 1219 3480 1271 dubio
3512 1220 3601 1272 ille

350 1311 467 1380 ipse
501 1318 605 1369 cst,
641 1309 669 1362 ὁ
701 1306 1063 1374 Δαφνοπὰτης
1092 1302 1390 1372 Θεόδωρος,
1418 1304 1509 1371 qui
1566 1320 1593 1356 a
1650 1299 1857 1357 Joanne
1909 1303 1969 1355 Sc

1983 1304 2143 1372 ylitza
2180 1313 2233 1355 et
2264 1301 2499 1370 Georgio
2550 1303 2796 1358 Cedreno
2856 1307 2908 1357 in
2970 1321 3193 1358 suarum
3234 1303 3599 1360 Historiarum

356 1398 632 1452 Proozmiis
664 1396 885 1455 citatur,
920 1400 972 1447 et
1006 1394 1144 1446 inter
1172 1405 1267 1445 eos
1296 1393 1388 1460 qui
1433 1389 1727 1445 Historiam
1776 1389 2129 1461 Byzantinam
2182 1391 2295 1444 sive
2334 1388 2439 1444 (ΞΡ.
2475 1392 2842 1461 particulatim
2876 1394 3233 1460 scripserunt,
3267 1394 3599 1464 praecipuum

350 1486 425 1541 ibi
459 1485 636 1554 locum
671 1483 898 1536 obtinet.
936 1482 1127 1535 Exstat
1159 1494 1375 1548 quoque
1426 1479 1481 1532 in
1540 1478 1727 1531 eadem
1776 1478 2106 1531 bibliotheca
2136 1476 2405 1540 Caesarea,
2441 1488 2500 1532 ut
2536 1489 2766 1534 testatur
2798 1480 2937 1535 idem
2995 1479 3314 1535 Lambecius
3357 1494 3504 1536 tomo
3532 1479 3602 1534 IV

349 1573 590 1643 ejusdem
624 1569 989 1633 Bibliothecze,
1022 1582 1145 1637 pag.
1181 1566 1273 1632 60,
1310 1568 1364 1620 in
1401 1564 1592 1620 codice
1621 1581 1725 1619 ms.
1750 1562 2085 1633 Theologieo
2123 1564 2313 1619 Grieco
2338 1565 2472 1628 CXI,
2509 1583 2661 1621 num.
2694 1568 2748 1631 5,
2774 1578 2829 1622 et
2852 1569 3070 1637 quidem
3103 1584 3131 1622 a
3160 1568 3253 1622 fol.
3280 1569 3370 1634 87,
3399 1585 3523 1640 pag.
3552 1570 3602 1633 1,

350 1677 523 1733 usque
556 1658 621 1714 ad
655 1658 749 1713 fol.
782 1659 872 1721 98,
902 1672 1022 1727 pag.
1058 1656 1114 1717 2,
1147 1653 1411 1709 Theodori
1447 1653 1607 1723 primi
1640 1670 1671 1706 α
1711 1654 1928 1707 secretis
1958 1662 2006 1705 et
2036 1651 2282 1717 Putricii,
2316 1665 2656 1721 cognomento
2690 1654 3076 1724 Dapltnopataz,
3117 1659 3289 1710 oratio
3334 1658 3397 1711 de
3443 1674 3604 1711 manu

352 1749 410 1805 S.
440 1747 667 1803 Joannis
705 1744 988 1814 Baptisttc,
1016 1743 1302 1796 Antiochia
1328 1739 1852 1809 Constantinopolim
1881 1742 2170 1803 translata,
2206 1742 2365 1809 cujus
2399 1742 2590 1795 titulus
2633 1751 2687 1797 et
2740 1744 3092 1813 principium,
3128 1744 3406 1814 Θεοδώρου
3453 1761 3605 1815 πρω-

347 1837 729 1907 τοασηκρήτου
760 1833 857 1886 και.
887 1831 1205 1901 πατρικίου,
1232 1829 1327 1882 τοῦ
1368 1827 1750 1897 Δαφνοπὰτου,
1792 1828 1949 1895 λόγος
1980 1829 2060 1888 είς
2095 1828 2196 1898 τὴν
2241 1829 2300 1895 ἐξ
2332 1827 2668 1900 Ἀντιοχείας
2711 1831 3054 1902 ἀνακομιδὴν
3105 1832 3205 1903 τῆς
3257 1834 3462 1903 σεμνῆς
3509 1833 3604 1885 καὶ

348 1924 545 1989 τιμίας
565 1921 748 1994 χειρὸς
783 1919 882 1972 τοῦ
926 1918 1087 1987 ἁγίου
1140 1915 1417 1982 Ἰωάννου,
1443 1915 1538 1969 τοῦ
1574 1914 1895 1986 Προδρόμου
1943 1917 2039 1968 καὶ
2076 1916 2409 1973 Βαπτιστοῦ.
2452 1916 2691 1988 Incipit;
2739 1919 2871 1972 Ἰδοὺ
2904 1921 2998 1972 καὶ
3034 1919 3200 1973 πάλιν
3232 1922 3364 1989 ἡμῖν
3404 1924 3431 1973 ὁ
3461 1921 3607 1989 ίερὸς

351 2012 445 2066 τοῦ
474 2010 713 2083 Χριστοῦ
746 2002 1066 2079 ἐπεδήμησε
1115 2005 1454 2076 Πρόδρομος,
1492 2003 1601 2056 τῶν
1644 2004 1814 2057 αὑτοῦ
1868 2004 2113 2074 χαρίτων
2150 2006 2434 2070 ἀναδιδοὺς
2490 2007 2739 2075 ἀφθόνως
2783 2006 2852 2061 τὰ
2889 2008 3131 2076 νάματα.
3167 2009 3357 2063 Exstat
3384 2009 3604 2077 quidem

354 2100 467 2155 haec
494 2099 673 2153 oratio
721 2097 864 2165 apud
922 2094 1278 2149 Laurentium
1317 2091 1540 2147 Surium
1600 2101 1747 2146 tomo
1787 2089 1854 2144 ιν
1888 2090 1965 2144 De
2030 2092 2267 2162 probatis
2325 2093 2426 2150 SS.
2482 2096 2743 2150 Historiis
2778 2098 2865 2150 die
2897 2097 2968 2151 29
2997 2098 3251 2168 Augusti,
3288 2100 3377 2151 sed
3412 2097 3605 2152 Latine

353 2199 561 2244 tantum
597 2196 651 2242 et
692 2186 902 2255 absque
954 2182 1176 2238 nomine
1231 2181 1471 2234 auctoris
1500 2178 1588 2234 sui
1621 2177 1883 2232 Theodori
1933 2179 2318 2251 Daphnopatar,
2358 2183 2658 2254 incipitque
2689 2187 2759 2240 ab
2824 2186 2910 2240 his
2943 2187 3123 2241 verbis
3155 2205 3169 2240 :
3204 2185 3340 2239 Ecce
3378 2188 3447 2240 ad
3507 2204 3604 2241 nos

354 2291 540 2329 rursus
572 2273 708 2329 venit
735 2279 1113 2327 sacrosanctus
1148 2267 1347 2323 Christi
1377 2266 1707 2330 Prwcursor,
1750 2266 1956 2321 abunde
1992 2269 2195 2339 ﬂuenta
2243 2272 2485 2325 emittens
2555 2288 2777 2325 suarum
2826 2274 3147 2342 gratiarum.
3192 2272 3447 2343 Ejusdem
3481 2292 3607 2330 ora-

355 2364 519 2419 tionis
539 2361 605 2417 de
622 2362 980 2415 translatione
1012 2373 1207 2413 manus
1228 2356 1286 2410 S.
1304 2355 1530 2410 Joannis
1555 2354 1827 2424 Baptistae,
1848 2357 2093 2409 meminit
2114 2359 2278 2412 etiam
2305 2356 2413 2413 Leo
2441 2358 2669 2412 Allatius
2694 2359 2746 2412 in
2770 2357 3010 2411 Diatriba
3032 2358 3107 2411 De
3128 2357 3445 2429 ngeonum
3471 2361 3609 2412 scri-

355 2452 479 2519 ptis,
508 2465 627 2519 pag.
660 2447 750 2514 96,
785 2448 1091 2516 ibidemque
1122 2460 1182 2499 ea
1215 2443 1403 2498 itidem
1439 2451 1498 2496 ut
1528 2444 1580 2496 in
1611 2443 1715 2496 hoc
1750 2443 1938 2496 codice
1978 2457 2079 2498 ms.
2106 2445 2718 2509 Ctesareo,attribuitur
2741 2444 3013 2499 Theodoro
3050 2445 3432 2513 anhnopatre.
3461 2447 3604 2501 Idem

354 2538 582 2593 Allatius
611 2536 805 2591 ibidem
831 2532 1042 2604 pag.87
1060 2532 1221 2586 aliam
1254 2531 1553 2585 orationem
1578 2527 1851 2582 Theodori
1897 2527 2263 2599 DaphnoPatae
2309 2531 2511 2600 profert
2546 2530 2612 2584 In
2657 2531 3005 2586 Nativitatem
3042 2532 3419 2598 Prwcursoris,
3442 2534 3522 2595 είς
3547 2534 3609 2587 τὸ

354 2630 596 2697 γενέσιον
622 2626 714 2680 τοῦ
740 2624 925 2694 τιμίου
951 2623 1291 2694 Προδρόμου,
1314 2636 1435 2690 qua:
1465 2620 1654 2689 incipit
1686 2621 1748 2672 Ei
1781 2622 1881 2690 μὲν
1908 2623 1935 2672 ὁ
1969 2639 1973 2653 ι

1989 2617 2062 2672 τοῦ
2096 2620 2269 2683 Λόγου
2303 2617 2482 2685 κήρυξ
2512 2620 2604 2670 καὶ
2629 2619 2957 2688 πρόδρομος,
2980 2629 3142 2687 atque
3174 2623 3227 2672 in
3258 2621 3442 2674 codice
3472 2620 3608 2675 1074

358 2714 621 2770 Vaticano
654 2714 915 2768 tribuitur
940 2710 1279 2767 Theodoreto
1308 2707 1433 2778 tlyri
1471 2707 1747 2776 episcopo,
1789 2706 1977 2776 620605

1980 2707 2109 2758 ιίτου
2161 2705 2464 2756 inauditos
2512 2705 2720 2776 Κύρου,
2751 2707 2911 2772 cujus
2942 2708 3088 2760 inter
3127 2712 3299 2775 Opera
3332 2709 3599 2777 impressa

357 2802 539 2859 Griece
588 2811 642 2856 et
688 2799 881 2855 Latine
927 2798 1223 2851 invenitur.
1274 2796 1353 2849 Ad
1403 2796 1657 2848 eumdem
1703 2793 2050 2847 Theodorum
2097 2792 2508 2862 Daphnopatam
2558 2795 2812 2862 pertinet,
2853 2794 3167 2853 Encomium
3217 2799 3390 2849 sancti
3440 2795 3607 2850 Pauli

357 2889 580 2959 apostoli
608 2903 672 2941 ea:
701 2886 919 2941 diversis
953 2884 1252 2949 collectum,
1297 2882 1457 2953 cujus
1486 2881 1732 2934 meminit
1758 2880 1867 2934 Leo
1897 2882 2128 2935 Allatius
2164 2882 2217 2933 in
2254 2883 2490 2935 Diatriba
2532 2882 2607 2935 De
2637 2880 2984 2951 Symconibus
3014 2899 3134 2951 pag.
3162 2900 3242 2938 Ill.
3289 2885 3603 2953 Ἐγκώμιον

356 2982 466 3033 ἀπὸ
501 2978 777 3047 διαφόρων
822 2976 998 3042 λόγων
1029 2972 1121 3026 τοῦ
1155 2972 1567 3043 Χρυσοστόμου,
1602 2973 1682 3033 είς
1727 2970 1817 3023 τὸν
1862 2971 1975 3037 ἅγιε

1990 2989 2018 3022 ν
2064 2968 2366 3022 ἀπόστολον
2397 2969 2607 3022 Παῦλον
2651 2972 2754 3023 sub
2787 2973 3008 3023 nomine
3046 2969 3308 3024 Theodori
3340 2974 3607 3039 magistri,

355 3077 410 3121 et
435 3068 645 3134 incipit,
678 3065 787 3134 Τῆς
823 3063 920 3134 μὲν
946 3060 1266 3130 ἐπιγραφῆς
1296 3058 1405 3111 τῶν
1436 3058 1816 3111 ἁποστολικῶν
1850 3058 1974 3127 πρόιὲ

1982 3058 2126 3121 ξεων.
2150 3055 2282 3109 Nam
2318 3067 2374 3109 ut
2403 3068 2553 3113 notat
2597 3055 2837 3111 Savilius
2870 3060 2936 3110 ad
2972 3058 3379 3122 Apantltt'smala
3410 3060 3601 3124 citata,

356 3154 568 3209 illorum
604 3164 794 3206 auctor
820 3153 873 3205 in
905 3166 1040 3208 mss.
1072 3150 1354 3202 codicibus
1382 3145 1644 3200 Vaticano
1679 3155 1732 3199 et
1767 3145 2034 3209 Palatino,
2058 3145 2231 3199 fertur
2266 3143 2569 3198 Theodorus
2598 3146 2871 3213 magister,
2904 3147 2997 3214 qui
3032 3148 3086 3199 in
3117 3148 3364 3201 Caesareo
3393 3149 3598 3203 diserte

357 3243 706 3311 Dapltnopata
745 3241 1067 3309 appellatur.
1110 3238 1286 3305 Atque
1308 3236 1471 3289 etiam
1502 3236 1604 3288 hoc
1637 3232 1950 3287 Encomium
1980 3233 2248 3303 reperitur
2280 3234 2420 3286 inter
2470 3234 2880 3301 Apantltisntata
2932 3238 3078 3289 varia
3130 3236 3292 3303 hujus
3326 3236 3605 3291 'l'hcodori

361 3342 417 3391 in
445 3332 683 3393 editione
714 3329 1014 3391 Saviliana,
1042 3324 1276 3395 Operum
1306 3324 1415 3377 divi
1446 3323 1838 3392 Chrysostomi.
1867 3322 1926 3375 In
1964 3321 2355 3376 Dissertatione
2389 3321 2458 3373 De
2486 3321 2745 3388 Operibns
2787 3324 2960 3375 sancti
2995 3321 3221 3377 Joannis
3253 3323 3611 3395 Chrysostomi

356 3420 670 3486 editis,cap.
700 3416 753 3481 9,
785 3416 1020 3469 Savilius
1076 3413 1239 3468 refert
1300 3410 1604 3480 Florigeria
1637 3407 1828 3464 XXXI
1884 3424 1949 3463 ea:
1983 3408 2234 3463 Homiliis
2287 3410 2461 3461 sancti
2524 3408 2746 3462 Joannis
2803 3408 3172 3479 Chrysostomi
3230 3414 3472 3481 decerpta
3518 3429 3612 3481 per

362 3505 689 3560 Theodorum
713 3505 1027 3573 magistrum
1058 3501 1125 3554 de
1154 3515 1264 3570 quo
1305 3500 1603 3567 loquimur,
1639 3514 1761 3567 quae
1810 3498 1971 3551 habet
2010 3498 2189 3551 dictus
2233 3495 2471 3551 Savilius
2507 3507 2654 3550 tonio
2683 3495 2790 3561 νη,
2824 3513 2945 3566 pag.
2982 3499 3088 3552 665
3121 3499 3378 3553 editionis
3409 3500 3611 3553 Graece

360 3593 645 3649 Etonensis
684 3606 855 3659 usque
883 3590 950 3644 ad
993 3588 1283 3657 Fiaritegia
1308 3584 1576 3652 XLVIII,
1604 3585 1809 3640 additis
1854 3600 1977 3639 nem

1989 3599 2050 3653 pe
2077 3584 2133 3649 5,
2165 3584 2218 3649 9,
2260 3584 2346 3647 11,
2375 3583 2468 3643 22,
2500 3584 2592 3648 28,
2643 3583 2733 3646 52,
2778 3585 2868 3643 55,
2904 3583 2994 3645 39,
3028 3584 3119 3648 40,
3148 3586 3240 3649 41,
3273 3585 3362 3649 42,
3395 3586 3484 3647 45,
3517 3586 3608 3647 44,

356 3681 448 3757 45,
477 3680 567 3745 46,
601 3680 668 3733 47
708 3689 762 3733 et
784 3677 874 3732 48.
912 3677 1108 3732 Verum
1150 3690 1216 3729 es
1249 3675 1335 3730 his
1378 3690 1537 3743 quam
1579 3674 1809 3742 plurima
1856 3682 2225 3741 excerpuntur
2262 3688 2326 3725 ex
2353 3672 2461 3726 illis
2504 3673 2744 3727 homiliis
2775 3688 2897 3741 qua:
2920 3684 3239 3741 supersunt,
3273 3682 3438 3743 atque
3475 3676 3613 3728 adeo

359 3770 485 3824 alibi
512 3769 803 3823 habentur.
841 3767 913 3820 De
949 3766 1035 3818 his
1066 3772 1248 3817 autem
1278 3764 1349 3816 ita
1385 3760 1623 3815 Savilius
1661 3761 1715 3814 in
1747 3761 1892 3814 notis
1938 3762 2003 3814 ad
2050 3770 2259 3815 tomum
2300 3759 2409 3820 Vll,
2439 3764 2546 3815 eoi.
2584 3760 2687 3815 919
2722 3762 2983 3814 editionis
3014 3778 3125 3816 sua:
3156 3761 3360 3817 Graece
3386 3781 3400 3816 :
3425 3765 3613 3833 Apon-

368 3858 674 3910 thismatum
705 3869 951 3907 numerus
1013 3852 1066 3903 in
1118 3849 1494 3918 manuscriptis
1530 3848 1637 3917 fere
1686 3846 1775 3909 52,
1812 3848 1880 3900 55
1910 3847 1985 3900 vel
2015 3848 2105 3912 3i,
2136 3848 2329 3916 quibus
2358 3849 2404 3901 si
2434 3851 2614 3902 demas
2657 3847 2712 3909 9,
2756 3849 2843 3912 11,
2871 3862 2917 3902 et
2951 3850 3043 3912 28,
3082 3861 3364 3918 supersunt
3407 3861 3612 3905 tantum

363 3947 541 4013 capita
564 3945 666 4005 51,
692 3940 1013 4010 Eclogarum
1039 3939 1248 3992 nomine
1266 3937 1392 4007 jure
1430 3936 1708 3989 censenda.
1748 3933 1912 3989 Plura
1944 3936 2012 3989 de
2037 3936 2121 3990 his
2162 3938 2218 3988 in
2248 3934 2642 3990 Dissertatione
2676 3934 2748 3987 De
2793 3937 3052 4003 Uperibus
3104 3936 3611 4007 Cltrysostomionis,
3706 3966 3709 3969 -

361 4046 479 4101 cap.
514 4031 571 4106 9,
602 4029 668 4082 ad
700 4029 842 4097 quod
899 4027 1159 4081 lectorem
1214 4024 1504 4085 mittimus,
1531 4023 1789 4076 omnibus
1840 4036 1908 4076 es
1965 4020 2172 4075 Savilio
2204 4023 2463 4091 acceptis.
2503 4022 2600 4076 llic
2632 4020 2954 4077 Theodorus
2990 4033 3179 4077 noster
3217 4027 3597 4094 Daphnopala,

360 4119 705 4189 postmodum
758 4117 881 4172 aula
952 4114 1301 4184 imperatoris
1358 4111 1635 4175 derelicta,
1685 4126 1781 4177 pro
1824 4126 1975 4164 more
2034 4110 2351 4165 Graecorum
2402 4111 2724 4174 multorum,
2759 4110 2992 4180 elegisse
3044 4113 3400 4166 monasticam
3442 4117 3606 4167 vitam

364 4206 595 4272 videtur,
620 4215 782 4274 atque
815 4202 1101 4272 scripsisse
1133 4199 1446 4253 Encomium
1480 4200 1536 4252 in
1565 4208 1810 4251 sanctum
1833 4195 2145 4268 Gregorium
2181 4196 2588 4251 Nazianzenum
2618 4207 2666 4252 et
2702 4197 3231 4264 Constantinopoleos
3262 4192 3615 4267 archiepisco-

363 4310 504 4363 pum,
537 4294 614 4347 uti
647 4294 807 4346 habet
829 4290 1021 4345 Petrus
1056 4288 1384 4343 Lambecius
1418 4289 1555 4342 libro
1584 4303 1635 4342 vr
1666 4287 2200 4342 Commentariorum
2244 4285 2596 4341 Bibliothccc
2623 4286 2888 4341 Czcsaretc
2918 4287 3545 4357 Viudobunensis,parte
3570 4303 3610 4353 ι,

365 4382 430 4435 ad
455 4383 692 4437 codicem
728 4397 830 4436 ms.
856 4380 1149 4451 juridicum
1182 4376 1431 4432 Graecum
1461 4391 1611 4430 num.
1653 4377 1742 4451 10,
1772 4391 1895 4446 pag.
1916 4374 1983 4428 56
2009 4374 2095 4428 bis
2130 4374 2348 4429 verbis:

444 4514 462 4547 ι
494 4495 713 4552 Decimo
746 4494 1041 4563 etquidem
1072 4508 1102 4546 a
1133 4491 1260 4546 folio
1286 4490 1415 4554 221,
1441 4506 1562 4561 pag.
1600 4492 1653 4555 1,
1695 4505 1869 4559 usque
1918 4489 1985 4541 ad
2033 4487 2225 4541 folium
2267 4484 2395 4546 292,
2426 4501 2549 4557 pag.
2586 4486 2645 4554 2,
2683 4489 2937 4542 Theodori
2970 4488 3215 4560 Magistri
3249 4492 3420 4549 Oratio
3459 4509 3614 4546 enco.

370 4584 607 4637 miastica
642 4584 697 4637 in
744 4592 987 4635 sanctum
1019 4578 1332 4648 Gregorium
1384 4576 1817 4641 Nazianzenum,
1852 4576 1989 4646 cuju:

1995 4590 2011 4629 ς
2064 4575 2258 4629 titulus
2302 4584 2356 4628 et
2389 4575 2716 4644 principium
2750 4594 2764 4630 :
2794 4577 2969 4645 Λόγος
3002 4579 3446 4647 ὲγκωμιαστικὸς
3478 4580 3614 4650 πρὸς

368 4672 460 4724 τὸν
487 4674 544 4724 ἐν
579 4671 756 4739 ἁγίοις
785 4670 1007 4738 Πατέρα
1040 4668 1197 4738 ἡμῶν
1232 4666 1667 4736 ἁρχιεπίσκοπον
1714 4663 2348 4726 Κωνσταντινουπόλεως
2394 4663 2488 4715 καὶ
2531 4664 2913 4734 οίκουμενικδν
2960 4665 3282 4719 διδάσκαλον
3309 4666 3613 4738 Γρηγόριον

363 4762 455 4812 τὸν
488 4758 775 4827 Θεολὸγον,
819 4757 1159 4825 συγγραφεὶς
1184 4755 1337 4824 παρὰ
1367 4752 1462 4805 τοῦ
1482 4751 1820 4821 τιμιωτάτου
1850 4754 1909 4804 ὲν
1942 4756 2224 4823 μοναχοῖς,
2254 4754 2574 4822 σοφωτάτου
2624 4757 2718 4806 καὶ
2764 4755 3103 4823 λογιωτάτου
3140 4757 3307 4826 κυροῦ
3338 4755 3614 4827 Θεοδώρου

363 4847 457 4901 τοῦ
502 4832 831 4919 μαγίστρου.
856 4846 969 4915 Οὐχ
994 4845 1142 4907 ὅπως
1165 4842 1275 4895 οὐδ’
1308 4841 1374 4896 ἄν
1411 4836 1491 4904 εἷς
1527 4835 1682 4909 οἶμαι
1710 4840 1821 4893 τῶν
1854 4842 2095 4903 πάντων,
2131 4840 2242 4892 οὐδ’
2271 4840 2419 4902 ὅπως
2461 4858 2515 4893 τι
2558 4837 2652 4893 οὖν
2692 4844 2818 4911 ἐμοὶ
2853 4846 3179 4911 νεμεσήσαι,
3209 4843 3318 4896 οὐδ’
3357 4846 3617 4907 ἀπονοίας

362 4932 580 5005 ἧστινος
614 4930 707 4987 οὖν
737 4934 873 4997 ἕλοι,
898 4934 992 4986 καὶ
1019 4930 1276 5001 θράσους,
1301 4931 1348 4982 εἰ
1370 4928 1534 5000 μηδὲν
1572 4930 1711 4997 μήτε
1731 4928 1794 4980 τὸ
1822 4928 2052 4998 μέγεθος
2086 4929 2551 4998 ὑπολογισάμενος
2585 4928 2678 4982 τοῦ
2711 4932 2977 5001 παρόντος
3009 4932 3242 5001 ἁγῶνος,
3261 4932 3370 4986 οὐδ’
3399 4931 3474 4996 ὡς
3507 4942 3611 4986 etc.

371 5022 517 5077 Idem
545 5034 726 5077 autem
759 5020 1084 5077 Lambecius
1114 5020 1254 5074 libro
1282 5035 1312 5073 ν
1339 5018 1867 5073 Commentariorum
1904 5018 2061 5072 dictae
2102 5016 2451 5072 Bibliotheca:
2485 5017 2675 5073 codice
2709 5017 2835 5085 266,
2870 5035 3021 5074 num.
3070 5020 3156 5081 15,
3191 5012 3520 5090 ascripserat
3548 5035 3614 5073 ex

364 5111 696 5181 conjecturis
749 5110 892 5164 idem
947 5108 1269 5163 Encomium
1319 5108 1535 5162 cuidam
1569 5105 1826 5177 Symeoni
1868 5104 2058 5168 Setho,
2094 5121 2215 5175 pag.
2247 5104 2380 5170 201,
2410 5104 2496 5159 his
2524 5105 2727 5158 verbis.
2764 5106 2984 5161 Decimo
3025 5107 3191 5161 tertio
3219 5115 3275 5160 et
3331 5106 3549 5176 quidem
3583 5120 3611 5157 a

364 5198 496 5256 folio
522 5198 648 5265 167,
678 5214 799 5269 pag.
865 5197 920 5262 1,
977 5212 1151 5266 usque
1210 5196 1273 5250 ad
1328 5195 1517 5250 folium
1558 5194 1686 5258 252,
1754 5210 1876 5265 pag.
1928 5193 1984 5247 2.
2027 5193 2290 5264 Anonymi
2336 5193 2611 5262 cujusdam
2676 5191 2924 5265 Magistri
2982 5195 3075 5266 qui
3124 5196 3358 5267 Symeon
3416 5195 3616 5250 Sethus

363 5303 486 5344 esse
546 5286 761 5341 videtur
818 5285 980 5358 (solet
1019 5285 1164 5339 enim
1220 5283 1297 5337 illi
1324 5284 1492 5338 etiam
1546 5283 1600 5338 in
1645 5283 1769 5338 aliis
1824 5282 2102 5337 nonnullis
2150 5295 2287 5335 mss.
2335 5281 2616 5336 codicibus
2655 5279 2883 5350 Grecis,
2932 5283 3125 5338 titulus
3159 5284 3484 5352 Μαγίστρου
3518 5284 3618 5336 καὶ

374 5374 639 5447 Ῥήτορος
658 5374 1094 5448 antonomaStice
1124 5370 1373 5441 attribui)
1402 5367 1589 5425 Oratio
1620 5371 1997 5425 encomiastica
2033 5374 2089 5423 in
2143 5375 2387 5421 sanctum
2423 5366 2733 5439 Gregorium
2786 5369 3191 5425 Nazianzenum
3234 5369 3612 5425 Putriarcham

366 5461 1037 5530 Canstanttnopolitanum,
1082 5458 1241 5529 cujus
1272 5459 1462 5513 titulus
1489 5467 1543 5513 et
1582 5459 1909 5526 principium
1952 5475 1967 5512 :

2012 5456 2119 5510 Τοῦ
2148 5456 2461 5524 σοφωτάτου
2500 5457 2592 5510 καὶ
2618 5459 3058 5530 ῥητορικωτὰτου
3087 5459 3410 5529 Μαγίστρου
3453 5458 3612 5530 λόγος

364 5551 813 5621 ἐγκωμιαστικῦς
846 5548 993 5621 πρὸς
1020 5548 1112 5600 τὸν
1147 5549 1205 5599 ἐν
1245 5545 1424 5614 ἁγίοις
1456 5547 1677 5615 Πατέρα
1708 5546 1889 5617 ἡμῶν,
1926 5546 2022 5600 καί
2052 5545 2436 5614 οίκουμενικδν
2460 5544 2806 5614 διδάσκαλον,
2849 5547 3287 5617 ἁρχιεπίσκοπον
3328 5549 3617 5602 Κωνσταν-

362 5636 754 5701 τινουπόλεως,
792 5637 1099 5709 Γρηγόριον
1128 5635 1221 5686 τὸν
1275 5633 1561 5702 Θεολόγον.
1603 5635 1717 5704 Οὐχ
1764 5636 1912 5699 ὅπως
1947 5634 2057 5688 οὐδ’
2108 5635 2176 5688 ἂν
2208 5628 2289 5697 εἷς
2320 5629 2474 5701 οἶμαι
2514 5633 2622 5686 τῶν
2680 5634 2919 5699 πάντων,
2948 5634 3058 5687 οὐδ’
3088 5636 3237 5699 ὅπως
3267 5654 3322 5691 τι
3357 5633 3451 5689 οὖν
3491 5639 3617 5708 ἐμοΓι

361 5727 682 5796 νεμεσήσαι,
720 5724 827 5779 οὐδ’
862 5723 1143 5792 ἀπονοίας,
1169 5739 1187 5774 ι
1228 5729 1333 5779 etc.
1364 5719 1605 5794 Denique
1638 5724 1688 5777 in
1718 5723 1979 5779 bibliothc

1994 5738 2045 5779 :a
2079 5721 2585 5796 Lugduno-Batava
2620 5731 2807 5777 nostra
2845 5722 2898 5789 in
2917 5738 3061 5787 mss.
3095 5724 3375 5783 codicibus
3406 5724 3613 5782 Graecis
