4100 6212
496 283 595 344 611
1693 284 1790 341 Τινι
1806 283 1970 341 ΕΟΙ).
2020 280 2536 341 ΒΛΙῚΙΝΟΡΛΤΕ
3633 276 3739 340 612

493 393 663 448 Isaaci
710 390 908 454 Vossii,
945 392 1130 447 codice
1156 393 1344 447 Grmco
1370 394 1494 459 1M,
1540 392 1657 446 Vita
1686 397 1857 447 sancti
1887 394 2082 449 Theodt

2184 395 2433 457 Sluditw,
2461 390 2556 444 τοῦ
2600 390 2708 444 τῶν
2737 389 3003 443 Στουδίων
3039 390 3370 460 ἡγουμένου,
3402 406 3433 444 a
3467 388 3741 446 Theodoro

493 480 769 549 magistro.
795 480 885 548 qui
914 480 1066 549 vulgo
1097 482 1460 549 Δαφνοπάτης
1511 482 1729 541 dicitur,
1768 484 2098 552 conscripta.
2142 483 2209 537 Et
2252 483 2304 536 in
2342 480 2657 549 Augustana
2690 478 3014 533 bibliotheca
3073 480 3259 532 codice
3317 478 3407 543 08,
3444 479 3547 533 sub
3577 478 3737 534 linem

491 565 719 628 codicis,
755 576 810 618 ut
838 582 903 619 ex
934 565 1194 635 Catalogo
1227 579 1460 621 eunstat.
1506 567 1699 623 Petrus
1731 568 2054 623 Lambecius
2079 570 2217 624 libro
2251 586 2301 623 tv
2330 567 2859 624 Commentariorum
2913 566 3258 622 bibliothecae
3291 566 3737 624 Vindobonensis

492 653 825 713 codiee165,
862 669 983 724 pag.
1016 654 1141 719 160,
1170 664 1417 710 recenset
1458 664 1559 710 hoc
1583 656 1771 710 codice
1801 657 2068 711 contineri
2104 657 2498 725 Expositione»:
2539 654 2796 708 Theodori
2848 655 3157 708 Antioclteni
3199 656 3253 707 in
3297 654 3574 708 duodecim
3613 673 3738 723 pro-

492 739 672 807 phetas
711 740 958 803 minores,
993 756 1152 807 quem
1190 740 1384 795 Petrus
1419 742 1746 797 Lambecius
1780 742 1948 799 fuisse
1980 744 2325 813 Mopsuestia:
2354 743 2407 795 in
2434 742 2621 796 Cilicia
2663 742 2975 809 episcopum
3008 748 3179 809 putat,
3208 744 3299 810 qui
3332 756 3475 794 anno
3517 742 3624 795 430
3650 744 3736 798 vel

495 826 657 891 paulo
716 834 839 879 ante
887 827 1108 880 obierit.
1149 826 1321 896 Hujus
1377 829 1568 882 titulus
1630 838 1682 882 et
1736 830 2082 899 principium,

2184 829 2410 900 εοδώρου
2472 830 2791 899 Ἀντιοχέως
2842 829 3106 898 ἑρμηνεία
3141 829 3219 890 είς
3266 828 3389 889 τοὺς
3422 830 3737 897 προφήτας.

506 910 805 980 Ἐρμηνεῐα
846 913 1005 982 Ὠσηὲ
1044 914 1138 967 τοῦ
1173 916 1488 984 Προφὴτου,
1525 916 1605 977 είς
1634 916 1854 986 ἔλεγχον
1886 916 1992 969 τῶν
2026 917 2408 980 ἀϐασανίστως
2431 917 2743 970 ἐπιϐάλλειν
2768 919 2888 980 ταῖς
2924 919 3291 986 προφητικαῖς
3316 916 3741 985 ἐπιχειρούντων

493 1001 717 1065 φωναῖς.
750 1004 912 1057 Putat
965 1010 1145 1053 autem
1192 1000 1514 1055 Lambecius
1562 1018 1627 1055 ex
1658 1003 1833 1056 Pbotii
1868 1004 2082 1057 Bibliou

2184 1023 2221 1068 ι,
2257 1008 2442 1061 codice
2468 1006 2557 1069 58,
2592 1007 2680 1059 ubi
2736 1014 3064 1059 memoratur
3094 1003 3370 1072 Θεοδώρου
3411 1002 3737 1072 Ἀντιοχέως

491 1084 583 1137 τοῦ
609 1086 988 1155 Μοῲουεστίας
1018 1089 1286 1159 ἑρμηνεία
1313 1090 1411 1158 τῆς
1448 1090 1704 1153 κτίσεως,
1738 1091 1839 1145 hoc
1868 1106 2004 1160 opus
2039 1109 2082 1145 at

2184 1110 2280 1147 tum
2330 1105 2577 1162 spectare
2609 1110 2621 1145 :
2661 1108 2761 1161 ego
2788 1102 2967 1146 autem
3001 1094 3158 1159 longe
3198 1090 3513 1145 recentioris
3542 1092 3739 1153 aetatis,

490 1188 553 1226 ex
590 1175 705 1242 ipso
761 1177 907 1231 illius
945 1178 1099 1230 iuitio
1134 1179 1276 1232 hunc
1332 1181 1785 1234 commentarium
1843 1198 1963 1235 esse
2002 1183 2240 1235 arbitror
2289 1190 2453 1249 atque
2499 1183 2770 1249 pertinere
2824 1180 2889 1234 ad
2943 1178 3289 1233 Theodorum
3326 1177 3735 1246 Daphnnpatam

493 1262 914 1324 Antiochenum,
953 1265 1046 1333 qui
1074 1282 1137 1318 ex
1173 1266 1282 1319 divi
1337 1267 1716 1339 Chrysostomi
1768 1269 2093 1324 Antiocheni
2134 1270 2391 1338 operibus
2435 1269 2843 1337 Apantliismata
2891 1267 3182 1335 excerpsit.
3209 1263 3543 1318 Sententiam
3581 1264 3743 1318 Lam-

496 1350 629 1402 becii
664 1360 883 1404 secutus
918 1363 1002 1405 est
1028 1352 1338 1408 Bernardus
1370 1356 1436 1408 de
1484 1355 1863 1420 Montlaucou,
1896 1359 2204 1412 monachus
2246 1357 2632 1411 Benedictinus
2681 1356 3128 1425 congregationes
3169 1354 3225 1407 S.
3265 1352 3431 1406 Mauri
3465 1354 3516 1406 in
3553 1352 3727 1406 Gallia

494 1437 547 1489 in
582 1438 760 1491 Diario
793 1439 1172 1501 Italico,edito
1200 1442 1425 1497 Parisiis
1455 1444 1506 1497 in
1536 1448 1590 1508 4,
1624 1461 1769 1498 anno
1820 1446 1977 1506 1702,
2020 1446 2159 1511 apud
2200 1446 2464 1499 Joannem
2522 1446 2779 1510 Anisson,
2818 1445 2908 1497 ubi
2940 1444 3006 1496 de
3053 1442 3267 1495 duobus
3300 1440 3419 1493 aliis
3451 1439 3742 1493 Commea-

494 1526 610 1578 tarii
646 1527 804 1595 hujus
852 1530 903 1581 in
940 1529 1084 1582 Italia
1124 1547 1256 1586 mss.
1286 1533 1566 1585 codicibus
1599 1534 1836 1598 Ιοτμιίιιιι·
1867 1533 1949 1584 his
1974 1535 2154 1587 verbis
2191 1549 2313 1603 cap.
2353 1534 2406 1596 5,
2440 1533 2527 1587 ubi
2554 1533 2619 1584 de
2650 1548 2780 1584 mss.
2815 1530 3095 1584 codicibus
3124 1528 3313 1582 muszei
3349 1526 3588 1579 Grimani
3615 1530 3727 1596 agit

494 1630 614 1682 pag.
666 1616 733 1669 59
770 1635 783 1671 ς
824 1636 841 1667 ι
885 1620 1138 1671 ’I‘lteodori
1172 1620 1477 1672 Autiocheni
1515 1621 1565 1671 in
1602 1621 1888 1675 duodecim
1927 1622 2238 1691 prophetas,
2268 1621 2424 1687 cujus
2484 1622 2665 1688 operis
2700 1620 2914 1672 initium
2951 1620 3040 1670 Ei:
3072 1618 3288 1685 ἔλεγχον
3330 1614 3438 1667 τῶν
3467 1615 3732 1667 ἀϐασανί-

492 1718 653 1769 στως,
676 1713 781 1757 etc.
804 1703 962 1758 Liber
980 1707 1215 1758 nondum
1241 1707 1418 1759 editus
1440 1708 1676 1772 videtur,
1706 1719 1885 1762 exstat
1915 1726 2128 1777 quoque
2153 1710 2206 1762 in
2239 1709 2565 1763 bibliotheca
2597 1708 2839 1760 Caesarea
2860 1703 3262 1758 Vindoboncnsi
3298 1712 3351 1756 et
3375 1702 3429 1755 in
3456 1701 3737 1755 Vaticana.

490 1787 682 1843 NeStio
704 1794 858 1859 cujus
888 1792 1155 1847 Theodori
1188 1795 1278 1854 sit,
1301 1809 1367 1847 an
1398 1794 1742 1857 Antiocheni,
1769 1812 1835 1849 an
1866 1797 2214 1861 lleracleotze,
2244 1812 2310 1849 an
2338 1796 2561 1849 alterius
2583 1795 2827 1862 ejusdem
2864 1792 3120 1868 nominis,
3146 1793 3237 1859 qui
3265 1791 3398 1843 bene
3440 1788 3590 1841 multi
3622 1788 3741 1842 fuco

491 1886 633 1930 runt.
662 1878 787 1932 ﬂare
826 1880 1224 1933 Commentaria
1265 1881 1419 1934 bome
1452 1892 1592 1935 notas
1619 1895 1763 1947 sunt,
1791 1884 1961 1937 codex
1999 1900 2210 1939 recens.
2255 1903 2272 1935 ι
2316 1884 2377 1937 Et
2405 1900 2522 1952 pag.
2546 1883 2638 1945 46,
2672 1883 2759 1935 ubi
2785 1882 2850 1933 de
2876 1880 3200 1934 bibliotheca
3240 1876 3431 1930 Meletii
3464 1875 3727 1944 Typaldi;
3760 1928 3769 1941 ,

488 1967 882 2035 ιτςιιῐορὶεςορί
912 1968 1314 2038 Philadelpbim,
1336 1968 1644 2024 Graecorum
1674 1972 1984 2026 antistitis.»
2007 1971 2062 2024 In
2094 1972 2198 2029 alio
2227 1975 2411 2028 codice
2445 1973 2701 2026 Theodori
2729 1968 3109 2023 Antioclieuiin
3136 1967 3409 2018 duodecim
3440 1965 3741 2029 praphetas,

491 2052 581 2107 ide
606 2072 634 2103 ιι
665 2068 822 2122 Opus,
850 2055 915 2108 de
949 2073 1056 2122 quo
1097 2072 1261 2125 supra
1297 2059 1349 2111 in
1375 2058 1580 2112 a'dibus
1602 2057 1878 2113 Grimanis
1907 2061 2103 2129 agitur.
2138 2060 2195 2115 In
2228 2063 2438 2115 monito
2467 2061 2532 2114 ad
2565 2058 3023 2113 Commentariuin
3078 2054 3251 2118 Oseze,
3293 2054 3379 2106 hic
3422 2052 3742 2105 Theodorus

489 2142 621 2194 citat
648 2158 805 2195 suum
840 2144 1035 2197 librum
1078 2145 1129 2197 in
1163 2144 1425 2199 Psalmos.
1467 2144 1725 2199 Litteram
1785 2148 1947 2215 vulgo
2001 2149 2253 2216 explicat.
2309 2147 2742 2202 Commentarius
2769 2146 2922 2199 bona:
2951 2152 3104 2195 uotae.
3137 2140 3253 2193 Non
3287 2140 3506 2193 memini
3532 2156 3598 2192 an
3634 2155 3738 2192 vox

517 2232 816 2298 Αντιοχέως
846 2233 1159 2285 Amice/teni
1188 2234 1240 2286 in
1278 2234 1463 2287 codice
1493 2233 1719 2300 legatur,
1751 2250 1818 2286 an
1880 2250 1909 2287 a
1966 2252 2050 2288 me
2076 2252 2140 2289 ex
2171 2235 2427 2303 opinione
2461 2234 2663 2300 adjecta
2700 2232 2786 2285 sit.
2829 2250 2846 2280 ‹
2887 2229 3008 2283 ΙΙ.νο
3046 2244 3143 2295 ego
3185 2227 3347 2280 habui
3399 2226 3624 2280 dicenda
3670 2226 3737 2279 de

508 2318 764 2372 -heodoio
805 2319 1181 2390 Daphnopata,
1212 2337 1333 2390 quae
1361 2321 1746 2390 supeditarunt
1796 2320 2071 2376 Gcrardus
2096 2323 2337 2375 Joannes
2366 2321 2591 2373 Vossius
2629 2318 2723 2373 lib.
2776 2332 2858 2371 ιιι.
2910 2316 2982 2369 De
3030 2315 3298 2367 historicis
3358 2311 3578 2375 ercis,
3616 2328 3737 2381 pag.

500 2407 624 2460 «tibi
683 2409 826 2472 418;
872 2409 978 2461 Leo
1027 2410 1258 2464 Allatius
1310 2410 1362 2462 in
1404 2409 1640 2463 Diatriba
1694 2409 1769 2462 De
1827 2408 2181 2469 Simeouibus,
2212 2425 2335 2478 pag.
2368 2407 2455 2464 96.
2506 2406 2574 2461 97
2623 2415 2675 2458 et
2719 2404 2841 2464 111,
2870 2400 3064 2455 Petrus
3094 2399 3441 2462 Lambecius,
3479 2400 3617 2452 libro
3662 2414 3734 2451 tv.

494 2493 1013 2548 l'ommentniorum
1041 2495 1385 2550 Bibliotheca:
1410 2496 1667 2551 Cmsarea:
1686 2496 2082 2552 Vindobonensi

2184 2511 2287 2563 Jag.
2313 2496 2403 2557 60,
2435 2493 2534 2547 157
2561 2503 2613 2548 et
2640 2490 2739 2546 139
2764 2508 2776 2552 ;
2816 2488 3134 2544 Guillelmus
3164 2484 3341 2539 Carus
3372 2495 3518 2540 tomo
3552 2482 3616 2549 ll,
3643 2498 3739 2539 seu

493 2591 641 2651 parte
678 2598 713 2635 ιι
739 2583 983 2636 Historirr
1010 2584 1307 2646 litterariw,
1338 2583 1401 2635 ad
1439 2598 1636 2635 annum
1666 2583 1790 2648 956,
1818 2600 1927 2653 quo
1959 2585 2106 2637 illum
2143 2583 2332 2638 afﬁcit.

502 2802 727 2815 -..-

1211 2966 1935 3079 THEODORI
2030 2958 3027 3075 DAPHNOPATAZ

1914 3186 2336 3249 ENCOMIUM

1250 3394 1658 3482 SANCTI
1739 3389 2250 3481 JOANNIS
2326 3390 2978 3477 BAPTISTZE.

980 3587 1193 3647 Exstat
1229 3585 1394 3645 inter
1429 3600 1621 3663 Opera
1663 3579 2072 3643 Theodoreti.
2122 3578 2278 3641 Vide
2337 3586 2489 3640 tom.
2567 3581 2894 3655 LXXXIV,
2957 3580 3079 3642 col.
3148 3581 3244 3643 33.

1105 4065 1110 4075 .
1212 3979 1949 4094 THEODORI
2037 3976 3032 4091 DAPHNOPAT/E

1883 4240 2341 4333 ORATIO

701 4444 769 4501 ΙΝ
828 4439 1412 4500 ΤιιΑΝδιΑτιοΝειι
1447 4437 1682 4492 MANUS
1721 4436 1779 4490 S.
1832 4434 2082 4489 PRASCU

2184 4430 2343 4487 ORIS
2378 4429 2745 4486 ANTIOCHIA
2779 4430 3487 4490 CONSTANTINOPOLIN.

1616 4613 1779 4677 (Apud
1810 4612 2009 4662 Surium
2040 4613 2097 4661 ad
2122 4612 2253 4661 diem
2281 4612 2343 4661 29
2370 4608 2625 4673 Augusti.)

2111 4789 2179 4802 .—

578 4958 619 5012 l.
650 4953 787 5008 Ecce
843 4952 907 5005 ad
941 4964 1041 5004 nos
1079 4963 1268 5002 rursus
1297 4946 1445 5000 venit
1494 4951 1880 5005 sacrosanctus
1916 4939 2085 4996 Chri-
2111 4946 2153 5002 Α
2185 4955 2344 4995 suum
2377 4941 2570 4994 festum
2603 4938 2903 4993 iretilicans.
2928 4936 3091 4991 Venit
3141 4948 3319 4992 autem
3361 4952 3468 4991 non
3503 4945 3563 4992 nt
3596 4939 3749 5008 prius

510 5050 579 5106 sti
618 5047 954 5107 Prmcursor,
1008 5042 1225 5095 abunde
1286 5039 1488 5093 ﬂuenta
1540 5037 1794 5090 cmittens
1850 5047 2075 5088 suarum
2177 5048 2271 5101 per
2312 5046 2465 5087 suam
2502 5031 2854 5093 nativitatem,
2885 5044 3060 5098 neque
3085 5038 3143 5083 ut
3180 5029 3396 5092 deinde,
3428 5030 3495 5083 ab
3535 5029 3748 5085 Herode

511 5143 806 5215 gratiarum
843 5156 857 5191 :
891 5146 945 5191 et
986 5150 1180 5189 rursus
1209 5134 1325 5188 dies
1361 5132 1503 5185 alius
1536 5126 1765 5184 celebris
1812 5126 2077 5187 redditur,
2180 5120 2564 5190 factamipsius
2582 5120 2775 5189 capitis
2801 5121 3445 5188 amputaliunem,neque
3467 5128 3747 5188 utpostea.

2179 5230 2275 5284 per
2301 5229 2555 5267 arcanam
2596 5213 2835 5282 ejusdem
2872 5211 3085 5266 miriﬁci
3116 5212 3306 5280 capitis
3337 5212 3747 5273 revelationem,

2184 5304 2277 5360 sed
2313 5319 2406 5372 per
2442 5318 2685 5364 manum,
2722 5317 2842 5371 quae
2871 5302 2973 5356 fuit
2996 5301 3077 5355 vel
3119 5301 3250 5368 ipsis
3280 5300 3485 5369 angelis
3518 5316 3748 5355 venera-

2184 5396 2331 5457 bilis,
2368 5410 2487 5464 qua:
2512 5392 2717 5448 caelesti
2746 5392 2949 5446 lumine
2980 5392 3300 5452 illustratur,
3338 5398 3394 5444 et
3419 5390 3590 5445 sancti
3622 5390 3750 5459 Spi-

2191 5489 2329 5543 ritus
2358 5487 2526 5557 gratia
2558 5484 2932 5547 adunbratur;
2969 5498 3090 5551 quae
3136 5480 3398 5551 quidquid
3447 5490 3567 5535 erat
3616 5482 3742 5551 qui-

2181 5583 2301 5636 dem
2323 5593 2482 5649 grave
2508 5586 2561 5630 et
2616 5584 2910 5637 terrenum,
2972 5573 3024 5625 in
3077 5580 3217 5626 terra
3273 5572 3547 5641 deposuit,
3583 5580 3636 5626 et
3675 5572 3742 5625 ad

2186 5668 2645 5737 incorruptionem
2667 5667 2910 5720 traducta
2927 5672 3007 5719 est
3029 5662 3312 5737 pervitam
3351 5663 3743 5720 continentem.

510 5238 603 5307 qui
640 5234 845 5302 majora
892 5239 946 5283 et
977 5228 1281 5299 potentiora
1315 5225 1417 5278 alia
1450 5222 1687 5279 ostendit
1736 5227 2077 5307 argumenta,

513 5306 678 5401 quam
714 5344 835 5398 quae
866 5332 996 5379 sunt
1028 5322 1083 5376 in
1137 5319 1259 5373 aliis
1313 5318 1434 5385 ejus
1491 5314 1767 5378 festis;et
1816 5326 1938 5374 eos,
1990 5306 2083 5377 qui

516 5422 667 5475 festis
706 5421 1064 5479 delectantur,
1108 5413 1287 5469 evehit
1310 5413 1375 5465 ad
1404 5407 1756 5463 excelsiorem
1788 5402 2084 5458 miraculo-

518 5524 636 5562 rum
669 5509 1180 5563 considerationem.
1214 5501 1352 5554 Eece
1375 5496 1518 5551 Solis
1544 5493 1777 5564 iustitiae
1821 5492 2002 5545 clarus
2029 5499 2083 5543 et

518 5600 667 5654 omni
720 5613 783 5653 ex
838 5606 991 5666 parte
1050 5593 1259 5650 lucidus
1320 5587 1508 5643 lucifer
1562 5584 1918 5655 resplenduit,
1971 5584 2085 5638 suis

522 5690 691 5746 radiis
714 5689 995 5757 illustrans
1037 5695 1203 5741 totam
1255 5680 1507 5738 Ecclesiae
1564 5676 1974 5748 plenitudinem,
2034 5686 2085 5730 et
