4100 6212
362 323 463 391 (id

1446 322 1538 380 DE
1578 318 1789 381 MANU
1834 318 1892 376 S.
1938 316 2505 378 PlinCURSORIS.

3494 306 3600 370 Gil

364 454 485 507 quae
510 447 623 490 erat
644 449 801 505 supra
831 433 1137 496 hominem;
1165 448 1282 502 qua)
1298 436 1449 503 prius
1466 435 1681 504 quidem
1706 430 1932 501 ingratis
1963 435 2004 491 Α
2034 432 2137 487 sibi
2170 446 2275 485 nou
2331 432 2537 495 liceret,
2572 439 2854 499 prepterea
2905 427 3050 495 quod
3086 426 3368 493 Philippus
3400 437 3463 477 ex
3513 423 3601 476 illa

364 528 569 584 ludatis
597 526 1059 595 ostenditAgnum
1089 524 1205 600 Dei,
1233 535 1285 579 et
1303 541 1549 581 securem
1582 525 1646 578 ad
1680 524 1935 577 arborum

367 612 602 675 radicem
646 620 894 688 positam,
938 628 991 672 et
1022 621 1355 673 excisionem
1391 618 1698 671 minabatur
1749 630 1939 685 pecca-

369 713 597 766 toribus.

448 803 516 859 il.
544 802 700 857 Nunc
734 812 914 857 autem
939 818 1059 857 cum
1093 802 1182 855 illa
1221 802 1331 870 ipsa
1363 800 1693 871 apparuerit,
1724 808 1775 854 et
1808 813 1942 867 prae-

373 896 618 953 stantiori
646 896 882 964 quodam
924 894 1083 947 modo
1116 910 1309 947 manus
1338 893 1570 947 evaserit
1608 891 1941 951 barbaricas,

374 1005 402 1043 a
433 989 629 1059 quibus
654 988 936 1040 videbatur
968 986 1158 1047 teneri,
1190 996 1441 1054 tauquam
1465 984 1699 1057 captiva,
1729 996 1941 1051 aaquum

372 1089 475 1145 est,
512 1089 571 1133 ut
607 1079 659 1132 in
706 1078 826 1132 festi
870 1078 1106 1131 laetitiam
1150 1076 1236 1146 pie
1264 1085 1316 1129 et
1347 1084 1656 1130 reverenter
1678 1074 1944 1127 afﬁciatur

373 1182 550 1227 coetus
606 1185 794 1224 eorum
846 1170 941 1239 qui
999 1168 1195 1223 festum
1241 1169 1479 1222 libenter
1533 1166 1842 1230 celebrant;
1890 1172 1945 1218 et

376 1266 545 1319 nubes
572 1262 816 1333 quidem,
851 1277 972 1332 quae
1008 1262 1304 1330 interjeetze
1334 1260 1569 1314 animam
1624 1258 1942 1327 impediunt,

374 1355 491 1425 ejus
525 1354 637 1419 illa,
674 1352 1170 1423 quteintelligentia
1207 1352 1519 1421 percipitur,
1552 1349 1946 1403 illuminatione

375 1444 633 1511 discutiat
662 1453 716 1499 et
754 1442 1054 1506 dissolvat;
1093 1443 1256 1498 alacri
1307 1451 1487 1495 autem
1523 1441 1657 1511 pede
1689 1449 1739 1493 et
1762 1439 1944 1492 exsul-

375 1544 523 1589 tante
553 1534 770 1603 spiritu,
806 1536 872 1587 ad
908 1548 971 1588 ea
1000 1549 1120 1601 qua:
1150 1541 1275 1587 sunt
1308 1533 1389 1585 vel
1416 1533 1547 1601 ipsis
1570 1531 1776 1599 angelis
1804 1530 1949 1582 desi-

378 1626 661 1691 derabilia,
693 1626 947 1696 mysteria
994 1624 1227 1679 festinet.
1276 1624 1389 1678 Hoc
1440 1633 1519 1677 est
1543 1622 1684 1677 enim
1751 1620 1944 1675 festum

377 1718 669 1778 celebrare,
701 1726 919 1785 paratos
942 1731 1061 1771 esse
1092 1717 1157 1769 ad
1216 1724 1465 1785 prompto
1486 1724 1540 1768 et
1562 1713 1725 1767 alacri
1756 1713 1938 1766 animo

378 1807 772 1863 occurrendum
795 1806 882 1872 iis,
899 1821 1018 1875 qua:
1034 1816 1160 1859 sunt
1182 1805 1529 1871 venerabilia,
1545 1815 1596 1859 et
1612 1805 1949 1860 extrinsecus

380 1898 565 1967 ﬁguris
593 1906 645 1950 et
668 1899 906 1950 motibus
934 1896 1053 1951 ﬁdei
1078 1904 1131 1950 et
1161 1895 1467 1950 aﬁ‘ectionis
1492 1897 1764 1950 internum
1792 1896 1952 1948 ardo-

379 2006 491 2044 rem
518 1990 821 2065 ostendere.
890 1988 985 2043 llic
1042 2003 1170 2057 ergo
1230 1989 1362 2043 mihi
1416 1989 1557 2043 adsit
1603 1989 1782 2043 omnis
1817 1988 1915 2041 0rd

379 2097 568 2138 eorum
605 2084 694 2150 qui
722 2090 849 2136 sunt
885 2082 1184 2136 honoriﬁce
1209 2082 1263 2135 in
1298 2082 1529 2136 excelsis
1551 2081 1743 2135 remoti
1773 2096 1803 2134 a
1837 2093 1923 2132 ma

380 2176 537 2237 teria,
563 2183 828 2229 eteorum
866 2175 956 2243 qui
988 2182 1116 2228 sunt
1149 2173 1327 2227 adhuc
1353 2178 1455 2227 hoe
1486 2174 1808 2228 circumdati
1836 2173 1953 2242 pul-

380 2278 506 2316 vere
543 2280 558 2317 :
588 2272 641 2316 et
680 2263 955 2316 communi
989 2272 1238 2317 contexta
1271 2267 1493 2337 chorea,
1529 2265 1862 2318 luminosum
1898 2276 1953 2318 et

382 2365 641 2420 perquam
678 2350 886 2403 clarum
929 2352 1328 2405 constituamus
1394 2353 1691 2416 theatrum,
1721 2368 1784 2405 eo
1816 2352 1953 2407 duce

382 2451 620 2516 utentes,
659 2442 749 2510 qui
809 2442 949 2495 inter
990 2452 1143 2495 natos
1187 2442 1474 2496 mulierum
1523 2451 1605 2497 est
1659 2443 1951 2496 maximus.

382 2535 517 2588 Nam
547 2533 649 2587 etsi
679 2534 929 2588 humanae
970 2544 1179 2588 natura;
1231 2536 1510 2604 superavit
1543 2536 1807 2589 terminos
1860 2550 1953 2603 per

382 2628 547 2681 vitam
584 2642 614 2680 a
648 2642 811 2680 carne
841 2636 894 2681 et
931 2640 1157 2696 corpore
1212 2628 1465 2689 alienam,
1516 2637 1573 2681 ut
1626 2629 1716 2697 qui
1772 2637 1955 2680 tamen

384 2727 697 2773 nostrarum
740 2716 1073 2771 naturalium
1104 2718 1376 2786 particeps
1402 2716 1504 2771 fuit
1540 2718 1953 2786 preprietatum,

384 2808 597 2863 laetatur
617 2808 818 2862 nostris
844 2808 910 2862 de
936 2822 995 2863 se
1031 2807 1286 2862 laudibus
1313 2818 1362 2861 et
1397 2808 1876 2884 eelebrationibus,
1904 2818 1958 2863 et

387 2901 585 2954 bonam
623 2898 898 2967 accipiens
932 2898 1284 2963 voluntatem,
1328 2900 1605 2968 copiosam
1674 2905 1957 2955 remetitur

386 2988 904 3044 remunerationem.

2038 524 2236 579 liberos
2274 534 2611 593 susceperat,
2667 524 2909 576 duxisset
2940 522 2991 573 in
3043 518 3451 572 matrimonium
3499 534 3511 567 :
3552 527 3607 568 et

2037 627 2180 670 esset
2210 616 2338 668 illud
2363 616 2581 685 quidem
2622 616 2798 669 scelus
2861 614 2993 682 legis
3022 611 3253 673 eversio,
3290 609 3378 661 Dei
3428 619 3605 661 autem

2040 708 2393 774 contemptio,
2421 707 2697 759 hominum
2729 719 2857 757 vero
2892 704 2956 755 ad
2992 702 3259 755 deteriora
3305 698 3611 752 adhortatio

2040 806 2095 850 et
2122 797 2399 858 inductio;
2436 806 2585 859 tunc,
2614 806 2871 864 tanquam
2908 793 3065 846 fortis
3103 792 3301 844 athleta
3349 788 3609 849 Joannes,

2041 899 2189 943 recte
2216 889 2520 950 institutus,
2557 899 2610 941 et
2639 888 2691 939 iu
2748 887 3027 939 laboribus
3060 884 3211 950 prius
3261 881 3610 940 exercitatus,

2044 982 2291 1035 veritatis
2336 980 2525 1041 armis,
2576 988 2630 1033 et
2682 978 2804 1031 telis
2860 979 3126 1036 munitus,
3162 976 3331 1027 aciem
3392 971 3611 1039 quidem

2045 1075 2206 1131 struit
2240 1074 2498 1125 adversus
2528 1079 2843 1139 tyrannum.
2869 1069 3125 1134 Qumnam
3155 1082 3283 1119 vero
3311 1080 3372 1119 ea
3421 1072 3614 1117 erant:

2049 1166 2167 1219 Non
2200 1165 2319 1217 licet
2347 1162 2441 1215 tibi
2470 1162 2656 1215 habere
2686 1177 2902 1214 uxorem
2928 1160 3117 1228 fratris
3163 1157 3359 1227 tui(l).
3381 1156 3424 1210 0
3454 1157 3618 1209 liber-

2047 1266 2233 1319 tatem,
2268 1271 2386 1323 quae
2414 1270 2518 1307 non
2554 1262 2725 1322 potest
2759 1253 2949 1318 everti,
2981 1251 3024 1306 Ο
3046 1267 3107 1305 os
3137 1251 3403 1311 divinum,
3430 1259 3483 1301 et
3512 1248 3620 1302 lin-

2046 1365 2232 1418 guam,
2269 1363 2389 1415 qu:e
2424 1362 2452 1399 a
2488 1345 2599 1400 Deo
2630 1355 2897 1408 movetur,
2950 1360 3070 1413 qum
3106 1345 3156 1397 in
3196 1343 3371 1410 ipsum
3408 1356 3503 1395 cor
3534 1357 3620 1394 re-

2046 1438 2471 1508 prehensionum
2540 1436 2766 1505 inﬁgens
2811 1435 3048 1497 aculeos,
3114 1434 3258 1496 iecit,
3295 1439 3352 1485 ut
3407 1432 3497 1483 ille
3530 1446 3621 1484 su-

2048 1531 2245 1600 perbus
2277 1540 2329 1584 et
2356 1529 2597 1583 insolens
2626 1530 2868 1598 clypeum
2926 1527 3186 1594 abjiceret
3231 1533 3283 1578 et
3320 1524 3548 1591 lugeret.
3579 1520 3621 1575 0

2048 1638 2270 1677 manum
2295 1621 2653 1675 venerandam
2684 1629 2736 1672 et
2771 1628 3039 1677 sanctam.
3066 1632 3186 1685 ilum
3212 1616 3276 1669 ad
3308 1627 3621 1669 sermonum

2051 1725 2196 1768 mota
2221 1713 2605 1774 elocutionem,
2630 1710 3118 1778 reprehensionum
3150 1723 3366 1777 quoque
3393 1705 3627 1773 augebat

2052 1805 2424 1873 asperitatem,
2457 1811 2509 1856 et
2547 1802 2798 1855 ﬁduciam
2844 1799 3169 1853 ostendebat
3208 1808 3260 1849 et
3313 1796 3620 1849 audaciam.

2052 1897 2170 1951 Mos
2194 1906 2273 1950 est
2302 1896 2446 1949 enim
2480 1894 2547 1948 iis
2570 1893 2678 1961 'qui
2709 1892 2888 1944 verbis
2916 1889 3272 1948 contendunt,
3308 1900 3527 1939 manum
3554 1884 3627 1937 si-

2053 1989 2165 2044 mul
2192 2004 2315 2043 cum
2340 2002 2432 2041 ore
2451 2000 2689 2045 movere,
2706 1992 2759 2037 et
2778 1983 3014 2035 sermoni
3034 1981 3151 2049 ejus
3182 1993 3399 2048 quoque
3420 1986 3627 2028 motum

2054 2080 2333 2141 adbibere,
2392 2088 2443 2131 et
2478 2093 2576 2147 per
2634 2088 2925 2143 utrumque
2983 2073 3295 2130 ostendere,
3342 2085 3503 2138 quam
3560 2069 3631 2122 sit

2054 2171 2332 2227 conlidens
2362 2180 2413 2222 et
2446 2168 2724 2222 interritus
2750 2169 2818 2231 is,
2854 2166 2945 2232 qui
2974 2165 3232 2232 loquitur.
3256 2162 3392 2215 lliuc
3426 2160 3625 2214 factum

2056 2273 2157 2328 est,
2194 2271 2249 2315 ut
2290 2241 2342 2315 iit
2377 2276 2670 2323 carcerem,
2691 2268 2744 2313 et
2764 2260 2815 2311 in
2846 2256 3061 2320 vincula
3091 2255 3482 2324 conjiceretur,
3507 2265 3626 2305 cum

2055 2370 2255 2409 vesana
2299 2353 2490 2407 mulier
2512 2351 3092 2407 nciariumamatoretn
3126 2362 3285 2403 suum
3309 2346 3375 2399 ad
3398 2346 3448 2398 id
3480 2357 3630 2397 cont-

2058 2448 2305 2519 pulisset.

2129 2539 2194 2593 V.
2236 2538 2437 2591 Deinde
2471 2536 2586 2590 dies
2614 2538 2785 2589 l'estus
2818 2535 3036 2601 natalis,
3064 2540 3339 2601 potusque
3375 2528 3632 2595 copiosus

2059 2640 2113 2685 et
2149 2630 2563 2689 immoderatus,
2598 2643 2719 2680 cum
2766 2626 2993 2679 nimium
3021 2624 3205 2678 vinum
3232 2638 3379 2683 eum,
3416 2620 3507 2689 qui
3540 2632 3630 2671 cc-

2058 2720 2304 2776 lebrabat
2340 2718 2671 2779 convivium,
2725 2714 3044 2769 devolvisset
3072 2712 3136 2765 ad
3162 2709 3432 2764 delirium.
3467 2707 3634 2758 Pctus

2059 2820 2242 2865 autem
2279 2823 2526 2879 quaenam
2558 2818 2643 2861 est
2692 2804 3015 2859 delectatio?
3044 2802 3275 2856 Saltatio
3327 2799 3470 2860 ﬁliae,
3515 2811 3634 2865 qua:

2059 2914 2179 2959 erat
2208 2905 2379 2958 instar
2408 2901 2736 2963 meretricis,
2772 2908 2825 2953 et
2858 2898 3046 2968 petitio
3079 2895 3383 2959 mercedis;
3414 2900 3465 2945 et
3488 2904 3634 2943 mer-

2061 3013 2177 3061 ces,
2207 2995 2478 3065 prophetae
2512 2992 2837 3047 interiectio.
2876 2992 2950 3045 Ex
2988 3006 3094 3061 qua
3124 2990 3270 3057 regis
3307 2988 3425 3041 lieta
3461 2982 3634 3037 tristi-

454 3079 545 3136 lll.
579 3080 844 3135 Caaterum
883 3081 1001 3149 ejus
1030 3081 1247 3152 quidem
1284 3094 1606 3154 conceptum
1655 3093 1708 3138 et
1747 3092 1953 3147 ortum,
1986 3099 2029 3157 c
2062 3092 2135 3144 tia
2156 3100 2373 3160 propter
2390 3098 2640 3149 (nstrum,
2664 3088 2807 3156 quod
2835 3101 2958 3140 eum
2985 3079 3633 3139 obsidebatintriusecus;

386 3181 441 3227 et
460 3175 648 3239 vitam,
676 3189 837 3242 quam
869 3175 975 3244 egit
1008 3174 1060 3230 in
1111 3175 1423 3240 solitudine,
1456 3186 1507 3230 et
1540 3176 1660 3246 ejus
1691 3176 1757 3230 ad
1783 3176 1957 3232 Israe-

389 3264 494 3318 lem
531 3265 927 3341 ostensionem,
977 3276 1029 3320 et
1059 3266 1358 3321 veridicum
1418 3266 1816 3341 testimonium,
1865 3284 1960 3337 per

388 3354 531 3423 quod
563 3352 655 3407 Dei
682 3370 881 3424 agnum
902 3336 1157 3429 ostendit,
1177 3365 1229 3410 et
1259 3358 1431 3426 ipsum
1470 3336 1791 3426 primum~et
1812 3336 1961 3429 post-

387 3462 449 3500 ea
499 3447 800 3501 venientem
834 3463 928 3516 per
959 3449 1197 3502 divinam
1227 3450 1633 3516 auctoritatem,
1683 3460 1735 3506 et
1767 3452 1958 3505 huma-

390 3552 473 3590 na:
507 3548 715 3595 natura:
743 3540 1535 3609 pronuntiavitsusceptionem
1564 3558 1579 3607 ;
1613 3551 1666 3597 et
1693 3543 1961 3611 quemad-

391 3630 611 3683 modum
644 3646 709 3684 ex
738 3628 850 3685 alto
874 3640 1099 3686 vocatus
1130 3631 1277 3685 venit
1301 3631 1367 3685 ad
1395 3629 1709 3696 Iordanem,
1743 3643 1795 3688 et
1835 3649 1959 3688 cum

389 3738 611 3790 purum,
642 3733 697 3776 et
729 3722 798 3776 ab
828 3724 974 3777 omni
1006 3724 1125 3778 lube
1162 3724 1424 3787 alienum,
1458 3731 1512 3778 et
1536 3725 1727 3793 quavis
1762 3740 1961 3794 purga-

395 3814 539 3868 tione
564 3814 901 3882 superiorem
922 3814 1273 3884 baptizasset,
1321 3814 1411 3867 illo
1428 3821 1681 3867 contactu
1701 3816 1963 3879 ostendit,

391 3901 597 3958 fontem
628 3904 1099 3966 sanctiﬁcationis,
1138 3913 1337 3973 etquae
1396 3904 1463 3958 de
1506 3906 1627 3973 ipso
1674 3900 1895 3959 JUdil’llS
1920 3907 1965 3961 is

393 3997 483 4067 qui
522 3995 709 4053 fuitab
727 3998 846 4067 ipso
870 3998 1194 4067 baptizatus,
1220 4013 1315 4066 per
1340 3997 1625 4051 arundinis
1642 4006 1694 4051 et
1720 3998 1964 4051 mollium

394 4088 625 4142 vestium
659 4090 893 4143 amictus
924 4088 1361 4151 similitudinem,
1391 4087 1457 4141 ad
1498 4086 1616 4157 ejus
1642 4088 1781 4141 dixit
1817 4103 1965 4141 com-

397 4177 827 4243 mendationem;
860 4176 975 4245 ejus
1004 4178 1125 4232 vita;
1156 4192 1185 4230 a
1211 4193 1391 4232 rerum
1410 4176 1807 4245 superﬂuarum
1829 4191 1960 4229 cura

393 4269 774 4323 abhorrentem
806 4270 1230 4339 simplicitatem,
1266 4269 1391 4323 etin
1419 4270 1617 4322 virtute
1658 4269 1967 4320 ﬁrmitatem

396 4371 452 4416 et
496 4364 887 4428 constantiam,
931 4371 985 4417 et
1015 4378 1142 4417 eum
1192 4362 1361 4415 veteri
1412 4360 1541 4414 Elite
1570 4360 1853 4429 aequalem,
1914 4366 1969 4412 et

2062 3180 2458 3251 obtemperatio
2516 3188 2718 3245 tamen,
2781 3185 2834 3231 et
2898 3174 3211 3238 submissio,
3277 3181 3330 3224 et
3380 3170 3640 3223 adversus

2062 3273 2273 3342 justum
2309 3270 2630 3339 prephetam
2666 3269 2894 3339 prolatio
2921 3264 3203 3322 sententiae
3245 3270 3299 3317 et
3322 3261 3484 3330 paulo
3516 3267 3636 3329 post

2062 3368 2228 3429 caput
2260 3360 2310 3412 iu
2365 3360 2516 3413 disco
2550 3359 2797 3419 allatum,
2829 3364 2881 3411 et
2917 3355 3220 3409 libidinosae
3276 3362 3329 3405 et
3378 3349 3641 3403 adultera:

2066 3449 2281 3505 mulieri
2312 3449 2591 3505 traditum.
2622 3449 2762 3515 Quid
2793 3448 2893 3502 hac
2919 3447 3214 3500 inhumana
3241 3444 3457 3497 actione
3483 3440 3639 3493 inlut-

2065 3544 2301 3607 manius,
2332 3552 2387 3596 et
2423 3542 2595 3611 magis
2623 3539 2937 3595 nefarium?
2973 3538 3114 3605 Quid
3140 3539 3243 3591 hoc
3276 3535 3515 3589 belluiuo
3559 3532 3637 3585 la-

2062 3637 2248 3691 cinore
2284 3636 2455 3704 magis
2490 3635 2743 3688 insanum
2776 3642 2830 3687 et
2883 3632 3204 3694 belluinum,
3242 3629 3519 3683 hominem
3575 3640 3637 3676 ex

2064 3726 2183 3796 ipso
2209 3728 2402 3779 matris
2422 3737 2577 3779 utero
2604 3724 2897 3779 sanctitate
2928 3722 3350 3780 circumdatum,
3377 3718 3470 3787 qui
3502 3726 3641 3771 tem-

2066 3818 2371 3888 perantiam
2422 3825 2540 3870 erat
2605 3816 2909 3885 amplexus,
2977 3814 3279 3869 castitatem
3348 3811 3641 3872 aseiverat,

2069 3910 2246 3964 inedia
2268 3924 2325 3962 se
2342 3919 2676 3970 exercuerat,
2703 3909 2771 3960 ab
2787 3908 2933 3961 omni
2959 3906 3342 3975 congressione
3361 3902 3641 3957 hominum

2068 4015 2127 4057 se
2204 4007 2572 4069 separaverat,
2644 3998 2993 4053 solitudinem
3049 4006 3302 4062 tanquam
3369 3996 3641 4049 civitatem

2070 4091 2432 4153 habitaverat,
2463 4092 2553 4159 qui
2582 4089 2745 4143 simul
2776 4104 2901 4143 cum
2938 4088 3054 4159 agri
3087 4088 3277 4143 bestiis
3301 4088 3641 4147 versabatur,

2069 4180 2263 4235 cameli
2296 4181 2423 4250 pilis
2476 4180 2778 4250 tegebatur,
2841 4179 3067 4249 pellicea
3118 4194 3251 4231 zona
3303 4178 3641 4245 cingebatur,

2071 4276 2214 4328 sicut
2246 4287 2371 4327 aves
2401 4273 2474 4337 id,
2498 4272 2642 4340 quod
2674 4286 2772 4326 sua
2805 4280 2997 4339 sponte
3025 4269 3372 4329 nascebatur,
3408 4266 3643 4319 habebat

2070 4366 2413 4429 alimentum,
2433 4364 2651 4419 carebat
2673 4362 3029 4425 nutrimento,
3054 4360 3271 4414 carebat
3300 4356 3643 4420 utensilibus,

399 4454 643 4507 moribus
682 4453 918 4507 similem
953 4453 1113 4506 tacite
1162 4451 1511 4521 signiﬁcans;
1545 4459 1600 4504 et
1632 4464 1972 4519 quaecunque
2004 4448 2049 4503 D
2073 4466 2125 4512 οι
2151 4457 2308 4526 plane
2332 4456 2514 4510 carnis
2543 4466 2659 4509 erat
2686 4458 2884 4524 expers
2914 4472 2927 4508 ε
2962 4452 3056 4523 qui
3090 4462 3236 4506 ιοιυε
3266 4464 3482 4518 quoque
3518 4464 3640 4503 ρετ-

399 4554 525 4599 sunt
556 4544 641 4599 his
671 4544 1083 4614 consequentia,
1106 4543 1529 4612 Evangeliorum
1559 4541 1844 4612 quaternio
1875 4554 1970 4595 os-

402 4638 583 4693 tendet
610 4638 851 4707 apertius
889 4637 977 4702 iis,
1010 4636 1103 4706 qui
1135 4636 1251 4689 haec
1287 4642 1602 4689 scrutantur
1633 4631 1967 4701 diligentius.

466 4730 557 4785 IV.
595 4730 727 4797 Qua:
762 4740 943 4784 autem
978 4730 1231 4799 praesenti
1261 4727 1596 4782 conveniunt
1637 4724 1965 4787 celebritati,

398 4839 459 4879 ea
499 4834 627 4878 sunt
654 4823 987 4879 enuntianda
1024 4831 1078 4876 et
1099 4821 1366 4885 docenda,
1410 4828 1469 4874 ut
1500 4834 1621 4875 eum
1652 4826 1971 4887 argumento

402 4911 521 4968 l'esti
550 4914 639 4967 hic
667 4928 867 4981 scopus
907 4920 1198 4980 congruat,
1226 4922 1582 4980 nostrumque
1616 4910 1670 4963 in
1703 4910 1808 4964 hoc
1829 4916 1971 4963 recte

402 5004 641 5059 studium
670 5003 1007 5057 conferatur.
1042 5004 1139 5058 llle
1168 5003 1221 5056 in
1258 5001 1511 5057 Mosaicis
1544 5002 1810 5056 educatus
1861 5000 1973 5054 do-

402 5092 691 5155 cumentis,
717 5101 771 5145 et
797 5090 1013 5145 assidue
1050 5091 1319 5146 meditans
1352 5092 1405 5144 in
1438 5092 1553 5161 lege
1582 5090 1818 5154 Domini,
1854 5090 1972 5159 ejtts

402 5179 663 5234 custodite
687 5189 740 5233 et
762 5178 1132 5234 observationi
1161 5182 1340 5234 omnia
1362 5179 1758 5250 postponebat:
1795 5180 1970 5233 solum

402 5282 602 5347 autem,
649 5282 709 5325 ut
762 5271 815 5325 in
878 5271 997 5341 ejus
1055 5282 1426 5340 perseveraret
1470 5271 1970 5342 justiﬁcatiouibus,

404 5365 699 5433 plurimum
734 5363 970 5432 ponebat
1023 5365 1212 5420 studii.
1268 5364 1404 5419 Cum
1441 5379 1566 5419 vero
1620 5362 1859 5418 Herodes
1893 5363 1974 5415 vir

404 5454 912 5518 libidinosissimus,
940 5458 1163 5526 quierat
1187 5456 1417 5512 Galilaear
1443 5458 1734 5521 tetrarcha,
1760 5456 1975 5511 decreta

403 5547 538 5616 legis
581 5549 1009 5619 transgrediens,
1051 5549 1235 5606 fratris
1284 5548 1515 5619 Philippi
1567 5562 1816 5616 uxorem,
1849 5562 1973 5603 cum

478 5730 493 5761 ⁸
532 5728 693 5785 Marc.
731 5747 802 5795 vt,
836 5732 914 5785 18.

2074 4550 2308 4604 nebatur
2337 4555 2575 4602 remotus
2609 4563 2635 4601 a
2671 4547 2918 4612 materia,
2978 4544 3120 4614 quod
3173 4543 3287 4597 hate
3344 4540 3643 4595 materialis

2074 4640 2473 4713 coagmentatio
2490 4650 2635 4694 esset
2660 4639 2833 4693 inedia
2866 4644 3146 4692 attenuata
3196 4644 3249 4689 et
3278 4645 3548 4698 emortua,
3591 4642 3644 4687 et

2074 4736 2141 4789 ad
2176 4733 2420 4787 materiae
2473 4732 2802 4785 vacuitatem
2836 4730 3079 4783 traducta
3105 4735 3327 4797 propter
3378 4724 3640 4793 insignem

2074 4823 2483 4886 continentiam;
2524 4837 2669 4884 eum,
2705 4820 2948 4887 inquam,
2980 4834 3077 4888 pro
3101 4817 3332 4883 justitia,
3370 4830 3466 4883 pro
3503 4814 3648 4868 veri.

2077 4924 2183 4968 tate
2212 4922 2265 4968 et
2296 4929 2363 4966 ne
2415 4913 2494 4966 lex
2530 4911 2581 4965 in
2611 4910 2794 4979 aliquo
2818 4908 3108 4963 violaretur
3139 4906 3497 4967 laborantem,
3527 4903 3642 4956 dari

2076 5006 2378 5059 mercedem
2435 5002 2647 5055 mulieri
2677 5000 2955 5054 adulterae.

2146 5093 2234 5149 Vl.
2272 5094 2377 5148 Sed
2408 5109 2642 5162 quonam
2669 5096 2829 5145 modo
2854 5093 2968 5144 haec
2987 5089 3202 5159 quidem
3231 5086 3494 5157 permissa
3517 5094 3645 5139 sunt

2075 5186 2145 5241 ab
2192 5202 2257 5240 eo
2299 5186 2393 5254 qui
2422 5186 2605 5239 omnia
2642 5186 2917 5253 sapienter
2959 5180 3323 5243 administrat,
3392 5177 3571 5231 sciunt
3607 5174 3642 5227 ii

2075 5278 2275 5348 quibus
2297 5278 2456 5331 datus
2509 5286 2592 5331 est
2629 5276 2853 5345 spiritus
2910 5273 2976 5328 ad
3012 5274 3126 5327 haec
3155 5271 3335 5339 aliqua
3366 5281 3430 5322 ex
3490 5274 3643 5334 parte

2076 5369 2473 5438 cognoscenda.
2508 5366 2679 5436 Hujus
2704 5378 2883 5421 autem
2916 5363 3188 5433 discipuli,
3215 5376 3341 5415 cum
3378 5373 3581 5427 corpus
3609 5371 3640 5411 a

2076 5464 2249 5533 capite
2281 5462 2511 5516 divisum
2544 5460 2923 5521 abstulissent,
2983 5457 3261 5510 honorata:
3317 5450 3644 5506 mandarunt

2076 5554 2389 5625 sepulturae,
2435 5567 2503 5610 ne
2544 5552 2588 5610 si
2624 5552 2724 5609 hoc
2755 5562 2971 5620 quoque
3001 5556 3124 5617 post
3176 5546 3457 5601 decessum
3490 5542 3640 5596 vide-
