4100 6212
491 319 593 380 615

1651 320 1924 380 THEOD.
1981 315 2499 376 DAPIINOI’A'I‘rE

3628 305 3732 366 6l6

492 445 643 489 retur
669 436 1017 493 alihidinosis
1043 446 1096 492 et
1125 440 1504 507 voluptuariis,
1533 436 1865 504 essetmajor
1888 433 2059 488 fomes
2088 441 2134 497 Α
2164 451 2351 505 perare
2381 436 2699 498 sceleribus,
2722 443 2776 488 et
2803 446 3015 494 eorum,
3047 429 3137 497 qui
3159 442 3257 496 pro
3291 425 3511 480 Christo
3544 424 3734 476 decer-

494 526 730 590 invidiie,
746 537 794 579 et
813 527 1037 596 majoris
1059 528 1285 584 sceleris
1305 530 1531 582 materia
1551 525 2060 594 intemperantibus.

495 619 586 673 Sic
612 634 741 685 ergo
803 634 1003 688 corpus
1063 620 1278 687 quidem
1339 619 1607 687 sepultum
1665 618 2062 680 occultabalur,

493 726 616 765 cum
649 725 827 779 neque
870 711 1158 778 quisquam
1205 709 1335 762 illud
1383 718 1514 764 tunc
1570 710 1904 777 perscrutari
1943 719 2064 763 stu-

495 803 720 865 duisset,
747 818 921 872 neque
950 803 1064 870 ipse
1087 801 1518 856 manifestasset.
1555 799 1660 854 Sed
1697 802 1918 868 quando
1946 801 2069 869 qui-

496 893 619 947 dem
653 893 715 944 ad
741 894 884 947 hunc
909 894 1084 946 locum
1113 877 1356 960 perveni,
1386 893 1508 945 volo
1538 893 1602 944 de
1627 893 1729 944 hoc
1748 892 2065 961 prophetico

497 984 871 1048 tabernaculo,
903 994 956 1038 et
992 985 1059 1038 de
1105 1000 1290 1047 manu,
1317 999 1438 1053 qua:
1475 984 1524 1036 ei
1561 984 1856 1044 coaluerat.
1912 984 2068 1052 quid.

495 1075 646 1134 dam.
675 1077 817 1145 quod
853 1093 882 1130 e
913 1076 1084 1130 veteri
1118 1079 1312 1146 pendet
1349 1077 1684 1139 narratione,
1746 1077 1871 1131 huic
1910 1092 2065 1131 sacro

497 1169 706 1221 tIu-atro
742 1169 1052 1236 explanare,
1085 1176 1138 1223 et
1163 1185 1284 1237 quae
1316 1169 1381 1223 de
1415 1171 1498 1223 his
1525 1169 1833 1224 audivimus
1874 1178 1926 1223 et
1970 1184 2063 1222 co-

497 1261 805 1327 gnovimus,
841 1271 893 1313 et
923 1276 1041 1328 quae
1071 1269 1279 1313 veteres
1334 1260 1551 1313 tradunt
1601 1260 1863 1322 historim,
1893 1257 2068 1327 expli-

497 1368 617 1406 care
649 1353 842 1414 fusius,
904 1364 957 1406 et
987 1353 1257 1422 undenam
1289 1352 1466 1406 divina
1520 1353 1630 1407 hinc
1670 1353 1843 1422 gratia
1893 1360 2070 1404 trans-

497 1441 602 1494 lata
665 1451 747 1494 est
802 1440 1172 1503 Antiochiam,
1247 1450 1310 1494 et
1361 1440 1579 1494 ubinam
1634 1438 1735 1491 fuit
1775 1440 2064 1504 repositum

501 1533 823 1585 translatum
877 1534 1252 1600 propheticum
1313 1534 1444 1585 illud
1525 1531 1963 1588 tabernaculum.
2016 1541 2070 1581 et

499 1623 746 1691 quisnam
779 1623 939 1676 fuerit
970 1625 1185 1692 quidem
1229 1625 1421 1678 modus
1458 1623 1618 1691 hujus
1677 1623 2066 1685 translationis,

497 1724 551 1768 et
583 1715 704 1779 quis
738 1731 927 1769 rursus
958 1717 1245 1769 ablationis
1284 1725 1333 1768 et
1372 1715 1782 1780 exportationis.

570 1804 686 1858 VII.
723 1808 962 1860 Ilerodes
989 1809 1079 1874 qui
1120 1807 1352 1860 infantes
1387 1807 1682 1868 occiderat,
1718 1821 1840 1857 eum
1882 1803 2070 1857 .Iudai-

501 1911 622 1950 cum
661 1899 951 1950 multorum
979 1898 1338 1965 principatum
1367 1897 1701 1949 traduxisset
1725 1896 1792 1949 ad
1821 1911 2069 1966 regnum,

502 1988 723 2056 parebat.
752 1989 969 2057 quidem
1005 1988 1282 2043 Romanis.
1320 1990 1453 2041 Cum
1500 1990 1686 2042 multis
1716 1999 1895 2042 autem
1956 2002 2074 2042 mo-

500 2081 582 2133 dis
612 2093 898 2148 quacreret,
931 2093 987 2136 ut
1047 2084 1124 2136 eis
1156 2083 1428 2135 videretur
1457 2083 1752 2136 benevolus
1783 2091 1836 2136 et
1879 2081 2070 2146 fidelis,

499 2172 679 2228 effecit
715 2175 955 2242 quidem,
988 2186 1045 2228 ut
1071 2174 1298 2229 Romani
1334 2191 1456 2229 eum
1493 2175 1739 2244 benignis
1771 2174 2076 2242 aspicerent

501 2265 697 2326 oculis,
739 2269 792 2318 et
826 2282 924 2318 nec
969 2265 1104 2329 fore,
1135 2276 1191 2319 ut
1221 2266 1288 2320 ab
1337 2267 1417 2320 eis
1458 2266 1733 2328 deficeret,
1776 2266 1940 2318 ullam
1975 2265 2074 2317 ha-

501 2355 690 2410 berent
727 2358 1117 2425 StiSpicionem.
1156 2356 1228 2421 Is,
1261 2369 1316 2410 ut
1350 2359 1548 2410 clarior
1579 2367 1723 2410 esset
1773 2373 1870 2410 sua
1901 2358 1953 2409 in
1981 2371 2076 2410 eos

503 2449 899 2511 benevolentia,
957 2451 1096 2504 inter
1130 2451 1234 2504 alia
1276 2450 1522 2506 condidit
1578 2449 1740 2502 etiam
1779 2448 2074 2512 civitatem,

508 2542 666 2595 sitam
701 2559 805 2595 non
844 2543 1030 2610 procul
1083 2544 1151 2596 ab
1185 2542 1596 2612 I-lierosolymis.
1639 2541 1731 2594 sed
1784 2541 2075 2594 distantem

506 2645 714 2688 tantum
775 2635 970 2689 itinere
1029 2636 1192 2690 unius
1243 2635 1371 2698 diei,
1400 2650 1515 2688 eam
1558 2649 1758 2687 vocans
1796 2632 2077 2695 Sehasten,

506 2725 694 2780 Latine
729 2727 1050 2796 Augusuam,
1085 2739 1140 2780 ut
1180 2727 1404 2796 Augusti
1441 2726 1668 2780 Cmsaris
1703 2725 2068 2795 appellatione

508 2817 837 2884 significaret
872 2835 1025 2871 suam
1060 2819 1112 2871 in
1147 2833 1272 2872 eum
1305 2817 1734 2871 benevolentiam
1764 2826 1814 2871 et
1845 2816 2080 2870 servitu-

509 2918 632 2961 tem.
672 2907 725 2960 In
754 2925 838 2973 ea,
867 2910 957 2975 qui
1007 2915 1128 2978 post
1181 2910 1332 2962 illum
1399 2907 1633 2960 obtinuit
1692 2906 2078 2974 principatum,

511 3002 782 3054 tetrarcha
815 3000 1054 3054 Ilerodcs
1081 3001 1195 3054 fixit
1235 3001 1462 3070 regiam,
1505 3000 1557 3052 in
1613 3017 1716 3068 qua
1768 3000 1928 3052 etiam
1982 2998 2081 3052 fuit

2173 537 2375 590 tarnnt,
2408 537 2742 596 quaecunque
2795 537 2950 578 erant
3007 522 3266 590 reliquiae,
3321 526 3413 571 aut
3461 517 3730 584 integrum

2164 620 2596 680 tabernaculum,
2629 626 2723 672 aut
2780 615 2984 686 aliquid
3025 615 3169 668 aliud
3200 629 3264 665 ex
3303 611 3389 669 iis,
3417 617 3568 678 ’quaz
3605 616 3771 661 suntx

2166 728 2313 782 pura:
2345 721 2542 766 nostrae
2567 711 2689 765 fidei
2727 712 2903 776 signa,
2941 723 3002 761 ea
3028 706 3210 758 omnia
3271 701 3380 771 igni
3439 697 3737 753 mandabat

2165 816 2217 861 et
2246 807 2412 861 cineri
2438 824 2452 869 ;
2481 801 2950 871 magnodeinceps
2977 796 3158 850 studio
3185 793 3330 846 venit
3360 786 3730 850 Antiochiam,

2166 899 2324 952 simul
2359 897 2574 966 quidem
2616 893 2890 946 immunda
2927 895 3246 955 peracturus
3277 877 3532 953 mysteria
3565 879 3618 932 in
3639 894 3734 932 ara

2167 990 2600 1049 simulacrorum,
2618 1002 2736 1056 quae
2749 987 2848 1038 sita
2862 993 2942 1036 est
2957 981 3020 1034 ad
3041 978 3314 1047 Daphnen,
3331 983 3384 1027 et
3400 972 3560 1027 simul
3574 971 3734 1024 etiam

2168 1092 2626 1154 perscrutaturus,
2688 1089 2740 1133 et
2773 1079 2815 1133 si
2842 1085 3150 1130 sanctorum
3179 1067 3382 1137 aliquid
3410 1068 3460 1119 in
3492 1081 3554 1120 ca
3588 1066 3737 1118 inve-

2168 1176 2336 1230 nisset
2368 1173 2686 1242 repositum,
2748 1170 2797 1224 id
2843 1169 2952 1238 igni
3008 1164 3387 1220 mandaturus.
3443 1158 3577 1212 Cum
3636 1158 3736 1211 hoc

2168 1283 2295 1334 ergo
2325 1281 2526 1321 saevum
2563 1263 2932 1318 renuntiatum
2967 1268 3108 1313 esset
3155 1257 3273 1325 ejus
3306 1254 3607 1312 decretum,
3642 1248 3736 1318 qui

2168 1370 2321 1414 erant
2341 1359 2773 1413 Christianarum
2809 1355 3064 1424 partium,
3101 1363 3312 1406 sacram
3349 1359 3568 1399 manum
3595 1341 3738 1395 Prae-

2169 1453 2410 1505 cursoris
2433 1452 2569 1504 clam
2615 1450 2666 1502 in
2697 1448 2928 1518 quadam
2964 1456 3113 1498 turre
3143 1439 3400 1501 civitatis,
3433 1452 3553 1505 quae
3578 1448 3738 1488 voca-

2171 1555 2258 1598 tur
2299 1546 2478 1612 gonia,
2509 1545 2558 1598 id
2586 1553 2687 1603 est.
2713 1541 2966 1609 angulus,
3003 1530 3644 1593 studueruntincludere,
3668 1542 3736 1582 ne

2171 1638 2285 1706 capi
2326 1637 2595 1705 pessetab
2634 1635 2944 1688 idololatra.
2975 1633 3077 1698 Qui
3138 1637 3315 1684 autem
3371 1621 3732 1694 pontificalem

2174 1731 2354 1783 sedem
2388 1730 2604 1784 tenebat
2634 1727 3040 1796 Hierosolymis,
3086 1738 3209 1778 cum
3269 1719 3545 1773 auditione
3577 1727 3736 1768 acce-

2177 1823 2343 1892 pisset
2372 1820 2761 1877 exsecrandum
2821 1821 3114 1879 decretum,
3143 1829 3241 1869 nec
3276 1823 3562 1883 tyrannum
3615 1822 3738 1861 om-

2175 1915 2304 1967 nino
2335 1922 2694 1975 moraturum,
2723 1912 2852 1980 quin
2873 1910 2939 1962 ad
2970 1923 3120 1962 sacra
3175 1906 3288 1958 loca
3321 1901 3658 1962 ascenderet,
3686 1909 3740 1953 et

2173 2023 2294 2078 qua:
2323 2008 2378 2061 in
2409 2008 2488 2062 eis
2511 2014 2664 2059 erant
2689 2002 3085 2074 pretiosissima
3111 2012 3365 2065 corpora,
3397 1994 3505 2064 igni
3537 2007 3742 2047 consu-

2176 2101 2369 2154 menda
2399 2099 2701 2155 mandaret,
2751 2096 2853 2148 hoc
2879 2092 3168 2162 diligenter
3200 2096 3374 2150 curat,
3408 2097 3460 2139 et
3487 2098 3741 2152 magnum

2176 2193 2391 2245 adhibet
2437 2190 2698 2250 studium,
2732 2196 2786 2239 ul
2817 2201 2845 2239 e
2875 2184 3055 2238 loculo
3082 2181 3352 2235 sublatum
3384 2175 3745 2230 Praecursoris

2177 2281 2610 2342 tabernaculum,
2654 2277 3048 2331 transmitteret
3076 2270 3403 2326 servandum
3429 2269 3483 2322 in
3519 2267 3744 2321 civitate

2177 2370 2562 2434 Alexandrina,
2599 2369 2704 2422 alio
2737 2367 2970 2436 quodam
3001 2361 3276 2418 communi
3308 2373 3536 2429 corpore
3559 2373 3653 2428 pro
3675 2371 3744 2410 eo

2178 2464 2376 2532 repleta
2403 2459 2765 2529 depositione.

2253 2553 2318 2607 X.
2357 2553 2647 2619 Postquam
2693 2558 2873 2604 autem
2925 2545 3228 2602 Antiochiae
3281 2541 3460 2596 omnia
3493 2555 3748 2610 perscru-

2183 2654 2326 2699 tatus
2361 2645 2446 2697 ille
2477 2642 2697 2711 impius,
2731 2657 2792 2693 ea
2827 2651 2908 2694 est
2943 2652 3265 2708 aggressus,
3310 2647 3429 2703 quae
3481 2632 3594 2685 ﬁeri
3639 2645 3746 2684 non

2181 2742 2449 2804 poterant,
2499 2746 2620 2784 cum
2674 2730 2940 2782 absconsa
2991 2740 3187 2779 manus
3221 2736 3490 2790 nusquam
3523 2731 3750 2788 compa-

2182 2836 2346 2886 reret,
2378 2837 2442 2876 eo
2475 2822 2563 2874 ille
2594 2821 2890 2874 sceleratus
2933 2815 3203 2870 desiderio
3239 2814 3548 2874 frustratus,
3606 2820 3659 2864 et
3695 2809 3746 2862 in

2185 2915 2449 2982 reliquum
2495 2911 2866 2981 propheticum
2895 2922 3093 2976 corpus
3129 2905 3311 2959 furore
3359 2903 3618 2972 percitus,
3656 2899 3749 2969 qui

2184 3005 2236 3058 id
2259 3013 2649 3065 simularentur,
2683 3002 2864 3055 statim
2889 3000 3230 3066 misitusque
3248 2996 3314 3050 ad
3351 2993 3748 3063 Hierosolyma,

511 3089 639 3142 ilhul
674 3091 1007 3154 convivium,
1041 3107 1148 3159 quo
1176 3092 1432 3160 propheta
1473 3089 1577 3143 fuit
1599 3090 1833 3149 occisus,
1859 3089 2077 3156 ctjuxta
2107 3119 2148 3174 ο
2185 3106 2243 3151 ui,
2283 3095 2638 3149 Prmcursoris
2662 3092 2770 3161 igni
2801 3086 3572 3144 nmmlarenttabernaculum.
3594 3082 3749 3149 Quod

511 3196 672 3250 quam
711 3180 884 3234 fuerat
912 3182 965 3235 in
993 3182 1226 3237 vinculis
1260 3183 1345 3235 hic
1369 3197 1522 3234 sacer
1551 3182 1810 3251 propheta
1853 3183 1903 3234 in
1940 3196 2076 3249 «pro-

510 3271 632 3324 dam
671 3273 956 3325 tenebroso
992 3288 1208 3326 reorum
1246 3273 1546 3325 domicilio.
1601 3272 1771 3340 Cujus
1803 3289 1866 3325 ex
1900 3281 2080 3325 trans-

513 3379 670 3418 verso
718 3364 959 3418 referunt
1023 3365 1294 3433 sepultum
1361 3363 1529 3417 fuisse
1561 3369 1760 3432 corpu's
1813 3366 2078 3432 praeconis

510 3457 772 3510 veritatis.
793 3454 910 3520 Q‘uo
935 3456 1097 3508 etiam
1131 3456 1181 3507 in
1210 3455 1330 3508 loco
1349 3455 1538 3508 dicunt
1564 3455 1713 3522 prius
1745 3454 1912 3508 fuisse
1940 3456 2075 3510 alte-

509 3563 630 3602 rum
662 3551 969 3616 Sepulcrum
1008 3548 1287 3615 propheta:
1310 3547 1509 3609 Elismi,
1537 3546 1672 3599 adeo
1695 3560 1752 3598 ut
1783 3546 1890 3599 duo
1918 3546 2077 3599 loculi

512 3641 825 3694 viderentur
859 3640 1020 3694 simul
1061 3642 1303 3707 jacenles
1368 3641 1420 3692 in
1477 3657 1584 3694 uno
1611 3652 1662 3694 et
1694 3641 1881 3695 eodem
1941 3640 2077 3695 loco.

515 3732 593 3785 Ihi
662 3746 910 3800 quoque;
947 3733 1201 3799 templum
1234 3734 1529 3786 niaximum
1559 3733 1686 3787 olim
1743 3742 2077 3788 exstructum

511 3822 706 3887 fuerat,
742 3823 884 3890 quod
923 3832 1144 3891 propter
1174 3839 1234 3877 ea
1271 3840 1391 3892 qua:
1419 3825 1470 3878 iu
1511 3826 1627 3894 ipso
1659 3826 1877 3887 fiebant,
1901 3825 2080 3888 inira-

512 3912 631 3965 cula
661 3923 708 3965 et
741 3913 1224 3981 pulchritudinem,
1257 3913 1430 3968 fuerat
1467 3916 1909 3984 incomparabile.
1944 3907 2080 3970 Cum

511 4003 630 4072 ejus
681 4015 860 4056 autem
897 4014 1092 4059 tectum
1134 4012 1378 4074 tempore
1439 4007 1775 4073 defluxissct,
1839 4008 1938 4062 sub
1991 4008 2079 4062 dio

513 4096 697 4148 relicta
725 4106 849 4148 sunt
888 4097 1006 4164 ejus
1049 4093 1300 4160 ardificia,
1355 4099 1490 4151 adeo
1518 4107 1576 4151 ut
1612 4115 1716 4152 una
1761 4101 1872 4152 sola
1915 4100 2076 4152 illmsa

511 4189 831 4241 remanserit
871 4189 1220 4253 domuncula,
1283 4205 1402 4258 qua:
1452 4192 1743 4244 vorabatur
1795 4204 2076 4244 sacrorum

509 4293 765 4331 vasorum
802 4280 1047 4332 custodia
1085 4281 1136 4331 in
1167 4294 1273 4347 qua
1307 4281 1468 4333 etiam
1505 4281 1698 4333 inclusi
1754 4281 1914 4334 loculi
1957 4295 2080 4349 pro-

508 4371 790 4440 phetarum
826 4371 1293 4424 conservabantur
1322 4373 1524 4440 absque
1575 4371 1682 4425 ullo
1728 4372 2075 4426 detrimento.

2183 3205 2305 3240 cum
2337 3188 2400 3240 ad
2437 3187 2593 3239 tinem
2633 3195 2775 3238 esset
2829 3185 3144 3244 deductum,
3168 3189 3221 3234 et
3247 3194 3552 3238 commune,
3608 3177 3750 3244 quod

2182 3296 2280 3348 pro
2313 3279 2404 3332 illo
2437 3279 2707 3345 sepultum
2761 3276 2956 3337 fuerat,
2991 3288 3190 3342 corpus
3247 3273 3408 3325 abiis
3456 3271 3548 3338 qui
3597 3267 3750 3321 missi

2180 3371 2396 3424 fuerant
2429 3369 2482 3421 in
2531 3369 2766 3421 cinerem
2824 3377 2967 3421 esset
2996 3366 3294 3427 redactmn,
3347 3362 3491 3415 illim:
3533 3359 3750 3414 solvens

2180 3458 2633 3512 duxitexercitum
2650 3457 2715 3509 ad
2731 3455 3078 3509 obsidendam
3099 3455 3377 3513 Edessam,
3401 3459 3586 3519 utpote
3603 3447 3748 3518 quod

2179 3552 2340 3620 quiin
2364 3564 2424 3602 ea
2450 3548 2786 3612 habitabant,
2807 3548 3022 3615 planum
3051 3554 3200 3599 esset
3228 3557 3321 3598 eos
3350 3553 3492 3597 stare
3522 3555 3552 3594 a
3585 3539 3751 3607 parti-

2182 3646 2281 3695 hus
2309 3642 2763 3696 Christianorum.
2792 3639 2958 3692 Aiunt
3011 3647 3190 3690 autem
3221 3635 3506 3701 quemdam
3543 3648 3606 3685 ex
3632 3631 3747 3686 suis

2183 3734 2419 3797 famulis,
2446 3733 2536 3802 qui
2557 3733 2722 3786 libere
2738 3745 2861 3785 cum
2880 3745 2943 3785 eo
2967 3729 3312 3800 loquebatur,
3329 3725 3574 3780 eteratei
3596 3722 3750 3775 valde
3787 3769 3790 3771 Α

2171 3827 2524 3896 ‘coujunctus.
2560 3842 2622 3879 ex
2657 3825 2840 3878 animo
2872 3837 3001 3876 vero
3033 3837 3120 3875 res
3143 3820 3582 3874 Christianorum
3604 3816 3749 3871 cole-

2181 3921 2272 3972 bat
2301 3930 2352 3972 et
2383 3917 2707 3980 honorabat,
2742 3932 2864 3969 eum
2905 3931 2934 3968 a
2967 3925 3147 3984 empto
3191 3910 3558 3982 prohibuisse,
3593 3918 3646 3964 et
3679 3911 3748 3962 ad

2180 4011 2376 4064 bellum
2428 4007 2691 4062 adversus
2726 4006 2918 4061 Persas
2948 4005 3242 4075 gerendum
3283 4003 3562 4066 incitasse,
3613 4002 3753 4055 civi-

2181 4111 2342 4155 tatem
2370 4116 2491 4154 cum
2525 4099 2700 4161 vellet,
2740 4099 2792 4150 in
2829 4107 3145 4166 potestatein
3174 4097 3293 4163 ejus
3316 4102 3596 4147 venturam
3629 4093 3752 4160 pol-

2179 4194 2369 4246 licens.
2405 4191 2470 4244 Et
2498 4191 2577 4244 sic
2623 4191 2853 4244 consilio
2899 4191 3304 4257 obtemperans,
3355 4185 3628 4254 profectus
3667 4193 3756 4238 est

2181 4285 2247 4338 ad
2279 4283 2478 4338 bellum
2532 4292 2718 4335 contra
2761 4281 2954 4334 Persas
2988 4280 3303 4349 gerendum.
3340 4278 3394 4330 In
3430 4290 3537 4345 quo
3594 4275 3755 4342 plaga

2183 4372 2440 4425 divinitus
2475 4371 2715 4427 immissa
2747 4385 3061 4440 percussus,
3093 4372 3257 4421 vitam
3304 4367 3441 4420 finiit
3464 4365 3758 4419 miserabi-

580 4459 710 4512 VIII.
729 4462 863 4514 Cum
897 4475 1074 4516 autem
1096 4463 1272 4518 Lucas
1297 4466 1624 4533 evangelista
1646 4466 2072 4530 circumquaque
2101 4451 2151 4513 Ι)
2179 4463 2318 4517 liter.

506 4565 698 4606 omnes
729 4554 903 4605 obiret
927 4556 1198 4620 regiones,
1230 4556 1318 4609 tibi
1337 4558 1495 4609 etiam
1523 4555 1774 4609 obeundo
1809 4556 1954 4608 venit
1976 4555 2074 4606 Se-

508 4644 718 4707 basten,
737 4644 1038 4700 Antiochiae
1061 4657 1236 4700 tactus
1257 4647 1547 4709 desiderio,
1573 4656 1628 4700 ut
1649 4647 1736 4714 qui
1768 4647 1818 4698 in
1849 4661 1911 4698 ea
1933 4654 2074 4698 esset

507 4746 687 4799 natus,
717 4751 914 4804 magno
942 4738 1159 4804 quidem
1188 4741 1468 4792 tenebatur
1500 4738 1677 4792 studio
1708 4752 1922 4792 sacrum
1944 4736 2073 4789 illud

506 4825 871 4881 Prwcursoris
903 4843 1099 4897 corpus
1130 4829 1351 4883 tollendi
1386 4829 1678 4898 integrum.
1708 4829 1842 4883 Cum
1892 4835 2074 4880 autem

504 4935 612 4974 non
649 4930 854 4989 posset,
905 4921 1162 4989 quoniam
1210 4922 1499 4991 diligenter
1528 4921 1864 4984 servabitur,
1898 4919 2072 4972 ablata

504 5029 669 5068 manu
699 5015 939 5076 dextera,
965 5031 1082 5070 eam
1110 5016 1344 5084 portavit
1376 5018 1427 5069 in
1449 5031 1601 5069 suam
1637 5015 1931 5074 civitatem,
1956 5013 2074 5066 loco

503 5106 735 5174 aliciijus
769 5106 988 5161 alterius
1021 5107 1290 5169 beneficii,
1319 5117 1371 5162 et
1411 5107 1640 5159 aliarum
1667 5105 1977 5157 divitiarum
2001 5102 2070 5168 ei,

503 5216 624 5270 qua:
652 5200 825 5268 ipsum
861 5199 1088 5262 aluerat,
1121 5200 1262 5254 hanc
1289 5199 1520 5253 reddens
1545 5197 1847 5250 mercedem
1876 5197 2074 5249 educa-

503 5293 689 5347 tionis.
726 5293 807 5346 Ab
871 5292 962 5345 illo
1024 5307 1154 5362 ergo
1189 5301 1432 5360 tempore
1471 5293 1571 5344 sita
1599 5297 1716 5342 erat
1754 5304 1949 5344 manus
1984 5289 2072 5342 illa

503 5384 641 5450 apud
671 5385 1060 5446 Antiochenos,
1091 5383 1142 5434 in
1163 5398 1354 5451 magno
1381 5381 1585 5434 honore
1611 5381 1814 5441 habita,
1841 5380 2070 5450 etjugis,

503 5489 622 5542 quae
659 5475 711 5528 in
752 5489 814 5530 ea
866 5475 1094 5540 habitat,
1132 5474 1318 5544 gratia:
1344 5474 1499 5526 fidem
1536 5473 1740 5526 faciens
1769 5473 2068 5526 miraculis.

573 5559 662 5616 IX.
699 5563 832 5617 Cum
873 5575 1054 5618 autem
1110 5563 1357 5617 Julianus
1386 5562 1664 5634 tyrannice
1694 5563 1904 5616 clavum
1935 5563 2073 5616 arri-

503 5651 713 5716 puisset
744 5653 976 5721 imperii,
1010 5655 1268 5723 quoniam
1292 5670 1405 5718 eos,
1443 5656 1533 5724 qui
1561 5655 1734 5724 ipsum
1782 5669 2073 5723 praecesse-

505 5749 646 5804 rant,
703 5756 1079 5810 persecutores
1106 5756 1160 5804 et
1193 5747 1284 5802 Dei
1339 5747 1520 5804 hoSIes
1565 5747 1923 5805 contendebat
1980 5763 2070 5802 su-

2250 4555 2340 4608 XI.
2378 4557 2667 4626 Postquam
2707 4565 2882 4610 autem
2910 4554 2973 4606 ad
2996 4553 3176 4608 ﬁdeles
3202 4553 3555 4620 imperatores
3575 4549 3756 4603 redie-

2175 4659 2303 4704 runt
2326 4662 2533 4718 sceptra
2556 4651 3001 4711 Itomanorum,et
3021 4647 3219 4700 reddita
3242 4645 3339 4698 fuit
3363 4643 3754 4697 liln-rtasCliri-

2178 4743 2389 4806 stianis,
2429 4744 2770 4798 nesciebatur
2800 4742 3040 4810 quidem,
3074 4740 3290 4793 ubinam
3323 4747 3467 4792 esset
3517 4737 3753 4803 pretiosa

2178 4851 2394 4899 manus,
2426 4837 2492 4888 ab
2525 4835 2693 4904 iisqni
2714 4835 3102 4888 Antiochenam
3128 4829 3749 4886 habitabautcivitatem.

2179 4926 2281 4981 Sed
2314 4928 2454 4980 haud
2491 4929 2559 4980 ita
2597 4927 2686 4981 diu
2711 4938 2831 4996 post
2861 4942 2954 4994 per
2973 4927 3294 4979 diviniorcm
3331 4922 3625 4976 revelatum
3652 4919 3752 4972 fuit

2179 5019 2439 5070 visionem
2474 5019 2692 5071 ubinam
2733 5029 2875 5071 esset
2929 5017 3212 5070 absconsa.
3247 5016 3418 5080 Quam
3451 5027 3576 5067 cum
3619 5012 3752 5064 tide—

2175 5108 2394 5161 litcr'ex
2422 5124 2487 5161 eo
2512 5110 2632 5161 loco
2658 5108 3028 5173 sustulissent,
3070 5107 3122 5160 in
3157 5120 3218 5159 ea
3248 5102 3566 5157 honoranda
3595 5105 3750 5153 erant

2178 5197 2536 5252 insatiabiles.
2599 5199 2730 5251 Cum
2780 5207 2960 5250 autem
3022 5212 3127 5249 non
3207 5209 3396 5264 parum
3457 5190 3752 5244 cIIluxissct

2178 5291 2461 5357 temporis,
2495 5291 2793 5359 imperator
2818 5289 3162 5344 Justinianus
3198 5289 3341 5340 inter
3369 5284 3494 5348 alia,
3517 5297 3637 5352 qum
3665 5283 3755 5351 pie

2176 5381 2365 5452 gessit,
2398 5382 2524 5436 fecit
2551 5392 2716 5437 etiam
2756 5383 2860 5436 tale
2888 5382 3039 5450 quid.
3081 5380 3228 5454 Ilanc
3281 5378 3422 5430 enim
3458 5371 3752 5426 miraculo-

2176 5487 2295 5527 rum
2322 5474 2646 5528 eﬂectricem
2675 5473 3037 5528 Prmcursoris
3096 5470 3398 5532 dexteram,
3446 5478 3512 5518 ex
3562 5461 3754 5515 Antio-

2173 5566 2318 5630 chia,
2351 5576 2402 5621 et
2430 5564 2640 5620 Domini
2672 5577 2725 5620 et
2761 5565 2854 5620 Dei
2892 5564 3062 5620 nostri
3092 5563 3356 5624 tunicam,
3377 5572 3494 5628 quae
3526 5563 3666 5616 erat,
3694 5553 3748 5607 in

2173 5660 2389 5714 civitate
2414 5659 2816 5720 Maratsemerc,
2839 5667 2891 5711 et
2926 5655 3160 5710 maxime
3181 5649 3543 5706 venerandum
3562 5652 3746 5712 caput.

2173 5767 2235 5805 ex
2270 5749 2458 5814 Emesa
2487 5750 2760 5805 transtulit
2785 5749 2850 5805 ad
2879 5749 3082 5818 regiam
3113 5745 3410 5808 civitatem,
3437 5756 3452 5794 :
3482 5752 3602 5807 quae
3626 5735 3752 5806 Qui-
