4100 6212
417 268 518 333 617

1507 270 1602 331 DE
1644 273 1855 336 MANU
1893 274 1952 334 S.
1993 272 2563 336 PILECUIISOIUS.

3560 268 3667 336 618

420 392 540 440 don
575 386 1000 439 ostettdehantor
1032 385 1314 454 obsignata
1345 387 1627 453 signaculo
1670 387 1841 441 sancti
1894 388 1988 440 int-
2013 394 2063 450 Α
2093 386 2144 437 in
2176 387 2407 439 mediam
2447 388 2625 455 gulam
2660 386 2955 453 jaculatus,
2984 384 3100 454 ejus
3132 384 3277 453 iactu
3323 385 3501 436 statim
3533 396 3666 451 quo.

420 479 689 547 peratoris
717 477 1085 538 Constantini,
1119 479 1182 531 ad
1223 479 1344 542 hoc,
1373 489 1432 532 ttt
1480 495 1588 532 non
1632 478 1864 548 amplius
1915 494 1981 532 ex

415 574 495 626 eis
527 570 849 625 avelleretur
875 570 1037 626 abiis
1088 572 1180 640 qui
1237 574 1721 641 amplecterentur.
1775 571 1985 625 Ablatis

416 676 546 727 ergo
583 661 908 727 signaculis,
940 676 1062 713 cum
1094 661 1353 728 templum
1388 662 1774 724 Prmcnrsoris,
1837 659 1983 728 quod

418 754 469 806 iu
494 751 776 806 Hebdomo
801 760 882 805 est
908 753 978 804 ab
1002 767 1068 807 eo
1097 752 1447 825 aediﬁcatum,
1482 769 1575 821 per
1608 753 1817 807 Domini
1841 754 1988 807 tuni-

418 856 535 895 cam
586 848 641 895 et
673 840 941 909 ejusmodi
998 858 1186 897 sacras
1247 844 1650 898 sanctiﬁcasset
1701 843 1984 912 reliquias,

418 947 611 988 rursus
632 932 841 987 remisit
869 933 985 988 suis
1031 935 1346 1004 obsignatas
1396 934 1694 1004 signaculis
1720 949 1807 995 eo.
1843 934 1988 987 unde

418 1033 698 1099 venerant,
730 1023 904 1078 solent
930 1026 1207 1079 dexteram
1243 1026 1611 1095 propltetiram
1671 1025 1985 1093 relinquens

419 1130 526 1168 non
545 1114 841 1183 signatam,
862 1122 923 1168 ut
953 1130 1073 1184 quae
1103 1126 1400 1186 ttngeretur
1434 1116 1749 1184 unguentis,
1785 1127 1839 1171 et
1861 1133 1986 1171 sus-

415 1206 696 1260 tollcrctttr
724 1206 778 1260 in
815 1206 954 1261 festo
980 1204 1355 1264 Exaltationis.

488 1294 601 1350 XII.
640 1296 702 1348 Et
725 1297 804 1351 sic
829 1297 1047 1366 quidem
1081 1297 1149 1350 de
1173 1298 1257 1353 his
1274 1301 1503 1354 relatum
1530 1307 1613 1354 est
1636 1315 1665 1354 a
1689 1299 1986 1361 veteribus,

414 1388 538 1440 aliis
568 1387 670 1441 alia
726 1388 796 1442 de
852 1404 1014 1441 manu
1057 1391 1437 1464 narrantibus,
1502 1394 1763 1445 conclusa
1807 1400 1985 1444 tamen

416 1479 469 1533 in
499 1495 661 1534 unam
716 1489 769 1533 et
821 1481 1063 1535 eamdem
1099 1482 1221 1537 tidci
1271 1486 1567 1551 notionem,
1592 1494 1647 1538 et
1667 1484 1988 1554 expellentia

414 1585 632 1624 omnem
667 1570 1123 1635 incredulitatem,
1185 1575 1475 1654 aberrante
1510 1576 1714 1631 nemini
1739 1577 1925 1645 procul
1959 1594 1986 1630 τι

418 1661 667 1716 veritate.
708 1662 862 1729 Quod
886 1664 932 1718 si
966 1674 1181 1734 oportet
1213 1654 1375 1720 etiam
1412 1666 1643 1736 alicujus
1673 1668 1989 1722 meminisse

2089 491 2193 543 que
2216 484 2447 530 mortem
2473 476 2521 528 ei
2556 475 2755 529 attulit.

2160 565 2300 622 XIV.
2328 566 2418 621 llis
2440 568 2518 623 sic
2543 568 2729 636 gestis,
2755 575 2908 636 pater
2930 563 3148 634 quidem
3174 562 3347 616 vivam
3383 562 3541 617 tiliam
3569 564 3668 617 do-

2089 676 2238 714 mum
2273 661 2500 723 reducit,
2532 672 2582 714 cl
2605 659 2860 730 Iacrytnis
2883 658 3045 714 simul
3070 667 3122 711 et
3140 655 3337 725 gaudio
3363 657 3549 725 plenus
3572 699 3588 720 ,
3612 664 3667 710 et

2089 752 2488 815 almirahileut,
2542 762 2596 806 et
2646 766 2765 821 qua:
2796 759 2987 821 praeter
3022 748 3332 815 opinionem
3362 746 3662 807 aet-iderat.

2088 845 2211 898 lilia:
2236 860 2464 898 narrans
2488 844 2936 913 redemptionem.
2966 842 3066 908 Qui
3090 850 3268 895 autem
3293 840 3667 894 etrenmsiste.

2099 937 2190 989 hat
2256 940 2515 1004 populus,
2571 937 2771 1005 insigni
2804 937 3068 991 miraculo
3111 932 3553 1002 obstupefactus,
3584 933 3669 988 in~
3704 995 3709 999 η

2094 1038 2280 1092 gentes
2332 1027 2438 1081 Deo
2495 1030 2688 1099 agebat
2739 1029 2962 1098 gratias.
3025 1028 3143 1093 Quo
3193 1024 3392 1081 factum
3456 1035 3567 1090 est,
3610 1036 3671 1080 ut

2090 1116 2417 1173 Praecursnri
2456 1121 2717 1191 templum
2764 1122 2872 1175 illic
2901 1128 3302 1181 eonstruerent,
3344 1119 3433 1173 tibi
3466 1118 3665 1173 factum

2093 1209 2271 1265 fuerat
2300 1212 2644 1274 miraculum,
2668 1214 2813 1280 quod
2855 1214 3205 1267 nominarunt
3251 1211 3585 1281 κρεμαστὸν.
3615 1211 3666 1265 id

2091 1311 2194 1365 est,
2243 1318 2593 1371 suspensum.
2637 1306 2752 1357 sive
2808 1313 3127 1374 propterea,
3164 1305 3308 1372 quod
3359 1319 3519 1370 supra
3561 1313 3669 1355 tet-

2095 1407 2208 1444 ram
2242 1392 2314 1445 sit
2372 1392 2548 1447 solum
2600 1394 2780 1462 templi
2810 1395 3104 1455 elevatum,
3132 1393 3245 1446 sive
3276 1392 3416 1461 quod
3451 1389 3517 1444 ad
3550 1402 3671 1444 tan-

2092 1488 2200 1532 tam
2273 1480 2626 1534 aediﬁciorum
2705 1462 3092 1535 sublimitatem
3153 1481 3274 1548 ejus
3328 1481 3399 1533 sit
3445 1489 3669 1535 extensa

2094 1569 2340 1627 latitudo.
2374 1581 2431 1624 ιιι
2466 1572 2931 1640 conspicientibus
2967 1586 3131 1641 prope
3155 1572 3404 1627 videatur
3434 1573 3671 1640 pendere

2091 1661 2143 1713 in
2203 1676 2347 1717 aere.
2405 1663 2459 1715 Ιιι
2516 1676 2778 1730 quocum
2852 1662 2998 1716 hunc
3048 1677 3262 1717 sacrum
3286 1672 3340 1717 et
3380 1663 3668 1717 miriﬁcum

417 1755 694 1819 miraculi,
727 1756 1011 1812 Αηιίοιςιιῑα
1060 1758 1344 1815 nobiscum
1389 1760 1462 1827 ei,
1515 1762 1658 1830 quod
1718 1761 1984 1821 dicemus.
2021 1738 2059 1793 Β
2089 1752 2317 1822 digitum
2362 1754 2769 1822 deposuissent,
2815 1768 2937 1807 eum
2982 1752 3134 1808 festis
3193 1754 3465 1810 honorant
3516 1755 3673 1808 anni-

418 1850 551 1903 feret
575 1849 952 1905 testimonium
987 1868 1001 1904 :
1035 1853 1179 1920 qttod
1204 1852 1420 1921 quidem
1448 1854 1723 1908 auditione
1773 1869 1803 1907 a
1828 1853 1986 1907 nobis

416 1949 698 2010 acceptum
724 1951 807 1995 est
836 1956 900 1995 es
942 1942 1290 2011 quihusdam,
1323 1944 1414 2011 qtti
1440 1944 1554 1997 illic
1577 1953 1707 1998 sunt
1762 1942 1987 1998 versati.

418 2027 470 2079 lu
501 2043 735 2082 caverna
766 2029 1121 2084 delitescebat
1152 2031 1372 2099 quidam
1404 2031 1577 2085 draco
1619 2032 1671 2084 in
1711 2031 1831 2101 ejus
1876 2031 1991 2085 ﬁni-

418 2118 541 2181 bus,
573 2135 758 2194 quem,
791 2120 882 2189 qui
929 2120 1246 2177 habitabant
1271 2123 1569 2185 civitatem,
1594 2124 1647 2177 in
1675 2125 1807 2179 deos
1845 2123 1987 2177 ret‘e-

418 2220 619 2273 rentes,
654 2212 1032 2267 anniversario
1063 2214 1705 2271 honorabantsacriticio.
1732 2214 1785 2268 ld
1807 2224 1985 2267 autem

414 2316 533 2358 erat
559 2305 735 2374 puella
772 2306 944 2375 virgo,
993 2322 1115 2374 quae
1170 2308 1335 2376 paulo
1381 2316 1512 2361 ante
1546 2313 1869 2377 pervenerat
1918 2306 1987 2360 ad

417 2395 783 2463 pubertatem,
813 2406 867 2453 et
890 2411 1111 2468 propter
1140 2415 1246 2453 non
1274 2399 1536 2467 pollutam
1590 2399 1986 2468 virginitatem,

416 2489 845 2545 conservabatur
869 2491 1092 2546 draconi
1124 2492 1475 2547 sacriﬁcium.
1503 2492 1637 2558 Quis
1657 2499 1776 2548 erat
1804 2505 1984 2547 autem

417 2580 614 2633 tuodus
636 2581 893 2636 sacriﬂeii

490 2668 631 2725 XIII.
671 2671 725 2725 In
762 2687 827 2726 eo
856 2674 975 2744 ipso
1002 2673 1143 2737 loco,
1186 2675 1238 2730 in
1266 2690 1375 2745 quo
1401 2685 1519 2731 erat
1571 2691 1801 2732 caverna
1855 2678 1985 2731 dra-

416 2762 591 2827 conis,
620 2765 948 2821 Antioeheni
980 2767 1195 2838 publice
1245 2768 1602 2833 conﬂuentes,
1646 2779 1701 2825 et
1729 2769 1986 2840 frequens

414 2854 593 2910 ell‘ecti
645 2856 940 2925 theatrum,
998 2876 1121 2913 cum
1182 2862 1416 2929 puellam
1474 2862 1985 2928 circumduxissent,

416 2946 731 3015 praebebant
761 2949 1126 3005 devorandam
1148 2953 1394 3008 draconi.
1430 2952 1479 3009 Is
1506 2968 1633 3008 vero
1660 2967 1987 3025 proserpens

414 3053 445 3091 e
473 3052 728 3105 caverna,
773 3050 828 3095 et
857 3042 1194 3111 insperatum
1247 3054 1303 3100 et
1347 3046 1672 3103 incredibile
1715 3062 1986 3117 apparens

414 3132 763 3195 miraculum,
794 3149 1022 3204 serpens
1078 3145 1134 3191 et
1194 3153 1389 3207 repens
1452 3140 1568 3194 suis
1632 3140 1880 3213 pedibus,
1932 3149 1987 3195 et

416 3223 783 3292 naturali,qui
816 3235 902 3279 est
938 3226 1106 3291 intus,
1144 3228 1337 3298 spiritu
1366 3229 1708 3296 incurvatus,
1737 3238 1791 3286 et
1812 3231 1986 3299 instar

413 3315 576 3368 unda:
615 3324 728 3370 tum
790 3317 994 3382 factus,
1051 3321 1220 3375 hianti
1260 3337 1357 3375 ore
1377 3332 1429 3377 et
1479 3323 1707 3379 dilatato
1763 3324 1986 3379 thorace

414 3406 713 3474 accipiebat
743 3410 1101 3471 sacrificium,
1134 3423 1189 3466 et
1221 3413 1494 3468 lacerabat
1543 3415 1822 3470 dentibus.
1881 3415 1986 3470 Pro

415 3512 565 3550 more
598 3508 777 3553 autem
842 3515 964 3556 sors
992 3501 1258 3571 obtigerat
1289 3505 1504 3558 cuidam
1558 3506 1891 3567 Christiano,
1925 3518 1987 3561 ιιι

416 3601 567 3641 suam
598 3590 754 3642 daret
791 3589 952 3643 filiam
1015 3591 1240 3645 draconi
1293 3593 1727 3656 saerilicandam,
1759 3593 1851 3663 qui
1882 3592 1986 3647 sti-

418 3680 578 3733 mulis
606 3681 885 3736 sanciatus
940 3685 1306 3749 naturalibus,
1346 3700 1411 3737 es
1463 3687 1631 3739 corde
1675 3685 1987 3754 suspirabat

418 3769 484 3824 ad
521 3773 815 3826 tttasltnnnt
874 3773 1297 3831 Praecursoretn.
1370 3776 1433 3829 Et
1472 3782 1531 3829 ut
1588 3776 1692 3830 lilia
1729 3792 1758 3829 a
1813 3785 1987 3831 morte

418 3866 622 3919 servari
656 3866 848 3934 possit.
886 3868 993 3921 tale
1037 3868 1167 3936 quid
1222 3870 1533 3935 excogitat:
1562 3867 1698 3922 Cum
1734 3883 1985 3937 magnam

416 3953 526 4009 vim
556 3956 675 4009 auri
707 3957 846 4024 apud
879 3973 938 4011 se
956 3958 1351 4022 abscondissct,
1383 3959 1519 4024 petit
1550 3967 1609 4011 ιιι
1635 3958 1736 4011 sibi
1775 3957 1989 4027 pennit-

415 4051 625 4097 teretur
676 4044 906 4100 adorare
958 4061 1178 4099 manum
1204 4055 1450 4099 sanctam
1504 4045 1573 4099 ab
1607 4061 1692 4107 eo,
1719 4044 1810 4112 qui
1839 4044 1984 4098 illam

414 4133 690 4187 servabat.
724 4134 773 4188 Is
806 4144 989 4189 autem
1014 4135 1284 4191 concessit
1311 4136 1659 4205 postulatum.
1696 4134 1831 4189 Cum
1860 4150 1986 4190 vero

419 4222 464 4275 is
489 4222 541 4277 in
584 4222 670 4278 his
702 4235 869 4291 esset,
904 4229 1128 4296 etquod
1163 4228 1424 4282 ali'erebat
1474 4243 1668 4283 aurum
1735 4229 1982 4293 latenter,

418 4320 677 4384 tanquam
706 4319 805 4371 sub
832 4329 1094 4386 praetextu
1132 4320 1422 4385 adorandi,
1470 4321 1619 4373 humi
1677 4320 1984 4381 eﬂudisset.

2093 1845 2371 1905 versariis,
2439 1844 2799 1907 miraculum,
2861 1849 3002 1914 quod
3062 1845 3263 1899 factum
3313 1845 3523 1909 fuerat,
3575 1861 3672 1916 per

2090 1936 2675 1990 comtttemorationem
2758 1935 3186 1990 transmittentes
3275 1936 3342 1989 ad
3402 1946 3669 2005 posteros.

2094 2026 2303 2081 Dicitur
2326 2026 2490 2082 etiam
2516 2029 2660 2082 aliud
2694 2044 2911 2098 quoque
2935 2030 3130 2082 mirum
3164 2028 3268 2084 tale
3297 2029 3409 2082 fieri
3428 2030 3667 2098 signum.

2092 2117 2265 2187 llujus
2322 2120 2531 2175 scilicet
2584 2131 2787 2180 sancte
2852 2135 3045 2175 manus
3105 2120 3400 2190 aliquando
3448 2121 3668 2189 quidem

2087 2211 2307 2265 extendi
2357 2212 2581 2278 digitos,
2607 2213 2902 2281 aliquando
2946 2228 3077 2267 vero
3128 2213 3399 2280 contrahi,
3440 2230 3670 2282 qnerunt

2086 2304 2405 2358 extensione
2430 2304 2646 2374 quidem
2672 2304 2967 2375 signiﬁcari
2995 2304 3330 2362 fertilitatem
3370 2307 3665 2374 fructuum,

2088 2398 2459 2450 contractione
2484 2405 2663 2449 autem
2697 2397 2933 2466 inopiam
2965 2407 3019 2451 et
3050 2398 3349 2465 penuriam.

2167 2485 2283 2540 XV.
2334 2488 2468 2540 Cum
2524 2495 2707 2542 autem
2752 2489 2928 2551 multi,
2972 2489 3062 2557 qui
3112 2498 3237 2543 ante
3292 2502 3390 2543 nos
3426 2490 3663 2551 fuerunt.

2093 2576 2453 2646 imperatores
2509 2577 2651 2631 hanc
2728 2592 2949 2633 manum
3014 2578 3419 2634 desiderassent
3473 2582 3666 2649 quovis

2093 2670 2256 2724 modo
2315 2669 2626 2737 possidere,
2681 2686 2781 2725 nec
2837 2671 3057 2734 sinere,
3116 2680 3171 2725 nt
3215 2680 3427 2726 tantum
3460 2673 3660 2728 bonum

2088 2768 2330 2814 maneret
2382 2760 2523 2830 apud
2574 2761 2834 2816 barbaras
2891 2774 3103 2831 gentes.
3166 2778 3285 2830 qum
3313 2774 3494 2832 partes
3548 2766 3665 2823 illas

2087 2862 2440 2922 occuparant.
2506 2854 2815 2921 captivum;
2882 2855 3181 2923 augebatur
3220 2855 3459 2925 quidem,
3488 2872 3555 2913 ac
3581 2860 3666 2911 via

2087 2944 2242 3012 gebat
2273 2942 2395 3009 eius
2424 2943 2499 2998 rei
2532 2943 2863 2999 desiderium
2883 2984 2898 3007 ,
2929 2944 3024 2999 sed
3068 2945 3278 3008 modus,
3312 2962 3419 3015 quo
3454 2947 3505 3003 id
3535 2963 3666 3018 pos-

2092 3037 2357 3095 siderent,
2389 3035 2539 3090 nullo
2578 3036 2737 3089 modo
2768 3036 2994 3091 inveniri
3026 3046 3255 3105 poterat.
3314 3037 3380 3091 Et
3425 3054 3548 3095 cum
3585 3043 3667 3095 eis

2090 3128 2380 3195 aliquando
2429 3129 2603 3182 visum
2654 3138 2819 3191 esset,
2883 3128 3062 3182 dando
3126 3130 3446 3197 pecuniam,
3505 3132 3665 3188 talem

2089 3238 2413 3289 comparare
2467 3223 2807 3283 thesaurum,
2840 3237 3044 3281 acrem.
3076 3232 3134 3276 ut
3160 3223 3321 3277 estin
3352 3225 3665 3294 proverbio.

2088 3316 2283 3383 pugnis
2320 3314 2616 3368 cedebant.
2665 3313 3084 3368 Desiderabatur
3130 3331 3257 3385 ergo
3289 3317 3359 3370 ab
3392 3317 3665 3378 omnibus,

2085 3407 2341 3476 aquibus
2380 3422 2574 3461 nomen
2605 3406 2807 3462 Christi
2828 3416 2906 3461 est
2941 3408 3249 3462 invocatum
3278 3424 3293 3462 :
3329 3419 3383 3463 et
3427 3410 3662 3480 quicun-

2086 3516 2193 3568 que
2224 3500 2275 3552 in
2305 3498 2425 3567 ejus
2450 3499 2526 3554 rei
2557 3500 2875 3555 versabatur
2902 3501 3248 3571 cogitatione,
3280 3500 3445 3556 Deum
3500 3517 3665 3573 roga-

2091 3590 2187 3646 bat
2237 3589 2532 3659 gemitibus
2591 3590 3068 3653 inenarrabilibus,
3105 3600 3163 3644 ut
3202 3590 3451 3658 benignis
3494 3592 3668 3646 oculis

2092 3692 2255 3732 auum
2319 3677 2588 3747 aspiceret
2634 3679 2909 3748 populum,
2974 3689 3027 3733 et
3082 3681 3199 3747 ejus
3257 3694 3383 3734 eum
3428 3678 3669 3736 efﬁceret

2096 3783 2469 3836 possessorem
2488 3778 2542 3824 et
2562 3779 2944 3833 spectatorem.
2967 3767 3236 3837 Quoniam
3260 3780 3438 3825 autem
3472 3771 3668 3830 divine

2087 3862 2452 3920 Providentia:
2491 3875 2624 3920 sunt
2678 3866 2860 3918 omnia
2928 3866 3217 3935 praeﬁnita.
3255 3867 3306 3921 ei
3351 3866 3443 3934 qui
3485 3870 3666 3923 omnis

2088 3956 2361 4024 praescivit
2436 3966 2561 4009 ante
2627 3956 2891 4009 mundum
2969 3958 3288 4021 conditum,
3348 3957 3666 4027 despicienti

2087 4059 2327 4118 tempora
2363 4057 2563 4103 nostrae
2601 4048 2917 4111 inscientiae,
2954 4049 3155 4118 placuit
3194 4064 3288 4118 per
3325 4049 3521 4104 multas
3542 4064 3669 4105 suas

2088 4141 2497 4203 tniserattones,
2550 4148 2610 4195 ut
2643 4138 2696 4194 iu
2731 4140 2833 4195 hac
2871 4154 3092 4210 quoque
3124 4139 3473 4204 generatione
3515 4157 3667 4194 revev

2090 4231 2299 4287 laretur
2339 4232 2443 4286 hoc
2478 4246 2736 4300 magnum
2763 4240 2816 4285 et
2841 4231 3052 4299 insigne
3084 4229 3432 4293 miraculum,
3475 4231 3529 4284 in
3558 4247 3665 4303 qua

2086 4323 2485 4378 Constantinus
2520 4331 2575 4375 et
2616 4320 2912 4385 llomattus,
2958 4321 3051 4390 qui
3100 4320 3248 4391 digni
3284 4329 3427 4374 -snnt
3459 4327 3669 4390 magnis

420 4418 559 4459 recta
589 4409 848 4476 processit
895 4411 959 4464 ad
997 4411 1350 4466 adorandum.
1383 4412 1639 4496 Aﬁdituus
1663 4424 1867 4476 autem,
1926 4420 1985 4466 ut
2017 4415 2059 4469 ἰ)
2093 4416 2363 4477 laudibus,
2416 4414 2482 4468 ab
2531 4412 2649 4481 ipso
2678 4422 2803 4467 ortu
2859 4414 3151 4481 purpureis
3195 4410 3383 4467 fasciis
3417 4414 3668 4473 involuti.

418 4497 507 4564 qui
558 4501 730 4555 avidis
775 4504 947 4557 oculis
988 4504 1053 4557 ad
1116 4520 1308 4558 aurum
1338 4508 1621 4574 aspiceret,
1652 4508 1895 4562 cucurrit
1914 4506 1980 4559 ad

420 4588 546 4642 illul
599 4592 980 4662 colligendum.
1038 4596 1129 4650 Ille
1156 4608 1359 4660 autem,
1390 4599 1480 4667 qui
1509 4600 1733 4668 petierat
1754 4639 1771 4663 ,
1796 4607 1854 4652 ut
1879 4597 1983 4653 sibi

421 4681 602 4737 liceret
647 4686 893 4751 adorare,
946 4703 1069 4743 cum
1114 4705 1173 4744 se
1227 4689 1587 4755 incurvasset,
1641 4700 1695 4745 et
1729 4700 1900 4745 totum
1928 4705 1987 4746 se

417 4774 469 4827 itt
506 4776 741 4831 loculum
781 4778 1134 4845 inclinasset,
1167 4781 1353 4836 divino
1388 4783 1667 4838 sauciatus
1697 4783 1983 4845 desiderio,

414 4881 542 4918 cum
602 4868 921 4925 veneranda;
961 4872 1195 4925 dexterae
1253 4864 1501 4941 pellicem
1562 4872 1883 4936 osculando,
1932 4882 1989 4927 et

415 4956 566 5010 labra
632 4959 974 5015 admovendo
1030 4962 1306 5019 mordicus
1354 4963 1605 5020 dentibus
1642 4965 1986 5027 abscidisset,

419 5056 471 5099 rt
533 5051 884 5116 occultasset,
953 5070 981 5107 a
1012 5056 1212 5124 templo
1267 5058 1688 5127 quamprimum
1740 5059 1986 5112 recessit.

389 5140 551 5213 illum
596 5153 774 5197 autem
823 5145 934 5213 jam
976 5147 1089 5200 dies
1137 5149 1483 5203 adventasset
1513 5148 1791 5212 sacrilteii,
1834 5160 1885 5203 et
1909 5150 1989 5204 ci-

380 5204 566 5286 }vimn
619 5249 938 5305 eornntque,
987 5238 1079 5306 qui
1125 5239 1672 5304 circumhabitabant,
1701 5240 2055 5295 collectuma-

420 5334 563 5380 esset
596 5328 889 5392 theatrum,
913 5329 1127 5383 accedit
1158 5341 1307 5399 pater
1340 5332 1571 5399 puellam
1623 5332 1896 5386 adducens
1921 5331 1987 5386 ad

422 5418 775 5473 sacriﬁcium.
837 5418 1047 5474 Etcum
1099 5421 1285 5475 fuisset
1339 5438 1504 5493 prope
1546 5424 1872 5489 draconem,
1936 5436 1992 5479 et

423 5525 548 5561 cum
573 5509 793 5564 vidisset
827 5523 982 5566 vasto
1012 5528 1106 5565 ore
1145 5514 1403 5574 hiantem,
1437 5523 1491 5567 et
1538 5514 1826 5571 horrendis
1854 5516 1992 5570 sibi-

432 5601 499 5651 Iis
555 5615 674 5664 eos.
727 5602 819 5673 qtti
851 5604 1165 5664 audiebant.
1204 5614 1514 5670 terrentem,
1570 5618 1621 5661 et
1665 5608 1989 5663 sacriﬁcium

431 5692 845 5757 desiderantem,
872 5710 1084 5748 sacrum
1113 5695 1264 5748 illum
1284 5704 1339 5751 et
1370 5699 1732 5754 venerandum
1765 5699 1990 5771 digitum

736 5792 999 5850 Ινιτιιοι.
1044 5791 1134 5852 ﬁn
1197 5791 1343 5853 CXI.

2095 4502 2353 4571 regebant
2390 4502 2627 4556 habenas
2658 4502 2888 4572 imperii.
2922 4500 2977 4557 Id
3030 4511 3209 4557 autem
3239 4510 3323 4556 est
3354 4506 3671 4559 veneranda:

2094 4594 2457 4649 Pra’cut'soris
2481 4610 2673 4650 manus
2700 4595 3025 4666 exportatio,
3056 4606 3110 4651 et
3140 4597 3435 4652 revocatio.

2163 4688 2301 4743 XVI.
2352 4688 2540 4744 Modus
2591 4697 2772 4744 autem
2794 4690 3174 4756 revocationis,
3215 4700 3299 4745 est
3320 4690 3477 4745 valde
3504 4691 3667 4747 mira-

2098 4782 2223 4836 bilis
2294 4792 2345 4833 et
2401 4790 2593 4852 pra’ter
2635 4782 2971 4850 opinionem.
3021 4781 3155 4837 Nato
3191 4785 3275 4837 vir
3300 4784 3543 4853 quidam,
3576 4774 3673 4855 an

2092 4883 2204 4922 erat
2232 4870 2432 4923 relatus
2461 4870 2514 4923 itt
2573 4879 2774 4924 saltem
2807 4870 3159 4925 diaconoruut
3213 4872 3510 4927 Antiochia
3537 4873 3669 4927 civi-

2094 4963 2241 5023 tatis,
2290 4959 2663 5021 Johnomine.
2715 4976 2951 5031 superne
3019 4964 3337 5032 inspiratus,
3376 4974 3432 5019 et
3483 4964 3670 5018 divino

2096 5058 2211 5107 za-to
2243 5053 2501 5121 repletus,
2532 5052 2672 5121 apud
2705 5068 2764 5107 se
2811 5054 3105 5121 cogitabat,
3134 5065 3386 5125 possetne
3432 5053 3671 5111 Praecur.

2096 5145 2240 5199 suris
2263 5142 2563 5198 suﬁ'uratus
2590 5145 2890 5208 dexteram,
2920 5160 3039 5200 eam
3069 5146 3275 5202 donum
3304 5146 3669 5202 desideratum

2097 5238 2281 5308 largiri
2324 5237 2690 5301 Christianis;
2748 5248 2910 5309 atque
2938 5238 3075 5292 adeo
3123 5237 3190 5291 ad
3217 5237 3377 5291 talem
3399 5236 3666 5304 processit

2098 5330 2516 5396 experientiam.
2575 5329 2866 5385 Pulchrum
2899 5332 3156 5399 templum
3179 5336 3234 5383 et
3262 5326 3533 5382 excelsum
3562 5328 3663 5381 sub

2100 5423 2321 5475 nomine
2373 5420 2514 5476 I’etri
2568 5423 2938 5492 apostolorum
2987 5421 3251 5490 principis
3311 5419 3550 5489 positum
3591 5433 3671 5474 est

2102 5514 2157 5570 iu
2210 5530 2273 5569 ea
2315 5514 2550 5569 civitate.
2614 5514 2673 5569 In
2736 5516 2900 5584 hujus
2954 5512 3219 5568 vestibulo
3257 5527 3381 5567 eum
3432 5527 3585 5566 suam
3629 5513 3673 5566 is

2102 5607 2322 5663 iecisset
2371 5607 2783 5672 habitationem,
2852 5621 2978 5662 cum
3041 5619 3327 5662 sacrorum
3355 5646 3371 5673 ,
3405 5621 3525 5675 qua
3564 5604 3674 5658 illia:

2101 5708 2279 5769 erant,
2333 5715 2582 5756 vasorum
2635 5699 2860 5756 custode
2919 5692 3037 5752 iniit
3068 5700 3381 5764 amicitiam,
3435 5710 3572 5754 utea
3606 5699 3672 5751 de

3196 5790 3270 5857 20
