4100 6212
372 234 549 309 ἫΏ

1032 241 1310 303 ἸἩΕΟΙ).
1352 235 1872 318 ΒΑΡΗΝΟΡΛΤίΕ
1905 234 2001 295 DE
2029 233 2245 295 MANU
2276 233 2336 293 S.
2372 230 2945 294 PBJECURSORIS.

3543 226 3650 292 620

409 344 575 415 causa
633 364 881 413 tentaret
938 370 1063 411 cuin
1121 356 1243 428 ipso
1294 364 1405 410 tota
1458 364 1615 409 nocte
1659 351 1978 407 venerandae
2007 348 2427 439 Adirigeuteni.
2472 347 2643 402 Porro
2707 356 2891 401 autem
2939 344 3140 415 aliquid
3192 358 3410 415 quoque
3452 344 3653 399 accidit

405 465 600 506 manus
632 449 887 504 assidere
957 447 1153 503 loculo.
1181 447 1472 516 Postquam
1506 455 1686 499 autem
1737 442 1981 513 petitioni

388 521 515 590 mon
571 538 852 603 annuitis,
915 535 1001 591 cui
1037 536 1244 590 credita
1298 534 1474 589 fuerat
1504 536 1769 595 custodia,
1805 532 1979 599 inopi-

408 637 592 683 natum
640 630 775 698 quid
833 629 1097 699 cogitans,
1123 626 1187 681 ad
1210 628 1372 681 aliam
1410 626 1985 681 transitinachinatio-

393 736 549 774 nem.
572 722 702 776 Cum
726 732 1039 789 sumptuosa
1057 729 1109 774 et
1131 720 1274 773 lauta
1305 735 1490 774 mensa
1527 734 1649 773 eum
1681 718 1985 772 exhilaras-

404 820 513 872 set,
563 819 615 863 ct
642 812 813 865 amice
839 826 960 865 eum
998 809 1062 862 ad
1099 809 1385 863 bibendum
1420 808 1717 871 invitando,
1756 808 1823 861 ad
1860 822 1986 877 pro-

412 901 640 953 fundum
682 912 733 951 et
764 900 923 953 morti
954 899 1183 953 similem
1237 913 1490 952 somnum
1539 899 1887 962 deduxisset;
1930 904 1985 951 et

404 991 820 1058 per-quamdam
850 990 1137 1043 fenestram
1201 988 1519 1056 intempesta
1598 996 1763 1042 nocte
1813 1002 1873 1042 se
1927 986 1981 1041 in

412 1083 667 1149 templum
694 1081 1019 1145 deini~isset,
1055 1080 1255 1135 sensim
1277 1088 1331 1132 et
1368 1080 1488 1132 sine
1517 1081 1766 1146 strepiio,
1824 1092 1982 1133 sacro

412 1162 596 1239 aperto
623 1170 799 1223 loculo
828 1171 881 1239 (ο
908 1184 1019 1222 rem
1050 1177 1100 1220 et
1132 1166 1275 1221 factu
1311 1174 1366 1219 et
1413 1166 1596 1218 auditu
1630 1164 1983 1230 terribilem!)

414 1262 609 1329 accipit
665 1262 974 1328 pretiosam,
1005 1272 1125 1327 quae
1148 1256 1576 1321 desiderabatur,
1621 1256 1895 1309 dexteram
1930 1264 1986 1308 et

415 1369 630 1407 summo
688 1355 904 1407 silentio
956 1365 1230 1413 reversus,
1289 1349 1574 1419 diligenter
1602 1349 1816 1417 quidem
1841 1348 1982 1417 apud

414 1450 472 1498 s'c
500 1436 697 1506 Ser-vat,
727 1440 868 1514 quod
890 1443 1099 1497 furatus
1129 1441 1326 1505 fuerat,
1380 1457 1447 1495 ne
1472 1451 1889 1511 cognosceretur
1914 1439 1984 1493 ab

413 1536 595 1604 aliquo
614 1536 999 1590 barbarorum.

441 1620 449 1625 ’
486 1627 649 1681 XVII.
683 1626 818 1682 lliiic
843 1630 1116 1697 egreditur
1145 1629 1457 1691 Antiochia,
1490 1635 1547 1681 et
1585 1627 1686 1680 iter
1721 1626 1837 1679 iniit
1871 1639 1987 1678 ma-

2084 441 2206 494 aliis
2243 441 2415 508 magis
2448 438 2788 504 admirabile,
2813 448 2867 493 et
2893 439 3112 505 dignum
3140 451 3299 490 manu
3341 435 3654 490 veneranda

2084 530 2466 587 Praecursoi-is.
2514 532 2716 585 Aderat
2761 531 2907 585 enim
2960 529 3077 584 dies
3124 527 3302 583 festus
3334 537 3652 584 sanctorum

2082 622 2401 685 Luminum,
2438 622 2491 674 in
2527 637 2638 690 quo
2688 636 2814 675 vera
2845 620 2933 675 illa
2994 619 3131 683 Lux,
3154 618 3411 675 Jordanis
3452 617 3655 673 ﬂuenta

2083 714 2476 782 complectens,
2527 713 2777 767 humanae
2828 720 3036 765 naturae
3068 710 3451 766 contritionem
3478 707 3653 765 refor-

2085 807 2273 860 mavit.
2335 805 2402 859 Et
2449 806 2705 874 quoniam
2753 804 3093 875 praecedente
3142 802 3233 858 die
3261 801 3468 873 jejunio
3515 816 3657 872 prae.

2084 914 2402 970 purgamur,
2460 898 2660 952 accidit
2712 908 2771 951 ut
2828 896 2883 950 in
2918 895 3034 965 ipsa
3058 895 3192 949 liora
3237 893 3564 963 vespertina,
3598 894 3655 949 in

2083 1010 2191 1065 qua
2226 1010 2342 1048 mos
2390 1002 2475 1047 est
2492 990 2828 1047 Christianis
2857 1005 3116 1061 peragere
3142 987 3657 1050 sanctitlcationem,

2085 1087 2267 1140 divina
2296 1100 2489 1139 manus
2519 1083 2799 1139 advenerit
2838 1098 2855 1137 :
2882 1096 3046 1151 quam
3070 1095 3195 1136 cum
3226 1077 3437 1134 Christi
3469 1093 3659 1133 aman-

2087 1178 2339 1233 tissimus
2400 1177 2713 1245 imperator,
2781 1183 3039 1242 tanquam
3087 1172 3311 1227 caeleste
3356 1171 3562 1225 donum
3601 1180 3660 1226 et

2085 1272 2154 1325 ab
2186 1271 2404 1325 interitu
2435 1270 2673 1323 alienum
2696 1268 3046 1335 suscepisset,
3092 1276 3143 1319 et
3181 1264 3464 1332 amplexus
3490 1272 3654 1325 esset,

2085 1361 2460 1429 desideriique
2526 1372 2581 1413 et
2635 1359 2756 1413 fidei
2807 1358 3069 1428 lacrymas
3099 1355 3407 1420 effudisset,
3447 1355 3658 1424 reponit

2086 1454 2139 1507 in
2168 1455 2344 1507 medio
2392 1453 2714 1521 templorum
2756 1449 3041 1514 regalium,
3064 1448 3210 1501 adeo
3235 1456 3293 1500 ut
3321 1461 3511 1500 omnes
3537 1461 3659 1502 cre-

2089 1548 2284 1599 derent
2335 1546 2484 1598 illum
2552 1544 2732 1613 ipsum
2782 1545 2976 1597 adesse
3031 1539 3353 1609 Baptistam,
3395 1538 3498 1593 etsi
3552 1541 3656 1593 sub

2087 1646 2364 1705 aspi-rtiim
2429 1651 2535 1689 non
2592 1636 2829 1695 caderet,
2891 1643 2945 1686 et
2998 1629 3311 1701 propositas
3368 1644 3654 1699 aquassua

419 1732 524 1787 gno
574 1725 719 1772 metu
756 1720 1008 1781 allectus,
1042 1735 1106 1773 ne
1134 1737 1219 1774 res
1249 1724 1397 1773 fieret
1420 1716 1701 1771 manifesta
1727 1716 1981 1777 inimicis,

2090 1726 2423 1782 sanctificare
2495 1726 2733 1779 dextera.
2783 1721 2921 1777 Hinc
2976 1721 3313 1776 canebantur
3352 1718 3655 1790 liymnodiaa

415 1806 482 1864 ad
535 1812 940 1880 exsequendum
994 1816 1327 1883 propositum
1384 1812 1568 1865 multis
1636 1825 1776 1878 saepe
1824 1820 1981 1862 utens

414 1900 685 1969 precibus.
744 1903 946 1956 Locum
978 1914 1159 1957 autem
1198 1904 1334 1967 loco,
1382 1912 1436 1956 ct
1460 1903 1731 1957 civitatein
1764 1902 1984 1953 civitate

414 2001 778 2056 comniutans,
845 1992 1136 2047 festinabat
1177 1995 1241 2046 ail
1270 1996 1497 2047 exitum.
1546 1992 1791 2060 Cumque
1818 1992 1981 2045 lethi-

417 2080 560 2135 feras
607 2082 727 2135 illas
784 2083 899 2136 vias
942 2083 1020 2136 sic
1081 2084 1425 2151 pervasisset,
1474 2083 1717 2151 pervenit
1750 2082 1814 2133 ad
1846 2079 1981 2133 Iliies

415 2172 712 2239 Romanos,
742 2190 996 2244 magnum
1020 2177 1234 2243 quiileni
1265 2176 1414 2228 illum
1452 2183 1652 2229 metuin
1678 2173 1979 2238 excutiens,

415 2264 674 2320 audacius
712 2275 890 2320 autem
932 2280 982 2320 et
1010 2266 1367 2321 confidentius
1389 2266 1653 2322 festinans
1680 2264 1748 2318 ad
1778 2265 1979 2333 regiam

418 2359 719 2413 civitatein.
777 2360 1071 2427 Postquam
1134 2374 1263 2412 vero
1318 2358 1488 2412 fidelis
1536 2359 1828 2425 imperator
1865 2355 1984 2423 ejus

417 2450 637 2506 rescivit
690 2450 1003 2516 adventum,
1032 2460 1085 2505 et
1127 2468 1183 2504 re
1205 2450 1506 2504 admirabili
1538 2449 1641 2503 fuit
1667 2449 1985 2518 obstupefa-

419 2552 560 2607 ctus,
609 2543 826 2597 Christo
852 2544 1071 2612 quidem
1106 2559 1211 2596 non
1241 2550 1450 2612 poterat
1484 2556 1642 2610 agere
1668 2541 1867 2610 gratias
1892 2554 1988 2608 pro

416 2636 699 2706 dignitate,
726 2644 958 2705 utquem
987 2638 1315 2705 insperatum
1352 2635 1637 2703 impediret
1679 2633 1933 2701 gaudium
1971 2648 1985 2687 :

415 2742 512 2781 eos
544 2739 747 2792 autem,
777 2727 869 2796 qui
916 2728 1018 2780 hoc
1044 2736 1290 2781 sanctum
1335 2740 1461 2779 cum
1502 2724 1738 2795 hymnis,
1780 2723 1992 2790 lampa-

416 2811 576 2873 dibus
610 2829 663 2872 ct
691 2818 981 2886 unguentis
1007 2827 1195 2871 essent
1247 2817 1573 2885 suscepturi,
1604 2826 1658 2869 et
1704 2817 1767 2867 ad
1813 2815 1989 2883 ipsum

420 2909 660 2974 allaturi,
685 2908 864 2961 emisit
896 2925 911 2962 :
938 2915 996 2960 ut
1022 2911 1163 2961 sicut
1225 2908 1339 2976 ipse
1367 2923 1463 2961 vox
1497 2906 1783 2961 clamantis
1814 2907 1867 2959 in
1893 2906 1993 2958 ile-

420 3010 565 3053 sertu
590 3014 784 3070 parare
811 3001 925 3055 vias
958 2998 1192 3066 Domini,
1235 3009 1289 3053 et
1314 3000 1538 3055 semitas
1563 3008 1737 3053 rectas
1792 2996 1986 3060 facere,

2087 1820 2332 1888 spiritus,
2358 1818 2505 1870 illata
2564 1815 2768 1870 lumina
2804 1814 3064 1883 templum
3096 1811 3502 1876 illuminabant,
3540 1825 3658 1865 om-

2085 1912 2236 1965 nium
2290 1910 2432 1963 oculi
2491 1908 2557 1963 ad
2618 1923 2829 1962 sacram
2881 1920 3100 1975 capsam
3162 1913 3319 1960 erant
3365 1903 3656 1971 aperti,“

2086 2008 2307 2070 aspectu
2342 1998 2663 2052 hauriebam
2691 1994 3198 2051 sanctificationem.

2158 2090 2299 2144 XIX.
2343 2089 2434 2144 Sic
2482 2090 2700 2159 quidem
2750 2103 2873 2141 cuni
2898 2085 3095 2142 festum
3133 2094 3451 2141 sanctorum
3482 2081 3662 2140 Theo-

2088 2184 2439 2252 phanioriim,
2500 2190 2554 2235 et
2611 2181 2689 2234 sic
2749 2179 2912 2233 etiam
2935 2192 3193 2247 sequens,
3257 2176 3312 2232 in
3377 2192 3488 2247 quo
3515 2177 3661 2233 sacri

2086 2272 2450 2328 Praecursoris
2481 2269 2743 2325 memoria
2771 2279 2855 2323 est
2871 2269 3034 2323 altius
3051 2268 3206 2323 nobis
3222 2267 3441 2331 tradita,
3462 2268 3662 2337 quippe

2086 2368 2178 2437 qui
2206 2367 2372 2419 divini
2416 2363 2755 2430 baptismatis
2784 2361 3040 2431 mysterio
3083 2359 3667 2429 inservierit,peregis—V

2088 2469 2273 2511 semus
2324 2465 2377 2509 et
2416 2453 2930 2515 celebravissenius,
2993 2448 3361 2519 judicaviinus
3414 2464 3511 2519 par
3538 2463 3662 2504 esse

2090 2564 2284 2603 manus
2308 2561 2527 2618 quoque
2555 2547 2822 2598 honorare
2844 2542 3237 2613 depositionem
3270 2541 3422 2596 festis
3437 2542 3671 2604 annuis,

2090 2643 2194 2696 hac
2239 2654 2456 2710 quoque
2494 2644 2882 2693 connuiiierata
2928 2634 3052 2689 aliis
3106 2633 3225 2704 ejus
3253 2633 3426 2698 festis,
3467 2642 3527 2687 ut
3590 2648 3659 2688 ex

2092 2735 2256 2789 rebus
2307 2731 2452 2785 illius
2491 2730 2626 2785 nihil
2659 2729 2728 2784 sit
2757 2742 2864 2783 non
2896 2727 3192 2796 gloriosum
3229 2735 3284 2780 et
3317 2725 3661 2781 admirabile.

2091 2823 2158 2877 Et
2210 2837 2357 2876 nunc
2381 2835 2507 2876 ecce
2553 2820 2709 2875 adest
2738 2820 2838 2874 hoc
2887 2818 3084 2872 festum
3114 2820 3315 2871 clarum
3361 2828 3416 2872 et
3450 2817 3664 2888 insigne

2092 2926 2217 2986 post
2265 2914 2590 2969 circularem
2644 2913 2772 2967 anni
2836 2911 3122 2974 ambitum,
3171 2910 3443 2965 distillans
3505 2910 3664 2964 nobis

2095 3008 2295 3062 imbres
2347 3005 2757 3069 miraculorum,
2809 3012 2864 3058 et
2888 3017 2950 3059 ea
2982 3002 3234 3066 aﬂ‘erens,
3270 3016 3391 3071 quae
3422 3010 3556 3057 sunt
3578 2999 3662 3055 fu-

418 3094 608 3161 jussus
662 3102 819 3157 erat;
879 3092 949 3146 ita
976 3093 1135 3147 etiam
1165 3092 1263 3161 ipsi
1290 3089 1992 3156 Christianamingredienti
2020 3116 2063 3175 α
2099 3110 2217 3155 tum
2273 3098 2470 3153 animis
2516 3097 2722 3151 nostri;
2777 3088 3160 3150 conducibilia:
3198 3094 3294 3148 Es],
3336 3108 3466 3164 ergo
3506 3092 3664 3147 nobis

420 3185 720 3249 civitatem,
765 3195 819 3239 et
851 3199 882 3239 a
941 3200 1049 3254 qua
1078 3184 1197 3254 ejus
1225 3185 1392 3256 gratia
1436 3200 1540 3237 non
1575 3185 1730 3252 longe
1782 3184 1990 3245 aberat,

421 3288 745 3347 pararentur
785 3277 994 3332 Iioiiesti
1035 3287 1089 3332 et
1127 3278 1308 3332 decori
1361 3279 1661 3346 ingressus.
1704 3276 1839 3329 Cum
1863 3289 1994 3343 ergo

420 3370 882 3438 appropinquaret
918 3367 1338 3430 Clialceduneni,
1369 3368 1521 3421 navis
1554 3365 1772 3435 quidem
1794 3365 1994 3419 emissa

422 3468 508 3512 est
551 3462 923 3529 imperatoria,
974 3469 1028 3513 et
1072 3458 1313 3528 pontifex
1348 3472 1470 3511 cum
1509 3456 1901 3521 sacerdotibus,
1941 3466 1996 3509 et

417 3550 738 3617 quicunque
765 3564 828 3603 ex
862 3558 1055 3603 senatu
1088 3558 1246 3603 erant
1295 3549 1426 3603 clari
1448 3557 1501 3602 et
1549 3549 1787 3602 illustres
1811 3549 1992 3613 simul,

424 3645 484 3687 ut
533 3650 751 3689 sacrum
805 3636 955 3690 illum
1020 3638 1335 3692 thesaurum
1392 3638 1649 3693 inferrent
1684 3638 1736 3691 in
1768 3637 1994 3707 regiam,

423 3738 549 3782 cum
614 3728 812 3797 quibus
882 3728 1119 3783 fidelium
1215 3744 1432 3799 quoque
1513 3729 1800 3784 multitudo
1862 3731 1998 3783 urbe

420 3833 663 3888 egressa,
715 3822 850 3876 mari
906 3822 957 3875 ei
1016 3822 1336 3892 navigarunt
1388 3822 1623 3888 obviam,
1653 3832 1712 3878 ut
1756 3837 1882 3878 eum
1904 3822 2000 3877 de-

424 3910 709 3968 ducerent.

418 4020 423 4025 "
502 4001 692 4060 XVIII.
719 4003 1014 4076 Postquam
1044 4015 1226 4061 autem
1280 4005 1682 4077 fuitsiisceptus
1713 4008 1768 4062 in
1800 4021 1998 4061 manus

425 4098 721 4167 pontificis,
750 4106 807 4154 et
830 4100 951 4169 ejus
974 4099 1247 4154 ferebatur
1272 4100 1438 4164 ulnis,
1464 4109 1518 4155 et
1549 4101 1601 4154 in
1631 4115 1778 4154 mare
1807 4115 1999 4156 ascen.

426 4190 541 4258 dit,
597 4191 791 4246 licebat
835 4192 1017 4248 videre
1056 4193 1231 4262 ipsam
1288 4207 1506 4263 quoque
1558 4208 1713 4262 aqua:
1747 4203 1997 4247 naturam

424 4282 692 4354 placidam
754 4296 809 4341 et
871 4287 1243 4356 tranquillam,
1281 4287 1535 4342 mollibus
1590 4285 1847 4340 ﬂuctibus
1874 4295 2000 4340 ante

427 4392 617 4432 navem
648 4378 1004 4440 ειδὶιίοιιιρην,
1033 4387 1086 4433 et
1124 4381 1190 4434 ad
1229 4380 1578 4449 imperatores
1605 4380 1725 4448 ejus
1772 4394 1997 4434 cursum

2097 3192 2371 3261 proposita
2426 3188 2574 3241 omni
2631 3202 2699 3242 ex
2748 3194 2904 3256 parte
2978 3186 3213 3255 gloriosa
3248 3194 3305 3240 et
3355 3184 3665 3239 veneranda

2098 3296 2292 3336 manus
2344 3280 2597 3350 Baptistae
2645 3289 2699 3333 et
2747 3279 3126 3341 Praecursoris,
3186 3277 3523 3346 iiicorporeis
3555 3276 3667 3330 cir-

2096 3375 2347 3430 cumdata
2405 3373 2719 3433 virtutibus,
2777 3386 2899 3440 quae
2950 3371 3290 3425 admirantur
3328 3370 3503 3425 sancti
3537 3368 3666 3438 Spi-

2098 3468 2235 3520 ritus
2283 3466 2538 3519 virtutem
2596 3478 2718 3533 qua
2749 3464 2801 3516 in
2849 3479 2911 3517 ea
2938 3461 3168 3516 habitat.
3203 3462 3484 3526 Quodnam
3538 3476 3666 3530 ergo

2096 3566 2181 3611 est
2213 3557 2316 3611 hoc
2373 3552 2634 3623 templum
2682 3552 2843 3606 hodie
2870 3550 3185 3621 pulchrius?
3223 3550 3482 3614 Quaenam
3522 3549 3667 3602 mdes

2097 3647 2281 3701 divina
2340 3643 2700 3699 venerabilior
2750 3653 2804 3697 et
2845 3642 3281 3709 magiiilicentior
3325 3641 3447 3698 hac.
3483 3640 3665 3709 inquii

2099 3738 2188 3792 hic
2232 3752 2391 3791 sacer
2416 3745 2472 3791 et
2496 3736 2714 3790 divinus
2762 3736 3055 3791 thesaurus
3100 3733 3388 3803 repositus,
3418 3731 3671 3784 innume-

2098 3828 2356 3883 rabilium
2412 3828 2678 3881 luminum
2742 3827 3030 3896 splendore
3052 3840 3176 3881 cum
3200 3823 3514 3888 calestibus
3536 3835 3669 3874 cono

2096 3921 2271 3975 tendit
2299 3918 2668 3989 spectaculis?
2695 3916 2808 3972 Sub
2822 3918 3027 3988 quibus
3042 3933 3165 3987 quae
3187 3929 3421 3985 superne
3442 3915 3670 3968 descen-

2098 4013 2232 4067 dunt
2257 4012 2446 4082 gratiae
2467 4012 2640 4067 sancti
2673 4010 2929 4080 Spiritus,
2963 4009 3349 4079 dispensantur
3381 4021 3478 4074 pro
3504 4004 3669 4058 modo

2098 4102 2527 4171 uniuscujusque
2579 4099 2722 4164 fidei,
2769 4114 2979 4165 eorum,
3039 4098 3133 4168 qui
3184 4097 3405 4151 laudant
3448 4104 3504 4148 et
3526 4094 3673 4147 cele-

2100 4196 2279 4258 brant,
2342 4194 2629 4248 animabus
2660 4209 2674 4246 :
2701 4192 2753 4245 in
2777 4192 2996 4247 Christo
3038 4190 3165 4247 Jesu
3201 4190 3429 4244 Domino
3456 4199 3671 4249 nostro,

2097 4289 2189 4343 cui
2259 4286 2427 4357 gloria
2494 4295 2548 4339 et
2629 4285 2867 4354 potentia
2927 4286 2982 4339 in
3061 4282 3261 4339 saecula
3320 4280 3669 4337 sa-ciilomin.

2100 4379 2292 4434 Amen.
