4100 6212
1806 372 2122 387 ,φαμι-*ωδ
2136 377 2163 381 ν--
2176 378 2181 381 Α

1758 542 1926 587 ANNO
1961 543 2184 589 DOMINI
2232 546 2353 587 CML

437 744 1623 925 NICEPHOBI
1806 747 3178 925 PRESBYTER]
3337 746 3665 923 ΟΡ.

1199 1065 1563 1181 VlTA
1646 1064 1767 1173 S.
1863 1061 2484 1176 ANDREZE
2569 1061 2923 1177 SALI.

672 1458 1627 1551 COMMENTARIUS
1715 1458 2275 1551 Pnnszs
2343 1458 2699 1548 CONll.
2774 1413 3447 1576 timuerit

1966 1652 2030 1711 ‘S.
2081 1648 2135 1709 1.
2643 1644 2654 1653 ’

1498 1815 1643 1879 (Arta
1667 1815 1754 1863 SS.
1794 1815 2039 1873 Bolland.,
2078 1814 2186 1865 Maii
2220 1816 2301 1864 die
2336 1814 2412 1875 28,
2440 1826 2473 1866 t.
2505 1812 2611 1873 Vl.)

2048 1994 2111 2004 -η

443 2120 518 2183 De
549 2126 606 2181 S.
648 2124 870 2180 Andra?
921 2124 1305 2195 familiaribus,
1362 2122 1887 2207 Epipltanionposrcu
1920 2118 2271 2207 patriarcha.
2308 2134 2361 2207 ett.
2414 2122 2729 2206 Νὲςρριωγο,
2784 2131 3037 2195 scripture
3081 2132 3357 2197 Actorum,
3402 2135 3689 2207 hortmtqu

1590 2194 1750 2265 style,
1781 2204 1827 2246 et
1860 2204 2019 2246 wtate
2055 2210 2116 2245 ac
2143 2194 2285 2246 cultu
2321 2192 2526 2249 Sancti.

524 2354 576 2409 l.
611 2352 891 2420 Sapientis
912 2354 1156 2419 proferto
1181 2338 1425 2404 stultitiae
1443 2356 1683 2403 actorem
1711 2348 1764 2401 in
1797 2364 2014 2405 scenam
2046 2359 2090 2410 Α
2123 2361 2234 2402 tum
2263 2349 2675 2416 fuerit,diﬁlcilc
2696 2363 2778 2407 est
2808 2353 3087 2410 divinare:
3119 2359 3342 2426 eoqnml
3361 2364 3686 2425 monachus,

440 2444 797 2515 producimus
855 2452 1105 2498 sanctum
1162 2442 1457 2504 Andream,
1519 2441 1605 2496 cui
1661 2440 1730 2494 ab
1756 2456 1819 2495 ea
1848 2456 2012 2511 quam

439 2536 550 2604 egit
594 2547 851 2604 persona,
911 2530 1235 2601 vivendique
1291 2531 1430 2585 inter
1474 2530 1722 2585 homines
1785 2530 2014 2594 ratione,

438 2626 669 2682 adlnacsit
698 2632 1119 2695 cognomentum
1141 2621 1299 2676 Salus
1322 2638 1418 2678 seu
1451 2620 1681 2677 Stultus.
1717 2618 2013 2676 Theatrum

446 2717 637 2773 habuit
664 2716 1062 2786 amplissimum
1113 2713 1642 2782 Constantitmpolim
1683 2714 2015 2773 universam,

442 2810 810 2880 spectaculum
840 2808 1014 2864 factus
1042 2808 1173 2872 Deo,
1207 2806 1412 2877 angelis
1444 2815 1499 2861 et
1536 2804 1870 2868 hominibus,
1920 2804 2015 2858 sed

444 2902 550 2956 alio
574 2912 735 2971 atque
764 2901 871 2955 alio
924 2900 1088 2955 modo
1123 2917 1138 2955 :
1172 2897 1283 2952 Deo
1331 2897 1549 2966 quidem
1591 2904 1647 2949 et
1692 2895 1897 2964 angelis
1931 2909 2018 2948 sa-

445 2992 799 3061 pientissimi,
831 2990 1145 3047 hominibus
1189 3005 1319 3045 vero
1356 2988 1688 3044 stolidissimi
1729 3001 2015 3057 personam

444 3084 719 3142 sustinere
747 3085 920 3141 visus.
952 3085 1141 3154 Neque
1171 3094 1347 3139 tamen
1381 3083 1638 3137 omnibus
1660 3081 1884 3137 omnino
1915 3080 2019 3133 ho-

446 3175 688 3231 minibus
712 3176 783 3231 ita
811 3178 961 3232 visus
984 3185 1069 3231 est
1094 3192 1108 3230 :
1131 3175 1280 3230 fuere
1300 3188 1443 3229 unus
1483 3182 1537 3227 et
1562 3173 1698 3227 alter
1727 3171 2016 3242 praecipue,

444 3268 645 3337 quibus
674 3268 985 3323 institutum
1020 3268 1194 3338 ipsius
1258 3268 1573 3321 innotuerat
1598 3282 1614 3330 ;
1643 3262 1893 3318 videlicet
1932 3262 2022 3315 ille

447 3362 584 3431 ipse,
612 3361 704 3430 qui
746 3359 920 3414 Vitam
979 3359 1306 3428 conscripsit
1345 3355 1702 3425 Nicephorus,
1769 3352 2022 3407 Ecclesia:

449 3452 753 3523 S.Sophia3
793 3452 1114 3522 presbyter;
1163 3460 1217 3504 et
1248 3448 1443 3502 nobilis
1503 3443 1719 3516 juvenis
1782 3442 2020 3513 Epipha-

449 3545 596 3607 nius,
625 3554 811 3614 postea
840 3544 1164 3607 monachus,
1189 3541 1513 3608 ἀλλαγέντος
1530 3538 1623 3591 καὶ
1646 3536 1739 3590 τοῦ
1757 3537 2024 3607 ὀνόματος

448 3637 507 3688 ὲν
528 3637 796 3706 σχήματι,
820 3645 880 3691 ιιι
898 3637 1098 3692 dicitur
1129 3652 1281 3689 nutu.
1320 3632 1414 3694 24,
1448 3639 1655 3686 mutato
1702 3644 1825 3684 cum
1872 3637 2022 3682 veste

451 3730 689 3795 nomine,
710 3738 764 3783 ct
790 3744 856 3782 ex
896 3728 1164 3783 monacho
1204 3724 1509 3795 patriarcha
1564 3719 2022 3788 Constantinopo-

450 3820 653 3875 litanus
682 3836 697 3885 ;
742 3832 970 3890 uterque
1000 3820 1231 3874 Andreae
1257 3828 1408 3871 arcto
1454 3810 1869 3869 necessitudinis
1898 3809 2017 3862 via-

448 3916 574 3967 eulo
622 3915 972 3982 conjttttctus.
1043 3910 1107 3964 Et
1168 3908 1505 3978 Nicephorus
1557 3903 1777 3974 quidem
1834 3911 2022 3955 auctor

449 4004 551 4056 fuit
578 4002 804 4056 Audrea:
837 3998 1139 4055 istiusmodi
1180 3999 1302 4051 vitae
1336 3996 1600 4051 rationem
1639 3992 2019 4062 amplectendi,

448 4098 675 4163 ejusque
700 4096 752 4146 in
793 4093 1048 4146 omnibus
1081 4089 1429 4146 consiliarius
1462 4096 1515 4142 et
1565 4088 1901 4149 moderator;
1929 4082 2021 4151 qui

452 4185 679 4254 proinde
707 4197 1029 4237 arcanorum
1058 4180 1332 4242 conscius,
1384 4177 1458 4231 nil
1492 4177 1690 4230 mirum
1739 4182 1845 4239 est,
1877 4175 2021 4245 quod

451 4291 562 4333 tam
596 4276 873 4331 mirabiles
915 4272 1036 4342 ejus
1065 4271 1305 4327 visiones
1333 4278 1386 4323 et
1422 4276 1668 4323 exstases
1693 4267 1897 4320 rescire
1922 4280 2022 4335 po-

453 4371 615 4425 tuerit
649 4384 715 4423 ac
774 4366 971 4421 litteris
1002 4364 1283 4419 mandare.
1320 4360 1657 4432 Epiphanius
1703 4372 1853 4422 vero,
1887 4356 2023 4411 ado-

454 4463 661 4516 lescens
698 4458 989 4531 praeclarus
1022 4456 1074 4511 in
1107 4454 1318 4525 primis,
1350 4452 1593 4507 notitiam
1622 4442 1851 4504 Andreae
1884 4448 2023 4503 divi-

456 4554 598 4607 nitus
649 4559 954 4616 assecutus,
1007 4547 1185 4617 primo
1236 4544 1420 4599 statim
1470 4555 1765 4612 congressu
1800 4556 1865 4595 ex
1903 4540 2023 4609 ipso

456 4644 669 4707 didicit,
706 4640 1023 4698 cathedram
1064 4638 1168 4693 sibi
1198 4633 1856 4703 Constantiuopolitauam
1906 4646 2025 4684 ma-

456 4754 614 4803 nere;
649 4737 703 4790 in
729 4749 903 4804 eaque
935 4730 1203 4788 sententia
1232 4728 1424 4784 deinde
1448 4743 1477 4781 ιι
1515 4727 1780 4781 morituro
1829 4738 2025 4794 prope-

452 4834 593 4886 diem
648 4831 1004 4887 conlirmatus
1058 4833 1161 4879 est.
1194 4820 1296 4887 Qui
1327 4830 1380 4873 et
1408 4827 1580 4872 totum
1627 4816 1804 4871 eidem
1829 4816 2025 4869 animae

456 4940 568 4979 suae
619 4933 818 4977 statum
882 4920 1162 4987 detegens,
1219 4914 1271 4967 in
1321 4910 1499 4967 dubiis
1554 4907 1943 4970 consiliarium,
1971 4905 2024 4961 in

2119 2440 2195 2493 uti
2246 2440 2450 2495 dictum
2480 2451 2584 2504 est,
2616 2441 2815 2509 factus,
2851 2444 3079 2501 dimisso
3128 2447 3415 2519 Epiphanii
3447 2458 3688 2521 nomine,

2118 2535 2474 2602 assumpserit
2528 2533 2692 2597 aliud,
2746 2536 2898 2603 juxta
2984 2539 3157 2593 sancti
3247 2532 3686 2611 praididionem;

2118 2624 2275 2691 quale
2303 2633 2482 2678 autem
2524 2626 2881 2693 assutnpserit
2916 2642 3185 2697 nusquam
3216 2630 3305 2687 hic
3328 2638 3686 2704 exprimatur.

2120 2712 2407 2770 Videamus
2454 2727 2654 2785 tamen,
2713 2734 2840 2771 num
2871 2734 2977 2789 qua
3008 2719 3092 2774 via
3148 2723 3421 2791 possimus
3454 2742 3520 2781 eo
3561 2743 3689 2798 pero

2120 2805 2348 2877 tingere,
2407 2810 2580 2877 ipsum
2632 2825 2742 2880 quo
2794 2809 3042 2865 Andreas
3098 2811 3234 2868 vixit
3291 2825 3503 2886 tempus
3538 2819 3691 2875 inda-

2124 2900 2319 2967 guudo.
2371 2899 2573 2954 Dicitur
2605 2902 2693 2957 hic
2741 2919 2770 2955 a
2798 2897 3148 2971 Theognosto
3186 2908 3445 2976 quodam,
3498 2909 3691 2965 Orien~

2124 2988 2245 3043 talis
2293 2989 2495 3044 militiae
2547 2991 2704 3056 duce,
2771 2993 2824 3046 in
2864 2996 3177 3049 servitutem
3230 3008 3445 3067 emptus
3474 3015 3685 3065 servus,

2125 3096 2143 3130 ι
2186 3080 2467 3147 imperium
2512 3084 2824 3136 moderante
2875 3083 3074 3137 Christi
3110 3088 3486 3143 amantissimo
3515 3091 3692 3160 impe-

2123 3181 2301 3225 ratore
2344 3170 2544 3245 Leone,
2599 3180 2651 3226 et
2685 3173 2903 3228 additur
2947 3175 3041 3229 τοῦ
3098 3177 3374 3247 Μεγάλου,
3415 3189 3474 3234 ιιι
3515 3182 3688 3251 prima

2124 3264 2301 3320 fronte
2362 3266 2529 3319 videri
2582 3268 2752 3337 possit
2800 3268 2916 3338 ejus
2947 3272 3184 3328 nominis
3216 3274 3445 3342 primus,
3508 3278 3691 3346 appel-

2124 3357 2287 3421 latus,
2323 3358 2521 3425 passim
2547 3373 2577 3411 a
2625 3358 3005 3427 scriptoribus,
3032 3359 3282 3432 Magnus,
3316 3364 3409 3432 qui
3444 3367 3691 3434 regnavit

2125 3448 2193 3503 ab
2215 3463 2357 3501 anno
2408 3449 2515 3503 457
2577 3450 2644 3504 ad
2676 3449 2742 3505 74
2775 3467 2790 3504 :
2833 3453 2990 3506 annis
3013 3462 3191 3507 autem
3227 3454 3297 3508 45
3320 3464 3438 3524 post
3491 3454 3689 3511 Leonis

2127 3540 2285 3595 istius
2351 3541 2583 3605 obitum,
2632 3539 2811 3596 l'actus
2842 3555 2924 3597 ρει
2980 3544 3286 3613 patriarcha
3314 3557 3536 3601 sanctus
3558 3547 3690 3616 Epi-

2125 3633 2381 3702 phauius,
2411 3634 2483 3687 25
2539 3637 2766 3704 Augusti
2828 3637 3170 3701 recolendus,
3213 3647 3267 3692 et
3300 3638 3482 3693 sedem
3514 3639 3688 3693 tenuit

2126 3726 2283 3779 annis
2314 3726 2400 3779 16.
2438 3724 2625 3795 Itaque
2655 3728 2767 3781 haec
2818 3742 2925 3782 non
2958 3729 3095 3782 male
3120 3729 3411 3784 convenire
3435 3729 3692 3797 judicans

2124 3816 2356 3882 scriptor
2404 3816 2651 3881 alterius,
2703 3832 2825 3871 cum
2856 3832 2965 3886 quo
2996 3816 3173 3872 Vitam
3221 3818 3572 3883 contulimus,
3605 3836 3693 3874 co-

2123 3908 2280 3969 dieis,
2349 3906 2490 3960 inter
2546 3908 2650 3961 alia
2689 3925 2810 3977 quae
2860 3909 3224 3964 abhreviaudo
3270 3912 3477 3977 omisit,
3527 3914 3689 3968 etiam

2124 3997 2191 4050 de
2221 3997 2517 4051 mutatione
2535 3999 2770 4052 nominis
2798 3989 2987 4053 tacuit.
3019 3997 3126 4054 Sed
3164 4010 3521 4072 prasterquam
3546 4004 3693 4072 quod

2127 4088 2262 4143 Vitae
2282 4098 2470 4142 auctor
2530 4089 2863 4158 Nicephorius
2886 4103 2953 4144 eo
2984 4101 3167 4145 utatur
3208 4092 3372 4161 stylo,
3412 4096 3504 4161 qui
3536 4094 3695 4165 longe

2126 4180 2480 4253 posteriorem
2509 4189 2720 4235 aetatem
2756 4181 2962 4251 sapiat;
3018 4182 3218 4237 dicitur
3245 4181 3510 4248 Andreus,
3538 4188 3697 4238 num.‘

2127 4272 2215 4335 15,
2249 4271 2486 4328 illusisse
2536 4273 2762 4337 mundo,
2812 4290 2831 4325 ι
2901 4272 3359 4343 quemadmodum
3414 4275 3505 4329 ille
3561 4274 3691 4329 olim

2125 4364 2462 4419 admirabilis
2536 4363 2805 4435 Symeon,
2868 4384 2887 4417 ι
2931 4366 3119 4436 utique
3170 4375 3224 4421 et
3269 4367 3382 4435 ipse
3409 4385 3427 4418 ι
3473 4379 3695 4436 prepter

2126 4455 2401 4510 Christum
2436 4455 2586 4510 stulti
2620 4457 2838 4526 sapiens
2864 4457 3127 4533 imitator,
3155 4474 3175 4510 ι
3209 4459 3301 4528 qui
3325 4460 3565 4514 colitur!
3593 4451 3699 4513 Jué

2127 4547 2185 4603 lii
2220 4563 2236 4602 :
2272 4548 2361 4603 hic
2402 4557 2582 4603 autem
2640 4550 2926 4603 stultitiam
2997 4549 3258 4606 simulare
3312 4552 3476 4621 etrapit
3520 4550 3697 4621 impe-

2128 4648 2281 4694 rante
2318 4639 2610 4698 Mauritio:
2644 4641 2802 4696 annis
2844 4653 2903 4697 ut
2955 4644 3241 4697 minimum
3306 4644 3695 4715 quinquaginta

2129 4740 2252 4801 post
2284 4730 2565 4802 Epiphanii
2596 4734 2917 4803 patriarchae
2958 4740 3209 4791 mortem.

2200 4824 2254 4877 3.
2316 4822 2652 4889 Quaerendus
2707 4840 2837 4898 ergo
2871 4827 3030 4882 nobis
3073 4836 3155 4882 est
3180 4827 3319 4882 alius
3345 4826 3487 4892 Leo,
3530 4827 3700 4882 idem-

2130 4929 2239 4984 que
2292 4915 2717 4971 Amantissimus
2739 4917 2967 4982 Christi,
3002 4928 3168 4989 atque
3212 4918 3284 4975 ob
3324 4934 3411 4974 res
3440 4920 3700 4989 praeclare

458 5014 716 5087 periculis
746 5011 1049 5081 adjutorem
1086 5008 1296 5060 habuit.
1324 5000 1627 5071 Colloqnia,
1653 4999 1793 5053 inter
1815 5008 2025 5052 utrum~
2054 5023 2097 5081 ο
2136 5016 2315 5075 gestas
2372 5005 2601 5076 Magnus
2651 5010 3024 5079 coguominari
3077 5010 3298 5081 dignus.
3326 5009 3475 5064 Talis
3516 5021 3697 5063 anu-iu

458 5121 565 5173 que
605 5105 810 5165 habita,
848 5107 1146 5155 occurrunt
1173 5096 1488 5165 frequenter
1525 5091 1816 5145 admodum
1846 5105 1863 5155 ;
1897 5088 2029 5141 alia-

456 5210 559 5266 que
583 5194 800 5248 eximiae
827 5192 1044 5247 virtutis
1078 5188 1349 5257 exempla,
1380 5185 1445 5239 ad
1479 5180 1837 5253 Epiphaniqu
1892 5194 2031 5248 prse-

455 5296 611 5361 tipue
633 5286 960 5359 spectantia,
999 5285 1254 5354 leguntur
1286 5290 1392 5335 tam
1422 5278 1613 5339 multa,
1648 5283 1726 5336 ut,
1773 5273 1818 5327 si
1854 5273 2025 5328 ascri-

453 5394 577 5454 ptus
608 5382 813 5437 sanctis
859 5379 1018 5443 foret,
1048 5386 1101 5430 et
1145 5382 1293 5430 certo
1319 5378 1593 5427 constaret
1652 5383 1761 5437 quo
1805 5367 2025 5421 nomine

454 5481 634 5531 dictus
660 5471 973 5545 patriarcha
1006 5468 1188 5534 luerit,
1229 5479 1337 5520 non
1363 5460 1571 5519 modica
1594 5459 1739 5513 illius
1768 5460 1873 5513 vita
1901 5459 2027 5513 inde

456 5591 471 5621 ι
487 5570 633 5640 olligi
664 5574 868 5638 posset.

525 5661 581 5722 2.
647 5660 841 5717 Verum
884 5656 1106 5729 quando
1143 5654 1188 5712 is
1227 5658 1539 5722 assumptus
1577 5664 1640 5704 au
1688 5646 2028 5719 patriarcha-

2134 5100 2291 5152 istius
2326 5100 2563 5153 nominis
2609 5100 2790 5156 nullus
2823 5100 2924 5156 fuit
2953 5112 3077 5157 ante
3108 5118 3257 5169 eum,
3286 5116 3447 5173 quem
3479 5101 3569 5156 alii
3600 5101 3702 5155 Sa.

2142 5190 2399 5269 pientem,
2424 5192 2515 5246 alii
2540 5189 2927 5262 Philosophum
2969 5195 3242 5264 appellare
3286 5194 3483 5255 solent,
3517 5192 3699 5246 Basilii

2143 5280 2454 5337 Macedonis
2506 5284 2697 5337 lilium.
2752 5284 2885 5339 Nam
2945 5284 3053 5339 Leo
3100 5284 3409 5349 Isauricus,
3476 5285 3705 5354 ejusque

2134 5388 2301 5444 nepos
2326 5375 2657 5447 Coprouymi
2698 5378 2838 5433 tilius
2871 5377 3011 5438 Leo.
3042 5375 3321 5431 Chazarus
3381 5390 3411 5427 a
3462 5387 3704 5432 materno

2131 5482 2329 5538 genere
2385 5470 2586 5534 dictus,
2634 5484 2699 5525 ac
2753 5470 2987 5540 denique
3016 5470 3125 5522 Leo
3180 5468 3472 5529 Armenus,
3515 5468 3704 5525 lcono-

2133 5558 2312 5614 machi
2371 5575 2583 5629 omnes,
2652 5575 2760 5616 non
2814 5570 3091 5616 merentur
3136 5558 3226 5612 hlc
3261 5564 3702 5616 commemorari.

2153 5650 2415 5723 Regnavit
2446 5662 2625 5706 autem
2663 5651 2769 5706 Leo
2805 5649 3163 5719 Philosophus
3192 5650 3259 5705 ab
3296 5664 3439 5705 anno
3485 5652 3589 5705 886
3636 5654 3703 5708 ad
