4100 6212
379 342 518 404 (ῦἮ

1473 324 1899 391 NICEPIIORI
1944 321 2417 384 PRESBYTERl
2456 322 2579 383 CP.”

396 462 539 515 '9”.
601 459 804 514 Demus
856 456 1019 525 igitur
1078 462 1262 508 natum
1325 450 1593 505 Andream
1649 449 1748 502 sub
1795 460 1994 499 annum
2028 443 2280 513 Aplures
2348 442 2398 494 in
2433 438 2765 493 monasterio
2819 450 2986 490 annos
3034 431 3677 500 traductos,‘factntnvi-

412 552 540 615 880,
566 559 806 617 emplum
841 550 892 602 iit
917 547 1234 603 servitutem
1274 544 1443 598 fuisse
1474 558 1563 596 an.
1597 541 1814 595 circiter
1862 538 1989 602 898,

413 646 647 715 i-tepisse
682 643 961 698 stultitiam
995 639 1253 693 simulare
1287 652 1432 689 anno
1462 635 1573 688 fere
1625 634 1751 695 910,
1803 632 1995 685 amici-

414 740 544 792 tiam
571 746 752 789 autem
779 734 1001 787 inivisse
1030 746 1153 785 cum
1193 727 1495 797 Epiphanio
1528 741 1699 779 annos
1756 724 1988 777 necdum

424 826 615 897 Viginti
657 834 785 879 nato
820 823 922 876 sub
954 835 1168 883 annum
1204 815 1341 880 930;
1392 813 1587 867 oltierit
1612 814 1746 880 ipse,
1778 821 1993 863 sevttttn

417 933 583 987 Supra
617 914 1015 983 sexagesimum
1049 910 1224 963 astatis
1271 922 1471 959 annum
1500 919 1686 973 agens,
1714 918 1802 953 an.
1837 899 1996 952 Chri-

414 1013 480 1064 sti
510 1011 728 1065 circiter
747 1008 871 1070 946,
892 1006 1071 1059 sedem
1099 998 1756 1065 Constantinopolitauatn
1781 1002 1996 1047 tenente

411 1102 846 1170 'l'lieOphylacto,
909 1097 1139 1149 Romani
1196 1078 1552 1161 imperatoris
1588 1088 1732 1147 (ilio;
1776 1086 1859 1137 cui
1892 1082 1995 1134 sub

410 1212 502 1251 an.
544 1194 649 1248 962
692 1194 799 1244 vita
840 1188 1047 1250 functo,
1112 1184 1442 1237 successerit
1500 1180 1589 1231 hic
1630 1186 1814 1230 noster
1870 1172 1995 1242 Epi-

410 1288 662 1359 phanius,
696 1297 858 1343 novo,
898 1294 1058 1347 quem
1101 1291 1224 1330 cum
1263 1273 1447 1326 habitu
1485 1275 1856 1333 assumpserat
1888 1283 1990 1317 tto-

412 1357 578 1441 ininc,
604 1377 784 1429 dictus
823 1370 1153 1439 Polyeuctus
1185 1383 1198 1420 :
1232 1366 1299 1418 de
1338 1378 1446 1433 quo
1477 1359 1708 1414 Cedt'eni
1750 1357 1996 1426 Epitome

420 1471 502 1525 sic
536 1472 695 1523 habet
728 1483 799 1520 ιο(
850 1462 1147 1517 ιΕκδιὶηςω
1200 1456 1678 1524 TheOphylacto...
1733 1450 1996 1504 sollicitor

410 1564 734 1633 l’olyeuctus
776 1557 1100 1616 monachus,
1145 1544 1810 1625 Constantitmpolitanus,
1873 1540 1994 1590 Ion-

412 1671 590 1726 goque
614 1666 858 1721 tempore
887 1647 1185 1702 ntonastica
1207 1643 1311 1696 vita
1327 1656 1448 1695 eum
1483 1639 1642 1691 laude
1667 1637 1888 1688 iunctus
1914 1648 1927 1684 :
1970 1649 1988 1681 ι

412 1750 538 1804 llaec
565 1750 747 1802 Ontnia
776 1750 966 1797 nostro
984 1749 1109 1792 ante
1132 1735 1512 1787 monachalnm
1545 1726 1844 1797 Epiphanio
1862 1738 1996 1793 qua-

2102 536 2243 589 derit
2281 532 2668 605 patriarcham.
2736 528 3075 599 Quapropter
3138 542 3324 582 vereor
3366 542 3451 590 ne,
3485 525 3677 579 utalia

2097 627 2366 695 quaedam,
2405 626 2486 678 sic
2546 623 2709 677 etiam
2771 621 2923 675 locus
2964 619 3083 682 iste,
3113 618 3206 689 qui
3246 618 3462 671 videtur
3485 618 3675 671 memi-

2101 720 2250 774 nisse
2282 718 2576 787 prophetia:
2601 715 2854 784 impletae.
2888 714 2956 769 sit
2983 711 3362 781 interpolatns.
3386 709 3457 766 Ut
3476 721 3676 763 .auteut

2104 812 2207 865 hoc
2259 825 2473 875 verear,
2526 808 2655 862 facit
2704 808 2920 875 primo,
2978 805 3126 872 quod
3182 803 3323 857 utilia
3362 804 3572 856 ratione
3607 801 3681 856 sit

2104 900 2435 963 verosintile,
2465 901 2685 953 dilatam
2724 900 2891 952 fuisse
2924 910 3031 950 tam
3087 897 3353 951 mirabilis
3403 896 3681 949 vitaescri-

2103 1000 2344 1066 ptioncnt
2403 996 2560 1049 annis
2618 1002 2724 1047 tam
2791 993 2996 1055 multis,
3034 1000 3086 1044 et
3141 1006 3244 1044 non
3274 990 3454 1059 pozius
3488 1005 3680 1042 eitara-

2102 1100 2211 1141 tam
2258 1104 2379 1141 esse
2438 1086 2637 1140 recenti
2692 1085 2875 1138 adhuc
2930 1088 3211 1152 utriusque
3258 1094 3363 1135 tatu
3393 1081 3681 1151 Nicrphuri

2098 1196 2261 1252 quam
2326 1180 2611 1248 Epiphanii
2662 1182 2940 1231 memoria.
2977 1178 3227 1232 Secundo
3262 1178 3404 1246 quod
3437 1179 3521 1230 vix
3558 1195 3679 1232 cre-

2096 1275 2258 1328 dibile
2281 1275 2372 1336 sit,
2398 1272 2532 1325 ach
2557 1271 2797 1339 jejunum
2827 1272 3154 1324 mentionem
3183 1268 3485 1323 iaciendum
3518 1270 3682 1324 fuisse

2098 1364 2335 1430 suscepti
2396 1364 2464 1416 ab
2524 1363 2827 1432 Epiphanio
2854 1378 2916 1416 ex
2945 1362 3130 1416 Sancti
3187 1361 3537 1432 praedictione
3567 1376 3683 1415 mo-

2100 1456 2386 1518 nachatus,
2414 1470 2477 1508 ac
2500 1454 2695 1509 deinde
2718 1453 3155 1523 patriarcbatus;
3189 1464 3242 1508 et
3270 1454 3399 1507 illud
3450 1456 3593 1522 quod
3632 1454 3679 1507 is

2099 1560 2225 1602 tunc
2270 1548 2437 1615 gessit
2483 1563 2676 1600 nomen
2730 1547 2950 1600 silentio
2976 1547 3431 1613 praeterenndtnu,
3469 1546 3680 1614 siprius

2097 1655 2261 1708 quant
2336 1643 2440 1695 ista
2472 1640 2684 1707 ﬁerent,
2750 1639 2872 1695 Vita
2934 1657 3041 1695 non
3091 1640 3285 1694 fuisset
3346 1640 3678 1708 conscripta.

2099 1736 2365 1799 Quoniam
2395 1749 2574 1788 autem
2605 1746 2898 1804 utrumque
2930 1750 3032 1789 ms.
3084 1734 3134 1787 in
3167 1732 3411 1787 eamdem
3450 1747 3684 1786 consen-

411 1844 607 1902 drant;
642 1839 721 1892 uti
753 1838 914 1889 etiam
966 1829 1110 1900 quod
1136 1829 1287 1881 idem
1343 1823 1668 1892 Polyeuctus
1696 1819 1874 1869 vat-iis
1904 1832 1994 1868 oc-

2104 1834 2158 1883 tit
2191 1830 2455 1898 phrasitn,
2483 1829 2773 1881 dicendum
2809 1838 2975 1888 esset,
3006 1828 3149 1896 quod
3180 1831 3231 1880 in
3278 1826 3395 1895 ipso
3431 1827 3679 1895 originali

411 1924 1148 1991 casionibusimperatorum
1188 1914 1615 1983 indignationem
1679 1905 1992 1967 incurrerit,

404 2036 515 2092 pro
546 2017 789 2089 publico.
813 2018 956 2068 bono
987 2012 1069 2063 vel
1128 2007 1340 2077 legibus
1368 2001 1756 2057 ecclesiasticis
1807 2000 1999 2092 decer-

414 2086 571 2176 iansi
614 2108 758 2179 quod
821 2106 986 2159 etiam
1031 2100 1285 2155 convenit
1324 2096 1448 2166 ΔῙωιιι
1497 2095 1647 2146 dicio
1686 2086 1997 2156 autealipi-

414 2204 637 2276 phanio,
670 2215 831 2271 quem
892 2197 950 2249 S.
983 2196 1228 2249 Andreas
1257 2186 1659 2258 prtenuntiavit,
1688 2197 1838 2235 nutu.
1866 2179 1995 2241 251,

416 2314 522 2350 non
551 2301 730 2350 solum
769 2290 1157 2361 patriarehatn,
1215 2282 1308 2338 sed
1365 2293 1417 2335 et
1459 2277 1834 2333 confessorem
1899 2288 1998 2342 pro

416 2390 621 2442 Christi
671 2388 891 2440 nomine
916 2384 1180 2435 l'uturuni.
1233 2376 1345 2431 Nec
1382 2375 1563 2428 obstat
1601 2370 1744 2440 quod
1778 2366 2002 2435 Poiyeu-

416 2492 565 2534 etum
608 2478 890 2533 Cedreuus
947 2472 1091 2526 dicat
1144 2468 1317 2521 fuisse
1369 2480 1399 2519 a
1435 2461 1747 2534 parentibus
1797 2468 2001 2510 castra-

407 2586 557 2636 .tuni,
590 2581 778 2624 n0ster
839 2581 966 2619 vero
993 2561 1331 2632 Epiphanius
1357 2558 1567 2626 legatur
1600 2564 1793 2622 graves
1820 2549 2000 2603 carnis

404 2664 747 2718 .tt-ntationes
789 2671 981 2729 passus
1011 2672 1025 2708 :
1059 2658 1128 2708 ab
1177 2652 1261 2706 his
1312 2651 1457 2704 enim
1519 2646 1721 2699 libet-os
1755 2658 1860 2695 non
1882 2656 2001 2695 esse

420 2761 704 2811 eunuchos
748 2762 1005 2824 (quorum
1069 2746 1233 2801 etiam
1296 2744 1436 2797 inter
1486 2742 1793 2809 principum
1862 2736 2001 2789 lilios

421 2854 491 2905 ab
513 2849 639 2903 oiint
677 2838 1148 2907 (lonStantinopoli
1174 2837 1335 2889 nitnis
1360 2846 1523 2901 quant
1570 2831 1725 2882 multi
1757 2827 1999 2891 fuerunt)

421 2946 621 2997 docere
653 2952 754 2991 nos
797 2937 997 3005 poterit
1047 2940 1268 2984 sanctus
1297 2923 1535 2977 Joannes
1579 2921 2000 2987 Clirysostontus

408 3038 577 3087 hom.
612 3030 679 3083 6'5
714 3031 768 3081 in
822 3025 1132 3078 Matthazutn
1184 3031 1455 3079 asserens,
1497 3028 1590 3066 eos
1624 3013 1714 3081 qui
1779 3010 1999 3063 eastrati

405 3144 533 3180 .non
592 3132 719 3176 sunt
757 3140 774 3173 ι
829 3119 973 3172 haud
1007 3119 1077 3169 ita
1149 3111 1456 3181 ingentibus
1519 3104 1998 3173 conscupisccntiae

399 3216 681 3273 .iluctibus
707 3213 927 3283 iactati,
970 3228 987 3261 ι
1015 3222 1176 3276 quam
1204 3205 1294 3273 qui
1332 3220 1350 3253 ‹
1390 3209 1482 3254 aut
1518 3215 1547 3251 a
1583 3208 1772 3252 natura
1819 3211 1998 3249 cuitu-

410 3316 561 3366 chus
594 3319 696 3373 est,
726 3318 819 3360 aut
842 3306 909 3359 ab
943 3303 1255 3357 hominibus
1292 3312 1410 3351 eam
1445 3293 1697 3361 ittjuriant
1725 3305 1938 3358 passus.
1976 3305 1994 3337 ι

414 3408 580 3462 .b‘edit
618 3412 795 3456 autem
822 3397 1170 3468 Polyeuctus.
1213 3392 1351 3444 ittter
1376 3386 1572 3439 multas
1606 3396 1743 3451 quas
1786 3381 2000 3432 fortiter

426 3495 684 3549 sustinuit
738 3490 1003 3559 procellas
1063 3484 1321 3536 llomanae
1356 3475 1611 3532 Ecclesia:
1645 3472 1883 3539 ,lirtniter
1914 3471 2000 3549 in-

415 3594 660 3649 Jttcretts,
690 3598 844 3651 aeque
873 3596 932 3632 ac
962 3580 1045 3632 sui
1068 3578 1254 3629 eotletn
1278 3571 1474 3625 saeculo
1519 3570 1837 3621 decessorcs
1878 3579 2004 3617 suc-

410 3690 806 3743 .t-essoresque,
837 3687 1011 3739 usque
1046 3670 1130 3722 .ad
1160 3683 1361 3721 annum
1396 3665 1465 3717 ab
1492 3660 1868 3715 lncarnatione
1901 3657 2004 3711 Do-

402 3770 561 3825 .Juitti
593 3767 696 3819 980
733 3773 787 3819 et
808 3765 970 3816 ultra.

472 3948 553 4002 .34.
592 3944 760 3998 Porro
791 3940 1114 4010 completam
1153 3938 1319 3990 fu'sse
1353 3935 1528 3989 sancti
1564 3935 1631 3988 de
1670 3932 1855 3986 futuro
1884 3932 2002 4001 ejus

404 4038 800 4107 ,patriarchatu
835 4033 1200 4101 prophetiam,
1226 4028 1445 4096 quando
1471 4024 1809 4079 Scribebatur
1860 4021 2002 4085 Vita,

430 4134 647 4187 videtur
702 4130 941 4182 indicare
998 4132 1213 4188 auctor,
1246 4122 1327 4174 sic
1384 4121 1613 4173 tiniens:
1646 4136 1663 4170 t
1695 4118 2003 4185 Conscripsi

431 4222 735 4277 mirabilem
791 4217 930 4271 hanc
976 4225 1030 4267 et
1056 4214 1254 4267 celebri
1283 4211 1423 4263 fama
1469 4210 1791 4278 vulgandam
1824 4204 2002 4261 Vitam

408 4312 833 4384 .religiOsissinti
884 4305 1327 4373 sanctissitttique
1398 4303 1573 4356 Patris
1625 4301 1886 4362 Andreae,
1942 4314 2005 4353 ea

426 4408 491 4461 in
526 4412 844 4474 praiscntent
885 4411 1337 4455 commentarium
1369 4400 1640 4462 referens,
1664 4414 1783 4465 que
1811 4395 2005 4464 partim

2102 1921 2276 1989 primo
2316 1920 2452 1974 facta
2508 1920 2856 1989 interpolatio
2905 1920 2995 1985 sit,
3024 1917 3292 1973 cuthita
3344 1918 3431 1971 illa
3463 1920 3681 1974 essetin

2116 2015 2289 2067 lucem
2326 2014 2595 2067 eilerenda
2628 2015 2872 2083 diupost
2898 2021 3123 2066 mortem
3162 2010 3436 2065 Auctoris.

2170 2148 2222 2201 5.
2258 2148 2376 2202 Hoc
2411 2157 2592 2202 tamen
2621 2148 2795 2216 posito
2812 2148 3000 2200 minus
3041 2158 3249 2202 certum
3302 2159 3505 2215 manet,
3536 2149 3678 2216 quod

2100 2242 2276 2295 dictos
2334 2241 2385 2294 itt
2462 2242 2547 2294 illa
2590 2241 2708 2295 Vita
2769 2240 3123 2309 Epiphanius.
3176 2242 3339 2295 fuerit
3393 2244 3442 2296 itt
3492 2243 3683 2295 ordine

2100 2334 2537 2401 putriarcharotn
2631 2343 2979 2400 nuncupatus
3056 2330 3427 2402 Polyeuctus,
3504 2336 3682 2402 potius

2100 2445 2264 2498 quam
2311 2428 2615 2490 Antonius;
2668 2428 2759 2496 qui
2797 2434 2919 2495 post
2955 2426 3303 2497 Polyeucmtn
3340 2438 3391 2479 et
3424 2427 3678 2479 Basilinni

2105 2522 2459 2589 (monachum
2513 2519 2732 2587 quidem
2780 2528 2836 2572 et
2866 2519 3066 2587 ipsum,
3111 2521 3201 2572 sed
3237 2518 3592 2572 Scamandria
3626 2518 3679 2571 itt

2101 2614 2231 2667 Asia
2282 2612 2478 2665 Minori
2557 2610 2875 2679 oriundum)
2940 2626 3004 2664 ex
3078 2611 3683 2679 Constantiuopolitatm

2104 2702 2283 2755 Studii
2311 2703 2643 2755 monasterio
2668 2710 3005 2771 assumptus,
3038 2706 3185 2756 circa
3222 2718 3310 2756 an.
3338 2702 3464 2763 980,
3487 2702 3683 2754 deinde

2104 2806 2223 2865 post
2248 2803 2458 2848 Sextum
2482 2796 2565 2847 sui
2601 2794 3003 2862 patriarchatus
3041 2806 3266 2857 annum,
3324 2809 3426 2847 suo
3458 2808 3681 2846 munero

2105 2888 2390 2951 ahdicarit,
2414 2887 2602 2940 Sc'ero
2637 2885 2831 2949 Barda,
2853 2888 2991 2941 duce
3023 2888 3317 2946 exercitus,
3369 2885 3683 2954 insurgent-e

2104 2991 2293 3032 contra
2344 2980 2699 3047 imperatores
2760 2977 3017 3032 Basiliutn
3043 2989 3096 3033 et
3149 2979 3594 3041 Constantinum,
3630 2988 3684 3032 et

2108 3072 2269 3140 paulo
2316 3081 2435 3139 post
2496 3071 2646 3124 obiit.
2672 3070 2786 3125 Tali
2812 3086 2941 3125 vero
2973 3085 3104 3125 casu
3129 3073 3305 3125 solum
3358 3086 3493 3140 Opus
3515 3082 3682 3133 esset,

2025 3169 2067 3225 ο
2103 3162 2203 3213 sub
2254 3171 2528 3214 extremos
2558 3160 2754 3214 Leonis
2806 3160 3078 3228 Sapientis
3095 3176 3266 3214 annos
3296 3171 3535 3229 emptum
3570 3162 3683 3212 Anc

2109 3255 2316 3311 dream,
2373 3251 2606 3319 cmpisse
2647 3252 2937 3305 stultitiam
2981 3252 3241 3305 simulare
3276 3255 3419 3306 circa
3478 3267 3679 3304 annum

2107 3342 2235 3405 9'20,
2267 3344 2470 3396 obiisse
2501 3359 2628 3397 vero
2659 3346 2801 3396 circa
2841 3342 2984 3409 956;
3015 3359 3139 3397 cum
3182 3341 3519 3414 Ntcephorus
3562 3344 3685 3413 qui-

2108 3434 2228 3487 dem
2255 3433 2363 3502 jam
2404 3443 2548 3487 esset
2591 3437 3043 3503 Septuagenarius
3075 3445 3166 3489 aut
3194 3452 3259 3490 eo
3305 3437 3506 3506 major;
3564 3437 3687 3505 Ιειρῑ-

2109 3528 2338 3593 phattiUs
2400 3542 2562 3592 vero,
2607 3538 2733 3580 tunc
2814 3529 3446 3599 necdumitricenarius
3524 3532 3683 3583 annis

2111 3628 2297 3687 postea
2325 3627 2382 3672 ut
2430 3622 2707 3673 minimum
2738 3621 2806 3675 20
2843 3624 2893 3675 in
2929 3623 3257 3676 monasterio
3292 3623 3505 3686 vixerit,
3530 3634 3685 3675 ante-

2111 3726 2273 3779 quam
2305 3713 2454 3765 tieret
2475 3714 2781 3781 patriarcha
2808 3729 2822 3778 ;
2863 3715 2914 3767 itt
2945 3730 3075 3783 qtto,
3107 3716 3153 3768 si
3196 3715 3309 3783 ipse
3358 3714 3683 3775 Polveuctus

2100 3810 2276 3869 esset,
2308 3804 2483 3883 solum
2510 3804 2711 3857 vixisse
2742 3808 3012 3874 potuisset
3055 3807 3212 3859 annis
3246 3808 3311 3859 η
3338 3809 3417 3860 vel
3454 3808 3539 3861 l4.

2180 3939 2232 3993 6.
2289 3939 2553 3995 Ctetet'utn
2601 3958 2665 3995 ex
2703 3950 2947 4012 tempore
2976 3943 3080 3997 hoc
3134 3943 3216 3996 vel
3252 3942 3365 4006 illo,
3404 3941 3681 4011 quodixi-

2105 4048 2232 4085 mus
2255 4034 2456 4087 obiisse
2480 4031 2742 4087 Sanctum
2770 4074 2785 4098 ,
2833 4036 2989 4089 facile
3017 4047 3098 4089 est
3132 4037 3394 4089 rationein
3437 4038 3681 4096 ro-ddcte,

2082 4139 2211 4175 .cur
2242 4122 2629 4177 inGraecoinnt
2663 4124 2876 4179 Menwis
2897 4142 2960 4178 ac
3014 4128 3355 4195 Synaxariis,
3404 4127 3540 4178 adeo
3593 4126 3683 4177 ille

2113 4215 2325 4285 ignotus
2349 4216 2440 4277 sit,
2468 4228 2524 4268 ut
2556 4217 2607 4269 in
2648 4220 2808 4269 unico
2838 4219 2946 4270 dutt
2975 4227 3120 4281 axat,
3166 4233 3340 4286 eoque
3394 4218 3681 4269 recentiori

2116 4305 2449 4369 Divioneusi,
2503 4309 2766 4364 hactenus
2824 4321 3071 4378 repertus
3144 4312 3299 4364 fuerit
3350 4326 3379 4362 a
3414 4314 3685 4379 magistris

2114 4398 2622 4455 meisllenschenio
2651 4410 2705 4454 et
2734 4399 3123 4470 Papebrochio.
3173 4402 3384 4456 Etenim
3430 4418 3689 4471 quascun-

434 4502 607 4551 ocutis
634 4497 769 4549 meis
799 4494 931 4556 vidi,
963 4493 1158 4561 partim
1191 4491 1353 4544 didtci
1407 4506 1473 4543 ex
1506 4489 1831 4558 Epiphanio,
1866 4490 2006 4541 iacto
2038 4528 2085 4583 υ
2114 4507 2219 4558 qtte
2251 4493 2327 4546 illi
2362 4493 2612 4547 viderunt
2640 4499 2690 4547 itt
2726 4496 3061 4551 membranis
3091 4510 3332 4563 exarata,
3376 4497 3684 4564 antiqmora

424 4591 525 4644 .hic
553 4588 746 4643 deinde
775 4584 1229 4639 reverendissitno
1252 4583 1688 4653 ascitiepiscopo,
1706 4580 2005 4634 secundum

440 4679 612 4748 ipsius
641 4678 824 4730 Sancti
852 4674 1276 4744 pra-dictionem.
1318 4691 1337 4726 ι
1371 4676 1440 4728 At
1493 4676 1650 4741 cujus
1677 4675 1851 4728 astatis
1883 4681 2010 4725 tunc

442 4774 606 4825 fuerit
637 4781 847 4830 auctor,
885 4783 1044 4835 quem
1066 4769 1177 4835 jam
1220 4766 1344 4819 inde
1372 4783 1399 4818 a
1432 4764 1696 4833 principio
1743 4762 2010 4815 simulan-

444 4880 525 4920 tte
553 4863 802 4923 stultitia:
839 4862 1084 4915 Andreas
1122 4860 1311 4913 habuit
1346 4859 1627 4911 .arbitrum
1662 4854 2013 4909 cattscientite

442 4974 576 5022 suae,
608 4966 769 5023 atque
795 4957 927 5007 adeo
952 4952 1092 5004 haud
1125 4952 1293 5003 multo
1332 4949 1543 5001 minore
1586 4946 2013 5014 quadragenario

449 5034 688 5115 reperit?
746 5039 959 5094 Fuisset
1012 5042 1057 5092 is
1089 5041 1329 5107 proicere
1353 5037 1467 5105 jam
1505 5041 1613 5088 tete
1642 5034 2010 5095 centenarius,
2052 5030 2073 5077 ς

432 5138 664 5207 quando
713 5138 755 5188 is
818 5138 884 5187 de
931 5148 1036 5203 quo
1066 5133 1243 5199 agitur
1292 5130 1635 5198 patriarcha,
1689 5140 2014 5194 quocunque

433 5233 684 5301 .appellcs
721 5228 959 5291 nomine,
986 5226 1168 5278 sedent
1209 5223 1547 5277 conscendit.
1598 5219 2012 5284 Quomodocun-

438 5342 555 5391 .que
585 5327 730 5378 enim
762 5319 1168 5387 chronologiatn
1201 5318 1439 5377 ordines,
1473 5318 1728 5379 manebit,
1749 5311 1889 5381 quod
1926 5309 2012 5361 Ni-

449 5415 721 5481 cephorus
745 5414 978 5478 scriptor
1035 5406 1165 5478 (qui
1197 5407 1451 5459 sacerdos
1485 5413 1622 5467 erat,
1667 5401 1883 5470 quando
1905 5402 2015 5452 An-

449 5508 609 5565 dreas
631 5510 808 5561 adhuc
837 5506 1055 5573 juvenis
1099 5502 1324 5555 stultum
1370 5512 1530 5566 agere
1566 5496 1769 5565 cu'pit;
1812 5494 2015 5547 cidem-

446 5611 557 5666 .que
605 5597 867 5649 defuncto
924 5604 1047 5665 post
1098 5608 1270 5645 annos
1314 5590 1488 5643 aetatis
1558 5588 1625 5639 66
1697 5584 2015 5654 supervixit)

400 5666 413 5677 λ’
450 5686 741 5741 admodum
805 5689 1123 5752 grandaevus
1177 5698 1296 5738 esse
1344 5679 1611 5744 debuerit,
1645 5680 1733 5747 qui
1781 5678 2017 5746 lapipha-

447 5782 625 5839 uiuat,
680 5778 947 5831 moriente
976 5778 1209 5841 Andrca,
1246 5790 1352 5829 non
1383 5775 1533 5828 valde
1567 5787 1859 5838 annosum,
1894 5778 2019 5841 post

2110 4583 2222 4637 fere
2273 4595 2421 4651 sunt,
2475 4595 2570 4640 aut
2632 4588 2819 4641 saltem
2855 4604 2918 4642 ex
2957 4590 3357 4658 antiquioribus
3388 4590 3683 4659 desetipta,

2108 4689 2209 4727 nec
2264 4675 2401 4729 ullos
2452 4676 2653 4731 habent
2708 4679 2852 4732 illius
2919 4680 3017 4731 teri
3077 4688 3297 4733 sanctos
3331 4679 3414 4733 :si
3480 4690 3684 4741 tamen,

2110 4775 2303 4831 praeter
2352 4767 2503 4821 hunc
2562 4769 2840 4821 occultum
2906 4771 3134 4832 mundo,
3177 4771 3418 4839 insignes
3474 4770 3687 4839 aliquos

2110 4870 2335 4913 sanctos
2381 4860 2575 4913 habuit
2619 4860 2851 4927 Graecia,
2908 4860 3175 4915 l’hotiano
3251 4861 3545 4916 schismate
3589 4863 3684 4915 ditt

2110 4949 2361 5012 ab,uncta
2411 4950 2479 5001 ab
2532 4950 2742 5003 .unione
2799 4952 3085 5014 catlmlica,
3127 4963 3181 5006 et
3229 4963 3354 5006 tunc
3375 4951 3591 5019 quidem
3617 4954 3683 5003 ad

2112 5041 2256 5093 illam
2297 5055 2547 5109 regressa
2604 5057 2706 5110 pro
2763 5052 3024 5107 tempore,
3057 5052 3368 5097 nontamen
3407 5046 3472 5096 ad
3506 5045 3686 5110 pristi-

2113 5147 2241 5185 nutn
2296 5130 2575 5200 religionis
2621 5131 2924 5197 fervorem;
2992 5135 3133 5187 unde
3205 5148 3324 5185 eam
3390 5133 3569 5185 denuo
3626 5132 3681 5184 iit

2114 5223 2252 5275 idem
2298 5223 2537 5279 scliisnta
2587 5224 2748 5277 relabi
2803 5224 3051 5292 contigit,
3115 5222 3287 5277 multo
3339 5239 3502 5292 quant
3561 5235 3686 5276 ante

2114 5316 2376 5378 deterius,
2442 5325 2661 5369 auctore
2699 5315 2910 5384 Sergio,
2954 5314 3057 5367 sub
3089 5330 3290 5368 annum
3334 5313 3682 5367 millesimum

2112 5408 2256 5463 facto
2283 5391 2617 5476 patriarcha,
2641 5423 2704 5460 ex
2762 5424 2960 5475 genere
2986 5407 3289 5476 impiissitni
3324 5405 3521 5462 Photii.
3551 5406 3682 5460 Illud

2117 5510 2295 5552 autem
2321 5497 2373 5550 in
2407 5504 2595 5551 charta
2647 5496 2788 5551 linea
2827 5496 3092 5565 scriptum
3123 5494 3509 5568 Syttaxarintn,
3540 5498 3685 5568 quod

2117 5590 2515 5645 Cltilllctianum
2572 5605 2713 5658 sape
2765 5590 3127 5656 nominamus,
3186 5592 3252 5642 ad
3297 5594 3434 5643 hanc
3465 5590 3535 5644 28
3564 5590 3688 5644 .llaii

2120 5686 2199 5737 sic
2229 5682 2385 5736 habet
2417 5699 2430 5735 :
2469 5680 2524 5733 Ὀ
2549 5679 2698 5748 ἅγιος
2719 5679 2989 5747 Ἀνδρέας.
3015 5681 3040 5730 ὁ
3070 5680 3157 5732 διὰ
3204 5682 3439 5750 Χριστδιν
3500 5680 3691 5746 σαλῑις,

2121 5780 2177 5829 ὲν
2209 5778 2396 5846 εἰρήνῃ
2419 5772 2715 5826 τελειοῦται
2750 5811 2765 5827 .
2789 5770 2847 5827 S.
2886 5771 3142 5842 Andreus,
3179 5775 3266 5843 qui
3291 5786 3500 5843 propter
3529 5772 3696 5829 Chri-

3550 307 3767 374 6⁸24·
