4100 6212
481 275 590 337 625

1663 270 1839 330 VlTA
1886 267 1946 327 S.
1994 265 2321 325 ANDREA-l
2363 262 2557 323 SAL}:

478 400 624 441 unm
672 386 865 439 stultus
919 386 1042 451 fuit,
1103 384 1151 435 in
1192 398 1318 451 pure
1377 383 1533 436 ritum
1567 384 1706 449 ﬁuit.
1739 382 1875 435 Tum
1905 395 2055 433 more
2084 386 2128 442 Α
2156 378 2342 447 plroro,
2374 392 2575 446 magrrw
2594 374 3042 440 sanctissimeque
3074 369 3431 422 DeiEeclcs'w
3449 374 3743 425 sacerdote.

484 491 598 531 tere
628 491 731 531 suo
766 476 869 529 hoc
893 474 1112 540 srrbjicit
1137 471 1408 528 distichon
1445 490 1457 525 :

552 606 769 661 Παύλου
808 608 864 659 τὸ
898 607 1071 675 ῥῆμα,
1104 607 1198 658 καὶ
1222 607 1498 674 μεταστὰς
1531 605 1809 673 Ἀνδρέας,

565 678 756 746 Ἡμεῖς
787 678 873 730 διὰ
905 678 1145 745 Χριστόν
1167 693 1230 744 γι
1262 677 1459 745 μωροὶ,
1491 676 1815 745 κραυγάξει.

555 814 713 878 Quod
731 813 931 867 Paulus
970 813 1094 865 olim
1124 813 1342 875 cecinit;
1377 811 1495 862 hinc
1520 808 1747 863 Sanctus
1802 810 2055 878 migrans,

556 882 672 938 Nos
711 885 862 937 stulti
890 899 1067 937 amore
1100 882 1317 946 Christi,
1349 881 1651 934 etAndrcas
1682 882 1845 932 canit.

556 1021 612 1075 7.
680 1018 960 1073 Praedicta:
1026 1031 1190 1083 porro
1255 1013 1608 1069 obscuritatis
1640 1013 1777 1080 apud
1816 1020 2061 1080 posteros

482 1120 662 1184 potest
682 1110 845 1163 etiam
879 1108 982 1161 alia
1010 1106 1205 1175 duplex
1236 1120 1398 1158 causa
1435 1103 1698 1173 assignari
1736 1110 1885 1154 :tum
1917 1101 2060 1168 quod

485 1206 607 1273 ipso
636 1203 847 1254 vivente
873 1196 1239 1269 paucissimis,
1268 1199 1340 1250 uti
1361 1196 1565 1250 dictum
1597 1204 1702 1257 est,
1725 1194 1843 1260 ejus
1868 1193 2062 1262 agendi

483 1294 678 1347 modus
726 1303 780 1346 et
816 1293 1030 1346 occulta
1070 1290 1335 1344 sanctitas
1371 1286 1683 1349 innotuerit,
1716 1300 1746 1339 a
1792 1285 2064 1353 plerisque

482 1400 582 1455 pro
636 1390 802 1439 stulto
839 1392 895 1436 et
940 1380 1279 1435 rlzemoniaco
1321 1377 1489 1432 habiti
1528 1396 1541 1433 :
1606 1387 1718 1431 turn
1772 1375 1915 1446 quod
1945 1384 2066 1445 post

480 1484 738 1537 mortem.
770 1472 955 1528 ablato
989 1472 1251 1526 divinitus
1281 1482 1532 1539 corpore,
1564 1469 1727 1523 nulla:
1762 1467 1881 1537 ejus
1945 1467 2069 1521 reli-

481 1568 623 1636 quiae
680 1564 1071 1634 superfuerant.
1132 1562 1207 1616 Ex
1262 1564 1443 1631 priore
1468 1562 1668 1615 factum
1710 1569 1818 1625 est,
1861 1569 1920 1614 ut
1977 1576 2069 1612 rre-

484 1660 639 1725 mini,
670 1669 1025 1729 praeterquam
1070 1656 1432 1711 familiaribus
1453 1656 1570 1709 suis
1616 1655 1665 1707 in
1704 1654 2067 1709 testimatione

2159 468 2348 522 Exstat
2396 467 2581 519 eadem
2647 463 2763 517 \‘ita
2819 478 2921 516 ms.
2952 461 3004 513 in
3051 460 3373 514 bibliotheca
3423 456 3734 521 Viennensi.

2159 568 2218 611 ut
2257 559 2435 627 legere
2469 566 2552 612 est
2582 557 2633 610 in
2670 540 3006 609 Bibliotheca
3036 549 3256 606 Gesneri
3290 560 3448 605 arrcta
3474 552 3749 621 impressa

2159 648 2344 716 Tiguri
2411 666 2551 703 anno
2618 649 2778 709 1585.
2819 647 2904 701 his
2958 644 3137 699 verbis
3170 661 3183 697 :
3221 660 3243 697 ι
3283 643 3645 712 Nicephorus,
3672 646 3739 703 de

2165 739 2282 793 Vita
2332 742 2581 805 Andreae,
2633 740 2767 793 liber
2803 750 2956 793 vetus
3016 737 3069 790 in
3100 745 3293 806 quarto
3327 750 3430 789 rrrs.
3463 736 3574 790 bib.
3606 735 3739 806 lrnp.

2167 831 2405 887 Vietrnzc.
2445 852 2462 883 ι
3056 896 3063 903 ⁹

2235 927 2287 979 9.
2319 924 2451 993 Ego,
2490 923 2740 978 Patribns
2768 923 3111 977 Hr-nschenio
3142 932 3194 976 et
3248 920 3618 988 Papebrochio
3672 937 3739 976 an

2165 1028 2379 1085 tempus
2438 1017 2655 1084 aliquod
2730 1017 2890 1069 datus
2968 1017 3219 1081 adjutor,
3280 1015 3735 1084 quemadmodum

2169 1107 2344 1162 Vitam
2381 1110 2550 1167 sancti
2581 1109 2866 1177 Symconis
2894 1107 3102 1177 Stylrtte
3159 1110 3210 1161 in
3274 1117 3455 1161 monte
3510 1108 3741 1161 Mirabilt

2166 1201 2392 1269 r-jusque
2449 1201 2639 1253 matris
2697 1210 2901 1254 sancta:
2936 1199 3161 1254 Martha:
3208 1201 3417 1271 primus
3451 1200 3747 1256 Latinitate

2170 1294 2404 1358 donavi;
2470 1294 2544 1346 ita
2582 1303 2635 1346 et
2688 1293 2828 1347 hanc
2858 1294 3027 1346 sancti
3056 1293 3283 1347 Andreae
3316 1290 3560 1347 Latinam
3590 1294 3692 1349 feci
3727 1310 3741 1347 :

2169 1387 2261 1439 sed
2304 1401 2411 1439 non
2448 1386 2633 1438 cadent
2668 1401 2789 1438 cum
2824 1384 3107 1439 facilitate.
3140 1384 3228 1439 Illa
3253 1386 3401 1439 enim
3456 1385 3767 1456 Syrneonis

2171 1475 2290 1530 Vita
2323 1475 2531 1541 Graaia,
2564 1477 2637 1529 uti
2668 1476 2871 1545 liqrrida
2897 1477 3218 1546 usitatisque
3275 1480 3475 1547 passim
3521 1480 3745 1533 vocibus

2169 1579 2224 1622 et
2300 1570 2795 1623 constt-actionibus
2863 1570 3175 1637 conscripta
3250 1580 3369 1625 erat
3448 1573 3649 1627 sarculo
3692 1588 3765 1627 vt:

2175 1672 2427 1724 exeunte,
2461 1661 2532 1714 ita
2563 1662 2801 1714 suaviter
2832 1661 2899 1715 ad
2928 1661 3133 1715 exitum
3177 1660 3409 1717 deducta
3437 1664 3615 1718 versio
3641 1674 3761 1718 est-

482 1763 669 1818 esset;
702 1752 949 1817 adeoqrre
977 1750 1079 1805 soli
1105 1747 1434 1818 Nicephoro,
1477 1747 1742 1817 spirituali
1789 1745 1908 1814 ejus
1963 1745 2065 1798 l’a-
2102 1725 2143 1783 Β
2175 1748 2300 1804 llaec
2335 1765 2464 1803 vero
2504 1750 2755 1814 Andreae,
2778 1749 3061 1803 deficiente
3083 1749 3195 1818 jam
3251 1750 3365 1805 fere
3401 1766 3523 1805 curn
3575 1750 3748 1819 maje-

481 1846 576 1907 tri.
624 1860 769 1897 cura:
823 1842 989 1896 fuerit
1008 1842 1127 1911 ejus
1183 1841 1446 1895 adnotare
1467 1847 1618 1908 gesta
1659 1855 1779 1907 quae
1818 1847 2061 1901 noverat.

484 1952 609 1989 eum
640 1935 850 1988 infinita
886 1951 1010 1988 cum
1044 1934 1290 1994 laterent.
1312 1946 1409 1986 nec
1433 1946 1557 1985 raro
1590 1930 1736 1992 talia,
1789 1930 1919 1982 utin
1969 1929 2065 1980 ad-

484 2030 821 2082 nriratimrern
883 2037 1141 2094 raperent
1197 2035 1568 2095 spectatores;
1626 2024 1718 2077 sed
1803 2022 1946 2092 quo]
1996 2022 2065 2074 ab

482 2120 699 2173 homine
755 2119 1090 2171 daemoniaco
1112 2116 1377 2186 proticisci
1409 2114 1756 2184 putabantur,
1802 2112 2066 2167 daemonis

482 2211 664 2279 potius
715 2225 881 2279 quam
936 2210 1135 2263 drvirne
1170 2205 1831 2262 ascribebantrrr‘virtuti.
1864 2203 1941 2258 Ex
1968 2220 2066 2273 po-

488 2304 722 2357 steriore
764 2311 931 2372 patet,
978 2301 1184 2361 nullum
1240 2299 1608 2355 sacrosanctis
1663 2298 1781 2368 ejus
1823 2298 2066 2367 reliquiis

483 2396 679 2449 deferri
734 2396 940 2449 cultum
983 2411 1047 2449 ac
1108 2394 1535 2459 venerationem,
1564 2392 1707 2445 nulla
1745 2392 1810 2444 ad
1835 2405 1929 2444 eas
1969 2406 2067 2458 pa-

486 2488 615 2541 trari
640 2486 925 2551 miracula,
954 2501 1053 2541 nec
1092 2487 1383 2541 admodum
1410 2487 1499 2539 diu
1532 2501 1720 2540 earum
1747 2485 2064 2538 memoriam

486 2582 541 2634 in
573 2581 771 2634 animis
801 2581 1078 2634 hominum
1131 2580 1369 2632 residere
1426 2577 1667 2646 potuisse
1698 2594 1711 2630 :
1749 2578 1793 2630 si
1846 2576 2064 2646 quidem

497 2686 620 2739 qua!
647 2672 893 2741 procula
932 2679 1226 2739 conspectu
1279 2678 1489 2729 nostro.
1532 2668 1695 2722 etiam
1750 2669 2068 2737 plerumque

489 2766 677 2832 procul
704 2764 774 2816 ab
803 2762 985 2815 animo
1009 2771 1214 2815 remota
1247 2768 1397 2815 sunt.
1430 2758 1674 2813 Reiictus
1696 2760 1914 2827 quidem
1947 2766 2069 2828 post

496 2864 708 2923 raptum
741 2852 986 2922 corporis
1013 2852 1185 2906 sancti
1220 2851 1435 2906 divinus
1464 2850 1621 2915 odor,
1655 2850 1893 2920 primum
1939 2863 2068 2918 pau-

491 2945 725 3014 percula:
773 2945 993 2998 cuidam
1056 2944 1298 3006 mulieri,
1363 2952 1478 2997 tum
1524 2942 1650 2995 aliis
1708 2940 1961 3009 plurimis
2002 2956 2067 2993 co

490 3039 929 3100 aecur'rerrtibus,
956 3036 1324 3091 testimonium
1360 3034 1631 3102 praebebat
1654 3044 1882 3088 eaterrns
1914 3034 2067 3099 igno-

492 3141 620 3182 rane
657 3129 892 3182 horrrinis
922 3128 1218 3183 sanctitati.
1252 3124 1428 3180 Vitam
1478 3135 1678 3190 tarrren,
1711 3125 1839 3178 licet
1883 3126 2069 3178 statim

490 3239 521 3274 a
571 3229 745 3275 nrorte
796 3220 1082 3288 scriptam.
1143 3219 1467 3289 crediderint
1535 3218 1601 3271 de
1641 3215 1904 3270 irrdnstria
1940 3230 2072 3283 sup-

497 3326 742 3382 pressam
772 3310 961 3374 fnisse,
988 3320 1041 3365 et
1074 3311 1141 3363 ab
1174 3310 1478 3380 Epiphanio
1526 3318 1902 3371 asservatam;
1934 3322 2070 3377 quo-

490 3406 597 3459 adu
631 3420 737 3471 que
772 3404 855 3456 hic
884 3403 1056 3457 factus
1094 3403 1400 3472 patriarcha
1450 3401 1855 3471 prmdictiorrerrr
1887 3399 2067 3453 Sancti

493 3498 561 3553 de
616 3514 676 3552 se
728 3496 924 3551 factam
968 3497 1230 3566 implevit.
1267 3494 1403 3549 Tum
1438 3511 1586 3558 vero,
1612 3504 1823 3547 mortuo
1865 3494 2071 3547 verosi-

498 3590 699 3643 mihter
750 3590 864 3658 jam
931 3590 1139 3658 pridem
1211 3599 1451 3649 auctore,
1504 3587 1627 3640 data
1664 3586 1714 3638 in
1753 3587 1926 3638 lucem
1968 3586 2066 3647 sit;

496 3683 805 3749 patriarcha
838 3682 953 3750 ipso
982 3680 1281 3733 allirmarrte
1312 3694 1458 3741 vera,
1515 3679 1725 3746 sibique
1772 3687 1920 3731 certo
1974 3690 2071 3728 co-

499 3777 648 3842 gnita
704 3773 911 3839 fuisse,
976 3787 1318 3841 quaecunque
1372 3766 1708 3838 Nrcephorns
1733 3769 2067 3835 scripserat;

501 3870 685 3937 itaque
748 3867 961 3920 initium
1015 3862 1237 3931 aliquod
1269 3863 1453 3914 datum
1487 3861 1682 3922 cultui,
1716 3876 1810 3929 per
1836 3859 2071 3911 nominis

500 3958 904 4028 inscriptionem
954 3956 1007 4009 itr
1062 3953 1382 4023 Synaxariis
1427 3952 1786 4021 quibusdam;
1820 3952 1962 4019 quod
1996 3959 2074 4003 ta-

500 4068 623 4105 raen
679 4051 969 4121 plerosque
1038 4048 1461 4118 Synaxariorum
1526 4046 1945 4112 transcriptores
1992 4042 2074 4095 fu-

456 4138 462 4143 ’
502 4149 661 4217 gerit.

573 4242 628 4294 8.
662 4239 741 4292 Ad
806 4237 978 4292 Vitam
1026 4236 1196 4305 ipsam
1228 4237 1373 4304 quod
1428 4233 1641 4297 attinet,
1672 4232 1873 4300 duplex
1929 4229 2076 4285 illius

503 4332 643 4385 nacti
695 4346 888 4384 sumus
960 4335 1256 4394 exemplar,
1307 4340 1537 4393 quorum
1584 4324 1813 4376 alterunt
1872 4322 2078 4376 descri-

2174 1852 2312 1897 state
2373 1841 2583 1911 imperii
2637 1841 2799 1894 elianr
2864 1841 3060 1910 linguae
3096 1842 3333 1901 cultura.
3396 1842 3640 1895 barbaris
3691 1852 3750 1895 ut

2174 1932 2443 1996 moribus,
2474 1933 2554 1987 sic
2585 1931 2861 1988 vocabulis
2911 1933 3189 1986 turmatim
3215 1935 3753 2003 Constantinopolim

2175 2043 2235 2082 se
2295 2027 2675 2093 inferentibus.
2731 2027 2933 2082 saeculo
2977 2028 3189 2083 decimo
3214 2036 3433 2083 exarata
3482 2027 3565 2098 (ea
3615 2045 3751 2099 prle-

2174 2120 2360 2173 sertim
2391 2136 2510 2189 quae
2544 2136 2573 2173 e
2634 2117 2958 2173 bibliotheca
3011 2117 3265 2173 Vaticana
3319 2120 3589 2189 descripta
3620 2126 3759 2190 est),

2176 2228 2284 2266 non
2327 2214 2487 2266 nrodo
2519 2212 2819 2281 peregrinis
2848 2224 2902 2265 et
2927 2228 2956 2266 ει
3006 2226 3247 2266 veterum
3306 2212 3618 2267 Graecorum
3648 2229 3761 2267 usu-

2178 2306 2399 2359 remotis
2449 2305 2672 2359 vocibus
2726 2320 2887 2373 quam
2965 2305 3213 2373 plurimis
3289 2316 3495 2372 scatet;
3557 2323 3757 2360 verunr

2174 2398 2337 2451 etiam
2372 2412 2463 2465 per
2493 2398 2820 2461 socordiam,
2858 2398 2937 2449 vel
2977 2398 3184 2451 librarii
3232 2400 3430 2464 nostri,
3463 2398 3543 2453 vel
3602 2399 3749 2453 illius

2174 2490 2266 2556 qni
2329 2486 2645 2542 Vaticanum
2698 2488 2973 2557 exemplar
3000 2489 3237 2549 curavit.
3294 2489 3749 2559 frequentissimis

2176 2579 2350 2632 obsita
2406 2589 2490 2633 est
2532 2580 2844 2647 scriptionis
2907 2580 3139 2646 mendis,
3196 2582 3372 2650 iisque
3437 2598 3579 2651 saepe
3638 2593 3745 2639 tam

2174 2668 2417 2731 absonis,
2452 2678 2509 2721 ut
2538 2683 2758 2722 sensum
2794 2670 3088 2723 difficulter
3128 2686 3341 2738 possem
3387 2673 3751 2742 conjectando

2174 2761 2419 2831 assequi,
2475 2763 2617 2815 unde
2648 2761 2996 2830 interpretari
3048 2764 3287 2831 cupienti
3316 2780 3421 2815 non
3458 2766 3588 2821 levis
3616 2782 3748 2820 sane

2176 2855 2423 2908 molestia
2452 2863 2507 2908 et
2541 2870 2689 2909 mora
2725 2853 2936 2908 diutina
2970 2854 3166 2923 injecta
3200 2868 3300 2909 est.
3344 2853 3409 2909 Ut
3445 2867 3623 2911 autem
3682 2874 3779 2910 θοι

2177 2956 2423 3016 tempore
2460 2948 2692 3001 multum
2734 2964 2765 3001 a
2820 2950 2986 3002 vetari
3015 2948 3311 3003 Cra-cisnro
3340 2951 3614 3004 deiecerat
3644 2949 3768 3005 ιιυρ

2125 3087 2137 3103 ,
2177 3054 2359 3101 rrrarra,
2406 3054 2569 3109 quam
2610 3040 2895 3105 vocabant,
2930 3039 2983 3093 id
3029 3050 3108 3094 est
3158 3039 3764 3111 ConSIantinopolitaniz

2172 3132 2352 3201 populi
2423 3132 2642 3199 lingua;
2686 3132 2758 3186 ita
2790 3141 2843 3187 et
2881 3136 3249 3201 grammatica:
3286 3135 3425 3188 ratio
3470 3137 3621 3190 valde
3650 3152 3747 3205 ap-

2171 3234 2325 3293 paret
2370 3223 2595 3277 alterata
2643 3226 2693 3277 in
2725 3240 2832 3279 ms.
2887 3223 3169 3287 Vaticano,
3198 3228 3251 3278 in
3281 3242 3390 3293 quo
3422 3238 3746 3284 constanter

2171 3316 2350 3382 legere
2380 3323 2485 3380 est,
2516 3317 2849 3383 Δευσχήμων
2874 3325 2929 3369 et
2976 3316 3373 3385 Δευσχημονέω
3398 3332 3494 3385 pro
3520 3321 3741 3390 Λευχεὶ-

2175 3421 2289 3473 μων
2327 3412 2380 3456 et
2405 3404 2804 3473 Λευχειμονέω,
2831 3404 3223 3473 Δαιμονιοῦντα
3253 3420 3349 3474 pro
3374 3408 3744 3474 Διιμωώντα,

2182 3495 2575 3565 ’Δχροούμενος
2600 3510 2698 3564 pro
2747 3493 3136 3564 Ἀχροώμενος,
3169 3500 3537 3553 contrahendo
3568 3517 3633 3551 αο
3690 3502 3741 3553 in

2170 3606 2254 3651 ou,
2285 3589 2427 3657 qrrod
2454 3597 2506 3642 et
2536 3591 2669 3641 alias
2696 3604 2868 3655 sa‘pe;
2917 3603 3040 3641 cum
3078 3588 3338 3642 deberent
3375 3592 3585 3645 vocales
3631 3592 3761 3646 istae»

2173 3681 2422 3734 contrahi
2469 3681 2519 3733 in
2543 3698 2609 3734 ω.
2648 3680 2824 3733 Simili
2853 3682 3014 3734 rrrodo
3065 3681 3117 3733 in
3154 3684 3310 3735 tertia
3348 3700 3577 3752 persona
3611 3694 3745 3738 tern-

2173 3778 2323 3841 poris
2355 3772 2652 3839 imperfecti
2686 3789 2741 3824 εε
2779 3774 3127 3828 contrahitur
3179 3774 3292 3829 fere
3338 3793 3550 3847 semper
3608 3780 3662 3831 itt
3711 3794 3757 3847 ιι

2175 3881 2272 3932 pro
2307 3882 2356 3916 ει
2389 3880 2468 3925 ,ν.
2523 3880 2576 3933 g.
2643 3865 2847 3934 Ἐποέη,
2892 3866 3124 3937 ’διπήχη⁹
3190 3869 3510 3939 “molium,
3558 3870 3749 3925 Ἀπεν-

2173 3955 2433 4025 χαρίσθη,
2465 3971 2560 4023 pro
2600 3954 2826 4016 Ἐποὶει,
2895 3957 3141 4027 ’Δπήχειο
3187 3960 3513 4031 Ἥδο>.ἐσχει,
3558 3963 3745 4017 Ἀπω-

2175 4049 2442 4118 χαρίστει.
2495 4048 2575 4101 sic
2608 4059 2659 4101 et
2693 4065 2750 4098 eo
2784 4049 3017 4103 subinde
3069 4052 3414 4104 cotrtrahitur
3455 4056 3651 4109 ibidem
3693 4058 3745 4110 irt

2174 4157 2211 4209 η
2270 4155 2367 4209 pro
2428 4156 2525 4202 ou;
2565 4143 2637 4193 uti
2711 4140 2941 4207 Ἡγνὸην
3005 4156 3103 4209 pro
3149 4142 3425 4209 Ἥγνόουν.
3474 4143 3749 4213 Frequen—

2179 4232 2385 4284 ttssime
2423 4247 2549 4283 vero
2576 4234 2812 4284 secunda
2850 4246 3075 4299 persona
3105 4242 3388 4301 praesentis
3432 4226 3628 4301 passivi
3670 4241 3749 4291 vel

2177 4320 2338 4373 medii
2368 4321 2691 4374 terminatur
2732 4322 2783 4373 in
2809 4338 2929 4374 εσαι
2957 4321 3075 4375 loco
3099 4340 3131 4393 ῃ
3167 4341 3179 4377 :
3212 4323 3394 4389 qualia
3438 4324 3550 4377 haec
3578 4326 3749 4395 ἀναγ-

505 4433 654 4489 ptrrrn
706 4422 864 4474 nobis
919 4438 948 4474 e
1024 4419 1353 4473 bibliotheca
1403 4416 1653 4469 Vaticana
1684 4416 1786 4468 sub
1820 4425 1943 4467 nota
1976 4431 2072 4467 rru-

2180 4411 2430 4476 κάξεσειι,
2484 4415 2867 4467 ἁντιτάσσεσαι
2902 4416 3103 4478 ctalia,
3144 4431 3240 4481 pro
3273 4415 3753 4485 ἁναγκάζῃ,ἁντιο

507 4513 639 4565 rncri
700 4514 836 4566 1574
883 4527 1007 4566 cum
1075 4513 1180 4566 hoc
1229 4511 1409 4570 titulo,
1435 4506 1555 4569 Βιος
1590 4508 1683 4559 καὶ
1716 4507 1959 4558 πολιτεία
1982 4507 2075 4558 τοῦ
2112 4536 2127 4551 τ

509 4607 786 4674 μακαρὸου
829 4604 1071 4674 Ἀνδρέου
1108 4602 1199 4655 τοῦ
1238 4603 1433 4667 Σαὶοῦ,
1460 4603 1553 4655 τοῦ
1589 4602 1667 4663 εἰς
1695 4600 1756 4652 τὸ
1784 4600 2078 4664 Βυζάντιον

504 4697 597 4763 τῆς
635 4694 1002 4765 θεοφυλὰκτου
1045 4690 1251 4751 πόλεως
1304 4695 1627 4760 ποιήσαντος
1674 4692 1863 4743 ἑαυτὸν
1901 4706 2078 4759 παρει-

506 4784 753 4836 παξοντι.
819 4779 937 4836 Vita
988 4789 1036 4833 et
1081 4783 1402 4835 corrversutio
1459 4780 1525 4834 Β.
1587 4781 1809 4832 Andreae
1852 4778 2079 4847 Saliqrii

505 4872 786 4943 Byzanzii,
818 4874 942 4927 urbe
976 4875 1150 4926 diurno
1180 4873 1428 4941 prandio
1476 4882 1609 4933 tutu,
1647 4876 1812 4939 seipse
1860 4874 2078 4926 stultum

509 4966 799 5018 simulauit.
819 4967 1061 5018 Alterum
1091 4981 1121 5018 e
1152 4961 1485 5016 Bibliotheca
1516 4961 1935 5016 eminentissimi
1967 4978 2081 5016 car-

510 5056 706 5109 drnalis
729 5056 985 5109 Mazarini
1018 5053 1383 5111 commodavit
1420 5052 1595 5114 nobis,
1658 5052 1921 5121 tantisper
1955 5069 2077 5107 cum

512 5162 613 5200 trrs.
649 5160 836 5202 nostro
888 5147 1279 5202 conferendum
1307 5152 1359 5197 et
1399 5142 1629 5196 alterunt
1672 5160 1733 5195 ex
1764 5151 1933 5197 altero
1957 5160 2084 5197 cor-

510 5242 790 5307 rigendum
825 5242 1310 5314 srrpplendunrque,
1370 5241 1434 5297 li.
1496 5236 1817 5294 P.1acobus
1877 5235 2080 5300 Quetif,

510 5332 613 5383 sub
654 5332 755 5385 hoc
798 5334 953 5386 titulo
994 5350 1007 5364 ’
1049 5334 1169 5397 Bia;
1240 5335 1330 5389 καὶ
1379 5331 1621 5384 πολιτεία
1660 5330 1751 5382 ταῦ
1809 5329 2079 5397 μακαρίου

510 5420 756 5494 Ἀνδρέα,
788 5424 883 5476 τοῦ
942 5425 1030 5478 διὰ
1056 5428 1289 5498 Χριστὸν
1332 5422 1524 5484 Balteo,
1560 5423 1894 5488 συγγραφεὶς
1928 5420 2074 5487 παρ’

510 5513 846 5585 Νικηφόρον,
908 5519 1096 5588 ἱερέως
1126 5521 1221 5587 τῆς
1246 5515 1339 5568 τοῦ
1369 5514 1503 5567 Θεοῦ
1557 5513 1863 5581 ἁγιωτάτης
1915 5513 2083 5580 με·ε’ά’

495 5606 607 5674 ,λης
660 5608 1007 5677 Ἐκκλησιαζ.
1078 5608 1192 5665 Vita
1234 5621 1282 5663 ct
1335 5619 1654 5663 conversatio
1714 5605 1778 5659 li.
1832 5608 2077 5667 Δηώ-ειν,

512 5703 599 5766 qui
641 5715 850 5773 propter
889 5706 1153 5760 Christum
1186 5705 1373 5758 stultus
1409 5705 1503 5772 fuit
1534 5705 1824 5769 c-mscr'ipta
1862 5719 1890 5753 a
1923 5700 2081 5753 Nice-

2178 4506 2372 4575 τὰπσῃ.
2406 4502 2522 4558 Νυιι
2566 4507 2743 4559 minus
2783 4507 3091 4575 frequentes
3115 4526 3158 4559 ω
3194 4510 3247 4560 in
3289 4523 3317 4558 ο
3354 4508 3596 4573 vertitur,
3624 4510 3750 4563 dum

2179 4607 2494 4650 constanter
2518 4600 2711 4664 legitur
2736 4597 2893 4649 Γονία
2948 4606 3001 4651 et
3037 4597 3374 4665 Ἐνοτίζθμαι
3424 4613 3522 4667 pro
3580 4599 3756 4651 l‘wvia

2179 4699 2233 4741 ct
2308 4688 2679 4757 Ἐνωτίζομαι.
2748 4689 3011 4743 Similiter
3094 4688 3429 4758 Ἐμπέκτης.
3481 4690 3751 4755 Ἐξέσιθς,

2193 4780 2562 4848 Ἐσδητήριον,
2619 4797 2715 4845 pro
2789 4781 3159 4850 Ἑμπαίκτης,
3228 4780 3511 4848 Ἐξαίσεος,
3550 4783 3752 4850 Αἰσοη-

2179 4874 2389 4938 τήριον,
2444 4882 2497 4922 et
2546 4870 2650 4923 alia
2706 4871 2972 4938 ejusmodi
3016 4880 3220 4924 mutata
3283 4888 3339 4922 rt
3372 4872 3426 4925 ilt
3459 4889 3506 4923 ε.
3537 4872 3753 4925 Similes

2181 4962 2379 5030 passim
2404 4961 2633 5014 aliarnrn
2676 4964 2977 5015 litterarum
3009 4964 3370 5025 mutationes,
3421 4963 3753 5028 additiones,

2183 5052 2636 5119 tratrspositiones
2671 5053 2849 5105 videre
2877 5063 3012 5106 erat.

2260 5147 2341 5201 ΙΟ.
2369 5146 2573 5200 llorunr
2608 5148 2863 5216 pleraque
2890 5165 2955 5203 ne
2989 5161 3249 5218 perpetuo
3283 5148 3395 5203 fere
3418 5148 3750 5202 oli‘errdierrlo

2182 5250 2369 5293 essent
2425 5237 2662 5301 Lectori.
2699 5239 2766 5293 ad
2834 5244 3143 5296 communis
3174 5239 3547 5308 grammaticae
3606 5238 3752 5293 Grie-

2182 5347 2365 5399 cazqne
2412 5333 2810 5402 orthographia:
2866 5332 3096 5386 formam
3150 5332 3375 5395 reduxi,
3431 5346 3557 5387 raro
3614 5333 3751 5387 alias

2148 5424 2377 5497 Vnsitala
2436 5424 2487 5475 in
2516 5426 2619 5477 hoc
2677 5440 2839 5492 opere
2884 5424 3121 5477 licentia.
3155 5421 3342 5490 Neque
3385 5423 3489 5476 hoc
3514 5433 3745 5489 tantum,

2182 5513 2277 5569 sed
2340 5515 2479 5567 facta
2534 5516 2817 5583 utriusque
2875 5532 2975 5569 ms.
3034 5516 3099 5566 ad
3151 5515 3377 5568 invicem
3437 5516 3750 5580 collatione,

2185 5608 2347 5661 multa
2378 5608 2428 5659 in
2464 5623 2564 5661 ins.
2609 5606 2869 5663 Vaticano
2906 5609 3138 5659 olrscu'a
3181 5622 3245 5659 ex
3291 5607 3659 5663 Mazar-iniano
3686 5609 3749 5659 il-

2184 5700 2427 5761 lustravi.
2494 5713 2589 5755 nec
2649 5714 2848 5768 paucos
2882 5699 2933 5753 in
2967 5699 3057 5753 illo
3090 5700 3419 5757 omissurum
3453 5705 3742 5759 verborum
