4100 6212
418 336 421 339 .
438 286 542 349 (ἔξ)

1488 281 1909 344 NICEPIIOIU
1955 282 2415 341 PRESBYTERI
2455 283 2565 341 fil”.

3555 274 3661 339 636

438 397 672 456 ﬂosculis
705 397 959 450 addixere
985 408 1198 464 tneque
1253 395 1393 449 enim
1448 394 1569 447 vani
1601 393 1826 464 hujusce
1850 407 2006 445 mun-

2114 392 2317 462 κέσμου
2366 390 2583 455 τούτου,
2625 390 2697 453 ὡς
2759 388 3092 457 ύπενόησις·
3150 386 3282 439 ἀλλὰ
3309 385 3481 440 ταυτα
3522 388 3663 459 εἰσιν

438 492 492 547 di
547 491 732 544 istbac
795 498 1115 548 ornamenta
1179 495 1330 548 sunt,
1362 495 1418 538 ut
1448 484 1781 554 suspicaris;
1816 497 2002 537 verum

424 580 675 647 thesauri
716 580 966 633 cmlestes
1017 586 1071 631 et
1106 590 1317 630 coronae
1357 574 1578 639 Christi,
1611 573 1812 643 quibus
1844 587 2004 627 coro-

439 686 634 729 nantur
695 671 771 725 illi
828 672 919 739 qui
971 669 1189 724 Mauros
1238 668 1371 723 istos
1417 666 1723 738 proﬂigant.
1755 666 1810 719 Si
1855 678 2005 729 vero,

436 781 547 820 non
600 777 760 818 unam
810 760 1176 825 solummodo,
1240 759 1333 813 sed
1358 775 1547 815 omnes
1619 773 1705 813 res
1733 765 2008 824 reportare

436 856 757 921 desideras;
792 856 916 909 veni
948 864 1000 908 et
1035 854 1317 923 accingere
1349 867 1560 923 pugnae,
1592 866 1715 906 cum
1752 849 2009 918 Ethiope

438 951 615 1006 isthoc
642 949 795 1019 nigra
821 947 1046 1017 fuligine
1072 961 1293 1015 asperso
1312 942 1712 999 committenda:
1738 960 1752 995 :
1783 941 1926 1011 quod
1960 941 2006 994 si

439 1043 686 1112 superior
722 1042 911 1103 fueris,
939 1055 1045 1096 non
1076 1040 1166 1094 his
1186 1038 1349 1092 modo
1377 1037 1574 1100 tribus,
1600 1035 1692 1090 sed
1742 1042 2008 1105 quotquot

438 1136 698 1199 volneris,
746 1142 801 1189 et
863 1132 1081 1202 quidem
1136 1131 1292 1201 longe
1340 1127 1784 1200 speciosioribus,
1846 1141 1877 1180 a
1922 1139 2009 1179 tne

439 1224 749 1281 donaberis.
829 1224 965 1277 Cum
1008 1223 1122 1277 haec
1163 1221 1405 1276 audisset
1450 1220 1715 1284 Andreas,
1750 1218 1922 1288 posita
1954 1217 2006 1270 in

441 1318 622 1373 verbis
657 1316 805 1371 illius
838 1315 1031 1370 fiducia
1063 1332 1076 1368 :
1107 1311 1281 1368 Crede
1331 1312 1485 1378 mihi,
1523 1311 1717 1381 inquit,
1745 1323 2011 1378 exsequar

441 1423 778 1478 quaecunque
824 1405 1005 1460 dixisti
1044 1421 1057 1458 :
1098 1402 1439 1460 solummodo
1500 1401 1551 1455 id
1610 1415 1758 1469 rogo,
1791 1410 1849 1453 ut
1878 1398 2008 1451 insi-

440 1498 558 1552 dias
590 1507 643 1550 et
671 1495 1099 1550 machinamenta
1124 1491 1397 1560 zEthiOpis
1420 1505 1502 1543 me
1524 1491 1775 1545 edoceas.
1808 1488 2009 1543 Adluec

432 1586 648 1651 juvenis
679 1604 693 1642 :
727 1585 879 1640 Tune
913 1585 1075 1655 igitur
1101 1580 1653 1653 lnecignorashudi.
1685 1578 2005 1649 Neutiquam

438 1677 689 1749 generosi
737 1684 866 1731 sunt
922 1675 1242 1743 Ethiopes;
1306 1682 1436 1728 sunt
1478 1680 1656 1725 autem
1683 1670 2005 1735 meticulosi,

440 1779 567 1823 sunt
591 1766 860 1834 imbelles,
910 1774 1037 1820 sunt
1068 1766 1274 1820 viribus
1308 1763 1577 1819 destituti.
1611 1760 1797 1831 Neque
1827 1770 1877 1815 te
1898 1769 2009 1814 ter-

443 1867 557 1911 reat
606 1860 795 1928 ingens
852 1858 1041 1927 ipsius,
1092 1872 1211 1925 qua:
1248 1865 1473 1925 apparet
1516 1863 1893 1910 statura:tam
1918 1853 2013 1908 de-

443 1951 571 2005 bilis
617 1951 815 2021 quippe
872 1961 925 2004 et
954 1949 1162 2019 fragilis
1217 1960 1317 2013 est,
1345 1965 1505 2019 quam
1542 1950 1725 2004 caules
1757 1961 1810 2004 et
1841 1949 2009 2004 olera.

446 2042 538 2097 llis
581 2044 810 2114 aliisque
862 2043 1043 2106 dictis,
1067 2046 1295 2096 tironem
1344 2059 1501 2097 suum
1543 2043 1697 2112 quasi
1730 2058 1935 2112 ungens
1959 2049 2014 2096 et

442 2135 695 2189 animans
750 2134 1023 2189 formosus
1074 2134 1159 2187 ille
1186 2133 1423 2201 juvenis,
1449 2133 1804 2202 apprehendit
1834 2134 2010 2201 ipsum

443 2232 497 2274 et
577 2222 982 2289 quodannnodo
1056 2221 1375 2283 colluctans,
1439 2220 1643 2289 docuit,
1697 2236 1805 2291 quo
1859 2230 2014 2287 parto

444 2310 687 2380 EthiOpi
741 2312 1100 2376 resistendum
1135 2322 1402 2366 esset:ac
1443 2314 1655 2365 tandem
1700 2311 1836 2365 dixit
1863 2311 1910 2364 ei
1958 2310 2012 2364 in

443 2418 629 2458 aurem
674 2403 855 2457 :Cum
883 2412 934 2457 te
994 2403 1269 2457 sublatum
1321 2402 1397 2475 [in
1438 2403 1654 2477 gyrum]
1707 2406 1875 2473 egerit
1918 2406 2012 2474 (ita

443 2496 587 2550 enim
619 2494 755 2558 fore,
789 2494 918 2549 mihi
946 2504 1152 2549 certum
1186 2497 1288 2563 est)
1322 2510 1450 2548 cave
1493 2496 1889 2559 consterneris,
1921 2496 2011 2551 sed

442 2588 672 2659 conﬂige
694 2604 815 2642 cum
842 2588 959 2657 ipso
989 2588 1039 2642 in
1079 2587 1234 2659 signo
1265 2596 1467 2643 sanctae
1497 2589 1676 2643 crucis
1712 2597 1766 2643 et
1810 2588 2015 2644 videbis

444 2682 671 2751 gloriam
696 2680 812 2734 Dei.

516 2775 569 2829 6.
619 2773 774 2829 Tunc
830 2775 992 2850 igitur
1021 2773 1080 2827 Β.
1106 2774 1350 2828 Andreas
1396 2775 1448 2829 iu
1491 2773 1727 2829 medium
1749 2774 2016 2846 processit

444 2879 567 2920 eum
618 2863 873 2935 [Ethiope
928 2880 1120 2934 pugna:
1159 2863 1329 2917 aleam
1384 2864 1703 2919 subiturus:
1744 2866 2015 2919 exclama-

443 2958 628 3024 vitque
655 2971 785 3011 voce
811 2971 1005 3024 magna
1036 2972 1049 3008 :
1079 2953 1238 3009 Prodi
1274 2956 1513 3020 laudent,
1538 2954 1691 3024 prodi
1716 2956 2011 3020 teterrime,

445 3046 677 3116 ahjecte.
723 3046 1130 3100 commodorum
1182 3056 1489 3100 nostrorum
1542 3045 1759 3102 invide:
1793 3061 1891 3115 age
1912 3049 2011 3111 sis,
2042 3058 2085 3122 (ξ

445 3155 547 3194 nos
568 3140 674 3194 duo
694 3137 854 3194 simul
897 3140 948 3191 in
987 3152 1206 3193 arenam
1256 3138 1670 3193 descendamus.
1723 3136 2010 3207 Postquam

445 3232 571 3287 talia
625 3232 956 3303 percepisset
1011 3229 1293 3301 EthiOps;
1328 3239 1522 3283 cuncta
1579 3228 1705 3282 ﬂatu
1753 3229 2014 3298 dejiciens

445 3340 511 3380 ac
567 3324 896 3380 horrendum
950 3322 1208 3387 fremens,
1268 3322 1551 3376 celerrime
1578 3329 1631 3373 et
1668 3321 1862 3391 ipsein
1900 3337 2015 3374 tue-

440 3410 595 3470 diuin
657 3415 947 3485 procurrit,
1001 3424 1386 3485 arreptumque
1429 3415 1699 3467 Andream
1743 3416 1793 3466 in
1825 3430 2011 3483 gyrum

446 3511 607 3566 vertit
669 3509 736 3563 ad
779 3509 998 3579 longum
1056 3518 1268 3576 tempus
1298 3524 1314 3563 ε
1340 3509 1413 3561 ita
1451 3519 1509 3561 ut
1562 3509 1875 3575 plauderent
1906 3523 2016 3576 prie

444 3598 982 3670 gandioEthiopes;
1011 3599 1285 3654 candidati
1313 3614 1435 3652 vero
1451 3614 1558 3667 prae
1579 3599 1760 3653 dolore
1791 3599 2018 3668 ingemi-

442 3700 662 3745 scerent
698 3709 713 3744 :
744 3691 1028 3745 videbatur
1086 3705 1318 3758 namque
1385 3699 1489 3743 tam
1546 3691 1722 3744 valide
1752 3707 1779 3743 a
1830 3690 2015 3745 Mauro

445 3785 595 3837 allidi
644 3785 785 3847 solo,
853 3792 912 3837 ut
965 3782 1108 3837 oculi
1154 3784 1275 3850 ejus
1314 3793 1719 3839 excuterentur.
1772 3785 1839 3836 At
1887 3799 2015 3838 vero

442 3876 571 3927 dum
619 3874 867 3928 Andreas
922 3874 974 3927 in
1015 3889 1204 3943 gyrum
1233 3876 1431 3944 agitur,
1489 3873 1740 3929 muniens
1783 3889 1902 3931 sese
1927 3891 2016 3930 sa-

440 3976 723 4021 crosancta
757 3980 916 4020 cruce
953 3974 1101 4019 tanto
1133 3966 1369 4035 impulsu
1403 3968 1701 4021 daunouem
1735 3968 1785 4021 iu
1818 3978 2015 4022 terram

443 4055 557 4117 dat,
610 4064 669 4108 ut
724 4055 900 4124 capite
922 4053 989 4108 ad
1037 4064 1245 4123 petram
1305 4056 1462 4110 alliso
1520 4057 1767 4126 dejectus
1830 4058 2014 4112 statim

443 4148 794 4216 disparuerit.
829 4146 965 4200 Cum
999 4162 1125 4201 ecce
1166 4146 1579 4202 candidatorum
1645 4148 1832 4213 ingens
1865 4148 2018 4218 plau-

443 4255 560 4303 sus,
589 4237 997 4293 etsuarissimm
1016 4238 1404 4293 exsultantium
1427 4253 1585 4293 voces
1616 4238 1933 4304 insonuere,
1956 4254 2020 4294 ac

441 4332 501 4384 Β.
536 4331 805 4385 Andream
834 4332 1048 4402 supinis
1074 4331 1325 4385 inanibus
1356 4330 1467 4385 suis
1488 4330 1542 4384 in
1594 4329 1826 4384 sublime
1857 4340 2018 4384 extu-

2104 483 2371 555 θησαυροὶ
2396 482 2735 551 ἐπουράνιοι,
2787 480 2883 533 καὶ
2914 479 3202 548 στέμματα
3243 476 3339 532 τοῦ
3396 478 3664 546 Χριστου,

2102 574 2297 647 οἷσπερ
2338 575 2775 641 καταστέφονται
2837 573 2889 626 oi
2946 571 3073 634 τοὺς
3128 569 3389 641 Μαύρους
3425 569 3669 633 ἐκείνους

2104 675 2499 736 πατάσσοντες.
2555 671 2684 725 Ἐάν
2720 670 2883 742 θέλῃς
2933 668 3006 737 μὴ
3040 666 3199 737 μόνον
3227 666 3318 718 τὸν
3347 664 3465 727 ἕνα,
3533 663 3671 717 ἀλλὰ

2105 767 2198 820 καὶ
2239 765 2369 827 τοὺς
2412 765 2562 834 τρεῖς
2615 761 2824 825 λασείν,
2885 757 3204 830 προσελθὼν
3252 755 3518 810 πάλαισον
3578 755 3672 809 τὸν

2103 859 2339 916 Αἰθίοπα
2385 858 2591 910 ἐκεῖνον
2654 855 2745 908 τδν
2789 851 3175 923 ὴσΰολωμένον
3228 848 3339 918 (10)
3367 890 3381 911 ,
3435 847 3532 901 καὶ
3573 846 3673 902 ἐὰν

2106 952 2347 1022 ἡττήοῃς
2376 947 2557 1013 αὐτὸν,
2581 946 2642 1000 ού
2669 945 2830 1017 μόνον
2861 945 3111 1007 τούτους,
3144 940 3280 996 ἀλλὰ
3324 940 3421 995 καὶ
3449 940 3675 1006 ἐτέρους

2105 1044 2261 1107 ὅσους
2298 1044 2365 1098 ἂν
2393 1036 2661 1112 βουληθῇς
2716 1040 2817 1094 καὶ
2848 1038 2994 1109 μάλα
3022 1035 3432 1107 εύειδιστέρους
3460 1034 3670 1104 κομίσῃ

2107 1135 2239 1204 παρ’
2283 1133 2427 1204 ἐμοί.
2452 1131 2640 1186 Ταῦτα
2680 1129 2926 1194 ἀκούσας
2958 1128 2987 1181 6
3017 1127 3276 1198 Ἀνδρέας
3307 1124 3500 1194 ὲπίτῷ
3528 1124 3675 1194 λόγῳ

2106 1229 2430 1300 ἐθάρσησεν,
2454 1229 2550 1283 καὶ
2592 1226 2747 1294 λέγει
2794 1226 2936 1295 πρὸς
2972 1222 3167 1277 αὐτόν’
3211 1216 3514 1276 Πίστευσον
3559 1231 3676 1280 μοι,

2108 1323 2248 1377 ποιῶ
2287 1322 2355 1375 τὰ
2384 1320 2653 1389 λεγόμενα
2678 1335 2694 1351 ·
2757 1318 2918 1389 μόνον
2955 1314 3167 1381 δίδαξον
3217 1328 3283 1383 με
3314 1311 3383 1364 τὰ
3425 1306 3677 1377 μηχανή-

2112 1432 2256 1485 ματα
2280 1413 2464 1467 αὑτοῦ.
2498 1413 2639 1483 Ἔφη
2666 1413 2696 1466 6
2730 1410 2968 1473 νεανίας⁹
3005 1408 3072 1460 ’νυ
3093 1404 3185 1459 οὖν
3211 1421 3228 1470 ;
3251 1403 3354 1455 οὐκ
3384 1398 3678 1452 ἐπίστασαι

2106 1503 2313 1571 ταύτας
2353 1502 2473 1572 ούχὶ
2515 1503 2622 1572 γὰρ
2684 1502 2734 1555 οί
2788 1498 3047 1559 Αἰθίοπες
3104 1493 3330 1561 θρασεῖς
3382 1491 3527 1542 εἰσιν
3581 1486 3680 1537 καὶ

2104 1597 2293 1659 δειλοὶ,
2322 1597 2415 1650 καὶ
2472 1592 2879 1664 σεσαθρωμένοι
2917 1592 3012 1646 καὶ
3041 1587 3355 1657 ἀνίσχυροι.
3410 1581 3547 1654 [Καὶ
3601 1577 3676 1647 μή

2113 1706 2173 1744 σε
2202 1688 2409 1758 θροήσῃ
2434 1686 2491 1739 τὸ
2514 1686 2612 1753 τῆς
2668 1684 2911 1753 ὁράσεως
2965 1679 3132 1737 αὑτοῦ
3166 1676 3432 1748 μέγεθος·
3461 1672 3535 1734 ὡς
3568 1670 3681 1737 γάρ

2112 1780 2364 1852 λάχανον,
2416 1779 2590 1841 οὕτως
2644 1776 2882 1845 ὑπάρχει
2941 1772 3146 1842 σαθρὸς
3177 1769 3273 1823 καὶ
3322 1758 3687 1835 ἀνίσχυρος.ἷ

2111 1874 2298 1929 Ταῦτα
2318 1872 2412 1927 οὖν
2451 1871 2621 1923 είπὼν
2648 1868 2744 1923 καὶ
2774 1866 2912 1922 ἄλλα
2955 1864 3084 1917 τινὰ
3108 1860 3331 1915 πλείονα
3366 1856 3503 1926 πρὸς
3535 1853 3683 1907 60.6.-

2113 1966 2220 2036 φὴν
2271 1963 2365 2016 τοῦ
2415 1964 2559 2024 νέου,
2628 1958 2910 2027 κρατήσας
2944 1953 3109 2008 αὑτὸν
3149 1953 3177 2005 6
3218 1948 3434 2010 εὐειδὴς
3454 1946 3681 2004 ’ἐκεῖνος

2114 2052 2353 2114 νεανίας,
2386 2052 2461 2113 ὡς
2491 2048 2652 2118 δῆθεν
2686 2046 2930 2100 παλαίων
2985 2042 3106 2113 μετ’
3152 2039 3344 2104 αὐτοῦ,
3397 2036 3685 2091 ἐδίδασκεν

2113 2143 2275 2209 αὑτὸν
2307 2143 2386 2200 τὸ.
2422 2142 2539 2203 πῶς
2568 2141 2793 2209 ἀντιστῇ
2826 2140 2901 2207 τῷ
2929 2137 3172 2191 Αἰθίοπι.
3204 2133 3313 2187 Καὶ
3345 2130 3439 2183 ἐπὶ
3494 2125 3689 2187 τέλους

2113 2234 2267 2301 λέγει
2309 2232 2458 2302 αύτῷ
2505 2233 2586 2295 εἰς
2643 2231 2705 2284 τὸ
2757 2230 2849 2289 οὓς
2885 2226 3078 2293 αὐτοῦ,
3154 2224 3347 2279 Ἥνίκα
3375 2238 3432 2273 σε
3464 2220 3570 2287 ἄρῃ
3603 2218 3684 2277 εἰς

2115 2326 2306 2395 γύρον,
2335 2323 2447 2391 ἐγὼ
2485 2324 2596 2394 γάρ
2615 2319 2731 2376 οἶδα
2774 2321 2954 2385 τοῦτο,
2994 2320 3060 2372 σὺ
3114 2317 3188 2387 μὴ
3237 2313 3497 2384 θροηθῇς,
3545 2308 3685 2362 ἀλλὰ

2117 2415 2499 2488 [συμπλάκηθι
2551 2413 2700 2485 αὐτῷ
2744 2413 2857 2484 (Η)
2890 2408 3275 2478 σταυροειδῶς,
3316 2408 3411 2460 καὶ⁵
3443 2403 3552 2474 ὄψῃ
3584 2402 3685 2471 τὴν

2115 2511 2271 2578 δόξαν
2305 2510 2399 2563 τοῦ
2424 2507 2582 2562 Θεοῦ.

2191 2788 2265 2853 ς’.
2286 2785 2537 2856 Ἐξῆλθεν
2553 2783 2650 2837 οῦν
2685 2781 2955 2852 μακάριος
2970 2779 3089 2833 τότε
3122 2776 3258 2849 πρὸς
3281 2774 3383 2845 τὴν
3405 2772 3579 2844 πάλην
3606 2772 3689 2833 είς

2116 2883 2177 2935 τὸ
2217 2881 2380 2950 μέσον
2407 2879 2588 2931 ἔναντι
2643 2875 2737 2932 τοῦ
2789 2872 3066 2933 Αἰθίοπος,
3129 2869 3223 2922 καὶ
3268 2867 3421 2935 λέγει
3468 2862 3683 2933 μεγάλῃ

2118 2978 2184 3045 τῇ
2216 2974 2370 3043 φωνῇ
2403 2988 2419 3005 ·
2480 2970 2652 3039 Δεῦρο
2704 2967 2914 3029 λοιπὸν,
2980 2960 3375 3033 ὴσὸουλομίνε,
3434 2956 3683 3015 ταπεινὶ,

2118 3065 2454 3133 ἁνωφέλητε,
2516 3062 2604 3113 ἵνα
2648 3060 2763 3128 ἅμα
2815 3059 2866 3110 oi
2918 3056 3012 3109 δύο
3068 3053 3445 3122 παλαίσωμεν.
3500 3046 3691 3101 Ταῦτα

2117 3161 2359 3223 ἀκούσας
2384 3160 2412 3211 6
2436 3156 2650 3225 Αἰθίοψ,
2692 3154 2753 3208 τὸ
2781 3154 2944 3222 τάχος
2976 3151 3235 3219 ἔδραμεν,
3273 3144 3571 3215 ἀποφυσῶν
3593 3143 3691 3197 καὶ

2125 3251 2339 3322 μεγάλα
2383 3250 2809 3320 φρυαττόμενος,
2849 3246 2946 3298 καὶ
2989 3241 3229 3315 ἁρπάζει
3281 3240 3373 3293 τὸν
3431 3237 3700 3304 Ἀνδρὲαν

2120 3344 2309 3411 γύροις
2351 3342 2445 3394 ἐπὶ
2505 3340 2813 3408 ἀφορήτους
2868 3335 3041 3405 ὥρας,
3092 3333 3233 3387 ὥστε
3297 3331 3511 3398 κροτεῖν
3560 3327 3699 3387 τοὺς

2120 3434 2383 3494 Αἰθίοπας
2410 3432 2604 3501 χαρὰν,
2638 3430 2733 3483 καὶ⁸
2790 3428 3108 3495 στεγνάζειν
3134 3424 3260 3485 τοὺς
3288 3421 3689 3490 λευσχήμονας·

2121 3530 2339 3581 ἐδόκουν
2368 3526 2477 3595 γὰρ
2525 3524 2606 3576 ὅτι
2658 3521 2873 3575 δίδωσιν
2905 3519 3070 3572 αὐτὸν
3126 3519 3152 3570 6
3202 3514 3428 3585 Μαῦρος
3477 3511 3555 3572 είς
3587 3509 3701 3578 τὴν

2122 3620 2246 3687 γῆν,
2279 3616 2420 3670 ὥστε
2448 3613 2669 3678 ἐξωθεῖν
2697 3611 2826 3674 τοὺς
2874 3608 3192 3679 ὀφθαλμοὺς
3234 3604 3423 3659 αὑτοῦ.
3457 3599 3692 3671 Γυροόο-

2122 3712 2382 3777 λούμενος
2410 3707 2465 3759 δὲ
2498 3708 2526 3759 6
2556 3704 2834 3775 Ἀνδρέας,
2869 3703 2963 3755 καὶ
2984 3702 3093 3768 (12)
3131 3698 3502 3772 [συμπλακεὶς
3537 3689 3698 3760 αὐτῷ

2123 3799 2504 3870 σταυρςειδῶς,
2560 3795 2827 3849 πατάσσει
2874 3792 3039 3846 αὑτὸν
3096 3791 3177 3854 είς
3224 3789 3324 3859 τὴν
3384 3785 3533 3856 ﬁo],
3597 3784 3694 3836 xei.

2120 3894 2415 3956 ὁτοιοῦτος
2472 3891 2681 3961 δαίμων
2746 3887 2935 3957 ἔτυχον
3008 3882 3172 3937 αὑτοῦ
3223 3881 3283 3933 τὸ
3338 3879 3560 3947 κράνιον
3610 3877 3690 3936 είς

2121 3985 2350 4054 πέτραν,
2377 3984 2470 4035 καὶ
2506 3979 2857 4050 κατενεχθεὶς
2894 3974 3152 4046 παραυτὰ
3197 3972 3514 4041 διεφάνητε.
3548 3967 3696 4037 Κρό-

2119 4094 2211 4140 τος
2238 4077 2295 4129 δὲ
2332 4090 2506 4144 μεγας
2558 4072 2666 4125 τῶν
2740 4068 3147 4138 λευσχημόνων,
3178 4064 3274 4117 καὶ
3307 4062 3452 4132 χαρὰ
3484 4060 3691 4127 γλυκυ-

2120 4167 2256 4235 τάτη
2285 4168 2404 4218 τότε
2432 4163 2669 4230 ἐγένετο,
2714 4162 2806 4214 καὶ
2857 4161 3115 4230 ἥρπασαν
3167 4156 3258 4209 τὸν
3304 4153 3572 4223 μακάριον
3602 4149 3692 4214 ἐφ’

2121 4254 2327 4326 ὑψηλοῦ
2358 4256 2476 4316 ταῖς
2540 4252 2819 4320 παλάμαις
2858 4247 3039 4301 αὐτῶν
3065 4245 3308 4307 ὑπτίαις,
3345 4244 3436 4294 καὶ
3470 4237 3703 4304 κατεφῖ-

2122 4347 2249 4399 λούν
2281 4345 2444 4399 αύτίιν
2477 4344 2737 4402 ἅπαντες,
2773 4340 3019 4410 χρίοντες
3046 4335 3239 4408 μύροις
3271 4330 3692 4399 πνευματικοῖς.

439 4427 657 4491 lerunt;
717 4427 1130 4493 exosculatique
1170 4425 1236 4480 ad
1274 4442 1442 4479 unum
1476 4441 1687 4491 omnes,
1723 4426 2012 4499 unguentis

2120 4435 2251 4488 Τότε
2304 4429 2399 4486 οὖν
2434 4432 2540 4483 τῶν
2596 4430 2838 4497 Μαύρων
2909 4426 3131 4480 ἐκείνων
3191 4424 3409 4477 πάντων
3459 4436 3687 4488 σκορπι-

440 4518 768 4584 quihusdam
827 4517 1204 4586 spiritualibus
1263 4516 1437 4585 ipsum
1483 4517 1836 4572 inunxerunt.
1871 4516 2010 4572 Tum

439 4623 568 4660 vero
606 4607 884 4676 dissipatis
913 4610 1115 4669 subito,
1165 4617 1432 4677 quotquot
1469 4610 1719 4672 aderant,
1754 4623 1860 4663 non
1896 4608 2016 4664 sine

440 4698 763 4751 confusione
816 4697 1040 4761 Mauris,
1074 4700 1177 4767 ipsi
1206 4716 1423 4769 quoque
1457 4710 1819 4756 evanuerunt.
1849 4699 2015 4755 Juve-

440 4792 527 4844 nis
562 4806 723 4860 porro
749 4790 873 4852 iste,
921 4792 1179 4860 dignitate
1237 4793 1489 4857 eximius,
1537 4793 2019 4848 imtnarcescibiles

437 4898 673 4937 coronas
725 4884 956 4936 Andreae
1007 4884 1151 4935 dono
1200 4882 1390 4948 dedit;
1431 4898 1568 4952 quas
1594 4893 1817 4951 portans
1846 4884 2016 4937 multa

440 4973 868 5044 perfundebatur
898 4973 1190 5042 voluptate,
1217 4978 1343 5045 quia
1389 4975 1684 5045 fragrantia
1716 4977 1839 5030 inde
1892 4992 2012 5029 ma-

438 5067 604 5120 nabat
647 5066 962 5134 singularis.
1000 5065 1243 5136 Denique
1272 5067 1613 5136 amplexatus
1653 5067 1873 5136 ipsum,
1903 5066 2018 5122 Ma-

437 5169 523 5213 cte
578 5157 784 5224 animo,
837 5156 1034 5227 inquit,
1069 5174 1136 5212 ex
1161 5158 1265 5213 hac
1291 5159 1424 5214 hora
1452 5161 1615 5216 nobis
1655 5160 1765 5216 eris
1793 5169 1847 5215 et
1872 5160 2016 5215 ami-
2046 5216 2049 5217 ν

511 5366 622 5435 (10)
665 5362 1114 5433 Ἥσὸολουμένον.
1148 5360 1303 5428 Quod
1336 5359 1498 5415 modo
1536 5360 1780 5427 dixi,hie
1806 5378 2021 5432 quoque

439 5434 666 5504 intelligi
686 5438 864 5500 debet,
891 5435 1135 5487 eamdem
1168 5435 1237 5485 ob
1261 5448 1478 5504 causam
1509 5434 1738 5502 relinqui
1786 5448 1817 5485 a
1855 5434 2010 5486 nobis

440 5504 579 5556 hanc
612 5502 817 5567 vocem,
862 5512 921 5559 ut
951 5504 1004 5557 in
1033 5519 1132 5556 nis.
1158 5511 1346 5556 nostro
1382 5502 1469 5554 hic
1490 5511 1541 5553 et
1566 5516 1852 5568 seq.num.
1890 5516 2021 5555 con-

440 5581 648 5625 stanter
697 5574 944 5627 habetur.
998 5574 1133 5626 Cum
1166 5571 1369 5636 alioqui
1408 5580 1551 5623 recta
1577 5572 1848 5625 serihendi
1882 5574 2020 5625 ratio

443 5643 742 5712 postularet
760 5642 1159 5712 ἡσϐολημένονε
1186 5642 1253 5695 ab
1271 5639 1540 5712 ἀσόολάιυ,
1572 5639 1791 5708 fuligine
1817 5641 2025 5709 iii/icio,

438 5709 647 5777 pulluo,
675 5709 818 5780 quod
852 5709 997 5767 recte
1035 5713 1281 5767 convenit
1317 5711 1469 5781 nigro
1506 5710 1713 5765 Mauro.

2121 4526 2381 4586 a'iévruw,
2409 4524 2544 4592 μετὰ
2593 4521 2839 4593 μεγάλης
2871 4518 3136 4589 αἰσχύνης
3161 4511 3551 4585 ἀνεχώρησαν·
3590 4512 3696 4565 καὶ

2119 4616 2433 4686 ἐδωρήσατο
2485 4613 2635 4682 αὐτῷ
2680 4613 2708 4663 6
2755 4609 2966 4682 εύε.δὴς
3038 4610 3247 4670 ἐκεῖνος
3294 4606 3513 4667 νεανίας
3562 4604 3696 4665 τοὺς

2119 4706 2424 4775 ἀχράντους
2455 4705 2775 4772 στεφάνους,
2808 4702 2900 4753 καὶ
2929 4699 3193 4769 ἐτέρπετο
3224 4696 3477 4766 μεγάλως
3506 4694 3697 4763 φορῶν

2118 4800 2337 4861 αὐτοὺς,
2377 4797 2459 4849 ὅτι
2490 4795 2689 4848 εὐωδία
2724 4793 2999 4862 ἀφόρητος
3026 4792 3121 4844 ἀπ’
3162 4790 3344 4841 αὐτῶν
3373 4786 3690 4855 ἐξεφέρετο.

2116 4888 2284 4950 Τέλος
2349 4886 2742 4953 ἀσπασάμενος
2812 4884 2975 4936 αὑτὸν
3008 4882 3188 4949 λέγει’
3224 4880 3443 4946 ’Υπαγε
3485 4876 3695 4940 καλῶς.

2115 4980 2223 5032 ἀπὸ
2249 4980 2345 5047 τῆς
2372 4978 2496 5049 ἄρτι
2535 4979 2636 5051 ἔσῃ
2657 4976 2922 5047 ἡμέτερος
2973 4978 3065 5027 καί
3117 4971 3272 5041 φίλος
3336 4971 3431 5023 καὶ
3462 4966 3693 5035 ἀδελφὸς

2114 5072 2471 5139 γλυκύτατος.
2536 5070 2712 5140 Τρέχε
2773 5064 2867 5121 οὖν
2898 5067 2990 5119 τὸν
3020 5065 3185 5119 καλὸν
3227 5062 3422 5131 ἀγῶνα
3461 5061 3689 5130 γυμνὸς,

2115 5164 2211 5217 καὶ
2233 5162 2393 5229 γενοῦ
2421 5162 2582 5225 σαλὸς
2625 5160 2694 5213 δι’
2726 5160 2851 5230 ἐμὲ,
2912 5161 3005 5212 κα)⁸
3042 5157 3257 5211 πολλῶν
3308 5152 3530 5223 ἀγαθῶν
3563 5152 3691 5205 δεσ-

2191 5361 2302 5432 (Η)
2323 5360 2474 5427 000d
2509 5363 2670 5431 huius
2700 5364 2819 5419 loco
2837 5363 3141 5431 ponebatur
3172 5360 3226 5432 in
3251 5353 3683 5432 ms.Vatic.x6v~

2118 5428 2313 5486 δυασον
2361 5434 2543 5495 αὑτὸν,
2570 5428 2623 5487 et
2648 5434 2786 5487 infra
2819 5428 3033 5487 δίδωσιν
3068 5430 3282 5489 κάνδυν,
3343 5428 3694 5497 peregrinum

2119 5517 2342 5568 prorsus
2394 5504 2522 5557 olet.
2552 5504 2716 5557 Multo
2743 5504 2943 5558 clarius
2964 5514 3017 5557 et
3045 5504 3098 5556 in
3123 5495 3513 5560 Mazariniano,
3540 5495 3694 5564 quod

2119 5572 2206 5625 hic
2240 5574 2526 5640 utrobique
2555 5578 2838 5641 supposui.

2123 5710 2143 5724 ἢ
2192 5642 2301 5723 il?)
2365 5632 2578 5724 Pro‘his
2626 5632 2942 5714 legebantur
2982 5640 3314 5715 παραχθεὶς,
3348 5636 3564 5691 δίδωσιν
3592 5632 3696 5687 τὸν

2119 5712 2346 5779 δαίμονα
2372 5712 2578 5767 κάνδυν.
