4100 6212
426 330 533 392 lilii

1486 316 1905 406 Ntcsrnoat
1948 307 2425 374 PRESBYTERI
2463 308 2551 370 cr

3564 289 3681 355 68L

426 442 520 495 sed
565 457 750 496 revera
797 444 938 501 Dens
979 446 1200 500 verbera
1238 446 1336 499 ista
1390 444 1667 512 indigebat
1704 460 1718 506 ;
1757 457 1878 495 cum
1913 453 2005 491 na—

2122 430 2218 499 ιῷ,
2246 431 2331 483 ἐπ’
2363 427 2618 498 ἀληθείας
2676 424 2773 492 οὔχ
2835 420 2946 491 (26)
3045 414 3204 490 φύσις
3236 415 3415 470 αὐτῶν
3457 414 3684 512 κατοδυ-

424 541 545 586 tura
610 533 852 597 illorum,
898 551 1021 606 quae
1055 536 1305 605 corporis
1353 549 1547 603 expers
1575 542 1677 595 est,
1728 546 1852 585 vere
1894 545 2001 583 non

424 627 782 680 cruciaretur.
840 624 1111 681 Extensus
1168 624 1364 680 deinde
1408 624 1600 679 tertius
1648 639 1868 693 quoque
1896 632 2004 686 est,

428 718 516 771 cui
570 720 761 772 eadem
832 720 1017 773 omnia
1066 719 1361 772 incubuere
1399 716 1626 786 :sicqne
1694 716 1886 771 ordine
1939 713 2004 769 ad

428 826 624 865 omnes
679 824 995 878 processum
1058 817 1161 862 est.
1212 808 1349 863 Cum
1408 822 1538 862 vero
1582 808 1654 861 ita
1685 805 1873 859 laniati
1925 806 2009 858 di-

430 902 1196 964 mitterentur,acclamantes
1247 900 1462 955 candidi
1518 901 1665 953 senis
1716 900 1872 962 socii,
1929 898 2010 950 di-

427 999 622 1048 cebant
669 995 937 1063 singulis:
970 995 1084 1063 Age
1127 1008 1247 1062 age,
1294 1008 1488 1047 enarra
1546 993 1755 1055 istbmc,
1790 993 1834 1045 si
1895 991 2010 1061 pla-

427 1097 509 1141 cet
545 1086 759 1139 Satanae
780 1087 917 1153 patri
948 1094 1064 1139 tuo.

502 1177 589 1232 η.
646 1178 999 1245 Posteaquam
1045 1176 1223 1231 cuncti
1275 1174 1574 1229 abivissent
1637 1176 1830 1240 Mauri,
1875 1190 2009 1229 can-

429 1268 595 1323 didati
648 1268 866 1337 quidem
923 1267 997 1321 illi
1036 1266 1292 1321 similiter
1335 1275 1674 1319 evanuerunt
1699 1282 1763 1320 ex
1790 1269 1965 1320 oculis
1992 1305 2006 1327 ,

433 1359 704 1412 formosus
729 1373 855 1412 vero
902 1372 1064 1412 senex
1108 1355 1331 1426 propius
1359 1356 1423 1409 Β.
1451 1355 1723 1410 Andream
1750 1356 1883 1420 adit,
1902 1357 2010 1408 circ

430 1448 844 1518 compositaque
858 1463 1073 1502 rursum
1090 1456 1304 1512 catena,
1337 1446 1534 1502 blande
1553 1456 1609 1500 et
1646 1446 1816 1501 facete
1840 1447 1968 1499 dicit
1992 1464 2007 1503 :

431 1542 643 1603 Cernis,
699 1557 861 1609 quam
892 1551 1189 1611 praesentes
1228 1541 1323 1596 tibi
1359 1538 1643 1611 suppetias
1669 1540 1926 1595 tulerim?
1955 1552 2012 1595 nt

433 1634 575 1687 scias
617 1643 838 1702 quanta:
896 1634 1028 1688 mibi
1058 1649 1204 1687 curre
1248 1634 1358 1688 sint
1386 1651 1472 1690 res
1497 1646 1599 1691 tua:
1636 1655 1649 1691 :
1682 1638 2013 1691 constitutus

435 1741 671 1795 namque
707 1727 1095 1796 sum,jubente
1133 1725 1382 1791 Domino,
1413 1738 1469 1782 ut
1491 1729 1557 1783 ad
1588 1730 1740 1783 utilia
1772 1733 2012 1785 sanctio~

2106 524 2265 578 νᾶται
2305 517 2672 590 ὴὰσὼματος.
2726 514 3024 568 Ἱιπλωσαν
3071 509 3164 564 οὖν
3210 511 3303 562 καὶ
3353 507 3444 559 τὸν
3477 503 3683 575 τρίτον,

2104 615 2200 667 καὶ
2229 612 2392 675 αὐτὸς
2418 614 2483 664 τὰ
2516 609 2655 664 αὐτὰ
2680 606 3010 677 ὑπέμεινεν*
3075 603 3212 673 πρθις
3245 600 3368 652 ὅσον
3397 596 3490 650 οὖν
3527 598 3681 664 hop-

2105 705 2263 765 δίνως
2298 704 2525 756 ἔτυπτον
2550 700 2765 762 αὐτοὺς,
2789 699 2968 764 ἕτεροι
3019 693 3329 761 ἁνεφὼνουν
3366 692 3478 750 τοῖς
3500 688 3685 757 δαρεῐ-

2109 815 2196 851 σιν
2227 796 2323 849 καὶ
2393 792 2807 861 ἀπολυομένοις,
2862 790 3050 856 ἔλεγον
3081 786 3161 840 ἑνὶ
3195 783 3402 844 καθενὶ,
3435 781 3681 847 ’Υπαγε,

2107 890 2319 955 δίδαξον
2370 886 2543 940 ταῦτα
2602 883 2680 955 τῷ
2711 881 2876 938 πατοί
2938 897 3033 934 σου
3061 878 3139 948 τῷ
3172 874 3406 943 Σατανᾷ,
3473 873 3523 925 εί
3556 870 3687 941 ἀρέ-

2110 999 2325 1035 σκεται.

2182 1164 2409 1232 ιβ⁹.”οτε
2427 1157 2522 1216 οὖν
2552 1160 2754 1222 πάντες
2771 1156 3093 1227 ὑπεξῆλθον,
3113 1154 3162 1206 οἱ
3187 1152 3285 1223 μὲν
3309 1151 3683 1223 λευσχήμονες

2112 1261 2314 1313 ἐκεῖνοι
2342 1254 2568 1324 ἀφανεῖ-ς
2592 1250 2701 1305 τῶν
2736 1252 2852 1303 ἐκεῖ
2883 1240 3148 1317 ἐγένοντο,
3180 1248 3208 1299 6
3231 1246 3290 1299 δὲ
3315 1245 3515 1315 ὡραῖος
3550 1243 3691 1296 ἐκεί-

2112 1367 2199 1414 νος
2221 1350 2405 1416 γέρων
2451 1346 2672 1415 ἔρχεται
2702 1342 2839 1413 πρὸς
2864 1341 2957 1395 τὸν
3006 1338 3299 1410 μακάριον,
3332 1336 3429 1389 καὶ
3464 1335 3563 1406 τὴν
3589 1335 3691 1402 μὶν

2114 1442 2300 1495 ἅλυσιν
2335 1438 2394 1490 τὸ
2418 1437 2549 1490 αὐτὸ
2575 1435 2741 1489 πάλιν
2766 1432 3057 1504 ὲφόρησεν,
3081 1430 3232 1498 λέγει
3269 1428 3325 1482 δὲ
3359 1429 3435 1490 ὼς
3467 1444 3689 1497 χαριεν-

2113 1529 2397 1600 τιζόμενος
2424 1544 2436 1559 ·
2507 1526 2736 1586 Βλέπεις
2774 1524 2891 1586 πῶς
2926 1522 3166 1592 ὲτάχυνα
3194 1521 3273 1581 είς
3301 1519 3365 1572 τὸ
3423 1516 3691 1588 βοηθῆσαί

2117 1639 2197 1676 σοι
2226 1638 2241 1685 ;
2274 1620 2360 1672 ἵνα
2412 1618 2519 1685 γὰρ
2568 1617 2768 1670 εἰδέναι
2810 1614 2942 1685 ἔχῃς
2992 1614 3077 1666 ὅτι
3108 1610 3205 1665 καὶ
3233 1611 3375 1663 πάνυ
3419 1626 3510 1680 μοι
3538 1608 3690 1678 μέλει

2118 1714 2244 1785 περί
2280 1727 2394 1765 σουο
2459 1711 2581 1779 ἐμοὶ
2628 1709 2739 1779 γὰρ
2796 1706 2998 1777 ὥρισεν
3046 1703 3309 1767 κελεύσας
3339 1702 3687 1769 ὁΔεσπότης.

437 1833 602 1886 raque
621 1818 850 1873 consilia
884 1829 935 1872 te
970 1820 1229 1879 animem,
1251 1830 1305 1872 et
1326 1820 1516 1874 crebro
1554 1821 1850 1891 propositis
1876 1837 2008 1889 pne-

2122 1780 2205 1862 ἴνα
2257 1823 2351 1859 σου
2418 1806 2513 1875 τῆς
2546 1800 2823 1874 σωτηρίας
2856 1800 2992 1870 πρὸς
3025 1799 3094 1852 τὰ
3124 1798 3252 1851 ὄντα
3278 1796 3563 1865 πρόσφορα
3594 1796 3693 1848 καὶ

436 1910 560 1965 miis
590 1911 841 1965 excitem.
872 1910 1095 1965 Sustine
1116 1911 1301 1980 igitur,
1336 1920 1395 1965 ut
1435 1913 1490 1966 in
1518 1913 1773 1969 omnibus
1812 1916 2010 1984 proba-

436 2013 525 2056 tus
558 2002 883 2064 inveniat-is;
922 2017 1029 2057 non
1068 2006 1296 2058 multum
1321 2005 1465 2059 enim
1497 2006 1759 2075 temporis
1781 1985 2014 2061 interce-

435 2094 550 2157 det,
615 2108 739 2147 rum
775 2094 1031 2148 dominus
1064 2105 1115 2148 te
1172 2104 1299 2149 tuus
1345 2095 1487 2148 ultro
1546 2097 1773 2150 missum
1826 2096 2011 2161 faciei,

437 2184 713 2239 abiturum
758 2200 1084 2255 quocunque
1120 2188 1303 2240 animo
1346 2186 1666 2240 collnbitum
1710 2194 1803 2241 tuo
1828 2188 2011 2241 fuerit.

447 2276 662 2347 Excipit
708 2277 993 2332 Andreas:
1024 2278 1249 2332 Domine
1280 2279 1374 2341 mi,
1426 2282 1615 2347 ecquis
1638 2290 1715 2345 ιιι,
1750 2281 2011 2350 quoniam

438 2385 545 2423 non
597 2369 719 2423 novi
776 2378 829 2424 te
858 2369 882 2422 ?
922 2369 985 2423 Et
1039 2370 1170 2424 ille:
1202 2372 1254 2425 Is
1284 2388 1385 2438 ego
1417 2387 1561 2437 sunt,
1587 2372 1679 2441 qui
1716 2386 1880 2441 super
1912 2373 2015 2425 im-

441 2460 766 2515 maculatum
801 2470 855 2515 et
891 2461 1159 2515 vivilicum
1197 2461 1405 2516 Domini
1441 2466 1607 2518 nostri
1639 2463 1765 2519 Jesu
1803 2465 2011 2519 Christi

446 2564 636 2620 tectus
659 2552 861 2620 quievi.
889 2553 1098 2618 Quibus
1127 2554 1481 2624 dictis,quasi
1514 2555 1934 2611 transformatus
1959 2558 2013 2611 in

441 2646 642 2715 tu'gur,
675 2645 809 2699 abiit
836 2661 865 2699 e
890 2657 1207 2714 conspectu.
1245 2646 1309 2699 Et
1340 2645 1568 2700 miratus
1598 2648 1839 2703 Andreas
1877 2649 2014 2702 inef-

441 2737 657 2790 labiletu
685 2736 774 2790 Dei
806 2736 1120 2802 bonitatem,
1181 2737 1497 2807 glorillravit
1538 2737 1713 2805 ipsum
1749 2740 2017 2793 maximo-

447 2844 600 2897 pere,
631 2830 779 2898 quod
814 2829 887 2882 ita
904 2828 958 2881 in
987 2828 1143 2881 omni
1167 2830 1333 2881 verbo
1363 2844 1430 2883 ac
1461 2844 1626 2898 opere
1673 2832 1888 2897 adjutor
1917 2832 2016 2884 sibi

444 2923 640 2988 tactus,
698 2932 809 2975 tant
852 2923 1035 2977 subito
1077 2937 1140 2974 ex
1193 2921 1507 2976 instantium
1530 2932 1772 2976 atrorum
1814 2922 2018 2976 daemo-

447 3029 575 3066 num
634 3022 903 3079 potestate
951 3012 1243 3079 eripuisset
1294 3028 1435 3076 sese,
1477 3013 1719 3084 dixitque
1745 3013 2018 3068 submissa

2114 1898 2444 1951 εὖθειὼτατα
2495 1898 2776 1968 μεριμνῶν
2829 1897 3111 1959 ἑκάστοτε,
3157 1894 3549 1966 ἐπιϐρασεύσω
3581 1911 3684 1947 σοι.

2124 1992 2450 2060 ’Υπὸμεινον
2480 1988 2594 2051 οὖν.
2655 1991 2742 2044 ἶνα
2770 1991 2993 2059 δόκιμος
3018 1991 3097 2053 είς
3140 1989 3320 2042 πάντα
3351 1987 3556 2057 γενήσῃ
3584 2002 3598 2015 ⁸
3624 1988 3685 2038 οὐ

2118 2085 2336 2154 μακρὰν
2404 2086 2513 2153 γὰρ
2565 2084 2656 2136 καὶ
2706 2082 3025 2153 ἀπολυθήσῃ
3065 2081 3156 2134 τοῦ
3190 2079 3399 2149 Κυρίου
3446 2096 3540 2133 σου
3609 2080 3689 2147 τῷ

2119 2177 2232 2245 ἰδίῳ
2264 2176 2553 2245 θελήματι,
2594 2174 2923 2245 πορεύεσθαι
2955 2176 3090 2228 ὅπου
3138 2173 3186 2227 δ’
3245 2174 3311 2226 ἂν
3339 2176 3451 2234 τοῖς
3476 2171 3689 2241 ὀψθαλι

2118 2270 2240 2335 μοῖς
2290 2267 2382 2319 σού
2426 2269 2574 2319 ἐστιν
2615 2267 2931 2338 εὐάρεστον.
2978 2265 3143 2332 Λέγει
3189 2259 3283 2316 οὖν
3317 2266 3345 2316 6
3385 2263 3641 2333 Ἀνδρέας
3674 2280 3687 2294 ’

2117 2359 2288 2428 Κύριὲ
2328 2376 2451 2428 μου,
2484 2359 2567 2421 τίς
2594 2358 2702 2428 γὰρ
2727 2354 2779 2411 εἴ
2809 2358 2893 2415 σὺ,
2926 2359 3009 2411 ὅτι
3036 2355 3263 2424 ξάγνοῶς
3307 2354 3366 2408 '0
3396 2354 3452 2407 δέ
3480 2372 3644 2423 φησιν
3664 2366 3681 2386 δ

2129 2451 2270 2521 Ἐγώ
2299 2455 2411 2522 εἶμι
2433 2454 2461 2506 6
2489 2452 2776 2505 ἀναπεσὼν
2810 2452 2866 2503 ὲν
2899 2450 2976 2521 τῷ
3007 2450 3260 2519 ἅχράντῳ
3291 2449 3388 2502 καὶ
3417 2445 3666 2517 ζωοποιεῖν

2119 2546 2307 2618 στήθει
2337 2545 2430 2600 τοῦ
2462 2546 2668 2615 Κυρίου
2700 2545 2856 2615 ἡμῶν
2900 2543 3076 2614 Ἰησοῦ
3107 2541 3366 2613 Χριστοῦ.
3400 2544 3506 2594 Καὶ
3529 2542 3690 2596 τοῦτο

2120 2638 2310 2699 εἰπὼν,
2377 2637 2568 2707 ὥσπερ
2623 2637 2705 2700 είς
2760 2634 3049 2707 ἀστραπὴν
3130 2632 3519 2704 μεταποιηθεὶς
3558 2671 3574 2695 ,
3634 2633 3693 2698 ἐξ

2118 2737 2414 2807 ὀφθαλμῶν
2437 2735 2602 2791 αὖτοῦ
2630 2734 2941 2805 ἐπορεύετο.
2960 2732 3019 2784 Ὀ
3045 2730 3102 2783 δὲ
3138 2729 3408 2798 μακάριος
3433 2727 3694 2795 Ἀνδρέας

2120 2830 2436 2900 ἐθαύμαζεν
2468 2827 2563 2882 τοῦ
2597 2826 2735 2879 Θεοῦ
2785 2830 2883 2896 τὴν
2918 2821 3315 2890 ἀνεκδιήγητον
3355 2818 3693 2887 ἀγαθὸτητα.

2120 2924 2215 2977 καὶ
2263 2921 2515 2987 ἐδόξαζεν
2563 2919 2727 2973 αὑτὸν
2780 2916 3056 2989 μεγάλως,
3121 2913 3204 2967 ὅτι
3234 2911 3407 2974 οὓτως
3445 2912 3503 2963 ὲν
3527 2910 3696 2962 παντὶ

2125 3017 2324 3086 ῥήματι
2356 3013 2449 3069 καὶ
2511 3012 2805 3083 πράγματι
2873 3008 3068 3078 βοηθὸς
3119 3004 3289 3060 αὑτοῦ
3316 3004 3555 3073 ιγένετο,
3595 3003 3696 3054 καὶ

346 3103 365 3115 ’
446 3118 577 3158 voce
606 3121 621 3158 :
654 3102 879 3158 Domine
903 3102 1032 3159 δυσί]
1063 3105 1303 3168 Christe,
1328 3119 1520 3173 magna
1544 3114 1597 3159 et
1626 3106 2017 3174 incomparabi-

2127 3107 2192 3159 ὲκ
2224 3105 2335 3158 τῶν
2376 3101 2826 3171 ἐπανισταμένων
2859 3098 3007 3167 αὑτῷ
3064 3096 3313 3167 ζοφερῶν
3367 3093 3701 3162 πνευμάτων

446 3198 515 3251 lis
545 3210 626 3253 est
660 3199 897 3266 potentia
920 3209 1009 3252 tua
1042 3213 1058 3252 :
1087 3211 1246 3269 super
1269 3211 1487 3251 omnem
1542 3206 1788 3251 naturam
1813 3199 2018 3267 gloriti-

443 3299 563 3345 cata
596 3300 680 3344 est
716 3290 1088 3344 misericordia
1123 3298 1234 3349 tua,
1272 3288 1398 3357 quia
1435 3288 1539 3341 tnei
1572 3288 1795 3343 humilis
1827 3290 2021 3343 miser-

342 3420 355 3433 .
449 3392 537 3435 tus
568 3396 650 3446 es,
687 3391 741 3436 et
766 3397 954 3435 curam
988 3381 1132 3450 geris
1161 3395 1176 3435 :
1206 3380 1256 3434 id
1286 3395 1386 3449 ego
1422 3394 1534 3432 rem
1562 3394 1754 3433 novatn
1775 3387 1827 3433 et
1856 3382 2019 3433 multa

446 3474 809 3529 admiratione
862 3474 1079 3542 dignam
1119 3473 1395 3527 existimo.
1446 3471 1670 3525 Custodi
1730 3487 1815 3525 me
1857 3473 2022 3542 igitur

448 3580 615 3635 perro
637 3564 869 3632 amplius
896 3573 950 3616 et
978 3563 1226 3630 amplius,
1267 3561 1513 3626 Domine,
1557 3563 1609 3617 in
1644 3564 1870 3619 veritate
1891 3576 2019 3627 tua;

447 3663 504 3707 et
526 3655 747 3724 dignum
776 3669 861 3709 me
890 3653 997 3717 lac,
1023 3653 1117 3722 qui
1148 3653 1414 3708 inveniam
1473 3654 1701 3725 gratiam
1744 3669 1928 3711 coram
1947 3666 2019 3722 te,

448 3764 483 3801 ο
518 3745 808 3809 altissime,
841 3760 875 3800 ο
924 3745 1324 3815 potentissime,
1356 3762 1390 3799 o
1420 3747 1702 3814 terribilis,
1733 3764 1769 3803 o
1814 3749 2021 3805 incont-

449 3839 854 3910 prebensibilis.

520 4030 610 4085 l3.
644 4028 795 4084 Talia
841 4038 1063 4099 precan
1091 4029 1335 4088 Andrra.
1389 4028 1718 4098 ingruitnox
1746 4045 1761 4083 :
1788 4045 2023 4101 eumque

448 4122 780 4191 aliquantum
810 4119 985 4175 somni
1022 4119 1612 4188 caperet,deprebendit
1639 4135 1698 4174 se
1737 4136 1833 4190 per
1856 4122 2025 4176 visio-

451 4231 576 4269 nem
631 4213 685 4269 in
743 4214 908 4284 regali
947 4213 1174 4282 palatio;
1231 4223 1564 4282 vocatusque
1592 4228 1621 4266 a
1657 4229 1803 4283 rege,
1838 4215 2021 4283 palatii

447 4306 692 4369 domino,
752 4314 951 4376 praesto
1001 4306 1236 4358 advolat.
1290 4304 1390 4358 Cui
1422 4320 1578 4359 rex:
1628 4303 1794 4359 Visne
1819 4308 2024 4361 servire

450 4398 582 4451 mihi
612 4410 678 4449 ex
706 4404 819 4450 toto
856 4395 1057 4449 corde?
1081 4395 1129 4448 si
1175 4409 1422 4457 annuas,
1456 4396 1719 4448 asciscam
1752 4404 1805 4449 te
1846 4396 1896 4449 in
1925 4412 2026 4449 nn-

2125 3200 2183 3250 ὲν
2240 3199 2394 3266 τάχει
2447 3194 2828 3264 ὲλυτριῖισατο,
2897 3194 2993 3245 καὶ
3054 3189 3211 3254 ἔλεγε
3279 3186 3696 3243 λανθανόντως*

2126 3288 2297 3359 Κύριε
2330 3287 2502 3356 Ἰησοῦ
2566 3286 2790 3357 Χριστὲ.
2846 3285 3059 3355 μεγάλη
3115 3284 3208 3337 σου
3252 3284 3404 3334 ἐστιν
3435 3280 3529 3333 καὶ
3555 3279 3702 3331 ἁνεί-

2124 3397 2322 3443 καστος
2344 3382 2379 3450 ὴ
2408 3379 2663 3449 δὺναμις,
2700 3378 2841 3446 ὑπὲρ
2864 3377 3026 3446 φύσιν
3057 3378 3196 3429 είσὶν
3227 3370 3593 3441 δεδοξασμὲνα
3625 3368 3696 3421 τὰ

2126 3474 2409 3543 σπλάγχνα
2462 3488 2579 3536 σου,
2638 3470 2759 3524 καθ’
2816 3470 2899 3522 ὅτι
2952 3467 3053 3537 ἐμὲ
3076 3466 3166 3520 τδν
3196 3465 3455 3518 ταπεινὸν
3498 3461 3696 3523 ἐλεεῖς,

2121 3566 2215 3621 καὶ
2260 3566 2343 3619 δτι
2376 3564 2527 3634 μέλει
2564 3580 2646 3616 σοι
2700 3562 2829 3632 περὶ
2878 3559 3013 3630 ipsi
3035 3575 3050 3591 °
3096 3558 3244 3623 ξένον
3271 3558 3427 3608 τοῦτο
3460 3552 3701 3624 ἡγοῦμαι

2127 3662 2221 3714 καὶ
2254 3656 2725 3726 πολυθαύμαστον·
2758 3654 2992 3724 φύλαξον
3024 3670 3089 3722 με
3117 3648 3232 3716 οὖν,
3270 3651 3464 3719 Κύριε,
3500 3646 3578 3699 ἔτι
3601 3646 3700 3697 καὶ

2124 3754 2205 3805 ἔτι
2235 3753 2291 3805 ὲν
2322 3753 2389 3821 τῇ
2431 3748 2662 3818 ἀληθείᾳ
2697 3764 2814 3810 σου,
2842 3749 2937 3800 καὶ
2962 3744 3195 3808 ἀξίωσον
3228 3760 3295 3811 με
3323 3741 3506 3808 εὑρεῖν
3531 3737 3697 3807 χάριν

2124 3845 2274 3908 παρὰ
2308 3860 2411 3906 σοι,
2448 3834 2492 3893 ὦ
2523 3840 2739 3909 ﬂuitare,
2779 3836 3145 3906 πολυδύναμε,
3178 3833 3399 3905 φοῦερὶ,
3436 3832 3533 3885 καὶ
3554 3832 3701 3884 data-

2122 3936 2385 4004 τάληπτε.

2197 4026 2288 4095 ιγ’.
2308 4026 2493 4079 Ταῦτα
2508 4022 2673 4076 αὑτοῦ
2701 4022 3163 4093 προσευχομένου,
3183 4020 3385 4092 ἐπέστη
3406 4023 3438 4091 ἡ
3456 4022 3572 4087 νὺξ,
3600 4024 3703 4075 καὶ

2128 4116 2323 4187 μικρὸν
2345 4113 2511 4169 αὑτοῦ
2535 4132 2585 4167 τι
2608 4112 2971 4183 ὑπνήσαντος,
3003 4111 3193 4182 βλέπει
3224 4114 3282 4165 ὲν
3305 4113 3567 4182 ὁράματι,
3608 4114 3697 4166 ὅτι

2122 4204 2192 4278 ἦν
2233 4210 2313 4271 εἰς
2368 4207 2606 4260 παλάτια
2650 4203 2960 4280 βασιλικὰ..
3016 4204 3110 4256 καλ⁸
3166 4204 3436 4272 κέκληκεν
3481 4203 3646 4257 αὐτὸν
3673 4206 3706 4256 6

2127 4301 2381 4372 βασιλεὺς
2411 4298 2520 4351 τῶν
2573 4297 2853 4350 παλατῐων
2898 4294 3144 4360 ἐκείνων,
3194 4297 3290 4348 καί
3316 4297 3373 4346 ὲν
3409 4295 3519 4365 ὅσῳ
3555 4312 3706 4363 παρ-

2125 4394 2254 4463 έστη
2285 4391 2453 4461 αὐτῷ,
2502 4390 2651 4457 λέγει
2696 4390 2834 4458 πρὸς
2886 4387 3098 4441 αὺτδνό
3154 4387 3409 4459 βασιλεὺς
3442 4389 3646 4450 ἐκεῖνος
3679 4403 3699 4420 °

450 4503 661 4543 merum
694 4501 986 4556 procerum
1041 4486 1225 4556 palatii
1262 4486 1387 4547 mei.
1422 4485 1483 4539 Et
1512 4488 1755 4541 Andreas
1784 4506 1797 4541 :
1830 4487 2017 4558 Ecquis

2130 4484 2316 4546 Θέλεις
2352 4501 2445 4552 μοι
2495 4480 2779 4535 δουλεῦσαι
2806 4478 3110 4549 ὀλοψύχως,
3142 4478 3236 4531 καλ⁸
3268 4479 3482 4548 ποιήσω
3503 4494 3564 4530 σε
3602 4478 3705 4531 ενα

450 4592 632 4634 autem
681 4580 951 4633 fortunam
982 4578 1178 4631 bonam
1228 4577 1514 4646 repudiet?
1535 4594 1633 4648 ego
1661 4581 1941 4635 enimvero
1973 4583 2024 4635 id

447 4674 699 4727 desidero
751 4670 1069 4739 plurimum.
1108 4670 1198 4723 Ait
1228 4686 1315 4724 res
1352 4669 1647 4739 :Experire
1688 4671 1870 4740 igitur,
1893 4689 2028 4740 qna-

450 4767 520 4819 lis
567 4762 860 4817 famulatus
898 4776 1051 4817 meus
1111 4762 1183 4815 sit
1213 4780 1226 4816 ;
1252 4762 1526 4831 simulque
1559 4763 2023 4832 traditqnidpiam

450 4872 560 4911 non
612 4855 860 4910 absimile
917 4854 1080 4910 nivis.
1115 4856 1409 4925 Acceptum
1468 4855 1557 4908 ille
1590 4856 1642 4909 itt
1685 4872 1747 4910 os
1774 4855 2025 4920 immisit,

450 4948 734 5018 sensitque
779 4956 983 5001 tantam
1029 4946 1393 5007 dulcedinem,
1449 4955 1704 5015 quantam
1744 4947 2025 4999 mensbn-

454 5057 614 5095 mana
662 5040 942 5109 itnaginari
974 5038 1077 5092 sibi
1110 5038 1254 5091 nulla
1288 5047 1485 5106 potest.
1534 5036 1662 5091 Erat
1686 5048 1867 5090 autem
1906 5052 2030 5105 per-

450 5135 643 5203 exigua
702 5132 902 5200 portio,
954 5147 1119 5199 quam
1174 5132 1487 5193 comedens,
1528 5133 1717 5183 orabat
1762 5129 1813 5182 in
1867 5129 2030 5183 corde

452 5241 575 5289 suo,
612 5225 756 5278 aliud
777 5232 940 5293 atque
962 5223 1109 5278 aliud
1166 5221 1269 5275 sibi
1303 5230 1360 5275 ut
1413 5222 1799 5277 concederetur
1833 5235 1849 5272 :
1880 5221 2029 5275 dice-

457 5317 549 5371 bat
582 5318 805 5388 quippe.
839 5318 978 5371 inter
1001 5315 1437 5370 manducandum
1474 5314 1648 5368 visum
1680 5327 1739 5368 se
1764 5312 1867 5369 sibi
1899 5313 2033 5367 l'nis-

455 5411 593 5463 sein
647 5410 893 5465 divinum
952 5408 1221 5478 quoddam
1266 5415 1600 5475 unguentum
1630 5422 1740 5474 pra:
1783 5405 2029 5459 dulcedi-

458 5500 547 5554 nis
608 5501 875 5556 suavitate
925 5499 1395 5561 transformatutn.
1444 5496 1678 5552 Rursum
1714 5498 1929 5566 porrigit
1963 5497 2018 5550 ill

492 5668 645 5742 ’(25)
672 5675 908 5742 Δαρμδς,
939 5672 1015 5726 uti
1073 5680 1127 5727 et
1171 5668 1547 5742 παραδαρμὸς.
1596 5672 1732 5721 ictus
1773 5669 2029 5742 inﬂictas,

456 5744 691 5808 tabem,
718 5741 1055 5813 simplicium,
1084 5760 1110 5796 a
1135 5741 1298 5814 δέρω,
1324 5743 1552 5806 verbero,
1580 5742 1720 5792 cmlo
1746 5756 1761 5791 :
1793 5756 1951 5794 voces
1978 5741 2030 5793 in

2130 4577 2239 4630 τῶν
2271 4574 2502 4639 ἐνδόξων
2536 4572 2630 4627 τοῦ
2658 4571 2923 4625 παλατίου
2978 4586 3116 4639 μου;
3166 4571 3313 4638 Ἔφη
3345 4572 3372 4623 6
3402 4569 3655 4638 Ἀνδρίας
3687 4586 3706 4602 ·

2135 4670 2244 4722 Καὶ
2273 4668 2355 4730 τίς
2380 4667 2609 4728 ἐκεῖνος,
2665 4665 2693 4715 6
2717 4662 2779 4714 τὸ
2839 4660 3063 4729 ἀγαθῶν
3102 4658 3563 4729 παραιτούμενος,
3589 4656 3707 4726 ἐγὼ

2131 4762 2188 4816 δὲ
2221 4762 2361 4814 πάνυ
2394 4759 2583 4812 τούτου
2643 4755 2737 4808 τοῦ
2785 4755 3113 4826 πράγματος
3160 4753 3450 4821 ὀρέγομαι.
3506 4752 3711 4819 Ἐφηό

2134 4852 2380 4923 βασιλεύς
2408 4867 2423 4883 ο
2474 4847 2682 4901 Οὐκοῦν
2712 4848 2760 4900 si
2791 4847 2974 4915 ὀρέγει
3035 4845 3182 4908 δέξαι
3203 4843 3303 4913 τῆς
3322 4843 3567 4905 δουλείας
3600 4841 3707 4911 τῆς

2132 4946 2270 5015 ἐμῆς
2299 4942 2397 5013 τὴν
2423 4941 2697 5010 αἴσθησιν.
2724 4938 2836 4991 Καὶ
2892 4938 2988 4990 σὺν
3019 4934 3099 5004 τῷ
3124 4934 3266 5002 λόγῳ
3311 4934 3526 4987 δίδωσιν
3550 4932 3710 5003 αὖτῷ

2135 5054 2189 5090 τι
2217 5035 2348 5087 ὡσεὶ
2376 5034 2530 5103 χιόνα
2560 5045 2575 5059 ·
2633 5030 2726 5084 καὶ
2772 5028 2970 5091 λαϐὼν,
3025 5027 3341 5096 ἑψωμίσατο
3380 5024 3569 5078 τοῦτο’
3636 5020 3709 5094 ἦν

2136 5130 2192 5183 δὲ
2218 5126 2391 5195 γλυκὺ
2417 5124 2532 5177 οἷον
2561 5121 2685 5186 νοῦς
2730 5119 3019 5190 ἀνθρώπου
3054 5121 3351 5172 ἀπεικάσαι
3374 5116 3434 5169 οὐ
3455 5116 3705 5170 δύναται.

2150 5217 2360 5284 Ὀλίγον
2411 5214 2470 5269 δὲ
2505 5212 2595 5284 ἦν,
2649 5218 2743 5266 καὶ
2798 5211 2990 5281 φαγὼν
3038 5209 3194 5271 αὐτὸ,
3245 5208 3469 5261 ἐδόκουον
3515 5207 3707 5268 ὄτιιίς

2141 5310 2310 5379 μύρον
2344 5306 2523 5360 θεῖκδν
2541 5306 2608 5375 τῇ
2641 5304 2801 5375 ἡδονῇ
2831 5304 3260 5373 μετατρέπεται.
3284 5299 3454 5355 Πάλιν
3501 5293 3595 5351 οὖν
3624 5296 3712 5349 δί-

2134 5392 2298 5453 δωσιν
2324 5398 2472 5469 αὐτῷ
2524 5400 2553 5452 ὁ
2606 5396 2856 5467 βασιλεὺς
2918 5399 3125 5459 ἐκεῖνος
3160 5393 3344 5460 ὀλίγον
3384 5409 3439 5446 τι
3461 5392 3536 5453 ὡς
3564 5386 3708 5452 εἶδος

2138 5492 2464 5546 κυδωνιάτου
2526 5490 2659 5560 (‘25),
2704 5489 2798 5543 καὶ
2848 5489 2996 5556 λέγει
3042 5487 3177 5559 πρὸς
3218 5486 3402 5553 αὑτὸν,
3436 5483 3577 5539 Λάϐε
3606 5483 3709 5571 καὶ

2142 5656 2363 5723 historia
2394 5666 2688 5738 Byzantina
2718 5664 3046 5738 frequentes.

2234 5740 2327 5808 “25)
2358 5734 2451 5792 lta'
2480 5753 2546 5791 ex
2600 5736 2813 5790 Meursii
2871 5734 3146 5793 Glossario
3173 5736 3390 5809 colligo,
3419 5736 3539 5789 liert
3597 5747 3729 5799 ms.
