4100 6212
396 267 509 333 οιδ

1569 262 1747 324 ΥΙΤΑ
1791 262 1851 322 S.
1894 262 2222 323 ANDREJ!
2263 264 2449 328 SALI.

3543 266 3650 329 656

396 380 565 449 φάγε.
600 378 711 432 Καὶ
748 376 935 432 λαϐὼν
978 378 1181 448 ιφαγεν
1210 395 1220 407 ·
1263 375 1332 450 ἦν
1362 377 1418 430 δὲ
1463 377 1627 448 δριμὺ
1655 378 1743 431 καὶ
1774 380 1970 447 πικρὸν

2075 394 2168 432 rex
2226 379 2522 442 pauxillum
2598 377 2750 447 quid,
2790 376 3062 449 rydoniati
3106 376 3334 455 formam
3362 378 3647 437 referens:

400 470 606 540 σφόδρα
631 468 772 540 ὑπὲρ
790 469 888 541 τὴν
912 470 1154 540 ἄψινθον,
1181 471 1272 522 καὶ
1311 468 1501 537 ὥσπερ
1546 467 1969 535 ἀποδυσπέτςσα

395 559 559 613 τοῦτο
590 558 823 630 ἐπῆλθεν
854 562 954 630 τῆς
982 560 1148 631 ἄλλης
1173 560 1435 630 ἡδύτατος
1470 559 1766 627 ἐπιθυμίας
1782 576 1841 611 τε
1876 560 1970 611 καὶ

396 657 659 722 γεύσεως.
715 652 857 706 Ἰδὼν
919 654 1014 707 οὖν
1047 654 1209 706 αὑτὸν
1251 654 1280 705 δ
1336 652 1588 722 βασιλεὺς
1609 651 1783 710 οὕτως
1820 669 1972 703 σιαν-

400 745 582 805 θέντα,
615 743 762 812 λέγει
788 744 921 814 πρὸς
960 744 1120 797 αὐτόν
1142 760 1157 776 ο
1201 743 1344 814 Ὅρα
1386 744 1501 806 πῶς
1537 745 1634 814 ούχ
1676 743 1972 812 ύποφέρεις

386 834 497 905 σὴν
522 834 749 904 πικρίαν
776 836 870 888 τοῦ
898 836 1170 906 γεύματος
1194 852 1209 902 ;
1240 836 1349 888 Καὶ
1380 835 1489 906 γὰρ
1515 835 1613 905 τῆς
1633 835 1841 897 τελείας
1868 852 1970 903 μου

400 927 704 996 ὑπηρεσίας
738 928 839 997 τὴν
871 928 1124 999 αἴσθησίν
1156 945 1240 981 σοι
1268 926 1714 997 κατανοήσασθαι
1735 927 1967 979 δέδωκεν

388 1018 542 1088 αὕτη
586 1020 693 1087 γὰο
720 1021 753 1089 ή
792 1022 951 1090 στενὴ
1010 1022 1105 1073 καὶ
1153 1020 1489 1091 τεθλιμμένη
1544 1019 1666 1083 ὁδός
1711 1020 1881 1083 ἐστιν,
1937 1020 1973 1089 ἠ

381 1113 693 1181 ἀπάγουσα
723 1112 803 1175 εις
833 1111 931 1183 τὴν
959 1110 1108 1184 ζωήν
1140 1112 1282 1185 (27).

448 1392 707 1463 ἰδ⁹.Ἕφη
723 1392 750 1444 δ
783 1392 1073 1462 μακάριος·
1109 1392 1312 1461 Πικρόν
1332 1394 1446 1446 ἐστι
1466 1395 1523 1447 τὸ
1546 1397 1775 1465 πρᾶγμα
1794 1398 1971 1466 τοῦτο,

380 1481 668 1545 Δέσποτα,
725 1482 819 1534 καὶ
838 1482 921 1545 τίς
948 1482 1123 1535 ταῦτα
1149 1484 1346 1536 ἐσθίων
1371 1486 1644 1540 δουλεύσει
1671 1505 1753 1542 σοι
1782 1506 1797 1554 ;
1826 1492 1973 1562 Ἔφη

397 1573 745 1643 δβασιλεύς·
800 1574 873 1626 Τὸ
925 1573 1121 1643 πικρὸν
1183 1574 1380 1640 ἔγνως,
1424 1577 1514 1629 καὶ
1552 1578 1612 1630 τὸ
1664 1580 1836 1647 γλυκῦ
1873 1584 1975 1635 οὐκ

398 1667 610 1735 ἐγνως;
666 1664 765 1717 οὐκ
820 1664 1001 1717 ἔδωκά
1043 1680 1125 1718 σοι
1160 1666 1378 1734 πρῶτον
1426 1667 1487 1719 τὸ
1518 1668 1715 1736 γλυκὺ,
1735 1673 1829 1724 καὶ
1852 1673 1972 1724 τότε

2072 471 2355 541 dixitque:
2391 470 2589 542 Accipe
2636 481 2690 527 et
2744 472 3012 525 manduca
3050 479 3147 525 :ct
3220 470 3310 526 ille
3363 482 3648 543 acceptum

2074 563 2445 629 manducavit,
2498 562 2770 632 sentitque
2804 562 3079 617 absinthio
3124 563 3281 633 longe
3318 562 3498 618 acrius
3525 579 3650 618 esse
3738 580 3739 583 ‘

2072 656 2432 728 acerbiuSqne
2451 667 2690 725 gustatu,
2717 654 2861 725 quod
2882 657 2953 710 uti
2977 656 3320 710 amarissima
3352 658 3500 725 potio
3525 672 3653 712 suc-

2072 750 2299 804 cedebat
2333 749 2499 818 priori
2526 750 2850 804 suavissimo
2873 764 2935 803 ac
2954 748 3421 804 dcsideratissimo
3443 755 3648 821 sapori.

2074 842 2185 895 Rex
2222 840 2404 909 itaque
2433 841 2878 895 animadvertens
2922 842 3001 895 sic
3046 849 3403 902 commotum,
3432 857 3649 898 rursum

2073 934 2238 989 iniit:
2281 931 2426 997 Vide,
2481 948 2645 1003 quam
2722 947 2828 986 non
2897 932 3166 987 sustineas
3232 934 3653 988 amaritudinem

2076 1026 2215 1079 banc
2238 1024 2511 1095 gustare?
2543 1023 2753 1076 Etenim
2820 1023 2905 1076 bis
2937 1023 2990 1076 in
3029 1022 3189 1078 rebus
3226 1023 3444 1093 perfecti
3482 1024 3656 1078 famu-

2075 1118 2222 1172 latus
2270 1117 2374 1170 mei
2405 1116 2652 1170 notitiam
2702 1125 2753 1170 te
2792 1115 3013 1186 assequi
3058 1114 3161 1171 feci
3200 1117 3360 1181 ;Iiaec
3418 1129 3655 1185 namque

2072 1220 2309 1279 angusta
2369 1220 2423 1265 et
2470 1210 2685 1265 tribulis
2736 1209 2914 1265 obsita
2975 1209 3059 1264 via
3117 1216 3224 1274 est,
3256 1223 3378 1280 qua:
3413 1208 3558 1263 ducit
3589 1206 3655 1260 ad

2077 1310 2263 1362 vitam.

2148 1400 2233 1452 14.
2267 1398 2344 1451 Ad
2379 1398 2492 1452 haec
2519 1398 2678 1451 infert
2708 1398 2938 1452 beatus:
2971 1395 3397 1450 Acerbissimum
3433 1394 3532 1448 boc
3561 1410 3657 1464 gr-

2076 1508 2181 1548 nus
2237 1491 2341 1547 cibi
2401 1500 2506 1553 est,
2541 1490 2759 1544 domine
2806 1491 2917 1555 mi;
2953 1491 3073 1558 quis
3108 1488 3239 1543 illud
3296 1489 3654 1551 manducans,

2078 1585 2329 1641 servierit
2357 1584 2452 1638 tibi
2486 1584 2509 1636 ?
2544 1585 2653 1637 Rex
2684 1594 2862 1638 autem
2899 1601 2913 1638 :
2947 1580 3173 1637 Sensisti
3212 1580 3653 1642 amaritudinem,

2078 1678 2284 1747 inquit;
2326 1686 2379 1732 et
2434 1676 2773 1730 dulcedinem
2830 1689 2936 1727 non
2995 1672 3217 1728 sensisti
3246 1670 3468 1726 iuonne
3513 1672 3654 1725 banc

397 1760 460 1809 τὸ
498 1756 696 1828 πικρόν
724 1772 739 1820 ;
777 1756 922 1825 Ἔφη
954 1758 1158 1818 ἐκεῖνος
1189 1771 1203 1786 ⁶
1244 1756 1373 1820 Ναὶ,
1396 1756 1778 1825 δέσποτα,ἁλλ’
1808 1765 1865 1813 ἐν
1896 1763 1970 1832 τῷ

2077 1768 2243 1834 prius,
2279 1766 2476 1820 deinde
2528 1765 2674 1818 illam
2722 1764 3047 1831 gustandam
3097 1763 3259 1817 dedi?
3291 1762 3519 1825 Dedisti,
3557 1762 3655 1814 dn-

399 1847 585 1918 πικρῷ
618 1848 766 1919 μόνῳ
814 1849 1045 1918 εἴρηκας
1072 1846 1152 1918 τῷ
1200 1848 1389 1920 οἰκέτῃ
1440 1867 1535 1903 σου
1581 1852 1849 1924 ὑπάρχειν
1879 1854 1975 1923 τῆς

399 1940 770 2011 τεθλιμμένης
814 1940 933 1994 ὁδοῦ
976 1943 1037 1994 τὸ
1092 1944 1401 2013 είκόνισμα.
1431 1944 1649 2012 Λέγειὸ
1693 1945 1971 2015 βασιλεὺς,

399 2033 557 2102 Οὐχὶ,
614 2033 729 2085 ἀλλ’
771 2034 829 2085 ὲν
860 2033 939 2104 τῷ
966 2034 1141 2101 γλυκὺ
1178 2037 1272 2088 καὶ
1324 2037 1381 2088 ὲν
1406 2037 1483 2107 τῷ
1521 2037 1705 2108 πικρῷ
1739 2038 1976 2107 μεσολα-

400 2124 579 2177 6εἰται
617 2129 651 2195 ἠ
679 2125 817 2189 ὁδός*
878 2127 937 2178 ὲν
974 2126 1051 2195 τῷ
1098 2127 1282 2197 πικρῴ
1335 2128 1435 2197 μὲν
1491 2129 1599 2182 τῶν
1624 2130 1851 2197 ἀγώνων
1882 2130 1976 2183 καὶ

398 2215 509 2268 τῶν
537 2215 717 2268 πόνων
770 2232 852 2269 σοι
881 2218 991 2270 τῶν
1025 2218 1094 2269 δι’
1115 2218 1215 2288 ip.)
1243 2219 1613 2273 ὐποδέδεικται
1646 2222 1677 2290 ή
1700 2221 1970 2290 αἴσθησις·

400 2310 458 2358 ὲν
482 2307 560 2376 τῷ
588 2307 708 2377 ἡδεῖ
739 2307 797 2360 δὲ
843 2309 938 2362 καὶ
963 2310 1155 2377 γλυκεῖ
1208 2313 1241 2378 ἠ
1276 2311 1340 2363 ὲκ
1374 2314 1470 2379 τῆς
1492 2300 1826 2381 ἀγαθδτητὸς
1871 2328 1974 2379 μου

397 2398 588 2465 δρόσος
616 2404 708 2453 καὶ
741 2402 1011 2471 ἀνάψυξις
1051 2403 1376 2473 ἐγγινομένη
1408 2405 1519 2465 τοῖς
1558 2402 1975 2473 πειραζομένοις

397 2491 467 2542 δι’
494 2492 617 2561 sps“
666 2494 766 2546 οὐκ
795 2494 944 2548 ἐστιν
984 2492 1078 2549 οὖν
1117 2496 1177 2549 τὸ
1219 2496 1417 2566 πικρὸν
1472 2497 1783 2565 μονόλογον,
1847 2496 1972 2549 οὒτε

402 2582 463 2634 τὸ
490 2583 665 2651 γλυκὺ
723 2586 1079 2656 μονότροπον,
1134 2587 1275 2641 ἀλλὰ
1329 2587 1457 2639 ποτὲ
1499 2586 1601 2656 μὲν
1629 2586 1809 2650 τοῦτο,
1840 2585 1971 2639 ποτὲ

401 2674 460 2725 δὲ
495 2677 693 2742 ἐκεῖνο,
753 2677 941 2748 ἕτερον
975 2679 1051 2749 τῷ
1082 2680 1255 2748 ἑτέρῳ
1321 2678 1704 2747 διαδεχόμενον
1726 2695 1741 2710 ·
1770 2728 1773 2729 ,
1802 2680 1850 2731 εἰ
1880 2673 1974 2731 οὖν

404 2764 602 2833 βούλει,
633 2767 825 2821 σύνθου
855 2787 966 2837 μοι,
994 2772 1078 2824 ἵνα
1109 2772 1427 2841 ἐπίσταμαι.
1456 2772 1598 2840 Ἔφη
1635 2772 1663 2823 ὁ
1702 2769 1973 2840 Ἀνδρέας·

403 2856 667 2927 Ψὼμισόν
702 2876 793 2928 μοι
820 2861 987 2913 πάλιν
1036 2862 1104 2914 τὰ
1140 2863 1299 2926 αὐτὰ,
1342 2864 1436 2915 καὶ
1489 2863 1691 2931 βλέπω,
1720 2866 1811 2915 καὶ
1836 2862 1975 2929 λέγω

405 2962 512 3000 σοι.
577 2948 635 3001 ’0
687 2948 743 3000 δὲ
776 2950 936 3003 πάλιν
984 2952 1044 3003 τ),
1073 2952 1269 3019 πικρὸν
1302 2951 1453 3023 αύτῷ
1476 2952 1821 3015 ἐπιδέδωκεν,
1872 2951 1968 3004 καὶ

402 3037 522 3088 τότε
550 3038 610 3089 τὺ
640 3037 831 3106 γλυκύ.
874 3039 1117 3103 Σιανθεὶς
1147 3036 1241 3093 οὖν
1278 3040 1543 3109 μειζόνως
1573 3040 1733 3094 πάλιν
1762 3040 1839 3111 τῷ
1872 3057 1964 3093 πιο

403 3127 521 3197 κρῷ
550 3129 806 3199 γεύματι,
872 3131 975 3202 ἔφη
1003 3144 1016 3159 ·
1051 3133 1123 3184 03
1182 3131 1421 3201 δύναμαί
1451 3150 1533 3186 σοι
1564 3132 1735 3185 ταῦτα
1771 3132 1971 3185 ἐσθίων

392 3217 690 3285 δουλεύειν,
730 3222 926 3293 πικρὸν
952 3223 1060 3291 γάρ
1087 3225 1147 3276 τὸ
1169 3224 1404 3293 πρᾶγμα
1434 3223 1669 3293 ὑπάρχει
1689 3223 1786 3275 καὶ
1810 3222 1967 3293 βαρύ.

413 3313 473 3366 '0
508 3313 566 3365 δὲ
622 3314 870 3382 βασιλεὺς
922 3315 1205 3383 μειδιάσας
1248 3316 1502 3369 ἐκϐάλλει
1535 3317 1599 3369 ἐκ
1646 3315 1740 3369 τοῦ
1770 3315 1970 3370 κόλπου

391 3405 567 3458 αὐτοῦ
587 3422 640 3460 τι
663 3402 805 3467 εἶδος
852 3406 1038 3476 ἓτερον
1062 3424 1075 3438 ·
1107 3407 1136 3460 ὃ
1160 3403 1226 3481 ἦν
1279 3411 1345 3479 τῇ
1368 3408 1466 3479 θέᾳ
1501 3409 1747 3478 πύρινον,
1779 3410 1873 3462 καὶ
1903 3410 1970 3479 τῇ

399 3498 564 3564 φύσει
624 3496 833 3564 σςόδρα
882 3498 1253 3552 εὐωδέστατον
1289 3540 1304 3565 ,
1360 3500 1456 3552 καὶ
1509 3499 1842 3570 ἀνθεοφόρον
1894 3498 1972 3568 τῷ

399 3590 678 3658 χρώματι,
738 3590 835 3642 καὶ
897 3587 1045 3657 λέγει
1115 3591 1264 3659 αὐτῷ
1298 3630 1313 3653 ,
1365 3588 1516 3643 Λάϐε
1564 3592 1657 3642 καὶ
1692 3590 1855 3657 φάγε,
1883 3589 1972 3642 ἴνα

328 3724 337 3734 .
402 3681 636 3752 ἐπιλάϐῃ
668 3684 847 3734 πάντα
888 3682 990 3733 ὅσα
1021 3677 1155 3744 εἶδες
1195 3684 1287 3735 καὶ
1318 3683 1574 3754 ἤκουσας.
1619 3681 1678 3733 '0
1698 3680 1755 3733 δὲ
1789 3680 1971 3734 λαϐὼν

403 3773 624 3840 ἔφαγεν,
655 3773 749 3825 καὶ
802 3774 894 3826 ἐπὶ
928 3774 1128 3836 πολλάς
1185 3773 1337 3846 ὥρας
1372 3776 1479 3826 ἀπὸ
1510 3773 1611 3842 τῆς
1651 3772 1847 3842 ἡδονῆς
1877 3771 1971 3825 καὶ

398 3863 496 3931 τῆς
525 3864 755 3934 ἀπείρου
778 3866 950 3935 χαρᾶς
973 3865 1161 3935 ὥσπερ
1186 3869 1242 3918 ὲν
1262 3865 1439 3934 ἐαυτῷ
1462 3865 1559 3918 οὐκ
1582 3864 1969 3936 ἐχρημάτιζεν,

402 3954 522 4006 ἀλλ’
551 3951 623 4025 ἢν
677 3955 868 4027 ὥσπερ
898 3958 977 4019 είς
1015 3958 1220 4028 πολλήν
1263 3973 1381 4010 τινα
1403 3957 1629 4010 εὐωδίαν
1671 3957 1766 4009 καὶ
1813 3956 1973 4022 δόξαν

400 4047 495 4097 καὶ
555 4048 922 4117 τερπνότητα.
953 4050 1048 4112 Ei;
1100 4050 1293 4103 ἑαυτὴν
1348 4046 1443 4103 οὖν
1484 4050 1744 4117 γεγονὼς,
1782 4048 1971 4100 πίπτει

393 4140 477 4199 εἰς
502 4138 625 4200 τοῖος
659 4139 824 4201 πόδας
848 4138 943 4192 τοῦ
972 4141 1214 4209 μεγάλου
1275 4140 1539 4210 βασιλέως
1595 4140 1823 4201 ἐκείνου,
1878 4140 1974 4189 καὶ

399 4231 701 4300 παρεκάλει
723 4233 910 4299 αὐτὸν,
946 4232 1120 4300 λέγων
1139 4250 1155 4267 ο
1198 4234 1454 4305 Ἐλέησόν
1481 4251 1566 4303 με,
1618 4231 1852 4285 δέσποτα
1873 4247 1973 4301 μου

401 4320 598 4386 ἀγαθὲ,
633 4323 728 4373 καὶ
773 4323 848 4392 μὴ
880 4323 1162 4396 ἀποϐάλῃς
1200 4341 1267 4394 με
1300 4325 1399 4394 τῆς
1432 4324 1674 4385 δουλείας
1719 4339 1814 4375 σου
1862 4323 1973 4375 ἀπὸ

403 4409 497 4462 τοῦ
529 4412 642 4478 νύν,
674 4415 757 4467 ὅτι
811 4415 985 4483 ἔγνων
1034 4415 1109 4478 ὡς
1141 4416 1359 4485 ἀληθῶς
1426 4417 1569 4469 πάνυ
1629 4414 1975 4482 γλυκύτατον

2080 1859 2246 1922 mine,
2304 1858 2515 1926 reponit
2564 1858 2688 1923 ille;
2727 1872 2911 1911 rerum
2949 1856 3000 1910 in
3040 1854 3402 1910 amaritudine
3422 1856 3538 1909 sola
3572 1855 3653 1908 fa-

2078 1949 2227 1999 mulo
2258 1957 2351 2001 tuo
2374 1948 2557 2000 dixisti
2596 1946 2883 2015 imaginem
2912 1948 3135 2015 proponi
3154 1946 3272 2009 viaz,
3302 1943 3518 2000 tribulis
3540 1945 3654 2014 spi-

2078 2036 2271 2104 nisque
2325 2036 2537 2090 obsizae.
2581 2035 2718 2090 Tum
2774 2051 2907 2090 rex:
2966 2032 3082 2089 Non
3136 2035 3210 2089 ita
3264 2049 3322 2089 se
3354 2034 3534 2096 habet.
3559 2035 3652 2088 sed

2078 2131 2253 2183 media
2308 2129 2451 2183 inter
2503 2139 2795 2198 utrumque
2844 2128 2930 2182 via
2956 2134 3059 2193 est,
3115 2126 3312 2196 partim
3345 2125 3652 2189 dulcedine,

2078 2220 2271 2290 partim
2306 2220 2553 2273 amaritie
2579 2233 2800 2289 aspersa
2829 2235 2845 2272 :
2879 2218 2933 2272 in
2964 2232 3047 2283 eo,
3076 2217 3217 2285 quod
3250 2224 3467 2285 gustatu
3500 2229 3655 2269 ama-

2079 2327 2197 2364 rum
2236 2309 2359 2373 fttit,
2390 2310 2750 2365 certaminum
2789 2324 2852 2363 ac
2889 2309 3158 2372 laborum,
3192 2324 3308 2362 mea
3328 2322 3490 2361 causa
3526 2309 3655 2361 sub-

2076 2401 2404 2463 eundorum,
2432 2402 2769 2470 propositum
2814 2399 2910 2453 tibi
2942 2400 3214 2469 specimen
3244 2406 3361 2463 est;
3396 2399 3449 2451 in
3482 2398 3654 2451 altero

2079 2509 2227 2555 vero.
2271 2494 2415 2561 quod
2471 2493 2712 2560 jucunde
2769 2507 2830 2546 ac
2881 2492 3120 2545 suaviter
3180 2489 3415 2559 palatum
3454 2490 3653 2557 aliecit,

2078 2584 2433 2640 aduntbratur
2458 2584 2644 2637 unctio
2660 2597 2724 2637 ac
2747 2582 3083 2652 refrigeratio
3104 2581 3355 2635 bonitatis
3376 2596 3532 2648 meae,
3558 2597 3655 2651 pa-

2080 2690 2194 2731 rata
2229 2677 2336 2731 illis
2371 2677 2458 2745 qui
2496 2691 2613 2729 mea
2645 2689 2808 2728 causa
2839 2674 3166 2727 tentationes
3200 2672 3503 2742 patiuntur.
3532 2671 3653 2727 Non

2079 2770 2239 2839 igitur
2266 2767 2573 2822 amaritudo
2598 2767 2733 2828 sola,
2762 2780 2867 2818 non
2899 2765 3011 2819 sola
3045 2765 3274 2819 dulcedo
3321 2765 3408 2818 bic
3439 2764 3653 2818 inveni-

2078 2874 2204 2926 tur;
2230 2861 2322 2915 sed
2353 2860 2513 2912 modo
2539 2859 2670 2918 haec.
2700 2859 2862 2909 modo
2915 2856 3025 2920 illa,
3055 2855 3220 2909 altera
3270 2854 3427 2908 alteri
3462 2869 3656 2907 succc-

2076 2956 2256 3016 dente,
2305 2952 2567 3005 occurrit.
2623 2946 2678 3001 Si
2730 2949 2811 3004 vis
2852 2948 3034 3017 itaque
3074 2946 3325 3000 famulari
3382 2945 3535 3006 mibi,
3569 2944 3655 3001 fac

2076 3048 2267 3098 sciam.
2309 3039 2867 3111 ResponditAndreas
2903 3038 3127 3095 :lusere
3160 3037 3242 3091 ori
3298 3052 3419 3092 mco
3462 3052 3654 3092 rursus

2076 3140 2299 3201 eadem;
2335 3147 2383 3190 et
2444 3135 2826 3198 considerabo,
2855 3144 2907 3187 et
2928 3133 3099 3189 dicaiu
3129 3132 3224 3187 tibi
3269 3132 3398 3202 quid
3429 3142 3653 3186 acturus

2075 3231 2200 3284 sim.
2236 3230 2295 3282 Et
2330 3227 2600 3297 praebente
2618 3240 2835 3280 rursum
2864 3224 2955 3278 illo
2998 3223 3234 3293 primum
3257 3221 3477 3291 quidem
3503 3219 3649 3289 quod

2075 3337 2240 3392 aegre.
2299 3321 2497 3375 deinde
2546 3319 2691 3389 quod
2746 3318 2986 3372 suaviter
3044 3316 3467 3369 manducantem
3525 3312 3652 3366 affi-

2076 3415 2290 3479 ciebat;
2346 3426 2608 3467 nauseam
2662 3409 2824 3464 etiant
2880 3409 3183 3478 graviorem
3244 3406 3651 3485 pertulitquam‘

2079 3510 2253 3577 prius,
2287 3516 2499 3575 gustata
2555 3501 2823 3567 amaritie,
2850 3482 3341 3569 ctdixitzNequeo
3396 3482 3651 3551 famulari

2076 3598 2199 3663 tibi,
2238 3598 2284 3651 si
2307 3598 2503 3651 talibus
2527 3593 2852 3649 vescendum
2887 3593 2988 3647 sit:
3021 3592 3070 3647 id
3102 3591 3245 3647 enim
3269 3591 3433 3643 nimis
3454 3588 3651 3643 durum

2076 3689 2443 3757 acerbumque
2512 3694 2613 3741 est.
2670 3683 2809 3739 Tum
2872 3700 2966 3739 rex
3014 3681 3325 3741 subridens,
3372 3679 3653 3749 protulite

2077 3782 2199 3836 sinu
2244 3796 2346 3834 suo
2400 3779 2552 3834 aliud
2579 3778 2684 3831 cibi
2740 3776 3019 3847 genus;si
3043 3774 3354 3829 consideres
3392 3775 3650 3841 speciem,

2080 3872 2462 3937 triticeum;si
2512 3880 2787 3934 naturam,
2838 3866 3373 3936 fragrantissimum;
3424 3865 3468 3919 si
3498 3862 3652 3917 colo-

2078 3982 2214 4030 rem,
2238 3963 2549 4034 ﬂorigerum
2575 3978 2590 4024 ;
2614 3960 2821 4015 etdixit
2845 3960 2916 4013 illi
2964 3957 3145 4028 :Cape
3182 3967 3237 4011 et
3263 3956 3551 4020 manduca,
3592 3962 3654 4007 ut

2077 4059 2420 4113 obliviscaris
2438 4056 2705 4117 omnium,
2727 4068 2846 4122 qua:
2865 4051 3037 4108 oculis
3056 4050 3389 4116 auribusque
3406 4046 3650 4102 sensisti.

2080 4152 2303 4220 Accepit
2359 4149 2449 4203 ille
2500 4157 2553 4201 et
2612 4145 2894 4201 comedit:
2952 4143 3257 4211 mentisque
3296 4154 3519 4206 compos
3544 4155 3652 4208 pra:

2078 4240 2362 4297 suavitatis
2384 4237 2675 4308 gaudiique
2705 4233 2947 4289 inusitati
2971 4248 3132 4288 sensu
3164 4247 3260 4301 per
3277 4230 3460 4300 plures
3486 4231 3652 4283 horas

2078 4346 2186 4384 non
2220 4329 2341 4395 fuit,
2363 4344 2577 4382 mersus
2598 4326 2996 4396 quodammodo
3026 4325 3290 4376 immenso
3314 4319 3650 4389 fragrantia,

2073 4421 2279 4491 glorizc,
2349 4421 2752 4487 voluptatisque
2826 4413 3167 4470 admirabilis
3255 4413 3467 4481 pelago.
3513 4412 3648 4465 Cum

407 4502 545 4556 εἶναι
567 4506 669 4575 τὴν
720 4507 840 4561 ὁδὸν
874 4508 972 4577 τῆς
1006 4509 1309 4577 ὑπηρεσίας
1345 4524 1461 4572 σου,
1506 4510 1599 4560 καὶ
1634 4506 1775 4576 πλὴν
1805 4505 1970 4573 αὐτῆς

2080 4530 2209 4567 vero
2263 4510 2365 4566 sibi
2420 4509 2660 4565 redditus
2712 4518 2877 4569 esset,
2929 4506 3126 4560 accidit
3155 4502 3222 4557 ad
3269 4503 3434 4573 pedes
3468 4501 3651 4571 magni

404 4596 503 4664 οὐχ
538 4598 803 4668 ύποκύψω
827 4599 916 4652 τὸν
946 4600 1152 4670 αύχένα
1185 4600 1287 4669 μού
1319 4617 1449 4655 τινι.
1483 4601 1646 4667 Λέγει
1666 4590 1970 4668 αύτῷὲκεῐ-

404 4704 492 4750 νος
516 4705 533 4721 ο
564 4689 657 4750 El;
717 4692 874 4743 τοῦτο
895 4692 957 4745 τὸ
998 4690 1221 4760 φαιδρὸν
1278 4690 1460 4760 γεῦμα
1487 4690 1793 4759 ἐξεπλάγης
1822 4706 1836 4754 ;
1875 4689 1965 4740 πί.

402 4797 627 4833 στευσον
674 4785 731 4836 ὲν
760 4786 873 4846 τοῖς
903 4784 1130 4853 ἀγαθοῖς
1176 4787 1288 4847 τοῖς
1336 4782 1633 4852 προσοῦςίν
1664 4798 1778 4852 μοι,
1810 4783 1968 4836 τοῦτό

398 4873 516 4924 ἐστι
564 4873 626 4925 τὸ
660 4876 880 4928 πάντων
926 4876 1338 4943 εὐτελέστερον
1398 4876 1513 4928 ἀλλ’
1575 4875 1669 4928 ἐάν
1711 4891 1780 4943 με
1834 4876 1968 4927 ἀνα-

400 4964 639 5037 παύσῃς,
701 4967 877 5021 πάντα
902 4970 1147 5037 τὰ,ὲμὰ,
1186 4970 1255 5021 σά
1304 4970 1462 5033 εἰσιν,
1516 4968 1609 5020 καὶ
1664 4968 1875 5034 ποιήσω
1909 4983 1968 5019 σε

402 5059 844 5129 συγκληρονόμον
885 5060 983 5128 τῆς
1034 5061 1317 5129 βασιλείας
1346 5080 1470 5129 μου.
1521 5060 1709 5113 Ταῦτα
1733 5059 1969 5129 εἰρηκὼς

397 5150 547 5219 αξιτῴ
599 5154 629 5202 ὁ
652 5150 905 5219 βασιλεὺς
944 5154 1234 5206 ἀπέλυσεν.
1302 5153 1568 5218 Ἐξυπνος
1598 5152 1654 5205 δὲ
1683 5154 1969 5221 γενόμενος

401 5347 647 5391 nostrum
705 5336 1035 5407 κυδομάτου,
1090 5335 1292 5391 Mazar.
1340 5335 1661 5407 κυὸωμάτου
1690 5334 1962 5407 γΙιτιιιεοιι

395 5410 733 5476 sigmlicatur
792 5406 972 5461 autem
1034 5408 1301 5461 confectio
1344 5421 1412 5459 ex
1464 5406 1621 5459 tnalis
1672 5406 1965 5476 Cydoneis,

393 5487 555 5545 gustu
588 5480 903 5531 ius-navibus
924 5478 1029 5532 nisi
1055 5480 1279 5532 saccaro
1309 5476 1655 5530 condiantur.

469 5546 583 5617 tﬂb’)
616 5546 927 5617 Σιανθέντα,
973 5549 1043 5601 ita
1074 5557 1413 5617 constanter,
1438 5546 1598 5598 etiam
1636 5561 1823 5617 num.~
1843 5561 1962 5614 seq.

396 5627 449 5668 et
472 5614 521 5667 tn
548 5631 653 5667 ins.
686 5615 823 5668 Μαι.
845 5617 1192 5683 legilur.Vux
1225 5615 1415 5669 eadem
1442 5616 1680 5669 occurrit
1713 5616 1765 5668 in
1794 5614 1960 5668 Pruto

398 5686 705 5753 Sprrituali,
745 5702 866 5757 cap.
896 5688 1022 5753 205,
1056 5696 1108 5742 et
1136 5688 1203 5740 ab
1244 5688 1533 5755 interprete
1564 5687 1789 5740 vertitur
1818 5704 1958 5741 cum.

2079 4607 2238 4659 istius
2290 4602 2454 4671 regis,
2507 4613 2668 4669 atque
2694 4600 2766 4652 ita
2794 4605 3045 4667 precatus
3076 4604 3158 4650 est
3191 4610 3206 4651 :
3238 4593 3493 4648 Miserere
3519 4590 3648 4653 mei,

2075 4697 2293 4751 domine
2322 4693 2589 4762 benigne;
2615 4700 2667 4745 et
2702 4690 2809 4744 noli
2845 4688 3100 4759 repellere
3136 4701 3222 4741 me
3283 4700 3351 4741 ex
3375 4692 3652 4738 momento

2074 4792 2175 4843 hoc
2208 4803 2237 4843 a
2270 4785 2537 4840 famulatu
2616 4791 2711 4836 tuo
2744 4783 3035 4850 :quoniam
3085 4794 3210 4833 vere
3256 4791 3403 4831 nunc
3451 4789 3651 4844 cogno-

2073 4895 2251 4941 scens,
2275 4878 2431 4947 longe
2459 4872 2916 4947 jucundissimam
2939 4888 3058 4927 esse
3076 4872 3218 4925 viam
3252 4884 3414 4940 quam
3453 4865 3647 4920 famuli

2073 4973 2152 5027 tui
2200 4980 2401 5035 terunt,
2468 4985 2573 5022 nou
2647 4966 2895 5021 recedam
2929 4965 3070 5026 inde,
3105 4978 3201 5016 uec
3239 4962 3438 5015 collum
3469 4970 3647 5009 meum

2074 5062 2299 5117 alterius
2352 5061 2595 5131 cujusvis
2646 5055 3002 5124 domiuijugo
3049 5054 3304 5107 subdant.
3339 5048 3404 5101 Et
3436 5062 3524 5099 rex
3554 5046 3649 5096 ἰινο

2074 5173 2191 5210 rnm
2222 5173 2239 5212 :
2267 5154 2413 5209 Itane
2440 5154 2506 5208 ad
2526 5152 2750 5207 modica:
2786 5147 3089 5203 dulcedinis
3113 5152 3332 5214 gustum
3359 5133 3651 5205 obstupui-

2027 5366 2048 5389 ο
2074 5345 2272 5397 motus,
2315 5332 2708 5401 deduciturque
2738 5347 2766 5385 a
2801 5331 3004 5385 σιάνειν
3026 5368 3039 5387 ,
3064 5324 3392 5401 contra/rere.

2143 5390 2271 5475 (27)"
2314 5390 2753 5475 Ampliticaverat
2779 5404 2891 5456 haec
2940 5404 3123 5475 uoster
3154 5396 3399 5464 longiore
3436 5390 3649 5475 pint-ssi,

2071 5464 2165 5530 sed
2217 5464 2302 5528 me
2358 5464 2564 5540 judire,
2602 5474 2853 5527 hocloco
2896 5464 3650 5540 minuscongruatvidelicet

2070 5547 2193 5602 bac.
2221 5533 2726 5613 τοὺς’βου>.ομένου;
2751 5543 2844 5594 ἐπὶ
2867 5539 2965 5613 τὰς
3006 5534 3181 5613 πύλας
3218 5533 3321 5602 τῆς
3368 5533 3649 5613 βασιλείας

2072 5632 2174 5683 μου
2209 5634 2222 5672 :
2264 5605 2480 5670 abunde
2525 5605 2718 5675 sufﬁcit
2778 5614 2858 5672 εἰς
2911 5609 3011 5679 τὴν
3044 5606 3230 5673 ζωήν,
3270 5608 3415 5674 quod
3482 5605 3644 5663 habet

2068 5687 2271 5741 Mazar.
