4100 6212
439 326 547 388 (in

1501 319 1919 407 Nlcsrnoat
1962 312 2439 376 PRESBYTERI
2477 314 2565 375 cr

3580 299 3694 365 ιιι.

438 439 533 491 sed
578 455 764 494 revera
811 442 952 499 Deus
992 445 1213 498 verbera
1251 446 1349 499 ista
1403 444 1680 512 indigebat
1718 462 1731 507 ;
1770 459 1891 497 cum
1926 455 2018 494 ua-

2124 434 2231 503 μῷ,
2260 435 2345 487 ἐπ’
2376 433 2631 502 ἀληθείας
2690 430 2785 498 οὔχ
2847 428 2959 497 (24)
2992 428 3023 499 ἡ
3057 426 3217 497 φύσις
3249 424 3427 479 αὐτῶν
3470 424 3697 475 κατοδυο

437 537 558 582 tura
622 529 864 595 illorum,
911 549 1033 604 quae
1068 536 1318 605 corporis
1366 549 1560 603 expers
1587 543 1690 596 est,
1740 548 1865 587 vere
1907 548 2013 585 nou

436 624 794 677 cruciaretur.
852 622 1123 680 Exteusus
1179 624 1376 679 deinde
1420 625 1612 679 tertius
1660 640 1880 694 quoque
1908 634 2016 688 est,

440 714 528 767 cui
582 716 773 770 eadem
844 718 1028 771 omnia
1077 718 1373 772 incubuere
1410 717 1637 787 :sicqtte
1706 718 1897 772 ordine
1950 716 2016 771 ad

440 823 635 861 omnes
690 822 1006 875 processum
1069 816 1172 861 est.
1223 808 1360 863 Cum
1419 822 1549 863 vero
1594 809 1665 861 ita
1696 807 1885 861 laniati
1936 808 2020 860 di-

441 901 807 962 mitterentur,
837 900 1206 954 acclamantes
1258 901 1473 955 candidi
1529 902 1675 954 senis
1726 902 1883 963 socii,
1940 901 2020 953 di-

438 995 633 1044 cubant
679 992 947 1061 singulis:
982 993 1095 1062 Age
1137 1007 1257 1061 age,
1305 1008 1498 1048 enarra
1557 993 1765 1057 istbaec,
1801 995 1845 1047 si
1905 993 2020 1063 pla-

437 1094 519 1137 cet
555 1083 769 1137 Satanae
790 1085 926 1150 patri
958 1093 1074 1138 tuo.

514 1174 598 1229 li.
656 1174 1009 1243 Posteaquam
1055 1175 1232 1229 cuncti
1284 1175 1584 1230 abivissent
1647 1177 1840 1242 Mauri,
1884 1192 2018 1231 can-

438 1265 604 1319 didati
658 1265 876 1334 quidem
933 1265 1006 1319 illi
1046 1265 1301 1320 similiter
1344 1276 1683 1320 evanuerunt
1708 1283 1772 1322 ex
1798 1272 1975 1322 oculis
2001 1307 2015 1330 ,

442 1355 713 1409 formosus
738 1370 864 1409 vero
911 1371 1073 1410 senex
1118 1355 1340 1425 pr0pius
1368 1356 1432 1409 Β.
1460 1356 1732 1410 Andream
1759 1358 2019 1422 adit,ciro

439 1444 852 1514 cumpositaque
867 1461 1081 1500 rursum
1098 1456 1312 1512 catena,
1346 1446 1543 1502 blande
1561 1457 1617 1501 et
1654 1447 1825 1502 facete
1848 1450 1977 1501 dicit
2000 1467 2015 1505 :

439 1538 651 1600 Cernis,
706 1554 869 1607 quam
900 1551 1197 1609 praesentes
1236 1541 1331 1596 tibi
1368 1539 1651 1611 suppetias
1677 1542 1934 1597 tulerim?
1963 1556 2020 1597 ut

440 1630 583 1683 scias
624 1640 846 1699 quanta:
904 1632 1036 1685 mibi
1066 1648 1212 1686 curae
1256 1634 1365 1687 sint
1394 1652 1479 1690 res
1504 1646 1607 1691 tua:
1644 1656 1657 1691 :
1689 1641 2021 1694 constitutus

443 1737 679 1792 namque
714 1724 1103 1794 sum,jubente
1140 1724 1389 1791 Domino,
1420 1738 1476 1782 ut
1498 1730 1563 1783 ad
1596 1731 1747 1784 utilia
1779 1736 2019 1786 sanctio-

443 1830 609 1883 raque
628 1815 856 1870 consilia
890 1827 942 1870 te
978 1819 1235 1879 auimem,
1258 1829 1312 1871 et
1332 1820 1523 1874 crebro
1561 1823 1856 1891 propositis
1883 1840 2015 1891 pne-

442 1906 566 1961 miis
597 1908 847 1962 excitem.
879 1908 1101 1964 Sustine
1123 1910 1307 1979 igitur,
1342 1920 1402 1964 ut
1441 1913 1496 1966 in
1525 1915 1779 1970 omnibus
1818 1918 2016 1986 proba-

442 2008 531 2053 tus
564 2000 890 2062 inveniat-is;
928 2015 1035 2055 non
1074 2005 1301 2057 multum
1327 2005 1471 2059 enim
1502 2008 1764 2075 temporis
1787 2009 2019 2063 interce-

441 2090 556 2153 det,
621 2104 745 2144 cum
781 2091 1037 2146 dominus
1070 2103 1121 2146 Ie
1178 2103 1304 2149 tuus
1351 2096 1493 2148 ultro
1552 2098 1778 2151 missum
1832 2098 2016 2163 faciet,

443 2180 719 2235 abiturum
764 2198 1089 2252 quocunque
1126 2188 1308 2239 animo
1352 2186 1672 2241 collubitum
1715 2196 1808 2242 tuo
1833 2190 2016 2243 fuerit.

452 2272 667 2343 Excipit
714 2275 998 2330 Andreas:
1030 2276 1253 2331 Domine
1284 2279 1378 2341 mi,
1431 2283 1619 2348 ecquis
1643 2291 1719 2346 tu,
1755 2283 2016 2352 quoniam

443 2381 550 2418 non
602 2366 723 2420 novi
781 2376 833 2422 te
863 2366 886 2420 ?
926 2366 989 2420 Et
1044 2368 1174 2423 ille:
1207 2371 1258 2424 ls
1289 2388 1389 2439 ego
1421 2388 1566 2437 sum,
1591 2373 1684 2443 qui
1721 2388 1885 2443 super
1917 2376 2019 2427 im-

445 2456 771 2511 maculatum
805 2468 859 2513 et
895 2460 1164 2513 vivillcmu
1200 2460 1409 2516 Domini
1444 2466 1612 2518 nostri
1643 2464 1769 2521 Jesu
1806 2467 2015 2521 Christi

450 2560 639 2615 rectus
663 2550 865 2617 quievi.
892 2551 1101 2616 Quibus
1130 2553 1313 2617 dictis,
1332 2555 1485 2624 quasi
1517 2556 1938 2614 transformatus
1963 2561 2017 2613 iu

444 2642 644 2711 tu'gnr,
678 2643 811 2696 abiit
839 2659 869 2696 e
893 2656 1211 2712 conspectu.
1248 2646 1312 2698 Et
1343 2645 1571 2702 miratus
1600 2650 1843 2704 Andreas
1880 2651 2017 2705 inef-

444 2733 659 2787 labilem
688 2733 777 2787 Dei
809 2733 1123 2800 bonitatem,
1184 2736 1499 2806 gloritlravit
1541 2738 1715 2805 ipsum
1752 2743 2020 2795 maximo-

450 2840 603 2893 pere,
634 2826 783 2895 quod
816 2827 891 2879 ita
906 2826 961 2879 in
988 2826 1137 2879 omni
1170 2828 1337 2880 verba
1366 2843 1433 2883 ac
1463 2844 1629 2898 opere
1675 2834 1891 2899 adjutor
1919 2834 2019 2886 sibi

446 2919 642 2985 tactus,
702 2929 811 2973 tam
854 2921 1037 2975 subito
1079 2935 1143 2973 ex
1196 2920 1774 2977 iustantiumatrorum
1815 2924 2020 2977 daemo.

450 3025 577 3062 num
636 3018 905 3076 potestate
953 3010 1245 3077 eripuisset
1296 3027 1437 3076 sese,
1479 3013 1720 3085 dixitque
1747 3016 2021 3070 submissa

2119 528 2277 581 νᾶται
2318 522 2685 595 ήάσὼματος.
2738 521 3036 575 Ἰίπλωσαν
3083 517 3175 572 οὖν
3222 520 3315 570 καὶ
3365 516 3457 568 τὸν
3490 513 3695 585 τρίτον,

2116 618 2212 670 καὶ
2241 616 2405 679 αὐτὸς
2430 619 2495 669 τὰ
2529 615 2667 669 αὐτὰ
2692 612 3022 683 ύπέμεινενυ
3086 611 3224 681 πρθρς
3256 609 3381 660 ὅσον
3410 605 3503 659 οὖν
3539 607 3693 674 [vop-

2117 709 2275 769 δίνως
2310 707 2537 760 ἔτυπτον
2561 706 2777 768 αὐτοὺς,
2801 705 2979 771 ἕτεροι
3030 701 3341 768 ἀνεφώνουν
3378 701 3490 759 τοῖς
3512 697 3697 766 δαρει-

2120 819 2208 854 σιν
2238 800 2335 854 καὶ
2404 798 2818 867 ἀπολυομένοις,
2873 797 3061 863 ἔλεγον
3092 794 3173 848 ἑνὶ
3206 792 3414 853 καθενὶ,
3446 791 3692 857 ’Υπαγε,

2118 894 2330 959 δίδαξον
2382 892 2554 945 ταῦτα
2613 889 2691 961 τῷ
2721 888 2887 943 πατοί
2949 904 3043 941 σου
3072 886 3149 955 τῷ
3184 884 3417 952 Σατανᾷ,
3484 883 3534 934 εί
3567 881 3698 950 ἀρέ-

2120 1003 2336 1039 σκεται.

2192 1168 2418 1236 ιβ’.”οτε
2437 1162 2532 1220 οὖν
2561 1166 2763 1229 πάντες
2782 1162 3103 1234 ὑπεξῆλθον,
3122 1162 3171 1214 οἱ
3197 1161 3295 1231 μὲν
3319 1160 3693 1232 λευσχήμονες

2121 1264 2323 1316 ἐκεῖνοι
2351 1259 2578 1329 ἀφανεῖς
2602 1256 2711 1310 τῶν
2746 1258 2861 1309 ἐκεῖ
2892 1256 3158 1324 ἐγένοντο,
3190 1256 3217 1307 ὁ
3240 1254 3299 1308 δὲ
3324 1254 3524 1323 ὡραῖος
3558 1253 3700 1306 έκεῖ-

2121 1370 2208 1417 νος
2231 1353 2413 1420 γέρων
2460 1350 2681 1420 ἔρχεται
2711 1348 2848 1418 πρὸς
2873 1348 2966 1402 τὸν
3014 1347 3308 1417 μακάριον,
3341 1345 3437 1398 καὶ
3472 1344 3571 1415 τήν
3597 1345 3700 1411 μὲν

2122 1446 2309 1499 ἅλυσιν
2344 1443 2403 1495 τὸ
2427 1442 2558 1494 αὐτὸ
2584 1441 2750 1494 πάλιν
2775 1439 3065 1511 έφόρησεν,
3090 1438 3241 1506 λέγει
3277 1437 3334 1490 δὲ
3367 1437 3443 1499 ὠς
3474 1454 3698 1506 χαριεν-

2121 1533 2405 1603 τιζόμενος
2432 1549 2444 1565 ·
2515 1531 2745 1592 Βλέπεις
2782 1530 2900 1592 πῶς
2934 1529 3174 1599 ὲτάχυνα
3202 1529 3282 1589 είς
3309 1528 3372 1580 τὸ
3431 1526 3699 1597 βοηθῆσαί

2124 1642 2248 1689 σοις
2282 1625 2368 1676 ἵνα
2420 1622 2527 1691 γὰρ
2576 1623 2775 1675 εἰδέναι
2818 1620 2949 1691 ἔχῃς
3000 1621 3084 1673 ὅτι
3116 1618 3213 1674 καὶ
3241 1619 3383 1672 πάνυ
3426 1636 3517 1689 μοι
3546 1618 3697 1688 μέλει

2126 1717 2251 1789 περί
2287 1732 2401 1769 σου·
2466 1716 2588 1784 ἐμοὶ
2636 1714 2746 1784 γὰρ
2804 1713 3005 1783 ὥρισεν
3053 1712 3316 1775 κελεύσας
3345 1712 3695 1779 ὀΔεσπότης.

2126 1812 2209 1865 ἴνα
2264 1828 2357 1863 σου
2424 1811 2521 1880 τῆς
2553 1807 2831 1880 σωτηρίας
2863 1807 2999 1877 πρὸς
3031 1806 3101 1859 τὰ
3130 1805 3259 1859 ὄντα
3285 1805 3569 1875 πρόσφορα
3601 1806 3700 1858 καὶ

2120 1902 2450 1956 εὖθειώτατα
2501 1904 2783 1973 μεριμνῶν
2835 1904 3117 1966 ἑκάστοτε,
3163 1903 3555 1974 ἔπιϐραθεύσω
3587 1920 3691 1958 σοι.

2130 1995 2456 2064 ’Υπὸμεινον
2486 1993 2599 2057 οὖν.
2661 1997 2748 2050 ἵνα
2776 1997 2999 2066 δόκιμος
3024 1998 3103 2060 είς
3146 1997 3326 2050 πάντα
3356 1997 3562 2066 γενήσῃ
3590 2012 3605 2025 ’
3630 1998 3692 2047 ού

2124 2089 2341 2157 μακρὰν
2409 2091 2518 2157 γὰρ
2570 2089 2661 2141 καὶ
2711 2089 3030 2159 ἀπολυθήσῃ
3071 2089 3161 2142 τοῦ
3196 2088 3404 2158 Κυρίου
3451 2105 3546 2142 σου
3615 2089 3695 2157 τῷ

2124 2180 2237 2249 ἰδίῳ
2269 2180 2558 2249 θελήματι,
2600 2181 2927 2251 πορεύεσθαι
2960 2184 3095 2235 ὅπου
3144 2182 3191 2235 δ’
3249 2182 3316 2234 ἂν
3344 2184 3457 2243 τοῖς
3482 2181 3694 2250 ὀψθαλο

2123 2274 2245 2339 μοῖς
2294 2271 2386 2323 σού
2431 2274 2579 2324 ἐστιν
2620 2272 2935 2343 εὐάρεστον.
2984 2273 3149 2339 Λέγει
3194 2267 3287 2324 οὖν
3322 2274 3350 2325 ὀ
3390 2273 3647 2341 Ἀνδρέας
3679 2290 3691 2303 ·

2122 2363 2293 2431 Κύριέ
2332 2380 2455 2432 μου.
2489 2364 2571 2426 τίς
2598 2364 2706 2434 γὰρ
2732 2360 2783 2417 εἴ
2814 2364 2897 2421 σὺ.
2930 2366 3014 2418 ὅτι
3041 2363 3268 2432 ζάγνοῶς
3312 2363 3371 2416 '0
3400 2364 3456 2417 δέ
3485 2382 3649 2433 φησιν
3669 2377 3686 2396 δ

2133 2455 2275 2524 Ἑγὼ
2303 2459 2415 2526 είμι
2437 2458 2464 2510 ὁ
2492 2458 2781 2510 ἀναπεσὼν
2814 2458 2870 2509 ἐν
2904 2457 2980 2528 τῷ
3012 2458 3264 2527 ἀχράντῳ
3295 2457 3393 2511 καὶ
3422 2454 3670 2527 ζωοτοιῷ

2122 2550 2310 2621 στήθει
2341 2550 2433 2604 τοῦ
2466 2551 2672 2620 Κυρίου
2704 2551 2860 2621 ἡμῶν
2904 2550 3081 2620 Ἰησοῦ
3111 2550 3370 2621 Χριστοῦ.
3404 2553 3510 2603 Καὶ
3533 2553 3693 2605 τοῦτο

2123 2642 2313 2703 εἰπὼν.
2381 2641 2571 2712 ὥσπερ
2626 2643 2708 2705 είς
2764 2641 3052 2714 ἀστραπήν
3134 2641 3523 2712 μεταποιηθεὶς
3562 2681 3577 2705 ,
3637 2642 3696 2708 ἑξ

2121 2740 2417 2811 ὀφθαλμῶν
2440 2740 2605 2796 αὑτοῦ
2632 2741 2944 2811 ἐπορεύετο.
2964 2738 3021 2791 ὐ
3048 2738 3105 2790 δὲ
3141 2738 3412 2806 μακάριος
3436 2736 3697 2805 Ἀνδρέας

2122 2834 2439 2904 ἐθαύμαζεν
2470 2833 2565 2886 τοῦ
2599 2832 2738 2885 Θεοῦ
2788 2836 2885 2902 τήν
2921 2830 3317 2898 ἀνεκδιήγητον
3357 2828 3695 2896 ἀγαθότητα.

2122 2927 2217 2981 καὶ
2264 2925 2517 2991 ἐδόξαζεν
2566 2924 2730 2978 αύτὺν
2782 2922 3058 2995 μεγάλως,
3124 2921 3206 2975 ὃτι
3236 2920 3410 2983 οὕτως
3448 2921 3506 2972 έν
3529 2920 3698 2972 παντὶ

2127 3021 2326 3089 ῥήματι
2358 3018 2450 3073 καὶ
2513 3018 2808 3088 πράγματι
2874 3015 3070 3085 βοηθὸς
3121 3012 3291 3067 αὑτοῦ
3318 3013 3557 3081 έγένετο,
3598 3013 3698 3064 καὶ

348 3099 367 3110 '
448 3115 579 3155 voce
608 3118 623 3155 :
655 3099 880 3156 Domine
904 3100 1033 3157 Jesu
1064 3104 1305 3168 Christe,
1330 3118 1522 3172 magna
1545 3115 1599 3159 et
1627 3107 2018 3176 incomparabi-

2128 3110 2193 3162 ὲκ
2226 3108 2335 3162 τῶν
2378 3107 2827 3176 ἐπανισταμένων
2860 3105 3009 3174 αὐτῷ
3065 3103 3313 3174 ζοφερῶν
3368 3102 3703 3171 πνευμάτων

446 3194 516 3248 lia
546 3207 627 3249 est
661 3197 897 3264 potentia
921 3207 1010 3250 tua
1043 3212 1059 3251 :
1088 3210 1247 3268 super
1270 3210 1487 3251 onmem
1542 3206 1788 3252 naturam
1814 3202 2020 3269 glorili-

443 3296 563 3341 cata
597 3297 681 3341 est
716 3287 1088 3342 misericordia
1123 3297 1234 3347 tua,
1272 3288 1398 3356 quia
1436 3288 1540 3342 mei
1572 3289 1795 3344 humilis
1828 3293 2022 3345 miscr-

342 3416 355 3429 .
449 3388 537 3432 tus
567 3393 650 3444 es,
686 3389 741 3433 et
766 3394 954 3433 curam
987 3379 1133 3448 geris
1161 3394 1176 3434 :
1206 3379 1257 3432 id
1286 3395 1387 3448 ego
1422 3395 1533 3432 rem
1562 3396 1755 3434 novam
1775 3390 1827 3435 et
1857 3385 2019 3436 multa

446 3471 808 3526 admiratione
860 3472 1079 3541 dignam
1118 3473 1395 3526 existimo.
1446 3471 1670 3527 Custodi
1730 3489 1815 3527 ille
1856 3476 2021 3544 igitur

447 3576 613 3632 porro
635 3562 868 3629 amplius
895 3572 949 3614 et
977 3562 1226 3629 amplius,
1267 3561 1512 3627 Domine,
1556 3564 1609 3617 iu
1644 3565 1869 3621 veritate
1891 3579 2019 3630 tua;

446 3659 503 3704 et
525 3652 747 3720 dignum
775 3667 860 3706 me
889 3651 996 3716 lac,
1022 3652 1115 3720 qui
1146 3652 1412 3709 inveniam
1472 3656 1700 3726 gratiam
1743 3672 1927 3713 coram
1946 3670 2018 3725 te,

446 3760 482 3797 o
516 3742 805 3807 altissime,
840 3758 874 3797 ο
922 3744 1323 3813 potentissime,
1354 3762 1388 3799 o
1419 3748 1700 3815 terribilis,
1732 3766 1767 3805 ο
1813 3751 2019 3808 incom-

446 3836 852 3906 prebeusibilis.

517 4028 606 4081 15.
641 4025 792 4081 Talia
839 4036 1060 4096 precan
1088 4029 1333 4089 Audrra,
1386 4029 1590 4098 ingruit
1612 4045 1715 4084 nox
1743 4047 1757 4085 :
1786 4047 2020 4104 cumque

444 4117 777 4187 aliquantum
805 4117 982 4172 somni
1018 4119 1609 4187 caperet,deprebendit
1636 4137 1695 4176 se
1734 4138 1829 4192 per
1852 4124 2021 4179 visio-

447 4226 571 4265 nem
627 4210 680 4266 in
738 4211 905 4281 regali
943 4211 1171 4280 palatio;
1228 4224 1560 4283 vocatusque
1589 4229 1618 4267 a
1654 4230 1799 4285 rege,
1835 4218 2018 4286 palatii

443 4302 688 4365 domino,
747 4312 947 4373 praesto
997 4304 1232 4357 advolat.
1286 4303 1385 4357 Cui
1418 4321 1574 4360 rex:
1625 4305 1790 4361 Visne
1815 4311 2020 4363 servire

445 4393 576 4446 mibi
607 4407 673 4446 ex
701 4402 815 4447 toto
851 4392 1053 4447 corde?
1077 4393 1124 4447 si
1170 4408 1418 4457 annuas,
1451 4397 1715 4449 asciscam
1748 4407 1801 4451 te
1841 4398 1892 4451 in
1920 4414 2021 4451 nu-

2126 3203 2184 3253 ἐν
2241 3202 2394 3269 τάχει
2448 3199 2829 3269 ὲλυτρώσατο,
2898 3201 2994 3252 καὶ
3056 3196 3211 3262 ἔλεγε
3280 3195 3697 3253 λανθανόντως·

2127 3292 2297 3362 Κύριε
2331 3292 2502 3361 Ἰησοῦ
2567 3293 2790 3363 Χριστὲ.
2847 3292 3060 3361 μεγάλη
3116 3293 3208 3345 σού
3252 3292 3405 3342 ἔστιν
3435 3290 3530 3341 καὶ
3556 3289 3703 3340 ἀνεί-

2124 3402 2322 3447 καστος
2344 3386 2378 3454 ή
2409 3384 2663 3455 δύναμις,
2700 3384 2841 3452 ὑπὲρ
2864 3384 3026 3453 φύσιν
3057 3386 3196 3437 είσὶν
3226 3379 3594 3449 δεδοξασμένα
3626 3379 3697 3431 τὰ

2126 3477 2409 3548 σπλάγχνα
2462 3494 2579 3541 σου⁹
2638 3477 2759 3530 καθ’
2816 3477 2898 3529 ὅτι
2952 3474 3053 3545 ἐμὲ
3076 3475 3166 3527 τὸν
3195 3474 3454 3526 ταπεινὸν
3498 3471 3697 3533 ἐλεεῖς,

2121 3570 2214 3624 καὶ
2260 3570 2342 3623 ὅτε
2376 3569 2527 3639 μέλει
2562 3585 2646 3621 σοι
2699 3568 2828 3638 περὶ
2877 3566 3012 3636 ἐμοῦ
3034 3582 3049 3598 ο
3095 3566 3243 3631 ξένον
3270 3566 3425 3617 τοῦτο
3458 3562 3701 3633 ήγοῦμαι

2126 3666 2220 3717 καὶ
2253 3661 2724 3731 πολυθαύμαστον·
2757 3661 2991 3730 φύλαξόν
3023 3678 3088 3729 με
3116 3656 3231 3723 οὖν,
3268 3659 3463 3728 Κύριε,
3498 3656 3578 3709 ἔτι
3600 3657 3701 3707 καὶ

2123 3757 2204 3809 ἔτι
2234 3757 2290 3809 ὲν
2321 3758 2387 3826 τῇ
2429 3753 2660 3823 ἀληθείᾳ
2696 3769 2812 3816 σου,
2840 3756 2935 3806 καὶ
2961 3751 3193 3815 ἁξίωσόν
3226 3768 3293 3818 με
3321 3749 3504 3817 εὑρεῖν
3530 3747 3698 3817 χάριν

2122 3849 2272 3912 παρά
2306 3864 2409 3909 σοι,
2446 3838 2491 3898 ὦ
2522 3845 2737 3915 ὕψιστε,
2777 3844 3143 3913 πολυδύναμε,
3176 3842 3396 3913 φοϐερὶ,
3434 3841 3531 3893 καὶ
3552 3842 3702 3893 ἀκα-

2120 3940 2383 4008 τάληπτε.

2195 4030 2285 4097 ιγ’.
2306 4030 2490 4083 Ταῦτα
2506 4027 2670 4081 αὐτοῦ
2698 4029 3161 4099 προσευχομένου,
3180 4028 3381 4100 ἐπέστη
3403 4032 3436 4100 ή
3453 4031 3571 4097 νὺξ,
3599 4034 3701 4085 καὶ

2125 4120 2320 4191 μικρὸν
2342 4118 2508 4173 αὐτοῦ
2532 4136 2581 4172 τι
2605 4118 2967 4189 ύπνήσαντος,
3000 4118 3190 4189 βλέπει
3221 4122 3279 4173 ἐν
3302 4122 3564 4191 ὁράματι,
3605 4124 3694 4176 δτι

2118 4208 2188 4282 ἦν
2229 4214 2310 4274 εἰς
2365 4211 2602 4265 παλάτια
2646 4210 2957 4287 βασιλικὰ..
3013 4212 3107 4263 καὶ
3162 4212 3433 4280 κέκληκεν
3478 4213 3644 4267 αύτδν
3670 4216 3704 4266 6

2123 4305 2377 4375 βασιλεὺς
2407 4303 2516 4356 τῶν
2569 4303 2849 4356 παλατίων
2894 4301 3140 4368 ἐκείνων,
3190 4305 3286 4356 καὶ
3313 4305 3369 4355 ὲν
3405 4304 3516 4373 ὅσῳ
3551 4322 3704 4374 παρ-

2120 4398 2250 4467 έστη
2280 4396 2449 4466 αὐτῷ,
2498 4396 2647 4463 λέγει
2692 4396 2829 4465 πρὸς
2882 4394 3094 4448 αύτδνό
3150 4395 3405 4467 βασιλεὺς
3438 4398 3642 4459 ἐκεῖνος
3675 4413 3696 4431 ο

444 4499 656 4539 uterum
689 4499 975 4553 procerum
1037 4485 1219 4554 palatii
1257 4486 1383 4539 mei.
1418 4486 1479 4539 Et
1507 4489 1750 4543 Andreas
1779 4508 1792 4543 :
1825 4490 2018 4560 Ecquis

2126 4488 2312 4550 Θέλεις
2347 4505 2440 4557 μοι
2490 4486 2774 4540 δουλεῦσαι
2801 4485 3105 4555 ὀλοψύχως,
3138 4487 3232 4539 καὶ
3263 4488 3478 4556 ποιήσω
3498 4503 3559 4539 σε
3598 4488 3701 4541 ενα

444 4589 626 4631 autem
676 4577 946 4630 fortunam
976 4576 1173 4629 bonam
1223 4577 1509 4646 repudiet?
1530 4595 1628 4649 ego
1656 4583 1935 4637 enimvero
1968 4585 2018 4638 id

442 4670 693 4723 desidero
745 4668 1063 4737 plurimum.
1103 4668 1192 4722 Ait
1223 4686 1310 4723 res
1347 4670 1641 4739 :Experire
1682 4672 1865 4741 igitur,
1887 4691 2021 4742 qua-

444 4763 514 4815 lis
560 4759 854 4814 famulatus
893 4774 1044 4815 meus
1104 4761 1177 4814 sit
1207 4780 1220 4816 :
1247 4762 1520 4831 simulque
1553 4764 2016 4833 traditquidpiam

444 4868 553 4907 non
605 4852 853 4907 absimile
910 4852 1074 4909 nivis.
1109 4855 1402 4924 Acceptum
1463 4855 1551 4909 ille
1584 4856 1636 4909 in
1678 4872 1740 4911 os
1767 4856 2018 4923 immisit,

443 4945 727 5015 sensitque
772 4954 975 4998 tantam
1022 4946 1386 5006 dulcedinem,
1442 4954 1697 5015 quantam
1737 4950 2017 5002 meusbu-

446 5053 607 5092 tuana
655 5037 936 5106 imagiuari
967 5037 1070 5090 sibi
1104 5037 1246 5090 nulla
1281 5046 1478 5106 potest.
1527 5036 1655 5091 Erat
1679 5048 1860 5091 autem
1899 5056 2022 5107 per-

442 5131 635 5199 exigua
695 5130 895 5197 portio,
947 5145 1112 5197 quam
1166 5132 1479 5193 Comedrlls,
1521 5133 1710 5183 orabat
1754 5131 1806 5183 iu
1859 5132 2022 5186 corde

445 5238 566 5285 suo,
604 5222 748 5275 aliud
769 5229 932 5291 atque
955 5222 1101 5276 aliud
1158 5220 1261 5274 sibi
1296 5230 1352 5275 ut
1406 5223 1791 5278 concederetur
1826 5238 1841 5274 :
1873 5223 2021 5277 dieeo

449 5313 541 5367 bat
573 5316 797 5385 quippe,
831 5316 969 5369 inter
992 5314 1428 5368 manducandum
1465 5315 1640 5369 visum
1671 5329 1731 5370 se
1756 5314 1859 5371 sibi
1891 5316 2025 5370 fuis-

446 5407 584 5460 sein
638 5407 884 5463 divinmn
943 5407 1212 5476 quoddam
1257 5415 1590 5475 unguentqu
1622 5423 1730 5476 pra:
1774 5407 2020 5461 dulcedi-

449 5496 537 5551 uia
599 5499 866 5554 suavitate
916 5498 1386 5555 trattsformatum.
1435 5497 1669 5553 Rursum
1704 5501 1921 5568 porrigit
1954 5500 2008 5553 ill

484 5686 487 5689 ·
517 5664 636 5742 (ει)
664 5671 898 5739 Δαρμδς,
929 5671 1005 5724 uti
1063 5669 1536 5742 ειᾼπαραδαρμός.
1586 5674 1722 5721 ictus
1763 5671 2019 5737 inﬂictas,

446 5754 525 5797 tm
538 5739 682 5803 beru,
710 5742 1045 5809 supplicium,
1074 5759 1099 5795 a
1124 5739 1288 5813 δέρω,
1314 5744 1541 5806 verbero,
1569 5742 1710 5792 arcto
1736 5757 1750 5793 :
1781 5758 1941 5795 νυνι-ς
1969 5744 2020 5795 in

2124 4580 2234 4633 τῶν
2266 4578 2497 4643 ένδόξων
2530 4577 2625 4632 τοῦ
2653 4577 2917 4631 παλατίου
2973 4594 3110 4647 μους
3162 4579 3309 4647 Ἔφη
3340 4581 3368 4631 ὀ
3397 4577 3651 4648 Ἀνδρέας
3682 4596 3701 4612 ο

2129 4673 2239 4726 Καὶ
2268 4672 2349 4734 τίς
2374 4672 2603 4733 έκεῖνος,
2659 4671 2687 4721 ὀ
2712 4669 2773 4721 τὸ
2833 4668 3057 4735 ἀγαθῶν
3096 4667 3558 4737 παραιτούμενος,
3584 4667 3702 4737 ἑγὼ

2125 4766 2182 4819 δὲ
2215 4766 2354 4819 πάνυ
2388 4764 2577 4817 τούτου
2637 4761 2731 4814 τοῦ
2778 4760 3107 4832 πράγματος
3154 4762 3445 4830 ὀρέγομαι.
3499 4762 3705 4829 Ἐφηύ

2128 4856 2373 4925 βασιλεύς
2401 4871 2417 4887 θ
2467 4853 2676 4906 Οὐκοῦν
2706 4854 2754 4905 εἰ
2784 4854 2967 4921 ὀρέγει
3029 4851 3176 4915 δέξαι
3196 4852 3297 4921 τῆς
3316 4852 3561 4914 δουλείας
3594 4852 3699 4921 τῆς

2126 4948 2263 5017 ἐμῆς
2293 4946 2390 5017 τὴν
2416 4946 2690 5015 αἴσθησιν.
2718 4945 2830 4997 Καὶ
2885 4945 2981 4996 σὺν
3013 4940 3093 5011 τῷ
3118 4942 3259 5011 λόγῳ
3305 4943 3519 4996 δίδωσιν
3543 4943 3703 5012 αύτῷ

2128 5058 2182 5093 τι
2211 5038 2341 5091 ὡσεὶ
2369 5037 2524 5107 κύνα
2552 5050 2569 5064 ⁸
2626 5035 2719 5088 καὶ
2765 5034 2963 5097 λαϐὼν,
3017 5035 3335 5103 έψωμίσατο
3373 5033 3561 5087 τοῦτο·
3628 5029 3700 5103 ἦν

2128 5133 2185 5185 δὲ
2210 5130 2383 5199 γλυκὺ
2410 5128 2525 5182 οἷον
2553 5126 2677 5191 νοῦς
2723 5125 3012 5196 ἀνθρώπου
3046 5128 3344 5179 ἀπεικάσαι
3367 5125 3427 5178 ού
3448 5126 3696 5179 δύναται.

2143 5221 2352 5288 Ὀλίγον
2402 5219 2461 5273 δὲ
2497 5217 2587 5289 ἦν,
2641 5222 2736 5271 καὶ
2790 5217 2982 5287 φαγὼν
3031 5216 3186 5279 αὐτὸ,
3237 5216 3462 5269 έδόκουν
3507 5216 3590 5267 ὅτι
3616 5218 3698 5277 είς

2132 5313 2301 5383 μύρον
2336 5311 2514 5364 θεῖκόν
2532 5312 2599 5381 τῇ
2632 5309 2793 5381 ήδονῇ
2824 5311 3252 5380 μετατρέπεται.
3277 5307 3447 5363 Πάλιν
3493 5302 3588 5362 οὗν
3616 5305 3702 5359 δί-

2128 5404 2289 5457 δωσιν
2315 5403 2463 5473 αὐτῷ
2516 5404 2544 5456 ὀ
2597 5401 2847 5473 βασιλεὺς
2909 5406 3116 5466 ἐκεῖνος
3152 5401 3336 5468 ὀλίγον
3376 5417 3430 5454 τι
3452 5400 3528 5463 ὡς
3556 5395 3697 5461 εἶδος

2129 5496 2454 5550 κυδωνιάτου
2516 5494 2650 5565 (‘25),
2695 5495 2788 5548 καὶ
2839 5496 2987 5563 λέγει
3033 5494 3169 5566 πρὸς
3209 5494 3392 5562 αὐτὸν,
3426 5493 3569 5549 Λάϐε
3597 5492 3699 5580 θεαὶ

2133 5659 2353 5725 historia
2384 5671 2678 5743 Byzantina
2708 5670 3036 5743 frequentes.

2225 5743 2316 5811 25)
2348 5740 2439 5796 lla'
2470 5758 2534 5796 ex
2589 5741 2803 5795 Meursii
2861 5740 3135 5800 Glossario
3164 5744 3380 5817 colligo,
3408 5745 3528 5798 lic:t
3588 5757 3695 5799 ms.
