4100 6212
376 269 493 335 διδ

1555 264 1733 326 ΥΙΤΑ
1776 264 1836 323 S.
1880 263 2207 324 ANDRE/E
2248 264 2435 329 SAU.

3529 266 3635 329 646

382 383 551 452 φάγε.
586 382 697 435 Καὶ
733 379 920 435 ’λαϐὼν
964 380 1166 451 Ιφαγεν
1195 397 1206 410 ·
1248 376 1318 452 ἧν
1348 379 1404 433 δὲ
1449 379 1613 449 δριμῦ
1640 380 1729 433 καὶ
1760 382 1956 449 πικρδν

2064 395 2153 434 rex
2212 380 2507 443 pauxillum
2584 378 2735 448 quid,
2775 376 3049 449 rydouiati
3090 377 3320 457 formam
3347 377 3633 437 referens:

385 472 592 543 σφόδρα
617 471 874 543 ὑπερτὴν
897 472 1139 543 ἄψινθον,
1166 474 1259 525 καὶ
1297 469 1487 540 ὥσπερ
1532 469 1955 536 ἀποδυσπέτεσα

381 562 545 616 τοῦτο
575 561 809 633 ὲπῆνλθεν
840 565 940 633 τῆς
967 563 1133 633 άλλης
1158 562 1421 632 ἡδύτατος
1457 562 1751 629 ἐπιθυμίας
1768 577 1826 613 τε
1861 561 1955 612 καὶ

381 660 645 725 γεύσεως.
701 654 843 717 Ἰδὼν
905 656 1000 710 οὖν
1033 656 1195 709 αὑτὸν
1238 657 1266 709 6
1322 654 1573 725 βασιλεὺς
1595 653 1768 711 οὕτως
1805 670 1957 705 σιαν-

387 748 568 809 θέντα,
601 745 748 815 λέγει
775 748 907 817 πρὸς
946 747 1106 800 αὐτόν
1128 763 1143 779 ⁸
1187 746 1330 817 Ὅρα
1371 747 1487 808 πῶς
1522 746 1619 815 οὐχ
1662 744 1958 813 ύποφέρεις

376 836 483 907 τὴν
507 837 735 907 πικρίαν
762 839 856 891 τοῦ
884 838 1156 908 γεύματος
1180 855 1195 905 ;
1226 839 1335 890 Καὶ
1365 838 1475 907 γὰρ
1500 836 1598 905 τῆς
1618 836 1826 898 τελείας
1854 853 1956 904 μου

387 929 691 999 ὑπηρεσίας
725 931 825 999 τὴν
857 930 1110 1000 αἴσθησίν
1143 947 1226 983 σοι
1254 928 1700 998 κατανοήσασοαι
1721 928 1953 980 δέδωκα·

374 1021 528 1091 αὓτη
573 1023 740 1092 γὰοή
778 1024 937 1092 στενὴ
997 1024 1091 1074 καὶ
1141 1020 1475 1092 τεθλιμμένη
1530 1020 1653 1085 ὁδός
1697 1022 1867 1084 ἐστιν,
1923 1021 1960 1091 ἡ

367 1116 679 1183 ἀπάγουσα
710 1115 789 1178 είς
819 1113 917 1186 τὴν
944 1112 1094 1186 ζωήν
1126 1112 1268 1187 (27).

434 1395 693 1467 “t6'.'E<pv;
709 1395 735 1447 6
769 1393 1059 1464 μακάριοςο
1094 1395 1298 1464 Πικρόν
1318 1396 1433 1449 ἐστι
1452 1397 1510 1449 τὸ
1532 1400 1762 1467 πρᾶγμα
1781 1400 1958 1467 τοῦτο,

364 1484 654 1549 Δέσποτα,
712 1485 805 1537 καὶ
825 1485 907 1548 τίς
935 1485 1109 1538 ταῦτα
1135 1487 1331 1539 ἐσθίων
1357 1488 1632 1541 δουλεύσει
1658 1507 1739 1542 σοι
1769 1507 1784 1555 ;
1812 1492 1960 1564 Ἔφη

383 1576 691 1646 όβασιλεύς
717 1592 731 1607 ·
786 1576 860 1628 Τὸ
911 1576 1108 1646 πικρὸν
1168 1576 1366 1643 ἔγνως,
1409 1580 1500 1633 καὶ
1538 1580 1598 1632 τὸ
1651 1580 1822 1650 γλυκῦ
1860 1585 1961 1636 οὐκ

385 1670 596 1738 ἐγνωςς
651 1667 751 1720 οὐκ
806 1666 988 1720 ἔδωκά
1029 1683 1112 1721 σοι
1146 1668 1364 1737 πρῶτον
1412 1670 1473 1722 τὸ
1504 1671 1701 1739 γλυκὺ,
1722 1674 1815 1725 καὶ
1838 1674 1959 1726 τότε

382 1763 446 1812 τὸ
485 1758 682 1831 πικρόν
710 1775 725 1823 ;
762 1759 908 1828 Ἔφη
940 1760 1145 1821 ἐκεῖνος
1176 1774 1190 1789 ·
1230 1759 1360 1823 Ναὶ,
1382 1759 1764 1828 δέσποταμὶιλλ⁹
1794 1768 1852 1816 ἑν
1883 1765 1958 1835 τῷ
1988 1749 2034 1809 Β

385 1850 572 1921 πικρῷ
605 1851 752 1922 μόνῳ
801 1852 1032 1921 εἴρηκας
1058 1849 1138 1920 τῷ
1186 1850 1375 1923 οἰκέτῃ
1427 1870 1521 1905 σου
1567 1855 1836 1926 ὑπάρχειν
1866 1857 1962 1926 τῆς

385 1943 756 2013 τεθλιμμένης
801 1943 920 1996 ὁδοῦ
963 1946 1023 1997 τὸ
1079 1947 1387 2016 είκόνισμα.
1418 1946 1581 2013 Λέγει
1608 1951 1636 2001 ὀ
1679 1947 1958 2017 βασιλεὺς,

385 2036 543 2105 Οὐχὶ,
600 2036 716 2088 ἀλλ’
758 2037 816 2088 ὲν
847 2037 926 2106 τῷ
953 2036 1129 2104 γλυκὺ
1165 2040 1259 2091 καὶ
1310 2040 1367 2091 ὲν
1392 2038 1469 2109 τῷ
1507 2039 1691 2110 πικρῷ
1726 2041 1963 2110 μεσολα-

385 2126 565 2181 6εἰται
603 2132 637 2198 ὴ
665 2128 804 2191 ὁδός⁹
865 2130 923 2181 ὲν
961 2128 1038 2198 τῷ
1086 2131 1269 2199 πικρῷ
1321 2131 1421 2199 μὲν
1477 2131 1585 2184 τῶν
1611 2132 1837 2199 ἀγώνων
1868 2133 1963 2186 καὶ

384 2218 496 2271 τῶν
524 2218 723 2271 πόνων
756 2235 839 2272 σοι
868 2219 978 2272 τῶν
1013 2220 1082 2271 δι’
1102 2221 1203 2290 ly.)
1231 2222 1600 2275 ύποδέδεικται
1633 2223 1958 2292 ἠαῐσοησιςο

386 2313 445 2361 ὲν
469 2309 547 2378 τῷ
574 2309 694 2379 ἡδεί
726 2309 784 2362 δὲ
830 2311 925 2364 καὶ
949 2313 1143 2380 γλυκεί
1196 2315 1228 2380 ἡ
1263 2313 1327 2366 ὲκ
1360 2316 1456 2381 τῆς
1478 2300 1813 2382 άγαῦότητός
1859 2331 1960 2381 μου

383 2401 575 2468 δρόσος
604 2406 696 2455 καὶ
728 2404 999 2473 άνάψυξις
1039 2405 1363 2474 ἐγγινομένη
1395 2407 1505 2466 τοῖς
1544 2404 1963 2475 πειραζομένοις

383 2494 454 2544 δι’
481 2494 604 2562 ὲμὲ’
653 2496 753 2548 οὐκ
782 2496 931 2551 ἔστιν
972 2494 1065 2551 οὗν
1104 2498 1165 2551 τὸ
1206 2497 1405 2567 πικρὸν
1459 2498 1771 2566 μονόλογον,
1835 2497 1959 2550 οὔτε

388 2585 451 2636 τὸ
477 2585 652 2651 γλυκὺ
710 2588 1066 2658 μονότροπον,
1121 2588 1262 2642 ἀλλὰ
1316 2589 1444 2640 ποτὲ
1485 2588 1588 2656 μὲν
1616 2588 1796 2651 τοῦτο,
1828 2586 1959 2639 ποτὲ

387 2676 446 2727 δὲ
481 2679 681 2745 ὲκεῖνο,
740 2678 929 2749 ἕτερον
963 2680 1038 2750 τῷ
1070 2682 1243 2749 ἑτέρῳ
1308 2679 1691 2749 διαδεχόμενον
1714 2696 1728 2711 ⁸
1790 2680 1837 2731 εί
1867 2673 1962 2732 οὖν

390 2766 589 2835 βούλει,
619 2768 812 2822 σύνθου
842 2788 954 2839 μοι,
982 2773 1066 2825 ἵνα
1096 2774 1414 2842 ἐπίσταμαι.
1444 2774 1585 2842 Ἔφη
1622 2773 1650 2824 6
1690 2770 1961 2841 Ἀνδρέας’

389 2859 654 2930 Ψώμισόν
688 2878 780 2930 μοι
808 2863 974 2915 πάλιν
1024 2864 1093 2916 τὰ
1128 2865 1287 2929 αὐτὰ,
1330 2865 1423 2917 καὶ⁵
1476 2865 1679 2933 βλέπω,
1708 2867 1799 2916 καὶ
1823 2863 1963 2931 λέγω

393 2964 499 3002 σοι.
564 2950 622 3003 Ὀ
674 2950 730 3002 δὲ
763 2953 924 3005 πάλιν
972 2955 1032 3005 τί,
1062 2954 1257 3022 πικρὸν
1290 2952 1440 3024 αύτῷ
1463 2953 1809 3016 ἐπιδέδωκεν,
1859 2953 1956 3005 καὶ

390 3039 509 3090 τότε
537 3040 597 3091 τὸ
626 3040 818 3108 γλυκύ.
862 3041 1105 3105 Σιανθεὶς
1135 3038 1229 3094 οὖν
1266 3041 1529 3111 μειζόνως
1559 3041 1721 3095 πάλιν
1750 3041 1827 3112 τῷ
1860 3059 1953 3095 πι-

391 3129 507 3199 κρῷ
537 3132 794 3202 γεύματι,
860 3134 963 3204 ἔφη
992 3146 1005 3162 ·
1039 3135 1111 3185 03
1170 3133 1407 3202 δύναμαί
1438 3151 1521 3187 σοι
1551 3134 1723 3187 ταῦτα
1760 3134 1959 3187 ἐσθίων

376 3219 677 3287 δουλεύειν,
717 3224 914 3295 πικρὸν
940 3226 1048 3293 γάρ
1075 3227 1135 3278 τὸ
1158 3226 1391 3295 πρᾶγμα
1421 3225 1657 3295 ὑπάρχει
1677 3225 1774 3277 καὶ
1798 3223 1956 3296 βαρύ.

400 3316 460 3368 ’0
496 3316 554 3368 δὲ
610 3316 857 3386 βασιλεὺς
910 3317 1193 3387 μειδιάσας
1236 3317 1489 3370 ἐκϐάλλει
1522 3319 1588 3370 ὲκ
1634 3317 1728 3370 τοῦ
1759 3318 1959 3372 κόλπου

377 3408 554 3462 αὐτοῦ
575 3425 628 3464 τι
650 3405 792 3471 εἶδος
839 3408 1026 3479 ἕτερον
1050 3427 1063 3441 ο
1096 3409 1125 3462 6
1148 3405 1214 3483 ἧν
1266 3412 1332 3481 τῇ
1355 3409 1453 3481 θέα
1488 3411 1736 3479 πύρινον,
1768 3412 1861 3464 καὶ
1892 3412 1959 3480 τῇ

388 3501 552 3568 φύσει
612 3500 820 3568 σςόδρα
869 3502 1240 3554 εὐωδέστατον
1276 3542 1292 3567 ,
1348 3502 1443 3554 καὶ
1496 3501 1831 3572 ἁνθεοφόρον
1882 3500 1961 3570 τῷ

387 3593 666 3661 χρώματι,
725 3593 822 3645 καὶ
884 3591 1033 3660 λέγει
1103 3593 1252 3661 αὐτῷ
1286 3632 1301 3655 ,
1353 3591 1503 3646 Λάϐε
1551 3594 1646 3645 καὶ
1680 3592 1845 3660 φάγε,
1871 3592 1961 3645 ἵνα

315 3728 325 3738 .
390 3685 624 3755 ἐπιλάϐῃ
655 3687 835 3737 πάντα
876 3685 977 3736 ὅσα
1008 3679 1143 3747 εἶδες
1183 3685 1276 3737 καὶ
1306 3684 1562 3755 ἤκουσας.
1607 3683 1666 3736 Ὀ
1686 3683 1743 3735 δὲ
1778 3682 1959 3737 λαδὼν

391 3776 612 3842 ἔφαγεν,
643 3776 736 3828 καὶ
789 3776 882 3828 ἐπὶ
916 3776 1115 3839 πολλὰς
1173 3775 1325 3848 ὥρας
1360 3777 1467 3828 άπὸ
1499 3774 1599 3844 τῆς
1640 3774 1836 3844 ἡδονῆς
1866 3773 1961 3826 καὶ

387 3866 485 3934 τῆς
514 3867 742 3936 ἀπείρου
766 3869 938 3938 χαρᾶς
960 3867 1148 3938 ὥσπερ
1174 3871 1230 3921 ἐν
1250 3867 1428 3936 ἑαυτῷ
1451 3866 1549 3920 οὐκ
1571 3865 1957 3937 ἐχρημάτιζεν.

391 3956 511 4009 ἀλλ’
540 3954 612 4026 ἢν
666 3957 856 4029 ὥσπερ
886 3960 965 4021 είς
1003 3960 1207 4031 πολλήν
1251 3974 1369 4012 τινα
1391 3959 1619 4012 εὐωδίαν
1660 3959 1755 4010 καὶ
1801 3958 1961 4023 δόξαν

388 4050 483 4099 καὶ
544 4050 909 4119 τερπνότητα.
941 4052 1036 4114 Εἰς
1088 4053 1281 4104 ἑαυτὶν
1336 4048 1432 4104 οὖν
1474 4051 1733 4118 γεγονὼς,
1770 4050 1959 4101 πίπτει

381 4142 466 4201 είς
490 4143 614 4202 τοὺς
648 4142 812 4203 πόδας
836 4140 930 4194 τοῦ
960 4143 1201 4210 μεγάλου
1263 4142 1528 4211 βασιλέως
1584 4142 1811 4203 ἐκείνου,
1866 4140 1962 4191 καί

388 4234 690 4302 παρεκάλει
712 4235 898 4301 αὐτὸν,
934 4235 1107 4301 λέγων
1126 4252 1143 4269 ο
1186 4236 1442 4307 Ἐλέησόν
1470 4252 1556 4304 με,
1608 4232 1841 4287 δέσποτά
1861 4249 1961 4302 μου

390 4322 586 4388 ἀγαθὲ,
622 4325 717 4376 καὶ
762 4325 836 4394 μὴ
868 4325 1150 4398 άποὸάλῃς
1187 4343 1254 4396 με
1287 4326 1387 4395 τῆς
1421 4325 1664 4386 δουλείας
1708 4340 1803 4376 σου
1851 4324 1962 4376 ἀπὸ

390 4412 486 4464 τοῦ
517 4415 631 4481 νῦν,
663 4418 745 4470 ὅτι
799 4417 973 4485 ἔγνων
1023 4416 1098 4480 ὡς
1129 4418 1347 4487 άληθῶς
1414 4418 1558 4472 πάνυ
1619 4416 1963 4484 γλυκύτατον

2058 472 2341 543 dixitque:
2376 472 2573 543 Accipe
2622 482 2676 527 et
2731 472 2998 525 manduca
3036 464 3133 525 :et
3206 470 3297 526 ille
3350 482 3634 543 acceptum

2060 564 2430 629 manducavit,
2483 563 2756 633 sentitque
2790 562 3065 618 absinthio
3110 562 3267 633 longe
3304 563 3484 618 acrius
3512 579 3636 618 esse

2057 657 2418 729 acerbiusque
2437 667 2676 727 gustatu,
2703 655 2847 726 quod
2868 658 2940 710 uti
2964 656 3306 710 amarissima
3339 657 3486 725 potio
3512 673 3639 712 suc-

2058 751 2284 805 cedebat
2319 751 2485 820 priori
2512 750 2836 804 suavissinio
2859 764 2921 803 ac
2940 748 3408 805 desideratissimo
3429 755 3635 821 sapori.

2060 842 2172 896 [lex
2207 842 2390 911 itaque
2419 842 2864 896 animadverteris
2907 843 2987 896 sic
3033 848 3389 902 commotum,
3418 858 3635 897 rursum

2058 935 2224 989 infit:
2267 932 2412 998 Vide,
2467 950 2631 1005 quam
2709 948 2814 987 non
2884 933 3153 989 sustineas
3218 934 3640 988 amaritudinem

2063 1028 2202 1081 banc
2224 1035 2448 1096 gustare
2474 1026 2505 1079 ‘i'
2530 1025 2740 1078 Etenim
2806 1024 2892 1078 bis
2923 1024 2976 1078 in
3015 1024 3176 1079 rebus
3212 1024 3430 1094 perfecti
3470 1025 3643 1079 fauni-

2062 1120 2209 1174 latus
2257 1119 2361 1172 mei
2392 1118 2638 1172 n0tiiiam
2688 1126 2739 1172 te
2778 1116 2999 1187 assequi
3045 1115 3148 1172 feci
3187 1119 3346 1182 ;b:ec
3405 1130 3642 1185 namque

2060 1222 2295 1281 angusta
2355 1222 2408 1267 et
2456 1210 2671 1265 tribulis
2722 1210 2901 1266 obsita
2961 1210 3045 1265 via
3104 1218 3211 1275 est,
3243 1224 3365 1281 quae
3401 1209 3545 1263 ducit
3575 1207 3641 1261 ad

2063 1311 2250 1363 vitam.

2134 1401 2220 1454 14.
2254 1400 2331 1452 Ad
2366 1400 2477 1453 haec
2504 1399 2665 1453 infert
2695 1399 2925 1453 beatus:
2958 1396 3384 1451 Acerloissimum
3420 1395 3519 1448 hoc
3548 1412 3643 1465 ge-

2064 1509 2169 1549 nus
2224 1493 2329 1547 cibi
2388 1501 2491 1555 est,
2527 1492 2746 1546 domine
2794 1492 2904 1556 mi;
2940 1491 3060 1559 quis
3096 1488 3227 1544 illud
3284 1490 3640 1551 manducans,

2065 1586 2317 1642 servierit
2344 1584 2439 1639 tibi
2472 1585 2494 1637 ?
2530 1587 2639 1638 Rex
2670 1595 2849 1639 autem
2885 1601 2899 1638 :
2933 1581 3162 1638 Sensisti
3200 1580 3639 1642 amaritudine-in,

2067 1679 2271 1749 inquit;
2312 1687 2366 1733 et
2421 1676 2759 1731 dulcedinem
2816 1690 2923 1727 non
2981 1671 3455 1728 sensistiinonne
3501 1672 3641 1725 bane

2064 1770 2231 1836 prius,
2267 1767 2462 1821 deinde
2515 1766 2661 1819 illam
2708 1764 3034 1831 gustandam
3084 1763 3247 1817 dedi?
3278 1762 3506 1825 Dedisti,
3545 1762 3642 1814 do-

2067 1861 2233 1924 mine,
2291 1858 2501 1926 reponit
2550 1859 2674 1924 ille;
2712 1873 2897 1912 verum
2936 1856 2987 1910 in
3027 1854 3390 1911 amaritudine
3409 1856 3525 1908 sola
3560 1855 3640 1909 fa-

2066 1951 2214 2001 mulo
2246 1959 2338 2003 tuo
2361 1948 2543 2001 dixisti
2582 1947 2869 2016 imaginem
2898 1948 3122 2016 proponi
3142 1946 3260 2009 vim,
3289 1944 3507 2000 tribulis
3530 1945 3642 2013 spi-

2065 2038 2258 2106 nisque
2312 2037 2524 2092 obsizze.
2567 2035 2705 2090 Tum
2761 2052 2894 2090 rex:
2953 2033 3069 2090 Non
3124 2035 3197 2089 ita
3251 2049 3310 2090 se
3342 2034 3522 2096 habet.
3548 2034 3639 2088 sed

2065 2133 2240 2185 media
2294 2130 2437 2184 inter
2489 2140 2781 2198 utrumque
2831 2128 2917 2183 via
2942 2136 3045 2194 est,
3102 2127 3299 2197 partim
3333 2125 3640 2189 dulcedine,

2065 2222 2257 2293 partim
2292 2222 2539 2275 amaritie
2565 2234 2788 2290 aspersa
2816 2235 2831 2272 :
2866 2219 2920 2272 in
2951 2233 3033 2283 eo,
3063 2217 3205 2287 quod
3238 2225 3455 2286 gustatu
3487 2229 3643 2269 ama-

2066 2329 2183 2367 rum
2222 2311 2346 2375 fuit,
2377 2312 2737 2367 certaminum
2776 2325 2839 2363 ac
2876 2310 3146 2373 laborum,
3179 2324 3297 2363 mea
3316 2322 3477 2362 causa
3514 2310 3643 2361 sub-

2063 2403 2391 2465 eundoruui,
2419 2403 2755 2471 propositum
2802 2400 2897 2453 tibi
2929 2400 3202 2469 specimen
3232 2406 3349 2463 est;
3385 2399 3438 2452 iu
3471 2399 3642 2452 altero

2067 2511 2214 2556 vero,
2258 2496 2402 2563 quod
2458 2493 2698 2561 jucunde
2755 2508 2818 2547 ac
2869 2492 3108 2546 suaviter
3168 2490 3404 2560 palatum
3443 2490 3641 2557 aﬂccil,

2065 2585 2419 2640 adumbratur
2446 2585 2631 2638 unctio
2647 2598 2710 2638 ac
2734 2584 3072 2653 refrigeratio
3091 2581 3344 2636 bonitatis
3365 2596 3520 2649 meae,
3546 2597 3643 2651 pa-

2067 2690 2181 2732 rata
2217 2677 2323 2732 illis
2357 2677 2445 2747 qui
2483 2692 2601 2730 mea
2632 2691 2795 2730 causa
2826 2675 3155 2729 teutationes
3190 2673 3492 2743 patiuntur.
3520 2671 3641 2727 Non

2066 2771 2227 2840 igitur
2253 2768 2560 2822 amaritudo
2585 2768 2720 2830 sola,
2748 2782 2855 2820 non
2887 2766 2998 2820 sola
3032 2766 3263 2820 dulcedo
3309 2765 3397 2818 bie
3427 2764 3641 2817 invenio

2066 2875 2153 2917 tur
2178 2880 2192 2927 ;
2217 2861 2310 2916 sed
2341 2861 2500 2914 modo
2526 2860 2658 2920 haec,
2688 2861 2850 2911 niudo
2903 2857 3013 2921 illa,
3043 2856 3209 2909 altera
3258 2853 3415 2908 alteri
3451 2869 3645 2907 succeo

2064 2957 2243 3017 dente,
2292 2954 2554 3007 oecurrit.
2610 2948 2665 3003 Si
2718 2950 2799 3005 vis
2840 2949 3021 3018 itaque
3061 2946 3314 3001 famulari
3371 2946 3523 3007 mihi.
3558 2944 3643 3000 fac

2064 3049 2254 3099 sciam.
2296 3040 2855 3113 ResponditAndreas
2891 3039 3116 3096 :iusere
3149 3038 3231 3092 ori
3287 3052 3408 3093 meo
3450 3053 3643 3093 rursus

2065 3142 2287 3203 eadem;
2322 3148 2372 3192 et
2431 3136 2813 3199 considerabo,
2842 3145 2894 3188 ct
2915 3134 3087 3190 dicaiu
3118 3133 3213 3188 tibi
3258 3133 3386 3203 quid
3417 3143 3643 3187 acturus

2064 3233 2189 3286 siin.
2225 3232 2283 3284 Et
2318 3229 2588 3298 praebente
2606 3242 2823 3281 rursum
2851 3225 2944 3279 illo
2986 3224 3222 3294 primum
3246 3222 3466 3293 quidem
3491 3220 3638 3291 quod

2064 3338 2228 3394 aegre,
2287 3323 2484 3377 deinde
2533 3320 2678 3391 quod
2733 3320 2974 3373 suaviter
3032 3319 3455 3371 manducantem
3514 3313 3641 3366 al'ii-

2065 3417 2278 3481 ciebat;
2335 3429 2596 3469 nauseam
2650 3411 2812 3466 etiam
2868 3409 3171 3479 graviorem
3231 3406 3640 3486 pertulitquam

2068 3512 2241 3579 prius,
2275 3517 2487 3575 gustata
2543 3502 2811 3568 amaritie,
2838 3484 3329 3569 etdixit:Nequeo
3385 3484 3641 3551 famulari

2066 3600 2187 3664 tibi,
2227 3598 2273 3652 si
2296 3599 2491 3651 talibus
2515 3594 2840 3650 vescendum
2874 3594 2975 3647 sit:
3008 3592 3057 3647 id
3091 3592 3233 3647 enim
3257 3590 3422 3644 nimis
3442 3588 3640 3643 durum

2065 3690 2431 3758 acerbumque
2500 3694 2602 3744 est.
2658 3684 2797 3739 Tum
2860 3700 2954 3740 rex
3002 3682 3313 3742 subridens,
3360 3680 3642 3750 protulite

2066 3784 2187 3837 sinu
2232 3797 2334 3836 suo
2389 3780 2540 3835 aliud
2567 3779 2673 3833 cibi
2728 3793 2899 3848 genus
2926 3776 3007 3843 ;si
3031 3775 3342 3830 consideres
3381 3776 3640 3842 speciem,

2069 3873 2451 3939 triticeum;si
2500 3880 2775 3935 naturam,
2826 3867 3362 3936 fragrantissimum;
3413 3866 3457 3921 si
3488 3864 3641 3918 colo-

2067 3961 2810 4034 rem,ﬂorigerum;etdixit
2833 3960 2905 4013 illi
2952 3958 3134 4028 :Cape
3172 3968 3227 4013 et
3252 3957 3540 4022 manduca,
3581 3964 3643 4009 ut

2065 4058 2409 4114 obliviscaris
2426 4056 2693 4118 omnium,
2715 4068 2835 4123 qua:
2854 4051 3025 4108 oculis
3045 4051 3378 4118 auribusque
3395 4047 3639 4103 sensisti.

2068 4154 2293 4221 Accepit
2350 4150 2437 4203 ille
2489 4157 2543 4201 ct
2601 4146 2883 4202 comedit:
2940 4144 3248 4212 mentisque
3286 4155 3507 4207 compos
3532 4155 3641 4208 pra:

2067 4241 2352 4298 suavitatis
2373 4238 2664 4309 gaudiique
2693 4233 2935 4290 inusitati
2959 4249 3121 4288 sensu
3154 4247 3251 4301 per
3268 4231 3449 4301 plures
3476 4232 3641 4283 ItCl‘ul

2067 4348 2175 4385 non
2209 4331 2331 4396 fuit,
2352 4344 2566 4383 mersus
2587 4326 2984 4398 quodammodo
3015 4325 3281 4377 immenso
3304 4318 3639 4389 fragrantia,

2063 4423 2270 4493 glorirc,
2339 4422 2741 4489 voluptatisque
2815 4414 3157 4470 admirabilis
3245 4414 3456 4483 pelago.
3502 4412 3637 4465 Cum

394 4505 535 4559 εἶναι
557 4510 657 4577 τὴν
708 4509 828 4563 ὁδὸν
862 4511 959 4580 τῆς
995 4510 1298 4579 ὑπηρεσίας
1333 4526 1450 4575 σου,
1494 4511 1588 4561 καὶ
1624 4507 1764 4576 πλὴν
1794 4506 1959 4575 αὐτῆς

2070 4531 2198 4568 vero
2253 4512 2355 4567 sibi
2410 4511 2649 4566 redditus
2700 4518 2865 4570 esset,
2918 4507 3116 4561 accidit
3146 4504 3212 4559 ad
3259 4505 3423 4574 pedes
3458 4502 3639 4572 magni

393 4600 493 4667 οὐχ
527 4600 792 4670 ύποκύψω
815 4601 905 4654 τὸν
934 4602 1140 4672 αὐχένα
1174 4602 1276 4672 μού
1307 4620 1437 4657 τινι.
1470 4603 1634 4670 Λέγει
1655 4599 1803 4670 αὐτῷ
1818 4601 1959 4651 ὲκεῐ-

393 4708 481 4752 νος
505 4708 520 4723 ο
552 4692 645 4752 Ei;
706 4694 863 4746 τοῦτο
884 4694 945 4747 τὸ
986 4693 1209 4763 φαιδρὸν
1267 4693 1448 4762 γεῦμα
1475 4692 1782 4762 ἐξεπλάγης
1812 4708 1826 4756 ;
1864 4691 1955 4742 πε.

390 4799 615 4836 στευσον
663 4788 720 4838 ἐν
749 4788 861 4849 τοῖς
891 4787 1118 4855 ἀγαθοῖς
1165 4790 1276 4850 τοῖς
1324 4784 1622 4855 προσοῦσίν
1654 4800 1767 4854 μοι,
1799 4785 1957 4838 τοῦτό

386 4876 504 4927 ἐστι
552 4875 614 4928 τὸ
649 4879 869 4931 πάντων
915 4879 1327 4946 εὐτελέστερον
1386 4878 1502 4930 ἀλλ’
1563 4878 1657 4930 ἐάν
1700 4893 1769 4945 με
1823 4879 1957 4929 ἁνα-

388 4968 628 5040 παύσῃς,
690 4970 866 5024 πάντα
891 4972 1137 5040 τᾶ,ὲμά,
1175 4973 1243 5023 σά
1293 4972 1451 5034 εἰσιν,
1505 4970 1598 5021 καὶ
1653 4970 1865 5036 ποιήσω
1898 4985 1958 5021 σε

389 5062 832 5133 συγκληρονόμον
875 5062 972 5131 τῆς
1024 5064 1306 5132 βασιλείας
1334 5082 1459 5131 μου.
1510 5062 1697 5114 Ταῦτα
1722 5061 1959 5131 εἰρηκὼς

385 5154 534 5223 αᾷτῴ
588 5158 618 5207 6
641 5155 893 5224 βασιλεὺς
933 5156 1223 5209 ἀπέλυσεν.
1290 5155 1557 5221 Ἕξυπνος
1587 5154 1643 5207 δὲ
1671 5156 1959 5224 γενόμενος

388 5350 635 5395 nostrum
694 5339 1024 5409 κυδομάτου,
1079 5338 1281 5393 Mazar.
1329 5338 1651 5407 κυδωμάτου
1680 5408 1685 5409 γ
1713 5337 1907 5391 habeat
1939 5356 1952 5389 ε

383 5413 721 5479 signiﬁcatur
780 5408 961 5462 autem
1024 5410 1291 5463 confectio
1334 5424 1400 5462 ex
1453 5409 1611 5461 malis
1661 5408 1955 5478 Cydoneis,

381 5490 542 5549 gustu
576 5481 891 5533 insuavibus
913 5480 1018 5533 nisi
1045 5482 1269 5533 sacéaro
1299 5479 1645 5549 condiantur.

456 5550 571 5620 r26)
604 5549 917 5620 Σιανθέντα,
962 5550 1033 5603 ita
1064 5559 1402 5620 constanter,
1427 5548 1587 5600 etiam
1626 5563 1951 5620 numkseq.

382 5631 434 5672 et
459 5616 508 5672 in
535 5635 640 5671 ius.
672 5618 811 5671 Maz.
834 5620 1183 5687 legitur.\lox
1216 5618 1403 5672 eadem
1430 5618 1669 5671 occurrit
1703 5618 1755 5670 in
1784 5616 1951 5670 Prata

384 5690 691 5757 Spirituuli,
732 5705 855 5759 cap.
886 5690 1012 5756 205,
1046 5699 1099 5744 el
1126 5692 1194 5743 ab
1234 5691 1521 5757 interprete
1553 5689 1779 5742 vertitur
1808 5705 1948 5742 cam-

2069 4608 2228 4660 istius
2281 4603 2445 4672 regis,
2497 4614 2656 4670 atque
2683 4601 2754 4654 ita
2783 4606 3035 4669 precatus
3066 4606 3148 4651 est
3181 4611 3196 4652 :
3227 4594 3482 4649 Miserere
3508 4592 3636 4655 mei.

2064 4698 2284 4753 domine
2312 4694 2579 4763 benigne;
2603 4701 2656 4746 et
2691 4692 2799 4746 noli
2835 4691 3090 4760 repellere
3125 4702 3212 4742 me
3272 4701 3340 4741 ex
3365 4693 3641 4738 momento

2064 4794 2165 4845 boc
2199 4805 2228 4844 a
2261 4787 2528 4842 famulatu
2605 4792 2700 4838 tuo
2733 4784 3024 4851 :quoniam
3074 4794 3199 4832 vere
3246 4791 3392 4831 nunc
3440 4789 3640 4844 cogno-

2063 4897 2241 4943 scens,
2266 4879 2422 4948 longe
2450 4874 2905 4947 iucundissimam
2929 4886 3048 4926 esse
3066 4872 3207 4923 viam
3242 4884 3404 4939 quatn
3443 4866 3636 4921 fainuli

2064 4975 2142 5028 tui
2190 4981 2393 5036 terunt,
2458 4986 2563 5023 nun
2637 4967 2884 5022 recedam
2917 4963 3060 5025 inde,
3095 4977 3191 5015 nec
3229 4962 3429 5015 collum
3460 4971 3637 5010 meum

2064 5064 2290 5119 alterius
2343 5063 2585 5132 cujusvis
2634 5056 2992 5127 dominijugo
3039 5055 3294 5108 subdam.
3329 5048 3395 5102 Et
3427 5062 3515 5100 rex
3544 5046 3638 5096 ito--

2065 5175 2182 5213 ruin
2213 5175 2230 5214 :
2257 5157 2404 5211 Itane
2431 5154 2495 5209 ad
2516 5153 2740 5207 modicae
2777 5149 3080 5205 dulcedinis
3104 5154 3322 5216 gustum
3349 5134 3640 5206 obstupui-

2017 5368 2038 5392 .
2066 5348 2263 5400 motus,
2305 5333 2698 5402 deduciturque
2727 5347 2756 5387 a
2791 5330 2994 5385 σιάνειν
3015 5369 3028 5389 ,
3053 5324 3382 5402 contra/iere.

2134 5391 2262 5477 (27),
2304 5391 2743 5477 Arnpliticav'erat
2770 5406 2882 5457 base
2930 5405 3114 5477 uus‘ter
3145 5396 3388 5463 longiore
3426 5391 3639 5477 pirrasi,

2062 5464 2155 5531 sed
2208 5464 2292 5530 me
2348 5464 2554 5542 judice,
2592 5475 2696 5528 hoc
2724 5475 2843 5525 loco
2887 5464 3640 5542 minuscongruanvideiicet

2060 5548 2184 5603 bac.
2212 5532 2717 5615 τοὺςβουλομένους
2742 5543 2834 5615 ἐπὶ
2857 5540 2955 5615 τὰς
2996 5536 3171 5615 πύλας
3209 5532 3311 5601 τῆς
3358 5532 3638 5615 βασιλείας

2063 5634 2165 5683 μου
2200 5634 2213 5673 :
2256 5604 2470 5670 abunde
2516 5604 2709 5675 sutlicit
2769 5614 2849 5673 είς
2902 5609 3002 5679 τὴν
3034 5607 3220 5674 ζωήν,
3259 5606 3405 5673 «μιού
3471 5604 3635 5661 liabet

2059 5688 2263 5741 Mazar.
3666 5704 3669 5725 ι
