4100 6212
379 349 480 412 657

1548 362 1721 423 ΥΙΤΛ
1762 370 1824 426 S.
1865 369 2192 431 ANDREAS
2236 374 2426 437 ΒΑΜ.

3526 375 3628 435 tibi

382 474 531 535 φίλος
566 474 753 536 αὑτοῦ,
819 474 996 529 πάντα
1056 494 1136 529 σοι
1179 479 1487 547 ἀναγγελεῖ,
1518 481 1594 545 ὡς
1630 482 1721 535 καὶ
1755 482 1822 535 τὰ
1846 483 1954 535 τῶν

2074 499 2239 544 servet
2271 507 2432 561 opera
2485 494 2622 563 ejus,
2676 494 2978 565 ingressum
3010 500 3069 547 et
3107 501 3384 561 egressum
3417 482 3441 542 ’ί
3486 492 3630 561 quod

383 564 698 632 ἀλλοτρίων.
725 567 912 621 Ταῦτα
961 570 1054 623 τοῦ
1092 573 1429 644 φουσκαρίου
1481 577 1773 646 φήσαντος,
1802 576 1949 628 ἔπεμ-

385 666 475 709 σεν
514 658 709 723 αὐτοῦς
736 659 909 725 οὕτως
940 662 1109 733 ἔχειν.

452 847 550 901 κδ’.
569 846 658 902 Ἑν
687 843 786 920 μιᾷ
819 851 875 903 δὲ
914 852 1023 907 τῶν
1055 853 1277 925 ἡμερῶν
1304 857 1646 924 διερχόμενος,
1671 857 1954 925 Μακάριος

384 940 441 991 ἓν
468 943 579 1003 τοῖς
603 942 981 1010 ἁρτοπωλίοις,
1013 948 1259 1017 συναργᾷ
1279 948 1425 1014 τρισὶ
1449 948 1748 1011 νεανίσκοις
1774 950 1958 1013 ξανθο-

385 1034 597 1101 κόμοις,
631 1034 854 1103 ὡραίοις
917 1038 1012 1091 καὶ
1050 1037 1196 1107 ψυχῇ
1225 1039 1319 1091 καὶ
1355 1037 1567 1109 σώματι
1598 1056 1613 1072 ο
1671 1038 1816 1107 εἶχον
1848 1042 1954 1110 γάρ

386 1124 596 1193 ἀγαθὴν
647 1125 912 1194 ἐργασίαν
949 1128 1010 1179 οί
1064 1129 1371 1198 μείρακες,
1424 1130 1518 1183 τοῦ
1578 1132 1956 1201 πρεσϐυτέρου

383 1212 709 1281 όδηγοῦντος
739 1216 938 1279 αὐτοὺς
966 1218 1047 1280 είς
1103 1220 1286 1272 πᾶσαν
1341 1219 1438 1289 τὴν
1468 1219 1561 1273 τοῦ
1600 1221 1737 1273 Θεοῦ
1768 1220 1961 1291 εὐαρέ-

389 1321 597 1373 στησιν.
618 1307 709 1368 Ὠς
730 1306 789 1358 δὲ
823 1310 1163 1377 συνήντησαν
1183 1310 1262 1376 τῷ
1296 1310 1479 1382 ’(ισίῳ,
1515 1313 1653 1377 ἔγνω
1681 1313 1709 1364 6
1748 1315 1961 1382 πρῶτος

396 1396 503 1448 τῶν
529 1397 745 1465 σεμνῶν
778 1399 987 1453 παίδων
1018 1401 1244 1457 ἐκείνων
1279 1404 1346 1456 τὰ
1368 1404 1497 1473 περὶ
1526 1404 1618 1457 τοῦ
1643 1400 1960 1473 Μακαρίου,

388 1489 483 1539 καὶ
517 1488 665 1555 λέγει
698 1491 808 1552 τοῖς
864 1491 1073 1561 ἑτέροις
1098 1508 1113 1523 ο
1148 1493 1481 1548 Πιστεύσατέ
1516 1513 1627 1564 μοι,
1668 1498 1961 1567 ἀγαπητοί,

390 1580 603 1633 ὑπονοῶ
630 1581 720 1635 τὸν
749 1583 909 1636 σαλὺν
929 1586 1134 1638 ἐκεῖνον
1164 1586 1351 1640 δοῦλον
1376 1587 1471 1639 τοῦ
1500 1588 1636 1641 Θεοῦ
1667 1589 1960 1658 ὑπάρχειν.

395 1674 538 1740 Ἔφη
567 1675 595 1725 ὁ
624 1672 811 1744 ἔτερος
834 1691 850 1706 ο
928 1678 1237 1746 Παρακαλῶ
1268 1696 1352 1732 σοι
1397 1679 1456 1733 ἔν
1485 1698 1589 1735 τινι
1623 1680 1773 1750 τόπῳ
1836 1698 1935 1750 μετ
1954 1680 1969 1702 ⁹

391 1763 557 1816 αὐτοῦ
594 1765 938 1835 συγκαθῆσαι
969 1767 1139 1836 ἡμᾶς.
1167 1768 1334 1836 Λέγει
1366 1773 1393 1823 ὁ
1425 1772 1658 1841 πρῶτος·
1682 1772 1743 1824 Εί
1769 1753 1963 1837 θέλείς,

2058 586 2105 636 si
2136 585 2347 640 amicus
2368 587 2490 655 ejus
2521 604 2602 651 es,
2651 588 2831 643 omnia
2863 586 2956 642 libi
2999 584 3278 646 revelabit,
3314 583 3473 637 etiam
3497 584 3629 635 alio-

2055 681 2175 726 rum
2196 686 2366 744 gesta.
2399 677 2576 748 Atque
2600 679 2700 734 bac
2716 679 2964 733 oratione
2985 675 3254 747 persuasit
3291 673 3634 729 audientibus

2055 781 2250 832 caupo.
2287 768 2360 821 ita
2396 783 2455 822 se
2490 785 2599 822 rem
2637 770 2857 824 habere.

2124 857 2211 913 24.
2255 858 2547 914 Transiens
2591 862 2824 930 quodam
2865 860 2951 915 die
2991 860 3233 915 Andreas
3282 872 3378 926 per
3432 854 3633 920 forum,

2058 952 2148 1006 ubi
2183 966 2347 1019 panes
2370 962 2625 1017 veneunt,
2656 953 2847 1007 obvios
2882 952 3071 1006 habuit
3089 960 3199 1004 tres
3238 949 3634 1011 adolescentes,

2059 1043 2271 1112 capillis
2331 1043 2484 1098 ﬂavis
2544 1044 2802 1115 insignes,
2836 1053 2943 1097 tam
2971 1044 3150 1096 anima
3208 1056 3370 1111 quam
3409 1052 3639 1105 corpore

2059 1136 2286 1191 decoros
2324 1153 2338 1189 :
2374 1136 2530 1190 bonis
2594 1137 2792 1206 quippe
2834 1134 3092 1205 operibus
3138 1140 3492 1188 assueveraut
3538 1130 3641 1184 sub

2059 1230 2307 1285 instituto
2355 1229 2538 1295 unius,
2598 1228 2692 1297 qui
2748 1238 2867 1282 erat
2917 1225 3271 1297 provectioris
3325 1224 3536 1285 aetatis,
3572 1222 3639 1275 ad

2060 1337 2222 1375 omne
2284 1322 2372 1375 Dei
2430 1319 2568 1374 bene
2628 1320 2884 1388 placitum
2936 1318 3070 1372 alios
3126 1315 3493 1370 inl‘ormantis.
3537 1313 3640 1369 Ubi

2063 1427 2191 1469 vero
2234 1415 2284 1467 lii
2320 1414 2459 1466 inter
2494 1424 2551 1467 se
2599 1421 2977 1474 occurrerunt,
3035 1404 3289 1478 cognovit
3339 1406 3644 1475 praecipuus

2064 1509 2173 1571 ille,
2235 1505 2463 1561 aliorum
2529 1505 2827 1566 iustitutor,
2900 1517 3019 1572 qua:
3043 1504 3187 1555 circa
3248 1499 3311 1553 Β.
3368 1498 3640 1551 Andream

2066 1602 2384 1667 agebantur,
2415 1598 2660 1665 dixitque
2687 1597 2851 1651 sociis
2881 1615 2895 1649 :
2939 1594 3155 1649 Credite
3195 1590 3324 1646 mihi
3352 1628 3368 1652 ,
3404 1589 3645 1645 dilectis-

2068 1692 2216 1753 simi,
2247 1692 2496 1759 SilSpiCOl‘
2558 1688 2781 1743 stultum
2817 1687 3034 1741 istliunc
3084 1685 3179 1738 Dei
3212 1682 3474 1737 famulum
3500 1694 3639 1735 esse.

2071 1786 2137 1839 Et
2171 1786 2306 1840 alter
2342 1803 2353 1837 :
2383 1784 2600 1850 Qurso,
2660 1781 2854 1851 inquit,
2920 1778 3284 1834 concedamus
3315 1774 3501 1844 aliquo
3524 1788 3644 1828 ses-

390 1856 551 1909 τοῦτο
587 1858 644 1910 ὲν
683 1862 836 1927 τάχει
884 1858 1046 1911 ποιῶ.
1107 1862 1215 1913 Καὶ
1272 1862 1419 1930 λέγει
1474 1863 1663 1932 αὐτῷ’
1718 1864 1962 1934 Ἀδελφὲ,

2074 1879 2180 1933 suri
2210 1892 2334 1932 cum
2367 1878 2504 1945 ipso.
2540 1876 2675 1929 Tum
2729 1873 2938 1943 primus
2972 1894 2983 1925 :
3018 1868 3075 1925 Si
3116 1869 3268 1932 libet,
3320 1882 3483 1937 quam
3518 1878 3643 1919 mox

393 1952 613 2020 ἀγαπᾷς
670 1969 760 2021 με,
788 1951 949 2027 δεῦρο
984 1953 1335 2022 συγκάθησον
1377 1954 1498 2023 μεθ’
1543 1955 1720 2023 ἡμῶν,
1747 1957 1831 2009 ὅτι
1857 1956 1968 2025 ἐγὼ

393 2043 593 2107 ἁγαπώ
621 2059 704 2105 σε,
734 2043 830 2095 καὶ
876 2044 925 2095 oi
958 2044 1075 2113 μετ’
1103 2044 1236 2113 ἐμοῦ
1271 2044 1391 2097 λίαν
1418 2046 1676 2101 ποθοῦσίν
1706 2065 1786 2103 σε.
1820 2050 1965 2103 Ἰδὼν

394 2134 450 2184 δὲ
478 2132 610 2184 αὐτὸ
652 2133 982 2197 ἐμειδίασεν,
1035 2137 1129 2188 καὶ
1179 2135 1328 2203 λέγει
1357 2137 1507 2207 αὐτῷ
1534 2139 1592 2204 ἐξ
1656 2139 1916 2209 ὀνόματος
1948 2157 1965 2174 ο

396 2226 467 2277 Σὺ
510 2220 560 2277 εἷ
600 2226 917 2293 Ἐπιφάνιος
954 2227 980 2278 ὁ
1039 2228 1194 2294 φίλος
1234 2246 1359 2298 μου,
1405 2231 1500 2282 καὶ
1566 2230 1663 2283 σὺν
1703 2234 1780 2301 τῷ
1826 2232 1969 2303 λόγῳ

397 2319 678 2385 ἠσπάσατο
744 2320 927 2384 αὐτὸν,
987 2323 1371 2394 προϐλεπτικῷ
1419 2323 1630 2393 ὄμματι
1679 2327 1738 2379 τὸ
1774 2327 1969 2392 μέλλον

398 2412 757 2481 προσημάνας
799 2414 1049 2480 γίνεσθαι
1076 2416 1166 2466 ἐπ’
1199 2416 1384 2470 αὐτόν’
1434 2418 1537 2486 τῆς
1561 2418 1669 2489 γὰρ
1700 2419 1969 2489 βασιλίδος

397 2504 506 2553 τῶν
542 2502 750 2555 πόλεων
796 2503 1096 2558 ἐπίσκοπον
1126 2507 1429 2574 γεγονέναι.
1467 2510 1970 2580 Χειροκρατοῦντες

398 2596 455 2647 δὲ
479 2597 780 2666 ἀμφότεροι
840 2601 999 2668 χεῖρα
1055 2600 1194 2667 πρὸς
1230 2602 1407 2669 χεῖρα,
1441 2595 1604 2671 ἦλθον
1653 2604 1790 2672 πρὸς
1843 2602 1970 2665 τοὺς

398 2685 491 2737 δύο
519 2687 731 2750 παῖδας,
765 2690 855 2740 καὶ
883 2690 1179 2759 διηγήσατο
1214 2691 1376 2753 αὐτὸς
1410 2693 1437 2743 ὁ
1484 2691 1822 2761 Ἐπιφάνιος,
1852 2692 1972 2755 πῶς

401 2779 459 2840 ἐξ
499 2780 762 2847 ὀνόματος
826 2780 1086 2835 ἐκάλεσεν
1142 2783 1326 2837 αὐτόν.
1394 2784 1461 2836 Ui
1524 2784 1583 2837 δὲ
1639 2784 1973 2849 ἀκούσαντες

400 2869 596 2931 ταῦτα,
623 2870 845 2922 πλείονα
876 2871 969 2922 τὸν
1004 2869 1167 2924 πόθον
1212 2873 1304 2925 καὶ
1333 2872 1431 2942 τὴν
1458 2874 1641 2927 πίστιν
1676 2875 1755 2937 εἰς
1808 2874 1972 2929 αὐτὸν

401 2962 781 3015 ἀνατέθεικεν.
815 2964 1164 3027 Είσελθόντες
1188 2960 1281 3018 οῦν
1310 2966 1366 3018 ἐν
1411 2967 1492 3019 ἐνὶ
1524 2967 1633 3019 τῶν
1665 2968 1972 3037 καθαροπο-

399 3053 550 3116 τίων,
601 3053 885 3124 ὠνήσαντο
944 3056 1107 3127 ἄρτον
1168 3058 1263 3110 καὶ
1311 3056 1455 3112 οἶνον
1513 3060 1609 3112 καί
1664 3059 1842 3129 ἰχθὺν,
1876 3058 1972 3112 καὶ

2070 1968 2121 2021 id
2184 1969 2434 2024 eti‘ectum
2493 1966 2728 2028 dedero;
2785 1976 3196 2031 conversusque
3245 1959 3311 2014 ad
3342 1966 3643 2013 sanctum:

2070 2060 2279 2121 Frater,
2306 2059 2399 2122 ait,
2445 2058 2488 2112 si
2532 2071 2616 2110 me
2653 2071 2826 2119 amas,
2854 2054 3041 2108 adesto
3076 2052 3182 2105 ltuc
3214 2048 3516 2105 et'couside
3548 2062 3649 2100 uo-

2073 2154 2303 2214 biscum,
2360 2150 2483 2220 quia
2541 2164 2640 2217 ego
2675 2157 2726 2201 te
2773 2146 2962 2215 diligo,
3009 2144 3143 2199 et-bi
3179 2140 3392 2197 sodales
3422 2138 3527 2194 mei
3566 2148 3648 2192 te-

2072 2252 2265 2302 nentur
2314 2241 2580 2297 desiderio
2631 2240 2729 2293 tui.
2758 2239 2993 2293 intuitus
3032 2233 3348 2289 invitantem
3380 2231 3648 2296 Andreas,

2072 2337 2226 2398 risit;
2256 2350 2319 2388 ac
2351 2331 2669 2387 nominatim
2695 2330 2871 2397 ipsum
2897 2325 3273 2394 compellans;
3312 2319 3420 2386 Tn,
3445 2320 3647 2390 inquit,

2073 2424 2405 2496 Epiphanius
2430 2440 2510 2488 es,
2536 2423 2744 2476 amicus
2776 2435 2953 2473 meus.
2990 2417 3108 2483 Quo
3138 2413 3649 2481 dictoamplexatus

2068 2518 2348 2587 juvenem,
2410 2515 2460 2569 id
2490 2512 2633 2583 quod
2678 2512 2916 2565 futurum
2939 2516 3056 2562 erat
3083 2505 3409 2576 praevidens,
3448 2500 3652 2576 signiﬁ-

2073 2612 2213 2664 cavit
2273 2606 2409 2668 fore,
2464 2616 2523 2659 ut
2585 2603 2762 2667 urbis,
2806 2614 2934 2670 qua:
2988 2600 3130 2653 inter
3160 2596 3305 2650 aliast
3350 2594 3426 2648 uti
3464 2592 3649 2660 regina

2071 2704 2295 2765 eminet,
2325 2700 2615 2770 episcOpus
2655 2702 2954 2750 crearetur.
2989 2692 3054 2746 Et
3088 2698 3334 2745 tenentes
3386 2686 3525 2741 alter
3571 2686 3648 2738 al-

2076 2793 2245 2847 terius
2280 2804 2501 2843 manum
2535 2793 2883 2841 accesserunt
2934 2781 3002 2836 ad
3064 2781 3201 2835 alios
3261 2777 3401 2833 duos
3432 2776 3648 2831 adoles-

2074 2894 2277 2947 centes,
2323 2880 2668 2949 narravitque
2718 2874 3077 2946 Epiphanius,
3152 2869 3429 2942 quomodo
3471 2869 3648 2938 ipsunt

2076 2995 2173 3035 suo
2223 2978 2442 3032 nomine
2465 2973 2884 3042 compellasset:
2919 2983 3030 3039 quo
3076 2966 3264 3021 audito
3318 2964 3416 3029 illi,
3449 2964 3648 3018 ardenv

2075 3071 2228 3125 tiore-
2261 3064 2577 3121 inﬂammati
2633 3061 2902 3118 desiderio
2947 3057 3206 3119 hominis,
3275 3054 3535 3125 majorem
3594 3054 3648 3107 in

402 3145 724 3213 παρέθηκαν
752 3150 829 3209 είς
887 3148 1148 3202 ἑστίασιν.
1208 3149 1355 3203 Ἰδὼν
1383 3151 1439 3203 δὲ
1465 3152 1492 3202 ὁ
1517 3152 1701 3213 "Osco;
1729 3152 1827 3221 τὴν
1884 3154 1969 3206 πί-

2077 3162 2194 3231 ipso
2230 3157 2482 3213 ﬁduciam
2516 3154 2871 3209 collocarunt.
2898 3150 3267 3218 [ingredientes
3292 3149 3475 3215 itaque
3496 3160 3646 3199 mito-

408 3245 524 3289 attv
573 3239 773 3300 αὐτῶν,
827 3241 997 3310 ἐχάρη
1026 3242 1200 3311 χαράν
1247 3243 1509 3312 μεγάλην,
1546 3244 1637 3295 καὶ
1662 3239 1730 3314 ἦν
1770 3245 1966 3313 ὑποψι-

405 3330 638 3400 Θυρίζων
666 3332 743 3402 τῷ
775 3334 1003 3401 στόματι
1061 3334 1128 3387 δι’
1161 3334 1326 3403 εὐχῆς
1368 3334 1503 3404 πρὸς
1545 3334 1638 3389 τὸν
1694 3336 1827 3389 Θεὸν
1868 3337 1967 3407 τὴν

407 3422 777 3494 προσαγωγὴν
802 3425 981 3477 αὐτῶν
1011 3425 1270 3489 ἀναθείςο
1312 3423 1413 3479 εἷθ’
1457 3426 1631 3490 οὕτως
1685 3428 1793 3481 τῶν
1835 3446 1967 3497 προ-

410 3514 741 3583 τεθειμένων
790 3516 1072 3586 μετέσχεν,
1104 3517 1228 3578 δοὺς
1272 3517 1510 3580 καὶτοῖς
1559 3515 1700 3580 νέοις
1736 3518 1967 3580 οἰκείαις

405 3606 611 3676 χερσίν.

476 3899 577 3946 κε’.
610 3889 966 3961 ’Ᾱληθινδντὺ
996 3891 1171 3963 ῥῆμα,
1198 3891 1493 3962 ἀγαπητοὶ,
1519 3893 1612 3945 καὶ
1646 3875 1854 3957 πιστδνξ
1890 3892 1973 3963 ὅτι

404 3984 468 4037 τὸ
497 3984 670 4055 ἣμισυ
700 3982 795 4035 τοῦ
839 3984 1184 4053 παξαματίου
1220 3983 1409 4054 ήσθιεν
1442 3983 1570 4053 ὅλην
1596 3984 1693 4053 τὴν
1741 3962 1973 4054 ἡμέραν,

407 4077 544 4144 ὅπερ
575 4078 670 4127 καὶ
719 4075 879 4131 τοῦτο
932 4076 1235 4147 πεποίηκεν
1293 4076 1466 4147 βραχύ
1493 4096 1544 4129 τι
1600 4078 1887 4146 μετασχὼν
1916 4077 1976 4141 ἐξ

408 4167 605 4232 αὐτῶν,
642 4168 807 4231 ἐάσας
842 4167 910 4221 τὰ
968 4168 1188 4220 πλείονα
1215 4169 1273 4219 ὲν
1298 4170 1363 4239 τῇ
1392 4168 1640 4239 τραπέζῃ
1664 4186 1678 4200 ·
1739 4170 1881 4223 οἴνου
1922 4169 1979 4222 δὲ

412 4260 571 4328 ἡνίκα
601 4269 683 4321 τις
707 4259 875 4312 ἐδίδου
909 4259 1079 4329 αὐτῷ,
1111 4263 1257 4312 πιεῖν
1285 4261 1383 4313 οὐκ
1408 4260 1651 4325 ἐφείδετο
1678 4276 1692 4290 ·
1729 4260 1821 4328 ἀφ’
1853 4262 1981 4313 ἑαυ-

409 4352 502 4405 τοῦ
535 4352 643 4421 γὰρ
666 4353 777 4405 οὐκ·
810 4352 993 4405 ἔπινεν
1021 4351 1260 4417 πώποτε,
1284 4354 1377 4405 ἐὰν
1408 4352 1481 4421 μή
1503 4368 1586 4414 τις
1627 4354 1786 4405 αὑτὸν
1804 4354 1979 4422 τούτῳ

411 4446 681 4499 ἐπότισεν.
718 4446 797 4497 Δι’
842 4440 977 4514 ὕλης
1018 4446 1075 4499 δὲ
1120 4447 1218 4515 τῆς
1274 4445 1566 4515 ἑϐδομάδος
1610 4446 1895 4509 πολλάκις,
1943 4448 1975 4519 ἢ

2076 3252 2279 3324 polium
2312 3245 2577 3316 coemptis
2610 3260 2769 3314 pane,
2794 3242 2921 3297 vino
2953 3256 3017 3296 ac
3042 3240 3298 3310 piscibus,
3338 3237 3647 3294 convivium

2068 3347 2354 3414 pararunt,
2414 3353 2649 3406 cumque
2710 3335 2867 3390 ﬁdem
2909 3348 3098 3388 eorum
3152 3339 3503 3399 cognosceret
3538 3328 3652 3383 An-

2068 3437 2249 3498 dreas,
2306 3430 2508 3502 ingenti
2556 3426 2811 3499 perfusus
2866 3418 3086 3495 gaudio,
3131 3423 3237 3477 leni
3278 3422 3391 3477 oris
3416 3435 3647 3475 susurru

2070 3527 2207 3582 fusis
2259 3524 2324 3579 ad
2386 3522 2553 3577 Deum
2585 3519 2855 3589 precibus,
2893 3516 3192 3586 profectum
3231 3514 3301 3569 ine
3332 3513 3532 3575 virtute
3559 3511 3653 3580 ju-

2072 3632 2269 3673 veuum
2346 3614 2393 3669 ei
2474 3608 2931 3672 commendavit;
3004 3607 3203 3661 deinde
3270 3604 3421 3659 cibos
3482 3618 3655 3673 appo-

2074 3713 2211 3768 sitos
2268 3706 2520 3775 sumpsit,
2563 3720 2627 3759 ac
2665 3703 2743 3757 eis
2777 3702 2942 3758 etiam
2975 3699 3216 3771 porrexit
3266 3696 3499 3768 propriis
3535 3711 3653 3751 ma—

2077 3806 2258 3859 nibus.

2142 3897 2232 3950 25.
2272 3896 2402 3949 Vera
2428 3893 2621 3960 loquor
2646 3900 2705 3945 et
2736 3890 2839 3944 nde
2878 3888 3065 3954 digna,
3107 3884 3482 3949 dilectissimi;
3542 3891 3659 3938 toto

2079 3989 2163 4043 die
2220 4002 2325 4041 non
2388 3982 2749 4037 manducabat
2787 3980 3032 4034 Andreas
3082 3976 3316 4031 medium
3351 3975 3462 4044 (44)
3491 3990 3657 4043 ρειχιι·

2082 4079 2344 4142 matium;
2408 4076 2569 4143 idque
2639 4072 2893 4129 faciebat.
2957 4068 3251 4139 pauxillum
3330 4064 3533 4134 aliquid
3585 4078 3652 4117 ex

2082 4169 2346 4239 appositis
2392 4162 2752 4233 deeerpendo,
2784 4158 3060 4231 plerisque
3116 4157 3168 4209 in
3203 4168 3389 4208 mensa
3426 4150 3651 4205 relictis.

2080 4266 2215 4319 Cum
2272 4262 2394 4331 quis
2456 4258 2505 4313 ei
2554 4257 2741 4310 vinum
2792 4251 3122 4322 porrigebat,
3160 4248 3345 4302 bibere
3370 4260 3475 4300 non
3499 4242 3659 4297 dubi-

2084 4357 2228 4411 tabat
2258 4373 2270 4407 :
2304 4356 2347 4407 si
2396 4352 2575 4406 nullus
2619 4346 2906 4418 praeberet,
2964 4359 3071 4397 non
3121 4338 3341 4396 bibebat
3390 4350 3653 4405 unquam.

2084 4447 2198 4502 Non
2232 4458 2356 4498 raro
2385 4442 2526 4497 binis
2559 4440 2790 4495 ternisve
2816 4436 3027 4499 diebus,
3069 4443 3474 4499 nonnumquam
3520 4426 3657 4480 beb-

411 4536 497 4589 διὰ
512 4537 604 4589 δύο
641 4537 674 4607 ἢ
705 4538 873 4608 τριῶν
898 4537 1142 4607 ἡμερῶν,
1170 4537 1319 4598 τινὸς
1333 4538 1432 4590 οὐκ
1463 4536 1704 4603 ἐγεύετο’
1733 4536 1922 4606 ἐπειδὴ
1948 4517 1969 4587 ό

2080 4535 2309 4591 domada
2339 4541 2449 4587 tota
2463 4529 2609 4585 omni
2639 4529 2760 4582 cibo
2787 4523 3093 4580 abstinebat
3126 4535 3394 4589 :cumque
3426 4517 3657 4572 Satanas

413 4632 647 4693 σατανᾱς
673 4629 800 4692 τοὺς
840 4629 1096 4691 πλείονας
1120 4629 1421 4698 ὲσκλήρυνε
1471 4628 1566 4680 τοῦ
1605 4629 1803 4696 μηκέτι
1836 4643 1978 4697 παρ-

412 4720 557 4788 έχειν
579 4738 633 4773 τι
662 4721 834 4791 αὐτῷ,
869 4721 1031 4783 αὐτὸς
1065 4721 1121 4773 δὲ
1153 4722 1250 4774 οὐκ
1296 4720 1438 4791 ᾔτει,
1488 4720 1583 4771 καὶ
1613 4719 1767 4772 οὐδὲν
1787 4716 1977 4786 ἐκομί-

409 4813 547 4878 ζετο.
587 4814 849 4876 Πολλάκις
897 4813 1007 4883 γὰρ
1068 4812 1174 4865 ὑπὸ
1232 4813 1391 4881 δίψης
1446 4811 1725 4878 ἐφλέγετο,
1781 4810 1874 4861 καὶ
1902 4809 1975 4879 μὴ

409 4902 547 4971 ἔχων
587 4902 637 4954 τί
673 4901 1091 4971 εἰσπράξασθαι,
1148 4902 1419 4971 εὑρίσκων
1480 4901 1684 4967 πηλὸν,
1746 4899 1975 4951 ὑδόστα-

409 5010 500 5046 τον
557 4994 671 5061 ἐπὶ,
707 4994 807 5062 τῆς
864 4994 1139 5063 λεωφόρου
1184 4994 1258 5057 ὼς
1306 4994 1413 5046 ἀπὸ
1464 4993 1622 5045 ὑετοῦ
1696 4990 1979 5058 γεγονότα,

388 5086 607 5139 -κλίνων
666 5087 728 5138 τὸ
774 5088 928 5154 γόνυ,
977 5085 1214 5155 ὲνεφύσα
1252 5085 1402 5154 αὐτῷ
1455 5084 1816 5155 σταυροειδῶς
1841 5084 1981 5152 τρὶς,

416 5181 505 5231 καὶ
545 5178 718 5243 οὓτως
744 5178 876 5231 αὐτὸ
902 5179 1106 5244 ἔπινεν,
1138 5178 1278 5232 ὥστε
1323 5177 1659 5248 Θεωροῦντας
1692 5177 1818 5239 τοὺς
1842 5192 1983 5245 παρα

412 5407 427 5413 ,
505 5358 594 5423 Η)
627 5358 761 5410 Aliis
786 5356 1163 5425 paximatium,
1194 5354 1576 5423 paxamidium,
1601 5362 1653 5407 et
1683 5368 1978 5425 primitias;

412 5427 477 5478 de
527 5442 638 5494 quo
664 5426 883 5478 Snidas.
920 5425 1009 5476 Bis
1034 5437 1223 5479 coctus
1267 5425 1442 5493 panis,
1467 5425 1559 5494 qui
1600 5425 1738 5491 apud
1774 5424 1977 5476 [ionia-

412 5512 533 5556 tius,
592 5510 785 5564 nempe
858 5494 1209 5564 Byzantinus,
1252 5503 1311 5564 ut
1366 5495 1478 5545 vult
1508 5493 1724 5564 Lipsius
1781 5494 1978 5564 dicitur

411 5579 689 5641 paxiimas.
723 5561 915 5641 Plura
938 5562 1325 5641 _de__liac_»voee
1353 5564 1623 5641 congessit
1654 5561 1974 5641 Rosweidus

413 5636 463 5685 in
498 5634 851 5688 Onomastieu
886 5636 950 5688 ad
983 5635 1128 5695 Vitas
1164 5634 1402 5688 Patrum.
1439 5635 1673 5686 Arduam
1726 5647 1853 5685 vero
1881 5633 1976 5683 ab.

413 5703 724 5757 stiueniiam
799 5702 969 5757 fuisse
1021 5707 1166 5759 illam
1219 5704 1685 5765 Andreteunedio
1708 5701 1972 5771 quotidie.

418 5786 522 5824 non
586 5773 725 5841 plus,
759 5774 1066 5843 pasamatio
1102 5775 1388 5841 vescentis,
1422 5773 1623 5843 patebit
1674 5789 1735 5827 ex
1778 5772 1968 5826 [iullini

2089 4627 2449 4697 plurimorum
2485 4620 2701 4684 animis,
2758 4627 2815 4672 ut
2850 4632 2917 4670 ne
2956 4613 3085 4684 quid
3125 4620 3413 4682 erogarent
3435 4609 3508 4663 illi
3544 4626 3658 4663 am-

2083 4721 2248 4789 plius,
2303 4714 2722 4771 obstinationem
2784 4709 3106 4769 induxisset,
3168 4720 3230 4759 ac
3284 4704 3400 4772 ipse
3438 4717 3654 4757 omnem

2084 4809 2298 4881 petendi
2357 4822 2543 4862 curam
2592 4804 2892 4873 abjiceret;
2947 4795 3079 4854 nihil
3117 4798 3414 4869 quidquam
3465 4794 3532 4849 ad
3559 4810 3656 4849 su.

2085 4902 2467 4957 stentationem
2505 4895 2821 4965 accipiebat.
2874 4891 3007 4946 Hinc
3033 4890 3330 4959 saepissime
3358 4886 3447 4943 siti
3487 4894 3655 4940 aestu-

2091 5010 2210 5055 ans,
2241 5002 2294 5047 et
2320 4991 2446 5060 quid
2474 4988 2685 5043 consilii
2718 4994 2936 5055 caperet
2965 4984 3243 5053 ignorans,
3276 4989 3489 5049 repertu
3517 4976 3656 5032 forte

2090 5086 2141 5137 in
2170 5084 2340 5152 platea
2370 5082 2479 5134 luto
2498 5093 2636 5148 aqua
2652 5078 2830 5148 pluvia
2869 5077 3116 5139 subacto,
3158 5073 3418 5129 curvabat
3445 5081 3653 5140 genua;

2092 5192 2153 5230 ac
2189 5172 2602 5229 tet-numerueis
2623 5172 2835 5242 signum
2894 5169 3148 5225 instando
3212 5166 3475 5228 formans,
3529 5160 3656 5214 inde

2091 5354 2182 5408 lib.
2218 5368 2297 5414 In,
2331 5366 2482 5404 num.
2511 5350 2601 5417 3|,
2638 5348 2727 5403 ubi
2765 5347 3091 5417 singularem
3151 5343 3339 5417 Pioris
3374 5341 3650 5417 abstinen-

2089 5424 2216 5476 tiam
2252 5422 2551 5477 iusinuans.
2587 5414 2639 5471 ἰ
2679 5414 2911 5472 Tantum
2968 5429 3159 5476 unum,
3192 5414 3389 5482 inquit,
3414 5414 3655 5480 paxima-

2088 5494 2218 5545 tium
2251 5502 2304 5545 et
2336 5492 2771 5564 quinqueolivas
2799 5490 2849 5539 in
2884 5487 3007 5564 cibo
3045 5483 3367 5564 accipiebat,
3410 5502 3429 5528 ι
3468 5484 3655 5552 (μιοιί-

2085 5563 2194 5623 die,
2228 5570 2285 5614 ut
2333 5554 2501 5615 reor.’
2534 5560 2627 5613 Hic
2677 5569 2854 5611 autem
2883 5555 3076 5607 Noster
3118 5554 3342 5609 dimidio
3369 5564 3654 5609 contentus

2084 5641 2200 5685 erat
2231 5649 2244 5686 ε
2273 5632 2405 5690 imo,
2474 5633 2548 5683 nti
2606 5643 2727 5683 mox
2780 5626 3053 5688 subditur,
3088 5624 3312 5679 biduum
3350 5624 3656 5677 tridnnmve

2084 5700 2581 5825 ﬁt‘ltebdomadazn
2640 5697 2930 5763 aliquando
2980 5703 3148 5750 totam
3196 5696 3415 5764 jejunus
3457 5696 3659 5748 transi-

2120 5790 2146 5825 at
2180 5811 2191 5825 .

2120 5780 2191 5826 at.
