4100 6212
377 298 474 360 661

1545 305 1726 368 νΙΤΑ
1766 309 1830 368 S.
1873 306 2202 365 ANDREJE
2238 306 2427 364 ΒΑΗ.

3509 299 3614 358 602
3654 324 3661 333 ·

375 407 679 479 τράπεζαν,
738 413 883 473 ὅπως
943 414 1359 486 εὐφρανθῶμεν.
1407 416 1550 486 Ἐγὼ
1606 419 1663 473 δὲ
1688 417 1748 471 τὸ
1796 420 1946 490 ῥῆμα

2069 428 2265 474 :cssent
2328 420 2595 486 lacrymz'e,
2647 425 2731 471 est
2781 417 2926 486 quod
2956 416 3048 471 tibi
3095 434 3330 475 narrem.
3359 424 3457 480 Ubi
3489 442 3622 482 cou-

375 501 638 570 άκούσας,
661 505 970 572 προσέταξα
1001 507 1155 560 τοῦτο
1176 509 1452 578 γενέσθαι.

449 777 556 849 κη’.
594 780 1018 853 Ἀσχολουμένου
1049 786 1104 838 δὲ
1140 777 1234 839 τοῦ
1270 785 1456 853 παιδὸς
1487 791 1612 861 περὶ
1645 788 1743 862 τῆς
1770 786 1952 847 διατα-

378 874 501 940 γῆς,
527 871 675 941 λέγει
708 875 850 942 μοιὸ
889 877 1111 940 Δίκαιος
1132 895 1147 910 ο
1201 880 1430 944 Ὄντως,
1455 881 1584 951 κὺρι
1615 882 1813 952 ἀδελφέ
1848 901 1948 952 μου

379 962 703 1032 γλυκύτατε,
721 967 1048 1036 διατίςοῦτως
1071 971 1156 1022 ἐπ’
1179 972 1300 1038 ἐμοὶ
1322 974 1587 1042 ὴγωνίας,
1605 978 1830 1045 νομίσας
1844 975 1952 1028 ἀπὸ

379 1053 478 1106 τοῦ
512 1054 714 1124 κρύους
737 1057 990 1110 τεθνάναι
1030 1076 1118 1127 με,
1149 1059 1224 1121 ὡς
1257 1059 1502 1125 ἆπχντας
1525 1062 1651 1125 τοὺς
1690 1061 1952 1133 ἀδελφούς

383 1161 486 1214 μου
534 1147 629 1198 καλ⁸
649 1149 1018 1217 συμπειθητας,
1051 1152 1164 1202 Οὐκ
1192 1145 1351 1205 οἶσθα
1385 1153 1467 1205 ὅτι
1529 1155 1795 1223 φυλάσσει
1827 1157 1943 1209 Κύο

383 1255 498 1308 ριος
527 1239 652 1302 τοὺς
691 1241 1022 1307 ἀγαπῶντας
1078 1244 1262 1308 αὐτὸν,
1307 1245 1404 1298 καὶ
1431 1247 1512 1297 ὅτι
1547 1247 1716 1314 ἐγγὺς
1744 1249 1949 1319 Κίριος

379 1331 493 1393 τοῖς
525 1332 1011 1400 συντετριμμένοις
1050 1336 1115 1403 τῇ
1167 1334 1365 1405 καρδίᾳ
1394 1374 1409 1398 ,
1459 1337 1553 1389 καὶ
1589 1338 1715 1399 τοὺς
1757 1353 1954 1390 τιπει-

381 1421 508 1484 νοῦς
568 1421 648 1492 τῷ
679 1423 950 1491 πνεύματι
1006 1425 1170 1489 σώζει
1204 1444 1219 1492 ;
1247 1428 1360 1480 Οὐκ
1389 1425 1565 1492 οἶσθα,
1601 1429 1682 1481 ὅτι
1720 1432 1747 1482 ὁ
1781 1427 1955 1482 εἰπὼν

378 1515 446 1582 τῇ
472 1515 576 1583 ἐμῇ
608 1515 955 1584 ὲλεεινότητι,
1007 1518 1130 1569 Ὅτι
1173 1518 1270 1572 ἐὰν
1323 1520 1606 1590 eloti/61w;
1656 1521 1954 1592 ἀγαπήσῃς

385 1623 475 1674 με,
517 1604 716 1672 γνώσει
750 1607 850 1665 τὰς
905 1608 1112 1678 δωρεάς
1147 1627 1271 1678 μου,
1305 1611 1400 1664 καὶ
1452 1613 1550 1680 τὴν
1603 1613 1804 1683 πολλὴν
1851 1630 1953 1665 παι

383 1697 660 1768 ραμυθίαν
721 1698 818 1769 τὴν
862 1697 920 1764 ἐξ
969 1699 1106 1769 ἐμοῦ
1165 1711 1248 1755 σοι
1315 1703 1655 1774 γινομένηνς
1717 1703 1808 1776 Μὴ
1834 1699 1998 1776 οῦν.;

382 1791 503 1857 φίλε
544 1806 672 1858 μου,
723 1794 830 1845 ἀπὸ
856 1790 951 1842 τοῦ
979 1791 1074 1845 νῦν
1111 1803 1164 1846 τι
1188 1792 1434 1846 τοιοῦτον
1477 1795 1611 1864 περὶ
1654 1795 1788 1866 ἐμοῦ
1816 1797 1951 1849 ὑποο

381 1878 625 1947 λάμσανε
670 1880 729 1932 τὸ
765 1879 990 1933 σύνολον
1014 1896 1028 1912 ·
1061 1882 1275 1954 μεγάλη
1305 1883 1414 1955 γάρ
1440 1885 1586 1954 χαρὰ
1611 1889 1726 1949 τοῖς
1748 1885 1914 1956 ὁλοψῦ
1931 1916 1951 1930 ο

382 1988 492 2038 γως
528 1972 621 2023 καὶ
655 1971 966 2040 ὁλοτρὸπως
996 1972 1076 2036 εἰς
1097 1974 1232 2027 θεὸν
1289 1975 1626 2042 ἐλπίζουσιν,
1661 1978 1756 2030 καλ⁸
1795 1979 1851 2030 ἐν
1877 1976 1953 2046 τῷ

381 2061 478 2113 νῦν
510 2061 666 2114 αἰῶνι
728 2066 822 2115 καὶ
847 2064 909 2115 ἐν
957 2063 1034 2134 τῷ
1086 2063 1354 2133 μέλλοντι.
1390 2067 1576 2120 Ταῦτα
1609 2068 1744 2138 ἐμοῦ
1788 2067 1954 2122 ἀκού·

386 2168 600 2215 σαντος,
665 2152 937 2206 ὑπέλαϐον
963 2156 1020 2207 ἐν
1047 2158 1113 2225 τῇ
1141 2157 1350 2227 διανοίᾳ
1377 2175 1429 2210 τι
1477 2158 1956 2231 θαυματοΰργημα

385 2245 671 2312 γεγονέναι
698 2246 777 2307 εἰς
809 2245 976 2298 αὑτὸν
1003 2248 1084 2312 εἰς
1111 2246 1211 2318 τὴν
1243 2249 1502 2319 τοιαύτην
1551 2252 1823 2320 ἀνάγκην,
1860 2254 1957 2306 καὶ

383 2336 475 2390 διὰ
499 2337 658 2396 τοῦτο
682 2339 778 2391 καὶ
844 2337 1008 2403 αὐτὸς
1061 2339 1238 2394 ταῦτά
1271 2359 1362 2410 μοι
1390 2342 1634 2414 εἴρηκεν.
1673 2343 1957 2414 Ἥρξάμην

384 2429 444 2481 δὲ
477 2424 837 2497 γ’λυκυτάτοις
906 2431 1087 2499 λόγοις
1147 2431 1429 2504 ὁμαλίζειν
1460 2435 1802 2504 καταφιλῶν,
1863 2438 1959 2494 καὶ

388 2521 628 2588 γνησῗως
681 2518 990 2592 ἐπερωτᾷν,
1028 2522 1176 2591 λέγω
1238 2525 1375 2594 πρὸς
1432 2524 1630 2578 αὐτόν’
1666 2525 1764 2592 Σὺ,
1801 2525 1960 2597 κῦρεέ

392 2630 520 2678 μου,
544 2613 661 2673 πῶς
687 2613 872 2682 διῆγες
900 2617 958 2667 ὲν
979 2618 1096 2679 ταῖς
1126 2613 1358 2686 ἡμέραις
1382 2616 1480 2684 τῆς
1503 2617 1747 2688 ἀνάγκης
1769 2635 1783 2683 ;
1811 2619 1960 2689 ὁρκῶ

389 2704 482 2757 τὸν
512 2704 645 2758 Θεὸν
707 2704 804 2759 τοῦ
846 2707 1076 2777 οὐρανοῦ
1113 2708 1209 2760 καὶ
1239 2708 1336 2778 τῆς
1361 2709 1486 2779 γῆς,
1521 2710 1595 2779 μὴ
1633 2710 1959 2782 ἀποκρύψῃς

391 2810 462 2866 με
493 2795 560 2848 τά
592 2797 868 2866 παράδοξα
899 2798 966 2851 τὰ
995 2799 1074 2864 είς
1105 2798 1165 2853 σὲ
1192 2800 1457 2868 γεγονότα
1515 2802 1580 2855 ἐκ
1631 2801 1790 2858 Θεοῦ.

463 2885 568 2940 κθ’.
612 2886 670 2939 Ὀ
695 2887 751 2941 δὲ
793 2888 1080 2958 Μακάριος
1128 2889 1275 2959 λέγει
1300 2906 1320 2922 υ
1377 2891 1501 2944 Φίλε
1534 2909 1634 2962 μου
1667 2895 1724 2946 ἐν
1749 2894 1962 2966 Κυρίῳ,

390 2977 499 3030 τιιοῦ
559 2975 704 3048 εἶχεν
735 2979 894 3043 σαλὺς
925 2983 1018 3032 καὶ
1056 2981 1245 3052 εξηχος
1297 2982 1613 3053 διατρίϐειν,
1641 2985 1672 3055 ἢ
1706 2984 1780 3056 μὴ
1809 2987 1866 3039 ὲν
1896 2989 1961 3055 τῇ

393 3069 588 3140 tinxi;
641 3072 736 3123 καὶ
788 3073 848 3124 ἐν
895 3072 1015 3135 ταῖς
1069 3073 1510 3142 ἐμπαίξοσὺναις
1564 3075 1751 3142 αὐτοῦ,
1780 3076 1964 3140 καθὼς

394 3161 490 3212 καὶ
530 3160 796 3227 trinitate;
829 3161 994 3234 Πλὴν,
1034 3161 1255 3230 Ἀδελφέ
1289 3180 1412 3234 μου,
1456 3165 1646 3234 φλέγει
1679 3183 1744 3236 με
1774 3168 1805 3239 ἡ
1833 3169 1964 3236 ἁγά·

397 3269 475 3324 πη
518 3270 635 3319 σου,
669 3255 762 3306 καὶ
818 3255 956 3307 πολὺ
990 3255 1162 3319 πάθος
1211 3256 1360 3309 ἕλκει
1392 3275 1462 3326 με
1493 3259 1585 3312 τοῦ
1631 3258 1964 3330 ὲξξομολογή⁴

399 3343 594 3395 σασθαί
631 3360 712 3396 σοι
736 3359 751 3374 ο
793 3345 942 3414 ὁρκῶ
1005 3362 1087 3398 σοι
1115 3346 1172 3398 δὲ
1209 3347 1304 3400 τὸν
1359 3348 1492 3401 θεὸν
1543 3349 1635 3402 τὸν
1661 3351 1964 3421 ποιήσαντα

399 3435 486 3486 ἐπὶ
528 3434 673 3506 λόγῳ
699 3435 768 3488 τὰ
797 3437 979 3491 πάντα
1041 3438 1140 3490 σὺν
1177 3437 1254 3507 τῷ
1317 3443 1601 3510 μονογενεί
1650 3440 1814 3494 αὑτοῦ
1851 3443 1966 3512 Υίῴ

399 3527 478 3597 τῷ
537 3529 729 3601 Κυρίῳ
763 3529 920 3600 ἡμῶν
985 3531 1164 3600 Ἰησοῦ
1187 3531 1430 3604 Χριστῷ,
1495 3535 1587 3590 καὶ
1604 3535 1681 3606 τῷ
1706 3535 1846 3609 ἁγίῳ
1873 3539 1967 3592 καὶ

401 3621 651 3691 ζωοποιῷ
689 3622 856 3675 αὐτοῦ
882 3623 1186 3692 ιίνεύματι,
1221 3623 1413 3696 μέχρις
1437 3625 1505 3679 ἂν
1525 3627 1639 3698 εἰμὶ
1673 3631 1732 3682 ὲν
1756 3632 1821 3702 τῇ
1854 3629 1965 3702 ζωῇ

398 3712 595 3784 ταύτῃ,
621 3712 657 3767 ἃ
694 3713 875 3783 μέλλω
919 3714 1098 3782 λέγειν
1141 3732 1223 3770 σοι
1271 3717 1346 3785 μὴ
1390 3719 1724 3791 ἀναγγείλῃς
1775 3724 1880 3776 τινὶ
1907 3728 1970 3777 τὸ

403 3805 644 3870 σύνολον,
670 3807 765 3860 καὶ
798 3805 866 3860 δι’
887 3807 1076 3879 ἀγάπῃ
1095 3805 1206 3877 (45)
1231 3808 1476 3880 διαπύρῳ
1506 3811 1640 3880 πρός
1668 3828 1728 3864 σε
1747 3813 1968 3866 ἀνακείο

405 3916 567 3969 μενος
602 3899 864 3972 θαρρήσω
899 3917 1002 3957 σοι.
1035 3901 1292 3971 ’Ὠρκωσα
1315 3902 1371 3954 δὲ
1392 3902 1558 3956 αὑτὸν
1583 3902 1692 3970 ἐγὼ
1708 3907 1972 3974 φρικωδε-

402 3986 621 4055 στάτοις
648 3993 832 4062 ὅρκοις
856 3992 952 4046 τοῦ
985 3993 1276 4062 φυλάττειν
1318 3993 1484 4047 αὐτοῦ
1509 3997 1578 4047 τὰ
1613 3995 1731 4050 Θεϊα
1755 4014 1974 4067 παραγ-

403 4085 671 4154 γέλματα.
698 4085 830 4137 Τότε
871 4086 1091 4152 ἀνοίξας
1118 4086 1180 4139 τὸ
1198 4086 1384 4154 τίμιον
1423 4087 1589 4140 αὐτοῦ
1637 4089 1833 4158 στόμα,
1866 4087 1970 4160 ἔφη

406 4195 498 4248 μοι
516 4196 532 4211 ·
583 4179 668 4240 Ὠς
689 4177 855 4245 οἶδας,
909 4179 1176 4250 ἀγαπητὲ,
1210 4178 1308 4251 τὴν
1331 4179 1702 4253 σφοδροτάτην
1725 4183 1972 4254 ἀνάγκην

401 4269 496 4322 ’τοῦ
531 4271 759 4342 κρύους,
800 4272 894 4324 καὶ
945 4269 1040 4324 τοῦ
1075 4271 1338 4341 μεγίστου
1394 4271 1616 4342 ἀνέμου,
1664 4273 1804 4328 πάνυ
1839 4275 1974 4346 ἠπόο

411 4381 537 4434 ρουν
574 4363 648 4434 μὴ
679 4363 818 4434 ἔχων
846 4365 897 4416 τί
932 4362 1358 4436 διαπράξασθαι,
1396 4365 1606 4434 γυμνοῦ
1637 4365 1740 4437 μοῦ
1793 4367 1969 4434 ὄντος,

2052 511 2316 575 sedimus,
2361 509 2558 563 blando
2616 509 2766 563 vu’tu
2840 524 3120 564 resumens
3165 531 3176 564 :
3224 512 3452 578 Jubeto,
3507 518 3618 583 ait,

2052 617 2298 657 mensam
2327 601 2529 672 parari,
2577 610 2637 654 ut
2689 601 3092 670 exhilaremur;
3123 603 3374 675 jussique
3417 622 3515 679 ego
3551 610 3622 666 ita

2051 689 2192 747 ﬁeri.

2121 785 2212 839 28.
2243 783 2410 838 Porro
2438 784 2565 837 dum
2593 785 2744 854 jussa
2770 783 2991 845 sedulus
3014 784 3328 854 exsequitur
3365 801 3519 855 puer,
3551 788 3622 843 ita

2052 891 2242 930 rursus
2289 876 2417 930 mihi
2461 875 2692 931 Sanctus
2721 894 2733 929 :
2763 876 2985 930 Domine
3014 877 3105 941 mi,
3141 876 3307 931 frater
3338 893 3458 934 vere
3495 895 3626 935 sua-

2053 967 2291 1030 vissime,
2374 967 2728 1037 quamobrem
2790 978 3067 1038 tantOpere
3117 978 3169 1023 te
3219 968 3456 1024 aﬂlixisti
3507 988 3623 1028 mea

2053 1075 2240 1118 causa.
2293 1070 2442 1112 ratus
2506 1073 2590 1113 me
2639 1075 2855 1128 quoque
2889 1074 2996 1129 prae
3034 1061 3235 1131 Rigore
3297 1063 3622 1132 obriguisse,

2053 1150 2514 1219 quemadmodum
2574 1152 2788 1205 cunctis
2825 1149 3085 1207 fratribus
3123 1152 3256 1208 meis
3296 1156 3625 1224 pauperibus

2053 1241 2269 1297 evenit?
2303 1239 2491 1296 Utrum
2547 1241 2786 1312 ignoras,
2835 1243 3110 1298 custodire
3167 1243 3454 1300 Dominum
3502 1247 3628 1302 dili-

2055 1343 2248 1404 gentes
2301 1351 2382 1397 se,
2433 1347 2484 1388 et
2521 1349 2689 1404 prope
2750 1336 2940 1390 abesse
2998 1350 3028 1389 a
3081 1337 3333 1392 contritis
3356 1338 3545 1402 corde,
3573 1347 3630 1393 et

2054 1426 2236 1479 salvos
2299 1425 2475 1479 facere
2517 1423 2743 1479 humiles
2795 1423 3035 1494 spiritu?
3071 1425 3263 1480 Utrum
3302 1426 3522 1495 ignoras
3561 1428 3631 1481 il-

2056 1519 2166 1571 lum
2217 1516 2420 1572 dixisse
2470 1517 2669 1572 misero
2708 1517 2839 1571 mibi
2875 1534 2888 1570 :
2932 1515 2986 1571 Si
3021 1528 3132 1573 toto
3188 1519 3350 1574 corde
3376 1519 3629 1574 dilexeris

2054 1607 2488 1677 me.expericris
2521 1609 2660 1662 dona
2689 1623 2831 1670 mea,
2882 1617 2938 1663 et
2979 1608 3334 1678 multiplicem
3373 1612 3630 1666 consola-

2058 1699 2284 1762 tionem,
2339 1697 2762 1768 quze‘obveniet
2820 1698 2913 1752 tibi
2947 1698 3220 1754 tribuente
3263 1699 3398 1754 me?
3431 1699 3630 1765 Quaeso

2060 1789 2261 1860 itaque,
2312 1789 2516 1843 dilecte.
2559 1789 2653 1856 mi,
2718 1805 2785 1844 ne
2819 1798 2870 1844 te
2916 1788 3224 1847 istiusmodi
3243 1791 3466 1860 posthac
3498 1807 3627 1846 cura

2054 1880 2163 1955 ulla
2195 1881 2297 1934 mei
2353 1890 2515 1947 angat
2548 1897 2562 1934 :
2603 1882 2944 1952 sperantibus
2973 1882 3172 1952 quippe
3200 1897 3263 1938 ex
3300 1890 3416 1937 toto
3447 1883 3630 1938 animo

2055 1972 2370 2043 viribusque
2401 1973 2452 2027 in
2489 1971 2596 2027 Deo
2669 1973 2946 2056 multiplex
2983 1983 3162 2028 manet
3209 1974 3489 2043 gaudium,
3520 1983 3630 2030 tam

2056 2067 2107 2119 in
2141 2067 2394 2136 praesenti
2437 2066 2636 2122 sarculo
2665 2081 2826 2136 quam
2871 2066 2926 2120 in
2950 2067 3152 2122 futuro.
3191 2066 3412 2124 Talibus
3430 2067 3632 2124 auditis

2055 2158 2224 2212 subiit
2262 2163 2503 2212 animum
2533 2159 2810 2228 cogitatio,
2840 2157 3042 2228 grande
3073 2159 3201 2230 quid
3233 2172 3297 2215 ac
3313 2157 3632 2214 admirabile

2055 2249 2300 2304 evenisse
2319 2250 2454 2314 viro,
2483 2258 2798 2320 tempestate
2825 2249 2913 2306 illa
2945 2251 3233 2315 saeviente;
3257 2265 3321 2304 ac
3346 2259 3632 2320 propterea

2057 2341 2220 2395 talem
2267 2341 2321 2394 in
2363 2341 2582 2396 modum
2619 2341 2788 2410 loqui.
2818 2340 2966 2410 (Σωμί
2995 2356 3124 2411 ergo
3161 2342 3372 2397 blandis
3428 2342 3630 2404 verbis.

2061 2431 2523 2500 admiscendoque
2550 2430 2759 2492 oscula,
2788 2431 2942 2500 quasi
2979 2431 3121 2484 viam
3158 2441 3430 2495 sternere,
3463 2446 3526 2485 ac
3553 2432 3633 2484 in-

2061 2537 2234 2592 genue
2287 2522 2627 2592 percunctari
2671 2539 2684 2576 :
2721 2520 2948 2578 Domine
2977 2523 3070 2586 mi,
3103 2537 3212 2592 quo
3242 2531 3398 2592 pacto
3421 2534 3634 2591 tempus

2060 2616 2195 2670 illud
2233 2625 2656 2684 tempestuosum
2694 2613 3011 2686 transegisti
3035 2615 3183 2685 iper
3214 2613 3379 2669 Deum
3416 2615 3538 2670 cmli
3570 2630 3635 2670 ac
3697 2685 3699 2687 ι

2062 2717 2220 2762 terrae
2272 2705 2600 2768 Dominum.
2659 2707 2767 2762 noli
2791 2707 2968 2763 celare
3023 2722 3108 2761 me
3161 2705 3455 2771 miracula,
3513 2722 3636 2777 qua:

2064 2806 2322 2868 operalus
2353 2807 2435 2852 est
2475 2798 2527 2852 in
2571 2807 2623 2853 te
2656 2798 2821 2853 Deus.

2131 2887 2221 2942 29.
2263 2885 2557 2956 ReSpomlit
2611 2887 2690 2941 vir
2732 2888 2956 2943 beatus:
2987 2885 3192 2943 Dilecte
3244 2885 3376 2942 mihi
3435 2886 3487 2941 in
3534 2886 3636 2940 Do-z

2068 2979 2238 3042 mino,
2273 2979 2363 3032 ubi
2390 2987 2638 3033 versatus
2666 2977 2856 3033 fuisset
2889 2977 3088 3033 stultus
3119 2987 3282 3049 atque
3312 2993 3500 3032 amens
3531 2975 3636 3030 nisi

2069 3073 2122 3125 in
2150 3071 2376 3126 stultitia
2399 3080 2451 3125 et
2481 3069 2823 3126 i'Husionibus
2845 3071 2983 3137 suis,
3021 3071 3476 3141 quemadmodum
3506 3085 3636 3124 con-

2073 3163 2250 3219 suevit
2302 3163 2557 3233 semper?
2592 3163 2789 3217 Verum
2846 3172 3047 3229 tamen,
3076 3165 3148 3218 mi
3206 3163 3391 3225 frater,
3427 3162 3639 3217 inﬂam-

2073 3274 2191 3315 mor
2244 3274 2429 3315 amore
2476 3259 2575 3323 tui,
2627 3268 2922 3328 teneorque
2976 3259 3244 3315 desiderio
3328 3260 3638 3317 vehementi

2071 3351 2344 3422 aperiendi
2396 3353 2521 3414 tibi,
2569 3367 2690 3422 qua;
2735 3352 2960 3421 petiisti,
3024 3353 3116 3406 sed
3186 3352 3379 3422 adjnro
3447 3364 3496 3408 te
3545 3369 3642 3423 per

2075 3443 2266 3509 Deum,
2296 3445 2387 3515 qui
2418 3459 2539 3499 cum
2576 3442 2852 3514 unigenito
2879 3441 3018 3499 Filio
3045 3457 3145 3498 suo
3181 3441 3406 3498 Domino
3453 3454 3642 3500 nostro

2071 3535 2198 3592 Jesu
2254 3536 2495 3601 Christo,
2555 3550 2788 3605 cumque
2833 3544 3021 3589 sancto
3062 3543 3116 3588 et
3163 3534 3374 3590 viviﬁco
3411 3535 3639 3606 Spiritu,

2073 3644 2175 3684 suo
2198 3630 2448 3683 universa
2479 3627 2718 3685 condidit
2745 3628 2908 3683 verbo
2934 3627 3115 3692 unico,
3163 3634 3221 3682 ut
3256 3642 3336 3684 ne.
3400 3627 3639 3698 quandiu

2077 3723 2178 3777 hac
2197 3737 2303 3790 ego
2334 3720 2486 3774 fruar
2511 3721 2643 3779 vita.
2674 3719 2876 3774 rcveles
2903 3719 2999 3775 ulli
3044 3720 3265 3775 omnino
3292 3735 3413 3790 qua:
3465 3721 3644 3779 dictu-

2078 3829 2172 3868 rus
2234 3828 2392 3879 sum;
2426 3821 2478 3866 et
2506 3826 2570 3865 ex
2609 3811 2868 3882 singulari
2895 3825 3081 3866 amore
3113 3852 3130 3878 ,
3162 3825 3271 3882 quo
3305 3811 3359 3865 in
3396 3821 3446 3866 te
3477 3810 3642 3878 feror,

2079 3906 2306 3959 fidenter
2361 3905 2620 3975 aperiam.
2675 3903 2922 3973 Cumque
2947 3918 3048 3972 ego
3077 3913 3267 3960 sancte
3291 3903 3643 3974 jurejurando

2080 4013 2165 4052 me
2191 3996 2629 4060 obstrinxissem,
2663 3994 2974 4049 habiturum
3035 4004 3263 4060 secreta,
3288 4010 3408 4063 quae
3441 3994 3646 4050 revela-

2079 4099 2182 4152 ret,
2222 4086 2327 4142 'Dei
2364 4102 2548 4157 opera,
2601 4098 2787 4156 aperto
2837 4101 3030 4140 rursus
3078 4086 3388 4155 venerando
3443 4100 3538 4140 ore
3566 4087 3647 4140 sic

2082 4180 2229 4252 loqui
2282 4180 2520 4250 perrexit
2555 4195 2569 4230 :
2603 4177 2817 4245 Quanta
2853 4192 2975 4231 cum
3005 4175 3246 4245 frigoris,
3277 4174 3418 4230 nivis
3460 4183 3648 4230 vento-

2081 4287 2310 4340 rumque
2341 4271 2590 4325 violentia
2608 4267 2916 4325 incubuerit
2938 4275 3249 4337 tempestas,
3273 4281 3376 4320 non
3416 4274 3468 4321 te
3490 4265 3646 4338 fugit,

2079 4362 2442 4428 charissima;
2511 4361 2782 4432 pendente
2829 4375 2912 4414 me
2943 4359 3132 4421 animi,
3177 4374 3241 4414 ac
3275 4358 3402 4428 quid
3433 4358 3650 4412 consilii

406 4455 755 4508 ἁσκεπάστου
788 4455 880 4508 καὶ
909 4454 1262 4520 άνυποδέτου,
1314 4454 1453 4524 μήτε
1501 4454 1768 4526 κάλυμμα
1807 4458 1965 4530 ἔχων,

2081 4470 2329 4526 caperem
2371 4454 2600 4524 ignaro;
2657 4467 2782 4506 cum
2831 4461 3002 4515 veste,
3037 4451 3252 4514 calceis,
3291 4459 3432 4505 tecto
3477 4449 3649 4505 desti-

408 4551 442 4620 ἢ
469 4549 570 4604 ποῦ
609 4551 709 4620 τὴν
747 4551 988 4622 κεφαλὴν
1041 4550 1219 4604 κλῖναι
1251 4567 1267 4582 ο
1327 4551 1660 4623 άπηρχόμην
1701 4548 1815 4606 ὀὖν
1840 4552 1975 4623 πρὸς

405 4642 530 4702 τοὺς
552 4640 766 4710 ὁμοίους
803 4656 904 4709 μου
925 4641 1162 4708 πένητας
1201 4638 1463 4709 σωθῆναι,
1486 4638 1580 4693 καὶ
1610 4639 1710 4691 οὐκ
1733 4639 1976 4709 ἐδέχοντο

413 4749 502 4801 με,
544 4730 660 4784 ἀλλ’
685 4731 760 4794 ὼς
787 4729 925 4782 κύνα
987 4729 1203 4800 ῥάϐδοις
1242 4747 1308 4800 με
1358 4730 1647 4794 ἐξεδίωκον
1693 4729 1978 4799 βδελυσσό-

406 4841 557 4896 μενοι
578 4825 672 4878 καὶ.
693 4823 943 4891 λέγοντες
962 4839 974 4853 ·
1004 4818 1136 4892 Αἶρε
1160 4822 1428 4887 ἐντεῦθεν,
1451 4823 1628 4886 κύων,
1644 4823 1740 4874 καὶ
1760 4821 1976 4891 ὑποχώ-

409 4934 514 4986 ρει.
580 4914 703 4986 Μὴη
741 4915 1015 4986 εὑρίσκων
1055 4915 1110 4966 δέ
1153 4930 1256 4966 που
1315 4915 1556 4982 σωθῆναι
1613 4911 1725 4981 (46)
1797 4907 2029 4964 λοιπὸν

410 5009 728 5084 ’περιηγεῖτό
764 5027 853 5081 μοι
883 5011 1033 5062 πᾶσα
1063 5008 1208 5077 ζωῆς
1239 5006 1414 5068 ἐλπίς.
1454 5006 1679 5072 Ἔλεγον
1700 5005 1783 5069 δὲ,
1823 5005 1988 5056 Eulo-

410 5103 573 5172 γητος
602 5102 808 5175 Κύριος
826 5104 854 5156 ὁ
882 5100 1017 5165 Θεὸς
1051 5102 1265 5163 πάντως
1308 5100 1356 5152 εί
1387 5098 1475 5152 διὰ
1500 5096 1598 5165 τὴν
1637 5097 1858 5166 ἀγάπην
1884 5097 1984 5150 αὺ-

409 5194 503 5246 τοῦ
554 5193 831 5258 άποθάνω,
866 5191 1014 5258 ξένον
1066 5191 1240 5245 οὐδέν.
1295 5189 1433 5244 Ἀλλ’
1473 5189 1502 5240 ὁ
1547 5187 1681 5249 Θεὸς
1714 5187 1812 5239 οὐκ
1835 5185 1983 5240 ἔστιν

409 5285 616 5350 ἄδικος,
648 5283 708 5348 ὃς
733 5285 948 5355 ποιήσει
981 5285 1078 5336 σὺν
1107 5283 1184 5354 τῷ
1212 5280 1406 5353 κρυμῷ
1437 5280 1532 5334 καὶ
1571 5279 1668 5348 τὴν
1731 5278 1974 5343 ἔκϐασιν,

411 5378 692 5450 ὑπομονὴν
723 5376 1028 5448 παρασχών
1066 5393 1178 5446 μοι.

486 5589 602 5659 (45)
664 5587 806 5644 Nota
868 5588 1308 5659 praepositionem
1361 5584 1449 5639 διὰ
1478 5599 1602 5640 cum
1651 5583 1816 5640 dandi
1847 5600 1976 5640 casu

409 5668 606 5731 praeter
633 5675 838 5731 rnorem
872 5661 1243 5729 antiquorum.

485 5729 596 5799 (Mi)
630 5729 728 5785 Ms.
765 5724 1019 5784 nostrqu
1043 5731 1320 5801 ἀπορήσεις
1351 5726 1444 5796 τὴν
1472 5725 1616 5794 ζωὴν
1664 5724 1982 5792 άπεγρκίιά·

2083 4555 2254 4612 tutus,
2293 4545 2380 4601 ubi
2415 4545 2932 4612 caputreclinarem,
2965 4559 3072 4599 non
3101 4542 3372 4597 haberem.
3401 4541 3480 4596 Ad
3518 4557 3653 4616 pau-

2085 4654 2241 4706 peres
2269 4639 2430 4710 igitur
2454 4637 2557 4691 mei
2598 4637 2804 4693 similes
2825 4635 2993 4703 abivi,
3033 4635 3260 4690 salutem
3285 4635 3648 4704 qumsiturus;

2087 4733 2178 4788 sed
2206 4741 2412 4786 lautum
2445 4730 2637 4796 abfuit,
2677 4738 2737 4784 ut
2785 4729 3119 4793 admitterer,
3145 4737 3204 4782 ut
3256 4725 3494 4781 fustibus
3516 4741 3652 4796 quo-

2086 4841 2216 4896 que,
2267 4840 2374 4877 non
2404 4838 2563 4878 secus
2607 4831 2769 4892 atque
2819 4836 3032 4886 canem,
3059 4834 3146 4873 me
3175 4818 3476 4888 abigerent,
3505 4818 3654 4887 adje-

2085 4918 2294 4987 ctisque
2341 4915 2811 4972 exsecrationibus
2832 4913 3079 4968 dicerent
3110 4929 3124 4965 :
3153 4912 3255 4966 Abi
3301 4912 3450 4976 hinc,
3472 4909 3661 4976 canis,'

2087 5013 2141 5066 in
2188 5010 2384 5064 mal-am
2441 5023 2576 5062 rem.
2627 5005 2763 5062 Cum
2821 5004 2983 5075 igitur
3055 5003 3148 5059 ubi
3217 5018 3485 5074 servarer,
3540 5018 3649 5057 non

2084 5102 2406 5172 reperirem,
2502 5098 2650 5153 omni
2715 5098 2933 5152 tandem
3008 5095 3222 5151 vivendi
3285 5094 3494 5150 diutius
3558 5109 3654 5162 spe

2082 5197 2336 5252 sublata:
2385 5192 2740 5253 Benedictus.
2813 5190 3164 5262 iuquiebam,
3209 5189 3470 5244 Dominus
3513 5186 3652 5241 Dens

2086 5291 2243 5358 cujus
2333 5305 2521 5345 amore
2606 5286 2651 5342 si
2713 5295 2942 5341 mortem
3003 5294 3235 5354 oppeto,
3321 5280 3455 5335 nihil
3502 5279 3652 5334 novi.

2094 5380 2292 5436 Verum
2317 5378 2460 5434 Deus
2511 5393 2616 5433 non
2658 5388 2741 5433 est
2785 5376 3044 5446 injustus,
3075 5373 3164 5443 qui
3215 5371 3402 5442 frigori
3443 5385 3658 5439 quoque

2095 5474 2222 5528 huic
2248 5471 2536 5527 terminum
2561 5477 2826 5540 ponet,ac
2866 5463 3176 5536 patientiam
3211 5462 3467 5532 largietur
3501 5462 3654 5518 milii.

2086 5603 2196 5656 μην
2221 5600 2236 5616 ο
2271 5583 2577 5656 Εὐλογητος
2602 5581 2658 5656 δξ
2685 5580 2895 5656 ’Κύριος
2953 5576 3170 5656 πάντως
3190 5574 3278 5656 διά
3306 5575 3404 5656 τὴν
3436 5577 3654 5656 ἀγάπην

2085 5646 2271 5724 αὑτοῦ,
2300 5656 2348 5708 εἰ
2381 5646 2484 5708 καί
2527 5646 2800 5715 ἀποθάνω,
2853 5646 3131 5711 ἀποθάνω,
3167 5647 3260 5699 καὶ
3290 5647 3341 5699 τί
3371 5647 3513 5719 ἐμοί.
