4100 6212
382 398 490 455 669

1545 399 1723 462 VITA
1762 400 1823 457 S.
1867 397 2198 458 ANDREE
2235 394 2430 456 SALI.

3538 387 3645 448 (ΥΟ

381 509 592 580 φοϐερᾷ
621 525 679 560 τε
705 509 865 580 ’χαρᾷ
904 510 1264 582 συνεχόμενος
1315 514 1566 584 ὑπῆρχον
1595 517 1658 568 ἐκ
1697 517 1796 586 τῆς
1829 514 1956 586 ἠδυ-

2072 515 2200 569 adeo
2227 522 2285 567 ut
2312 527 2432 582 ego,
2465 525 2494 564 a
2520 508 2772 564 sensibus
2804 505 2914 561 fere
2935 506 3168 568 alienus,
3195 503 3354 572 longe
3400 510 3645 570 tempore

381 601 551 671 τάτης
585 603 816 666 εὐωδίας
857 603 1078 674 ἐκείνης
1124 607 1219 657 τοῦ
1269 606 1604 677 πνεύματος.

2070 604 2378 676 gratissima
2406 603 2525 672 ejus
2546 599 2830 654 dulcedine
2885 597 3113 654 mirifice
3167 595 3488 655 delectatus.
3513 609 3647 662 gauo

2068 694 2263 765 dieque
2285 688 3091 761 vehementi,'pmiucunditate
3109 683 3415 754 fragrantia:
3436 698 3465 736 e
3485 691 3644 735 vento

2066 788 2161 844 illo
2184 787 2860 859 provenlentis,correptus
2886 783 3010 839 sim.

1843 921 2074 986 CAPUT
2106 928 2172 986 ν.

1266 1031 1518 1117 Ejusdem
1548 1049 1776 1102 exstruis
1803 1049 1853 1102 et
1885 1047 2115 1101 visorum
2143 1046 2458 1128 continuata
2493 1041 2758 1098 narratio.

456 1161 548 1217 λε’.
568 1162 656 1216 Ἑν
681 1155 868 1233 φρίκει
895 1165 990 1218 καὶ
1008 1164 1117 1218 δέει
1147 1162 1456 1238 ἐξεστηκὼς
1479 1165 1538 1219 τὸ
1555 1165 1858 1236 παράδοξον
1873 1164 1968 1220 τοῦ

2138 1164 2230 1220 35.
2262 1161 2470 1219 lnteroa
2501 1164 2654 1227 dum,
2693 1175 2850 1215 sacro
2908 1174 3033 1216 cum
3089 1158 3316 1213 horrore
3347 1162 3645 1210 novrlatem

383 1256 734 1346 πράγματος,
771 1255 886 1320 πῶς
918 1257 1004 1310 ἐπ’
1058 1258 1182 1329 ἐμοὶ
1211 1257 1272 1310 τὸ
1321 1258 1567 1312 τοιοῦτον
1600 1258 1808 1325 ἀγαθὸν
1833 1275 1968 1326 συμέ

2072 1257 2147 1312 rei
2184 1256 2484 1320 ad-mirans,
2523 1253 2832 1316 considero,
2861 1266 2969 1321 quo
3017 1261 3174 1318 pacto
3221 1259 3367 1303 tanta
3401 1246 3534 1300 mihi
3568 1245 3647 1300 fe-

383 1342 618 1417 ϐέϐηκεν
644 1347 968 1418 διενοούμην
995 1365 1011 1381 ⁶
1047 1349 1328 1420 ὑπεστάλη
1351 1349 1407 1402 δέ
1425 1349 1484 1403 τὸ
1514 1349 1732 1420 πνεῦμα
1762 1349 1822 1403 τὸ
1850 1350 1968 1421 τρί-

2072 1348 2248 1402 licitas
2275 1342 2606 1410 evenisset,
2642 1344 2881 1400 cessavit
2918 1343 2965 1398 is
3019 1356 3238 1411 quoque
3285 1339 3477 1393 tertius
3520 1352 3650 1392 ven-

379 1455 471 1492 τον
528 1441 724 1503 ἐκεῖνο,
794 1440 890 1492 καὶ
924 1437 1052 1510 σιγὴ
1112 1441 1345 1511 μεγίστη
1394 1440 1677 1512 παρευθὺς
1724 1441 1967 1509 ἐγένετο.

2068 1450 2174 1505 tus,
2234 1448 2288 1495 et
2317 1450 2532 1494 summa
2554 1445 2776 1506 repente
2827 1433 3196 1504 tranquillitas
3233 1432 3462 1486 exstitit.
3502 1429 3649 1483 Pau-

394 1529 650 1594 Ὀδεὺσας
701 1525 795 1586 οὖν
829 1530 1010 1600 ὀλίγον
1065 1531 1159 1585 τοῦ
1207 1533 1448 1602 περᾶσαι
1493 1550 1561 1603 με
1592 1533 1684 1586 τὸν
1719 1532 1968 1599 ποταμὸν

2072 1533 2178 1587 lum
2245 1531 2409 1601 igitur
2461 1544 2809 1600 progressus,
2854 1536 2912 1582 ut
2961 1526 3186 1580 ﬂuvium
3210 1523 3524 1584 transirem,
3558 1519 3649 1574 ubi

379 1626 606 1690 ἐκεῖνον,
643 1625 780 1693 πρὸς
835 1624 897 1678 τδ
929 1625 1132 1690 πλάτος
1197 1626 1440 1696 ἐχώρουν
1486 1624 1583 1680 τοῦ
1635 1626 1820 1697 κήπου
1868 1623 1963 1678 τοῦ

380 1715 541 1780 Θεοῦ,
596 1717 928 1788 ἀναθεωρῶν
950 1717 1012 1770 τὸ
1061 1717 1573 1788 ἀφραστονπλάτος
1602 1718 1815 1772 ἐκείνου
1867 1715 1964 1770 τοῦ

2069 1626 2137 1682 ad
2173 1624 2448 1694 planitiem
2470 1622 2864 1682 latediﬂusam
2891 1619 3060 1673 divini
3093 1617 3250 1673 istius
3279 1616 3424 1671 ltorli
3461 1628 3652 1682 perve-

2066 1713 2164 1774 ni,
2222 1711 2638 1780 amplitudinem
2702 1711 2822 1777 ejus
2862 1706 3321 1783 inexplicabilem,
3359 1719 3522 1773 quam
3550 1701 3646 1770 qui

383 1809 830 1877 παντοκράτορος
880 1809 1044 1876 Θεοῦ,
1102 1810 1163 1864 τὺ
1221 1810 1610 1875 πολυπλασίως
1637 1811 1968 1881 τεθησαυρι-

2072 1811 2248 1873 potest
2275 1801 2460 1856 omnia
2497 1801 2640 1856 Deus
2677 1799 2963 1870 multiplici
2998 1798 3316 1855 arumnitate
3355 1795 3650 1853 ditaverat.

389 1898 586 1969 σμένον
627 1901 828 1957 ἐκεῖσε.
890 1902 964 1954 Οὐ
1001 1901 1111 1971 γὰρ
1143 1901 1252 1973 ἔχω
1319 1903 1438 1966 πῶς
1491 1902 1631 1957 αὑτά
1656 1901 1726 1956 τά
1755 1902 1963 1970 πλούτη

377 1992 476 2047 τοῦ
505 1994 802 2058 Δεσπὸτου,
859 1993 1192 2065 ἀνθρωπίνῳ
1249 1995 1482 2064 στόματι
1512 1993 1902 2066 διηγήσασθαι,
1935 1995 1964 2046 ὂ

380 2098 466 2139 σοι
498 2086 855 2158 διηγήσομαι,
891 2086 1014 2156 φίλε
1068 2087 1162 2141 καὶ
1196 2087 1450 2158 ἀγαπητέ
1477 2089 1536 2142 ἐν
1583 2087 1794 2160 Κυρίῳ.
1869 2077 1967 2150 Ὧς

377 2178 474 2236 οὖν
514 2181 715 2254 είρηκα
753 2181 893 2254 πρὸς
945 2182 1007 2236 τὸ
1043 2180 1247 2244 πλάτος
1301 2184 1502 2254 χωρεῖν
1531 2199 1600 2252 με
1632 2181 1728 2235 τοῦ
1781 2181 1966 2251 κήπου

380 2274 620 2339 ἐκείνου,
666 2276 763 2328 καὶ
815 2273 1151 2344 ἀναθεωρεῖν
1206 2273 1344 2344 μετά
1389 2274 1498 2327 τῶν
1555 2273 1726 2342 ἁγίων
1771 2274 1962 2342 Ἀγια,

381 2365 492 2422 ίδοὺ
543 2367 706 2422 πάλιν
758 2368 834 2430 ὡς
887 2367 994 2420 ἀπὸ
1041 2365 1135 2419 τοῦ
1173 2365 1453 2437 Ἀρκτῴου
1489 2367 1695 2438 μέρους
1743 2366 1964 2434 πνεῦμα

379 2461 642 2514 ἔπνευσεν
690 2459 1068 2528 εὐωδεστάτην
1105 2458 1230 2530 ἔχον
1267 2458 1533 2529 ἡδύτητα,
1575 2457 1652 2522 ὼς
1698 2458 1768 2511 τὰ
1835 2460 1967 2528 ῥόδα

385 2555 479 2606 καὶ
511 2553 581 2605 τά
635 2552 825 2624 κρίνα,
870 2549 1070 2622 χρῶμα
1096 2551 1151 2604 δὲ
1180 2550 1300 2621 ἔχον
1354 2549 1671 2620 πορφυροῦν
1717 2546 1850 2602 ὡσεὶ
1887 2552 1966 2604 ῖον

382 2644 707 2697 εἰκαστέον·
774 2642 1107 2712 ἐκυμαίνετο
1155 2642 1210 2694 δέ
1247 2640 1316 2693 τὰ
1367 2643 1510 2710 φυτά
1554 2642 1763 2704 ἐκεῖνα,
1818 2637 1964 2708 ὑπὲρ

387 2735 560 2806 μύρον
593 2733 687 2788 καὶ
745 2734 945 2804 μόσχον
971 2735 1071 2803 τὴν
1122 2724 1349 2786 εὐωδίαν
1382 2732 1762 2801 ἐκπέμποντα,
1788 2731 1822 2800 ἦ
1878 2747 1967 2792 τις

382 2828 470 2882 ἐδυ
515 2830 594 2888 εἰς
650 2827 748 2898 τὴν
798 2825 1031 2896 καρδίαν
1087 2843 1188 2896 μου
1222 2843 1236 2856 ο
1286 2823 1600 2894 ὀφθαλμοὺς
1636 2823 1694 2877 δὲ
1732 2824 1878 2886 οἴους
1903 2840 1966 2876 τε

384 2921 705 2990 ἐκεκτήμην
737 2921 812 2990 τῷ
852 2920 998 2984 τότε,
1053 2920 1162 2973 εἴτε
1210 2917 1580 2988 σωματικοὺς.
1640 2916 1749 2969 εἴτε
1799 2929 1967 2967 πνευ-

385 3013 672 3081 ματικοῦς,
708 3012 736 3064 ὁ
797 3009 1076 3080 Δεσπότης
1126 3008 1470 3063 ἐπίσταται·
1526 3007 1652 3079 ἐμοὶ
1692 3007 1749 3060 δέ
1792 3023 1966 3076 παρε-

383 3103 602 3170 φαίνετο
628 3104 707 3154 δτι
729 3103 866 3170 μετὰ
898 3101 1155 3171 σώματος
1183 3100 1300 3152 ἐκεῖ
1322 3098 1687 3170 παρέδρευον.
1727 3097 1968 3151 Ἔπειτα

382 3200 442 3250 ἐν
471 3195 548 3265 τῷ
575 3196 650 3266 μὴ
689 3193 828 3248 εἶναι
895 3193 1062 3265 βάρος
1093 3191 1259 3262 ἐντῷ
1301 3191 1514 3262 σώματί
1541 3208 1666 3259 μου,
1711 3189 1748 3242 ἃ
1773 3188 1968 3243 ἐπιθυ-

389 3289 518 3358 μίαν
545 3288 642 3341 τοῦ
699 3287 906 3341 ἰδέσθαι
951 3299 1023 3349 τι,
1057 3287 1090 3355 ἢ
1121 3285 1309 3354 ἕτερον
1356 3284 1416 3336 τὸ
1476 3283 1611 3355 πρὸς
1655 3278 1786 3350 ἦθος
1831 3281 1970 3350 λαμ-

385 3380 538 3433 ϐάνει
594 3379 654 3432 τδ
693 3379 818 3450 τῇδε
880 3378 1164 3448 σκήνωμα,
1204 3375 1499 3446 ἀνατρέπει
1539 3391 1606 3444 με
1650 3374 1678 3424 ὁ
1713 3371 1970 3443 λογισμὸς

383 3473 460 3534 ὡς
493 3474 555 3524 ἐκ
578 3472 670 3524 τοῦ
723 3471 974 3540 σώματος
1001 3471 1113 3532 τοῖς
1135 3469 1252 3521 ἐκεῖ
1288 3464 1766 3536 προσπεφυκέναι·
1799 3465 1848 3515 εί
1894 3461 1970 3534 μὴ

383 3566 542 3634 γάρὸ
586 3562 1027 3633 καρδιογνώστης
1054 3563 1147 3615 καὶ
1204 3559 1338 3623 Θεὸς
1401 3558 1718 3611 ἐπίσταται.
1757 3556 1843 3618 Ὠς
1875 3550 1970 3609 οὖν

384 3659 453 3709 τά
478 3657 654 3726 πλήθη
706 3656 815 3709 τῶν
851 3655 1034 3724 φυτῶν
1081 3655 1305 3707 ἐκείνων
1342 3653 1410 3722 τῇ
1455 3649 1716 3720 ἐπιπνοίᾳ
1747 3647 1842 3702 τοῦ
1874 3664 1970 3700 τε·

386 3749 587 3816 τάρτου
612 3749 817 3818 ἀνέμου
853 3745 1170 3817 παραδόξως
1219 3742 1575 3814 ἐκυμαίνετο,
1623 3741 1717 3795 καὶ
1744 3740 1969 3811 ἀπήχει,

387 3843 485 3896 καὶ
519 3841 680 3909 μέλος
708 3839 937 3908 τερπνὸν
965 3837 1358 3908 προεϐάλοντο,
1385 3835 1547 3889 πάλιν
1581 3853 1650 3904 με
1681 3836 1714 3902 ἡ
1737 3835 1972 3903 εὐοσμία

388 3934 782 4002 κατέπληττεν,
809 3932 904 3984 καὶ
933 3931 966 4001 ἡ
999 3929 1200 3999 ἡδύτης
1229 3926 1317 3980 διά
1341 3927 1443 3996 τῆς
1500 3923 1828 3996 ὀσφρήσεως
1864 3943 1967 3995 μου

388 4027 757 4079 εἰσπίπτουσα
813 4019 1100 4086 ἐξίσασθαί
1157 4036 1223 4089 με
1279 4016 1455 4071 ἐποίει
1494 4033 1510 4050 ⁸
1583 4016 1822 4088 ἱστάμην
1876 4014 1972 4069 οὖν

388 4118 567 4180 ἐννεὸς
597 4119 656 4172 ἐν
697 4115 997 4187 ἁπορῤἠτῳ
1050 4112 1216 4186 αἴγλῃ
1251 4111 1392 4180 ἔχων
1429 4109 1523 4163 τὸν
1559 4108 1688 4163 νοῦν
1756 4107 1971 4163 εἰσδυό-

397 4227 582 4281 μενον.

2063 1893 2429 1948 cousideravi.
2467 1893 2534 1947 Et
2583 1907 2716 1948 sane
2746 1892 2985 1962 cupienti
3021 1889 3148 1944 mihi
3173 1887 3394 1942 divitias
3425 1885 3642 1938 Domini

2069 2001 2331 2040 enarrare
2353 1985 2836 2048 charitativestraz,
2871 1983 2922 2036 iu
2960 1987 3192 2037 mentem
3226 1993 3332 2034 non
3363 1977 3654 2046 venit,qu0

2066 2077 2118 2132 id
2157 2086 2317 2146 pacto
2354 2078 2593 2131 humana
2623 2075 2805 2145 lingua
2861 2071 3194 2130 exsecutioui
3256 2069 3529 2124 mandem.
3554 2065 3655 2121 De-

2062 2167 2312 2220 veniente
2368 2172 2474 2219 me”
2508 2165 2690 2234 igitur,
2760 2163 2836 2216 uti
2893 2163 3099 2217 dictum
3147 2169 3250 2225 est,
3306 2161 3373 2214 ad
3431 2159 3650 2228 planam

2065 2271 2246 2312 aream
2299 2255 2469 2320 illam,
2502 2265 2556 2311 et
2626 2256 2826 2310 Sancta
2863 2263 3177 2309 sanctorum
3227 2250 3654 2318 contemplante.

2067 2361 2195 2400 ecce
2227 2346 2368 2399 alius
2413 2361 2629 2400 rursum
2659 2353 2906 2399 ventuse
2939 2343 3094 2412 plaga
3153 2339 3358 2395 boreali
3395 2336 3657 2406 aspiravit

2067 2437 2613 2507 cumjueundissima
2639 2434 2956 2506 fragrantia,
3016 2431 3232 2502 qualem
3263 2445 3404 2484 rosa:
3439 2429 3656 2494 lilianIe

2066 2529 2244 2583 solent
2279 2543 2561 2598 spargere.
2621 2543 2684 2582 ac
2747 2540 3021 2596 purpureo
3055 2525 3258 2586 colore,
3291 2521 3469 2591 qualis
3516 2522 3657 2572 Solet

2068 2618 2246 2673 inesse
2291 2618 2471 2672 violis.
2511 2618 2648 2672 Hinc
2683 2619 2876 2687 plantae
2909 2630 3128 2670 rursum
3174 2611 3402 2683 crispari
3429 2620 3653 2679 coeptae,

2069 2709 2292 2763 odorem
2353 2709 2701 2774 exhalarunt,
2751 2719 3028 2778 unguento
3057 2708 3654 2772 uuiscoque..praestana

2069 2800 2284 2868 liorem,
2308 2802 2402 2872 qui
2433 2803 2498 2856 ad
2525 2800 2718 2858 intima
2745 2817 2863 2857 mea
2900 2802 3110 2855 viscera
3147 2797 3481 2870 penetrabat.
3509 2795 3656 2862 Qua-

2069 2891 2204 2947 lium
2257 2902 2439 2947 autem
2501 2895 2787 2949 oculorum
2847 2892 3109 2948 beneﬁcio
3158 2891 3345 2945 istliazc
3373 2897 3656 2943 assecutus

2071 3000 2215 3051 sum,
2279 2987 2718 3056 corporaliumne
2779 3002 2846 3041 an
2901 3000 3028 3040 vero
3066 2983 3454 3055 spiritualium.
3515 2981 3657 3035 Deus

2071 3082 2177 3136 scit
2232 3079 2413 3134 :mibi
2467 3088 2617 3135 certe
2680 3078 2796 3148 ipse
2853 3077 3076 3133 videbar
3139 3071 3495 3144 corporaliter
3536 3071 3660 3124 istic

2073 3173 2298 3235 versari.
2369 3171 2438 3226 At
2505 3181 2688 3240 postea
2717 3185 2839 3224 cum
2874 3169 2927 3222 in
2976 3180 3202 3236 corpore
3228 3179 3348 3218 meo
3381 3178 3488 3218 non
3511 3161 3658 3217 sensi

2073 3266 2287 3336 pondus
2307 3265 2551 3322 solitum,
2584 3272 2678 3316 aut
2703 3259 3204 3330 concupiscentiam
3231 3255 3448 3310 videndi
3489 3253 3655 3323 quid-'-

2073 3360 2240 3430 piam.
2297 3366 2389 3411 aut
2417 3356 2563 3410 aliud
2589 3354 2733 3424 quod
2767 3352 2904 3408 solet
2931 3354 2983 3406 in
3029 3348 3281 3420 praesenti
3315 3348 3425 3400 vita
3459 3346 3642 3398 taber-

2075 3450 2328 3505 naculum
2379 3459 2626 3502 nosmtm
2653 3445 2977 3515 diprimere,
3009 3441 3110 3496 alia
3141 3439 3275 3494 mihi
3307 3436 3565 3508 cogitatio
3603 3435 3660 3488 in

2074 3551 2310 3596 mentem
2343 3540 2511 3605 venit,
2533 3537 2742 3593 scilicet
2785 3543 2937 3590 extra
2969 3548 3168 3602 corpus
3212 3546 3296 3584 me
3319 3529 3528 3584 deliciis
3552 3526 3662 3580 illis,

2073 3632 2298 3687 fruilum
2364 3631 2534 3686 fuisse
2565 3648 2579 3685 :
2609 3629 2754 3701 quod
2807 3645 2874 3683 an
2930 3629 3001 3682 ita
3051 3627 3144 3689 sit,
3179 3625 3327 3678 novit
3376 3620 3658 3688 Deus,qui

2074 3723 2332 3792 perspicit
2388 3722 2645 3776 interiora
2696 3721 2896 3775 cordis.
2967 3718 3104 3772 Cum
3139 3715 3304 3785 igitur
3348 3712 3661 3782 frequentes

2074 3817 2180 3871 illa:
2233 3816 2430 3884 planta:
2485 3814 2695 3881 allapso
2763 3811 2943 3881 quarti
2988 3807 3134 3863 venti
3203 3807 3363 3862 modo
3426 3803 3662 3858 mirabili

2074 3917 2440 3972 metarentur,
2501 3917 2812 3972 sonumque
2838 3902 3061 3956 ederent
3089 3915 3153 3954 ac
3172 3901 3345 3953 melos
3372 3896 3662 3966 iucundis-3

2073 4001 2272 4056 simum
2333 4005 2686 4068 promerent;
2721 3996 2916 4049 iterum
2941 3993 3128 4048 odoris
3152 3990 3462 4060 prmstantia
3481 3989 3666 4058 singu-

2074 4090 2206 4144 laris
2269 4102 2352 4142 me
2399 4085 2648 4156 perculit,
2691 4084 3044 4150 suavitasque
3109 4079 3374 4133 mirabilis
3450 4093 3545 4146 per
3585 4077 3663 4131 ol—

2075 4180 2251 4235 factus
2284 4177 2386 4230 mei
2427 4191 2634 4246 organa
2672 4175 2864 4242 illapsa
2890 4174 3075 4226 animo
3124 4168 3659 4238 stuporcminduxit.

2077 4272 2302 4327 Stabam
2347 4271 2532 4340 itaque
2562 4284 2592 4322 a
2618 4267 2874 4322 sensibus
2932 4264 3168 4327 alienus,
3207 4261 3359 4315 intus
3375 4269 3552 4314 autem
3578 4275 3666 4314 ar-

2072 4381 2207 4421 cana
2239 4363 2472 4434 quadam
2502 4361 2620 4416 luce
2647 4360 2925 4431 perfusus.

462 4485 560 4543 λς’.
581 4479 763 4534 Ταῦτα
785 4478 962 4530 τοίνυν
988 4476 1148 4546 ὁρῶν,
1176 4471 1838 4546 εὖφραινὸμην⁹μεγάλως,
1866 4470 1962 4523 καὶ

2140 4456 2231 4511 36.
2264 4455 2422 4510 Hisce
2463 4453 2666 4507 fruitus
2706 4451 2891 4506 laetitia
2924 4447 3172 4518 replebar
3199 4460 3418 4515 magna,
3461 4453 3662 4516 gestic—

395 4573 661 4644 ὴλάλαζεν
713 4574 746 4641 ἡ
797 4570 990 4640 καρδία
1046 4586 1170 4637 μου,
1203 4569 1296 4620 καὶ
1335 4566 1630 4636 ἠγαλλιᾶτο
1657 4564 1718 4616 τὸ
1744 4561 1965 4632 πνεῦμά

401 4683 520 4732 μου.
555 4663 956 4731 Ἥσυχάσαντω
981 4660 1038 4712 δὲ
1071 4658 1162 4712 καὶ
1191 4658 1285 4709 τοῦ
1313 4655 1576 4723 τετάρτου
1634 4651 1968 4721 πνεύματος,

394 4758 577 4828 θαῦμα
641 4755 874 4825 φοϐερὸν
923 4754 1018 4806 καὶ
1072 4745 1372 4822 παράδοξον
1423 4746 1613 4816 ἐώρων
1676 4742 1788 4814 (5‘2)
1825 4746 1842 4772 δ
1874 4740 1972 4795 ἐπὶ

392 4848 649 4902 τοσοῦτον
713 4847 820 4914 γὰρ
877 4845 1066 4914 χρόνον
1121 4843 1238 4894 ἐκεῖ
1284 4855 1384 4906 μου
1435 4835 1828 4906 διατρίϐοντος,
1861 4831 1961 4896 νὺξ

394 4940 646 5010 οὐδαμῶς
673 4937 954 5008 κατεφάνη
990 4952 1101 5005 μοι,
1139 4931 1253 4986 ἀλλ’
1282 4925 1351 5001 ἦν
1393 4927 1675 4996 ἀδιάδοχον
1704 4925 1842 4994 φῶς,
1877 4926 1971 4977 καὶ

396 5035 539 5104 χαρὰ
565 5034 656 5086 καὶ
682 5031 817 5100 ζωὴ,
867 5029 1191 5098 λαμπρότης
1254 5023 1348 5078 καὶ
1400 5020 1570 5089 πολλὴ
1620 5018 1969 5087 ἀγαλλίασις,

397 5127 434 5179 ἆ
463 5145 585 5180 τινα
631 5125 860 5178 ἔϐλεπον
890 5125 1090 5175 ἐκεῖσε.
1153 5117 1309 5174 Μετά
1370 5114 1546 5168 ταῦτα
1580 5109 1838 5173 ἐκστασίς
1877 5127 1966 5178 μοι

396 5217 656 5278 ἐπέπεσε,
704 5215 800 5268 καὶ
830 5213 1011 5266 ἐννεοῦ
1061 5227 1163 5275 μου
1223 5206 1508 5276 γεγονότος
1558 5202 1716 5272 ῷμην
1746 5199 1969 5253 ἑστάναι

395 5312 461 5378 τῇ
509 5307 714 5378 θεωρία
749 5307 932 5359 ἐπάνω
993 5302 1088 5356 τοῦ
1138 5297 1520 5371 στερεώματος
1557 5293 1656 5346 τοῦ
1715 5290 1974 5360 οὐρανοῦ,

396 5372 491 5453 xii!
519 5417 602 5461 τις
621 5372 740 5468 ίὸδ)
763 5393 1126 5467 χλαινηφόρος
1159 5390 1380 5452 νεανίας
1442 5385 1688 5456 προῆγεν
1725 5399 1851 5452 μου,
1911 5372 1976 5433 οὗ

394 5495 458 5544 διὸ
492 5491 788 5564 πρόσωπον
829 5488 904 5552 ὡς
936 5487 1086 5557 ἥλιος
1108 5484 1374 5551 ἐλαμπεψ
1404 5476 1656 5548 ἐνόμιζον
1689 5475 1746 5528 δὲ
1782 5471 1972 5526 τοῦτον

474 5647 588 5716 (5‘2)
622 5648 722 5702 Ms.
759 5646 1078 5701 Vaticanum
1108 5643 1189 5716 ἔτι
1245 5640 1340 5707 νὺξ
1371 5638 1483 5716 ἐπ).-
1503 5634 1778 5716 ,τοσοῦτον
1801 5629 1980 5712 ὑπάρς

405 5701 644 5828 xei-1:23,,
669 5701 921 5789 οὖδαμῶς
960 5714 1242 5784 κατεφάνη
1292 5701 1402 5782 μοι.
1433 5708 1568 5762 ἀλλὰ
1607 5701 1674 5777 ἦν
1713 5720 1799 5773 μοι
1838 5701 1979 5772 χαρά

412 5804 506 5840 κα.
543 5807 676 5840 cum.
1825 5830 1829 5834 ”

491 5807 506 5840 ι
543 5807 676 5853 cum.

2078 4551 2203 4606 bam
2236 4548 2445 4618 animo,
2479 4557 2533 4600 ct
2561 4545 2902 4601 exsultabant
2933 4540 3149 4610 spiritu.
3197 4539 3454 4594 Cessante
3485 4543 3661 4587 autem

2075 4651 2130 4696 ct
2157 4649 2355 4710 quarto
2383 4647 2574 4702 vento,
2605 4635 2910 4706 prodigium
2949 4631 3246 4686 maximum
3267 4637 3322 4682 et
3345 4625 3665 4684 admirabile

2076 4732 2361 4790 observavi
2397 4748 2410 4784 :
2439 4739 2553 4786 toto
2598 4729 2741 4784 enim
2774 4743 2885 4798 quo
2916 4725 3038 4780 istic
3081 4731 3330 4777 versatus
3368 4737 3488 4775 sum
3531 4728 3666 4772 tema

2077 4841 2231 4895 pore,
2290 4822 2438 4877 nulla
2487 4819 2739 4875 incubuit
2783 4832 2888 4872 nox
2915 4857 2929 4880 ,
2953 4816 3044 4870 sed
3079 4823 3335 4884 perpetua
3383 4812 3517 4866 luxit
3549 4811 3667 4864 siue

2079 4913 2458 4969 vicissitudine
2523 4911 2680 4972 dies,
2755 4916 2981 4976 eratque
3045 4901 3311 4972 quidquid
3375 4901 3666 4960 videbam,

2083 5008 2340 5078 gaudium
2395 5014 2450 5060 et
2471 5005 2579 5058 vita
2611 5011 2667 5057 et
2721 5000 2978 5070 splendor
3008 5007 3058 5052 et
3087 4994 3380 5050 exsultatio
3409 4992 3663 5063 plurima.

2081 5097 2209 5152 Post
2238 5099 2349 5152 haec
2368 5112 2398 5150 a
2430 5095 2688 5151 sensibus
2706 5093 2760 5145 in
2778 5089 3029 5145 exstatim
3057 5087 3334 5156 abreptus,
3356 5086 3504 5140 visus
3535 5080 3663 5134 ιιιίιιί

2078 5205 2198 5243 sum
2226 5203 2388 5258 supra
2438 5186 2837 5240 ﬁrmamentum
2873 5181 2995 5236 cceli
3031 5182 3329 5234 consistere
3361 5214 3377 5238 ,
3444 5171 3661 5242 putavi;

2077 5295 2184 5348 que
2235 5278 2512 5348 juvenem,
2564 5275 2794 5330 deliCuIa
2858 5273 3107 5328 indutum
3158 5266 3373 5339 penula,
3434 5278 3498 5317 ac
3526 5262 3666 5316 facie

2081 5371 2255 5426 instar
2279 5369 2411 5424 solis
2439 5368 2736 5424 radiantem
2771 5367 2955 5436 (quem
2979 5378 3079 5432 ego
3103 5360 3321 5430 quidem
3349 5371 3455 5410 non
3497 5355 3662 5408 alium

2079 5462 2344 5534 opinabar
2399 5476 2543 5525 esse,
2588 5475 2751 5516 ouam
2784 5457 2879 5528 qni
2937 5455 3130 5509 faciem
3166 5463 3339 5504 meam
3382 5461 3536 5501 ramo
3562 5445 3660 5502 llo-3

2159 5623 2271 5695 (ὃὸ)
2325 5622 2756 5695 X).stu1;',sdpo;._
2790 5615 3108 5695 ljeuulatus,
3155 5625 3184 5663 a
3214 5607 3406 5695 χλαῖνα
3445 5619 3660 5695 periura,

2089 5679 2318 5757 forsitan
2377 5679 2558 5746 autem
2609 5679 2643 5742 ἐι
2679 5679 2900 5757 ήχλαῖνα
2962 5685 3160 5739 dicitur
3227 5679 3455 5733 latinum
3507 5679 3664 5739 lunia,

2088 5767 2296 5836 abiecta
2325 5764 2490 5834 priori
2522 5762 2726 5815 littera.
