4100 6212
405 287 506 352 671

1454 285 1500 349 Ν
1516 290 1880 352 lCEPIlORI
1927 291 2396 352 PRESBYTER!
2440 291 2548 348 (ΞΡ.

3551 289 3656 352 673

411 403 588 469 rigere
647 404 953 470 percussit,
1001 405 1221 474 quando
1247 420 1354 473 prae
1417 405 1614 473 frigore
1645 403 1984 470 deficiebant)

2103 396 2232 459 εἶναι
2259 401 2349 454 τὸν
2406 401 2653 471 τύψαντά
2719 418 2820 470 μου
2846 402 2904 455 τὸ
2927 404 3215 473 πρόσωπον
3236 402 3314 471 τῷ
3347 401 3662 471 ἀνθεοφόρῳ

413 494 669 547 ducatum
702 489 832 547 mihi
868 492 1145 563 pra'stare,
1171 506 1222 550 et
1273 496 1565 564 prtecipere
1605 495 1823 549 famulis
1854 495 1990 556 suis,

413 597 468 638 ut
498 601 583 638 me
617 586 724 639 alio
751 585 1128 642 transferrent.
1177 587 1439 641 Ducatnm
1485 587 1648 656 igitur
1703 595 1992 655 praestante

413 675 542 729 mihi
567 676 678 740 illo,
704 692 830 730 ecce
852 679 1093 731 occurrit
1120 677 1510 746 magnitudinis
1538 679 1990 741 immensarum,

379 769 586 822 'instar
636 769 788 822 iridis
849 770 899 822 in
932 771 1168 824 nubibus
1200 771 1547 840 apparentis,
1603 780 1823 840 aspectu
1886 769 1995 822 for—

420 874 594 922 mosa,
661 869 897 927 quatuor
949 861 1084 915 velis
1141 863 1337 915 nubem
1369 861 1603 916 lucidam
1633 859 1996 915 referenttbus

413 950 618 1004 circum
669 951 895 1004 obtensa
925 968 938 1004 :
974 968 1206 1020 quorum
1269 954 1392 1006 bina
1451 953 1592 1022 ignei
1652 952 1851 1006 coloris
1885 967 2020 1016 non

418 1054 578 1093 secus
637 1055 700 1092 ac
761 1039 943 1107 fulgur
990 1041 1502 1104 coruscabant,aiia
1538 1041 1667 1096 bina
1719 1041 1828 1094 nivi
1857 1039 1991 1094 nihil

387 1130 650 1203 .candore
680 1133 962 1186 cedebant.
1021 1132 1252 1187 Crucem
1291 1134 1584 1206 cingebant
1648 1133 1840 1187 musici
1885 1131 1996 1186 for-

416 1224 578 1286 mesi,
622 1232 831 1278 statura
861 1227 1092 1294 proceri,
1141 1226 1410 1294 splendidi
1438 1225 1593 1295 quasi
1641 1226 1755 1285 lux,
1789 1224 1996 1294 fulgen-

418 1315 660 1368 tissimos
717 1317 899 1370 radiOs
957 1332 1020 1370 ex
1055 1317 1229 1371 oculis
1265 1317 1575 1372 evibrautcs
1603 1357 1616 1378 .
1646 1316 1995 1397 promebam:-

427 1421 533 1471 que
592 1417 913 1460 concentum
943 1409 1327 1462 suavissimum
1358 1410 1410 1463 in
1447 1409 1672 1479 gratiam
1704 1407 1992 1460 Crucilixi.

423 1495 672 1565 Cumque
722 1500 1013 1567 penulatus
1046 1502 1152 1556 dux
1193 1518 1348 1556 meus
1375 1501 1498 1555 illac
1549 1499 1822 1564 transiret,
1847 1499 1997 1553 exhi-

424 1585 537 1640 bita
569 1591 871 1642 reverentia
903 1591 1158 1646 salutavit
1194 1608 1433 1655 crucem,
1465 1594 1709 1662 mihique
1765 1595 1904 1649 idem
1937 1602 1997 1649 ut

419 1670 654 1733 facerem
682 1691 815 1734 nutu
849 1681 1108 1737 indicavit
1139 1702 1152 1738 :
1179 1683 1391 1752 fecique
1435 1687 1533 1748 ita,
1579 1691 1798 1741 secutus
1820 1701 1999 1740 exem-

2096 491 2272 561 κλάδῳ
2302 491 2512 561 ἐκείιῳ,
2570 493 2730 562 ἡνίκα
2770 494 2880 546 ἀπὸ
2935 495 3031 548 τοῦ
3087 493 3290 564 ψύχους
3332 492 3662 548 ἐτελεύτων*

2097 585 2191 636 καὶ
2246 584 2406 646 αὐτὸς
2454 584 2739 636 ἐκέλευσεν
2792 585 2918 648 τοὺς
2991 584 3273 656 ὑπηρέτας
3345 585 3510 638 αὐτοῦ
3568 585 3664 639 τοῦ

2098 675 2332 744 μετᾶραὶ
2376 691 2463 744 με.
2519 674 2605 736 Ὠς
2649 674 2741 728 οὖν
2767 670 2921 738 οὗτός
2964 694 3066 745 μου
3103 677 3310 746 προῆγε
3344 677 3550 746 βλέπω,
3576 681 3669 734 καὶ

2097 763 2206 815 ἰδοὺ
2241 764 2472 833 σταυρὸς
2528 765 2722 833 μέγας,
2775 765 3007 836 φοϐερὸς
3051 767 3145 820 καὶ
3170 766 3372 836 ὡραῖος
3404 771 3534 840 ·⁶τῇ
3567 767 3668 839 θέᾳ

2095 854 2347 925 καθάπερ
2399 855 2551 919 τόξον
2600 854 2786 930 ὅτανῇ
2837 858 2893 909 ἐν
2915 859 2983 928 τῇ
3041 858 3243 930 νεφέλῃ
3277 861 3670 930 ἐχρημάτιζεν,

2096 946 2190 1000 καὶ
2250 947 2490 1016 τέσσαρα
2550 949 3024 1018 καταπετάσματα
3051 949 3239 1021 κύκλῳ
3270 950 3435 1005 αὑτοῦ
3468 951 3670 1022 νεφέλῃ

2096 1040 2330 1108 φωτεινῇ
2358 1040 2591 1106 ἐοικότα,
2617 1039 2684 1092 τὰ
2721 1040 2819 1109 μὲν
2844 1039 2936 1093 δύο
2973 1041 3230 1111 πυῤῥάκη
3274 1041 3350 1106 ὡς
3381 1043 3670 1113 ἀστραπῆς

2096 1117 2235 1193 εἶδος
2265 1113 2672 1200 ἀστράπτοντα,
2702 1133 2767 1185 τὰ
2801 1125 2856 1185 δὲ
2889 1121 3024 1187 ἄλλα
3068 1133 3238 1187 λευκά
3267 1134 3342 1197 ὡς
3373 1135 3505 1204 χιών
3526 1153 3539 1166 ⁶
3574 1136 3671 1190 κύ-

2099 1223 2208 1293 κλῳ
2237 1224 2295 1276 δὲ
2325 1224 2488 1277 αὐτοῦ
2521 1220 2872 1295 είστήκεισαν
2895 1219 3244 1296 μελῳδισταὶ,
3270 1226 3483 1297 ὡραῖοι,
3501 1228 3668 1294 εὐμε-

2095 1316 2296 1385 γέθεις,
2332 1319 2422 1369 καὶ
2468 1315 2652 1370 λευκοὶ
2693 1316 2768 1380 ὡς
2811 1318 2926 1386 φῶς
2966 1309 3426 1389 χρηματίζοντες,
3461 1337 3675 1391 πυραυο

2096 1409 2378 1478 γεστάτοις
2401 1410 2615 1461 ἀκτῖσιν
2647 1409 2754 1463 ἀπὸ
2779 1410 2888 1463 τῶν
2913 1411 3212 1481 ὁρθάλμῶν
3256 1413 3674 1482 ἀπαστράπτονε-

2094 1519 2207 1562 τες.
2244 1501 2332 1563 Ὠς
2357 1500 2449 1554 οὖν
2476 1485 2620 1554 οὗτοι
2678 1495 2838 1572 μέλος
2871 1520 2921 1556 τι
2947 1504 3046 1574 ἡδὺ
3073 1503 3260 1558 ἕνεκεν
3284 1503 3380 1558 τοῦ
3420 1522 3674 1577 σταυρω-

2099 1591 2286 1657 θέντος
2333 1593 2660 1662 ύπέψαλλον,
2690 1597 2717 1646 ὁ
2749 1593 2960 1662 ὁδηγῶν
3027 1613 3092 1663 με
3127 1595 3492 1667 χλαινηφόρος
3530 1597 3675 1667 διερ-

2103 1683 2326 1752 χόμενος
2374 1681 2463 1734 τὸν
2521 1680 2796 1750 σταυρὸν,
2860 1683 3298 1753 κατησπάσατο,
3347 1682 3566 1737 ἔνευσεν
3613 1684 3673 1737 δὲ

422 1770 572 1837 plum
596 1772 752 1826 ducis
781 1815 794 1837 ,
836 1783 890 1827 et
923 1776 1183 1829 continuo
1214 1777 1400 1830 mellea
1434 1779 1666 1846 quadam
1717 1777 2000 1833 dulécdine

2107 1751 2274 1842 κάμοὶ
2322 1771 2480 1824 τοῦτο
2535 1769 2801 1840 ποιῆσαιο
2865 1773 2959 1826 καὶ
3012 1768 3077 1844 δὴ
3134 1771 3447 1827 ἀκολουθῶν
3497 1774 3669 1846 αὐτῷ,

422 1861 634 1930 impleri
677 1879 762 1917 me
804 1867 972 1930 sensi,
1035 1867 1235 1937 talique
1276 1869 1505 1923 odorum
1571 1869 1867 1940 fragrantia
1922 1886 2006 1925 re-

421 1955 618 2019 creari,
653 1955 863 2023 qualem
912 1967 1088 2028 rreqtte
1124 1962 1175 2013 in
1213 1962 1330 2030 ipso
1377 1961 1810 2030 fragrantissimo
1838 1965 1994 2017 horto

423 2041 736 2100 olfeceram.
797 2047 995 2103 Deinde
1060 2052 1246 2106 oculos
1301 2049 1612 2118 deflectens,
1672 2054 2003 2124 deprehendi

424 2131 564 2186 infra
616 2150 716 2190 nos
747 2139 903 2206 quasi
953 2142 1118 2196 maris
1169 2145 1444 2214 abyssum,
1483 2147 1731 2216 cmpique
1761 2147 1889 2201 totis
1920 2162 2006 2199 ar-

429 2225 592 2276 tubus
651 2229 1092 2307 contremiscerc,
1117 2247 1180 2286 ac
1220 2236 1390 2287 vereri
1425 2251 1492 2290 ne
1533 2235 1670 2291 forte
1704 2233 1833 2291 illuc
1864 2253 2003 2305 pra:-

426 2325 551 2380 ‘ccps
582 2330 815 2373 ruerem.
859 2320 1221 2387 Quamobrem
1261 2328 1562 2384 inclamans
1584 2329 1776 2384 ducem
1799 2345 2003 2395 meum,

431 2407 542 2460 dixi
577 2426 590 2461 :
632 2409 858 2466 Domine
908 2415 979 2467 mi
1033 2416 1248 2482 duetor,
1296 2434 1422 2474 cccc
1451 2420 1799 2492 velutisupra
1835 2422 2006 2476 nubes

428 2500 667 2562 ambulo,
697 2511 750 2555 et
783 2513 923 2557 metu
955 2513 1235 2576 correptus
1273 2526 1389 2564 sum
1411 2513 1556 2580 gravi
1591 2533 1604 2569 :
1648 2518 1838 2567 vereor
1874 2528 2004 2566 sane

429 2592 641 2646 tametsi
670 2594 861 2648 leuiter
899 2597 1018 2651 ince
1040 2601 1167 2664 lam,
1197 2611 1262 2656 nc
1287 2620 1368 2655 me
1397 2609 1613 2671 portare
1654 2619 1758 2658 non
1795 2605 2004 2673 pOSsiut

427 2683 617 2746 ειμι-,οι
643 2702 770 2740 casu
809 2690 1066 2759 [nl‘thipiti
1096 2693 1219 2747 hinc
1253 2695 1304 2747 in
1343 2703 1508 2763 aquas
1536 2692 1808 2763 subjectos
1831 2695 1991 2748 ferat.

2101 1865 2444 1933 ἠσπασὰμην
2479 1863 2675 1916 ἀύτόν.
2719 1863 2807 1926 Ὠς
2847 1859 2939 1917 οὖν
2991 1864 3331 1935 ⁴Ιῃσπασάμην
3366 1866 3427 1920 τὸ
3469 1868 3667 1938 πυρῥί-

2098 1947 2190 2018 ζον
2221 1956 2399 2007 ὲκεῖνο
2421 1954 2595 2026 τίμιον
2623 1954 2796 2020 ξύλον,
2822 1955 3044 2024 πνεῦμά
3063 1973 3115 2009 τι
3150 1958 3364 2026 μέλιτος
3387 1959 3675 2023 ἀνάπλεως

2097 2047 2316 2115 γέγονα,
2378 2046 2468 2098 καὶ
2509 2045 2737 2109 εὐωδίας
2795 2047 3081 2116 πλησθεὶς,
3134 2048 3255 2102 οἷαν
3315 2049 3437 2102 οὐδὲ
3476 2050 3536 2102 ἐν
3597 2050 3674 2121 τῷ

2101 2138 2417 2207 Παραδείσῳ
2464 2137 2814 2208 ὠσφράνθην.
2873 2139 3208 2208 Ἀναϐλέψας
3238 2140 3297 2192 δὲ
3317 2144 3429 2204 τοῖς
3474 2141 3674 2208 ὀφθαλ-

2112 2230 2228 2298 μοῖς
2266 2245 2366 2297 μου
2399 2228 2718 2298 ἐώρων,κα“ι
2751 2229 2861 2281 ίδοὺ
2897 2231 3474 2302 ὑποκάτωὴμῶνώσεὶ
3504 2233 3673 2289 ἀδυσ-

2111 2334 2202 2380 σος
2234 2317 2533 2386 θαλάασης,
2570 2319 2663 2370 καὶ
2697 2319 2899 2388 τρόμος
2936 2319 3242 2375 άπελάὃετό
3277 2340 3400 2392 μου,
3435 2330 3528 2378 καὶ
3558 2327 3677 2394 ἐφο-

2110 2406 2282 2477 ϐήθην
2329 2409 2400 2477 μή
2454 2407 2572 2460 ποτ’
2615 2409 2728 2460 ἐκεῖ
2781 2408 3197 2480 ὀλισθήσωμαιο
3256 2412 3530 2482 εκέκραξα
3582 2402 3678 2469 οὖν

2113 2499 2247 2569 πρὸς
2272 2499 2364 2551 τὴν
2409 2498 2712 2568 ὁδηγοῦντά
2739 2507 2829 2569 με,
2850 2502 2946 2553 καὶ
2971 2497 3145 2565 εἷπον,
3184 2503 3359 2574 Κύριέ
3391 2521 3484 2574 μοι
3515 2498 3678 2574 ὁδηγέ

2113 2602 2236 2661 μου,
2288 2591 2394 2642 ἰδοὺ
2441 2589 2514 2653 ὡς
2573 2591 2664 2642 ἐπὶ
2719 2591 2950 2658 νεφέλης
3004 2593 3330 2663 πορεύομαι,
3385 2596 3482 2648 καὶ
3510 2588 3680 2668 δειλίᾳ

2113 2680 2440 2751 συνεσχέθην
2478 2721 2492 2746 ,
2547 2683 2876 2752 πτοούμενος
2937 2685 3038 2754 τὴν
3090 2685 3356 2740 ἐντεῦθεν·
3408 2685 3681 2740 ἔκπτωσιν

429 2776 630 2842 κιῦςος
697 2781 1095 2848 πορευόμενος,
1163 2787 1377 2856 μήποτε
1433 2789 1491 2839 οὺ
1553 2781 1795 2859 βαστάσῃ
1853 2804 1962 2857 με,
2000 2776 2666 2844 καὶύποσκελισθήσωμαι
2715 2777 2794 2838 είς
2845 2776 2914 2829 τὰ
2962 2777 3225 2831 ὑποκάτω
3269 2779 3428 2849 ἡμῶν
3488 2777 3676 2837 ὕδατα.

505 2872 594 2924 57.
627 2875 704 2927 Ad
743 2875 856 2929 inec
875 2877 977 2931 tale
1002 2881 1130 2932 mihi
1164 2894 1483 2950 reSponsum
1517 2883 1789 2939 dcditdux
1811 2900 1997 2938 meus:

430 2961 505 3015 l\'e
529 2965 656 3031 quid
691 2967 902 3028 timeas,
934 2972 1062 3039 quin
1097 2974 1259 3027 altius
1312 2977 1489 3032 adlmc
1515 2978 1670 3032 nobis
1701 2978 1998 3032 ascenden-

430 3053 558 3108 (luu
590 3070 671 3110 cst
698 3074 712 3111 :
740 3060 1010 3131 simulque
1041 3067 1278 3134 porrexit
1311 3069 1438 3122 mihi
1480 3086 1722 3134 manum,
1755 3080 1809 3124 et
1832 3087 1998 3140 supra

2176 2869 2284 2935 λζ’.
2327 2871 2384 2923 '0
2401 2871 2457 2923 δὲ
2483 2871 2628 2938 λέγει
2659 2887 2789 2941 μοι·
2824 2872 2915 2942 Μὴ
2945 2872 3226 2940 φοῦοὖ,ἒτι
3249 2873 3503 2943 ἀνωτέρω
3528 2875 3680 2941 ὀφεί-

2104 2964 2268 3033 λομεν
2299 2963 2539 3015 ἀνελθεῖν
2570 2963 2846 3033 ὑπεράνω.
2882 2963 2990 3016 Καὶ
3019 2964 3236 3017 δίδωσίν
3265 2982 3358 3033 μοι
3376 2968 3556 3034 χεῖρα,
3584 2958 3680 3017 καὶ

2103 3055 2412 3126 εὑρέθημεν
2439 3056 2622 3109 ἐπάνω
2667 3056 2761 3110 τοῦ
2803 3056 3059 3127 δευτέρου
3101 3058 3502 3127 στερεώματος,
3543 3059 3601 3111 τὸ
3622 3049 3681 3112 δί

437 3146 667 3201 alterum
731 3151 927 3206 coelum
962 3156 1160 3210 sublati
1202 3175 1409 3223 sumus,
1460 3163 1616 3231 cujus
1648 3163 1856 3232 species
1890 3174 2003 3217 erat

2108 3145 2245 3210 εἶδος
2276 3149 2442 3201 αὑτοῦ
2476 3149 2672 3202 λευκὸν
2698 3148 2829 3201 ὡσεὶ
2866 3144 2998 3218 χιὼν
3045 3149 3312 3219 ὑπῆρχεν.
3350 3149 3551 3218 Θεωρῶ
3584 3145 3678 3202 οὖν

434 3241 621 3306 nivea;
672 3255 726 3297 et
783 3247 1035 3315 conspexi
1071 3248 1156 3302 hic
1222 3267 1645 3320 quoquecruces
1697 3253 2004 3320 binas,illi,

391 3333 669 3399 -quamizt
723 3337 860 3391 caalo
916 3337 1157 3392 inferiori
1213 3351 1500 3396 veneratus
1550 3333 1780 3404 fueram,
1838 3343 2008 3410 persi-

434 3424 634 3479 miles:
669 3427 1021 3492 cingebantur
1054 3431 1238 3489 etiam,
1302 3431 1374 3483 uti
1482 3433 1630 3500 prior
1679 3433 1788 3496 illa,
1850 3448 2003 3486 sacra

435 3517 677 3572 Suatifer
701 3521 1095 3574 modulantium
1126 3540 1328 3575 corona
1365 3535 1452 3578 :et
1507 3541 1598 3578 aer
1649 3525 1772 3579 istic
1803 3525 1855 3578 in
1889 3539 2006 3578 mo-

438 3608 565 3659 dum
609 3610 747 3675 ignis
781 3611 1116 3676 splendebat,
1152 3613 1351 3681 quique
1376 3615 1523 3668 illum
1585 3615 1893 3670 incolebant
1922 3617 2004 3670 lo-

437 3714 559 3749 cum
608 3697 832 3752 formosi
891 3699 1054 3768 genii,
1086 3703 1266 3769 quiete
1306 3719 1516 3758 summa
1571 3705 2004 3775 periruebantur.

439 3785 688 3840 Venerati
722 3804 910 3843 sumus
937 3791 1118 3860 itaque
1143 3802 1195 3845 et
1221 3793 1382 3846 hasce
1404 3810 1614 3860 crutes,
1647 3796 1722 3849 uti
1746 3797 2003 3866 priorem,

439 3880 696 3948 singuiazi
753 3896 874 3933 cum
943 3881 1211 3939 desiderio
1245 3902 1307 3940 ac
1329 3902 1513 3940 amore
1543 3906 1557 3943 ι
1589 3904 1708 3958 qua:
1753 3905 1881 3943 vero
1909 3889 2008 3942 ab-

437 3974 660 4027 siSLebat
699 3974 819 4028 inde
849 3973 1161 4043 fragrantia,
1197 3979 1353 4046 plane
1381 3979 1561 4032 divina
1592 3990 1728 4046 erat,
1752 3993 1803 4034 et
1836 3982 2030 4050 expli-r

438 4065 546 4118 cari
576 4066 751 4118 verbis
793 4069 1017 4136 nequit;
1051 4070 1191 4123 Unde
1213 4069 1368 4138 longe
1395 4072 1583 4140 majoii
1635 4074 1904 4142 voluptate
1942 4088 2007 4128 ac

437 4160 816 4224 delectatione,
885 4176 1046 4230 quam
1109 4179 1172 4216 ex
1208 4165 1370 4216 altera
1405 4180 1585 4231 cruce,
1624 4166 2002 4233 petl'untlcbat‘.

437 4251 691 4321 PrOspexi
720 4253 846 4318 alio,
883 4265 934 4308 et
968 4254 1070 4308 vidi
1098 4255 1346 4310 universa
1383 4255 1705 4311 inﬂammari
1739 4259 1806 4312 ab
1838 4259 1959 4329 igne
1986 4279 2000 4314 :

437 4353 490 4395 et
525 4343 746 4398 incessit
799 4361 884 4398 me
923 4353 1146 4412 tremor,
1187 4353 1340 4416 opem
1371 4348 1526 4404 ducis
1554 4353 1652 4404 mei
1696 4350 1873 4404 denuo
1906 4352 2007 4405 im-

439 4435 736 4503 plorantem
774 4452 788 4499 ;
833 4438 922 4504 qui
985 4449 1231 4506 porrecta
1302 4449 1358 4491 ut
1411 4447 1536 4494 ante
1583 4457 1743 4496 manu
1773 4462 1786 4496 :
1817 4445 2004 4498 Adhuc
2035 4476 2080 4530 υ

437 4527 616 4590 altius,
653 4527 845 4594 inquit,
876 4527 1184 4581 enitemlnm
1208 4536 1310 4582 est.
1347 4529 1409 4582 Et
1470 4533 1726 4586 continuo
1757 4531 1880 4587 inde
1912 4551 2004 4589 suo

438 4616 591 4678 blati,
661 4629 824 4686 supra
884 4620 1098 4671 tertium
1155 4635 1254 4673 nos
1290 4623 1483 4675 malum
1527 4624 2001 4692 deprehendimus.

435 4708 643 4761 Ctelum
710 4709 813 4762 hoc
871 4724 974 4762 non
1035 4724 1119 4771 eo,
1149 4727 1256 4779 quo
1285 4713 1426 4781 quod
1457 4715 1610 4769 nobis
1645 4715 1730 4770 hic
1763 4725 2001 4786 apparet,

440 4797 600 4850 modo
630 4813 688 4850 se
736 4797 922 4864 habet;
987 4801 1077 4854 sed
1135 4801 1347 4856 firmem
1403 4804 1746 4874 solidumque
1797 4817 1907 4872 est,
1942 4821 2007 4860 ac

441 4891 655 4957 planum
690 4891 848 4944 habet
884 4891 990 4945 lato
1018 4902 1336 4961 expa‘nsmn,
1365 4891 1567 4949 lamina
1591 4907 1807 4965 putares
1841 4913 2002 4950 aurea

441 4985 685 5038 insterni.
724 4982 1048 5053 Reperimus
1101 4983 1188 5039 hic
1218 4986 1434 5050 iterum,
1491 4985 1665 5056 primo
1720 4990 1898 5043 statim
1951 4989 2005 5043 iu

442 5076 724 5134 vestibulo.
773 5091 960 5130 cruces
997 5087 1199 5142 ternas,
1226 5078 1406 5131 lumen
1438 5080 1596 5147 quale.
1640 5079 1818 5150 fulgur
1871 5081 2008 5135 solet

441 5180 779 5238 Spargentes,
820 5169 1095 5234 omnibus,
1121 5187 1257 5240 quas
1291 5183 1415 5225 ante
1450 5172 1704 5235 vidimus,
1740 5182 1852 5226 tum
1889 5190 2004 5226 ma-

441 5263 720 5328 gnitudine
762 5272 873 5316 tum
931 5265 1109 5332 specie
1134 5265 1498 5332 angustiores.
1537 5263 1600 5319 Et
1648 5264 1755 5318 dux
1791 5267 2006 5336 quidem

442 5367 594 5407 meus
653 5355 706 5407 in
767 5354 1002 5409 medium
1055 5355 1230 5421 ignem
1264 5369 1322 5408 sc
1351 5371 1518 5410 ausus
1566 5356 2008 5421 infcrre,adora-

439 5443 516 5496 vit
575 5462 765 5500 cruces
799 5446 983 5516 :quod
1049 5463 1170 5501 ctnn
1226 5462 1323 5516 ego
1372 5462 1476 5500 non
1511 5448 1762 5513 valerem,
1797 5449 2010 5504 eminus

441 5538 657 5590 adoravi
689 5542 1044 5610 trausiviqtte.

514 5631 602 5684 58.
638 5630 931 5702 Postquam
994 5639 1216 5690 multmu
1254 5636 1727 5706 processissemns,
1779 5650 2006 5703 perven-

443 5733 559 5779 tum
591 5735 671 5779 cst
697 5725 763 5778 ad
829 5726 1002 5781 \clum
1032 5730 1257 5783 altcrmn
1297 5744 1445 5784 more
1503 5726 1745 5782 fulminis
1783 5727 1882 5781 late
1917 5743 2008 5798 per

2107 3243 2268 3294 κάκεῖ
2309 3240 2401 3294 δύο
2461 3242 2726 3312 σταυροὺς
2783 3233 2860 3305 ὡς
2887 3242 3109 3314 ὁμοίους
3157 3241 3236 3312 τῷ
3271 3235 3553 3306 omnem,
3585 3241 3681 3294 καὶ

2102 3327 2171 3401 ἦν
2205 3331 2294 3384 ἐπ’
2323 3331 2504 3394 αὐτοῖς
2550 3333 2584 3402 ἡ
2618 3332 2820 3404 φρικτή
2869 3333 3051 3402 ἐκείνη
3086 3329 3404 3397 ἀκολουθία,
3447 3333 3535 3386 οἵα
3585 3331 3679 3384 καὶ

2102 3424 2160 3474 ἐν
2193 3423 2270 3492 τῷ
2312 3423 2610 3493 κατωτέρω
2671 3423 2892 3493 σταυρῷ
2944 3421 3346 3494 ἐχρημάτιζεν·
3375 3419 3444 3495 ἦν
3471 3417 3528 3478 δὲ
3570 3424 3679 3494 ἀὴρ

2103 3514 2212 3567 τῶν
2237 3517 2354 3567 ἐκεῖ
2408 3515 2651 3586 πύρινος,
2693 3516 2785 3569 καὶ
2840 3515 3152 3579 ἀνάπαυσις
3209 3514 3420 3585 μεγάλη
3454 3519 3565 3578 τοῖς
3588 3516 3680 3568 εὐο

2105 3604 2340 3674 μόρφοις
2389 3606 2714 3668 νεανίσκοις.
2795 3605 3191 3674 Ἢσπιισάμεθα
3244 3603 3338 3660 οὖν
3397 3607 3680 3670 κάκείνους

2103 3701 2230 3762 τοὺς
2257 3700 2474 3768 τιμίους
2506 3701 2778 3772 σταυροὺς
2824 3701 2985 3771 ἔρωτι
3015 3703 3108 3753 καὶ
3170 3701 3319 3770 πόθῳ
3353 3701 3540 3772 θεῖκῷ,
3575 3718 3682 3753 κα-

2106 3789 2213 3852 θὼς
2249 3791 2343 3842 καὶ
2399 3790 2461 3842 τὸ
2524 3793 2794 3862 πρότερον
2820 3807 2834 3821 ο
2881 3787 2948 3861 ἦν
2973 3792 3029 3844 δὲ
3065 3793 3319 3862 ήεὺωδία
3367 3793 3571 3858 αὐτῶν,
3605 3792 3682 3857 ὼς

2105 3881 2301 3934 εὐωδία
2349 3881 2487 3934 Θεοῦ
2519 3883 2923 3952 ἁνερμήνευτος
2953 3883 3092 3953 ὑπὲρ
3116 3883 3215 3953 τὴν
3264 3883 3558 3952 κατωτέρω
3587 3883 3683 3936 θυ-

2108 3974 2307 4044 μηδίαν
2330 3975 2421 4026 καὶ
2445 3974 2810 4042 τερπνὸτητπ.
2849 3973 2995 4045 ’0ρῶ
3027 3973 3120 4027 οὖν
3149 3974 3244 4028 καὶ
3273 3974 3381 4027 ίδοδ
3412 3974 3521 4048 πῦρ
3553 3975 3684 4044 κρέ’

2105 4075 2201 4136 γον
2229 4068 2296 4121 τὰ
2321 4067 2500 4120 ὲκεῖσε
2544 4066 2781 4120 ἅπαντα·
2816 4068 2908 4121 καὶ
2951 4068 3139 4138 τρόμῳ
3169 4067 3472 4137 συσχεθεὶς,
3512 4069 3678 4123 πάλιν

2105 4161 2195 4213 τὸν
2249 4161 2441 4231 ὁδηγὸν
2482 4161 2707 4212 ἐκάλουν
2756 4161 2835 4221 είς
2907 4159 3180 4230 βοήθειαν.
3226 4161 3285 4215 Ὀ
3321 4160 3377 4212 δὲ
3408 4160 3528 4222 δούς
3589 4179 3682 4230 μοι

2106 4255 2287 4323 χεῖρα,
2345 4253 2495 4320 λέγει
2542 4267 2669 4322 μοι·
2700 4252 2820 4304 Ἔτι
2851 4252 3109 4320 ἀνωτέρω
3171 4252 3501 4323 πορευθῆναι
3529 4252 3683 4320 ὀφεί-

2105 4343 2292 4413 λομεν.
2360 4345 2470 4397 Καὶ
2508 4344 2626 4412 ἅμα
2671 4343 2918 4414 τῷλόγῳ
2949 4343 3198 4414 ᾔρθημεν
3257 4345 3366 4398 τῶν
3420 4348 3556 4411 ἐκεῖ,
3586 4347 3684 4400 καὶ

2109 4435 2414 4505 εὑρέθημεν
2441 4435 2625 4487 ἐπάνω
2655 4434 2746 4486 τοῦ
2803 4434 2992 4504 τρίτου
3038 4435 3294 4504 οὐρανοῦ.
3354 4431 3521 4498 Οὗτος
3560 4437 3617 4489 δὲ
3651 4438 3682 4488 ὁ

2108 4528 2288 4597 τρίτος
2327 4525 2572 4596 οὐρανὸς,
2621 4525 2718 4595 οὐχ
2753 4519 2828 4588 ὡς
2860 4520 3186 4595 φαινόμενος
3242 4529 3375 4596 ἡμῖν
3405 4531 3462 4580 ἐν
3491 4519 3566 4598 τῷ
3596 4529 3683 4580 κό-

2111 4635 2232 4688 σμῳ
2262 4617 2434 4686 τούτῳ
2475 4617 2776 4688 περίεστιν,
2813 4612 2934 4670 ἀλλ’
2967 4617 3091 4669 ἀντὶ
3138 4612 3334 4684 παγίου
3369 4617 3684 4687 στερεώμα·

2106 4727 2219 4771 τος,
2250 4711 2349 4779 τὴν
2376 4710 2432 4761 δὲ
2477 4704 2678 4780 δέῥρην
2735 4709 3156 4779 ἐφαπλουμένην
3198 4711 3274 4772 ὡς
3325 4710 3556 4778 χρυσοῦν
3590 4710 3686 4761 πει-

2107 4799 2264 4856 ταλον
2301 4803 2586 4870 κέκτηται.
2653 4802 2898 4873 Εὖρομεν
2927 4799 3021 4857 οὖν
3056 4804 3218 4857 πάλιν
3253 4806 3309 4855 ἐν
3340 4807 3454 4865 τοῖς
3478 4803 3682 4874 προθύ-

2111 4906 2226 4965 ροις
2271 4896 2533 4964 σταυροὺς
2600 4890 2787 4964 τρεῖς,
2845 4894 2920 4956 ὠς
2979 4897 3272 4966 ἀστραπὴν
3319 4896 3679 4964 αὐγάζοντας,

2111 4990 2403 5058 μεγίστους
2433 4991 2527 5042 καὶ
2554 4990 2820 5059 φοϐεροὺς
2838 4989 2958 5043 λίαν
2975 4990 3116 5060 ὑπὲρ
3145 4989 3267 5053 τοὺς
3291 4989 3402 5054 δύο,
3429 4985 3524 5043 καὶ
3543 4989 3682 5058 ὑπὲρ

2107 5083 2196 5133 τὸν
2224 5082 2349 5134 ἕνα·
2384 5083 2478 5134 καὶ
2507 5083 2534 5134 ὁ
2568 5083 2666 5152 μὲν
2703 5082 2914 5152 ὁδηγῶν
2959 5099 3026 5150 με
3081 5081 3407 5152 ἐθάρσησεν,
3435 5084 3528 5135 καὶ
3562 5083 3677 5132 εἱσ-

2109 5172 2274 5241 ἧλθεν
2304 5175 2360 5224 ἐν
2389 5175 2541 5244 μέσῳ
2557 5171 2652 5226 τοῦ
2679 5173 2868 5241 πυρὸς,
2894 5172 2991 5226 καὶ
3020 5172 3428 5243 προσεκύνησεν
3455 5167 3676 5234 αὐτούς·

2109 5262 2217 5329 ἐγὼ
2242 5263 2318 5328 δὲ,
2343 5264 2508 5332 μηδὲν
2542 5263 2782 5318 τοιοῦτον
2814 5264 3060 5334 ἰσχύσας,
3096 5261 3336 5335 μήκοθεν
3368 5265 3683 5335 προσκυνή-

2114 5373 2210 5418 σας
2233 5355 2470 5424 διῆλθον.

2183 5638 2284 5711 λη’.
2343 5642 2429 5704 Ὠς
2463 5639 2553 5694 οὖν
2587 5641 2768 5695 ἱκανὸν
2805 5639 3204 5708 ἐπεεεύσαμεν,
3255 5638 3572 5708 ἐφθάσαμεν
3599 5642 3682 5698 είς

2115 5733 2172 5787 τὸ
2203 5733 2456 5804 δεύτερον
2493 5733 3017 5803 καταπέτασμα,“ὠς
3055 5731 3345 5805 ἀστραπήν
3378 5746 3492 5786 τινα
3525 5733 3579 5785 ἐν
3604 5717 3682 5799 τῷ
