4100 6212
382 238 486 304 681

1558 243 1735 303 VITA
1779 242 1838 302 s.
1883 242 2213 304 ANDREfE
2248 243 2443 327 SALI.

3526 252 3632 315 682

380 351 868 424 πλημμελημάτων
904 372 998 408 σου
1059 355 1260 426 χρῆσαι
1296 356 1415 419 ταῖς
1450 356 1808 427 μαγγανείαις
1844 373 1960 421 σου,

2070 358 2494 412 commissorum
2521 356 2765 412 incurva.
2804 358 2967 415 Utere
3002 357 3319 428 imposturis
3367 360 3496 425 tuis,
3522 363 3639 417 ani-

377 445 899 516 ψυχοανασπάστρια
954 445 1091 518 [59),
1128 448 1223 501 καὶ
1254 448 1373 510 ταῖς
1424 447 1802 519 φαρμακείαις
1837 462 1953 511 σου,

379 536 871 607 ἀπηλλοτριωμένη
919 538 1015 591 τοῦ
1070 538 1209 592 Θεοῦ
1272 538 1364 591 καὶ
1417 537 1525 594 τῶν
1587 537 1782 605 ἁγίων.
1847 539 1958 593 Καὶ

380 627 559 681 ταῦτα
614 628 881 695 είπόντος,
918 630 1126 685 ἀπὶδὼν
1153 631 1234 693 είς
1264 630 1363 701 τὴν
1390 631 1492 701 γῆν
1527 631 1826 702 δράσσεται
1856 648 1960 701 πη-

378 720 493 784 λοῦ,
530 721 624 775 καὶ
655 724 889 793 ποιήσας
942 723 1019 787 ὡς
1046 723 1211 789 λίθον,
1244 722 1614 795 προσέρριψεν
1641 727 1708 794 τῇ
1740 724 1956 779 ἀναιδεῖ

379 809 552 880 αὐτῆς
588 810 735 880 ὕψει,
794 813 1122 882 ὲμφυσήσας
1149 830 1208 866 τε
1240 813 1319 874 είς
1351 812 1414 866 τὲ
1453 814 1752 884 πρόσωπον
1787 814 1959 882 αὐτῆς

379 903 765 973 σταυροειδῶς,
818 903 1099 975 παρευθὺς
1156 904 1431 959 ἀπέϐαλεν
1461 904 1556 958 τοῦ
1613 905 1957 976 ἀνθρωπίνου

378 997 655 1065 σχήματος
687 995 787 1067 τὴν
812 997 960 1051 θέαν.
992 999 1157 1065 Ὄφις
1185 997 1243 1050 δὲ
1274 997 1640 1068 παμμεγέθης
1656 998 1957 1068 γενομένη,

378 1087 435 1139 ἒν
468 1105 573 1140 τινι
604 1089 867 1158 οἰκήματι
898 1088 1157 1155 γυναικὸς
1190 1087 1441 1158 είσῆλθεν
1481 1088 1775 1159 συρομένη.
1818 1088 1951 1141 Βλέ-

378 1179 485 1247 ψας
517 1179 575 1231 δὲ
604 1180 636 1249 ή
670 1181 808 1250 γυνή
865 1179 925 1233 τδ
956 1178 1163 1251 θηρίον,
1213 1180 1405 1250 τρόμῳ
1447 1180 1796 1250 συσχεθεῖσα,
1851 1178 1959 1243 ἔξω

376 1271 470 1324 τοῦ
496 1272 797 1343 οἰκήματος
826 1271 1051 1341 ἔφυγεν,
1084 1272 1390 1342 φωνήσασα
1421 1271 1548 1335 τοὺς
1594 1273 1838 1339 γείτονας
1862 1269 1957 1323 τοῦ

378 1365 591 1418 ἀνελεῖν
641 1364 741 1435 τὴν
792 1364 951 1429 ὅφιν·
997 1364 1175 1418 ίκανοὶ
1204 1364 1260 1418 δὲ
1291 1363 1662 1435 ὲσεπήδησαν,
1715 1363 1815 1416 καὶ
1836 1362 1954 1416 ἀνιε-

378 1453 708 1522 χνεύσαντες
734 1454 794 1507 τὸ
827 1453 1057 1523 οἴκημα,
1082 1454 1236 1508 οὐδὲν
1265 1454 1449 1525 εὑρεῖν
1501 1452 1851 1524 ἠδυνήθησαν
1881 1469 1893 1480 ’
1931 1455 1959 1507 6

378 1546 486 1616 γὰρ
536 1546 897 1615 παμπόνηρος
953 1545 1164 1615 δαίμων
1214 1547 1421 1608 ἐκεῖνος
1477 1546 1586 1600 ἀπὸ
1652 1545 1745 1598 τοῦ
1812 1551 1950 1616 σχή-

380 1652 550 1705 ματος
607 1634 702 1688 τοῦ
753 1633 931 1703 δφεως
982 1634 1298 1698 ἀλλοιωθεὶς
1347 1637 1427 1697 εἰς
1473 1633 1573 1706 τὴν
1623 1635 1761 1690 ίδίαν
1794 1639 1958 1705 φύσιν

377 1727 564 1796 ᾣχετο.

455 1922 559 1986 με’.
597 1916 656 1968 ’0
697 1913 754 1967 δὲ
799 1909 1066 1982 μακάριος
1103 1905 1359 1975 ’Δνδρέας
1402 1904 1564 1956 πάλιν
1602 1903 1702 1975 τὴν
1745 1905 1967 1976 πορείαν

379 2012 614 2065 ὲποιείτο
646 2022 661 2038 °
722 2007 781 2059 ἐν
836 2003 893 2057 δὲ
945 2000 1023 2069 τῷ
1080 1998 1443 2070 ὑποστρέφειν
1502 1994 1664 2050 αὑτὸν
1722 1998 1969 2069 μετρίοις

389 2089 659 2159 παιγνίοις
692 2090 975 2160 χρώμενος
1000 2130 1014 2153 ,
1044 2092 1276 2160 συναντᾷ
1327 2091 1404 2161 τῷ
1436 2090 1707 2160 καλλίστῳ
1764 2095 1950 2165 νεανίᾳ

380 2182 571 2249 ἐκείνῳ
600 2183 677 2252 τῷ
716 2183 1035 2251 Ἐπιφανίῳ,
1072 2182 1200 2251 περὶ
1224 2177 1284 2236 οὗ
1322 2183 1581 2255 ἀνωτέρω
1632 2186 1664 2255 ἡ
1698 2185 1950 2256 διήγησις

380 2274 640 2341 γέγονεν’
671 2268 737 2344 ἦν
766 2273 824 2327 δὲ
869 2275 897 2327 ό
929 2276 1057 2336 παῖς
1114 2274 1519 2344 τεταραγμένος
1580 2275 1640 2340 ἐξ
1686 2276 1949 2347 ἐπηρείας

378 2363 473 2418 τοῦ
535 2364 819 2418 διαϐόλου·
873 2364 933 2418 ὃν
989 2366 1378 2435 ἀσπασάμενος
1440 2368 1468 2419 ό
1517 2367 1724 2433 Ὅσιος,
1776 2368 1946 2439 φησί⁶

377 2456 470 2525 Μὴ
497 2455 684 2525 φοϐοῦ.
721 2454 1217 2528 Χειροκρατοῦντες
1261 2458 1317 2510 δὲ
1352 2456 1620 2522 ἐϐάδιζον,
1662 2458 1951 2529 ζητοῦντες

379 2546 545 2601 τόπον
578 2547 778 2617 ἥσυχον
805 2546 900 2601 τοῦ
936 2547 1288 2614 καθεσθῆναι.
1307 2548 1631 2602 Ὀδευόντων
1663 2550 1719 2604 δὲ
1743 2552 1949 2618 αὐτῶν,

380 2641 484 2713 ἔφη
507 2644 535 2695 6
564 2641 783 2705 Δίκαιος
816 2640 893 2711 τῷ
928 2641 1251 2712 Ἐπιφανίῳ·
1298 2641 1430 2695 Ἰδοὺ
1469 2642 1529 2694 τὸ
1558 2642 1952 2715 διεφθαρμένον

379 2734 683 2805 δαιμόνιον,
715 2736 844 2789 ὅταν
897 2733 1025 2804 θέλῃ
1071 2735 1218 2786 ποιεῖ
1247 2732 1409 2801 αὑτὸν
1444 2734 1641 2804 γραῦν,
1683 2737 1778 2789 καὶ
1825 2738 1953 2791 ὅταν

380 2824 507 2896 θέλῃ
543 2827 690 2878 ποιεῖ
712 2824 875 2877 αὑτὸν
912 2823 1233 2893 ’Δγαρηνδν,
1272 2824 1460 2894 σχῆμα
1483 2825 1621 2895 ἔχων
1667 2825 1953 2898 ἐνδεδυμέ-

380 2934 469 2981 νος
512 2917 679 2987 μέλαν
733 2918 969 2987 ίμάτιον,
1032 2919 1127 2971 καὶ
1192 2917 1427 2988 συναντᾷ
1454 2918 1533 2988 τῷ
1562 2919 1801 2989 φιλτάτῳ
1850 2936 1952 2988 μου

380 3008 578 3078 τέκνῳ,
606 3008 963 3079 ἐπιπλήσσων
992 3009 1086 3063 καὶ
1117 3010 1509 3079 ἀπειλούμενος
1560 3009 1729 3078 αὐτῷ.
1766 3009 1953 3063 Ταῦτα

381 3070 625 3165 ἀπούσας
658 3102 686 3154 6
725 3070 1039 3168 Ἐπιφάνιος
1074 3100 1262 3171 ὲξέστη
1288 3117 1303 3132 ·
1330 3070 1435 3170 πρὸ
1461 3099 1658 3171 μικροῦ
1679 3070 1796 3171 ’γὰρ
1825 3096 1893 3171 ἦν
1929 3104 1959 3155 6
1988 3070 2028 3126 Ο

390 3192 629 3263 πονηρός
681 3192 951 3257 διάϐολος,
986 3194 1014 3246 6
1045 3194 1133 3246 ἀεὶ
1176 3191 1432 3262 πολεμῶν
1458 3191 1516 3245 τὸ
1539 3194 1692 3261 γένος
1719 3192 1826 3245 τῶν
1860 3193 1955 3245 ἀν·-

383 3283 639 3354 θρὼπων,
673 3284 730 3336 ὲν
763 3284 1005 3352 σχήματι
1071 3280 1409 3352 Ἰσραηλίτου
1477 3281 1720 3351 ἐμπόρου
1763 3297 1957 3333 συναν-

382 3378 553 3446 τήσας
593 3375 742 3445 αὐτῷ
797 3373 988 3429 καὶτὰ
1017 3372 1222 3443 ἔσχατα
1269 3371 1731 3441 ἀπειλησάμενος.
1781 3370 1959 3441 ὐρῶν

382 3470 493 3538 γὰρ
516 3466 613 3536 τὴν
648 3466 902 3534 ἐνάρετον
932 3463 1027 3517 τοῦ
1054 3462 1241 3525 παιδὸς
1283 3461 1558 3514 πολιτείαν
1580 3461 1673 3515 καὶ
1701 3461 1961 3532 τὴνκατά

385 3557 618 3626 δύναμιν
666 3557 845 3627 πάλην
902 3554 1002 3625 τὴν
1026 3556 1085 3609 ὲν
1115 3557 1236 3618 ταῖς
1271 3553 1368 3624 τῆς
1409 3553 1612 3623 σαρκὸς
1639 3554 1960 3624 ἐπιθυμίαις

387 3648 540 3701 οὔπω
565 3649 875 3711 διανύοντος
903 3646 1067 3700 αὐτοῦ
1100 3644 1637 3713 όκτωδεκαιδεκαετῆ
1664 3644 1875 3714 χρόνον,
1901 3644 1960 3696 ὲν

388 3735 433 3810 ᾧ
464 3740 667 3811 μᾶλλον
695 3739 887 3810 βράζει
918 3737 1130 3807 νεότης,
1160 3734 1300 3788 οὕτω
1356 3733 1664 3804 θεαρέστως
1698 3734 1963 3801 ἀναστρε-

388 3835 651 3903 φομένου,
685 3830 879 3901 έϐρυξε
930 3833 1050 3884 κατ’
1090 3827 1279 3883 αὐτοῦ.
1316 3822 1427 3880 Ἦν
1483 3825 1592 3895 γὰρ
1627 3827 1654 3877 ό
1705 3826 1855 3889 παῖς,
1884 3824 1960 3884 ὡς

385 3925 602 3997 ἀληθῶς
622 3926 756 3995 (60),
786 3923 986 3994 ὡραῖος
1009 3920 1087 3991 τῷ
1122 3920 1274 3983 εἴδει,
1318 3918 1520 3987 γλυκὺς
1552 3916 1650 3986 τὴν
1680 3914 1833 3982 αἱδῶ,
1865 3915 1959 3967 εὖ·

387 4018 528 4087 φυὴς
556 4017 650 4069 καὶ
697 4014 995 4085 προσηνὴς,
1029 4013 1126 4066 καὶ
1158 4010 1483 4082 πραότατος,
1542 4007 1865 4078 μελίρῤυτος
1894 4008 1960 4076 τῇ

387 4105 596 4175 ὁμιλίᾳ,
652 4104 956 4174 μειδιῶσαν
1024 4102 1163 4174 ἔχων
1190 4101 1287 4173 τὴν
1316 4103 1526 4172 ὅρασιν,
1587 4102 1681 4153 καὶ
1711 4097 1878 4163 πολὺς
1904 4100 1962 4152 ὲν

390 4200 509 4261 ταῖς
549 4196 721 4259 θείαις
772 4196 1016 4266 Γραφαῖς
1071 4195 1206 4265 (61).
1250 4192 1562 4257 Ἐξίσταντο
1597 4191 1706 4261 γὰρ
1760 4189 1963 4253 πάντες

394 4290 444 4343 οἱ
489 4292 546 4342 ὲν
595 4288 759 4359 σοφία
796 4289 889 4342 καὶ
932 4287 1134 4357 γνώσει
1175 4285 1474 4353 διάγοντες,
1520 4285 1613 4336 ἐπὶ
1644 4285 1710 4353 τῇ
1749 4280 1963 4335 συνέσει

394 4383 489 4434 καὶ
516 4383 637 4444 ταῖς
667 4380 1026 4450 ἀποκρίσεσιν
1054 4377 1216 4430 αὑτοῦ
1242 4375 1371 4445 περί
1397 4392 1455 4427 τε
1514 4374 1794 4442 θεολογίας
1826 4373 1960 4443 (6‘2),

2078 4388 2348 4432 versatus.

392 4474 489 4526 καὶ
510 4471 874 4541 ἀναγωγικῶν
919 4470 1203 4540 ῥημάτων,
1266 4467 1360 4520 καὶ
1387 4463 1776 4535 παροιμιακῶν
1802 4464 1969 4534 ζητη-

395 4562 604 4631 μάτων,
636 4561 765 4633 περί
811 4577 871 4613 τε
898 4558 1188 4630 δογμάτων
1240 4558 1332 4611 καὶ
1376 4557 1505 4627 περὶ
1546 4554 1967 4625 ἀκαταλήπτου,

396 4652 524 4722 περί
557 4669 616 4705 τε
650 4653 882 4723 μελέτης
934 4652 1167 4706 θανάτου
1196 4649 1291 4702 καὶ
1331 4648 1507 4718 ἄκρας
1559 4646 1965 4710 ταπεινώσεως.

465 4858 577 4930 (59)
625 4858 810 4930 Neque
858 4851 1415 4930 Ψυχοανασπάστρια,
1467 4863 1640 4929 neque
1664 4846 1968 4930 guoddlla-

395 4918 513 4983 car.
561 4918 698 4998 ἰεειι
724 4918 1201 4999 ’ψυχουτξατητρια
1230 4918 1405 4991 legere
1454 4918 1679 4973 memini
1714 4937 1727 4973 :
1748 4918 1970 4999 videtur

396 5010 575 5052 tamen
591 4995 885 5066 utrumque
896 4995 969 5048 ad
990 4997 1259 5066 originem
1285 4995 1761 5066 certamtevocari
1784 5002 1964 5066 posse,

396 5071 626 5121 alterum
679 5072 743 5121 ad
790 5058 1110 5127 divasna’th'
1144 5062 1419 5131 perturba,
1459 5058 1688 5131 alterum
1734 5061 1799 5131 ad
1828 5061 1970 5111 ἀπα-

395 5141 509 5190 τέιω
541 5138 775 5207 decipio,
801 5137 1003 5190 sedneo
1040 5127 1159 5207 :‘sic'
1184 5139 1242 5183 ut
1266 5130 1397 5183 illud
1432 5127 1699 5207 signiticet
1728 5127 1967 5196 aliquam

397 5223 516 5277 quae
542 5200 725 5277 turh'at
762 5200 977 5277 animas
999 5245 1012 5268 ,
1050 5203 1151 5277 hoc
1172 5212 1275 5277 est,
1306 5214 1427 5277 qua:
1465 5200 1695 5277 seducit.

469 5279 581 5345 (60)
626 5276 727 5332 bis.
780 5274 942 5330 vatic.
969 5275 1140 5327 multo
1184 5270 1478 5345 obscurius
1502 5277 1556 5322 et
1597 5270 1779 5345 minus
1802 5273 1970 5345 recte,

398 5335 484 5425 sic.
524 5335 695 5425 leg-i0:
728 5346 1146 5425 ἐπιφερόμενος,
1170 5339 1283 5425 κριὶ,
1322 5335 1391 5408 ἧν
1428 5338 1487 5390 οὐ

397 5404 622 5471 ἀπειλῖύ
633 5433 813 5486 μενος,
835 5404 848 5414 ’
874 5404 1016 5485 ὅρῶν
1037 5414 1136 5483 τὴν
1198 5404 1447 5486 ὲνάρέτσν
1478 5404 1971 5486 αὐτοῦπολιοτείαν,

394 5489 468 5558 ὡς
501 5474 649 5557 αὺτῷ
696 5474 1177 5558 ἀντισταμενονῖἐν
1207 5474 1326 5558 ταξς
1370 5479 1467 5547 τῆς
1523 5474 1977 5558 Δσοιρκὸςιιιὶπιθυφ

401 5545 551 5624 piat;
582 5545 645 5609 τί)
671 5560 811 5609 κατὰ
837 5545 1061 5624 δύναμιν
1083 5545 1479 5624 ἀγωνιζόμενος
1505 5554 1529 5577 ”
1551 5546 1702 5624 οῠ-τςω
1737 5545 1976 5624 ,διανῆύων

398 5614 547 5680 ὲκτῶ
573 5630 667 5681 καὶ
694 5626 926 5694 δεκαετῆ
957 5614 1147 5693 ᾐρόνοῦ
1176 5619 1271 5687 τῆς
1297 5614 1579 5687 δ’ρωμένης
1604 5616 1815 5685 ἡλικίας
1855 5614 1975 5666 θεο-

726 5720 1000 5779 ΡΑτιιοι..
1042 5718 1158 5777 Gtt.
1197 5712 1350 5775 CXI.

2062 463 2272 503 marum
2325 450 2634 513 turbatrix;
2694 460 2846 506 utere
2906 449 3207 515 maleﬁciis,
3245 452 3497 520 procula
3529 453 3637 509 Deo

2063 542 2378 610 sanctisque
2402 542 2727 598 abalienata.
2760 543 2859 598 Vix
2916 544 3005 598 illa
3040 542 3218 599 fuerat
3245 544 3478 608 locutus,
3513 560 3637 601 cum

2065 631 2255 687 oculos
2312 631 2459 686 humi
2495 632 2808 698 deﬂectens,
2851 636 3132 703 prehendit
3174 635 3347 689 lutum
3379 653 3391 688 :
3424 650 3642 705 compa-

2058 733 2314 794 ctumque
2352 726 2403 778 in
2465 727 2685 781 modum
2714 727 2908 798 lapidis
2947 729 3080 798 jacit
3134 729 3187 783 in
3234 727 3425 783 faciem
3487 729 3642 784 iuvea

2059 817 2353 870 rccundam
2412 818 2640 885 vetulae;
2684 819 2736 871 in
2766 834 2993 889 eamque
3024 819 3306 876 insuﬂlans
3336 819 3390 874 in
3413 820 3640 875 formant

2060 905 2262 985 crucis,
2319 919 2442 959 mox
2502 907 2745 975 corporis
2798 909 3019 963 humani
3048 912 3285 978 speciem
3333 910 3639 980 dissipavit.

2060 993 2436 1048 transformati
2514 995 2568 1049 in
2628 1010 2859 1067 anguem
2912 999 3186 1055 inusitatae
3227 1000 3641 1070 magnitudinis,

2064 1100 2301 1155 moxque
2350 1086 2402 1139 in
2459 1086 2683 1142 domum
2728 1088 3008 1155 cujusdam
3077 1092 3322 1149 mulieris
3351 1108 3473 1150 sese
3500 1095 3643 1149 infe-

2059 1177 2251 1233 rentis.
2308 1176 2503 1233 Mulier
2564 1195 2695 1234 vero
2746 1196 2977 1253 anguem
3028 1184 3362 1253 conspicata,
3390 1200 3500 1254 prae
3536 1195 3645 1240 tre-

2062 1282 2216 1323 more
2283 1284 2340 1324 se
2383 1283 2534 1326 extra
2597 1273 2819 1327 domum
2868 1275 2991 1346 fuga
3050 1275 3300 1345 proripit,
3346 1277 3642 1346 implorans

2064 1374 2221 1429 opem
2249 1360 2575 1429 vicinorum,
2597 1356 2866 1433 serpentis
2893 1380 2924 1419 e
2954 1366 3132 1420 medio
3183 1366 3401 1421 tollendi
3432 1382 3595 1422 causa
3619 1382 3636 1433 ;

2057 1452 2152 1522 qui
2214 1468 2337 1507 cum
2402 1453 2716 1523 frequentes
2785 1458 3199 1522 convenissent,
3255 1458 3486 1528 ingressi
3540 1460 3642 1513 do-

2062 1556 2265 1606 mum,
2362 1543 2497 1597 nihil
2573 1544 2754 1598 minus
2807 1561 2969 1613 quam
3029 1555 3335 1616 serpentem
3400 1548 3642 1615 reperire

2061 1641 2376 1702 potuerunt.
2436 1632 2815 1703 Nequissimus
2891 1651 3128 1706 namque
3189 1637 3422 1702 dzemon,
3474 1647 3640 1692 exuta

1991 1719 2034 1773 Β
2065 1726 2277 1782 colubri
2309 1728 2511 1796 specie,
2547 1743 2812 1797 suamque
2854 1730 2905 1783 in
2931 1737 3179 1783 naturam
3224 1740 3482 1794 mutatus,
3516 1731 3641 1785 inde

2056 1815 2325 1870 abiverat.

2127 1905 2223 1961 45.
2260 1906 2479 1961 Interim
2518 1906 2765 1962 Andreas
2796 1908 2878 1962 via
2907 1907 3163 1962 currebat
3193 1908 3404 1979 incepta
3435 1926 3450 1963 :
3484 1924 3644 1964 cunt-

2055 2012 2161 2066 que
2210 2006 2591 2063 reverteretur,
2641 1997 2988 2054 illusionibus
3040 2000 3157 2055 suis
3213 2016 3434 2070 operam
3473 2002 3639 2067 dans,

2055 2089 2267 2143 obviam
2337 2090 2486 2144 venit
2518 2089 2886 2159 pulcherrimo
2918 2091 2998 2147 illi
3048 2092 3376 2149 adolescenti
3403 2093 3641 2164 Epipha-

2057 2179 2170 2245 nio,
2217 2180 2284 2235 de
2333 2195 2440 2248 quo
2480 2195 2645 2251 supra
2680 2184 2884 2237 mentio
2914 2182 3123 2249 incidit,
3190 2194 3537 2240 consternato
3572 2187 3641 2240 oh

2058 2272 2350 2328 violentam
2373 2274 2639 2329 datmonis
2665 2274 3101 2343 impressionem.
3128 2275 3282 2331 Illum
3302 2276 3642 2346 amplexatus

2056 2367 2322 2433 Andreas,
2381 2365 2503 2421 Noli
2557 2368 2778 2432 limere,
2812 2368 2989 2438 inquit
3026 2386 3040 2422 :
3071 2377 3123 2422 et
3156 2369 3421 2439 prehensa
3452 2386 3639 2433 manu.

2057 2457 2283 2512 deduxit
2312 2456 2380 2511 ad
2411 2447 2649 2513 locum'a
2683 2458 2857 2513 turbis
2893 2468 3185 2525 remotum,
3215 2471 3272 2516 ut
3309 2476 3416 2516 una
3451 2464 3640 2517 consi-

2058 2548 2267 2604 derent.
2300 2551 2447 2603 lnter
2476 2550 2719 2603 eundum
2761 2564 2891 2606 vero
2926 2549 3003 2604 ait
3034 2549 3151 2606 illi:
3203 2550 3343 2607 Ecce
3370 2553 3642 2621 nequissi-

2063 2657 2185 2697 mus
2221 2641 2460 2705 daemon,
2516 2642 2681 2698 modo
2710 2642 2762 2696 in
2795 2658 2981 2706 anum,
3024 2644 3183 2699 modo
3224 2643 3278 2699 in
3312 2647 3642 2714 Agareuum,

2070 2747 2171 2802 pro
2223 2740 2280 2787 ut
2310 2732 2549 2799 libuerit,
2608 2747 2669 2789 se
2718 2734 3100 2804 transﬁgurat;
3152 2734 3478 2805 indutusque
3503 2738 3644 2791 ami-

2059 2834 2205 2880 ctum
2241 2827 2477 2896 nigrum,
2507 2825 2747 2881 occurrit
2769 2825 2880 2879 tilio
2918 2839 3040 2880 meo
3072 2826 3446 2891 dilectissimo,
3486 2843 3645 2882 eum-

2060 2932 2165 2986 que
2193 2918 2519 2987 percellitac
2550 2917 2712 2971 minis
2745 2916 2977 2971 territat.
3024 2916 3273 2971 Audiens
3307 2918 3643 2987 Epiphanius

2063 3024 2369 3065 sermonem
2399 3009 2572 3074 illum,
2605 3008 2892 3078 obstupuit
2924 3023 2937 3059 :
2972 3022 3097 3061 nam
3159 3007 3322 3077 paulo
3374 3019 3501 3064 ante
3544 3025 3645 3065 ne-

2060 3114 2226 3170 quam
2289 3100 2559 3165 diabolus,
2613 3112 2900 3167 nunquam
2956 3113 3065 3152 non
3128 3097 3376 3153 infensus
3407 3099 3645 3156 humano

2061 3193 2268 3261 generi,
2298 3202 2578 3261 assumpta
2610 3192 2899 3248 lsmaelitae
2924 3192 3241 3248 mercatoris
3263 3193 3458 3259 forma,
3493 3193 3645 3250 obtu‘

2062 3286 2198 3339 lerat
2228 3301 2349 3341 sese
2372 3287 2579 3356 juveni,
2613 3295 2669 3341 et
2706 3294 2950 3340 extrema
2989 3300 3218 3355 quaeque
3262 3285 3640 3342 intentaverat.

2062 3374 2199 3443 Quia
2231 3377 2374 3432 enim
2395 3376 2613 3432 videbat
2644 3376 2954 3446 przeclaram
3007 3376 3367 3431 adolescentis
3416 3392 3647 3432 conver-

2063 3466 2371 3529 sationem,
2441 3465 2696 3520 omuibus
2733 3504 2747 3528 ,
2800 3479 2922 3533 qua:
2984 3463 3418 3533 cbjiciebantur,
3464 3466 3646 3522 carnis

2063 3557 2334 3611 illecebris
2381 3566 2435 3610 et
2496 3555 2951 3625 concupiscentiis
3005 3555 3235 3609 viriliter
3296 3556 3643 3623 resistentis;

2062 3664 2188 3703 eum
2246 3658 2424 3702 tamen
2485 3647 2986 3703 duodevicesimum
3045 3646 3219 3700 aetatis
3266 3661 3492 3710 annum,
3534 3662 3646 3716 quo

2065 3749 2310 3806 tempore
2359 3738 2621 3808 juventus
2677 3748 2910 3793 estuare
2938 3747 2993 3793 et
3055 3738 3301 3794 lascivire
3345 3740 3647 3808 praesertim

2075 3829 2379 3895 consuevit,
2433 3828 2676 3884 nondum
2723 3830 3020 3899 attigisset,
3082 3837 3270 3883 contra
3298 3828 3477 3898 ipsum
3533 3837 3645 3883 tam

2069 3919 2319 3990 religiose
2370 3917 2640 3974 viventem
2706 3917 2937 3971 multum
3002 3918 3289 3972 fremebat.
3320 3915 3450 3971 Erat
3498 3918 3647 3972 enim

2070 4025 2257 4066 revera
2295 4008 2613 4064 adolescens
2638 4017 2861 4076 aspectu
2890 4006 3187 4071 formosus,
3255 4007 3498 4063 moribus
3557 4024 3649 4063 νει

2070 4101 2363 4168 recundus,
2419 4114 2760 4170 generosus,
2833 4098 3103 4167 blandus,
3167 4108 3520 4164 mansuetus,
3589 4102 3648 4155 in

2069 4194 2483 4250 conversatione
2556 4192 2828 4258 melleus,
2904 4200 3014 4246 toto
3086 4192 3236 4246 vultu
3316 4190 3645 4245 hilaritatem

2068 4285 2362 4356 praeferens
2399 4324 2414 4349 ,
2486 4283 2721 4353 denique
2791 4282 2847 4337 in
2898 4282 3070 4338 sacris
3126 4281 3349 4336 Litteris
3404 4282 3649 4350 apprime

2432 4376 2806 4446 Rapiebantur
2886 4377 3048 4429 etiam
3116 4375 3168 4428 in
3228 4373 3646 4429 admirationem

2077 4465 2115 4519 ii
2143 4464 2235 4534 qui
2300 4464 2580 4533 sapientia:
2633 4464 2814 4521 studio
2883 4463 3092 4533 seipsos
3144 4478 3433 4534 rerumque
3459 4465 3648 4534 cogni-

2079 4557 2213 4611 tioni
2258 4564 2399 4611 totos
2432 4555 2776 4621 addixeram,
2829 4546 3111 4625 perspecta
3157 4554 3441 4624 Epiphanii
3470 4555 3650 4610 scien-

2085 4649 2181 4715 tia,
2214 4646 2525 4717 auditisque
2590 4646 2927 4717 sapientibus
2956 4645 3233 4717 responsis
3262 4646 3329 4702 de
3357 4646 3650 4717 theologia,

2074 4849 2301 4919 πρεπῶς
2352 4850 2446 4903 καὶ
2506 4847 2812 4919 θεαρέστως
2870 4846 3381 4918 ἀναστρεφόμενος·
3444 4840 3511 4916 ἦν
3541 4844 3647 4898 δὲό

2318 4988 2415 5061 Ms,
2467 4987 2644 5061 ‘Vat‘ic.
2685 4986 2951 5061 prolixius
2984 4988 3177 5061 hac“:
3222 4985 3557 5061 ὁμιλούντων
3593 4987 3650 5038 δὲ

2076 5055 2377 5113 αὐτῶντῶν
2397 5058 2555 5111 θείων
2576 5055 2841 5129 λόγωνμὼς
2866 5058 3055 5129 κηρίον
3075 5055 3289 5129 μέλιτος
3316 5055 3647 5129 αἰσθόμενοι,

2076 5130 2127 5199 oi
2149 5128 2256 5184 τῶν
2297 5128 2558 5199 ῥημάτων
2609 5126 2774 5181 αὑτοῦ
2814 5126 3101 5190 ἀκούοντες
3134 5142 3149 5158 ο
3189 5143 3207 5178 ι
3250 5126 3353 5191 Qui
3383 5134 3559 5199 autem
3588 5128 3653 5179 de

2078 5198 2279 5273 divinis
2297 5196 2487 5273 '_rebu_s
2510 5270 2517 5273 _
2539 5199 2903 5273 loquebantur
2956 5212 3044 5273 eo,
3074 5207 3335 5273 tanquam
3354 5196 3652 5273 degustato

2079 5268 2258 5323 mellis
2294 5268 2415 5321 favo
2438 5264 2873 5330 delectabantur,
2904 5267 3177 5323 audiendo
3224 5264 3387 5317 verba
3420 5264 3587 5317 illius.
3629 5282 3648 5313 ι

2152 5337 2489 5429 (dﬂldsthzec
2524 5338 2793 5434 ιῐέολλὶσίικις
2827 5337 2935 5434 γάρ
2970 5338 3234 5434 σμνήρουν
3279 5332 3437 5434 ὅρους
3462 5332 3655 5434 σοφίας

2085 5402 2200 5477 μετ’
2230 5402 2404 5460 αὐτῶν
2434 5407 2488 5460 in
2522 5405 2623 5462 Ms.
2648 5406 2848 5460 Mazar.
2873 5402 3196 5467 desiderata,
3219 5402 3654 5457 cum-admodum

2082 5479 2318 5532 obscura
2349 5477 2519 5558 et.vix
2550 5476 2906 5546 intelligibilia
2960 5477 3090 5542 siut,
3131 5489 3161 5527 e
3208 5482 3399 5527 nostro
3432 5487 3651 5545 quoque

2083 5557 2231 5605 textu
2250 5557 2449 5603 exemi.

3191 5697 3271 5756 22
