4100 6212
496 223 602 285 683
1490 308 1493 309 ί
1555 229 1974 291 NICEPIIORI
2018 231 2052 289 Ρ

2157 231 2491 295 ISBYTERI
2532 233 2642 293 ΟΡ.
3633 234 3741 297 681.

492 340 558 391 de
606 335 827 398 vocibus
856 340 1272 409 anagogicis,de
1318 341 1711 409 quaestionibus
1759 342 2052 411 proverbia-

2186 344 2241 397 Ὀ
2261 344 2314 397 δὲ
2346 345 2637 415 γενόμενος
2660 344 2836 407 ὲννεὸς
2876 342 3011 414 πρὸς
3039 343 3133 405 τὰς
3158 343 3528 413 ἐπερωτήσεις
3561 343 3739 397 αὐτῶν

494 428 662 491 libus,
699 429 764 483 de
818 429 942 482 tidei
998 430 1364 498 dogmatibus,
1400 431 1466 485 de
1504 432 2052 500 incompreltensibili

2167 436 2609 503 ταπεινοφρόνως
2639 433 2991 505 ἀπεκρίνατο.
3032 435 3169 504 Ἐρῶ
3205 435 3261 487 δὲ
3297 437 3422 505 περὶ
3444 436 3610 488 αὑτοῦ
3644 439 3738 488 ἕνα

492 526 558 579 de
606 524 956 580 meditatione
1023 526 1233 587 mortis,
1291 524 1359 578 de
1428 524 1732 578 humilitate
1780 524 2052 593 perfecta:

2171 526 2346 594 λόγον,
2405 527 2500 580 καὶ
2535 522 2637 578 εἶθ’
2683 526 2855 587 οὕτως
2888 526 2985 597 τὴν
3040 525 3295 597 ἀπειλὴν,
3331 526 3398 597 ἢν
3432 530 3459 580 ὁ
3487 528 3734 592 Σατανᾶς

499 614 863 683 respondebat
926 630 1055 669 vero
1116 616 1192 669 ad
1244 615 1577 685 interrogata
1621 630 1809 671 eor-um
1854 630 2052 669 summ:

2180 616 2488 687 ἱπείλησεν,
2512 617 2929 689 ἀπογράψομαι.

493 723 616 761 cum
680 706 944 759 modestia
999 714 1054 761 et
1144 708 1473 764 humilitate.
1508 708 1581 763 De
1641 708 1746 763 hoc
1804 715 1984 761 autem
2053 705 2398 763 adolescente
2441 709 2629 778 paucis
2686 710 2955 779 agendum
3000 710 3132 765 mihi
3179 711 3341 767 modo
3386 722 3507 778 est;
3545 714 3738 767 deinde

492 800 957 864 terriculamenta,
987 815 1109 869 quae
1130 802 1356 857 Satanas
1377 803 1425 855 ei
1474 801 1712 855 minatus
1734 809 1837 866 est,
1863 800 2235 870 descripturo.

566 891 650 946 ιϐ.
701 891 943 956 Quodam
1006 892 1093 947 die
1148 907 1271 946 cum
1340 893 1657 964 parentibus
1708 892 2052 947 accumbebat

2220 887 2338 957 μς’.
2365 891 2480 962 Μιᾷ
2503 890 2558 943 δὲ
2580 891 2690 944 τῶν
2708 890 2931 962 ἡμερῶν
2956 893 3014 944 ἐν
3037 894 3102 962 τῇ
3129 894 3375 962 τραπέζῃ
3400 894 3508 948 τῶν
3530 896 3732 963 γονέων

496 998 693 1037 mensa:
761 982 1135 1053 Epiphanius,
1198 984 1530 1055 aderantque
1585 987 1775 1039 eodem
1851 978 2052 1050 vorati,

2157 980 2314 1034 αὐτοῦ
2352 982 2750 1053 καθεζόμενος,
2786 978 2929 1053 ἦσαν
2966 984 3060 1037 καί
3097 984 3212 1054 (65)
3257 1002 3401 1050 τινες
3438 986 3548 1041 τῶν
3582 992 3735 1057 gotis-
3796 1014 3797 1017 η

492 1075 797 1143 philosophi
860 1073 1085 1143 aliquot,
1132 1076 1446 1143 parentibus
1495 1075 1640 1130 illius
1682 1088 1941 1145 perquam
1977 1072 2052 1126 fa-

2169 1071 2346 1141 σόφων
2400 1076 2582 1129 ἐκεῖσε
2637 1077 2989 1147 κεκλημένοι,
3050 1078 3192 1145 φίλοι
3255 1077 3591 1147 ὑπάρχοντες
3625 1079 3733 1130 τῶν

492 1166 763 1232 miliares;
802 1164 944 1219 haud
979 1166 1175 1233 ignari,
1205 1177 1406 1235 quanta
1439 1166 1773 1236 Epiphanius
1793 1165 2052 1236 sapientia

2166 1166 2371 1234 γονέων
2426 1165 2591 1220 αὑτοῦ
2624 1207 2639 1232 ,
2701 1170 2798 1223 καὶ
2853 1170 3218 1237 γινώσκοντες
3266 1170 3359 1222 τὸν
3419 1170 3734 1238 Ἐπιφάνιον

488 1271 539 1314 et
574 1259 1062 1328 disputandicopia
1080 1268 1367 1328 praestaret
1404 1258 1802 1329 :quamobrem
1827 1258 2052 1312 avebant

2166 1257 2442 1327 περιφανῆ
2499 1254 2640 1313 εἶναι
2698 1260 2755 1312 ὲν
2809 1260 2970 1330 σοφίᾳ
3026 1263 3119 1314 καὶ
3176 1264 3295 1324 ταῖς
3352 1261 3734 1331 συζητήσεσιν.

489 1353 541 1406 in
604 1350 794 1420 primis
857 1351 1124 1405 disserere
1165 1365 1289 1406 cum
1325 1350 1465 1422 ipso,
1523 1350 1618 1406 sed
1649 1350 2052 1414 inhibebantur,

2173 1347 2480 1418 Ἐγλίχοντο
2500 1349 2555 1401 δὲ
2585 1352 2814 1419 συνᾶραι
2857 1352 3016 1420 λόγον
3046 1352 3162 1422 μετ’
3196 1351 3359 1405 αὑτοῦ
3394 1351 3527 1421 (64),
3591 1351 3733 1405 ἀλλὰ

487 1443 630 1510 quod
663 1444 832 1513 probe
863 1441 1163 1509 novissent,
1195 1444 1615 1512 quantoperead
1672 1442 2052 1511 disputandum

2162 1441 2592 1505 συνεστέλλοντο,
2639 1442 2838 1506 εἰδότες
2869 1444 2944 1507 ὡς
2982 1445 3108 1508 τοὺς
3148 1446 3439 1515 προπετεῖς
3489 1444 3732 1497 ἐϐδελύγ

489 1532 792 1602 praecipites
849 1531 963 1602 ipse
986 1532 1363 1597 detestaretur,
1395 1547 1596 1601 eosque
1621 1546 1880 1585 aversans
1906 1531 2052 1584 nullo

2163 1549 2285 1584 σετο
2338 1530 2433 1585 καλ⁸
2498 1533 2889 1602 ἀπεστρέφετο,
2931 1536 3005 1603 μὴ
3062 1535 3308 1600 ἀπαξιῶν
3362 1534 3732 1603 ἀποκρίσεως.

487 1629 801 1696 dignaretur
831 1639 1117 1695 responso.
1153 1622 1306 1678 Unus
1352 1624 1513 1694 igitur
1539 1623 1753 1677 illorum
1781 1624 1846 1676 ad
1878 1623 2052 1677 socios

2160 1622 2322 1691 Λέγει
2373 1620 2471 1675 οὖν
2502 1621 2581 1686 εἷς
2616 1623 2675 1687 ἐξ
2727 1625 2909 1678 αὐτῶν
2939 1626 3073 1695 πρὸς
3104 1627 3229 1689 τοὺς
3254 1625 3522 1696 ἑταίρους·
3561 1625 3731 1693 Πηλί-

486 1730 814 1785 conversus,
869 1717 1173 1786 Quomodo,
1246 1716 1442 1785 inquit,
1490 1715 1719 1785 gignens
1780 1714 1971 1777 Pater»,
1996 1723 2057 1769 et

487 1811 655 1865 Filius
682 1811 900 1881 genitus
947 1811 1189 1880 ejusdem
1228 1818 1435 1863 natura:
1458 1818 1513 1861 et
1540 1808 1858 1861 substantia:
1903 1817 2053 1871 sunt,

487 1902 739 1970 idemque
788 1909 843 1955 et
891 1901 1200 1972 intelligunt
1238 1909 1291 1954 et
1352 1898 1576 1953 volunt?
1623 1896 1721 1960 En,
1784 1898 1861 1952 ait
1898 1898 2053 1963 alter,

487 1992 669 2057 modo,
712 2008 822 2063 quo
877 2008 1034 2047 mens
1089 2002 1145 2047 et
1188 1992 1497 2046 intellectus
1545 1991 1688 2046 idem
1743 1998 1905 2055 sunt,
1964 1991 2056 2057 qui

486 2094 675 2140 mutua
708 2085 1092 2155 conjunCIione
1130 2084 1502 2148 consentiunt,
1533 2095 1589 2137 nt
1618 2083 1862 2151 corporis
1889 2097 2059 2136 mem-

485 2180 581 2232 bra
632 2178 816 2232 omnia
877 2185 1023 2232 recte
1056 2176 1448 2246 gubernentur.
1474 2174 1612 2228 Tum
1660 2173 2054 2244 philosophus:

486 2267 878 2335 Qumstionem,
899 2267 1116 2322 homine
1140 2266 1428 2337 grandaeva
1450 2267 1670 2335 dignam
1692 2265 2053 2332 assumpsisti,

484 2376 715 2431 eamque
749 2360 965 2415 disertis
1030 2358 1209 2414 verbis
1237 2358 1606 2428 explicatam;
1657 2365 2054 2420 verumtamen,

482 2454 755 2524 quomodo
789 2453 1004 2509 medius
1036 2452 1177 2506 inter
1205 2450 1331 2505 illos
1348 2459 1431 2505 est
1453 2447 1727 2519 Spiritus?
1761 2447 2058 2516 Respondit

482 2550 616 2602 alter
653 2564 665 2600 :
698 2544 989 2610 Nimirum,
1022 2543 1098 2598 ttti
1135 2542 1373 2611 cognitio
1407 2543 1735 2608 intellectus,
1776 2548 1831 2595 et
1863 2554 2055 2610 appre-

481 2640 677 2694 hensio
730 2636 977 2693 fantasire
1036 2635 1091 2689 in
1156 2650 1325 2690 unum
1390 2647 1719 2689 concurrere
1770 2632 1968 2697 sciunt,
2000 2637 2058 2685 ut

482 2728 753 2797 inspirent
819 2726 1177 2780 voluntatem.
1247 2725 1366 2790 Quo
1411 2724 1630 2777 laudato
1672 2720 2002 2776 :Manifesta
2038 2761 2052 2788 ,

479 2814 659 2883 inquit
698 2812 1083 2882 Philosophus,
1107 2814 1508 2882 propositarum
1534 2812 1895 2881 quaestionum
1950 2812 2055 2866 ista

479 2906 683 2960 solutio
712 2914 815 2959 est.
846 2906 1119 2971 Attamen,
1141 2905 1368 2959 Domine
1393 2903 1684 2973 Epiphani,
1710 2903 1875 2959 dicito
1898 2903 2055 2959 nobis

479 3004 536 3049 tu
571 3011 787 3066 quoque
817 3034 832 3057 ,
892 2995 1082 3065 quales
1116 2994 1213 3049 tibi
1250 2995 1366 3050 ista;
1414 2996 1699 3049 sententia:
1732 2994 2049 3049 videantur:

480 3102 600 3156 age,
623 3084 895 3151 mellillue,
930 3085 1113 3155 profer
1150 3087 1205 3140 in
1241 3086 1502 3149 medium,
1552 3087 1694 3156 quod
1726 3100 1911 3140 verum
1948 3100 2052 3154 pu-

485 3190 586 3233 tas.
648 3178 960 3247 Respondet
1005 3176 1341 3248 Epiphanius
1380 3178 1531 3232 :Mea
1555 3192 1716 3231 causa
1742 3177 1842 3231 iste
1871 3190 2051 3231 sermo

478 3270 761 3326 institutus
787 3280 938 3339 _est,
998 3270 1252 3323 videmini
1317 3283 1553 3338 namque
1610 3268 1842 3336 experiri
1892 3268 2048 3332 velle,

478 3365 607 3432 quid
639 3378 736 3433 ego
776 3363 929 3416 canis
956 3362 1250 3416 vilissimus
1308 3362 1499 3414 sciam.
1555 3357 1918 3412 Nihilominus
1972 3358 2052 3411 lo-

482 3459 681 3518 quatur
716 3462 904 3503 servus
933 3458 1114 3502 vester
1148 3446 1326 3501 verbis
1359 3446 1567 3515 paucis.
1608 3446 1898 3515 Reponunt
1927 3448 2002 3501 illi
2039 3465 2055 3503 :

475 3541 531 3596 Id
555 3542 731 3610 ipsum
763 3541 920 3595 nobis
944 3550 1179 3609 gratum,
1216 3539 1567 3604 charissime,
1597 3542 1780 3611 profer
1807 3544 2050 3612 quaedam

474 3630 542 3683 ad
567 3629 986 3683 instructionem
1025 3640 1271 3684 nostram
1326 3645 1391 3685 ex
1425 3631 1573 3686 fonte
1603 3632 1882 3702 sapientiae
1921 3644 2046 3690 ιιιιο.

475 3721 629 3778 Tunc
660 3722 996 3792 Epiphanius
1028 3740 1042 3777 :
1076 3722 1254 3787 Pater,
1282 3723 1379 3787 ait,
1402 3738 1466 3779 ac
1496 3724 1690 3789 Filius,
1718 3727 1896 3796 quoad
1923 3727 2049 3781 illu-

476 3816 851 3881 minationem,
894 3816 1199 3885 judicium,
1252 3818 1584 3872 voluntatem
1635 3828 1689 3872 et
1751 3820 2043 3874 essentiam

475 3923 641 3961 unum
673 3915 799 3962 sunt
824 3947 839 3975 ,
868 3908 1324 3977 quemadmodum
1344 3909 1611 3963 binioculi
1633 3910 1810 3978 quoad
1830 3911 2045 3965 eadem.

473 4001 552 4052 Ad
589 3999 704 4054 haec
735 4016 918 4055 unnse
949 4001 1289 4070 philoSOphis
1319 4018 1332 4055 :
1358 4001 1478 4067 Quo
1508 4013 1666 4071 pacto
1698 4003 1898 4057 horum
1934 4019 2048 4057 me—

470 4093 594 4147 dius
645 4103 700 4147 et
747 4092 1024 4163 Spiritus?
1075 4094 1173 4150 Cui
1202 4095 1538 4165 Epiphanius
1575 4096 1733 4161 :Quo
1786 4112 1893 4160 res,
1928 4111 2048 4166 quae

468 4186 867 4241 consideranda
897 4189 1064 4253 venit,
1100 4187 1153 4241 in
1185 4188 1451 4243 ambobus
1502 4188 1676 4241 oculis
1722 4202 1816 4256 per
1883 4188 2051 4241 visio-

2080 2954 2129 3017 ϐ

2164 1731 2256 1777 κος
2288 1716 2315 1767 6
2361 1717 2639 1786 γεννήτωρ
2698 1718 2892 1788 Πατὴρ
2926 1718 3021 1771 καὶ
3067 1721 3094 1771 6
3134 1719 3390 1786 γεννητὸς
3442 1718 3586 1783 Υἱὸς,
3620 1713 3730 1786 ἆρα

2164 1811 2427 1879 ὁμοφυεῖς
2458 1813 2552 1863 καὶ
2584 1812 2708 1865 κατ’
2740 1810 2907 1880 ἄμφω
2956 1811 3231 1879 ὁμοούσιοι
3278 1809 3555 1878 πεφύκασι
3578 1808 3634 1860 ἒν
3670 1825 3730 1860 τε

2163 1896 2527 1969 τελεύσμασιν
2594 1916 2689 1953 και
2747 1916 3051 1968 νευμασιν;
3114 1901 3260 1969 Ἔφη
3318 1900 3729 1968 ὁέτερος·⁶¹ον

2163 1997 2365 2065 τρόπον
2393 1994 2454 2046 τὸ
2479 1992 2662 2062 νοερὸν
2690 1995 2753 2062 τῇ
2786 1992 3018 2062 διανοίᾳ,
3050 1991 3288 2060 ἑκατέρα
3320 1991 3573 2044 κοινωνία
3604 2009 3730 2043 συν-

2162 2084 2612 2153 διακελευόμενα,
2645 2081 2744 2151 τῆς
2775 2083 2884 2135 τῶν
2931 2082 3111 2152 μελῶν
3169 2083 3488 2152 διοικήσεως
3542 2083 3726 2136 ἕνεκα.

2165 2178 2310 2246 Ἔφη
2336 2164 2363 2227 6
2392 2175 2678 2243 φιλόσοφος
2705 2191 2718 2206 ο
2746 2175 2784 2226 Γ
2789 2175 3001 2244 έροντος
3027 2174 3288 2244 ἐρώτημα
3319 2173 3411 2226 καὶ
3432 2175 3728 2245 άπήχημα,

2163 2269 2257 2323 ἆτε
2276 2268 2339 2338 δὴ
2370 2268 2462 2321 καὶ
2492 2270 2519 2320 6
2546 2267 2703 2336 λόγος
2754 2266 2973 2336 τρανὸς,
3044 2266 3213 2336 μέσον
3245 2266 3301 2319 δὲ
3323 2266 3507 2319 αὐτῶν
3532 2269 3645 2329 πῶς
3669 2269 3732 2319 τὸ

2163 2356 2385 2427 Πνεῦμα
2413 2377 2427 2425 ;
2463 2358 2605 2428 Ἔφη
2639 2358 2816 2427 αὐτῷ’
2855 2357 3051 2421 Καθὼς
3081 2360 3111 2426 ἡ
3138 2356 3344 2425 γνῶσις
3374 2355 3465 2409 τοῦ
3499 2356 3613 2421 vah;
3636 2358 3731 2409 καὶ

2160 2450 2260 2520 τῆς
2318 2450 2561 2514 διανοίας
2620 2451 2806 2529 ἤρασιν
2855 2451 3125 2521 συστυχὴν
3182 2453 3364 2505 ἴσασιν
3414 2454 3492 2513 εἰς
3523 2451 3601 2514 ἓν,
3633 2452 3730 2502 ἐὰν

2162 2542 2474 2596 ὲπέπνοιαν.
2521 2542 2579 2595 'U
2614 2541 2671 2595 δὲ
2692 2542 2986 2606 ἐπαινέσας
3014 2543 3198 2609 αὑτὸν,
3221 2544 3511 2613 ἀπέφησε
3544 2543 3730 2611 Σαφὴς

2161 2633 2473 2705 ἠὲπίλυσις
2531 2635 2638 2687 τῶν
2707 2633 3055 2705 ζητημάτων.
3102 2635 3317 2705 Ὅμως,
3369 2635 3513 2704 Κύρι
3576 2633 3731 2689 Ἐπιο

2162 2728 2343 2796 φάνιε,
2385 2727 2537 2794 λέξον
2588 2728 2720 2796 ἡμῖν
2769 2728 2863 2780 καὶ
2917 2727 3100 2793 αὐτὸς,
3143 2728 3349 2797 πηλίκα
3392 2744 3473 2780 σοι
3507 2727 3573 2781 τά
3603 2727 3731 2797 τῇδε

2159 2820 2442 2889 ἐφάνησαν
2504 2819 2819 2889 φθέγματα,
2856 2818 2951 2872 καὶ
2992 2819 3307 2890 μελίρρυτε,
3370 2817 3656 2887 φθέγξοιτο
3693 2821 3729 2889 η

2159 2911 2379 2979 γλῶσσά
2405 2927 2497 2962 σου
2523 2912 2579 2963 τὸ
2604 2909 2902 2980 ἐπαληοές.
2936 2911 3079 2980 Ἔφη
3105 2914 3133 2963 6
3175 2909 3491 2979 Ἐπιφάνιος
3510 2927 3526 2941 ο
3564 2911 3723 2962 Ἕνε-

2160 3019 2257 3056 κεν
2293 3002 2428 3072 ὲμοῦ
2481 3004 2513 3072 ἡ
2568 3002 2727 3072 ῥῆσις
2758 3007 3089 3073 παρατηρεῖν
3120 3005 3319 3071 πεῖραν
3347 3003 3455 3073 γὰρ
3486 3004 3623 3072 (65)ν
3650 3002 3728 3065 ὠῖ

2158 3095 2325 3161 ἔοικε,
2367 3096 2627 3163 κυναρίου
2663 3096 3047 3149 εὐτελεστάτου
3104 3095 3289 3149 λαϐεῖν
3352 3096 3725 3166 ὑπειλήφατε·

2158 3186 2298 3257 πλὴν
2324 3187 2390 3241 ἂν
2422 3186 2519 3240 καὶ
2546 3189 2574 3239 6
2604 3187 2827 3257 οἰκέτης
2864 3187 3017 3257 ὑμῶν
3053 3186 3110 3240 ἓν
3142 3187 3550 3258 σεμνολόγημά.
3584 3190 3645 3240 Οἱ
3669 3188 3725 3240 δὲ

2156 3274 2332 3334 εἷπονο
2374 3281 2555 3333 Ταυτὸ
2587 3282 2679 3334 καὶ
2729 3283 2865 3350 ἡμῖν
2897 3281 3181 3351 ἐράσμιον,
3237 3280 3484 3349 φίλτατε,
3515 3280 3723 3350 φράσον

2154 3371 2276 3425 τινὰ
2326 3373 2457 3440 ἡμῖν
2517 3372 2820 3442 νεμηθῆναι
2878 3373 2989 3426 ἀπὸ
3038 3374 3140 3440 τῆς
3187 3375 3370 3442 πηγῆς
3396 3372 3496 3440 τῆς
3527 3371 3722 3439 σοφίας

2160 3478 2273 3515 σευ.
2319 3461 2634 3530 Ἐπιφάνιος
2690 3461 2875 3527 λέγει·
2933 3463 2993 3514 '0
3053 3460 3244 3531 Πατὴρ
3297 3459 3445 3513 καὶὸ
3489 3459 3613 3520 Υἱὸς
3649 3456 3707 3508 ἓν

2159 3554 2315 3622 φωτὶ,
2344 3554 2437 3605 καὶ
2491 3552 2694 3619 νεύσει,
2737 3553 2829 3607 καὶ
2859 3552 3147 3623 ϐελήμασι,
3181 3553 3273 3605 καὶ
3303 3551 3462 3620 οὐσίᾳ
3487 3566 3501 3582 ·
3529 3550 3722 3623 ὥσπερ

2157 3642 2411 3713 ἑκάτεροι
2473 3642 2744 3714 ὀφθαλμοὶ
2802 3647 2915 3707 τοῖς
2965 3644 3201 3709 νεύσεσι,
3237 3644 3329 3697 καὶ
3386 3645 3720 3712 φωτίσμασι,

2156 3733 2252 3787 καὶ
2300 3734 2428 3804 Θελή
2442 3750 2627 3803 μασιν.
2679 3731 2775 3798 Εἷς
2830 3738 2894 3788 ἐκ
2924 3735 3129 3789 τούτων
3189 3735 3328 3805 ἔφη·
3362 3735 3484 3794 Πῶς
3518 3733 3723 3805 μεταξὺ

2146 3824 2327 3879 αὐτῶν
2372 3825 2431 3877 τὸ
2463 3826 2727 3896 Πνεῦμα;
2768 3828 3089 3896 Ἐπιφάνιος
3122 3823 3278 3881 εἶπεν
3301 3842 3314 3857 ο
3357 3825 3624 3896 Καθάπερ
3662 3825 3722 3876 ἒν

2147 3915 2209 3968 τὸ
2258 3916 2624 3986 κατανοητέον
2680 3918 2767 3971 ἐπ’
2820 3918 3155 3989 ἀμφοτέροις
3210 3917 3274 3971 δι’
3315 3917 3579 3987 ὁράσεως.
3647 3911 3721 3968 Οἱ

2147 4005 2203 4059 δὲ
2234 3990 2568 4071 ἀκούσαντες
2621 4008 2799 4072 τοῦτο,
2862 4010 3181 4081 ἐξέστησαν·
3232 4004 3311 4071 εἷς
3342 4009 3400 4062 δὲ
3454 4009 3513 4074 ἐξ
3542 4006 3724 4059 αὐτῶν

2148 4100 2252 4171 ἔφη
2284 4115 2296 4129 ·
2357 4100 2679 4155 Ἀθανασίου
2747 4102 2841 4155 τοῦ
2872 4105 2930 4155 ἐν
2966 4102 3169 4171 ’Δγίοις
3211 4102 3462 4173 ἡνοίξατο
3492 4101 3624 4171 ἡμῖν
3658 4100 3724 4152 τὸ

2151 4193 2326 4263 ῥῆμαο

468 4296 616 4337 nem.
660 4279 758 4337 His
810 4281 1014 4337 auditis
1065 4282 1244 4338 mirati
1272 4291 1398 4338 sunt
1448 4283 1709 4349 universi,
1738 4299 1845 4338 uno
1876 4284 2039 4339 etiam
2087 4288 2464 4348 exclamante:
2506 4291 2692 4349 Sancti
2744 4291 3028 4348 Athanasii
3065 4292 3222 4347 nobis
3252 4291 3340 4347 ille
3393 4287 3723 4347 sententiam

468 4381 779 4449 explicavit.

534 4476 627 4531 47.
666 4474 902 4530 Rursum
937 4473 1315 4545 Epiphanius:
1352 4472 1620 4541 Quoniam
1662 4476 1733 4530 ita
1784 4476 2040 4546 placitum

2201 4472 2310 4544 μζθ.
2339 4472 2661 4543 Ἐπιφάνιος
2677 4473 2827 4541 λέγει
2845 4488 2860 4503 °
2883 4472 3029 4543 Πλὴν
3047 4474 3094 4526 εί
3113 4472 3342 4544 ἀρεστὸν
3361 4473 3507 4542 ὑμῖν,
3530 4488 3717 4541 σαρκιο

466 4570 646 4631 vobis,
702 4567 970 4636 corporali
1023 4568 1184 4622 etiam
1217 4567 1377 4623 modo
1432 4567 1737 4638 explicabo.
1769 4567 2039 4633 Quemad-

2157 4565 2238 4632 ;t'b;
2263 4566 2441 4636 φήσω.
2470 4566 2682 4635 Ὥσπερ
2710 4564 2941 4627 ὀδόντες,
2970 4564 3123 4634 χείλη
3154 4566 3250 4618 καὶ
3279 4562 3522 4631 γλῶσσα,
3551 4564 3610 4616 ὲν
3635 4563 3716 4633 τῷ

467 4659 689 4716 modum
725 4659 935 4725 dentes,
972 4658 1112 4714 labia
1137 4670 1189 4715 ct
1207 4659 1412 4730 lingua,
1435 4674 1559 4714 cum
1578 4660 1872 4730 loquimur,
1897 4660 2039 4715 inter

2158 4657 2355 4728 μιλεῖν,
2369 4648 2621 4726 ἀλλήλοις
2636 4655 2818 4725 ληπτά
2835 4655 2931 4709 καὶ
2950 4654 3228 4723 σύνδεσμοι
3244 4672 3309 4707 πε
3318 4654 3480 4723 ρὶτὴν
3494 4655 3681 4723 φωνήν
3697 4670 3713 4684 ο

466 4767 525 4805 se
556 4749 845 4819 conjuncta
892 4758 1041 4815 sunt,
1104 4760 1161 4805 ut
1198 4766 1300 4807 vox
1362 4750 1626 4805 formetur
1656 4768 1669 4803 :
1714 4752 1789 4806 ita
1819 4760 1873 4805 et
1909 4765 2035 4805 cum

2157 4748 2281 4802 δῦτω
2309 4749 2400 4802 καὶ
2424 4749 2451 4800 ὁ
2478 4748 2685 4819 Πατὴρ,
2728 4749 2823 4802 καὶ
2841 4748 3016 4810 ὁΥίὸς
3044 4747 3140 4800 καὶ
3164 4746 3225 4800 τὸ
3253 4744 3411 4815 ἅγιον
3463 4745 3713 4816 Πνεῦμα,

464 4844 621 4895 Patre
657 4850 709 4896 et
755 4839 894 4896 Filio
953 4847 1006 4896 et
1058 4851 1246 4897 sancto
1289 4840 1498 4913 Spiritu
1531 4851 1904 4913 comparatum
1938 4851 2040 4897 est.

2157 4839 2266 4903 νοῦς
2290 4841 2318 4893 6
2346 4839 2533 4909 Πατὴρ
2556 4840 2769 4907 Λόγοςὸ
2801 4838 2944 4902 Υἱὸς,
2970 4838 3031 4890 τὸ
3061 4837 3119 4891 δὲ
3152 4836 3374 4905 Πνεῦμα
3394 4836 3481 4889 ἀεὶ
3509 4837 3568 4888 ὲν
3591 4838 3719 4890 ἐκα-

466 4931 616 4987 Mens
648 4931 825 4997 Pater,
863 4930 1093 4987 Verbum
1126 4930 1318 4999 Filius,
1349 4932 1584 5001 Spiritus
1618 4948 1743 4988 vero
1792 4933 2045 5001 utrisque

2157 4933 2322 5015 εέροις
2357 4931 2652 4987 ὲπιθέουσα
2684 4930 2867 4985 ἔννοιά
2889 4947 2949 4983 τε
2987 4931 3081 4983 καὶ
3103 4929 3326 4998 ὃιαυγία
3365 4928 3459 4980 καὶ
3488 4928 3713 4997 θεωρία.

465 5024 775 5079 communis
847 5025 1137 5094 cegitatio,
1196 5023 1491 5078 intellectio
1539 5032 1593 5078 et
1636 5024 2041 5090 contemplatio,

2157 5022 2202 5073 rb
2238 5021 2325 5074 ἐπ’
2355 5020 2523 5092 ἄκρον
2553 5020 2646 5074 τοῦ
2700 5019 3073 5091 πληρώματος
3122 5019 3215 5072 καὶ
3247 5018 3596 5072 λεπτότατον.
3622 5018 3713 5069 Εἰ-

464 5119 638 5188 ipsius
667 5115 1016 5186 plenitudinis
1041 5129 1315 5170 summum
1342 5129 1407 5168 ac
1456 5113 1897 5169 subtilissimum.
1932 5111 2035 5166 Sed

2157 5128 2338 5182 πωμεν
2361 5112 2416 5165 δὲ
2465 5111 2557 5167 καὶ
2605 5112 2827 5181 ἑτέρως.
2855 5109 3043 5189 Ἷιλιος
3075 5109 3173 5181 μὲν
3203 5111 3231 5163 6
3258 5110 3468 5179 Πατὴρ,
3505 5108 3659 5171 ἀκτὶς
3687 5108 3713 5158 ὁ

462 5209 609 5265 aliud
641 5222 860 5278 quoque
882 5206 1224 5276 proferamus
1253 5224 1269 5260 :
1300 5205 1381 5259 sol
1411 5204 1621 5260 Patrem
1656 5211 1827 5268 notat,
1850 5204 2038 5258 radius

2157 5202 2295 5266 Υἱὸς,
2329 5201 2491 5272 αῐγλη
2522 5199 2798 5271 τηλαυγὴς
2829 5200 2891 5253 τὸ
2918 5199 3270 5270 παράκλητον
3298 5197 3560 5268 Πνεῦμα.
3589 5195 3716 5246 Βλέ-

467 5300 688 5367 Filium,
720 5299 900 5371 fulgor
928 5296 1143 5354 lucidus
1165 5295 1571 5354 consolatorem
1598 5294 1889 5365 Spiritum.
1921 5294 2052 5349 Con.

2157 5292 2285 5362 φατε
2340 5292 2770 5367 τρισυπόστατον
2823 5290 2954 5362 μίαν
2978 5288 3167 5342 οὐσίαν
3220 5289 3312 5341 ἐπὶ
3333 5286 3410 5358 τῷ
3440 5286 3695 5355 στοιχείῳ

2143 5451 2323 5521 capio.
2364 5449 2611 5509 Habebat
2648 5459 2829 5507 autem
2864 5458 3013 5521 post,
3044 5446 3182 5502 duas
3213 5446 3311 5521 has
3358 5440 3578 5521 voculas
3608 5454 3714 5521 ms.

2148 5511 2346 5576 Mazar.
2404 5523 2479 5588 ὡς
2538 5522 2704 5578 ἔοικε.
2751 5511 2937 5587 Βοοῖο,
2967 5519 3195 5589 ideoque
3252 5516 3356 5570 hoc
3399 5515 3574 5585 ipsum
3611 5511 3717 5565 huc

2150 5593 2419 5649 transtuli.

535 5462 645 5529 (65)
698 5456 881 5515 Ἦσαν
913 5458 1027 5521 καί,
1048 5473 1146 5529 pro
1196 5454 1635 5529 quohabebatnr
1673 5454 1730 5509 in
1777 5468 1880 5508 ms.
1916 5452 2036 5507 \‘at.

463 5527 755 5601 ﬂpbgﬁiit);
798 5527 1081 5601 ἐκέκτητο,
1116 5527 1347 5601 ἵναείσί.

534 5592 772 5668 (θιγιιέ.
802 5598 922 5653 Vat.
955 5592 1148 5654 vitiose
1177 5595 1305 5651 ικαὶ
1333 5594 1606 5668 ἐδεδοίκει,
1645 5592 1765 5668 καφ
1802 5594 1901 5647 ὅτι.

535 5661 644 5740 (65)
688 5669 953 5726 Insertum
1014 5670 1103 5724 hic
1142 5677 1259 5725 erat
1312 5665 1572 5738 ῳὲοικὼς
1626 5663 1863 5720 ἁλέλετο.
1919 5661 2039 5719 Νοιι
