4100 6212
394 262 499 325 685

1562 265 1745 326 VITA
1786 266 1848 328 s.
1891 265 2218 349 ANDRE/E
2250 266 2446 326 SALI.

3536 273 3644 336 685

396 376 488 424 καὶ
522 368 839 440 θαυμάσατε
862 384 876 402 ο
932 369 1094 425 είκὼν
1146 371 1359 443 Πατρδς
1418 372 1589 444 ἥλιος,
1625 377 1781 438 ακτὶς
1810 376 1966 447 ἡλίου

2078 377 2317 434 siderate
2350 379 2438 432 hic
2470 371 2631 432 trium
2660 390 3019 448 personarum
3069 383 3358 439 essentiam
3395 401 3555 439 unam
3592 388 3667 461 in;

391 464 544 529 Υἱὸς,
574 463 754 533 θέρμη
779 463 879 533 τῆς
931 465 1150 524 ἀκτῖνος
1177 467 1239 519 τὸ
1264 466 1529 535 πανάγιον
1577 467 1831 537 Πνεῦμα’
1871 469 1965 521 καὶ

392 559 419 609 ὁ
456 556 554 626 μὲν
587 557 739 626 ἥλιος
787 557 999 611 οὐδέπω
1065 559 1385 613 καταλείπει
1431 561 1525 613 τὸν
1573 561 1825 628 οὐρανὸν,
1887 560 1964 625 ὡς

396 650 508 701 υἱὸν
538 649 595 702 δὲ
627 649 723 712 τὰς
787 650 1011 714 ἀκτῖνας
1042 652 1153 714 τοῖς
1186 652 1279 705 ἐπὶ
1318 653 1420 721 γῆς
1447 652 1791 718 ἀποστέλλει,
1848 652 1973 721 θέρε

396 757 507 811 μην
558 743 680 803 ταῖς
736 743 920 795 ἀκτῖσι
950 740 1012 795 τὸ
1059 743 1328 812 πανάγιον
1385 744 1610 814 Πνεῦμα
1666 745 1973 815 εὐεργετεῖν

407 832 501 886 καὶ
559 831 789 887 θάλπειν
853 832 914 886 τὸ
963 834 1071 888 τῶν
1124 834 1428 905 ἀνθρώπων
1487 836 1663 901 γένος.
1730 835 1972 905 Τοιούτῳ

390 921 576 992 τρόπῳ
623 921 716 976 καὶ
753 921 782 975 ό
827 922 1037 993 Πατὴρ,
1100 922 1501 993 παντοκράτωρ
1552 920 1837 990 πεφυκὼς,
1881 921 1973 974 ἐπὶ

389 1014 493 1083 γῆς
515 1014 574 1067 οὐ
619 1013 910 1085 κατῆλθεν,
939 1014 1245 1069 ἀπέσταλεν
1299 1015 1357 1070 δὲ
1402 1015 1459 1069 τὸ
1482 1017 1847 1083 ἀπαύγασμα,
1876 1013 1973 1066 καὶ

388 1106 490 1175 τὴν
523 1108 580 1158 ἐν
610 1105 688 1177 τῷ
737 1107 1138 1177 ἁπαυγάσματι
1195 1106 1406 1178 θέρμην
1455 1105 1552 1160 τοῦ
1604 1105 1964 1177 παρακλήτου

391 1197 733 1267 Πνεύματος,
765 1198 861 1252 καὶ
918 1198 1158 1252 σέσωκεν
1217 1199 1319 1268 τὴν
1370 1197 1799 1269 τετραπέρατον.
1836 1196 1970 1263 Ἀγε

390 1287 454 1360 δή
484 1306 577 1357 μοι
608 1289 664 1341 ἐν
729 1287 806 1359 τῷ
833 1288 1006 1359 μέσῳ,
1037 1287 1133 1341 καὶ
1164 1287 1329 1340 αὑτὸν
1365 1288 1553 1357 ἄρτον,
1578 1287 1636 1339 ὃν
1674 1284 1796 1339 καθ’
1833 1284 1969 1356 qut-

397 1397 496 1449 ραν
523 1380 804 1451 ἐσθίομεν,
831 1380 941 1433 ἀπὸ
956 1380 1066 1452 γὰρ
1099 1379 1271 1446 σίτου,
1312 1379 1408 1433 καὶ
1429 1377 1640 1444 ὕδατος,
1674 1377 1768 1431 καὶ
1800 1377 1973 1447 πυρὸς

388 1471 487 1541 τὴν
524 1472 825 1540 ταυτότητα
880 1471 1164 1542 κέκτηται,
1220 1466 1302 1536 εἷς
1352 1472 1448 1525 καὶ
1485 1470 1647 1534 αὐτὸς
1709 1472 1774 1524 ὲκ
1801 1471 1972 1542 τριῶν

393 1562 748 1615 ὑποστάσεων
782 1562 1186 1634 γνωριζόμενος
1218 1580 1233 1594 θ
1267 1561 1494 1629 τοιούτῳ
1524 1561 1735 1632 τρόπῳ·
1758 1560 1969 1631 ὑπολη-

393 1654 557 1707 πτέον
599 1655 728 1724 περὶ
782 1653 884 1724 τῆς
942 1654 1378 1724 τρισυποστάτου
1428 1654 1637 1715 ἐνιαίας
1691 1651 1967 1723 θεότητος.

2076 467 2347 537 principio
2378 482 2502 530 suo,
2535 476 2588 522 et
2619 468 2982 524 adrniramini.
3020 468 3199 542 Imago
3222 470 3401 529 Patris
3430 474 3512 529 sol
3541 474 3667 539 esu?

2077 559 2262 614 radius
2293 559 2425 615 solis
2462 559 2655 627 Filius,
2680 562 2828 618 calor
2864 562 3000 618 radii
3045 562 3279 634 Spiritus
3310 575 3531 622 sanctus
3557 584 3570 621 :
3593 577 3650 622 et

2076 652 2154 706 sol
2187 654 2403 721 quidem
2462 670 2741 725 nunquam
2808 656 3011 712 deserit
3036 658 3273 722 coelum;
3309 658 3490 713 radios
3524 673 3650 713 vero

2077 759 2228 807 suos,
2259 754 2516 814 tanquam
2554 746 2718 813 ﬁlios,
2758 747 3119 803 incolentibus
3149 758 3345 803 terram
3378 750 3650 816 demittit,

2076 835 2255 889 calore
2278 852 2395 901 sua,
2423 838 2719 893 humanum
2750 853 2921 908 genus
2940 848 3281 895 recreaturos
3308 838 3667 911 foturosque.‘

2078 924 2339 980 Similiter
2372 927 2534 981 etiam
2562 928 2740 994 Pater,
2770 930 2861 998 qui
2897 933 3240 999 omnipotens
3283 939 3385 996 est,
3419 946 3526 985 non
3558 931 3654 986 de-

2076 1017 2285 1071 scendit
2321 1016 2373 1070 in
2434 1026 2656 1084 terram,
2686 1020 2834 1073 misit
2868 1028 3050 1075 autem
3080 1021 3422 1090 splendorem
3465 1038 3647 1087 suum,

2075 1105 2127 1160 in
2180 1122 2352 1177 coque
2409 1109 2643 1163 calorem
2704 1109 2941 1179 Spiritus
2968 1112 3351 1177 consolatoris,
3388 1123 3439 1167 et
3471 1114 3651 1167 salvos

2076 1199 2201 1254 fecit
2234 1212 2470 1270 quatuor
2497 1201 2631 1256 ﬁnes
2669 1203 2816 1258 orbis
2858 1212 3036 1259 terrae.
3061 1209 3172 1276 Age
3200 1220 3386 1274 porro,
3410 1204 3651 1275 proferte

2074 1292 2129 1345 in
2187 1292 2425 1346 medium
2475 1293 2624 1346 illum
2685 1293 2860 1363 ipsum
2899 1309 3093 1363 panem
3133 1310 3240 1366 quo
3283 1295 3524 1366 quotidie
3559 1311 3651 1351 ve-

2073 1366 2315 1447 scimur';
2378 1395 2560 1435 nonne
2600 1395 2665 1436 ex
2724 1382 3025 1449 frumento,
3078 1401 3143 1437 ex
3200 1400 3363 1453 aqua,
3424 1393 3477 1439 et
3506 1385 3649 1455 igne,

2073 1469 2394 1526 substantiis
2432 1472 2603 1526 tribus
2628 1472 2884 1540 diversis,
2914 1490 3053 1529 unus
3084 1474 3334 1545 idemque
3373 1477 3527 1547 panis
3559 1492 3650 1533 co-

2077 1562 2360 1631 gnoscitur
2386 1561 2439 1615 in
2469 1563 2627 1616 talem
2660 1562 2891 1619 formam
2942 1566 3231 1621 coaluisse.
3278 1565 3465 1638 Neque
3495 1567 3653 1623 aliter

2073 1652 2402 1723 Opinandum
2431 1663 2513 1709 est
2542 1655 2608 1709 de
2641 1657 2801 1711 unius
2841 1656 3064 1713 Deitatis
3121 1659 3433 1729 triplicitate
3463 1674 3651 1725 perso-

405 1745 765 1810 Ἀκούσαντες
798 1745 854 1799 δὲ
880 1745 1056 1801 ταῦτα
1096 1747 1146 1799 οί
1188 1746 1495 1816 φιλόσοφοι,
1548 1746 1642 1800 καὶ
1671 1729 1969 1815 ἀντοφθαλξ

2076 1760 2289 1799 narum.
2321 1745 2615 1816 Postquam
2650 1746 2774 1801 talia
2808 1748 3090 1803 audissent
3146 1750 3477 1821 philosophi,
3512 1751 3648 1806 nihil

393 1841 565 1909 μῆσαι
594 1839 671 1911 τῷ
699 1840 924 1911 μείρακι
954 1840 1031 1911 μὴ
1059 1840 1359 1911 ἰσχύοντες,
1393 1839 1842 1908 καταπλαγέντες
1871 1840 1970 1911 τὴν

392 1930 559 1985 αὑτοῦ
597 1930 792 2001 σοφίαν
826 1934 917 1985 καὶ⁸
960 1931 1200 1996 σύνεσιν,
1247 1930 1435 1984 οὐκέτι
1461 1930 1591 2000 περί
1626 1948 1780 1995 τινος
1806 1932 1972 2003 συζή-

391 2040 549 2092 τησιν
576 2025 930 2094 ἐποιήσαντο,
959 2022 1060 2093 τὴν
1094 2021 1224 2092 παρ’
1256 2020 1419 2076 αὑτοῦ
1476 2021 1711 2085 δεδιότες
1740 2023 1971 2075 ἀντεπε-

396 2112 655 2185 ρώτησιν,
693 2114 769 2186 μὴ
804 2131 1073 2184 καταισχυ
1087 2114 1253 2168 νθῶσι
1278 2114 1527 2185 καθάπερ
1555 2115 1676 2169 τινὰ
1709 2118 1970 2186 σοφιστὴν

391 2207 625 2262 ὲνὼπιον
674 2208 851 2278 δήμου
910 2207 1296 2279 κατῄσχυνεν,
1356 2208 1535 2277 φήσας
1578 2208 1717 2278 πρὸς
1764 2209 1926 2263 αὐτόν
1954 2226 1968 2241 ·

393 2300 658 2371 Θρύ).αιον
706 2300 820 2370 (66)
869 2299 1147 2371 πτερῶδες
1210 2300 1446 2371 ἤργηται
1480 2300 1568 2353 διὰ
1620 2300 1972 2372 θέσιν,ἢοὺκ

391 2389 633 2460 ἥργηται
652 2407 667 2457 ;
689 2389 854 2444 Τοῦδε
876 2392 984 2463 γὰρ
1002 2391 1366 2463 δπολυμαθὴς
1401 2393 1606 2455 ἐκεῖνος
1636 2393 1860 2462 εὐήκοος
1879 2411 1973 2462 γε-

392 2480 639 2549 νόμενο;,
662 2483 869 2547 γελοῖον
891 2483 1104 2536 πάντων
1119 2483 1490 2536 ἀπεδείκνυτο*
1515 2482 1745 2553 τῶνγὰρ
1776 2483 1972 2554 Αρείου

393 2556 740 2646 λυκοκέρκων
795 2576 1013 2645 μυστῶν
1077 2572 1158 2639 εἷς
1218 2572 1607 2646 ἐχρημάτιζεν.
1685 2573 1976 2628 Ἀναστάν-

391 2678 484 2729 τες
500 2662 597 2720 οὖν
618 2669 797 2737 σιωπῇ
813 2666 909 2736 τῆς
932 2664 1233 2736 τραπέζης,
1254 2662 1389 2733 πρὸς
1418 2662 1487 2716 τὰ
1516 2663 1691 2715 οἰκεῖα
1711 2661 1971 2734 ἐχώρουν.

394 2760 720 2815 Arianorum
784 2757 1157 2813 sacerdotibus
1214 2773 1375 2813 unus.
1432 2755 1613 2823 Quare
1684 2756 2007 2828 philosophi,
2051 2757 2211 2812 tacite
2260 2759 2441 2813 relicta
2495 2772 2679 2814 mensa

397 2855 628 2926 quisque
659 2854 1028 2909 contulerunt.

2074 1836 2371 1908 quidquam
2400 1839 2728 1908 reperientes
2752 1841 2895 1912 quod
2914 1841 3275 1898 adolescentis
3292 1844 3648 1913 prudentibus

2073 1928 2252 1984 en‘atis
2285 1940 2636 1999 opponerent,
2673 1932 2926 1988 admirati
2961 1941 3089 1989 sunt
3131 1934 3481 1991 vehementer
3514 1952 3652 2005 pra:-

2074 2022 2277 2075 claram
2307 2021 2453 2079 illius
2485 2022 2806 2092 sapientiam
2830 2033 2993 2095 atque
3027 2025 3418 2093 eruditionem,
3445 2026 3649 2082 nullam

2078 2113 2199 2167 ausi
2251 2113 2506 2183 deinceps
2546 2130 2766 2171 movere
2812 2117 3164 2186 quaestionem
3194 2134 3305 2187 prae
3335 2120 3551 2185 timore,
3586 2133 3654 2174 ne

2078 2203 2223 2259 forte
2253 2204 2366 2274 ipse
2402 2206 2642 2261 vicissim
2662 2208 2937 2277 quidpiam
2962 2209 3281 2265 saivendum
3309 2223 3651 2280 proponeret,

2080 2298 2226 2352 unde
2254 2297 2759 2366 confunderentur';
2784 2302 3241 2371 quemadmodum
3274 2317 3446 2372 nuper
3468 2300 3654 2371 sophi-

2078 2399 2217 2444 stam
2245 2392 2557 2461 quempiam
2592 2402 2872 2462 spectante
2906 2394 3107 2463 populo
3138 2393 3422 2465 insigniter
3455 2391 3653 2448 conin-

2079 2481 2258 2547 derat,
2295 2484 2375 2537 sic
2421 2490 2806 2551 percunctatus
2843 2502 2856 2540 :
2890 2483 3076 2540 Trulla
3105 2486 3247 2541 sitne
3276 2502 3340 2540 ex
3374 2486 3652 2556 proposito

2081 2583 2294 2639 ansata,
2323 2589 2390 2628 an
2425 2580 2574 2629 non?
2601 2573 2731 2641 Quae
2765 2576 2928 2630 verba
2967 2591 3089 2631 cum
3129 2576 3331 2633 sciolus
3371 2578 3470 2633 iste
3493 2576 3653 2631 audi-

2084 2672 2187 2725 ret,
2240 2663 2485 2718 omnium
2516 2664 2649 2719 risui
2680 2674 2763 2720 est
2788 2665 3068 2734 expositus
3107 2682 3121 2720 :
3159 2676 3276 2720 erat
3323 2678 3560 2735 namque
3587 2678 3651 2717 ex

2772 2763 3076 2830 surgentes,
3129 2759 3350 2816 domum
3387 2774 3445 2816 se
3496 2773 3649 2815 suam

1821 2970 2051 3027 CAPUT
2095 2968 2204 3023 \‘ll.

396 3086 745 3158 Epiphanius,
774 3086 998 3143 Andrea:
1028 3086 1333 3156 familiaris,
1356 3086 1560 3141 obvium
1593 3086 1743 3140 habet
1771 3089 2061 3210 (Imaginem
2087 3123 2101 3148 ,
2128 3092 2175 3135 et
2207 3088 2479 3206 tetlttatur:
2522 3080 2608 3134 cui
2631 3082 2695 3135 ab
2721 3082 2931 3136 Andrea
2974 3082 3131 3153 hujus
3169 3090 3308 3137 artes
3342 3084 3651 3139 aperiuntur

1674 3168 1722 3210 et
1750 3173 1884 3210 reme
1927 3173 1976 3209 ta
1999 3168 2256 3210 suaaerutt
2285 3167 2372 3206 ur.

1674 3168 1722 3210 et
1750 3167 1976 3211 remedia
1999 3167 2372 3225 suggeruntur.

469 3278 584 3341 μη’.
618 3270 703 3334 Ὠς
725 3270 782 3325 δὲ
804 3270 1020 3342 εἴρηται
1043 3268 1352 3342 ἔμπροσθεν
1376 3270 1458 3323 ὅτι
1477 3270 1635 3340 χεῐρα
1661 3270 1798 3339 πρὸς
1821 3271 1969 3341 χεῖρα

2142 3268 2234 3324 48.
2268 3266 2691 3322 Ambulantibus
2738 3267 2941 3338 itaque,
2968 3268 3175 3337 junctis
3216 3268 3357 3325 inter
3377 3284 3437 3326 se
3468 3275 3649 3327 mani-

396 3363 612 3431 κρατῶν
640 3363 731 3416 τὸν
763 3361 919 3431 ἅγιον
953 3362 1213 3431 Ἀνδρέαν
1241 3364 1269 3415 6
1308 3362 1622 3432 Ἐπιφάνιος
1646 3402 1661 3427 ,
1690 3361 1983 3433 ζητοῦντες

397 3451 652 3522 εὔκαιρον
690 3451 853 3506 τόπον
882 3452 977 3506 τοῦ
1009 3453 1315 3523 ὁμιλῆσαι,
1366 3451 1416 3503 οί
1467 3450 1835 3513 συναντῶντες
1891 3449 1968 3521 τῷ

410 3544 711 3616 Ἐπιφανίῳ
776 3544 1124 3615 δικαζόμενοι
1190 3542 1380 3610 ἔλεγον
1411 3556 1426 3572 °
1479 3541 1593 3594 Οὐκ
1643 3540 1815 3604 ἐλεεῖς
1868 3540 1968 3611 τὴν

400 3634 630 3689 σεαυτοῦ
669 3635 897 3707 νεότητα
923 3653 937 3701 ;
982 3634 1056 3705 μὴ
1085 3632 1289 3696 τοίνυν,
1320 3629 1626 3700 γλυκύτατε
1653 3630 1860 3693 νεανία,
1890 3629 1968 3699 τῷ

397 3728 756 3799 δαιμονιαρίῳ
806 3727 980 3798 τούτῳ
1020 3728 1114 3781 καὶ⁸
1178 3723 1327 3795 σαλῷ
1371 3724 1837 3793 συμπαρεδρεύων
1875 3723 1970 3775 καὶ

397 3820 795 3891 συνοδοιπορῶν
821 3821 993 3891 αὐτῷ,
1027 3820 1101 3890 μή
1133 3835 1264 3872 ποτε
1303 3818 1331 3871 ό
1371 3814 1611 3886 πονηρὸς
1643 3814 1810 3869 αὑτοῦ
1854 3814 1969 3868 δαί-

399 3930 517 3981 μων
582 3912 802 3984 ζηλώσῃ
856 3928 952 3965 σου
998 3912 1059 3963 τὸ
1112 3908 1330 3972 κάλλος,
1368 3906 1468 3977 τὴν
1515 3906 1845 3976 ὡραιότητα,
1874 3906 1971 3959 καὶ

392 4004 574 4074 ἔρωτά
597 4022 678 4057 σοι
704 4004 925 4074 θέμενος
943 4002 1303 4074 παρακρούσῃ
1339 4017 1434 4054 σου
1459 4016 1473 4032 ο
1503 3997 1684 4053 ίκαναὶ
1699 3998 1808 4067 γάρ
1831 3999 1968 4051 εἰσιν

392 4100 450 4150 αἱ
481 4096 782 4167 προφάσεις
817 4095 910 4148 τοῦ
934 4094 1108 4149 δεινοῦ
1136 4092 1528 4163 πολεμήτορος.
1557 4091 1616 4144 '0
1642 4091 1699 4144 δὲ
1717 4090 1968 4160 θεοφιλὴς

394 4190 615 4251 νεανίας
640 4187 1079 4259 ἀνταπεκρίνατο
1122 4186 1305 4248 αὐτοῖς
1332 4191 1361 4254 ’ί
1382 4184 1627 4254 Ἀδελφοί.
1661 4184 1757 4238 καὶ
1788 4184 1965 4236 Πατέ-

398 4297 510 4352 ρες,
548 4282 657 4352 πρὸ
697 4282 790 4334 τοῦ
820 4279 1077 4350 γενέσθαι
1110 4280 1200 4332 τὸν
1228 4278 1453 4350 ὄλεθρον
1500 4276 1689 4331 τοῦτον
1732 4275 1819 4329 ἐπ’
1865 4276 1965 4329 αὐ-

394 4371 504 4438 τὸν,
532 4372 839 4444 προσφιλής
870 4389 960 4442 μοι
989 4370 1204 4443 ὑπῆρχε
1237 4370 1380 4435 λίαν,
1420 4369 1516 4423 καὶ
1566 4370 1600 4440 ὴ
1652 4370 1866 4439 ἀγάπη,
1900 4368 1966 4436 ἣν

398 4465 536 4534 πρὸς
586 4463 852 4534 ἀλλήλους
887 4463 1128 4533 εἴχομεν,
1187 4461 1518 4534 ἀσύγκριτος
1563 4456 1632 4533 ἦν
1665 4478 1679 4492 ο
1722 4460 1817 4515 νῦν
1869 4454 1963 4514 οὖν

396 4556 537 4626 ὑπὲρ
565 4556 687 4610 ὅσον
714 4555 940 4618 ἔπαθεν,
969 4553 1292 4626 εὐχάριστόν
1344 4555 1490 4607 ἐστιν
1541 4552 1617 4623 μὴ
1671 4552 1960 4622 προσέχειν

400 4664 467 4717 με
500 4647 687 4701 τοῦτον
716 4647 810 4701 καὶ
840 4647 1011 4699 ἐλεεῖν
1042 4662 1055 4676 ·
1088 4645 1403 4715 γέγραπται
1434 4644 1542 4713 γὰρ
1565 4645 1655 4696 ἐπὶ
1679 4644 1962 4714 συνδέσμῳ
1994 4633 2038 4689 1)

397 4736 600 4805 φιλίας,
634 4736 869 4800 Μείζονα
893 4734 1096 4806 ταύτης
1122 4734 1348 4806 ἀγάπην
1380 4735 1558 4797 οὐδεὶς
1590 4733 1725 4804 ἔχει,
1765 4734 1851 4787 ἵνα
1880 4752 1963 4796 τις

392 4828 460 4899 θῇ
492 4829 592 4898 τὴν
616 4828 797 4899 ψυχὴν
832 4828 998 4882 αὑτοῦ
1029 4828 1171 4898 ὑπὲρ
1209 4827 1321 4882 τῶν
1353 4827 1524 4896 φίλων
1554 4826 1740 4880 αὑτοῦ.
1777 4824 1965 4879 Ταῦτα

392 4920 829 4990 ἁνταπεκρίνατο
854 4924 968 4984 τοῖς
1000 4920 1071 4973 τὰ
1114 4919 1338 4973 τοιαῦτα
1387 4918 1637 4987 λέγουσιν
1674 4933 1690 4950 ·
1740 4932 1961 4987 παραγ-

390 5012 577 5079 γελίαν
608 5014 717 5082 γὰρ
744 5009 889 5082 εἶχεν
917 5014 974 5064 ὲν
1020 5012 1170 5081 νόμῳ
1215 5011 1323 5064 ἀπὸ
1366 5010 1461 5065 τοῦ
1500 5009 1707 5063 δικαίου
1746 5008 1958 5077 ἀνδρὸς,

390 5102 548 5165 tm;
576 5105 688 5166 τοῖς
714 5103 1016 5165 νεανίσκοις
1042 5104 1154 5165 τοῖς
1183 5102 1470 5168 ἀγαπῶσιν
1498 5100 1682 5166 αὐτὸν,
1721 5096 1797 5169 μὴ
1824 5099 1959 5151 ἁπο-

389 5198 676 5266 γυμνῶσαι
701 5199 801 5267 τὴν
827 5195 1104 5250 πολιτείαν
1129 5195 1295 5249 αὑτοῦ
1326 5213 1456 5251 τινι.

2071 3361 2194 3426 bus,
2238 3361 2701 3430 quemadmodum
2758 3375 2924 3432 supra
2963 3363 3291 3418 mentionem
3326 3363 3505 3420 facere
3535 3381 3651 3420 mc-

2071 3450 2229 3515 mini,
2254 3450 2460 3506 sanctis
2518 3450 2733 3505 Andrea
2767 3460 2821 3506 et
2870 3450 3197 3521 Epiphanio,
3242 3456 3648 3523 quaerentibus-

2070 3553 2178 3609 que
2229 3547 2600 3608 opportunum
2655 3537 2971 3594 conferendi
3013 3540 3155 3594 inter
3207 3556 3265 3596 se
3296 3540 3517 3610 locum;
3552 3546 3647 3614 qui

2069 3631 2287 3688 obviam
2318 3632 2545 3697 ﬁebant,
2575 3631 2882 3699 arguebam
2938 3631 3322 3703 Epiphanium,
3357 3634 3598 3692 dicentes
3632 3658 3646 3692 :

2068 3725 2302 3780 Nullane
2343 3725 2650 3793 juventutis
2714 3724 2988 3780 miseratio
3018 3736 3067 3781 te
3108 3734 3214 3781 tua;
3267 3728 3433 3798 capit,
3462 3730 3648 3785 adole—

2069 3830 2230 3871 scens
2284 3814 2649 3871 suavlssime?
2682 3813 2824 3881 Noli,
2875 3832 3081 3885 quaeso,
3110 3832 3233 3872 cum
3284 3819 3507 3875 homine
3532 3822 3648 3884 illo.

2069 3917 2184 3963 tum
2215 3921 2244 3961 a
2276 3906 2522 3962 daemone
2549 3908 2785 3973 incesso,
2819 3915 2933 3965 tum
2964 3922 2992 3961 a
3021 3916 3165 3963 statu
3184 3911 3383 3967 mentis
3414 3912 3646 3981 deiecto,

2070 4008 2163 4053 aut
2196 3998 2651 4055 consuetudinem
2692 4006 2787 4051 aut
2840 3998 3156 4054 societatem
3200 4000 3339 4055 inire
3376 4018 3484 4058 :ne
3509 4003 3649 4059 forte

2068 4104 2303 4159 nequam
2328 4090 2475 4145 illius
2497 4071 2851 4153 daemonium,
2883 4089 3312 4159 pulchritudinis
3340 4091 3648 4161 dignitatis-

2067 4198 2173 4252 que
2200 4191 2306 4237 tuae
2335 4181 2601 4247 invidum,
2636 4181 2841 4236 amoris
2859 4181 3100 4235 simulati
3129 4182 3312 4251 specie
3346 4184 3650 4241 circumve-

2068 4278 2180 4328 niat
2205 4273 2625 4344 supplantetque
2658 4282 2746 4337 te;
2781 4271 3029 4343 plurima:
3054 4272 3197 4327 enim
3223 4282 3352 4328 sunt
3384 4275 3647 4344 gravissi-

2065 4367 2141 4420 mi
2172 4366 2319 4421 illius
2354 4366 2656 4420 adversarii
2687 4365 3141 4421 machinationes.
3184 4365 3394 4432 Quibus
3421 4370 3493 4422 ita
3521 4369 3648 4439 Epi-

2064 4458 2302 4528 phanius
2332 4458 2612 4527 respondit
2644 4466 2659 4511 :'
2695 4458 2916 4513 Fratres
2961 4457 3293 4528 Patresque,
3326 4460 3643 4530 priusquam

2066 4550 2172 4606 iste
2197 4560 2557 4621 occuparetur
2589 4566 2619 4606 a
2642 4550 3042 4616 cacodzemone,
3100 4566 3358 4621 perquam
3393 4554 3525 4609 mihi
3567 4555 3644 4609 ia-

2069 4645 2296 4699 miliaris
2369 4644 2616 4711 exstitit;
2658 4646 3029 4714 cbaritasque,
3079 4659 3183 4715 qua
3214 4644 3355 4700 inter
3390 4660 3488 4701 nos
3522 4647 3647 4702 dili-

2070 4737 2351 4807 gebamus,
2416 4745 2564 4791 tanta
2614 4736 2741 4802 fuit,
2797 4744 2855 4791 ut
2888 4736 3023 4791 nihil
3054 4752 3427 4806 supraznunc
3477 4740 3644 4808 igitur

2069 4842 2195 4881 cum
2259 4827 2312 4880 in
2373 4826 2737 4881 calamitatem
2807 4826 2948 4881 hunc
3005 4825 3218 4893 incidit,
3251 4844 3376 4881 nunt
3424 4844 3638 4899 :equum

2069 4918 2298 4989 putatis,
2352 4917 2557 4972 nullam
2613 4933 2700 4973 me
2728 4917 2927 4972 misero
2967 4933 3187 4987 operam
3223 4934 3443 4983 navare,
3476 4922 3641 4977 mise-

2068 5010 2357 5065 ricordiam
2423 5011 2678 5064 exhibere
2729 5010 2992 5064 nullam?
3064 5010 3336 5080 Scriptum
3387 5020 3469 5066 est
3495 5013 3636 5065 enim

2069 5102 2137 5157 de
2190 5102 2489 5156 amicorum
2551 5099 2981 5171 conjunctione:
3021 5120 3040 5153 ι
3098 5100 3639 5172 Majorcmltacdilc-

2066 5195 2299 5249 ctionem
2348 5208 2508 5248 nemo
2559 5193 2739 5258 habet,
2782 5201 2839 5246 ttt
2869 5192 3104 5247 animam
3147 5210 3300 5247 suam
3330 5195 3639 5264 ponatquis

390 5304 486 5358 pro
541 5287 736 5342 amicis
804 5287 920 5342 suis
974 5286 1016 5341 ⁸.
1078 5305 1098 5338 ι
1159 5290 1333 5357 Atque
1364 5288 1478 5341 haec
1521 5286 1807 5356 responsio
1845 5295 1963 5341 erat
2000 5285 2307 5357 Epipltanii,
2344 5301 2451 5355 qua
2482 5300 2638 5341 suam
2680 5301 2802 5342 cum
2834 5285 3046 5341 Andrca
3093 5285 3516 5339 familiaritatem
3551 5287 3635 5340 in-

455 5421 665 5478 ‘Joan.
708 5436 799 5485 xv,
835 5419 922 5475 15.

458 5535 571 5604 (66)
633 5532 774 5606 Quid
806 5535 895 5590 hic
920 5532 1457 5606 Tpodnatovz‘infra
1488 5532 1541 5588 in
1579 5530 1774 5606 Μία-τον.
1816 5534 1954 5589 scri-

386 5608 528 5661 bitur
551 5603 857 5675 spoéntov,
889 5606 941 5658 in
972 5603 1239 5660 Vaticano
1265 5603 1584 5675 Ἐγχείριοντ
1622 5603 1818 5672 Utique
1863 5619 1957 5657 vas

387 5686 641 5732 manuute
690 5684 742 5730 ct
798 5676 1118 5743 rotundum,
1174 5675 1334 5745 quale
1366 5684 1444 5730 est
1476 5674 1660 5741 trulla,
1690 5689 1808 5745 qua:
1838 5689 1959 5744 pro-

2061 5545 2182 5605 pter
2235 5544 2444 5607 aptatas
2478 5538 2524 5592 ci
2572 5553 2735 5592 ansas
2786 5536 3077 5607 πτερῶδες,
3106 5540 3260 5607 quasi
3316 5539 3484 5603 alata,
3517 5538 3633 5595 ﬁeri

2064 5608 2320 5681 ςιὶείιιιτ.Δ
2346 5606 2462 5661 Non
2521 5618 2698 5663 tamen
2735 5606 3077 5677 satis’capio
3111 5610 3242 5681 quid
3303 5611 3390 5667 hic
3419 5611 3630 5667 elenchi

2063 5675 2226 5733 lateat
2257 5678 2518 5735 adversus
2553 5682 2803 5734 Arianos.
