4100 6212
443 213 544 276 ϐἳἹ

1498 215 1924 275 NICEPIIORI
1965 216 2440 278 PRESBYTERI
2478 220 2586 278 CP.

3576 225 3682 288 688

435 322 776 385 cusantihus,
834 337 891 378 se
925 323 1210 392 purgabat.
1247 323 1578 393 Praeceptum
1637 339 1871 394 namque
1904 327 2003 379 viri
2043 328 2215 382 sancti
2265 344 2363 398 pro
2415 330 2530 399 lege
2581 330 2682 384 sibi
2775 329 3070 384 inviolabili
3145 332 3452 400 reputabat,
3482 335 3696 392 scilicet

437 423 488 468 ut
524 428 622 465 nec
651 415 741 480 qui
830 415 947 484 ejus
1008 416 1218 470 vivendi
1291 417 1639 480 institutum,
1710 426 2068 485 praeterquam
2139 419 2576 475 adolescentibus
2661 421 2962 485 nonnullis,
3053 423 3301 477 eumdem
3385 423 3696 478 amantibus

435 503 825 562 manifestaret.

503 601 592 655 49.
628 601 851 656 invento
877 601 1091 656 tandem
1115 602 1236 657 loco
1256 611 1584 672 Opportune,
1606 603 1972 656 consederunt
1996 617 2011 667 ;

2180 599 2288 672 μθ’.
2323 600 2588 672 Εύρόντες
2620 601 2808 667 τόπον,
2839 600 3238 670 ἐκαθέσθησαν,
3272 591 3366 653 καὶ
3396 599 3696 672 διηγήσατο

435 693 710 762 cmpitque
773 693 1114 762 Epiphanius
1165 694 1230 748 de
1255 708 1487 749 occursu
1541 693 1831 759 daemonis,
1855 695 1905 747 in
1930 694 2012 748 via

2117 695 2134 746 5
2171 693 2503 760 Ἑπιφάνιος,
2550 693 2698 755 ὅπως
2735 693 2885 762 αὐτῷ
2923 693 3257 764 συνήντησεν
3305 695 3363 744 ὲν
3405 694 3470 762 τῇ
3516 694 3620 760 6δῷ
3667 697 3693 748 6

435 784 542 840 sibi
604 784 772 846 facto,
813 785 1178 838 narrationem
1227 785 1530 841 instituere.
1577 785 1900 848 Simulabat,
1933 784 2013 838 in~

435 876 656 947 quiens,
693 891 975 946 aspersum
1009 878 1210 932 canitie
1258 893 1463 945 senem,
1514 877 1832 948 praeferebat
1862 877 2018 932 habi-

441 981 553 1022 tum
590 968 914 1022 mercatoris
961 969 1217 1039 Agareni,
1244 968 1432 1024 oculos
1489 969 1717 1023 habebat
1752 979 1931 1022 torvos
1954 983 2018 1023 ae

440 1060 668 1124 feroces,
722 1059 911 1128 quales
967 1060 1079 1115 fere
1139 1058 1253 1132 (67)
1304 1071 1582 1115 taurorum
1644 1075 1764 1115 esse
1793 1061 2013 1116 solent:

440 1149 772 1204 induebatur
804 1150 1187 1205 vestimentum
1216 1150 1452 1219 nigrum,
1483 1159 1536 1204 et
1577 1149 1787 1204 calceos
1817 1166 2016 1218 purpu-

440 1241 515 1295 rei
576 1241 794 1295 coloris.
864 1239 910 1294 Is
967 1242 1270 1296 ambulanti
1329 1243 1460 1295 mihi
1520 1242 1732 1296 obviam
1797 1241 2013 1296 factus:

439 1332 628 1387 Nonne
684 1342 762 1396 ιιι,
832 1334 1026 1404 inquit,
1082 1333 1225 1390 ﬁlius
1266 1334 1516 1400 Joaitnis,
1561 1349 1721 1404 quem
1766 1333 2016 1387 homines

440 1425 595 1477 aiunt
628 1440 723 1494 pro
755 1424 925 1478 nihilo
957 1424 1157 1480 habere
1185 1425 1492 1480 diabolum?
1526 1423 1865 1495 llypocritam
1899 1424 2015 1492 agis

438 1515 650 1568 ratione
705 1515 850 1572 mei:
884 1519 1098 1570 tendam
1124 1533 1223 1588 ego
1259 1517 1352 1572 tibi
1369 1525 1633 1578 casses,et
1671 1516 1792 1570 lacu
1821 1515 2015 1570 cﬂ‘osso

439 1608 746 1677 illaqucaho
801 1617 872 1672 te,
937 1619 1195 1680 tuamque
1228 1609 1323 1662 tibi
1348 1611 1508 1663 ollam
1566 1609 1837 1673 condiam,
1870 1609 2015 1678 quod

441 1701 684 1756 consiliis
711 1702 847 1754 meis
874 1700 1162 1758 obnitaris.
1195 1699 1345 1754 Talia
1391 1701 1712 1756 blatterante
1741 1700 1882 1754 malo
1907 1701 2016 1755 de-

445 1807 630 1858 tnone,
662 1802 712 1846 ct
741 1793 915 1846 minas
942 1792 1282 1861 injuriasque
1331 1791 1627 1861 ingerente,
1662 1806 1795 1861 pene
1823 1793 2012 1848 exani-

439 1894 622 1940 matus
673 1900 832 1940 sum:
903 1885 1177 1942 admirans
1232 1883 1374 1938 unde
1429 1884 1477 1940 is
1524 1885 1653 1938 mihi
1693 1885 2013 1950 occurrerit,

2121 785 2389 848 Σατανᾶς,
2415 785 2489 846 ὡς
2518 785 2697 853 γέρων
2732 783 3162 856 πεπολιωμὲνος,
3193 787 3496 858 Ἀγαρηνοῦ
3524 790 3696 858 ἐμπό-

2122 895 2217 950 ρου
2269 877 2454 948 σχῆμα
2495 877 2664 947 ἔχων,
2688 879 2813 942 τοὺς
2842 877 3152 948 ὀφθαλμοὺς
3186 879 3524 950 ἠγριωμένος
3555 882 3696 935 κατὰ

2117 973 2210 1025 τὸν
2269 972 2364 1024 τοῦ
2401 974 2522 1042 βοὸς
2555 973 2666 1044 (67)
2715 972 2908 1040 τύπον,
2957 974 3430 1045 περιϐεϐλημένος
3480 977 3696 1047 ἱμάτιον

2123 1060 2311 1128 μέλαν,
2333 1062 2388 1112 ὲν
2421 1061 2762 1130 ὀστρακίνοις
2794 1063 3136 1134 ὑποδήμασιν
3166 1068 3230 1136 τῇ
3269 1070 3447 1136 χροιᾷ.
3473 1071 3694 1132 Μεταξὺ

2118 1147 2212 1201 οὖν
2239 1149 2348 1201 τῶν
2378 1149 2722 1204 διοδευόντων
2753 1154 3090 1222 συναντήσας
3121 1153 3224 1224 ἔφη
3262 1171 3383 1222 μοι·
3413 1158 3548 1228 Οὐχὶ
3576 1161 3640 1213 σὺ
3667 1164 3696 1214 6

2120 1239 2233 1302 υίὸς
2275 1238 2550 1303 Ἰωάννου,
2593 1241 2716 1310 περὶ
2746 1237 2806 1295 οὗ
2843 1260 3007 1311 φασιν
3035 1245 3082 1296 οἱ
3117 1244 3417 1315 ἄνθρωποι,
3445 1265 3694 1302 καταπεσ-

2119 1329 2423 1398 πατηκέναι
2443 1346 2525 1382 σοι
2549 1329 2638 1382 τὸν
2663 1330 2938 1398 διάϐολον;
2965 1333 3363 1406 ’Υποκριτικῶς
3391 1336 3533 1407 ἔχεις
3560 1342 3699 1408 πρός

2122 1439 2212 1492 με,
2247 1421 2356 1490 ἐγώ
2389 1439 2445 1474 σε
2479 1421 2658 1490 πλέξω
2681 1424 3117 1496 ἀμφίϐληστρον,
3145 1430 3237 1479 καὶ
3269 1428 3470 1481 λάκκον
3491 1429 3694 1500 ὀρύξας

2120 1513 2439 1582 συμποδὶσω
2470 1531 2549 1578 σε,
2579 1515 2690 1582 ἐγώ
2727 1532 2809 1568 σοι
2840 1517 3062 1585 ἀρτύσω
3099 1517 3306 1588 κύθραν
3335 1520 3448 1590 (68)
3475 1560 3489 1585 ,
3539 1522 3694 1594 ἐναν-

2118 1607 2208 1659 τία
2239 1609 2362 1676 ἐμοὶ
2394 1608 2872 1681 διαπραττομένῳ.
2917 1608 3101 1663 Ταῦτα
3131 1610 3224 1663 τοῦ
3257 1613 3496 1683 πονηροῦ
3524 1613 3696 1683 φλυα-

2117 1692 2362 1762 ροῦντος,
2411 1694 2522 1763 ἐγὼ
2581 1696 2720 1766 πρὸς
2779 1697 2879 1760 τὰς
2923 1697 3088 1751 αὑτοῦ
3138 1699 3372 1763 ἀπειλὰς
3449 1705 3542 1755 καὶ
3594 1705 3695 1767 τὰς

2118 1784 2306 1854 ὕϐρεις
2335 1784 2634 1858 ὲξιστάμην
2668 1803 2682 1818 ⁸
2719 1788 2886 1842 πόθεν
2927 1790 3035 1860 ἄρα
3079 1806 3169 1859 μοι
3215 1795 3565 1862 συνήντησεν,
3619 1797 3693 1864 μή

2118 1894 2248 1930 ποτε
2283 1878 2618 1948 συνάραντός
2661 1896 2765 1948 μου
2812 1881 2970 1949 λόγον
3009 1881 3130 1952 μετ’
3159 1883 3349 1948 αὑτοῦ,
3373 1883 3455 1948 τις
3503 1885 3558 1939 δὲ
3602 1893 3698 1938 καὶ

439 1992 677 2043 quocum
719 1977 853 2029 nihil
885 1991 1119 2046 unquam
1179 1975 1465 2030 sermonis.
1500 1976 1739 2044 contuli;
1771 1986 1865 2030 aut
1890 1978 2012 2047 quis

2120 1967 2355 2038 ὑπάρχει
2385 1968 2485 2022 οὐκ
2522 1969 2845 2040 ἐπίσταμαι,
2874 1974 2900 2024 6
2927 1971 3081 2036 δίκας
3111 1991 3198 2044 μοι
3232 1975 3694 2046 εἰσπραττόμενος

439 2067 530 2121 ille
590 2067 882 2122 intentatur
922 2068 1054 2130 litis,
1108 2067 1196 2122 ille
1245 2067 1548 2134 terrificus,
1594 2067 1684 2122 ille
1738 2067 2015 2122 minitator

439 2158 624 2227 fuerit,
664 2177 786 2214 cum
827 2178 922 2216 nec
960 2161 1182 2215 viderim
1213 2169 1362 2226 ante,
1405 2176 1504 2215 nec
1535 2160 1877 2231 cognoverim
1908 2176 2013 2214 un-

439 2267 628 2322 quam,
680 2253 842 2322 plane
907 2269 993 2308 me
1053 2253 1210 2322 fugit.
1239 2253 1416 2323 Atque
1459 2253 1552 2307 illa
1587 2252 1846 2321 cogitanti
1881 2252 2013 2306 mihi

437 2343 730 2417 animoque
752 2345 1029 2414 pendenti,
1061 2352 1266 2399 tremor
1289 2352 1343 2398 et
1387 2352 1756 2399 consternatio
1789 2342 2016 2397 incessit

437 2435 794 2490 intolerabilis
827 2452 840 2488 :
872 2434 1044 2490 donec
1071 2436 1179 2490 huc
1225 2435 1508 2500 accedens,
1563 2435 1776 2489 obviam
1810 2433 2015 2488 saneti-

442 2529 535 2582 tati
595 2538 700 2582 tua:
748 2526 924 2583 laetus
974 2543 1113 2592 sum,
1146 2539 1343 2583 cuncta
1395 2528 1550 2592 mihi,
1609 2535 1666 2581 ut
1695 2536 2016 2592 evenerunt,

441 2621 708 2675 narranti.
758 2618 896 2674 Tum
925 2634 1086 2674 orsus
1136 2619 1384 2676 Andreas
1423 2621 1775 2690 :Agarenus,
1818 2619 2014 2688 inquit,

438 2712 812 2776 dilectissime,
838 2727 997 2781 quem
1023 2727 1314 2778 memoras,
1346 2722 1563 2767 centum
1621 2713 2014 2767 daemoniorum

442 2804 656 2858 cohorti
718 2812 946 2873 prmest;
984 2803 1282 2858 industrius
1303 2802 1597 2857 admodum
1629 2818 1693 2856 ac
1727 2813 2012 2866 strenuus,

437 2905 497 2947 ut
531 2891 806 2955 homines,
842 2892 897 2945 in
924 2892 1098 2946 stadio
1130 2893 1332 2945 amoris
1365 2893 1454 2945 Dei
1513 2891 1766 2946 alacriter
1787 2905 2015 2960 progre-

436 2985 671 3049 dientes,
702 2993 1010 3052 expugnet;
1072 2997 1370 3050 corumque
1415 2982 1628 3036 animas
1679 2982 1874 3037 leniter
1918 2981 2015 3036 de-

437 3075 750 3139 mulcendo,
807 3075 878 3131 ad
930 3091 1126 3147 pravas
1171 3075 1519 3145 cupiditates,
1566 3074 1636 3129 ad
1680 3074 2015 3131 titillationes

435 3167 638 3231 carnis,
686 3166 755 3221 ad
794 3167 1072 3222 lasciviam
1103 3167 1336 3237 denique
1369 3167 1621 3222 adducat.
1658 3166 2017 3236 Quapropter,

2117 2058 2365 2128 ἐκφοϐῶν
2406 2077 2474 2130 με
2527 2061 2621 2114 καὶ
2672 2062 3087 2134 ἀπειλούμενος,
3135 2067 3163 2117 6
3194 2066 3318 2134 ἐμοὶ
3358 2066 3697 2138 ἀγνώριστος

2117 2153 2212 2206 καὶ
2243 2152 2493 2217 ἀθέατος.
2527 2153 2712 2208 Ταῦτα
2744 2155 3186 2227 διαλογιζομένου
3213 2175 3316 2228 μου
3344 2161 3437 2211 καὶ
3457 2152 3697 2233 ἀπορου-

2121 2245 2309 2316 μένου,
2346 2246 2532 2310 κλόνος
2556 2264 2623 2314 με
2659 2247 2968 2318 περιέσχεν,
3003 2249 3099 2302 καὶ
3121 2250 3359 2320 τάραχος
3383 2251 3692 2322 ἀφόρητος·

2118 2340 2212 2393 καὶ⁸
2245 2338 2322 2403 ὡς
2371 2339 2559 2396 ἐνθάδε
2601 2341 3037 2411 περιερχόμενος
3093 2343 3404 2412 συνήντησα
3434 2346 3500 2414 τῇ
3531 2346 3697 2413 ἁγιω-

2119 2433 2276 2504 σύνῃ,
2312 2432 2371 2485 τὸ
2397 2434 2504 2487 πᾶν
2531 2450 2620 2502 μοι
2650 2433 2953 2506 ἀψευδῶςὴ
2990 2434 3056 2506 σὴ
3101 2437 3443 2508 μακαριότης
3487 2439 3698 2507 άπεγί-

2121 2543 2358 2596 μνωσεν.
2397 2527 2540 2597 Ἔφη
2573 2526 2710 2597 πρὸς
2740 2526 2901 2579 αὑτὸν
2931 2530 2959 2580 6
2996 2529 3181 2592 Ὀσιος
3215 2543 3232 2560 ’
3276 2529 3335 2581 '0
3389 2531 3691 2602 Ἀγαρηνὸς

2118 2616 2596 2684 ἐκεῖνος,ιρίλτατέ
2629 2633 2738 2684 μοι,
2789 2616 3183 2688 ἑκατόνταρχος
3238 2618 3512 2688 δαιμόνων
3556 2637 3696 2690 χρη-

2121 2709 2363 2778 ματίζει,
2395 2709 2541 2761 ἐστιν
2574 2709 2630 2760 δὲ
2661 2708 2862 2778 δραξὴς
2905 2708 3040 2779 (69),
3072 2710 3154 2773 είς
3194 2711 3251 2762 τὸ
3281 2712 3539 2782 πολεμεῖν
3569 2715 3697 2777 τοὺς

2117 2801 2558 2870 ἀγωνιζομένους
2597 2802 2735 2870 πρὸς
2762 2801 2914 2868 Θεὸν,
2939 2803 3032 2854 καὶ
3052 2803 3214 2856 ὠθεῖν
3244 2803 3384 2874 πρὸς
3406 2807 3698 2874 ἀσεὶγείας

2117 2892 2218 2953 τὰς
2244 2889 2421 2959 ψυχὰς
2456 2891 2566 2944 τῶν
2589 2890 2913 2961 ἀνθρώπων,
2941 2891 3148 2960 θέλγων
3189 2895 3353 2959 αὐτὰς
3396 2899 3474 2959 εἰς
3508 2897 3698 2948 ἐπιθυ⁹

2121 2980 2251 3051 μίας
2301 2983 2533 3051 αἰσχρὰς
2581 2982 2674 3034 καὶ
2720 2982 3156 3053 γαργαλισμούς.
3215 2985 3283 3037 Σὲ
3329 2983 3462 3052 οὖν,
3508 2989 3696 3041 τέκνον

2117 3075 2424 3146 ἀγαπητὸν,
2471 3075 2798 3146 παρακαλῶ,
2863 3077 3098 3148 πρόσεχε
3149 3078 3416 3146 σεαυτὸν,
3466 3081 3558 3135 καὶ
3619 3082 3696 3152 μὴ

2119 3169 2306 3236 ἀγνόει
2344 3167 2510 3222 αὐτοῦ
2545 3169 2613 3220 τὰ
2647 3171 3039 3240 μηχανήματα.
3075 3171 3220 3241 Ὅρα
3268 3173 3345 3234 δὲ,
3397 3174 3699 3244 ἐγρηγορό-

435 3263 511 3319 [ili
539 3264 886 3330 charissime,
918 3273 970 3319 te
1005 3265 1258 3327 obsecro,
1288 3278 1469 3318 rerum
1511 3273 1731 3317 tuarum
1786 3272 1846 3316 ut
1874 3272 2012 3317 sata-

2120 3259 2241 3331 οητι
2268 3259 2364 3312 καὶ
2389 3259 2526 3328 νῆφε
2551 3260 2608 3312 ὲν
2636 3263 2827 3328 πᾶσιν,
2849 3261 3036 3332 ἐπειδὴ
3069 3262 3276 3326 άπαλὲς
3303 3263 3398 3316 καὶ
3428 3266 3697 3335 τρυφερδς

437 3372 556 3428 gas,
615 3370 948 3428 operamque
991 3356 1108 3419 des,
1135 3370 1202 3409 ne
1234 3362 1288 3409 te
1317 3355 1522 3410 lateant
1577 3353 2011 3408 machinationes

435 3450 664 3504 inimici.
726 3448 1172 3517 Circumspectus
1227 3448 1413 3517 itaque
1466 3455 1520 3501 et
1550 3445 1678 3515 vigil
1704 3454 1759 3500 et
1794 3445 2017 3500 sobrius

433 3550 552 3597 esto
582 3542 634 3594 in
690 3540 966 3603 omnibus,
993 3538 1253 3608 quoniam
1287 3537 1536 3600 tenellus,
1561 3545 1616 3590 et
1659 3535 2008 3602 delicatulus,

430 3640 486 3686 et
521 3631 881 3686 suavissimus
915 3644 973 3684 es
999 3649 1012 3685 :
1036 3629 1264 3699 ideoque
1292 3628 1476 3684 furore
1520 3631 1700 3699 agitur
1724 3628 2011 3684 adversum

435 3731 487 3777 te
543 3723 815 3792 superbus
873 3721 1068 3786 hostis,
1108 3722 1236 3790 quia
1283 3729 1336 3776 te
1401 3732 1669 3776 sacratum
1721 3721 1832 3776 Deo
1859 3721 2011 3776 dica-

433 3822 659 3884 tumque
693 3812 936 3878 voluisti,
960 3812 1139 3867 oblata
1180 3811 1280 3883 ipsi
1317 3812 1706 3883 pretiosissima
1765 3812 2012 3882 corporis

431 3905 510 3958 tui
546 3903 861 3974 margarita.
895 3903 1109 3958 Invidet
1152 3889 1314 3975 porro
1369 3906 1510 3960 idem
1558 3906 1879 3962 maledictus
1911 3906 2010 3960 bo-

429 3994 530 4050 stis
563 4004 713 4050 tuum
754 3996 853 4050 tibi
883 3995 1181 4066 ingenium,
1235 3997 1732 4063 mansuetudinem,
1789 3999 2011 4068 sapien-

428 4089 563 4142 tiam
620 4089 903 4144 erroribus
973 4103 1080 4145 non
1139 4099 1539 4159 aspersam,et
1567 4091 2004 4146 castimoniam:

2119 3347 2190 3416 εῐ,
2224 3352 2322 3405 καὶ
2347 3351 2466 3404 λίαν
2496 3351 2759 3421 ἡδύτατος
2794 3367 2808 3382 ⁸
2849 3355 2944 3406 καὶ
2981 3353 3172 3408 ἕνεκεν
3218 3353 3412 3408 τούτου
3451 3355 3698 3424 μέμηνεν

2119 3443 2260 3497 κατὰ
2296 3441 2390 3496 σοῦ
2422 3445 2450 3496 ό
2495 3444 2870 3514 ὑπερήφανος,
2912 3445 3030 3497 ἀνθ’
3065 3439 3157 3520 ,ὧν
3188 3445 3267 3515 τῷ
3309 3445 3428 3516 Θεῷ
3473 3447 3699 3500 σεαυτὸν

2118 3535 2414 3606 ἀνέθηκας,
2446 3537 2844 3607 προσαρμόσας
2887 3537 3056 3591 αὑτοῦ
3088 3539 3150 3590 τδ
3197 3538 3562 3608 μαργαρῶδες
3601 3539 3695 3590 τοῦ

2121 3626 2217 3681 σοῦ
2254 3627 2509 3698 σώματος
2543 3643 2560 3660 ο
2605 3630 2700 3681 καὶ
2751 3627 3030 3699 φθονήσας
3067 3645 3161 3682 σου
3194 3629 3294 3700 τὴν
3329 3630 3568 3693 σύνεσιν,
3596 3631 3696 3698 τὴν

2116 3720 2424 3792 πραότητα,
2469 3721 2569 3792 τὴν
2610 3721 3008 3792 καθαρωτάτην
3055 3723 3270 3789 σοξίαν,
3309 3722 3407 3794 τὴν
3454 3723 3698 3790 ἁγνείαν,

2117 3815 2215 3868 καὶ
2245 3815 2560 3887 διαπρξεται
2591 3815 2848 3887 μεμηνὼς
2877 3817 3019 3869 κατὰ
3060 3815 3154 3869 σοῦ
3185 3819 3213 3870 6
3251 3818 3582 3888 κατάρατος,
3628 3815 3697 3870 δι’

2114 3907 2174 3961 ὃν
2205 3906 2266 3972 ἐξ
2314 3908 2442 3977 ὅλης
2486 3907 2716 3977 καρδίας
2751 3924 2845 3960 σου
2883 3909 3106 3979 ἀγαπᾷς
3146 3909 3238 3964 τὸν
3282 3908 3416 3963 Θεὸν
3445 3909 3541 3963 καὶ
3573 3909 3700 3972 τοὺς

2118 4001 2333 4068 ἁγίους,
2356 4002 2482 4062 τοὺς
2510 3999 2578 4051 δι’
2609 3999 2774 4052 αὑτὸν
2800 3999 2860 4052 τὸ
2917 3994 3058 4069 αἷμα
3081 4002 3395 4071 ἐκχέοντας,
3441 4000 3529 4055 διὰ
3553 3999 3700 4070 ζωὴν

2114 4091 2212 4161 τὴν
2244 4090 2463 4144 αἰώνιον
2504 4090 2598 4142 καὶ
2629 4090 2730 4161 τὴν
2753 4089 2982 4160 ἄπειρον
3013 4092 3414 4162 μακαριότητα.

428 4180 697 4251 furiisque
743 4182 978 4252 agitatus
1019 4180 1074 4234 in
1142 4189 1290 4234 tuam
1354 4180 1624 4235 incumbit
1677 4180 2006 4249 perniciem,
2045 4187 2333 4250 propterea
2355 4179 2499 4250 quod
2525 4194 2592 4234 ex
2667 4190 2782 4236 toto
2809 4183 2973 4237 corde
3035 4183 3204 4238 Deum
3236 4183 3447 4253 diligis,
3468 4185 3700 4254 ejusque

428 4287 651 4330 sanctos
698 4275 961 4342 honoras,
994 4275 1088 4346 qui
1119 4273 1213 4330 Dei
1236 4283 1291 4330 et
1343 4274 1469 4329 vitae
1500 4283 1716 4329 aeternae
1780 4289 1844 4329 ac
1875 4274 2296 4330 interminabilis
2354 4273 2710 4331 beatitudinis
2775 4289 2940 4332 causa
3004 4277 3328 4346 sanguinem
3381 4292 3539 4332 suum
3565 4292 3699 4346 pro-

428 4364 707 4425 fuderunt.

505 4459 592 4514 50.
625 4457 784 4513 Disce
817 4458 984 4530 igitur
1007 4474 1170 4528 quam
1202 4458 1489 4529 diligenter
1527 4457 1918 4529 perscrutanda
1941 4457 2012 4511 sit

2175 4459 2240 4509 ν’.
2274 4453 2419 4522 Ὅρα
2453 4449 2572 4512 πῶς
2604 4447 2957 4519 ἀκριὸολογεῖ
2989 4449 3091 4520 τὴν
3123 4449 3219 4503 τοῦ
3253 4449 3494 4520 πονηροῦ
3529 4452 3700 4504 κακό-

428 4551 502 4615 ri,
544 4551 638 4618 qui
693 4551 746 4602 in
821 4550 1018 4605 timore
1053 4548 1147 4605 Dei
1194 4559 1249 4605 et
1279 4550 1507 4604 veritate
1551 4549 1815 4614 ambulat,
1848 4549 2012 4602 male-

2117 4565 2252 4604 μοιαν
2287 4543 2428 4616 μετὰ
2467 4541 2635 4610 φόϐου
2676 4539 2813 4593 Θεοῦ
2849 4541 2946 4595 καὶ
2979 4540 3241 4612 ἀληθείας
3281 4542 3653 4613 πορευόμενος
3675 4566 3688 4579 -

427 4639 659 4693 volentia
690 4640 914 4709 pessimi
971 4640 1258 4695 daemonis.
1311 4639 1512 4709 Subige
1537 4639 1761 4709 jejuniis
1792 4653 2012 4708 corpus,

2117 4637 2376 4703 ύποπίαζέ
2403 4651 2500 4690 σου
2523 4633 2586 4688 τὸ
2617 4632 2780 4702 σῶμα
2806 4632 3082 4704 νηστείαις
3101 4671 3117 4698 ,
3145 4635 3240 4686 καὶ
3264 4635 3334 4686 τά
3358 4632 3459 4702 τῆς
3489 4635 3695 4703 σαρκὸς

428 4741 481 4786 ct
523 4746 743 4786 carnem
796 4729 1165 4786 lascivientem
1193 4732 1356 4786 doma
1386 4748 1400 4785 :
1434 4732 1598 4785 indue
1652 4731 2010 4786 humilitatem

426 4838 526 4892 pro
571 4823 933 4891 vestimento;
1002 4823 1228 4891 prolixis
1281 4823 1454 4894 gaude
1486 4823 1776 4894 precibus;
1815 4837 2010 4878 sensus

426 4916 679 4987 corporis
732 4929 925 4972 omnes
953 4929 1120 4984 puros
1150 4925 1206 4970 et
1260 4915 1720 4971 ineontaminatos
1747 4917 1963 4970 custodi
1989 4955 2002 4968 .

519 5071 609 5142 67)
641 5070 978 5142 Ecgrapbum
1020 5081 1269 5128 nostrum
1325 5072 1580 5142 habebat,
1620 5068 1760 5142 κατὰ
1793 5069 1852 5122 τὸ
1911 5067 2006 5122 τοῦ

427 5144 547 5214 βοὸς
565 5141 751 5196 τόπον.
771 5141 1039 5197 Notus-ex
1069 5144 1302 5208 Codino,
1334 5142 1502 5214 Locus
1545 5141 2010 5214 bioristtuneupa-

425 5210 512 5270 ius
545 5215 637 5268 ubi
669 5216 861 5267 l‘oruax
893 5214 1156 5268 aediﬁcata
1182 5223 1300 5267 erat
1321 5210 2008 5282 capacissima,lprielerens

427 5296 586 5354 caput
610 5285 789 5340 bovis.
828 5284 948 5354 Sed
973 5285 1102 5352 quid
1133 5287 1234 5338 hoc
1262 5285 1329 5336 ad
1355 5279 1545 5337 oculos
1569 5282 1593 5337 ‘l
1613 5280 1756 5354 Ergo
1790 5279 2006 5354 pref-:6-

428 5351 526 5407 πον
555 5393 571 5419 ,
641 5356 834 5426 scripsi
889 5351 1082 5421 τύπον,
1125 5362 1184 5407 ut
1232 5367 1428 5408 sensus
1491 5357 1604 5420 sit,
1662 5353 1731 5405 ad
1781 5351 2004 5405 modum

433 5426 611 5478 bovis.

503 5495 614 5568 (ἥδ)
669 5493 768 5568 his.
833 5493 1034 5568 Vatic.
1074 5495 1247 5568 ἀρτιῶ
1284 5513 1314 5568 ,ι
1364 5493 1503 5568 Man.
1566 5490 1773 5562 ἀρτύω.
1809 5489 2004 5568 ’Μειιυὶ

426 5562 646 5631 ἀρτύσω
677 5565 750 5634 (id
772 5573 854 5619 est
881 5559 1156 5632 condiam,
1189 5567 1332 5621 unde
1353 5573 1406 5619 et
1430 5559 1649 5634 ἄρτυμα
1685 5559 2005 5634 condimen-

432 5642 566 5703 tum)
603 5645 660 5689 ιιι
686 5631 830 5690 ἐυιιι
876 5631 1307 5707 praecedentibus
1348 5631 1725 5694 concordaret.
1779 5631 2003 5703 Κύοραν

2118 4730 2513 4802 σκιρτήματα’
2565 4726 2864 4798 περιϐαλοῦ
2901 4725 2999 4798 τὴν
3055 4725 3560 4796 ταπεινοφροσύνην
3619 4728 3697 4789 ὡς

2119 4821 2363 4891 ἱμάτιον
2395 4819 2454 4873 ἐν
2491 4821 2614 4882 ταῖς
2645 4818 2832 4888 εὐχαῖς
2865 4816 3165 4888 φαιδρύνου
3215 4816 3642 4885 εὐφραινόμενος
3677 4832 3695 4848 ·

2114 4913 2360 4983 φύλασσε
2391 4913 2572 4976 πάσας
2597 4913 2695 4972 τὰς
2722 4909 3008 4982 αἰσθήσεις
3035 4907 3131 4964 τοῦ
3181 4907 3434 4979 σώματός
3469 4925 3564 4962 σου
3597 4924 3696 4962 κα-

2116 5076 2293 5123 autem
2331 5081 2431 5138 pro
2465 5066 2671 5138 χύτραν
2698 5065 2861 5138 ollam
2909 5063 3162 5138 usurpari
3194 5061 3693 5138 hic,_manifestum

2111 5140 2203 5193 ﬁet
2258 5133 2350 5192 ex'
2389 5133 2541 5191 num.
2573 5133 2656 5190 ’51
2691 5176 2706 5201 ,
2769 5136 2860 5190 ubi
2911 5133 3236 5190 diminutive
3277 5134 3478 5188 dicitur
3506 5133 3699 5203 κυθρί-

2109 5209 2240 5264 διον.
2276 5207 2371 5263 Est
2398 5223 2528 5276 ergo
2554 5206 2758 5261 locutio
2795 5204 3172 5276 proverbialis,
3200 5219 3312 5276 qua
3330 5207 3456 5274 quis
3494 5205 3698 5258 diceret

2109 5280 2272 5348 offam
2313 5279 2407 5332 tibi
2453 5273 2680 5344 inferam
2707 5317 2720 5341 ,
2754 5273 2837 5330 vel
2888 5275 3022 5348 quid
3068 5273 3268 5348 simile,
3300 5273 3466 5330 idest
3519 5289 3699 5343 pana;

2111 5346 2239 5402 mihi
2271 5351 2560 5411 dabis,vel,
2593 5348 2873 5416 rependam
2915 5346 3013 5403 tibi
3035 5347 3220 5399 vicem.

2182 5421 2295 5491 (69)
2359 5417 2592 5488 Δραξὴς,
2650 5412 2780 5472 num
2829 5416 3104 5491 695mm,
3133 5416 3272 5470 idem
3300 5429 3506 5491 sonans
3546 5412 3699 5491 quod

2107 5485 2379 5562 δράσι-ηρ,
2404 5485 2677 5562 strenuus,
2708 5487 2979 5562 expeditus
3003 5487 3027 5539 ?
3061 5485 3138 5540 Ita
3163 5500 3295 5543 sane
3320 5488 3554 5541 videtur.
3589 5485 3698 5538 bis.

2112 5557 2250 5616 Maz.
2283 5557 2409 5632 lcgit
2431 5561 2621 5630 ταχὺς,
2647 5559 2802 5615 celer.
2838 5557 3024 5612 liecte.

3647 5714 3726 5724 -.---
