4100 6212
416 401 526 464 639

1584 406 1762 466 ῊΤΛ
1802 407 1862 468 S.
1909 407 2236 469 ANDRE:E
2283 411 2478 471 SALI.

3559 413 3672 477 690

415 515 592 582 θαρας
617 513 712 566 καὶ
737 511 1058 582 ἀρυπὼτους
1086 530 1095 542 ·
1127 515 1384 580 ἐπιθυμεῖ
1404 517 1509 587 γὰρ
1558 519 1585 570 ὁ
1636 519 1990 591 παμπόνηρος

2102 522 2145 575 id
2205 525 2348 577 enim
2380 521 2782 579 studiosissime
2843 522 2954 594 agit
3015 522 3270 579 inimicus
3321 522 3676 582 sceleratissi‘

418 605 646 675 μολῦναι
677 607 778 672 τὴν
814 608 1046 678 καρδίαν
1073 625 1190 672 σου,
1235 611 1328 662 καὶ
1383 611 1570 662 δοῦλον
1597 613 1700 680 τῆς
1737 613 1992 683 ἀκαθαρο

419 697 544 760 σίας
598 698 1042 767 ἀπεργάσασθαι,
1096 704 1161 770 τῇ
1218 702 1424 773 φοϐερᾷ
1456 702 1648 774 γεέννῃ
1679 703 1771 757 τοῦ
1818 709 1990 774 πυρὸς

418 790 780 845 καταδικάσαι
813 792 1081 846 σπεύδων.
1149 793 1316 861 Ὀγάρ
1354 795 1525 847 ποιῶν
1557 795 1655 866 τὴν
1693 797 1990 866 ἁμαρτίαν,

416 879 604 942 δοῦλός
649 882 766 934 ἐστι
797 883 892 946 τῆς
925 884 1199 953 ἁμαρτίας
1219 901 1232 914 ·
1253 887 1520 956 ἑκατέρας
1537 887 1594 940 δὲ
1611 889 1706 957 τῆς
1733 885 1994 958 ἐργασίας

416 970 512 1024 δύο
544 973 680 1027 εἰσὶν
714 975 762 1026 οἱ
797 973 1139 1045 ἐξάρχοντες,
1178 979 1276 1048 τῆς
1309 978 1410 1046 μὲν
1443 979 1789 1049 δικαιοσύνης
1820 981 1847 1032 ὁ
1882 981 1995 1032 Κύ-

421 1080 560 1133 ριος,
596 1065 692 1133 τῆς
733 1065 786 1116 δὲ
837 1067 1114 1134 ἁμαρτίας
1159 1068 1187 1120 ὁ
1234 1067 1497 1129 διάϐολος.
1552 1069 1623 1119 Σὺ
1662 1067 1775 1132 οὖν,
1806 1068 1994 1121 τέκνον

419 1154 700 1223 φίλτατον,
736 1154 829 1210 τοῦ
872 1158 1078 1228 Κυρίου
1120 1159 1292 1229 Ἰησοῦ
1319 1159 1492 1229 -μενοῦ
1523 1158 1622 1228 τῆς
1651 1159 1994 1228 δικαιοσύνης

422 1245 726 1315 προσφιλὴς
760 1248 1022 1316 ἐργάτης,
1051 1249 1146 1301 καὶ
1167 1249 1393 1317 φυλάξει
1423 1267 1482 1302 σε
1523 1249 1744 1320 Κύριος,
1778 1250 1872 1302 καὶ
1900 1265 1998 1319 τη-

421 1341 576 1406 ρήσει
613 1353 670 1388 σε
707 1340 734 1390 ό
771 1338 1056 1407 ’Υψιστος,
1077 1340 1172 1392 καὶ
1199 1341 1231 1410 ἡ
1270 1340 1489 1412 βοήθεια
1519 1338 1684 1392 αὑτοῦ
1717 1339 1866 1391 ἔσται
1897 1339 1996 1392 κύ⁴

420 1429 535 1498 κλῳ
565 1446 680 1492 σου,
719 1429 812 1481 καὶ
868 1432 979 1491 τοῖς
1032 1431 1285 1497 ἀγγέλοις
1337 1429 1505 1484 αὐτοῦ
1546 1431 1840 1484 ἐντελεῖται
1869 1431 1998 1500 περὶ

420 1522 538 1594 aut},
576 1521 670 1574 τοῦ
702 1520 1029 1589 διαφυλάξαι
1084 1539 1142 1574 σε
1197 1524 1253 1574 ἐν
1296 1523 1442 1594 πάσῃ
1490 1521 1593 1592 ὀδῷ
1644 1538 1759 1576 σου.
1795 1521 1998 1592 Θάρσει

415 1581 534 1666 οὖν⁷
567 1615 658 1666 καὶ
702 1613 776 1684 μὴ
807 1581 1012 1682 ,φοϐο-ὖ,
1070 1613 1204 1682 μηδὲ
1255 1581 1502 1666 δειλιάτω
1557 1581 1651 1666 σου
1704 1615 1738 1682 ἡ
1777 1581 1995 1683 καρδία,

426 1705 591 1756 αὑτὸν
621 1704 1072 1773 ἐπικαλούμενος.
1109 1701 1297 1756 Ταῦτα
1338 1704 1550 1757 ἀκούων
1594 1705 1622 1756 ὁ
1653 1705 1847 1773 σεμνὸς
1877 1721 1974 1757 νεα

425 1796 564 1859 νίας,
592 1795 665 1857 ὡς
697 1793 1078 1866 μαργαρώδεις
1111 1793 1350 1863 ὄμϐρους
1379 1797 1442 1847 ὲκ
1469 1795 1577 1850 τῶν
1605 1794 1871 1864 ὀμμάτων
1898 1794 2000 1846 αύ-

421 1887 517 1940 τοῦ
569 1887 778 1957 δάκρυα
824 1885 1110 1949 ἐστάλαξε,
1163 1885 1377 1954 βρέχων
1437 1887 1536 1956 τὴν
1591 1886 1778 1954 τιμίαν
1831 1886 1998 1939 αὑτοῦ

2098 629 2243 677 mus,
2295 623 2354 669 ut
2405 616 2585 670 anima
2623 625 2709 670 tua
2742 613 2882 672 foede
2906 625 3286 685 conspurcata,
3327 617 3673 672 incontineno

2101 704 2188 759 tiae
2246 715 2469 774 peccato
2527 707 2828 777 subjectum
2897 717 2946 763 te
3001 709 3052 762 in
3102 709 3364 764 terribilis
3420 710 3678 779 gehennae

2099 795 2278 865 ignem
2311 801 2639 866 quantocius
2680 801 3002 871 praecipitet.
3034 801 3136 868 Qui
3202 801 3346 856 enim
3391 811 3673 870 peccatum

2100 891 2426 955 committit,
2470 907 2660 947 servus
2705 903 2788 948 est
2827 894 3030 961 peccati
3065 911 3079 947 :
3114 903 3169 948 et
3217 894 3674 963 quemadmodum

2101 981 2210 1036 duo
2271 992 2398 1037 sunt
2430 999 2658 1052 operum
2692 1000 2909 1052 genera,
2965 986 3043 1040 sic
3089 994 3139 1039 et
3170 984 3276 1039 duo
3303 1000 3493 1040 eorum
3525 986 3682 1054 prin-

2099 1074 2272 1144 cipia;
2327 1073 2557 1143 justitire
2601 1075 2844 1144 Quidem,
2893 1091 3182 1146 supremus
3247 1078 3369 1131 caeli
3415 1087 3680 1145 terraeque

2099 1166 2406 1232 Dominus;
2449 1166 2756 1237 iniquitatis
2818 1183 2967 1232 vero,
3002 1168 3274 1223 diabolus.
3323 1167 3402 1221 Tu
3465 1168 3673 1237 itaque,

2103 1255 2175 1309 fili
2231 1255 2325 1318 Ini,
2360 1253 2446 1310 fac
2503 1255 2786 1322 iniustitia
2827 1257 3032 1314 Christi
3073 1257 3289 1312 Domini
3344 1259 3600 1312 ardenter
3625 1269 3679 1312 et

2100 1345 2340 1401 studiose
2401 1357 2453 1402 te
2530 1362 2828 1413 exerceas;
2884 1357 2936 1403 et
3005 1357 3248 1419 proteget
3328 1356 3380 1402 te
3435 1349 3674 1404 vicissim

2104 1437 2386 1504 Dominus,
2419 1448 2472 1492 et
2527 1441 2872 1495 conservabit
2899 1440 3257 1507 Altissimus;
3314 1439 3678 1495 circumdabit

2102 1539 2152 1586 te
2183 1531 2386 1606 auxilio
2439 1547 2560 1598 suo,
2597 1543 2650 1588 et
2685 1533 2958 1587 mandabit
3019 1533 3225 1602 angelis
3275 1532 3391 1588 suis
3418 1532 3482 1586 de
3515 1539 3584 1598 te,
3617 1540 3678 1584 ut

2101 1619 2438 1678 custodiant
2467 1633 2516 1678 te
2567 1625 2621 1678 in
2675 1625 2929 1680 omnibus
2977 1625 3079 1679 viis
3141 1625 3270 1680 tuis.
3312 1623 3484 1678 Macte
3515 1623 3678 1692 igitur

2099 1715 2301 1770 virtute
2355 1723 2495 1780 esto,
2523 1716 2687 1769 timor
2731 1716 2909 1771 omnis
2954 1729 2984 1770 a
3015 1716 3176 1770 corde
3221 1716 3451 1778 exsulet,
3489 1729 3551 1767 ac
3591 1715 3676 1766 iu-

2100 1821 2232 1862 roca
2263 1807 2570 1862 Dominum.
2596 1807 2786 1863 Istbmc
2809 1808 3036 1863 Andreas
3075 1807 3278 1860 monita
3304 1821 3427 1859 eum
3457 1805 3675 1872 excipe—

2102 1908 2184 1954 ret
2230 1903 2455 1957 auribus
2506 1901 2734 1956 illustris
2764 1902 3099 1964 adolescens,
3147 1899 3456 1969 proﬂuxere
3503 1899 3678 1951 oculis

418 1979 540 2047 δψιν
569 1996 585 2010 ο
617 1980 878 2042 ἔκστασις
911 1980 1018 2048 γάρ
1060 1981 1336 2049 περιεῖχεν
1381 1979 1573 2042 αὑτὸν,
1610 1981 1997 2048 ἐνωτιζόμενον

2107 1993 2303 2048 uberes
2336 1995 2698 2064 lact-ymarum
2765 1993 2968 2048 imbres
3003 1993 3266 2046 unionum
3304 1991 3476 2046 instar
3513 2005 3675 2042 vene-

423 2073 486 2126 τὺ
508 2072 889 2142 λαμπρότατον
918 2072 1092 2125 ἐκεῖνο
1135 2070 1460 2141 διάγγελμα,
1489 2073 1580 2124 καὶ
1608 2071 1704 2142 τὴν
1737 2072 1996 2143 μελέῤῥυ-

418 2182 512 2219 τον
539 2165 893 2219 διδασκαλίαν
917 2165 1009 2216 καὶ
1039 2165 1396 2233 θεοπάροχον.
1443 2164 1628 2217 Πάντα
1653 2165 1708 2216 δὲ
1737 2167 1837 2218 ὅσα
1867 2165 1994 2220 ἐλά-

419 2259 582 2327 λησεν
618 2257 770 2326 αύτῷ
825 2258 853 2309 ὁ
906 2257 1150 2319 Δίκαιος,
1196 2256 1334 2325 πρὸς
1367 2256 1426 2309 τὸ
1459 2253 1550 2317 οὒς
1579 2255 1900 2326 ψιθυρίζων,
1934 2262 1993 2310 ἐν

416 2349 724 2419 ἀποκρύφῳ
768 2350 917 2419 τόπῳ
972 2348 1355 2418 καθεζόμενος,
1402 2348 1720 2418 λελάληκεν.
1761 2349 1851 2412 ’ος
1897 2348 1992 2402 οὖν

417 2445 488 2496 τά
549 2444 741 2497 δέοντα
797 2441 1109 2511 ὡμίλησαν,
1167 2442 1547 2511 ἀσπασάμενοι
1608 2441 1873 2512 ἀλλήλους
1928 2443 1986 2494 ἐν

420 2536 563 2606 ἁγίῳ
622 2536 913 2606 φιλήματι,
959 2534 1322 2603 ἀνεχώρησαν
1351 2551 1363 2563 ’
1404 2536 1497 2587 καὶ
1545 2537 1572 2588 ὁ
1617 2536 1716 2604 μὲν
1767 2536 1990 2599 Δίκαιος

421 2629 502 2689 είς
528 2626 588 2678 τδ
625 2627 916 2696 ἐμπαίζειν
945 2625 1039 2678 τὸν
1077 2627 1286 2693 κόσμον
1328 2626 1420 2677 τὸν
1465 2627 1696 2694 μάταιον
1753 2627 1848 2680 καὶ
1893 2625 1992 2682 τὸν

419 2718 666 2771 διάϐολον
708 2718 882 2788 ᾤχετο
912 2734 926 2748 ⁸
963 2719 991 2770 ὁ
1019 2717 1076 2770 δὲ
1114 2716 1432 2784 Ἐπιφάνιος
1482 2721 1562 2782 είς
1597 2719 1692 2772 τὸν
1719 2715 1866 2771 οἷκον
1889 2719 1991 2772 αὑ·

417 2810 516 2864 τοῦ
543 2812 714 2866 ἀπίει.

420 2897 566 2966 dem,
620 2903 685 2956 ad
731 2903 1063 2960 illudendum
1119 2919 1270 2960 more
1321 2919 1419 2959 suo
1491 2903 1781 2956 vanitatem
1839 2901 2029 2958 mundi
2092 2903 2510 2972 diabolumque;

423 3010 604 3052 suam.

491 3086 594 3141 να’.
621 3085 892 3156 Βούλομαι
915 3085 1208 3158 τοιγαροῦν
1228 3086 1322 3140 καὶ
1345 3086 1534 3158 ἕτερον
1562 3088 1820 3157 μέγιστον
1845 3091 2003 3159 τερά-

2104 2085 2326 2139 rantlatn
2363 2085 2480 2154 ejus
2531 2085 2720 2140 faciem
2769 2086 3062 2156 irrigantes
3096 2101 3110 2149 ;
3139 2082 3468 2152 corripiebat
3521 2095 3677 2133 nam-

2101 2191 2207 2244 que
2268 2175 2440 2245 ipsum
2497 2177 2752 2240 cxstasis,
2808 2176 3165 2246 excipientem
3213 2173 3676 2242 auiumpulcher-

2101 2269 2291 2321 rimam
2319 2267 2465 2320 illam
2498 2267 2723 2322 Andreae
2750 2268 3213 2331 adhortationem,
3239 2263 3678 2332 suarissimaque

2099 2367 2151 2412 et
2185 2359 2250 2412 ad
2282 2358 2446 2413 Deum
2481 2358 2734 2414 ducentia
2760 2359 3109 2415 documenta.
3163 2358 3510 2425 Quaecunque
3547 2369 3686 2408 vero

2095 2451 2335 2505 Sanctus
2397 2464 2524 2503 cum
2586 2451 2929 2505 adolescente
2977 2450 3192 2504 locutus
3246 2454 3350 2512 est,
3385 2446 3437 2498 in
3488 2445 3608 2497 loco
3646 2456 3678 2494 α

2097 2541 2269 2598 tutbis
2353 2548 2564 2594 remoto
2639 2539 2899 2595 assidenti
2986 2540 3131 2603 sibi,
3187 2535 3582 2591 insusurrando
3622 2531 3678 2585 in

2095 2647 2280 2684 aurem
2326 2631 2539 2687 loeutus
2605 2642 2706 2687 est.
2751 2631 2854 2686 Ubi
2917 2639 3122 2705 autem,
3177 2641 3357 2698 quaee
3419 2640 3477 2678 re
3499 2629 3682 2684 erant,

2096 2723 2480 2788 contulissent,
2533 2725 2832 2779 salutantes
2898 2722 3038 2777 inter
3096 2737 3155 2776 se
3202 2721 3262 2774 in.
3313 2717 3500 2772 osculo
3553 2730 3678 2768 san-

2097 2821 2208 2878 ειη,
2272 2831 2328 2869 se
2375 2815 2604 2886 quisque
2659 2815 2767 2868 alio
2830 2820 3152 2884 receperunt
3205 2830 3218 2866 :
3267 2809 3510 2864 Andreas
3554 2803 3676 2874 qui-

2604 2904 2941 2976 Epiphanius
3034 2919 3163 2960 vero
3201 2941 3215 2967 ,
3328 2902 3382 2954 in
3453 2900 3692 2954 domum.

2173 3084 2261 3140 51.
2288 3083 2392 3140 Sed
2418 3092 2470 3141 et
2499 3084 2643 3140 aliud
2673 3099 3018 3153 summopere
3076 3083 3455 3138 admirandum
3492 3086 3679 3155 prodl-

424 3191 570 3227 στιον
601 3179 666 3244 τῇ
705 3175 949 3246 ὑμετέρᾳ
982 3176 1172 3246 ἀγάπῃ
1205 3175 1764 3246 διηγήσασθαι,-ὄτιερ
1799 3180 1879 3242 εἰς
1911 3177 1997 3229 τὸν

2102 3177 2242 3245 gium
2293 3177 2460 3231 libido
2490 3186 2572 3232 est
2605 3192 2864 3231 enarrare
2886 3177 3063 3237 vobis,
3095 3175 3290 3232 fratres
3329 3177 3636 3232 charissimi
3661 3221 3675 3241 ,

422 3266 644 3335 θεοφιλῆ
669 3268 984 3336 Ἐπιφάνιον
1005 3267 1196 3334 γέγονε
1213 3282 1227 3296 ⁸
1256 3269 1658 3336 μαρτυροῦντος
1680 3269 1774 3321 τοῦ
1802 3270 2004 3335 Κυρίου
2025 3248 2065 3306 c

422 3360 582 3430 ἡμῶν
620 3360 799 3431 Ἰησοῦ
829 3361 1066 3432 Χριστοῦ
1120 3361 1180 3414 τὸ
1219 3362 1350 3433 παρ’
1386 3363 1552 3416 αὑτοῦ
1602 3361 1998 3433 εὐεργετούμε-

423 3468 536 3514 νον,
585 3452 680 3503 καὶ
717 3454 796 3515 είς
844 3451 1154 3520 ττύμφανες
1203 3455 1552 3526 παραστῆσαι
1603 3454 1667 3507 τὰ
1713 3458 1792 3520 είς
1836 3455 1998 3508 αὑτὸν

426 3543 761 3612 πραχθέντα.
818 3536 988 3607 Οὗτος
1039 3543 1220 3599 τοίνυν
1267 3546 1295 3598 6
1337 3547 1591 3616 θεοφιλὴς
1649 3547 1998 3618 νεανίας[ὲν

424 3636 724 3707 ἐγκρατείᾳ
751 3639 842 3688 καὶ
874 3640 1151 3708 προσευχῆ
1175 3639 1517 3691 διανύωντδν
1549 3639 1661 3708 βίον
1681 3639 1996 3710 αύτοῢκἹΟΠ

365 3751 370 3754 ·
424 3726 564 3796 ἔχων
598 3728 737 3796 πρὸς
768 3724 896 3798 ἦθος
941 3727 1304 3800 τὴνμπρώτην
1360 3729 1632 3800 ἐεδομάδα
1686 3730 1788 3801 τῆς
1836 3731 2000 3799 άγίας

425 3819 882 3890 Ἰἐσσαρακοατῆς
928 3821 1116 3884 ἀσιτος
1165 3820 1258 3874 καὶ
1303 3820 1503 3883 ἀποτος
1543 3822 1816 3892 διαμένειν
1846 3861 1861 3884 ,
1907 3821 2000 3874 καὶ

426 3912 570 3978 μετά
603 3910 779 3963 ταῦτα
808 3910 1247 3979 μεταλαμϐάνων
1278 3913 1386 3964 τῶν
1410 3913 1698 3982 ἀχράντων
1731 3911 1828 3964 τοῦ
1863 3912 2000 3981 Χρι-

428 3998 556 4052 στοῦ
600 4001 940 4070 μυοτηρίων,
979 4003 1074 4054 καὶ
1121 3999 1222 4055 εἶθ’
1254 4001 1423 4064 οὕτως
1456 4002 1620 4073 ἄρτου
1666 4003 1761 4055 καὶ
1810 4001 2001 4063 ὓδατος

423 4091 518 4143 καί
549 4107 711 4143 τινων
756 4091 997 4160 ὀσπρίων
1027 4092 1126 4162 τὴν
1155 4093 1457 4162 ἀνάκτησιν
1485 4095 1721 4145 ἐποιεῖτο
1765 4090 1860 4145 τοῦ
1897 4090 2001 4144 σώο

433 4198 624 4249 ματος.
670 4183 758 4236 Ἐν
799 4183 898 4253 μιᾷ
928 4185 1108 4236 τοίνυν
1133 4185 1558 4254 Τεσσαρακοστῇ
1584 4183 1722 4253 μετά
1747 4193 1999 4252 νηστείας

426 4275 843 4337 ἐπιτελέσαντος
875 4275 974 4347 τὴν
1000 4276 1408 4348 προρρηθεῖσαν
1442 4275 1736 4346 ἑϐδομάδα,
1767 4277 1872 4348 πρὸ
1906 4277 2000 4331 τοῦ

425 4366 632 4434 φθάσαι
655 4367 754 4438 τὴν
775 4367 924 4440 ὦραν
943 4370 1046 4439 τῆς
1073 4369 1600 4439 λειτουργίας,ἐνδον
1625 4368 1720 4422 τοῦ
1745 4369 2000 4434 κοιτῶνος

426 4459 615 4523 αὑτοῦ,
668 4460 832 4523 αὐτὸς
867 4459 1074 4522 ἐκεῖνος
1113 4459 1316 4530 ἐψηκεν
1335 4458 1560 4530 ὀσπρίον
1613 4461 1674 4513 τὸ
1707 4459 2003 4530 λεγόμενον

440 4549 863 4622 Ὀροφάσουλον,
918 4549 993 4621 μὴ
1034 4551 1140 4604 ἐῶν
1175 4567 1299 4603 τινα
1329 4552 1507 4603 ἐκεῖσε
1559 4550 1768 4624 Θέρμης
1815 4551 1998 4622 χάριν,

429 4644 518 4696 διὰ
557 4645 659 4710 τὴν
702 4643 864 4711 ψύξιν
894 4643 995 4713 τὴν
1037 4644 1158 4695 τότε
1193 4642 1567 4713 ὑπάρχουσαν,
1601 4644 1881 4698 εἰσελθεῖν.
1937 4645 1995 4698 Ὀ

428 4733 486 4785 δὲ
527 4731 893 4803 καθεζόμενος
919 4733 1020 4804 τῆς
1059 4733 1270 4805 Θέρμης
1299 4735 1638 4804 ἐπηρείδετο,
1663 4735 1818 4789 τοῦτο
1849 4735 1996 4804 ἐψῶν

429 4827 488 4878 ἐν
523 4827 706 4896 μικρῷ
738 4825 1000 4898 κυθριδίῳ
1024 4843 1037 4858 ο
1082 4829 1180 4880 καὶ
1211 4827 1274 4897 δὴ
1325 4827 1419 4882 τοῦ
1460 4827 1620 4893 ξύλου
1663 4827 1998 4897 κρούσαντος

429 4919 523 4971 ἐπὶ
546 4918 646 4986 τὴν
675 4918 988 4990 προσευχὴν
1015 4917 1114 4988 τῆς
1167 4919 1418 4989 ἐννάτης,
1453 4919 1694 4982 ἀναστάς
1727 4920 1999 4990 ἐπορεύθη

431 5012 510 5075 είς
529 5012 628 5081 τὴν
658 5011 977 5083 ἐκκλησίαν,
1023 5011 1100 5082 μὴ
1150 5011 1530 5081 ἐντειλάμενός
1575 5028 1681 5066 τινι
1731 5013 1861 5081 περὶ
1904 5013 2002 5082 τῆς

429 5105 752 5173 ἐπιμελείας
781 5106 876 5159 τοῦ
907 5105 1211 5175 ἑψήματος.
1260 5102 1348 5168 Ὠς
1387 5099 1480 5158 οὖν
1531 5106 1590 5157 ἐν
1631 5105 1701 5174 τῇ
1736 5103 2002 5174 ἐκκλησίᾳ

430 5199 698 5267 εἱστήκει,
741 5200 770 5250 ὀ
798 5199 1032 5252 πάντοτε
1089 5197 1370 5268 λογισμοῖς
1419 5196 1701 5266 ἀθεμίτοις
1746 5195 2002 5266 πολεμῶν

431 5286 528 5340 τὸν
555 5285 684 5340 νοῦν
729 5286 842 5340 τῶν
892 5285 1196 5357 ἀνθρώπων
1243 5287 1272 5342 ὁ
1325 5285 1732 5356 ἐπικατάρατος
1766 5284 1998 5354 δαίμων,

430 5379 705 5450 ἐνέσκηψε
726 5379 802 5450 τῷ
833 5381 937 5450 νέῳ
984 5380 1269 5450 λογισμοῖς
1321 5377 1688 5443 ἀποστάσιας,
1727 5378 2001 5448 προφάσει

428 5475 531 5542 τῆς
551 5471 647 5525 τοῦ
679 5472 956 5541 ἑψήματος
980 5471 1321 5540 ἐπιμελείας,
1353 5469 1448 5523 τοῦ
1469 5468 1668 5534 ἐξῶσαι
1700 5469 1862 5522 αὑτὸν
1893 5468 2002 5523 ἀπὸ

425 5564 529 5633 τῆς
574 5564 870 5636 ἐκκλησίας
917 5564 1024 5634 πρὸ
1071 5564 1172 5634 τῆς
1215 5562 1534 5626 ἀπολύσεως
1575 5578 1591 5596 ο
1649 5562 1880 5633 ἄρχεται
1937 5560 1995 5615 δέ

430 5657 733 5729 ὑποφέρειν
778 5657 922 5712 κατά
955 5656 1195 5712 διάνοιαν
1230 5655 1359 5711 τάδε
1386 5671 1401 5687 ·
1441 5655 1574 5710 Ἰδοὺ
1613 5653 1678 5708 δι’
1726 5653 1855 5725 ὅλης
1898 5653 2000 5724 τῆς

504 5817 616 5890 (70)
670 5815 770 5873 Ms.
821 5813 995 5872 Vatic.
1050 5814 1230 5870 minus
1270 5813 1412 5870 clare

2102 3270 2153 3322 in
2207 3267 2513 3338 Epiphanio
2561 3278 2775 3332 nostro,
2830 3269 3036 3322 ardenti
3067 3269 3234 3323 Deum
3282 3284 3466 3324 amore
3487 3287 3678 3338 prose-

2098 3368 2321 3429 quente,
2352 3369 2616 3430 patratum
2651 3401 2665 3424 ,
2700 3359 3036 3430 approbante
3073 3359 3300 3414 Domino
3332 3369 3519 3415 nostro
3548 3359 3678 3414 Jesu

2101 3449 2325 3504 Christo
2365 3452 2623 3520 praclara
2679 3451 2852 3520 ipsius
2877 3467 3061 3521 Opera,
3111 3466 3283 3520 eaque
3335 3451 3677 3516 publicamin

2099 3541 2274 3598 lucem
2306 3542 2661 3613 producente.
2694 3542 2906 3598 Charus
2941 3544 3120 3613 itaque
3175 3542 3284 3598 Dvo
3321 3542 3677 3612 Epiphanius,

2099 3649 2162 3688 ex
2212 3633 2550 3703 beneplaeito
2597 3635 2741 3690 illius
2800 3645 3108 3705 temperans
3142 3643 3295 3697 erat,
3336 3635 3681 3705 habebatque

2102 3725 2156 3778 in
2172 3741 2320 3780 more
2339 3729 2581 3794 positum
2603 3727 2885 3782 traducere
2901 3729 3134 3796 primam
3158 3736 3358 3782 sancta:
3373 3725 3682 3798 Quadrage-

2101 3817 2251 3870 sima:
2268 3816 2682 3880 hebdomadam,
2700 3817 2803 3871 cibi
2823 3826 3088 3886 potusque
3118 3827 3412 3887 expertem,
3428 3817 3549 3873 dein
3569 3836 3688 3876 sus-

2101 3906 2281 3974 cipere
2318 3905 2664 3962 immaculata
2706 3907 2906 3962 Christi
2949 3908 3206 3978 mysteria
3234 3916 3387 3974 ,tutn
3449 3911 3684 3978 denique

2102 4012 2257 4067 pane,
2290 4013 2428 4068 aqua
2464 4007 2519 4052 et
2565 3999 2932 4067 leguminibus
2964 4000 3244 4055 nonnullis
3293 4001 3676 4071 corpusculum

2104 4102 2373 4143 recreare.
2425 4089 2670 4154 Quadam
2709 4104 2836 4143 vero
2888 4089 3342 4158 Quadragesima,
3381 4108 3506 4147 eum
3566 4093 3682 4162 pri-

2104 4193 2273 4246 matu,
2306 4195 2468 4248 quam
2505 4179 2767 4245 diximus,
2800 4181 3164 4250 septimanam
3212 4181 3435 4250 jejunus
3498 4194 3683 4236 trans-

2103 4271 2344 4341 cgisset,
2393 4272 2732 4342 praeveniens
2784 4273 3121 4327 sacrosancti
3194 4270 3374 4328 Missae
3425 4275 3682 4329 sacrificii

2106 4373 2338 4434 tempus,
2401 4365 2621 4436 pararit
2656 4365 2770 4436 ipse
2819 4365 2960 4419 intra
3023 4363 3258 4419 cubiculi
3307 4364 3393 4418 sui
3447 4365 3682 4435 parietes

2104 4455 2342 4510 edulium
2371 4471 2402 4512 e
2428 4455 2817 4527 leguminibus,
2859 4456 3263 4526 Omphasulum
3306 4455 3466 4527 vulgo
3499 4457 3683 4528 appel-

2105 4547 2299 4610 latum,
2350 4548 2551 4603 caloris
2611 4562 2776 4604 causa
2840 4563 2944 4603 non
2981 4552 3298 4618 permittens
3329 4564 3678 4619 quemquam,

2104 4651 2324 4712 propter
2358 4641 2529 4712 frigus
2556 4641 2700 4712 quod
2736 4651 2850 4696 tum
2909 4641 3170 4711 temporis
3201 4642 3585 4707 invalescebat,
3615 4655 3680 4696 eo

2105 4735 2329 4790 intrare.
2372 4735 2636 4791 Assidens
2686 4735 2853 4805 igitur
2909 4733 3069 4802 foco,
3131 4734 3369 4790 edulium
3401 4751 3558 4790 suum
3587 4749 3683 4790 co-

2105 4843 2276 4898 quere
2307 4828 2360 4882 in
2396 4827 2569 4884 lebete
2591 4829 2789 4899 exiguo
2824 4829 3099 4884 nitebatur
3133 4844 3150 4894 ;
3185 4844 3308 4882 cum
3367 4829 3494 4882 dato
3523 4829 3686 4898 signo

2105 4920 2172 4974 ad
2201 4919 2436 4984 Nonam,
2474 4934 2704 4989 propere
2749 4934 2983 4989 surgens
3032 4920 3099 4974 ad
3141 4919 3422 4975 ecclesiam
3460 4935 3518 4974 se
3546 4935 3682 4974 con-

2111 5011 2255 5075 tulit,
2315 5009 2448 5064 nulli
2499 5024 2630 5064 cura
2681 5009 2892 5065 obsonii
2926 5010 3272 5066 demandata.
3301 5009 3403 5068 Ubi
3452 5024 3517 5064 eo
3556 5025 3681 5078 per-

2108 5111 2330 5157 ventum
2364 5110 2472 5168 est,
2500 5101 2821 5158 maledictus
2851 5103 3088 5170 daemon,
3145 5103 3238 5173 qui
3297 5101 3678 5157 indecentibus

2111 5192 2312 5262 ubique
2346 5193 2599 5262 cogitatis
2651 5194 2934 5250 hominum
2986 5197 3201 5251 animos
3230 5209 3542 5264 oppugnare
3570 5210 3676 5249 non

2108 5291 2305 5346 cessat,
2357 5282 2616 5339 infestare
2655 5284 2908 5354 juvenem
2940 5285 3105 5356 erepit
3152 5284 3317 5340 variis
3375 5284 3442 5338 de
3469 5282 3619 5338 abitu
3647 5299 3678 5338 e

2107 5374 2313 5443 templo
2339 5375 2784 5446 cogitationibus,
2822 5385 3124 5446 praetexens
3164 5373 3434 5445 pulmenti-
3489 5389 3674 5429 curam

2107 5466 2411 5523 habendam
2471 5481 2617 5535 esse,
2668 5483 2776 5522 non
2828 5469 2936 5523 alio
3001 5468 3140 5529 line,
3170 5482 3334 5536 quam
3389 5473 3446 5520 ut
3475 5466 3675 5535 ipsum,

2106 5559 2276 5615 ﬁnitis
2311 5559 2554 5614 nondum
2595 5560 2870 5632 precibus,
2899 5559 2966 5614 ab
3003 5559 3228 5614 ecclesia
3278 5557 3515 5614 eliceret.
3567 5557 3675 5611 Co-

2106 5653 2398 5724 gitationes
2422 5661 2605 5708 autem
2641 5651 2872 5723 injectae,
2900 5657 3054 5707 erant
3110 5648 3273 5722 hujus
3306 5650 3449 5708 modi
3485 5665 3500 5704 :
3536 5646 3679 5705 Ecce

1473 5828 1486 5864 :
1542 5811 1700 5868 Κατά
1725 5809 1785 5865 τὸ
1825 5808 2013 5865 δοκοῦν
2051 5808 2199 5880 αύτῷ
2229 5808 2609 5882 ἐγκρατεύετο.
