4100 6212
426 358 528 426 691

1492 362 1909 423 NICEPIIORI
1949 361 2433 423 PRESBYTERI
2470 363 2580 423 (ΣΡ.

3572 362 3682 426 692

428 491 527 546 per
583 474 940 544 septimanam
978 476 1204 532 solidam
1265 479 1644 534 miserandum
1688 479 1741 532 in
1780 477 2001 533 modum

2121 478 2403 548 ἑϐδομάδος
2458 476 2940 548 ἐταλαιπωρήθης,
2986 475 3276 547 βρώματος
3323 479 3417 531 καὶ
3477 479 3683 544 πόσιως

430 583 481 623 te
545 567 808 638 aﬂligens,
867 568 991 624 cibo
1022 580 1261 640 potuque
1301 572 1643 636 abstinuisti,
1699 580 2005 641 prostratus

428 657 606 724 humi,
661 657 800 712 duro
837 658 955 713 solo
976 658 1330 727 decumbens,
1371 661 1519 715 omni
1553 661 1748 716 solatio
1778 660 2005 715 destitu-

430 764 552 818 lus;
588 751 641 806 in
700 751 876 822 iisque
930 762 1040 808 tam
1069 755 1334 808 violenter
1364 757 1695 824 perdurasti,
1752 764 1811 810 ut
1842 768 2008 824 prope

434 840 681 898 abfueris
710 858 741 897 a
772 852 946 898 morte
986 860 1095 913 prae
1121 846 1314 901 ardore
1338 846 1525 910 nimio,
1560 862 1590 900 a
1615 847 1705 901 siti
1729 847 1965 901 excitato
1992 860 2003 895 :

431 950 555 988 cum
584 949 712 990 vero
745 949 889 990 curre
926 936 1021 990 tibi
1053 952 1175 991 esse
1196 937 1415 991 deberet
1437 937 1734 1007 pauxillum
1764 934 2005 991 alimenti

434 1043 628 1098 parare
658 1036 711 1083 et
741 1043 978 1095 sumere,
1022 1030 1115 1085 illo
1147 1031 1263 1100 ipso
1295 1032 1480 1086 relicto
1519 1031 1737 1085 abivisli
1764 1030 2009 1085 incurius

439 1119 571 1173 nulli
603 1123 858 1189 cuiquam
882 1121 1136 1175 mandato
1174 1123 1399 1176 curandi
1457 1121 1671 1176 obsonii
1706 1121 1958 1190 imposito
1993 1136 2006 1173 :

434 1211 569 1265 vade
605 1209 789 1280 igitur,
826 1220 879 1265 et
904 1210 1130 1280 inspice,
1165 1227 1296 1266 num
1354 1210 1513 1276 forte,
1549 1212 1803 1266 adustum
1831 1218 2011 1265 calore

436 1300 629 1364 nimio,
671 1303 820 1370 gravi
861 1302 1081 1357 domum
1127 1303 1319 1358 nidore
1348 1303 1649 1372 compleat;
1710 1303 2007 1371 periculum

434 1393 580 1446 enim
642 1392 841 1448 nullum
895 1402 998 1457 est,
1053 1409 1119 1449 ne
1157 1401 1379 1450 coactus
1432 1393 1521 1448 hic
1546 1392 1786 1447 ﬁdelium
1835 1403 2010 1447 cretus

434 1484 731 1549 dilabatur,
792 1486 1110 1556 priusquam
1177 1486 1359 1541 omnia
1438 1496 1661 1554 tu,quze
1708 1485 2008 1549 consuesti.

434 1575 738 1630 orationum
766 1592 928 1645 pensa
959 1577 1305 1647 persolveris.

505 1665 595 1720 52.
623 1665 745 1721 llaec
773 1678 935 1736 atque
980 1667 1109 1734 alia,
1163 1666 1325 1721 etiam
1352 1664 1677 1730 eflicaciora,
1739 1672 1903 1735 utque
1933 1662 2014 1717 vi-

432 1758 703 1813 debantur
724 1773 900 1829 aequa,
934 1768 1256 1828 suggerente
1284 1758 1519 1826 superbo
1579 1758 1824 1813 daemone
1856 1772 1868 1807 :
1899 1772 2015 1811 ma-

2110 572 2525 642 ὑστερούμενος,
2555 569 2835 641 χαμεύνης
2857 610 2872 635 ,
2906 570 3264 641 ξηροκοιτῶν,
3309 573 3420 627 ἀπὸ
3465 574 3683 629 πάντων

2108 660 2567 730 ἀπαραμύθητος,
2602 660 2697 713 καὶ
2737 659 2914 714 ταῦτα
2954 660 3047 732 βίᾳ
3073 663 3511 734 ἐξυπηρετήσας,
3541 664 3683 718 ὥστε

2108 751 2459 822 ἀποψυγῆναι
2498 752 2576 822 τῷ
2601 753 2842 806 καύσωνι
2873 754 2951 825 τῷ
2986 754 3096 808 ἀπὸ
3140 754 3299 825 δίψης
3336 757 3685 824 ὲπιγεγονότι

2112 859 2194 895 σοι
2225 857 2237 869 ·
2279 842 2366 895 ὅτε
2394 839 2489 895 οὖν
2519 842 2737 911 δφειλες
2774 843 2874 915 τὴν
2904 845 3097 915 εὐτελῆ
3124 862 3220 898 σου
3250 846 3457 918 τροφὴν
3486 849 3687 919 ἐπιμε-

2110 933 2377 1004 λήσασθαι
2409 934 2504 987 τοῦ
2544 938 2859 1005 μετασχεῖν,
2908 936 3117 1009 ταύτην
3147 938 3435 1009 παρεάσας
3484 940 3689 1010 ἀνεχώ-

2115 1044 2317 1097 ρησας,
2344 1027 2454 1080 τινὶ
2495 1028 2625 1099 περὶ
2665 1027 2838 1098 αὐτῆς
2889 1029 2965 1101 μὴ
3004 1031 3402 1101 ἐντειλάμενος.
3463 1031 3687 1097 Ἔξελθε

2111 1112 2205 1169 οὖν
2228 1117 2324 1170 καὶ
2357 1116 2570 1182 θέασαι,
2598 1117 2672 1188 μή
2700 1134 2819 1181 πως
2848 1118 3068 1174 καύσων
3093 1119 3397 1191 πεποίηκεν
3418 1120 3686 1175 δυσωδίαν

2111 1208 2564 1275 ἐπισπασάμενον
2598 1224 2615 1239 ο
2655 1210 2716 1261 οὐ
2753 1208 2863 1281 γὰρ
2912 1210 2989 1281 μὴ
3021 1211 3308 1283 ἀποδράσῃ
3347 1211 3382 1282 ἡ
3418 1210 3686 1283 ἐκκλησία

2112 1298 2222 1352 ἀπὸ
2252 1297 2360 1353 τῶν
2384 1291 2507 1365 ὧδε,
2543 1298 2739 1369 μέχρις
2786 1299 2853 1354 ἂν
2884 1300 3291 1373 ἀποπληρώσῃς
3324 1301 3392 1357 τά
3429 1301 3489 1368 ἐξ
3531 1300 3686 1365 Edon;

2115 1410 2220 1447 σοι.

2182 1670 2280 1733 νβ’.
2308 1669 2493 1725 Ταῦτα
2511 1668 2605 1724 τοῦ
2630 1668 2889 1734 ἀλαζόνος
2910 1669 3046 1739 (71),
3070 1668 3147 1732 ὡς
3169 1667 3504 1737 εύλογοφανῆ
3526 1665 3692 1733 δῆθεν

2115 1765 2502 1830 ὑποτιθεμένου
2546 1764 2642 1817 καὶ
2685 1763 2823 1818 ἄλλα
2865 1763 2987 1817 τινὰ
3026 1761 3457 1830 δραστικώτερα,
3498 1763 3525 1813 ὀ
3569 1760 3688 1814 θεο-

434 1850 776 1905 cltinationes
803 1850 922 1919 ejus
954 1850 1237 1919 perspicue
1267 1862 1608 1918 cognoscens
1652 1847 2009 1920 Epiphanius,

2121 1856 2301 1926 φιλὴς,
2332 1855 2549 1917 νεανίας
2576 1854 2677 1907 οὐκ
2707 1852 2942 1923 ἠγνόησε
2972 1850 3039 1904 τὰ
3065 1848 3159 1903 τοῦ
3193 1850 3429 1918 πονηροῦ
3449 1852 3692 1920 μηχανή-

436 1943 579 1995 hunc
612 1942 665 1995 in
706 1942 924 1996 modum
956 1940 1233 1995 insidianti
1260 1941 1536 2008 reSpondit
1568 1956 1587 1996 :
1620 1939 1728 1995 Deo
1746 1956 1889 1995 cura:
1906 1938 2011 1996 erit

433 2034 675 2090 edulium
713 2049 919 2096 mrum,
952 2033 1207 2088 nutrienti
1245 2032 1508 2103 quidquid
1545 2033 1710 2098 vivit,
1738 2035 1853 2104 ipse
1881 2046 2010 2101 pro.

437 2136 611 2182 tector
664 2126 788 2181 vitae
853 2140 1008 2181 mete.
1070 2123 1237 2181 Talia.
1278 2125 1491 2195 impuro
1546 2124 1711 2188 hosti,
1739 2121 2011 2192 precantis

436 2218 679 2273 animum
710 2219 764 2272 in
790 2217 1001 2274 diversa
1024 2217 1237 2271 trahere
1272 2224 1491 2282 conato,
1516 2224 1692 2269 mente
1712 2212 1975 2283 objiciens
1995 2252 2010 2276 ,

435 2322 489 2365 t-t
538 2310 720 2365 crucis
778 2310 932 2381 signo
966 2324 1025 2364 se
1064 2309 1336 2374 muniens,
1396 2308 1461 2363 ad
1515 2305 1675 2360 linem
1717 2320 1889 2374 usque
1921 2302 2015 2358 Of-

434 2402 556 2458 licii-
576 2402 737 2458 isthic
769 2400 1027 2473 perstitit.
1083 2399 1221 2456 Tum
1276 2400 1344 2456 ad
1402 2414 1462 2457 se
1500 2412 1771 2463 remeans,
1807 2395 2015 2451 invenit

435 2499 663 2545 cunctos
716 2490 771 2545 in
828 2490 1247 2547 admirationem
1300 2499 1487 2562 raptos
1523 2488 1594 2545 ob
1629 2488 2015 2543 suavissimam

437 2580 624 2636 odoris
676 2579 1056 2652 fragrantiam,
1111 2596 1217 2651 qua
1275 2581 1472 2636 domus
1535 2578 2016 2651 perfundebatur:

440 2670 699 2741 auditque
749 2672 1048 2741 pendentes
1081 2672 1280 2725 animis
1314 2680 1476 2739 atque
1514 2669 1852 2740 ignorantes,
1877 2665 2021 2721 unde

443 2763 659 2817 tandem
713 2764 957 2820 suavitas
990 2764 1079 2819 illa
1123 2764 1410 2833 aspiraret,
1437 2773 1694 2831 tanquam
1730 2760 1796 2816 de
1817 2774 1875 2814 re
1901 2759 2023 2813 inu-

444 2855 607 2908 sitata
643 2854 985 2924 interpellare
1040 2869 1186 2918 sese,
1208 2853 1480 2908 “dicentes
1515 2868 1528 2904 :
1560 2850 1676 2904 lluc
1699 2848 1864 2914 adsis,
1895 2848 2023 2903 bere

444 2954 631 3000 noster
688 2946 908 3013 dilecte,
947 2944 1425 3014 incomparabilem
1476 2943 1615 2997 hanc
1669 2940 2021 3011 fragrantiam

444 3037 640 3103 olface,
700 3052 820 3108 quae
882 3038 1023 3093 unde
1081 3037 1307 3107 prodeat
1368 3036 1572 3091 rescire
1613 3031 1798 3089 nullus
1822 3038 2021 3102 potest.

445 3129 694 3196 Cumque
724 3130 1049 3185 accessisset
1086 3126 1424 3199 Epiphanius
1446 3124 1615 3180 sensit
1663 3132 1717 3179 et
1750 3122 1869 3193 ipse
1895 3136 2024 3177 sua-

443 3223 667 3277 vitatem
700 3220 884 3276 odoris
912 3220 1240 3285 mirabilem,
1266 3228 1321 3275 et
1354 3218 1428 3273 rei
1482 3216 1719 3272 novitate
1741 3212 2025 3284 perculsus

441 3322 545 3369 est.
592 3312 876 3383 Ingressus
929 3326 1058 3367 vero
1107 3310 1458 3373 cubiculum,
1522 3308 1612 3362 ubi
1665 3304 1881 3361 loculus
1909 3312 2026 3359 erat

441 3403 771 3460 carbonibus
828 3401 1042 3472 plenus,
1089 3408 1146 3453 et
1206 3399 1687 3466 circumspectans,
1755 3391 2025 3462 conspicit

441 3493 696 3564 juvenem
728 3492 1007 3561 dignitatis
1037 3490 1270 3553 eximiae,
1296 3488 1639 3558 proceritatis
1662 3483 2020 3551 admirandae,

442 3597 666 3649 prorsus
704 3582 958 3634 decenter
1009 3578 1374 3647 compositum
1414 3593 1429 3630 :
1464 3576 1789 3631 coruscabat
1855 3575 2023 3631 facies

440 3674 561 3743 ejus
590 3673 795 3727 clarius
826 3671 961 3735 sole,
992 3680 1044 3725 et
1087 3669 1444 3724 amiciebatur
1488 3669 1625 3725 stola
1648 3708 1663 3735 ,
1692 3683 1815 3738 quae
1846 3669 2019 3738 ipsam

444 3780 554 3818 non
585 3764 874 3821 dedeceret
915 3764 1261 3832 majestatem
1291 3761 1553 3825 divinam,
1578 3776 1607 3814 a
1637 3761 1778 3815 collo
1802 3760 2021 3830 quidem

445 3866 665 3925 pectore
710 3865 867 3911 tenus
920 3853 1170 3921 candida,
1203 3870 1337 3910 auro
1379 3854 1670 3910 intertexta
1702 3893 1719 3922 ,
1748 3853 1873 3909 hinc
1893 3868 2022 3908 vero

448 3964 542 4018 per
600 3948 817 4004 lumbos
849 3947 1095 4019 adusque
1148 3962 1344 4017 genua,
1381 3948 1555 4003 instar
1584 3946 1786 4010 herbae,
1833 3944 2022 4001 viridis

448 4048 501 4098 et
534 4042 716 4097 citrini
753 4041 955 4097 coloris
998 4042 1205 4096 nitente
1246 4055 1261 4094 :
1300 4048 1461 4110 caput
1505 4038 1764 4094 rutilabat
1792 4036 2023 4092 ﬂaveute

445 4148 623 4200 coma,
677 4132 888 4203 capillis
915 4146 1108 4187 aurum
1157 4130 1366 4202 fulgore
1396 4146 1497 4186 suo
1528 4129 1886 4185 imitantibus.
1930 4126 2021 4182 Ti-

446 4241 599 4282 more
660 4226 945 4297 pereulsus
999 4224 1065 4280 ad
1108 4224 1210 4280 boc
1235 4224 1604 4294 spectaculum
1659 4220 2018 4291 Epiphanius,

445 4319 621 4375 cernit
679 4318 875 4375 faciem
936 4318 1153 4389 juvenis
1213 4315 1594 4372 transformari
1634 4313 2018 4377 diversimode,

446 4413 606 4467 modo
664 4411 841 4467 instar
891 4409 1032 4465 nivis
1083 4408 1390 4474 candidam,
1447 4408 1610 4462 modo
1665 4406 1839 4466 instar
1880 4406 2021 4476 ignis

2116 1966 2282 2019 ματα,
2328 1948 2466 2018 πρὸς
2498 1947 2554 2000 δὲ
2593 1946 2691 2015 τὴν
2739 1944 2932 1998 τούτου
2987 1943 3257 2011 ύποϐολὴν
3312 1942 3687 2011 ἀπεκρίνατοο

2122 2042 2311 2094 Ἔστιν
2341 2037 2494 2103 Θεὸς,
2526 2030 2570 2105 ᾧ
2608 2054 2715 2090 τινι
2744 2037 2812 2089 τά
2843 2035 2971 2106 περὶ
2999 2033 3277 2105 τῆς,ὲμῆς
3308 2033 3511 2105 τροφῆς
3544 2050 3694 2102 μερι-

2120 2134 2355 2204 μνήσειο
2412 2131 2507 2185 καὶ
2571 2129 2679 2199 γὰρ
2735 2127 2901 2191 αὐτός
2944 2129 3093 2181 ἐστιν
3137 2126 3167 2180 ὀ
3232 2125 3448 2196 τρέφων
3512 2126 3694 2177 πᾶσαν

2118 2226 2313 2294 πνοὴν,
2347 2222 2442 2277 καὶ
2473 2220 2889 2292 ὑπερασπιστὴς
2919 2219 3015 2289 τῆς
3039 2220 3183 2289 ζωῆς
3215 2234 3337 2289 μου.
3371 2216 3560 2271 Ταῦτα
3592 2234 3692 2270 κα-

2117 2317 2187 2370 τά
2212 2315 2336 2369 νοῦν
2368 2315 2464 2369 καὶ
2493 2313 2733 2369 διάνοιαν
2770 2312 2849 2383 τῷ
2899 2310 3083 2382 μιαρῷ
3134 2312 3480 2381 συμμεριστῇ
3524 2310 3693 2363 ἀντει-

2122 2406 2260 2472 πὼν,
2304 2406 2399 2459 καὶ
2456 2402 3066 2475 κατασφραγισάμενος,
3104 2402 3293 2455 ἵστατο
3348 2401 3541 2471 μέχρις
3597 2401 3695 2469 τῆς

2120 2498 2459 2559 ἀπολύσεως.
2528 2493 2871 2549 Ἐπανελθὼν
2924 2492 3019 2547 οὖν
3071 2494 3150 2555 είς
3184 2492 3271 2544 τὸν
3318 2486 3465 2545 οἶκον
3506 2489 3693 2555 αὐτοῦ,

2123 2583 2251 2657 εῦρε
2277 2587 2487 2647 πάντας
2514 2585 2892 2654 ξενιζομένους
2927 2583 3023 2636 ἐπὶ
3072 2583 3137 2652 τῇ
3180 2581 3419 2653 ἡδυτάτῃ
3466 2578 3695 2648 εὐοσμίᾳ

2123 2684 2189 2751 τῇ
2225 2680 2403 2733 ἐκεῖσε
2433 2676 2590 2749 οὔσῃ,
2622 2677 2862 2747 ἠπόρουν
2888 2692 2948 2728 τε
2980 2675 3217 2737 ἅπαντες
3248 2674 3373 2744 περὶ
3395 2672 3587 2740 αὐτῆς,
3621 2670 3696 2740 μὴ

2127 2769 2486 2839 ἐπιστάμενοι
2542 2768 2604 2821 τὸ
2657 2767 2823 2821 πόθεν
2876 2766 3204 2832 ἀναδίδοται,
3236 2766 3330 2820 καὶ
3378 2763 3525 2819 καθά
3572 2762 3698 2831 περὶ

2130 2862 2436 2931 παραδόξου
2483 2860 2625 2923 τινὸς
2659 2858 2983 2929 πράγματος
3016 2858 3095 2928 τῷ
3136 2856 3438 2927 Ἐπιφανίῳ
3470 2856 3657 2924 ἔλεγον
3682 2870 3696 2885 ·

2128 2951 2321 3022 Δεῦρο,
2350 2950 2579 3019 φίλτατε
2610 2946 2768 3018 ἡμῶν
2797 2948 3052 3010 δέσποτα,
3082 2945 3178 2999 καὶ
3203 2945 3539 3017 ὀσφράνθητι
3564 2945 3697 2997 εὐω·

2125 3043 2243 3107 δίας
2270 3041 2633 3112 ἀσυγκρίτου,
2654 3038 2820 3092 πόθεν
2849 3038 3248 3109 ἐκφερομένης,
3294 3038 3438 3100 τινος
3473 3035 3550 3106 μὴ
3583 3036 3697 3088 ἑπι-

2130 3134 2419 3205 σταμένου.
2468 3132 2555 3197 Ὧς
2577 3126 2671 3184 οὖν
2701 3129 3093 3200 πλησιέττερον
3125 3129 3345 3195 ἐγένετο
3384 3127 3412 3178 δ
3466 3124 3699 3192 Ἐπιφά-

2126 3244 2259 3292 νιος,
2285 3222 2584 3295 ὠσφράνθη
2609 3223 2703 3276 καὶ
2725 3222 2886 3285 αὐτὸς
2909 3220 3009 3290 τῆς
3036 3220 3305 3289 ἡδυτάτης
3328 3216 3541 3286 ἐκείνης
3567 3216 3699 3268 εὐω-

2125 3315 2266 3379 δίας,
2301 3313 2398 3367 καὶ
2428 3310 2750 3379 κατεπλάγη
2773 3310 2852 3380 τῷ
2877 3309 3117 3379 θαύματι
3154 3324 3167 3339 ·
3199 3307 3533 3370 εἰσελθόντος
3557 3307 3612 3359 δὲ
3640 3308 3701 3361 ἐν

2123 3404 2200 3475 τῷ
2223 3404 2445 3458 κοιτῶνι
2472 3401 2664 3468 αὑτοῦ,
2692 3400 2820 3455 ἔνθα
2851 3396 2919 3471 ἧν
2948 3399 3061 3471 (72)
3105 3400 3139 3470 ἡ
3185 3399 3385 3471 ἄρουλα
3408 3398 3702 3467 πεπληρω-

2126 3497 2264 3565 μένη
2294 3493 2604 3566 ἀνθράκων,
2640 3493 2735 3545 καὶ
2765 3490 3073 3561 ἀναϐλέψας
3101 3493 3215 3553 τοῖς
3242 3489 3564 3559 ὀφθαλμοῖς,
3598 3488 3700 3559 ὁρᾷ

2124 3586 2342 3639 νεανίαν
2368 3584 2573 3655 εὐειδῆ,
2606 3584 2775 3655 μήκει
2806 3582 3118 3653 θαυμαστὸν
3140 3621 3155 3648 ,
3203 3581 3508 3651 εὐπρεπείᾳ
3540 3596 3700 3650 περι-

2124 3676 2601 3749 στοιχειούμενον,
2644 3674 2833 3730 καὶτὸ
2886 3674 3184 3745 πρόσωπον
3238 3671 3413 3726 αὐτοῦ
3464 3672 3702 3740 αὑγάζον

2123 3772 2263 3843 ὑπὲρ
2316 3771 2490 3842 ἥλιον,
2544 3768 2919 3841 ἠμφιεσμένον
2975 3766 3170 3835 στολὴν
3223 3766 3543 3840 θεοπρεπῆ,
3597 3767 3705 3821 ἀπὺ

2127 3863 2224 3933 μὲν
2268 3862 2383 3935 (75)
2437 3860 2532 3914 τοῦ
2584 3860 2839 3924 τένοντος
2876 3859 3037 3930 μέχρι
3084 3856 3179 3911 τοῦ
3220 3858 3453 3929 στήθους
3514 3858 3701 3925 αὐτοῦ,

2123 3954 2323 4026 λευκὴν
2353 3952 2562 4025 χρυσίῳ
2587 3951 3066 4023 ἀναμεμιγμένην,
3107 3950 3216 4004 ἀπὸ
3256 3949 3313 4004 δὲ
3346 3950 3442 4003 τοῦ
3471 3950 3703 4021 στήθους

2123 4047 2229 4111 ἕως
2257 4045 2357 4117 τῆς
2382 4044 2586 4114 ὀσφύος
2615 4044 2710 4097 καὶ
2742 4043 2906 4113 μέχρι
2943 4040 3053 4096 τῶν
3093 4039 3335 4110 γονάτων
3362 4039 3439 4104 ὡς
3471 4038 3702 4109 βοτάνης

2122 4139 2351 4210 χλοερᾶς
2382 4139 2477 4191 καὶ
2511 4137 2716 4207 κήτρου
2755 4133 2867 4206 (74)
2905 4132 3407 4202 ἀπαστράπτουσαν
3438 4147 3452 4161 ο
3509 4132 3702 4199 ξανθό-

2124 4246 2292 4301 κομος
2312 4229 2411 4296 τὴν
2447 4226 2693 4298 κεφαλὴν
2729 4226 2870 4297 ἔχων
2900 4225 3003 4289 τὰς
3030 4224 3223 4295 τρίχας
3272 4222 3347 4287 ὡς
3395 4218 3532 4285 εἶδος
3566 4240 3700 4292 χρυ-

2126 4321 2264 4375 σίου.
2293 4319 2609 4391 Θαμϐηθεὶς
2637 4314 2732 4372 οὖν
2757 4321 2784 4372 ὀ
2811 4317 2930 4382 νέος
2956 4318 3051 4371 ἐπὶ
3076 4318 3137 4370 τὸ
3175 4316 3474 4387 ὁρώμενον,
3507 4316 3698 4385 βλέπει

2123 4414 2184 4467 τὸ
2222 4413 2513 4483 πρόσωπον
2537 4410 2702 4467 αὐτοῦ
2735 4410 3043 4482 μεταφέρον
3070 4425 3085 4440 ο
3122 4409 3215 4462 καὶ
3245 4409 3376 4463 ποτὲ
3403 4409 3501 4479 μὲν
3520 4408 3703 4478 ὑπῆρ-

448 4502 836 4572 fulgurantem.
903 4497 1118 4555 Nudum
1146 4499 1501 4570 protendebat
1566 4499 1848 4554 brachium
1894 4498 2017 4554 dex-

2130 4522 2224 4577 χεν
2254 4503 2329 4567 ὡς
2367 4502 2523 4574 χιὼν,
2567 4500 2698 4555 ποτὲ
2725 4502 2782 4555 δὲ
2814 4501 2890 4564 ὠς
2940 4499 3051 4571 πῦρ
3096 4501 3489 4571 ἀπαστράπτον
3512 4516 3526 4531 ·
3558 4494 3707 4569 εῖχεν

450 4605 615 4661 trum,
646 4608 756 4664 quo
783 4592 1120 4664 apprehensa
1149 4607 1284 4659 ausa
1312 4592 1539 4650 lebetem
1558 4591 1884 4661 sustinebat,
1919 4607 2017 4646 non

2129 4596 2186 4651 δὲ
2212 4594 2737 4666 ἀποκεκαλυμμένον
2770 4595 2862 4648 τὸν
2893 4594 3157 4665 βραχίονα
3191 4592 3358 4646 αὐτοῦ
3386 4592 3477 4646 τὸν
3505 4592 3703 4658 δεξιὸν,

451 4686 661 4742 otiosus
684 4684 866 4740 foculo
898 4695 1107 4740 astans.

520 4978 611 5033 55.
670 4975 819 5031 Inter
870 4974 987 5029 hac
1040 4986 1171 5043 ergo
1202 4968 1607 5041 obstupefacta,
1635 4977 1695 5024 ut
1731 4968 1862 5032 dixi,
1897 4969 2023 5040 Epi-

452 5070 677 5140 phanio,
705 5078 760 5123 et
787 5066 843 5123 in
894 5065 1183 5136 pulchrum
1214 5062 1343 5118 illud
1365 5061 1735 5132 spectaculum
1763 5074 1870 5115 non
1902 5061 2021 5116 sine

457 5167 683 5219 horrore
713 5159 951 5232 quodam
990 5156 1499 5226 intento,gratiosus
1544 5154 1635 5209 ille
1661 5167 1891 5222 coquus,
1921 5153 2023 5209 ob-

453 5256 614 5311 sonio
647 5254 957 5324 degustato,
994 5249 1140 5305 illius
1163 5248 1321 5320 quasi
1370 5245 1801 5317 experimentum
1831 5254 2022 5316 captu-

522 5391 635 5462 (71)
658 5392 757 5447 Ms.
793 5388 974 5462 Vatic.
988 5386 1341 5462 solummodo
1369 5384 1820 5462 ι-ξπικλ-ύξοντος.

528 5454 640 5529 (72⁷)
666 5462 925 5530 ’Δρουλω
956 5459 1058 5517 Iis.
1086 5458 1224 5530 Mag.
1256 5455 1513 5530 ἀρουλλα.
1557 5454 1821 5530 oculum
1854 5456 2027 5530 inter:

456 5524 658 5598 pretor.
723 5524 798 5585 Ita
859 5531 1011 5587 disco
1054 5545 1118 5584 ex
1174 5524 1485 5598 Scholiaste
1540 5525 1921 5598 Aristophanis
1960 5524 2027 5579 ad

457 5594 797 5671 Acbarneus.
857 5598 1149 5671 Ἐσχάραν,
1206 5596 1317 5671 τὴν*
1362 5600 1456 5649 νῦν
1495 5594 1838 5664 καλουμένην
1869 5595 2032 5664 ἄρου-

458 5669 578 5729 law,
617 5665 816 5737 focum,
841 5665 1002 5737 quem
1028 5665 1175 5723 nunc
1202 5665 1410 5722 arulam
1446 5671 1783 5737 nuncupant.

528 5736 641 5802 (75)
659 5734 756 5791 Ms.
782 5734 980 5793 Ma'zar.
1008 5740 1272 5805 τένοντος,
1298 5736 1516 5805 torquis.
1538 5734 1818 5805 Significat
1848 5740 2031 5790 autem

461 5824 629 5865 τίνων
683 5807 805 5861 colli
838 5810 1084 5863 (cudone:
1137 5804 1264 5865 seu
1296 5804 1476 5862 nervos
1517 5804 1884 5872 solidissimos,
1920 5807 2034 5863 sine

2126 4690 2186 4744 ὲν
2218 4688 2296 4759 τῷ
2328 4688 2582 4758 κατέχειν
2628 4685 2790 4740 αὑτὸν
2839 4686 2939 4755 τὴν
2978 4683 3149 4754 λαϐὴν
3187 4685 3281 4736 καὶ
3327 4681 3406 4753 τῷ
3441 4682 3707 4753 κυοριδίῳ

2124 4778 2543 4857 ὲπερείδεσθαιζ
2573 4779 2793 4859 ,ἵστατο
2838 4777 2895 4830 δὲ
2952 4776 3013 4829 ἐν
3073 4777 3140 4829 τῆ
3194 4774 3399 4846 ἀρούλῃ
3442 4774 3707 4845 ἀσχολού-

2127 4890 2311 4943 μενος.

2189 4972 2289 5035 νγ’.
2326 4967 2416 5022 Ἐν
2441 4967 2521 5039 τῷ
2547 4964 2640 5022 οῦν
2663 4966 2841 5021 ὲννεὺν
2869 4967 3091 5021 ἑστάναι
3118 4963 3209 5018 τὸν
3238 4959 3579 5028 Ἐπιφάνιον,
3608 4955 3707 5008 καὶ

2116 5060 2214 5128 τὴν
2258 5057 2382 5113 θέαν
2425 5056 2592 5113 αὑτοῦ
2635 5055 3054 5126 ἐκθαμϐεῖσθαι,
3095 5054 3124 5105 ὀ
3169 5052 3300 5122 ἡδὺς
3345 5049 3555 5108 ικεῖνος
3598 5044 3707 5111 μά-

2131 5169 2338 5224 γειρος,
2370 5151 2709 5221 γευσάμενος
2736 5144 2832 5200 τοῦ
2858 5142 3045 5212 ζωμοῦ
3074 5138 3277 5195 ὡσανεὶ
3300 5140 3497 5208 πεῖραν
3516 5135 3707 5188 λαϐεῖν

2136 5246 2477 5317 πειρώμενος
2511 5243 2608 5297 τοῦ
2638 5240 2942 5312 ἑψήματος,
2978 5233 3226 5291 ἐκϐαλὼν
3255 5234 3321 5287 ὲκ
3362 5231 3461 5286 τοῦ
3500 5229 3702 5284 κόλπου

2134 5400 2367 5455 quorum
2399 5397 2565 5455 opera
2593 5379 2823 5455 cervicis
2848 5377 3110 5455 vertebrae
3154 5370 3372 5455 collum
3417 5366 3710 5455 nequirent

2128 5437 2454 5510 sustinere;
2475 5437 2568 5507 sed
2622 5459 2677 5505 et
2730 5450 2888 5512 τένας
2933 5447 3128 5501 collum
3154 5441 3429 5497 invenitur
3474 5440 3530 5492 in
3555 5437 3706 5512 Actis

2128 5506 2495 5579 STVTlieodori
2520 5506 2714 5588 Ducis,
2748 5506 2895 5575 unde
2949 5515 3243 5579 τενάντιον,
3288 5520 3535 5580 torques,
3563 5506 3705 5578 apud

2129 5594 2581 5737 Νιῖξῗῖηιὲήτρου.
2608 5660 2710 5719 Ms.
2736 5658 2873 5717 Μαι.
2905 5656 3091 5723 κίτρον
3118 5653 3264 5727 quod
3281 5651 3488 5710 malim.
3513 5646 3708 5707 Latine

2134 5737 2317 5791 citrus.
