4100 6212
388 410 497 475 6θῖ

1554 417 1730 479 νιτΑ
1775 418 1837 477 S.
1884 415 2213 478 ANDREA!
2254 414 2443 475 SALI.

3527 392 3637 468 694

391 524 557 579 αὐτοῦ
596 524 867 597 ἐγχείριον
909 527 1023 598 (75)
1076 527 1293 598 μικρὸν,
1347 526 1441 580 καὶ
1480 527 1619 599 ἄρας
1660 532 1773 591 τοῖς
1819 529 1966 599 τρισὶ

2085 544 2187 593 ~us,
2221 527 2439 599 protulit
2460 542 2486 580 e
2519 526 2638 581 sinu
2668 539 2768 580 suo
2798 521 3076 578 vasculum
3104 520 3394 592 quoddam,
3436 519 3638 573 tribus-

390 619 676 681 δακτύλοις
704 619 867 672 αὐτοῦ
893 621 1115 690 ἄρτυμά
1139 637 1193 673 τι
1225 619 1325 673 ἀπ’
1347 620 1579 683 ἐκείνου,
1610 619 1967 687 σταυροειδῶς

392 709 469 779 τῷ
496 708 759 779 κυθριδίῳ
792 710 1069 775 ἐνέϐαλεν,
1122 711 1214 764 καὶ
1266 711 1344 781 τῷ
1397 711 1608 780 παλλίῳ
1641 712 1731 762 τὸν
1762 709 1968 763 ἀποκε-

398 800 748 869 καλυμμένον
796 800 1057 871 βραχίονα
1098 801 1263 855 αὐτοῦ
1321 802 1696 871 κατεκάλυψεν
1724 820 1743 834 ο
1776 802 1967 872 ἐντρα-

397 896 551 955 νίσας
581 909 641 944 τε
676 891 754 962 τῷ
800 893 1100 963 Ἐπιφανίῳ
1132 893 1353 963 μειδιῶν
1382 894 1460 963 τῷ
1502 894 1802 963 προσώπῳ,
1846 911 1971 963 κτη-

400 986 632 1053 σάμενος
664 984 943 1053 πτέρυγας
968 986 1295 1056 πυρράκεις,
1320 985 1459 1055 ἄρας
1490 986 1683 1039 ἑαυτὸν
1710 987 1817 1040 ἀπὸ
1843 988 1966 1056 γῆς,

398 1077 477 1136 είς
517 1075 780 1145 οὐρανοὺς
808 1076 1000 1146 ᾤχετο.
1056 1076 1385 1146 Ἰλιγγιάσας
1416 1078 1473 1132 δὲ
1520 1080 1633 1140 τοῖς
1673 1082 1970 1150 ὁρωμένοις

400 1168 428 1218 ὁ
467 1168 583 1229 νέος
622 1169 716 1220 καὶ
768 1168 1162 1236 καταπλαγεὶς,
1210 1168 1401 1240 ἐξέστη
1436 1169 1514 1240 τῷ
1551 1170 1845 1240 πνεύματι,
1877 1170 1973 1223 καὶ

402 1260 665 1329 στραφεὶς
698 1260 839 1313 κατά
893 1259 1187 1323 Ἀνατολάς
1224 1262 1324 1323 τάς
1371 1263 1561 1332 χεῖρας
1599 1260 1770 1315 αὐτοῦ
1804 1262 1972 1315 πετά-

401 1368 497 1411 σας
528 1349 664 1419 πρὸς
687 1350 910 1419 Κύριον,
950 1351 1041 1404 καὶ
1070 1350 1300 1419 δάκρυσι
1343 1352 1701 1423 συνεχόμενος
1742 1351 1925 1419 ἔλεγεν
1953 1363 1970 1381 ⁸

399 1440 467 1493 Οῖ
492 1457 601 1508 μοι,
632 1439 802 1509 Κύριέ
844 1458 966 1509 μου,
995 1442 1077 1503 τίς
1103 1443 1217 1511 είμι
1247 1440 1402 1509 ὲγὼό
1432 1442 1624 1495 κύωνό
1654 1460 1974 1513 συντετριμ-

404 1529 584 1598 μένος,
626 1529 707 1581 ὅτι
731 1528 1120 1595 ἐξαπέστειλας
1146 1530 1238 1584 τὸν
1274 1530 1531 1600 φίλτατόν
1564 1549 1673 1585 σου
1708 1533 2006 1601 Ἄγγελον.

400 1622 492 1676 τοῦ
524 1622 928 1693 ὲξυπηρετῆσαί
960 1641 1050 1695 μοι
1080 1642 1095 1689 ;
1124 1623 1444 1696 Εὐχαριστῶ
1472 1629 1539 1697 τῇ
1577 1628 1641 1697 σῇ
1673 1626 1977 1697 φιλανθρω-

401 1714 523 1783 πίᾳ,
560 1713 753 1783 Κύριε,
810 1718 904 1767 καὶ
948 1716 1008 1767 τὸ
1042 1716 1274 1786 μέγεθος
1298 1718 1396 1787 τῆς
1444 1719 1850 1789 εὐσπλαγχνίας
1882 1736 1974 1772 σου

402 1807 693 1870 ἑκθειάζω,
727 1807 851 1859 καθ’
892 1809 973 1861 ὃτι
1031 1810 1176 1880 κάμὲ
1217 1811 1304 1864 ἐπ’
1343 1810 1631 1882 ἀνακρίσει
1685 1811 1972 1880 κέκτησαι,

403 1898 463 1951 ὲν
511 1902 577 1968 τῇ
611 1898 768 1970 θεῖκῇ
807 1916 900 1952 σου
936 1900 1167 1971 δυνάμει
1223 1902 1565 1973 περιφέρεις,
1599 1902 1691 1956 καὶ
1737 1905 1815 1965 εἰς
1856 1901 1970 1964 ἐνὸς
2009 1882 2048 1937 Β

402 1992 567 2045 τόπον
604 1991 713 2044 τῶν
757 1993 1095 2060 ἀγαπώντων
1130 2010 1189 2047 σε
1238 1994 1385 2065 ἔχεις
1433 1995 1598 2064 κάμέ.
1649 1994 1970 2066 Εὐχαριστῶ

406 2100 487 2136 σοι
515 2082 592 2152 τῷ
614 2083 806 2153 ἀγαθῷ
836 2086 929 2138 καὶ
960 2086 1207 2157 ζωοποιῷ
1253 2086 1532 2158 κηδεμόνι,
1575 2086 1667 2139 καὶ
1700 2088 1969 2157 προνοητῇ

402 2176 501 2243 τῆς
536 2176 809 2246 σωτηρίας
840 2195 966 2247 μου.

475 2268 565 2323 ub".
591 2270 776 2325 Ταῦτα
800 2273 937 2342 μετά
958 2275 1426 2347 συντετριμμένης
1447 2274 1675 2347 καρδίας
1699 2276 1992 2348 προσανθς-

408 2362 636 2430 μολογού
647 2379 805 2430 μενος
821 2402 835 2427 ,
859 2363 1026 2433 ἀπῄει
1050 2364 1349 2421 θεάσασθαι
1372 2368 1555 2421 ὁποῖον
1578 2367 1730 2438 αὐτῴ
1752 2370 1779 2421 ὀ
1798 2367 1990 2436 φανεὶς

406 2447 776 2499 κατεσκεύασε
842 2449 902 2501 τὸ
940 2449 1124 2521 ἕψημα
1167 2465 1183 2480 ⁸
1216 2446 1377 2522 εὗρεν
1415 2452 1471 2505 δὲ
1518 2451 1677 2506 τοῦτο
1720 2453 1977 2524 τοιαύτην

405 2537 529 2608 ἕχον
562 2539 809 2606 εὐωδίαν,
841 2541 959 2595 οἵαν
982 2560 1066 2606 τις
1110 2543 1432 2613 ἀριθμῆσαι,
1474 2546 1506 2616 ἢ
1536 2546 1834 2599 ἀπεικάσαι
1870 2549 1978 2599 τῶν

408 2631 500 2683 ἐπὶ
532 2631 631 2701 γῆς
656 2633 715 2685 οὐ
750 2633 993 2690 δύναται.
1030 2634 1326 2705 Θαυμάσας
1363 2636 1421 2688 δὲ
1460 2637 1520 2688 τὸ
1568 2639 1821 2706 πρᾶγμα,
1885 2640 1979 2690 καὶ

413 2724 666 2792 μεγάλως
697 2726 1035 2794 εὐχαριστῶν
1072 2728 1150 2796 τῷ
1198 2729 1408 2798 Κυρίῳ,
1458 2728 1756 2797 ἐφθέγγετο
1790 2746 1803 2760 ’
1842 2730 1979 2794 Δόξα

412 2832 516 2880 σοι,
547 2816 901 2887 δεδοξασμένε
939 2820 1134 2890 Κύριε,
1161 2820 1188 2872 ό
1218 2823 1275 2873 ἐν
1303 2820 1492 2890 Τριάδι
1518 2821 1853 2891 ὑμνούμενος
1885 2824 1979 2876 καὶ

410 2910 911 2981 προσκυνούμενος,
944 2913 1028 2965 ὅτι
1062 2914 1130 2967 τὰ
1167 2913 1265 2984 τῆς
1295 2916 1435 2983 ὲμῆς
1461 2913 1708 2978 εὐτελοῦς
1732 2916 1982 2986 νεότητος

409 3004 754 3073 ἀτυχέστατα
798 2996 933 3073 ἔργα
964 3008 1041 3068 είς
1085 3007 1288 3076 μέτρον
1320 3009 1483 3079 ἔχεις,
1512 3009 1605 3061 καὶ
1627 3010 1745 3070 ταῖς
1767 3010 1985 3064 ἀνεικα-

411 3111 555 3156 στοις
596 3097 936 3166 εὐεργεσίαις
971 3115 1065 3151 σου
1111 3098 1209 3168 τὴν
1242 3098 1383 3169 ἐμὴν.
1409 3100 1774 3169 ἀνικανότητα
1801 3117 1981 3172 παρα-

2070 635 2176 691 que
2208 620 2334 673 inde
2369 618 2551 689 digitis
2592 617 2794 686 aliquid
2828 613 3156 669 condimenti
3201 613 3493 681 excipiens,
3525 609 3636 661 for-

2070 720 2219 766 mato
2266 711 2443 765 crucis
2492 710 2668 781 signo,
2733 709 2783 762 in
2843 708 3003 761 ollam
3057 705 3277 773 injecit,
3327 703 3640 769 nudumque

2072 801 2354 857 brachium
2417 801 2555 855 intra
2607 800 2827 869 pallium
2888 798 3093 853 abdidit
3129 813 3142 848 :
3176 810 3238 849 ac
3264 803 3377 849 tum
3408 792 3642 860 denique

2072 893 2126 947 in
2169 893 2531 962 Epiphanimn
2594 893 2805 946 ridente
2834 890 2982 944 vultu
3038 889 3287 951 intuitus,
3336 883 3639 954 explicatis,

2070 999 2208 1053 quas
2264 984 2513 1046 habebat,
2544 984 2724 1038 rutilis
2750 982 2853 1037 alis
2878 982 3099 1037 elevans
3136 995 3193 1034 se
3216 996 3245 1033 a
3277 987 3443 1041 terra,
3472 973 3646 1029 subli-

2072 1080 2173 1134 mis
2206 1079 2450 1135 in”cmlos
2492 1080 2640 1135 abiit.
2668 1078 2741 1132 Ex
2768 1093 2873 1149 qua
2933 1078 3144 1131 visione
3187 1074 3426 1142 caligans
3470 1068 3643 1127 oculis

2072 1167 2430 1239 Epiphanius,
2472 1179 2523 1223 et
2570 1168 2903 1237 stupefactus
2946 1166 3170 1236 spiritu,
3221 1174 3521 1218 conversus
3576 1156 3642 1210 ad

2077 1262 2373 1327 Orientem,
2422 1260 2692 1332 protensis
2732 1261 2797 1313 ad
2830 1258 3120 1313 Dominum
3177 1254 3428 1308 manibus
3470 1251 3650 1319 lacry-

2074 1354 2287 1423 misque
2370 1368 2535 1424 genas
2594 1352 2896 1421 rigantibus
2931 1370 2945 1405 :
2979 1347 3073 1403 llei
3123 1347 3274 1411 mihi,
3335 1342 3642 1402 exclamat.

2078 1446 2304 1501 Domine
2332 1444 2473 1499 Deus
2532 1460 2704 1509 meus,
2726 1444 2849 1512 quis
2872 1456 2971 1509 ego
2994 1455 3137 1504 sum,
3172 1437 3323 1492 canis
3348 1433 3644 1496 contritus,

2077 1540 2221 1610 quod
2255 1540 2507 1607 angelum
2565 1539 2658 1593 tibi
2693 1538 2947 1592 dilectum
2986 1534 3202 1589 miseris
3257 1530 3641 1585 fatnulnturum

2076 1631 2209 1686 mihi
2232 1632 2255 1684 ?
2275 1630 2485 1686 Gratias
2499 1644 2602 1700 ago
2618 1629 2932 1699 benignitati
2958 1638 3082 1685 tum.
3106 1625 3349 1687 Domine,
3366 1633 3416 1677 et
3441 1619 3649 1687 magni-

2079 1724 2321 1778 tudinem
2397 1722 2785 1776 misericordiae
2883 1728 2985 1775 tuze
3074 1718 3329 1788 religiose
3375 1727 3675 1772 veneror,

2079 1816 2223 1887 quod
2276 1815 2379 1870 mei
2409 1830 2626 1885 quoque
2654 1813 2948 1884 injndiciis
2995 1812 3101 1867 tuis
3159 1807 3459 1872 reminisci,
3499 1804 3663 1875 quod.

2076 1913 2154 1970 in'
2182 1909 2431 1979 potentiae
2480 1916 2582 1961 tuae
2648 1906 2843 1961 divinm
2908 1905 3126 1959 tutelam
3167 1902 3467 1968 suscipere,
3501 1894 3671 1967 quod

2075 2001 2261 2069 aliquo
2291 1998 2434 2054 inter
2466 2007 2712 2053 amantes
2740 2006 2791 2051 te
2822 1997 2943 2051 loco
2974 2008 3262 2049 numerare
3292 1993 3542 2059 dignatus
3565 2004 3645 2043 es.

2074 2090 2291 2146 Gratias
2346 2088 2443 2145 tibi
2496 2105 2620 2160 ago,
2692 2090 2786 2159 qui
2846 2097 3042 2143 cuncta
3084 2096 3230 2141 recte
3294 2081 3596 2138 moderaris
3632 2122 3646 2145 ,

2075 2191 2128 2236 et
2158 2182 2222 2237 ad
2254 2181 2479 2237 salutem
2506 2196 2681 2236 meam
2712 2182 2986 2250 vitamque
3008 2189 3265 2234 aeternam
3311 2175 3579 2245 disponis.

2146 2276 2234 2331 54.
2300 2275 2411 2332 lloc
2460 2276 2621 2331 modo
2649 2274 2837 2345 gratiis
2867 2275 3101 2329 contrito
3131 2270 3296 2326 corde
3344 2266 3651 2338 persolutis,

2076 2366 2212 2421 abiit
2240 2368 2645 2436 exploraturus,
2680 2366 2839 2436 quale
2880 2365 3003 2431 sibi,
3029 2364 3460 2433 quiapparuerat
3492 2372 3657 2427 ange-

2079 2459 2187 2524 lus,
2215 2460 2453 2513 edulium
2492 2467 2741 2527 parasset
2774 2496 2788 2519 ,
2814 2456 3119 2526 repetitque
3171 2454 3327 2509 talem
3368 2449 3493 2505 inde
3522 2450 3653 2501 odo-

2082 2551 2156 2603 ris
2223 2548 2572 2618 fragrantiam
2628 2548 2911 2611 absistere,
2966 2556 3024 2599 ut
3092 2544 3232 2614 quod
3267 2542 3316 2597 ei
3366 2536 3654 2595 assintilari

2082 2640 2271 2711 possit,
2319 2649 2464 2694 terra
2489 2639 2601 2692 lucc
2622 2637 2898 2691 contineat
2946 2637 3098 2690 nihil.
3128 2634 3301 2700 Quam
3349 2647 3461 2685 rem
3491 2630 3654 2683 inira-

2084 2741 2191 2799 tus,
2222 2733 2276 2787 in
2307 2732 2471 2787 hasce
2507 2731 2804 2802 gratiarum
2833 2730 3078 2784 actiones
3127 2727 3319 2781 iterum
3367 2722 3655 2793 prorupit:

2083 2824 2266 2879 Gloria
2317 2822 2433 2887 tibi,
2477 2822 2777 2891 gloriﬁcate
2837 2820 3080 2882 Domine,
3114 2832 3274 2888 quem
3302 2818 3355 2870 in
3389 2814 3658 2868 Trinitate

2082 2915 2367 2969 laudamus
2424 2921 2477 2968 et
2519 2912 2845 2976 adoramus,
2896 2909 3153 2981 quoniam
3220 2922 3339 2962 mea
3407 2903 3655 2959 vilissimi

2086 3003 2444 3062 adolescentis
2491 3019 2677 3074 opera,
2718 3018 2841 3058 vere
2891 2997 3506 3071 indigttissima,aliquo
3539 2996 3659 3050 loco

2088 3102 2284 3163 habes,
2327 3113 2613 3168 meamque
2649 3095 3083 3153 insullicientiam
3119 3092 3485 3163 singularibus
3524 3106 3661 3159 prae-

417 3191 758 3256 μυθεῖς,·καὶ
795 3192 1142 3261 κατηξὶωσάς
1174 3210 1241 3261 με
1274 3191 1370 3245 τοῦ
1400 3192 1720 3262 μεταλαϐεῖν
1752 3193 1859 3246 ἀπὸ
1889 3192 1982 3245 τοῦ

2088 3194 2347 3264 rogativis
2398 3182 2719 3262 praevenire,
2759 3197 2813 3242 ct
2864 3188 3177 3257 participem
3242 3184 3457 3239 mellita:
3503 3182 3662 3236 boui,-

356 3295 363 3301 ‘
417 3282 640 3348 μέλιτος
684 3284 783 3351 τῆς
819 3285 919 3353 σῆς
969 3283 1324 3354 ἀγαθότητος.
1362 3282 1450 3355 [Τί
1500 3282 1592 3336 οὖν
1616 3282 1982 3337 ἀνταποδώσω

414 3389 496 3424 σοι
530 3372 607 3443 τῷ
650 3374 839 3444 Κυρίῳ
870 3391 975 3443 μου
1000 3390 1013 3439 ;
1041 3373 1414 3446 ]”Εὐχαριστῶ
1443 3392 1523 3429 σοι
1565 3376 1644 3446 τῷ
1679 3375 1988 3447 παντοκρά-

410 3479 551 3531 τορι,
582 3469 675 3517 καὶ
704 3465 970 3535 δοξολογῶ
995 3484 1077 3519 σοι
1107 3468 1183 3536 τῷ
1213 3466 1645 3537 φιλοικτείρμονι
1676 3466 1853 3530 πάσας
1884 3467 1987 3531 τὰς

419 3555 634 3627 ἡμέρας
659 3556 760 3628 τῆς
792 3557 939 3627 ζωῆς
982 3576 1105 3629 μου,
1143 3560 1237 3612 καὶ
1285 3558 1346 3612 οὐ
1389 3558 1464 3628 μὴ
1500 3557 1723 3612 ἀποστῶ
1753 3558 1861 3611 ἀπὸ
1890 3557 1984 3611 τοῦ

412 3648 507 3702 νῦν
534 3648 699 3718 μέχρι
736 3652 833 3719 τῆς
860 3650 1001 3720 ἐμῆς
1032 3650 1606 3714 ἀποϐιώσεως.Ταῦτα
1633 3650 1797 3704 αὐτοῦ
1819 3668 1989 3722 προσ-

413 3740 735 3810 ευξαμένου,
766 3746 857 3797 καὶ
910 3744 1092 3799 λαϐὼν
1128 3744 1235 3798 ἀπὸ
1257 3743 1350 3797 τοῦ
1374 3745 1600 3815 ὀσπρίου
1630 3745 1842 3800 ἐκείνου
1877 3764 1988 3816 με-

412 3838 626 3906 τέσχεν,
683 3838 778 3889 καὶ
813 3838 1027 3911 ἀπείρῳ
1059 3838 1285 3910 ἠδύτητι
1320 3838 1627 3910 συσχεθεὶς,
1668 3820 1986 3910 μετετράπη

415 3927 618 3989 εὐθέως
676 3927 852 3981 πάντα
900 3928 968 3982 τὰ
1023 3928 1353 3999 αἰσθητήρια
1401 3926 1568 3982 αὐτοῦ
1612 3930 1693 3991 εῖς
1743 3927 1989 3981 διάθεσιν

414 4019 617 4085 ἔνθεον,
646 4019 786 4072 ὥστε
836 4020 1235 4090 ἐκπλήττεσθαι
1274 4022 1373 4090 τὴν
1402 4019 1606 4090 ἀθρόαν
1660 4018 1986 4090 μεταϐολὴν,

414 4114 507 4164 καὶ
547 4112 646 4182 τὴν
675 4112 937 4182 φιλτάτην
962 4112 1264 4183 ἐναλλαγὴν
1300 4112 1399 4181 τῆς
1437 4111 1615 4182 ψυχῆς
1654 4111 1819 4164 αὐτοῦ
1851 4127 1865 4142 ·
1896 4111 1989 4163 ἐπὶ

417 4204 598 4257 πλεῖον
628 4204 685 4257 δὲ
711 4205 797 4257 διὰ
819 4204 878 4257 τὸ
909 4203 1195 4274 τεράστιον
1227 4202 1393 4256 αὐτοῦ
1415 4203 1632 4274 ἀνήφθη
1659 4204 1739 4265 εἰς
1767 4202 1867 4272 τὴν
1894 4202 1987 4256 τοῦ

419 4298 622 4368 Κυρίου
650 4299 871 4368 ἀγάπην
910 4298 1000 4350 καὶ
1032 4296 1251 4349 πάντων
1275 4295 1382 4348 τῶν
1421 4294 1641 4363 Ἀγίων,
1666 4295 1761 4348 καὶ
1785 4291 1878 4348 οὖν
1908 4295 1989 4357 εἰς

418 4393 516 4455 τὰς
553 4390 772 4454 ἐντολὰς
812 4390 907 4444 τοῦ
949 4390 1226 4444 Δεσπότου
1257 4388 1347 4443 διὰ
1379 4387 1584 4451 παντὸς
1619 4387 1987 4457 πορευόμενος

420 4485 743 4553 προθυμώτε
752 4501 866 4552 ρον.

2090 3291 2215 3346 tatis
2243 3298 2350 3343 tuaa
2396 3288 2620 3343 reddere
2648 3301 2754 3340 non
2787 3284 3116 3354 dedignaris.
3180 3280 3319 3347 Quid
3360 3278 3656 3333 retribuam

2090 3383 2210 3446 tibi,
2266 3381 2491 3435 Domine
2520 3379 2640 3433 mi?
2681 3376 2898 3432 Debitas
2961 3374 3055 3430 tibi
3115 3370 3468 3442 omnipotenti
3526 3368 3656 3432 Deo,

2086 3476 2289 3547 gratias
2340 3474 2610 3541 persolvo,
2638 3480 2693 3525 et
2730 3466 3109 3525 amantissimo
3158 3464 3659 3521 misericordiarum

2087 3568 2235 3623 Patri
2317 3567 2542 3637 gloriam
2618 3564 2835 3631 tribuo,
2900 3565 3215 3633 neutiquam
3270 3572 3585 3617 cessaturus
3630 3575 3659 3613 a

2088 3669 2367 3717 momento
2424 3660 2547 3720 hoc,
2590 3658 2807 3713 cunctis
2868 3657 3062 3712 diebus
3112 3656 3289 3725 quoad
3338 3655 3445 3708 vita
3472 3668 3664 3719 super-

2088 3752 2273 3808 fuerit.
2323 3749 2400 3804 lta
2460 3758 2737 3819 precatus,
2789 3748 3061 3816 accipiens
3081 3748 3381 3817 pauxillum
3426 3746 3662 3809 obsonii,

2089 3843 2395 3915 degustavit
2432 3842 2761 3898 :etinlinita
2826 3840 3119 3897 dulcedine
3179 3841 3453 3896 delibutus
3484 3879 3501 3905 ,
3555 3848 3662 3894 tam

2091 3937 2272 3993 subito
2299 3935 2353 3989 in
2385 3934 2624 3988 divinam
2664 3932 3007 3988 aﬂectionem
3037 3947 3331 3988 conversos
3365 3931 3666 3995 deprehen-

2089 4030 2168 4085 dit
2218 4042 2413 4083 sensus
2467 4040 2619 4089 suos,
2667 4034 2727 4079 ut
2768 4038 2895 4080 cum
2938 4036 3161 4095 stupore
3208 4026 3501 4081 miraretur
3526 4025 3663 4080 adeo

2090 4120 2425 4193 repentinam
2461 4116 2816 4171 mutationem
2841 4125 2895 4171 et
2921 4116 3303 4172 suavissimam
3326 4117 3522 4171 anima:
3551 4131 3666 4171 suae

2090 4213 2463 4269 alterationem
2488 4249 2505 4277 ,
2570 4212 2791 4279 insuper
2826 4217 2880 4264 et
2927 4208 3156 4280 ﬂagrare
3174 4210 3334 4279 cmpit
3356 4209 3667 4263 ardentiore

2092 4308 2145 4361 in
2202 4304 2370 4360 Deum
2413 4312 2747 4372 sanctosque
2800 4315 2991 4356 omnes
3053 4298 3338 4365 charitate,
3379 4307 3435 4353 et
3482 4314 3667 4371 prom-

2090 4398 2357 4469 ptioribus
2385 4394 2582 4451 animis
2615 4394 2671 4448 in
2694 4392 2779 4448 via
2814 4390 3193 4446 mandatorum
3236 4390 3450 4446 Domini
3547 4405 3672 4445 ant-

2090 4491 2299 4547 bulare.

490 4578 584 4635 νε’.
624 4580 716 4633 Ἑν
754 4579 853 4649 μιᾷ
889 4573 983 4632 οὖν
1015 4576 1124 4630 τῶν
1158 4576 1383 4649 ἡμερῶν
1415 4577 1657 4641 ἀναστὰς
1678 4616 1694 4642 ,
1732 4574 1869 4645 πρὸς
1901 4573 1984 4644 rip

2163 4583 2253 4638 55.
2282 4580 2374 4636 Die
2399 4578 2636 4650 quodam
2680 4578 2745 4634 ad
2778 4592 2991 4633 sacram
3033 4576 3201 4631 aedem
3233 4575 3488 4646 precandi
3535 4589 3670 4631 cau-

421 4671 717 4740 ἐκκλησίαν
753 4670 924 4741 ᾠχετο
956 4669 1049 4723 τοῦ
1096 4670 1404 4740 προσευχὴν
1442 4670 1669 4739 ποιῆσαι
1694 4707 1707 4730 .
1742 4666 1821 4731 ὡς
1863 4666 2001 4736 πρὸς

426 4756 651 4829 σύνηθες
684 4759 855 4829 ἔχων·
894 4760 992 4813 καὶ
1021 4760 1077 4814 δὲ
1101 4761 1199 4831 τῆς
1228 4758 1552 4821 ἀκολουθίας
1578 4755 1993 4831 τελειωθείσης,

419 4851 568 4907 ἔνδον
618 4853 895 4924 ἐληλυθὼς
947 4830 1241 4918 ἐκαθέζετο
1285 4852 1391 4922 πρὸ
1455 4830 1846 4911 τοῦθπυλῶνος
1884 4847 1993 4902 τῶν

421 4948 782 5017 γεννητόρων,
810 4948 1219 5017 παρατυχόντος
1267 4946 1446 4999 ἐκεῖσε
1492 4930 1587 4997 καὶ
1638 4942 1733 4997 τοῦ
1789 4940 1994 5012 πατρὸς

424 5037 611 5101 αὐτοῦ,
653 5041 745 5093 καὶ
776 5043 849 5101 ώς
884 5041 941 5092 ὲν
970 5038 1191 5109 παρόδῳ
1219 5039 1317 5108 τῆς
1347 5036 1613 5107 δημοσίας
1644 5034 1765 5089 ὁδοῦ
1813 5033 1993 5104 παρά⁶

422 5148 532 5197 γων
572 5127 642 5203 ἦν
694 5132 844 5187 καὶλό
878 5131 1149 5201 μακάριος
1209 5129 1495 5200 Ἀνδρέας,
1536 5128 1605 5181 τὰ
1647 5126 1776 5182 νόθα
1825 5125 1990 5179 αὐτοῦ

423 5222 559 5291 ἔργα
612 5225 1103 5295 εἰσπραττόμενος,
1171 5222 1411 5292 γυμνὸς,
1473 5222 1725 5292 ἄπορος,
1784 5218 1993 5272 εὐτελεῖ

422 5316 672 5386 ρακίσκῳ
723 5316 822 5387 τὴν
868 5317 1044 5385 ὀσφὺν
1079 5315 1244 5370 αὐτοῦ
1276 5313 1710 5383 κεκαλυμμένος.
1756 5310 1903 5365 Ἰδὼν
1929 5310 1985 5363 δὲ

420 5410 587 5462 αὐτὸν
612 5413 640 5464 ὁ
690 5410 1029 5478 Ἐπιφάνιος,
1075 5410 1170 5463 κοιλ¹
1196 5409 1499 5478 οίκτιρμοῖς
1532 5405 1774 5477 κινηθεὶς
1807 5405 1996 5475 φιλαν-

421 5498 685 5571 θρώποις,
724 5501 999 5572 ἠϐουλήθη
1054 5499 1269 5564 εἰσάξαι
1301 5497 1466 5551 αὐτὸν
1508 5497 1657 5552 ἔνδον
1700 5497 1795 5551 τοῦ
1842 5495 1992 5549 οῐκου

421 5591 589 5647 αὐτοῦ
613 5599 629 5614 ⁹
659 5594 757 5648 καὶ
810 5595 885 5665 μὴ
932 5593 1074 5663 ἔχων
1123 5592 1242 5656 πῶς
1277 5592 1357 5654 είς
1403 5592 1465 5645 τὸ
1495 5590 1729 5661 φανερὸν
1769 5591 1993 5660 ποιῆσαι

422 5685 704 5756 γνώριμον
728 5685 918 5741 τοῦτον
946 5686 1036 5740 διὰ
1064 5685 1128 5739 τὸ
1149 5686 1329 5739 ἐκεῖσε
1370 5684 1500 5739 ὄντα
1522 5686 1614 5737 τδν
1651 5683 1860 5755 πατέρα
1892 5685 1993 5738 αὐ-

2096 4690 2154 4731 sa
2179 4674 2385 4731 abierat
2415 4687 2566 4728 more
2601 4686 2703 4728 suo
2724 4711 2738 4735 ,
2770 4671 3031 4739 ﬁnitoque
3054 4669 3241 4725 Olﬁcio
3259 4684 3541 4739 regressus
3566 4669 3668 4723 do-

2097 4780 2271 4830 mum,
2322 4764 2545 4821 sedebat
2593 4778 2691 4833 pro
2737 4761 2947 4817 foribus
2980 4768 3263 4830 parentum
3297 4760 3671 4821 suorum,ad-

2097 4865 2275 4912 stante
2338 4856 2457 4924 ipso
2512 4855 2672 4908 etiam
2702 4861 2886 4923 patre;
2934 4866 3169 4920 cumque
3193 4850 3251 4907 Β.
3283 4850 3526 4906 Andreas
3549 4850 3671 4904 illac

2097 4950 2185 5004 via
2224 4947 2438 5018 publica
2482 4946 2584 5001 iter
2618 4945 2858 5009 haberet,
2909 4954 3056 4999 artes
3082 4958 3213 4999 suas
3253 4957 3536 5003 exercens.
3567 4957 3673 4995 nu-

2098 5041 2200 5095 dus
2232 5054 2413 5094 rerum
2474 5038 2720 5092 omnium
2744 5035 2982 5106 indigus,
3017 5049 3277 5104 pannosa.
3300 5034 3473 5090 solum
3501 5042 3557 5087 et
3577 5032 3669 5087 vili

2098 5142 2246 5188 veste
2272 5132 2415 5188 circa
2447 5131 2660 5186 lumbos
2716 5137 2888 5184 tectus
2922 5169 2940 5195 ,
2983 5128 3119 5183 v-idit
3146 5143 3273 5184 eum
3313 5124 3668 5197 Epiphanius,

2098 5224 2881 5295 motusquecommiseratione
2912 5237 3126 5291 magna,
3183 5220 3436 5291 cupiebat
3492 5218 3667 5287 ipsum

2102 5316 2446 5369 introducere
2491 5313 2559 5368 ini
2592 5313 2812 5369 domum
2840 5327 3017 5369 suam.
3053 5311 3154 5366 Ubi
3195 5325 3324 5364 vero
3355 5308 3550 5363 modus
3576 5324 3673 5363 oc-

2102 5415 2351 5461 curreret
2389 5406 2593 5473 nullus,
2627 5421 2736 5477 quo
2801 5405 2853 5459 id
2882 5402 3085 5459 homini
3112 5402 3325 5472 publice
3346 5409 3477 5455 noto
3502 5401 3671 5457 bene-

2103 5495 2289 5551 ﬁcium
2316 5506 2537 5565 propter
2564 5493 2906 5564 praesentiam
2938 5494 3114 5562 patris
3134 5499 3415 5561 praestaret
3434 5529 3449 5555 ,
3484 5492 3672 5547 nescio

2101 5588 2230 5662 quid
2263 5602 2440 5644 causa:
2462 5595 2787 5657 praetexens,
2820 5585 2894 5639 ita
2922 5583 3068 5639 hunc
3109 5582 3406 5653 alloquitur
3441 5600 3457 5638 :
3488 5581 3674 5641 Domi-

2100 5700 2167 5741 ne
2217 5681 2290 5737 mi
2346 5693 2410 5735 ac
2460 5687 2667 5750 pater,
2697 5675 2971 5731 hominem
3021 5674 3173 5731 illum
3204 5674 3501 5748 conspicis,
3524 5672 3677 5731 nudo.

496 5845 606 5917 ('75)
641 5845 742 5902 Ms.
776 5844 911 5903 Mal.
950 5844 1247 5917 τρούλλιον,
1279 5860 1307 5900 a
1335 5841 1527 5901 Latino
1563 5843 1747 5911 trulla,
1779 5842 1984 5899 diversa

2085 5853 2278 5896 isorum
2309 5850 2505 5910 genera
2538 5832 2895 5909 signiﬁcante.
