4100 6212
443 356 547 421 695

1501 350 1917 413 NICEPHORI
1959 350 2439 410 PRESBYTEBI
2480 350 2593 410 (ΖΡ.

3574 342 3685 406 696

439 484 667 539 corpore
680 471 886 539 plateas
903 470 1243 525 oberrantem
1262 469 1285 523 ?
1317 465 1576 536 Suspicor
1608 479 1726 536 ego,
1746 464 2014 519 insaniam

2121 463 2239 529 τοῦ,
2273 462 2758 535 σχηματισάμενος
2784 462 2933 529 λέγει
2977 460 3052 530 τῷ
3078 462 3245 530 πατρὶ
3274 457 3442 514 αὐτοῦ
3472 477 3485 490 ·
3518 458 3689 528 Κύριέ

439 561 544 632 ipsi
610 560 677 615 ab
704 561 926 616 humani
974 560 1187 630 generis
1222 563 1375 614 hoste
1404 556 1658 626 iniectam
1680 569 1822 610 esse.
1860 553 2016 609 Nunc

2122 579 2224 633 μου
2278 562 2454 633 πάτερ
2481 601 2497 627 ,
2556 560 2777 631 βλέπεις
2833 560 2923 615 τὸν
2979 558 3267 631 ἄνθρωπον
3300 558 3519 611 ἐκεῖνον
3574 557 3690 619 πῶς

443 663 648 718 autem,
683 652 912 709 Domine
964 657 1036 707 mi
1081 668 1143 707 ac
1175 661 1330 722 pater
1375 648 1754 713 dilectissime,
1801 646 1875 701 ita
1939 645 2020 701 ﬁlii

2121 651 2478 724 περιέρχεται
2509 649 2934 722 γεγυμνωμένος
2958 650 3037 719 τῷ
3069 648 3319 719 σώματις
3357 646 3435 710 ὡς
3462 645 3691 708 εἰκάζω,

441 745 519 799 tui
567 744 905 800 dilectissimi
956 741 1242 814 Epiphanii
1285 749 1515 796 mortem
1547 739 1914 801 immaturam,
1945 737 2016 791 ita

440 837 739 905 passerculi
782 836 856 889 tui
913 842 1232 889 mmrentem
1284 833 1495 889 vultum
1557 844 1838 892 nunquam
1874 829 2020 898 aspi-

441 929 578 992 cias,
628 928 1041 982 introducamus
1106 927 1259 981 illum
1315 928 1369 980 in
1399 925 1622 980 domum
1660 932 1926 987 nostram,
1965 929 2019 975 et

440 1027 662 1088 propter
710 1018 1134 1073 munificentiam
1188 1016 1404 1072 Domini
1453 1015 1544 1070 Dei
1585 1014 1779 1079 nostri,
1812 1013 2020 1069 honore

444 1121 509 1159 ac
566 1104 769 1159 divitiis
801 1120 867 1158 ex
901 1104 1161 1159 bonitatis
1194 1120 1309 1159 suae
1369 1103 1626 1159 thesauro
1656 1110 1706 1157 te
1735 1100 2023 1155 cumulan-

443 1198 532 1261 tis,
590 1196 751 1253 liceat
808 1197 943 1251 mihi
996 1196 1267 1251 instruere
1301 1194 1373 1248 illi
1405 1209 1649 1249 mensam
1702 1201 1755 1247 et
1788 1190 2019 1246 fundere

438 1288 627 1342 vinum
670 1287 1056 1342 utmercedem
1124 1284 1412 1341 animabus
1430 1285 1634 1340 nostris
1654 1283 2016 1353 recipiamus:

441 1377 571 1432 illud
635 1392 870 1447 namque
897 1376 1072 1431 solum
1120 1376 1176 1430 in
1231 1390 1394 1446 regno
1425 1375 1686 1430 ecelorum
1742 1373 2017 1427 inventuri

447 1484 662 1523 sumus.

512 1654 600 1709 56.
642 1656 726 1710 Ad
755 1655 868 1711 lucc
894 1655 1078 1722 verba,
1117 1662 1267 1723 pater
1293 1654 1478 1709 divmo
1514 1656 1749 1725 quodam
1788 1656 2013 1712 numine

440 1746 676 1813 aliiatus,
708 1748 940 1817 benigno
966 1747 1429 1816 blandissimoqne
1462 1747 1621 1803 oculo
1651 1747 1818 1802 lilium
1854 1748 2020 1803 intui-

2116 745 2200 799 ὅτι
2229 744 2326 797 καὶ
2360 743 2895 814 παρατετραμμένον
2922 736 3062 795 είναι
3088 739 3255 794 αὑτὸν
3278 738 3389 792 ὑπὸ
3415 737 3510 791 τοῦ
3539 738 3693 790 ὲναν-

2117 836 2253 891 τίον.
2298 836 2484 901 Ἀλλὰ,
2527 836 2688 906 κύριέ
2743 852 2845 906 μου
2904 833 3001 889 καὶ
3062 832 3288 901 φίλτατε
3346 833 3566 902 πάτερ,
3616 832 3693 899 μὴ

2119 926 2294 997 θεάσῃ
2318 926 2411 979 τοῦ
2466 924 2802 993 γλυκυτάτου
2839 940 2933 977 σου
2980 922 3172 976 τέκνου
3239 921 3559 991 Ἐπιφανίου
3600 920 3695 974 τὸν

2120 1018 2374 1084 θάνατον,
2409 1017 2486 1089 μὴ
2523 1018 2643 1090 ἴδῃς
2672 1034 2725 1072 τι
2764 1014 3007 1087 λυπηρὸν
3048 1014 3143 1067 ἐπὶ
3172 1014 3232 1067 τὸ
3264 1012 3545 1081 στρουθίον
3574 1029 3692 1077 σου,

2121 1110 2510 1180 εἰσαγάγωμεν
2539 1110 2702 1163 αὐτὸν
2729 1110 2810 1172 είς
2835 1107 2926 1161 τὸν
2948 1101 3117 1169 οἷκον,
3150 1106 3246 1160 καὶ
3276 1105 3366 1159 διὰ
3402 1107 3502 1175 τῆς
3544 1106 3696 1157 ἀντι-

2116 1199 2336 1271 λήψεως
2393 1200 2489 1254 τοῦ
2564 1219 2624 1255 σε
2693 1200 3032 1271 τιμήσαντος
3103 1197 3198 1251 καὶ
3255 1196 3693 1265 πεπλουτηκότος

2121 1293 2393 1346 Δεσπὸτου
2441 1293 2552 1348 ἀπὸ
2606 1292 2715 1347 τῶν
2758 1290 3001 1359 ἀγαθῶν,
3056 1282 3133 1342 ῶν
3193 1289 3324 1358 ἡμῖν
3382 1286 3695 1357 ἐδωρήσατο

2120 1383 2349 1453 Κύριος,
2384 1383 2619 1454 παραθῶ
2665 1382 2813 1451 αὐτῷ
2860 1379 3159 1451 τράπεζαν,
3201 1377 3297 1431 καὶ
3327 1376 3501 1430 ποτιῶ
3533 1376 3698 1430 αὐτὸν

2118 1469 2281 1539 οἶνον,
2312 1475 2392 1536 είς
2435 1473 2625 1543 μισθὸν
2659 1472 2945 1543 ἡμετέρων
2974 1469 3167 1540 ψυχῶν
3203 1485 3216 1499 ο
3270 1470 3366 1521 καὶ
3404 1468 3513 1539 γὰρ
3536 1466 3697 1520 τοῦτο

2122 1565 2285 1635 μόνον
2316 1565 2499 1634 εὑρεῖν
2524 1564 2721 1635 ἔχομεν
2752 1565 2811 1616 ἐν
2844 1565 2910 1633 τῇ
2949 1560 3196 1632 βασιλείᾳ
3219 1560 3328 1613 τῶν
3356 1559 3621 1630 οὐρανῶν.

2184 1653 2293 1720 νς’.
2330 1655 2389 1709 Ὃ
2420 1654 2477 1708 δὲ
2506 1655 2691 1722 πατὴρ
2719 1652 2886 1707 αὐτοῦ
2917 1650 3102 1714 ἔνθους
3134 1650 3448 1719 γενόμενος,
3475 1648 3696 1717 εὐμενεῖ

2112 1749 2254 1803 αἰδοῖ
2280 1747 2379 1801 καὶ
2405 1746 2728 1817 γλυκυτάτω
2759 1746 3032 1816 βλέμματι
3058 1743 3289 1806 ἀπιδὼν,
3315 1740 3694 1809 καταφιλήσας

446 1843 553 1899 tus,
584 1846 637 1889 et
670 1835 863 1889 faciem
886 1836 1005 1905 ejus
1066 1836 1444 1892 suavissimam
1486 1838 1832 1896 deosculatus
1862 1855 1875 1893 :
1913 1838 2020 1894 Un-

2122 1837 2289 1892 αὑτοῦ
2315 1835 2385 1890 τὰ
2405 1835 2719 1904 γλυκύτατα
2749 1834 2996 1903 ὄμματα,
3034 1832 3137 1901 ἔφη
3166 1846 3178 1859 ο
3218 1829 3403 1898 Μόρον
3428 1826 3524 1897 τῆς
3554 1825 3696 1895 ἐμῆς

442 1934 727 1993 guentum,
761 1925 957 1993 inquit,
993 1926 1212 1991 animae,
1239 1937 1293 1982 et
1320 1927 1500 1982 lumen
1542 1930 1823 1986 oculorum
1861 1945 2012 1986 meo-

440 2031 586 2081 rum,
624 2016 716 2082 Iili,
780 2017 867 2071 illa
889 2033 1052 2086 super
1086 2034 1143 2073 rc
1173 2033 1345 2074 meam
1367 2021 1657 2090 exquirere
1680 2021 2017 2077 voluntatem

440 2106 517 2161 nil
545 2122 684 2177 opus
716 2118 831 2163 erat
865 2125 881 2164 ι
939 2109 1093 2175 vade,
1152 2117 1206 2164 et
1254 2126 1361 2181 quo
1389 2111 1573 2168 animo
1599 2113 1900 2169 collibitum
1928 2122 2021 2169 tuo

447 2206 555 2262 est,
620 2197 745 2267 fac;
799 2214 917 2255 mea
970 2202 1171 2271 quippe
1215 2202 1421 2266 omnia,
1452 2212 1542 2257 tua
1572 2212 1723 2258 sunt.
1756 2204 1856 2261 Cui
1892 2205 2022 2274 Epi-

444 2287 683 2357 phanius
722 2303 735 2340 :
777 2286 1033 2355 Omnino,
1076 2300 1229 2360 pater
1288 2290 1676 2360 dilectissime,
1748 2293 1822 2349 ita
1882 2310 2021 2363 opus

437 2379 564 2445 fuit;
606 2379 853 2450 qumdam
885 2381 1028 2435 enim
1054 2382 1288 2452 petenda
1338 2382 1472 2436 mihi
1514 2388 1703 2438 sunt:
1740 2398 1862 2437 nam
1891 2384 2020 2439 scri-

437 2478 589 2539 ptum
619 2480 703 2525 est
728 2487 744 2526 :
766 2470 958 2537 Filius,
999 2474 1092 2543 qui
1138 2475 1277 2543 patri
1315 2474 1461 2545 leges
1492 2475 1817 2543 prtescribit,
1849 2485 2023 2530 morte

442 2562 738 2628 morietur;
766 2570 823 2617 et
854 2571 1007 2633 patre
1036 2564 1199 2625 alicui
1252 2565 1331 2619 rei
1365 2565 1593 2626 intento,
1629 2579 1792 2620 omne
1838 2566 2023 2621 consi-

447 2652 579 2706 lium
631 2653 723 2707 lilii
749 2654 1124 2725 dissipabitur.
1187 2655 1397 2721 Quibus
1431 2654 1674 2721 auditis,
1728 2656 2023 2712 exsultavit

448 2744 649 2813 gaudio
707 2753 891 2813 pater,
946 2753 1171 2817 propter
1225 2747 1551 2817 sapientiam
1606 2758 1661 2803 et
1719 2749 2021 2818 prudentes

443 2836 828 2903 responsiones
860 2837 954 2891 tilil
995 2838 1078 2892 sui
1110 2839 1240 2908 :qui
1272 2854 1499 2909 propere
1523 2838 1825 2894 accelerato
1850 2839 2018 2909 gradu

445 2923 717 2979 Andream
750 2927 1305 2996 insequens,d0mum
1337 2944 1509 2999 usque
1536 2943 1879 2999 progressum
1902 2939 2022 2983 tan-

444 3016 566 3070 dem
628 3028 910 3073 assecutus
948 3029 1075 3084 est,
1135 3022 1516 3092 prehensaque
1561 3036 1725 3084 manu
1752 3021 1894 3097 ejus,
1925 3021 2021 3077 do-

439 3123 591 3163 mum
645 3124 798 3163 suam
849 3110 1002 3165 illum
1048 3112 1288 3168 reduxit.
1318 3111 1566 3183 Cumque
1598 3112 1761 3166 simul
1796 3128 1861 3168 eo
1901 3128 2022 3184 per-

2121 1925 2301 1996 ψυχῆς
2357 1925 2451 1977 καὶ
2488 1922 2603 1993 φῶς
2650 1922 2759 1976 τῶν
2797 1921 3090 1991 ὀφθαλμῶν
3146 1936 3272 1989 μου,
3323 1917 3450 1987 περὶ
3495 1917 3697 1984 ταύτης

2120 2017 2222 2084 τῆς
2250 2014 2564 2078 ὑποθέσεως
2591 2014 2802 2084 ἐρωτᾷν
2853 2013 2928 2084 μὴ
2974 2012 3220 2084 ὀφείλῃς,
3251 2009 3455 2063 άπελθε
3488 2008 3581 2061 καὶ
3619 2007 3697 2069 ὡς

2122 2102 2366 2167 κελεύεις
2392 2104 2642 2171 ποίησον,
2682 2103 2750 2155 τὰ
2782 2103 2889 2171 γὰρ
2920 2102 3049 2171 ἐμὰ,
3087 2102 3155 2155 σά
3189 2101 3347 2153 εἰσιν.
3380 2098 3699 2167 Ἐπιςράνεος

2127 2192 2312 2248 εἶπεν·
2348 2195 2460 2250 Ναὶ
2490 2195 2667 2266 πάτερ
2700 2212 2801 2265 μου
2834 2194 3186 2263 παμφίλτατε
3209 2232 3224 2256 ,
3271 2191 3408 2247 ἀλλά
3436 2207 3557 2243 τινα
3587 2190 3695 2258 ἔχω

2122 2287 2400 2362 ἐρωτῆσαι
2429 2301 2443 2314 ·
2485 2284 2800 2356 γέγραπται
2827 2286 2936 2355 γὰρ
2962 2285 3099 2356 (76),
3137 2284 3263 2346 Υἱὸς
3304 2284 3473 2352 πατρὶ
3507 2282 3694 2335 δίκαια

2122 2374 2320 2443 λέγων,
2357 2375 2574 2445 θανάτῳ
2621 2375 3086 2446 θανατωθήσεται,
3128 2373 3224 2426 καὶ
3278 2372 3485 2437 πατρὸς
3518 2387 3696 2440 παρα-

2125 2466 2380 2541 τυχόντος
2440 2466 2549 2517 τινὶ
2607 2464 2936 2537 πράγματι,
2990 2466 3141 2517 πᾶσα
3199 2462 3329 2516 Υἱοῦ
3397 2461 3695 2532 πρόῦλησις

2126 2558 2448 2628 ῥαγήσεται.
2482 2554 2663 2608 Τοῦτο
2691 2555 2933 2619 ἀκούσας
2963 2556 2990 2608 6
3028 2555 3214 2626 πατὴρ
3246 2551 3437 2617 αὐτοῦ,
3466 2547 3697 2619 εὐφραί-

2122 2665 2268 2703 νεται
2304 2648 2396 2702 ἐπὶ
2431 2648 2499 2717 τῇ
2539 2647 2773 2714 συνέσει,
2819 2648 2916 2700 καὶ
2940 2650 3062 2710 ταῖς
3116 2646 3476 2717 ἀποκρίσεσιν
3505 2640 3691 2696 αὑτοῦ.

2134 2741 2193 2795 ὐ
2225 2741 2283 2795 δὲ
2320 2740 2516 2811 σεμνὸς
2562 2741 2883 2809 Ἐπιφάνιος
2923 2743 3164 2811 ταχινοῖς
3194 2740 3320 2794 ποσὶ
3354 2735 3695 2802 καταδιώξας

2122 2832 2214 2886 τὸν
2240 2831 2451 2895 Ὀσιον,
2488 2830 2770 2899 πέφθακεν
2799 2831 2962 2885 αὐτὸν
2995 2830 3146 2887 ἔνδον
3175 2829 3271 2883 τοῦ
3313 2829 3463 2882 οίκου
3504 2827 3691 2891 αὑτοῦ,

2123 2925 2218 2979 καὶ
2246 2919 2382 2995 ἦλθε
2406 2924 2805 2995 χειροκρατῶν,
2840 2924 2935 2978 καὶ
2970 2925 3105 2996 πρὸς
3132 2926 3204 2978 τὰ
3242 2924 3348 2978 ἴδια
3389 2922 3695 2996 προτρεπό-

2126 3033 2288 3087 μενος
2315 3034 2329 3048 ·
2364 3018 2457 3071 καὶ
2481 3017 2545 3088 δὴ
2573 3017 2651 3088 τῷ
2676 3016 2882 3071 πυλῶνι
2914 3018 3281 3085 ὲγγισάντων,
3324 3018 3422 3069 καὶ
3466 3014 3560 3068 τοῦ
3589 3031 3691 3066 πα-

2122 3106 2251 3177 τρὸς
2292 3105 2459 3160 αὑτοῦ
2504 3108 2686 3159 ἐκεῖσε
2715 3107 2791 3179 μὴ
2812 3109 3152 3177 εὑρεθέντος,
3188 3109 3217 3161 6
3265 3099 3533 3178 μακάριος
3574 3104 3694 3157 Ἀν-

440 3201 739 3263 venissent,
761 3215 866 3254 non
904 3201 1123 3256 invento
1158 3202 1268 3257 illic
1287 3211 1438 3272 patre
1471 3182 1786 3271 Epiphanii,
1817 3182 2020 3257 intrare

2123 3199 2283 3271 δρέας
2316 3201 2374 3253 ἐν
2402 3201 2479 3268 τῷ
2508 3200 2715 3255 πυλῶνι
2745 3202 2844 3255 οὐκ
2889 3201 3163 3271 εἰσῆλθεν,
3215 3200 3413 3265 ἔξωθεν
3443 3198 3502 3251 δὲ
3546 3196 3697 3251 καθί-

441 3292 640 3346 ostium
678 3294 948 3347 recusavit
979 3293 1247 3360 Andreas,
1281 3292 1525 3362 forisque
1550 3292 1795 3347 consedit
1821 3310 1833 3345 :
1856 3308 2015 3363 quem

439 3383 607 3438 vicini
652 3384 999 3455 viatoresque
1028 3386 1349 3456 conspicati,
1384 3386 1646 3439 nudatum
1707 3386 1945 3439 vestibus
1968 3395 2022 3440 et

442 3472 829 3540 insanientem,
868 3474 1180 3530 conﬂuxere
1232 3488 1427 3544 magno
1476 3487 1703 3528 numero
1735 3491 1750 3529 :
1787 3473 1909 3529 aliis
1939 3473 2022 3527 in-

346 3570 353 3575 '
442 3565 869 3632 gemiscentibus
903 3574 955 3620 et
992 3564 1373 3620 incusantibus
1401 3562 1658 3619 Satanam
1682 3606 1697 3629 ,
1747 3565 1891 3635 quod
1926 3563 2020 3619 tali

444 3655 611 3710 modo
647 3656 920 3711 hominem
961 3657 1123 3711 rebus
1144 3654 1398 3711 omnibus
1455 3655 1745 3725 spoliatum
1790 3655 2023 3713 confun-

406 3816 408 3819 _
443 3746 632 3814 deret,
658 3747 780 3803 aliis
812 3746 1201 3818 elargientibus
1232 3746 1473 3812 obolum,
1512 3747 1636 3803 aliis
1681 3747 1863 3802 vinum
1896 3762 2024 3817 pro-

442 3835 779 3905 pinantibus.
820 3841 889 3892 At
933 3838 1024 3893 illc
1074 3837 1308 3893 instituti
1368 3838 1454 3893 sui
1517 3847 1701 3903 tenax,
1731 3853 1760 3892 a
1804 3838 2023 3893 nemine

444 3927 723 3997 quidpiam
767 3928 1100 3999 recipiebat,
1136 3929 1228 3984 sed
1260 3937 1486 3985 cunctos
1536 3943 1567 3984 a
1618 3944 1677 3986 se
1729 3930 2019 4001 repellens,

441 4030 547 4087 pro
567 4017 775 4079 foribus
798 4020 993 4077 aedium
1035 4021 1350 4077 considebat
1379 4021 1556 4076 humi.

2129 3306 2264 3352 σαςο
2321 3292 2372 3343 οἱ
2437 3290 2530 3344 οὖν
2591 3293 2936 3361 γειτνιῶντες
2986 3292 3065 3365 τῷ
3132 3291 3436 3363 Ἐπιφανίῳ
3495 3290 3589 3342 καὶ
3644 3287 3694 3339 οἱ

2130 3381 2440 3452 παροδῖται,
2476 3382 2770 3452 βλέποντες
2797 3385 3086 3455 ἄνθρωπον
3115 3382 3564 3454 γεγυμνωμένον,
3600 3381 3697 3433 καὶ

2126 3477 2683 3545 παρατετραμμένον,
2711 3476 3128 3548 συνηθροίζοντο
3147 3476 3286 3547 πρὸς
3320 3474 3502 3538 αὑτὸν,
3523 3473 3618 3525 καὶ
3646 3472 3696 3524 oi

2128 3566 2229 3635 μὲν
2270 3568 2597 3637 στεναγμοῖς
2649 3566 2901 3639 ᾤμωζον,
2950 3568 3027 3639 τῷ
3077 3568 3307 3637 διαϐόλῳ
3338 3566 3433 3620 καὶ
3463 3562 3541 3633 τῷ
3588 3563 3696 3615 Σα-

2122 3659 2261 3730 τανᾷ
2313 3660 2718 3732 καταρώμενοι,
2761 3664 2843 3717 ὅτι
2892 3661 3210 3734 τηλικοῦτον
3257 3659 3428 3729 ἄνδρα
3492 3656 3695 3725 πορθήο

2122 3767 2222 3813 σας
2259 3752 2371 3825 (77)
2406 3756 2745 3826 κατῄσχυνεν
2768 3772 2783 3787 ο
2816 3758 2865 3810 oi
2907 3757 2965 3811 δὲ
2997 3756 3220 3819 ὀϐολοὺς
3260 3753 3411 3824 αὐτῷ
3462 3750 3692 3813 ἐδίδουν,

2119 3844 2169 3896 οἱ
2193 3843 2249 3895 δὲ
2281 3839 2447 3901 οἶνον.
2471 3847 2644 3911 Αὐτὸς
2664 3847 2723 3901 δὲ
2748 3849 2825 3921 τῷ
2852 3849 2968 3920 ίδίῳ
2990 3849 3102 3904 ἔθει
3125 3848 3523 3919 κρατούμενος.
3559 3841 3689 3911 παρ’

2120 3935 2337 4000 οὐδενός
2370 3956 2421 3991 τι
2469 3939 2781 4008 ἐκομίζετο,
2836 3943 3045 4005 πάντας
3092 3939 3556 4012 ἀποκρουόμενοῖι
3586 3934 3695 4003 πρὸ

2122 4024 2218 4078 τοῦ
2247 4025 2494 4091 πυλῶνος
2524 4028 2892 4101 καθεζόμενος
2922 4031 3120 4102 χαμαί.

1856 4185 2086 4244 CAPUT
2122 4187 2259 4245 VIII.

585 4318 798 4373 Ανεαηα
823 4320 1060 4373 εονάἱκηι
1094 4318 1317 4373 Anthea?
1354 4318 1579 4373 τευιιαια
1635 4335 1813 4374 Coram
1843 4322 2135 4447 Epiphat‘tito
2166 4328 2383 4399 ejusque
2435 4332 2677 4400 famulis,
2708 4342 2755 4383 et
2802 4330 2894 4385 uni
2926 4331 3115 4384 horum
3148 4330 3383 4384 indicata
3405 4330 3549 4384 illius

1922 4410 2049 4447 sane
2079 4412 2093 4447 ι
2120 4414 2198 4447 as.

1922 4410 2198 4451 δαηειιιαε.

512 4559 604 4616 57.
673 4557 884 4612 Interea
956 4557 1106 4612 adest
1161 4557 1479 4614 adolescens
1545 4559 1788 4628 nitidam,
1821 4568 2099 4631 natural)

444 4651 754 4712 eunuchus,
787 4650 1058 4719 magnatis
1097 4649 1332 4719 alicujus
1372 4650 1763 4707 cubicularius.
1820 4650 2020 4708 Vultus

443 4743 495 4797 ei
544 4740 774 4797 rubebat
816 4739 1004 4795 colore
1068 4754 1245 4807 roseo,
1291 4740 1557 4797 candebat
1612 4758 1811 4813 corpus
1841 4745 2020 4809 niveo,

441 4840 561 4889 erat
586 4832 798 4902 species
825 4831 1044 4896 decora,
1074 4832 1252 4901 capilli
1276 4830 1423 4897 ﬂavi,
1466 4833 1718 4888 mollities
1756 4848 1865 4888 non
1898 4833 2019 4888 vul-

441 4925 628 4996 garis;
684 4923 915 4978 multum
983 4923 1200 4979 eminus
1251 4939 1473 4994 quoque
1533 4940 1779 4981 muscum
1812 4925 2010 4991 elebat,

442 5016 700 5071 mollibus
736 5014 960 5071 indutus
1021 5014 1381 5071 vestimentis.
1438 5014 1577 5082 Quia
1614 5031 1740 5071 vero
1769 5031 1867 5086 par
1897 5025 2014 5071 erat

442 5104 745 5176 Epiphanio
776 5114 955 5170 aetate,
986 5113 1041 5161 et
1062 5106 1339 5161 domicilio
1366 5106 1579 5162 vicinus
1597 5146 1611 5171 ,
1637 5116 1827 5162 mutuo
1873 5108 2015 5163 inter

439 5212 560 5252 sese
615 5210 803 5252 amore
836 5197 1329 5267 prosequebantur.
1382 5198 1625 5254 Habebat
1650 5214 1816 5270 porro
1840 5216 2014 5257 eunu-

439 5288 577 5342 chus
612 5287 702 5343 ille
722 5302 890 5357 penes
917 5304 975 5343 se
995 5288 1265 5359 dactylos,
1300 5288 1685 5345 instarlicuum
1708 5292 2010 5358 aridarum,

340 5446 343 5447 ν
441 5380 661 5436 circiter
727 5380 947 5452 triginta
1017 5395 1290 5437 numero:
1325 5391 1380 5438 et
1427 5382 1600 5439 oculis
1660 5384 1713 5439 in
1765 5392 2013 5441 sanctum

440 5471 635 5528 vestitu
693 5473 1012 5531 destitutum
1064 5474 1382 5542 conversis,
1440 5477 1670 5532 horrore
1734 5478 2017 5547 perculsus

513 5628 625 5705 (76)
657 5629 732 5685 Ita
786 5644 1052 5705 consonat
1105 5646 1395 5705 utrumque
1418 5650 1521 5692 ms.
1550 5635 1650 5691 Ubi
1682 5651 1811 5691 vero
1840 5636 1891 5692 id
1929 5637 2003 5692 le-

2187 4564 2287 4630 νζ’.
2314 4567 2576 4637 Ἔρχεται
2596 4583 2679 4630 τις
2702 4566 3002 4628 νεανίσκος,
3026 4568 3091 4636 τῇ
3118 4565 3275 4633 φύσει
3300 4564 3572 4636 εὐνοῦχος,
3601 4582 3700 4636 με-

2117 4654 2376 4723 γιστάνου
2410 4655 2555 4717 τινὸς
2587 4657 2875 4727 τυγχάνων
2909 4655 3350 4727 κουδικουλάριος
3382 4672 3397 4686 ·
3446 4651 3513 4725 ἧν
3546 4657 3602 4709 δὲ
3637 4656 3700 4710 τδ

2122 4746 2420 4817 πρόσωπον
2446 4746 2614 4801 αὐτοῦ
2645 4746 2721 4809 ὡς
2737 4745 2797 4800 τὸ
2826 4745 3000 4817 ῥόδον,
3030 4744 3125 4797 καὶ
3153 4743 3347 4807 λευκὸς
3378 4743 3456 4812 τῷ
3480 4742 3696 4812 σώματι

2120 4837 2199 4901 ὡς
2230 4839 2382 4909 χιὼν,
2413 4838 2645 4911 εὐειδὴς,
2664 4838 2975 4906 ὲπὶξανθος,
3003 4835 3263 4907 βλακείαν
3291 4837 3351 4889 οὐ
3382 4835 3483 4905 τὴν
3502 4836 3699 4907 τυχοῦ-

2120 4946 2221 4983 σαν
2252 4933 2612 5003 κεκτημένος,
2644 4931 2844 5002 μόσχου
2872 4930 3111 5001 μήκοθεν
3142 4929 3381 4993 ἀπόζων,
3416 4926 3700 4999 μαλακοὺς

2118 5023 2590 5095 περιϐεϐλημένος
2631 5023 2902 5095 χιτῶνας·
2942 5022 3029 5076 διὰ
3061 5021 3119 5075 δὲ
3143 5022 3205 5074 τὸ
3234 5015 3374 5073 εἶναι
3416 5020 3508 5075 τὸν
3546 5022 3699 5073 Ἐπι-

2120 5114 2310 5184 φάνιον
2344 5115 2687 5187 συνομήλικα
2747 5116 2912 5169 αὑτοῦ
2952 5114 3047 5168 καὶ
3096 5116 3447 5183 γειτνιάξειν,
3488 5114 3695 5185 μεταξὺ

2120 5206 2369 5277 ἀλλήλων
2400 5203 2468 5278 ἦν
2497 5208 2690 5277 ἀγάπη
2725 5205 2917 5277 πολλή.
2954 5208 3223 5276 Κατεῖχεν
3247 5205 3339 5260 οὖν
3366 5206 3395 5259 6
3424 5204 3696 5275 Εὐνοῦχος

2117 5299 2327 5361 ἐκεῖνος
2379 5298 2628 5367 φοίνικας
2666 5296 2918 5368 καθάπερ
2968 5296 3192 5367 ίσχάδας
3233 5297 3310 5360 ὡς
3353 5295 3649 5366 τριάκοντα
3674 5311 3692 5328 ο

2117 5389 2452 5457 θεασάμενος
2474 5388 2570 5443 οὖν
2595 5389 2686 5443 τὸν
2706 5389 2891 5445 Ὀσιον
2916 5387 3341 5460 γεγυμνωμένον
3356 5386 3433 5458 τῷ
3454 5386 3693 5457 σώματι,

2116 5482 2215 5537 καὶ
2239 5479 2317 5552 τῷ
2342 5481 2451 5535 δέει
2484 5481 2719 5546 ϐληθεὶς,
2741 5479 2800 5535 τὺ
2831 5482 3062 5551 πρᾶγμα
3088 5479 3377 5545 ἐξενίζετο.
3416 5479 3513 5534 καὶ
3549 5478 3692 5532 ἐπτι-

2177 5642 2413 5717 (77)Με.
2455 5643 2627 5701 Vatic.
2668 5644 3008 5717 peregrinam
3077 5642 3165 5698 hic
3209 5640 3442 5697 habebat
3496 5651 3689 5694 vocem

439 5702 837 5821 ἱῖἷέἒΐέυοιοι,
875 5704 990 5771 ipse
1053 5705 1249 5762 viderit
1286 5702 1431 5763 {non
1490 5717 1672 5776 putem
1731 5708 1784 5762 in
1829 5710 2001 5764 sacris

617 5786 628 5821 I
667 5803 684 5821 ο

2121 5702 2239 5767 nave
2249 5702 2500 5784 ρέφυνεν.

489 5768 684 5823 itteris.
