4100 6212
387 398 494 463 697

1554 400 1735 463 VITA
1780 397 1845 459 S.
1884 394 2216 457 ANDREIE
2254 392 2447 454 SAL].

3541 386 3654 449 693

391 518 539 589 ρώτα
571 517 663 572 τὸν
701 517 1023 588 Ἐπιφάνιον
1063 517 1239 587 λέγων
1274 534 1289 550 ο
1336 516 1561 572 Φίλτατέ
1599 533 1699 587 μου
1741 516 1837 569 καὶ
1875 531 1972 565 πε-

2078 519 2131 562 et
2166 508 2450 566 insolentis
2476 508 2551 562 rei
2582 506 2873 562 novitatem
2905 514 3155 566 miratus,
3199 504 3655 572 percunctabatur

387 612 667 681 ποθημένε
728 613 1038 682 Ἐπιφάνιε,
1089 613 1174 678 τίς
1206 612 1316 683 ἄρα
1363 606 1518 676 οὗτός
1567 614 1713 665 ἐστιν
1754 629 1769 676 ;
1824 612 2003 677 τίνος-

390 704 555 774 χάριν
587 702 828 773 παράγει
879 703 1106 775 γυμνὸς,
1152 704 1357 771 κρύους
1403 704 1681 774 ἀφορήτου
1729 704 1824 757 καὶ
1857 721 1970 773 χει-

392 795 571 863 μῶνος
605 794 943 865 ὑπάρχοντος
967 834 981 857 ,
1036 794 1131 849 καὶ
1164 796 1355 864 ὥσπερ
1384 796 1431 848 οί
1482 796 1538 848 ἐν
1575 795 1820 868 θαλάσσῃ
1858 812 1974 849 κιν-

390 885 727 949 δυνεύοντες,
770 885 945 950 οὕτως
983 886 1325 956 καθέστηκεν
1356 903 1370 951 ;
1418 887 1736 957 Ἐπιφάνιος
1766 884 1921 941 εἷπεν
1953 905 1970 921 ο

392 975 703 1031 Γλυκύτατέ
739 994 841 1047 μου
872 976 1091 1046 ἀδελφέ,
1132 978 1187 1028 τί
1242 995 1322 1030 σοι
1356 977 1465 1049 ἔχω
1501 981 1676 1033 εἰπεῖν
1702 981 1844 1050 ὑπὲρ
1873 979 1970 1033 τοῦ

393 1071 745 1138 φαινομένου,
779 1072 880 1124 οὐκ
909 1071 1205 1142 ἐπίσταμαι
1230 1090 1244 1104 ·
1270 1073 1455 1145 ἐπειδὴ
1485 1070 1905 1143 ᾑχμαλώτευται
1938 1073 1971 1143 ἡ

387 1158 598 1213 διάνοια
661 1159 828 1213 αὐτοῦ
883 1160 987 1215 ὑπὸ
1031 1162 1125 1215 τοῦ
1177 1164 1524 1233 πνεύματος,
1572 1162 1665 1215 καὶ
1720 1164 1974 1233 περιάγει

393 1249 784 1318 παρατραπεὶς
817 1253 938 1314 ταῖς
972 1254 1167 1322 φρεσὶν
1203 1253 1396 1324 ῶσπερ
1428 1256 1713 1327 πασχικῶς
1764 1274 1972 1327 πεφυρ-

396 1340 555 1408 μένος
582 1357 596 1373 ο
641 1342 843 1406 πάντες
873 1343 928 1397 δὲ
964 1346 1011 1398 οἱ
1040 1345 1265 1400 τοιοῦτοι
1293 1346 1679 1420 διαῤῥὴσουσιν
1710 1351 1807 1414 τὰς
1842 1352 1971 1404 ἐαυ-

395 1429 508 1481 τῶν
533 1431 787 1501 χιτῶνας,
830 1436 922 1487 καὶ
974 1434 1433 1506 ἀναισθητοῦντες
1461 1439 1764 1509 τρέχουσιν.
1803 1442 1975 1496 Λελὰ·

394 1523 564 1593 ληκεν
596 1525 652 1577 δὲ
688 1527 863 1590 τοῦτο,
907 1526 981 1598 μὴ
1025 1527 1348 1600 βουλόμενος
1382 1533 1686 1603 ἐκκαλύψαι
1714 1532 1812 1603 τὴν
1847 1536 1977 1605 ἀρε·

395 1615 495 1683 τὴν
524 1616 615 1669 τοῦ
659 1616 858 1673 Ὀσίου.
884 1618 1068 1675 Ταῦτα
1122 1622 1364 1687 ἀκούσας
1416 1626 1622 1688 ἐκεῖνος
1676 1627 1972 1697 ἡσύχαζεν,

398 1705 494 1758 κα)⁸
524 1704 713 1777 ὥσπερ
765 1708 971 1779 πένητα
1020 1710 1297 1782 οἰκτείρας
1340 1712 1404 1777 ἃς
1446 1718 1692 1785 κατεῖχεν
1727 1717 1975 1783 φοίνικας

394 1796 564 1849 ἐδίδου
594 1797 672 1868 τῷ
702 1800 975 1871 Μακαρίῳ
1001 1802 1181 1870 λέγων
1204 1820 1218 1835 ⁸
1242 1806 1401 1870 Δέξαι
1431 1806 1566 1870 τέως
1594 1807 1787 1870 ταῦτα,
1824 1810 1974 1861 ἐπει-

2075 601 2435 671 Epiphaniam
2468 601 2573 655 hoc
2618 599 2822 655 modo":
2855 596 3213 652 Dilectissime
3256 593 3657 649 desideratissi-

2076 708 2271 762 meque
2305 692 2598 762 Epiphani,
2633 692 2763 761 quid
2794 690 2973 745 isthoc
3003 690 3219 744 tandem
3261 695 3345 741 est
3376 686 3657 739 hominis?

2070 785 2432 854 quamobrem
2484 786 2664 839 nudus
2718 783 2979 853 procedit,
3015 782 3213 859 [rigore
3252 779 3548 849 przrscrtim
3576 779 3657 831 iu~

2073 876 2339 931 tolerabili
2377 884 2430 931 et
2458 885 2777 946 tempestate
2805 874 3159 931 sazvientibus
3192 874 3215 926 ?
3259 871 3478 925 Nullum
3514 871 3653 924 inter

2073 968 2252 1045 ipsum
2285 976 2333 1022 et
2363 966 2726 1035 periclitantes
2757 967 2807 1019 in
2843 966 2981 1020 mari
3011 965 3303 1020 discrimen
3349 963 3652 1018 intercedit.

2074 1057 2171 1112 Cui
2230 1057 2565 1126 Epiphanius
2600 1058 3059 1111 :Jucuudissime
3110 1055 3297 1118 frater,
3367 1054 3496 1124 quid
3560 1054 3654 1107 tibi

2073 1164 2239 1219 super
2268 1150 2374 1216 his,
2399 1164 2519 1218 qua:
2544 1148 2717 1204 oculis
2746 1158 2947 1218 patent,
2989 1147 3194 1211 dicam,
3230 1145 3479 1214 equidem
3506 1145 3657 1214 igno-

2075 1253 2169 1294 ro:
2196 1240 2501 1309 exagitante
2530 1250 2762 1294 mentem
2797 1239 2942 1293 illius
2960 1238 3153 1307 spiritu
3174 1276 3187 1300 ,
3217 1250 3494 1304 camquea
3523 1236 3653 1289 sede

2073 1345 2173 1385 sua
2226 1330 2533 1400 dejicicnte,
2588 1338 2812 1401 vagatur
2838 1346 2945 1383 non
2975 1330 3134 1383 aliter
3179 1343 3342 1397 quant
3406 1326 3655 1381 insessus

2075 1437 2104 1477 a
2164 1422 2449 1477 daemone:
2486 1422 2738 1477 homines
2816 1430 2996 1476 autem
3055 1420 3363 1475 istiusmodi
3420 1420 3656 1474 lacerare

2075 1513 2396 1569 vestimenta
2441 1528 2563 1577 sua,
2623 1522 2676 1567 et
2726 1513 2932 1581 absque
2964 1512 3168 1581 pudore
3207 1519 3301 1565 aut
3330 1510 3654 1565 verecundia

2075 1605 2342 1662 cursitare
2393 1605 2589 1661 solent.
2623 1604 2697 1660 Ita
2754 1604 3117 1674 Epiphanius,
3175 1613 3234 1657 ut
3294 1612 3362 1656 ne
3403 1601 3653 1655 virtutem

2078 1698 2179 1752 viri
2231 1698 2405 1753 sancti
2467 1697 2523 1753 in
2586 1696 2758 1751 lucrm
2812 1695 3353 1766 proferret;quibus
3387 1693 3659 1763 acquievit

2077 1788 2399 1849 eunuchus,
2450 1789 2816 1858 misertusque
2862 1786 3137 1849 Andreae,
3214 1785 3293 1840 uti
3363 1786 3654 1855 pauperis.

393 1887 458 1959 δὴ
494 1866 726 1942 ἐνταῦθα
758 1866 913 1946 οὐδὲν
945 1866 1133 1966 ἕτερον
1164 1866 1385 1966 ἔχομεν.
1421 1898 1479 1950 Ὀ
1516 1866 1572 1950 δέ
1621 1866 1810 1962 "Octo;
1849 1917 1969 1952 voe-

2081 1878 2323 1949 porrexlt
2358 1893 2497 1948 quos
2535 1877 2768 1932 habebat
2804 1877 3070 1948 dactylos,
3097 1876 3185 1930 his
3213 1874 3413 1929 additis
3445 1872 3655 1927 verbis:

399 1979 525 2045 pali;
550 1979 863 2051 ὀφθαλμοὺς
892 1986 1255 2057 κεκτημένος,
1292 1987 1433 2056 ἔγνω
1466 1989 1531 2043 τὰ
1576 1990 1713 2059 ἔργα
1744 1992 1843 2060 τῆς
1868 1990 1973 2060 ψυ-

397 2067 500 2137 χῆς
522 2071 711 2135 αὐτοῦ,
738 2074 832 2127 καὶ
862 2076 1110 2148 βλοσυρῷ
1132 2078 1210 2149 τῷ
1240 2080 1447 2150 ὄμματι
1471 2081 1679 2135 ἀπιδὼν
1704 2085 1781 2147 είς
1813 2083 1974 2136 αὑτὸν

394 2160 499 2232 ἔφη
537 2177 553 2193 ’
602 2164 783 2234 Δῶρον
816 2169 1151 2236 κωλοφονίας
1209 2173 1258 2225 οί
1302 2172 1458 2226 σαλοὶ
1516 2174 1617 2227 οὐκ
1678 2174 1972 2228 ἐσθίουσιν.

407 2251 706 2323 ’Λγνοήσας
734 2256 827 2311 οὖν
859 2260 1064 2324 ἐκεῖνος
1093 2262 1152 2316 τὸ
1179 2263 1368 2335 λεχθὲν
1392 2265 1558 2335 αὐτῷ,
1596 2266 1698 2336 ἔφη
1726 2282 1740 2297 ·
1780 2268 1967 2335 Παρα-

399 2346 747 2417 τετραμμένε
776 2349 863 2404 ἐπ’
908 2352 1189 2423 ἀληθείας,
1234 2356 1480 2424 φοίνικας
1520 2355 1756 2427 βλέπων,
1800 2356 1973 2409 κωλοο

398 2438 583 2505 φονίας
614 2440 761 2494 δοκεῖ
795 2459 876 2497 σοι
906 2443 1077 2499 ταῦτα
1115 2442 1280 2499 εῖναι.

473 2633 575 2697 νη⁹.
602 2629 761 2696 Λέγει
790 2628 936 2699 αὑτῷ
964 2630 992 2683 ὁ
1024 2629 1310 2699 Μακάριος
1332 2646 1346 2663 ο
1380 2630 1552 2698 Δόλιε,
1584 2632 1784 2688 ἄπελθε
1822 2638 1879 2689 ἐν
1907 2637 1984 2710 τῷ

397 2720 619 2775 κοιτῶνι
639 2721 729 2774 τοῦ
755 2722 972 2791 κυρίου,
994 2722 1088 2776 καὶ
1109 2721 1343 2793 ἐργάζου
1374 2722 1492 2795 μετ’
1509 2724 1676 2779 αὐτοῦ
1697 2728 1795 2798 τὴν
1817 2729 1981 2783 ἀσθέ-

396 2826 545 2863 νειαν
566 2810 674 2863 τῶν
705 2812 1033 2881 Σοδομιτῶν,
1087 2815 1183 2869 καὶ
1215 2816 1470 2872 ἐπιδώσει
1520 2835 1603 2872 σοι
1646 2822 1742 2873 καὶ
1780 2821 1974 2893 ἐτέρας

397 2899 650 2968 φοίνικας
676 2919 691 2933 ·
724 2902 1062 2973 ταλαίπωρε,
1081 2908 1109 2959 ό
1148 2906 1224 2980 μὴ
1256 2907 1470 2976 βλέπων
1496 2909 1594 2972 τὰς
1624 2909 1848 2973 ἀκτῖνας
1873 2912 1973 2981 τῆς

395 2990 506 3044 τῶν
532 2993 781 3062 οὐρανῶν
817 2995 1121 3065 βασιλείας,
1148 3000 1176 3051 ό
1210 2998 1285 3070 μὴ
1322 2998 1447 3052 ίδὼν
1482 3000 1582 3068 τῆς
1617 3000 1842 3073 γεέννης
1874 3005 1973 3074 τὴν

396 3083 701 3153 ἀγριότητα
734 3086 833 3157 τὴν
871 3087 1209 3159 δριμυτάτην
1232 3130 1247 3154 ,
1304 3089 1431 3144 οὔτε
1481 3091 1583 3145 κᾶν
1616 3094 1708 3146 τὸν
1744 3093 1973 3163 ἄγγελον

396 3175 627 3248 αἰσχύνῃ
650 3178 741 3231 τὸν
768 3178 1022 3252 καθάπερ
1062 3182 1379 3253 Χριστιανῷ
1413 3183 1810 3240 ἀκολουθοῦντα
1865 3201 1970 3238 σοι.

396 3267 463 3319 Τί
490 3285 570 3321 σοι
604 3269 714 3324 δέει
752 3272 1028 3340 γενέσθαι,
1057 3274 1359 3346 ἀκάθαρτε,
1397 3278 1454 3328 ἐν
1472 3278 1591 3339 ταῖς
1619 3276 1844 3345 γωνίαις
1870 3295 1973 3329 πα-

399 3362 669 3431 ρεδρεύων
699 3363 764 3417 τὰ
809 3365 884 3436 μὴ
927 3365 1115 3420 δέοντα
1158 3367 1557 3439 ἐργαζόμενος,
1598 3368 1741 3439 ἅπερ
1767 3370 1885 3423 οὐδὲ
1922 3371 1971 3422 οἱ

396 3452 578 3520 κύνες,
602 3454 746 3526 ἅπερ
769 3456 837 3510 τὰ
872 3458 1076 3526 ἑρπετὰ
1108 3463 1201 3512 καὶ
1227 3460 1398 3528 ὄφεις,
1432 3460 1575 3532 ἇπερ
1600 3460 1719 3513 οὐδὲ
1763 3462 1812 3514 oi
1862 3464 1974 3531 χοῖ-

400 3563 482 3614 ροι
514 3548 776 3616 πράττειν
799 3552 899 3603 οὐκ
934 3554 1111 3605 ἴσασιν
1141 3566 1157 3583 ’
1196 3552 1359 3605 πόθεν
1396 3554 1681 3623 κατάρατε
1720 3554 1973 3625 μεμαθη-

397 3638 507 3701 κὼς
551 3640 724 3696 ταῦτα
773 3643 1142 3714 κατεργάζει;
1177 3645 1313 3698 Οὐαὶ
1351 3647 1416 3715 τῇ
1464 3648 1527 3717 σῇ
1569 3646 1801 3716 νεότητι,
1839 3648 1905 3718 ἣν
1945 3649 1972 3700 ὁ

397 3730 641 3794 Σατανᾶς
686 3733 1063 3805 παρατρώσας
1118 3737 1200 3799 είς
1268 3735 1498 3805 φοϐερὸν
1543 3737 1792 3807 πυθμένα
1841 3739 1971 3811 ᾇδου

399 3824 736 3899 σφοδροτάτη
765 3828 870 3880 τινὶ
898 3828 992 3882 καὶ
1023 3828 1236 3899 ἀπείρῳ
1287 3830 1570 3898 ίταμὸτητι
1600 3832 1975 3901 κατεκρήμνι-

398 3931 511 3970 σεν.
553 3915 694 3986 Ὅρα
736 3916 830 3971 καὶ
872 3918 947 3988 μὴ
998 3918 1333 3990 πορρωτέρω
1373 3920 1635 3988 πρόὸαινε
1673 3920 1805 3991 (79),
1844 3919 1863 3992 [
1897 3921 1970 3992 μή

399 4022 531 4058 ποτε
570 4006 801 4070 δικαίως
834 4007 1082 4079 θεηλὰτῳ
1118 4011 1252 4080 πυρὶ⁸
1281 4010 1688 4075 καταναλωθεὶς
1720 4011 1971 4082 πρόωρον

396 4097 743 4168 ἀφαρπάζων
766 4116 858 4153 σου
886 4102 987 4173 τὴν
1020 4102 1270 4172 νεότητα,
1305 4105 1400 4156 καὶ
1445 4101 1683 4156 ἐνταῦθα
1718 4103 1816 4173 μὲν
1866 4121 1975 4158 τοι-

397 4192 539 4263 ούτῳ
572 4194 849 4265 πρηστῆρι
872 4194 913 4267 ],
947 4197 1156 4250 ἐκεῖθεν
1194 4195 1252 4249 δὲ
1296 4197 1526 4268 γεέννης
1580 4197 1717 4268 πυρὶ
1760 4198 1974 4270 λυγρῶς

397 4284 762 4339 ὁλοκαυτώσει
791 4304 872 4343 σε.
901 4287 1084 4341 Ταῦτα
1124 4288 1361 4354 ἀκούσας
1383 4291 1587 4353 ἐκεῖνος
1618 4290 1857 4363 ἔφριξεν,
1897 4291 1974 4355 ὡς

400 4376 507 4446 πῦρ
520 4377 757 4446 γεγονὼς
788 4382 1080 4449 πρόσωπον
1098 4381 1285 4447 αὐτοῦ,
1311 4382 1404 4437 καὶ
1425 4382 1667 4454 ᾐσχύνθη
1702 4383 1971 4455 μεγάλως·

400 4467 674 4540 Λέγειοῦν
725 4474 1045 4543 Ἐπιφάνιος
1100 4475 1237 4547 πρὸς
1272 4474 1471 4532 αὐτόν’
1510 4475 1575 4529 Τί
1608 4493 1689 4530 σοι
1734 4480 1971 4547 ἐγένετο,

1999 3242 2041 3298 C

2077 1972 2214 2029 Cum
2239 1971 2389 2027 aliud
2445 1971 2577 2025 mihi
2610 1970 2772 2024 modo
2805 1970 2858 2023 in
2892 1975 3144 2038 promptu
3202 1982 3308 2020 non
3353 1968 3446 2030 sit,
3474 1964 3659 2032 accipe

2078 2063 2213 2119 iure.
2244 2064 2312 2118 At
2376 2063 2632 2123 Sanctus.
2699 2063 2901 2115 mentis
2956 2059 3415 2114 oculisinteriora
3476 2056 3658 2111 cordis

2076 2155 2219 2212 illius
2251 2157 2572 2224 pervadens,
2610 2165 2874 2224 torvoque
2905 2153 2961 2208 in
2988 2151 3262 2206 hominem
3295 2150 3441 2205 vultu
3494 2147 3658 2202 intui-

2076 2260 2202 2304 tus:
2235 2246 2413 2315 Ficos,
2458 2248 2654 2317 inquit,
2705 2260 2811 2300 non
2874 2243 3164 2299 comedunt
3224 2240 3424 2295 insani.
3486 2239 3657 2306 Cujus

2076 2340 2204 2395 dicti
2258 2340 2530 2409 encrgiam
2568 2354 2674 2394 non
2737 2346 3023 2393 assecutus
3061 2335 3196 2388 alter
3227 2333 3339 2403 (78)
3372 2346 3386 2382 :
3429 2330 3654 2392 Revera,

2078 2432 2277 2500 inquit,
2330 2432 2557 2487 insanus
2588 2446 2665 2494 es,
2694 2429 2785 2500 qui
2816 2444 2939 2483 cum
2966 2428 3215 2497 dactylos
3261 2424 3435 2485 vides,
3475 2422 3657 2476 videro

2078 2534 2128 2579 te
2159 2524 2293 2579 licos
2319 2525 2623 2579 arbitraris.

2150 2662 2240 2717 58.
2268 2663 2406 2716 Tum
2442 2662 2505 2715 Β.
2540 2660 2785 2716 Andreas
2815 2679 2828 2715 :
2860 2657 3208 2730 Versipellis,
3240 2674 3408 2729 apage
3440 2659 3564 2713 hinc
3588 2657 3657 2713 ad

2076 2754 2333 2811 conclave
2385 2754 2589 2809 domini
2624 2754 2722 2816 tui,
2759 2769 2883 2807 cum
2920 2753 3036 2822 ipso
3092 2752 3285 2807 sceleri
3321 2752 3657 2807 Sodomitico

2074 2863 2295 2917 operam
2331 2847 2599 2914 daturus,
2630 2857 2683 2902 et
2727 2847 3035 2901 aliosetiatn
3075 2846 3171 2900 tibi
3196 2846 3439 2918 dactylos
3461 2861 3657 2914 suppe-

2074 2938 2287 2993 ditabit.
2324 2940 2364 2991 0
2394 2949 2442 2993 te
2471 2938 2728 2995 miserum
2764 2939 2777 2990 !
2823 2937 2913 3007 qui
2948 2938 3011 2991 ad
3046 2934 3499 3006 fulgentissimam
3547 2951 3657 2990 coe-

2075 3030 2227 3083 lcstis
2280 3029 2431 3100 regni
2491 3029 2667 3084 lucem
2711 3028 2967 3092 caerulis,
3004 3025 3096 3096 qui
3151 3025 3526 3080 crudelissima
3567 3040 3655 3094 εει

2076 3121 2267 3176 ιιριιιιτσ
2292 3111 2559 3176 tormenta
2596 3134 2703 3174 non
2735 3117 2972 3189 cogitas,
3002 3118 3093 3186 qui
3128 3116 3302 3186 angeli
3354 3125 3439 3177 te,
3472 3123 3658 3183 utpote

2076 3208 2470 3276 Christianum,
2501 3207 2816 3263 comitantis
2872 3205 3176 3261 reverentia
3202 3220 3309 3259 non
3342 3219 3659 3273 compesce-

2076 3300 2173 3356 ris.
2230 3298 2367 3365 Quid
2421 3296 2775 3352 metuendum
2833 3294 2931 3350 tibi
2981 3303 3083 3358 est,
3140 3292 3388 3358 sceleste,
3444 3306 3567 3345 cum
3602 3291 3657 3345 in

2073 3390 2303 3462 angulos
2353 3389 2699 3458 latebrasque
2748 3395 2801 3443 te
2860 3385 3045 3449 abdis,
3100 3385 3194 3440 illa
3262 3382 3660 3438 commissurus

2073 3483 2295 3552 ﬂagitia,
2332 3498 2451 3552 quae
2481 3482 2644 3536 etiam
2672 3494 2857 3544 canes,
2896 3494 3017 3549 qua:
3034 3485 3309 3547 serpentes
3339 3485 3394 3531 et
3428 3490 3656 3545 angues,

2074 3588 2193 3643 quae
2218 3573 2321 3643 ipsi
2365 3580 2419 3626 et
2462 3571 2613 3642 porci
2633 3579 2851 3640 patrare
2873 3584 2935 3625 ex
2946 3571 3268 3624 horrescunt
3285 3567 3307 3620 7
3327 3565 3443 3631 Quo
3470 3565 3659 3619 isthaec

2078 3674 2408 3737 praeceptore
2466 3663 2751 3719 didicisti?
2799 3662 2891 3717 Vm
2938 3659 3461 3722 adolescentitetuar,
3493 3672 3657 3725 quam

2077 3755 2307 3810 Satanas
2362 3754 2555 3809 misere
2603 3751 2921 3807 vulneribus
2995 3750 3268 3807 concisam
3319 3749 3371 3803 in
3417 3745 3661 3802 terribile

2076 3844 2271 3899 inferni
2298 3844 2634 3911 barathrum,
2668 3845 3150 3900 vehementissimo
3186 3860 3307 3899 cum
3357 3842 3561 3916 imprtu
3594 3856 3659 3901 ac

2076 3937 2356 4000 violentia,
2420 3937 2753 4006 praecipitem
2815 3937 2982 3992 dedit.
3015 3937 3383 4004 Quamobrem
3433 3939 3660 3995 consule

2076 4029 2237 4084 rebus
2299 4028 2429 4095 tuis,
2482 4043 2581 4084 nec
2643 4044 2808 4100 porro
2876 4044 3058 4099 perge,
3109 4046 3179 4086 ue
3214 4031 3349 4085 forte
3394 4032 3658 4088 divinitus

2081 4118 2500 4188 superveniente
2534 4119 2657 4189 igne
2686 4126 3060 4221 consumptus,
3099 4118 3150 4170 iu
3197 4117 3499 4187 juventutis
3529 4120 3662 4174 ﬂore

2075 4211 2342 4265 auferaris
2374 4249 2390 4274 ,
2420 4210 2607 4279 sicque
2639 4209 2726 4264 hic
2759 4209 3185 4276 igueo'turhiue,
3220 4209 3343 4264 istic
3384 4225 3514 4264 vero
3544 4210 3662 4265 vio~

2078 4303 2240 4358 lentia
2274 4302 2470 4358 inferni
2526 4303 2746 4357 ﬂamma
2807 4303 3014 4358 misere
3068 4301 3431 4357 comburaris.
3456 4302 3657 4357 Audita

2079 4398 2181 4452 hac
2237 4396 2460 4451 salutari
2518 4396 2891 4451 admonitione
2929 4433 2947 4462 ,
2980 4403 3125 4450 totus
3166 4394 3437 4449 inhorruit
3479 4396 3662 4449 Eunu-

2079 4490 2257 4551 chus,
2303 4495 2378 4554 et,
2420 4487 2852 4543 excandescente
2908 4487 2962 4541 in
3022 4485 3240 4541 modum
3281 4487 3421 4557 ignis
3474 4487 3611 4542 facie
3638 4525 3657 4553 ,

401 4565 559 4637 κύριέ
597 4586 699 4637 μου
739 4570 929 4642 γνήσιε
968 4571 1125 4642 φίλε,
1158 4571 1303 4635 τίνος
1331 4572 1493 4643 χάριν
1539 4572 1857 4642 διετράπης,
1901 4570 1972 4636 ὡς

2084 4580 2452 4651 maximopere
2473 4581 2735 4636 confusus
2760 4589 2865 4637 est.
2903 4581 3083 4647 Quare
3115 4579 3183 4636 ad
3222 4581 3399 4652 ipsum
3428 4582 3664 4653 Epipha-

405 4658 517 4730 πῦρ
545 4661 784 4729 γεγονὼς
811 4663 872 4714 τὸ
908 4662 1199 4733 πρόσωπόν
1230 4681 1325 4717 σου
1359 4680 1373 4728 ;
1409 4663 1621 4719 Οὐκοῦν
1650 4663 1852 4735 εἴρηκά
1892 4681 1974 4717 σοι

403 4748 573 4801 ταῦτα
603 4766 619 4816 ;
650 4751 836 4821 ἐπειδὴ
885 4751 939 4804 εἰ
982 4770 1035 4805 τι
1073 4752 1289 4821 φθάσει,
1333 4753 1542 4806 λαλεῖό
1581 4769 1975 4823 παρατετραμ-

402 4840 566 4910 μένος
596 4859 612 4908 ;
650 4842 819 4915 Πλὴν,
850 4844 1102 4916 ἀγαπητέ
1139 4863 1241 4916 μου
1272 4847 1329 4898 ἐν
1358 4846 1568 4915 Κυρίῳ,
1592 4845 1749 4915 είπερ
1795 4845 1975 4899 σύνοι-

398 4933 495 4998 δάς
524 4952 574 4988 τι
607 4935 717 4990 ἀπὸ
748 4937 858 4990 τῶν
891 4938 992 5010 ἤδη
1027 4938 1119 4991 ὑπ’
1153 4937 1318 4993 αὐτοῦ
1345 4938 1643 5011 ῥηθέντων,
1679 4938 1974 5009 πορευθεὶς

400 5024 600 5097 ὕπαγε,
634 5030 733 5085 καὶ
756 5032 981 5085 σεαυτὸν
1002 5032 1081 5097 είς
1107 5031 1394 5101 διόρθωσιν
1419 5032 1645 5099 drepani.
1670 5031 1745 5104 μὴ
1777 5032 1970 5103 ἀηδιόι-

400 5119 491 5183 ζου
523 5121 617 5174 ἐπὶ
637 5124 749 5188 τοῖς
768 5122 950 5193 λόγοις
973 5140 990 5157 ο
1027 5124 1147 5189 νέος
1181 5125 1289 5195 γὰρ
1319 5121 1373 5177 εἴ
1399 5126 1494 5177 καὶ
1516 5124 1819 5196 τρυφερὸς,
1872 5127 1970 5181 καὶ

468 5317 763 5407 (18)-1ξίοιτι
784 5331 887 5387 est,
918 5338 1094 5407 neque
1123 5323 1212 5379 hic
1251 5324 1436 5407 fusius
1478 5323 1817 5407 explicanda,
1847 5325 1976 5407 licet

394 5390 531 5465 satis
576 5390 644 5444 ad
678 5405 799 5465 rem,
832 5390 1131 5463 pertinens,
1159 5393 1486 5465 ambiguitas
1519 5390 1971 5465 signiﬁcationis,

294 5516 300 5520 ς
394 5456 449 5535 i_n
494 5470 628 5528 voce
684 5456 872 5535 Latina
907 5467 1064 5534 ficus,
1099 5456 1176 5519 uti
1217 5474 1270 5519 et
1295 5456 1346 5518 in
1393 5456 1766 5535 ϐτωοάσυκῆ.
1812 5456 1974 5521 Eam:-

392 5526 522 5607 detn
550 5526 698 5607 esse
757 5532 815 5607 in
859 5526 994 5607 voce
1044 5526 1359 5607 acroma
1405 5536 1525 5592 sive
1557 5536 1639 5605 (ut
1662 5526 1752 5592 hic
1782 5547 1973 5607 argute

394 5598 679 5676 scribitur)
720 5602 1044 5676 κωλοφονία,
1098 5598 1209 5661 non
1276 5604 1451 5676 habeo
1493 5598 1745 5661 auctores
1766 5598 1970 5676 quibus

399 5668 621 5746 probem
654 5668 826 5747 i_sed_
859 5668 1123 5747 quoniam
1165 5676 1301 5747 ﬁcus
1324 5674 1517 5747 “albas
1548 5668 1840 5747 nigrasque
1873 5693 1967 5733 no-

396 5741 596 5819 vimus,
646 5741 739 5819 vix
779 5741 999 5819 dubito.
1035 5744 1166 5819 quin
1214 5745 1407 5819 similis
1437 5746 1579 5819 apud
1611 5741 1828 5803 Graecos
1858 5747 1964 5803 dif-

398 5805 631 5867 ferentia
656 5808 837 5879 fuerit;
872 5824 924 5869 ct
958 5812 1035 5869 sic
1054 5805 1395 5887 Κολοφωνία,
1428 5805 1681 5874 dicantur
1710 5833 1805 5887 σε,
1841 5833 1961 5890 quae

2084 4673 2210 4728 nius
2249 4673 2428 4740 :Quid
2482 4673 2600 4737 tibi,
2654 4673 2876 4728 domine
2927 4681 2981 4728 et
3043 4673 3216 4728 amice
3266 4672 3461 4740 ﬁdelis,
3482 4674 3662 4727 evenit

2082 4762 2203 4818 rei?
2254 4763 2364 4819 Cur
2412 4770 2618 4818 mutata
2665 4763 2830 4818 facies
2865 4772 2955 4817 tua
2985 4762 3353 4816 inﬂammatur
3396 4773 3456 4817 ut
3485 4760 3663 4831 ignis?

2082 4854 2274 4910 Nonne
2304 4856 2375 4911 ita
2428 4853 2653 4926 prardixi
2683 4855 2800 4921 tibi,
2838 4854 2981 4925 quod
3026 4855 3073 4909 si
3103 4852 3232 4924 quid
3274 4861 3562 4907 assecutus
3592 4851 3663 4905 sit

2078 4956 2259 5002 mente
2292 4956 2483 5018 captus
2517 4947 2871 5017 insessusque
2906 4962 2936 5001 a
2957 4947 3223 5012 daemone,
3254 4945 3307 5000 id
3333 4948 3385 4998 in
3416 4943 3655 4998 medium

2078 5036 2354 5108 proferat?
2405 5037 2563 5093 Nunc
2611 5037 2799 5109 igitur,
2832 5036 3116 5093 carissime
3186 5036 3240 5090 in
3290 5035 3569 5096 Domino,
3612 5032 3658 5086 si

2078 5129 2379 5201 cujuspiam
2411 5130 2652 5198 illorum,
2694 5145 2814 5201 quae
2843 5129 2958 5201 ipse
2983 5128 3197 5185 locutus
3225 5137 3341 5197 est,
3403 5127 3659 5183 conscius

2074 5327 2309 5403 colorem
2344 5330 2544 5386 habent
2580 5330 2931 5403 QuIOpbouia:
2986 5331 3183 5387 resinae
3230 5343 3326 5383 seu
3359 5326 3518 5403 picis,
3577 5327 3658 5403 cit

2072 5398 2340 5478 thartedis
2372 5409 2536 5485 nptaz.
2579 5401 2695 5483 Dixi
2718 5398 2906 5485 autem
2934 5408 3297 5485 commnutatas
3327 5399 3564 5481 vocales,
3589 5399 3656 5452 ad

2072 5470 2249 5536 ipsum
2281 5471 2425 5538 quod
2482 5474 2729 5542 arguitur
2758 5472 2977 5533 vitium,
3013 5481 3068 5525 et
3096 5470 3228 5525 ficos
3274 5481 3373 5524 seu
3398 5470 3657 5524 mariscas

2074 5537 2208 5611 illud
2247 5552 2648 5611 consequentes
2668 5541 3107 5610 exprimendum,
3149 5541 3347 5595 scienti
3370 5537 3519 5610 quod
3544 5538 3658 5592 κῶο

2073 5607 2163 5672 λος
2191 5615 2381 5680 podex,
2409 5607 2595 5678 (ῥόνιος
2621 5607 2853 5680 ίειΙιίΙεν,
2895 5612 3139 5665 mortalis
3180 5612 3272 5665 sit.

2141 5681 2259 5802 (79g
2413 5681 2586 5737 Vatic.
2625 5684 2837 5752 μήποτε
2896 5680 3121 5745 δικαίως
3166 5698 3227 5733 σε
3259 5679 3335 5751 τῷ
3361 5679 3491 5750 θείῳ
3512 5679 3651 5749 χρή-

2141 5767 2197 5802 τε
2265 5752 2459 5802 ειλατω
2490 5753 2599 5802 τινὶ
2612 5756 2767 5802 ποινῆ
2788 5751 3080 5802 ἐξέλκουσα
3106 5753 3170 5802 τῆ
3204 5753 3269 5802 aii
3300 5751 3529 5802 νεότητα
3556 5749 3650 5802 καὶ

2069 5766 2197 5825 σητε
2231 5749 2459 5825 θεῑλάτῳ
2490 5753 2599 5825 τινὶ
2612 5749 3080 5823 ποινῇὲξέλκουσα
3106 5753 3171 5823 τῇ
3204 5753 3269 5825 σῇ
3300 5749 3529 5824 νεότητα
3556 5749 3650 5803 καὶ

2067 5820 2217 5877 ἔ“ι“δΞν
2233 5824 2331 5894 μὲν
2353 5824 2733 5894 παριστῆρσιν.
