4100 6212
448 373 557 436 ϐῗιθ

1507 372 1549 430 Ν
1564 369 1935 429 ΙΟΕΡΗΟΒΙ
1972 364 2458 428 PRESBYTERI
2497 365 2609 425 CP.

3588 364 3707 426 τ(ιο

453 488 549 539 tibi
615 485 691 539 sis
725 524 739 549 ,
802 484 956 548 vade,
1009 494 1063 538 et
1121 484 1185 537 ad
1220 484 1426 551 frugem
1456 481 1569 535 redi
1595 480 1894 543 meliorem,
1923 492 2019 531 nec

2126 477 2153 528 6
2179 478 2446 541 Σατανᾶς,
2470 474 2722 544 ἀγαπητέ
2744 491 2867 543 μου,
2898 472 3132 543 χαλεπός
3155 474 3301 526 ἐστιν
3326 474 3419 527 καὶ
3454 473 3699 529 ἀποπλα-

451 579 516 632 ad
558 594 626 631 ea
667 592 787 647 quae
842 594 970 631 vere
1005 578 1095 632 tibi
1136 576 1348 645 objecta
1388 584 1535 639 sunt,
1594 573 1893 637 erubesco;
1926 570 2015 639 ju-

452 669 602 722 venis
637 670 836 739 quippe
882 684 965 729 es.
1001 667 1238 721 molliter
1268 667 1555 729 educatus,
1595 663 1845 717 diabolus
1895 676 2026 715 con-

451 772 532 813 tra
565 760 812 824 infestus,
870 775 970 813 nos
1000 758 1433 812 circumveniens
1468 757 1533 808 ad
1567 752 1901 823 peccandum
1938 754 2025 805 ιιι-ι

451 852 619 915 ducit,
670 868 776 905 non
818 852 977 908 aliain
1006 850 1075 903 ob
1126 864 1368 913 causam,
1416 863 1577 916 quam
1620 854 1680 899 ut
1736 860 1800 897 est
1836 854 2017 897 nostra

2121 570 2187 637 νᾷ
2216 570 2362 637 ἡμᾶς
2394 568 2657 636 πράττειν
2690 564 2790 635 τὴν
2814 564 3110 634 ἁμαρτίαν,
3140 565 3206 617 διὛ
3237 565 3343 617 οὐδ’
3370 565 3560 633 ἕτερον
3588 609 3603 631 ,
3646 569 3707 620 εἰ

2133 658 2210 728 μὴ
2252 657 2339 710 ἵνα
2378 658 2640 726 κέκτηται
2682 656 2829 723 ἡμᾶς
2870 656 2950 717 είς
2998 654 3354 724 παραμυθίαν
3387 654 3602 717 ἐαυτοῦ,
3640 658 3699 708 ἐν

2129 748 2287 818 φλογὶ
2324 748 2550 815 γεέννης
2589 745 3059 815 κατακαιομένους
3091 744 3261 814 αὑτῷ.
3294 742 3482 799 Ταῦτα
3527 744 3695 797 ἀκού-

2129 857 2228 903 σας
2259 841 2463 901 ἐκεῖνος
2486 837 2857 906 ἀνεχώρησεν.

450 942 709 1014 gehennae
740 946 956 1015 ignibus
987 944 1343 1000 ustulatorum
1377 942 1635 996 societate
1666 938 2101 1017 qualemqu'alem
2142 936 2255 1005 ipse
2315 932 2742 988 consolationem
2796 932 3162 988 nanciscatur.
3215 930 3423 998 Quibus
3470 930 3704 1000 auditis,

453 1041 583 1093 abiit
612 1042 917 1095 eunuchus.

524 1132 612 1185 59.
652 1129 1000 1186 Venerandus
1027 1141 1206 1185 autem
1234 1130 1451 1199 juvenis
1468 1129 1803 1199 Epiphanius
1837 1127 2036 1182 alleva-

454 1234 567 1275 tum
630 1224 900 1279 Andream
956 1224 1009 1278 in
1066 1224 1319 1279 conclave
1370 1237 1529 1277 suum
1567 1220 1905 1281 introduxit,
1937 1218 2028 1271 ubi

451 1317 772 1369 instructam
840 1316 1172 1385 reperientes
1254 1329 1531 1378 mensam,
1612 1312 2026 1373 discubuerunt,

455 1416 506 1455 e:
568 1403 868 1458 Salvatoris
914 1406 1087 1459 nostri
1160 1404 1474 1459 liberalibus
1554 1400 1714 1456 donis
1774 1397 2025 1454 delectati

454 1504 622 1548 sunt:
667 1512 897 1565 quorum
937 1497 1025 1549 ubi
1054 1511 1148 1550 esu
1181 1494 1482 1549 refecerant
1526 1494 1690 1551 vires.
1739 1491 1825 1545 his
1861 1490 2024 1545 dictis

447 1586 759 1654 aggreditur
788 1587 844 1641 Β.
895 1587 1165 1640 Andream
1226 1585 1560 1654 Epiphanius
1600 1582 2028 1647 :Quamobrem,

454 1676 675 1729 domino
705 1686 757 1729 rt
788 1678 1087 1729 amicorum
1146 1676 1401 1737 maxime,
1434 1684 1540 1727 tam
1578 1671 1801 1727 acribus
1851 1673 2031 1725 inces-

458 1766 575 1821 sisti
630 1766 789 1819 dictis
839 1766 1159 1819 Eunuchum
1227 1765 1379 1818 illum
1426 1761 1560 1817 utihi
1594 1758 2021 1815 intimum?Cui

455 1855 693 1912 Sanctus
727 1874 739 1910 :
775 1856 869 1911 Vel
916 1857 1054 1921 ideo,
1117 1856 1313 1925 inquit,
1358 1854 1501 1923 quod
1560 1854 1779 1908 intimus
1807 1850 1905 1905 tibi
1950 1859 2032 1905 est

2194 1114 2290 1171 v0'.
2329 1116 2388 1170 '0
2417 1116 2473 1169 δὲ
2502 1117 2681 1186 τίμιος
2718 1116 3029 1186 Ἐπιφάνιος
3061 1116 3337 1187 διεγείρας
3368 1116 3459 1171 τὸν
3484 1118 3694 1181 Ὀσιον,

2128 1206 2506 1278 ἐπορεύθησαν
2552 1211 2609 1263 ἐν
2654 1209 2734 1279 τῷ
2782 1208 3000 1263 κοιτῶνι
3051 1209 3259 1274 αὑτοῦ,
3308 1210 3399 1263 καὶ
3447 1210 3697 1279 εὑρόντες

2128 1294 2427 1365 τράπεζαν,
2444 1293 2799 1355 καθεσθέντες
2822 1293 3319 1364 εὑφράνθησανιέπὶ
3338 1298 3455 1357 ταῖς
3469 1297 3697 1367 δωρεαῖς

2126 1384 2219 1436 τοῦ
2265 1384 2517 1452 Σωτῆρος
2540 1398 2553 1413 ο
2593 1383 2686 1436 καὶ
2723 1381 2864 1451 μετὰ
2910 1382 2970 1435 τὸ
3000 1382 3326 1452 μεταλαϐεῖν
3358 1383 3577 1447 αὑτοὺς,
3613 1384 3699 1438 λέ-

2126 1491 2215 1542 γει
2257 1473 2578 1540 Ἐπιφάνιος
2608 1471 2747 1542 πρὸς
2798 1472 2891 1525 τὸν
2952 1473 3239 1542 Μακάριον
3265 1486 3278 1500 ⁸
3311 1473 3431 1527 Τίνι
3486 1476 3697 1546 τρόπῳ,

2127 1565 2254 1635 κύρι
2287 1566 2314 1618 ὁ
2359 1566 2557 1632 μέγας,
2584 1563 2757 1621 οὕτως
2785 1565 3080 1633 ἀποτόμοις
3103 1565 3319 1651 ἐχρησω
3346 1566 3595 1635 ἐλεγμοῖς
3622 1568 3699 1637 τῷ

2128 1657 2422 1728 προσφιλεϊ
2462 1674 2551 1726 μοι
2605 1656 3036 1727 χρηματίζοντι;
3086 1659 3229 1727 Ἔφη
3279 1660 3416 1728 πρὸς
3458 1659 3619 1713 αὑτὸν
3671 1662 3699 1711 6

2128 1749 2416 1819 Μακάριος
2442 1764 2458 1779 ·
2501 1747 2719 1818 Ἐπειδὴ
2761 1747 3067 1817 προσφιλής
3102 1765 3186 1800 σοι
3237 1749 3575 1817 καθέστηκεν
3605 1750 3699 1803 καὶ

2130 1842 2435 1910 ἀγαπητὸς,
2496 1838 2687 1893 τούτου
2721 1838 2880 1910 χάριν
2930 1840 3161 1909 ἐποίησα
3209 1840 3344 1911 πρὸς
3396 1840 3561 1895 αὑτὸν
3606 1842 3701 1894 τὸν

451 1962 516 1999 ac
559 1945 851 2015 plurimum
899 1946 1147 2011 dilectus,
1201 1946 1403 2001 scelera
1464 1945 1563 2014 ipsi
1590 1960 1683 1999 sua
1721 1944 1790 1998 ob
1837 1941 2019 1997 oculos

2124 1930 2423 1999 κατάλογον
2446 1947 2459 1961 °
2495 1930 2617 1984 ἐπεὶ
2646 1931 2746 1983 οὑκ
2775 1926 2841 2000 ἦν
2869 1930 3021 2000 φίλος
3056 1948 3181 1996 σου,
3211 1931 3270 1983 τὸ
3302 1931 3509 1985 οίονοῦν
3545 1935 3699 2003 ῥῆμα

449 2051 648 2104 ponere
681 2036 857 2089 visum
892 2046 1019 2090 est:
1056 2034 1201 2105 quod
1230 2034 1276 2089 si
1325 2036 1507 2090 minus
1536 2033 1628 2088 tibi
1681 2032 2026 2087 fuissetami-

446 2145 569 2194 eas,
601 2127 907 2182 istiusmodi
943 2142 1046 2182 vox
1102 2128 1247 2182 nulla
1296 2142 1521 2197 prorsus
1584 2126 1771 2181 elicita
1816 2141 1881 2179 ex
1932 2140 2026 2180 ore

448 2233 567 2272 meo
600 2218 791 2272 luisset
814 2258 827 2283 ,
862 2234 1035 2287 neque
1068 2218 1212 2272 enim
1240 2218 1389 2271 illum
1416 2216 1549 2271 mihi
1607 2215 1868 2285 proposui
1906 2229 2025 2270 sco--

445 2326 597 2381 pum,
658 2320 717 2364 ut
774 2327 997 2379 arguam
1053 2319 1105 2365 et
1150 2311 1406 2379 castigem
1440 2318 1789 2377 peccatores,
1834 2306 1927 2363 sed
1966 2316 2025 2362 ut

446 2401 561 2468 ipse
609 2417 670 2455 ea
709 2440 724 2467 ,
774 2417 895 2468 qua:
925 2411 1068 2455 recta
1096 2402 1161 2456 ad
1193 2398 1581 2471 perfectionem
1619 2399 1789 2464 ducit,
1829 2399 2026 2453 decur-

444 2509 557 2546 raen
609 2494 715 2547 via.
775 2491 915 2546 Tum
947 2492 1281 2562 Epiphanius
1316 2512 1329 2548 :
1364 2493 1419 2547 1d
1444 2492 1705 2562 equidem
1738 2492 1890 2555 novi,
1946 2490 2025 2544 fa-

444 2586 589 2640 tnule
631 2585 747 2653 Dei,
808 2587 903 2640 ait.
945 2584 1139 2640 Verum
1178 2585 1265 2640 hic
1316 2585 1657 2649 adolescens,
1702 2599 1891 2639 servus
1916 2591 2019 2649 est,

441 2678 763 2748 cogiturque
813 2693 843 2731 a
897 2678 1118 2732 domino
1172 2678 1473 2747 suo:quid
1527 2678 1733 2731 faciat?
1792 2675 2024 2745 liopouit

443 2769 679 2823 Sanctus
723 2788 736 2823 :
769 2767 877 2823 Nec
908 2785 994 2824 me
1026 2772 1177 2833 latet,
1219 2785 1435 2824 servum
1492 2786 1615 2825 esse
1642 2771 1791 2824 illum
1830 2810 1842 2832 ,
1878 2785 1943 2824 ne
1968 2769 2021 2824 id

446 2869 647 2928 putes:
695 2876 878 2914 verum
932 2876 1124 2917 servus
1176 2860 1321 2931 frugi
1374 2862 1440 2916 ad
1487 2862 1755 2931 obsequia
1779 2877 2023 2931 ususque

444 2951 785 3006 uecessaxios
823 2960 1030 3005 tantum
1086 2960 1278 3019 prmsto
1325 2966 1444 3007 esse
1473 2953 1629 3006 debet
1652 2952 1874 3005 domino
1897 2967 2023 3017 suo,

444 3042 537 3109 qui
570 3058 626 3097 se
653 3042 782 3097 emit
814 3085 828 3109 ,
864 3059 972 3097 nou
1029 3043 1212 3099 itidem
1244 3044 1309 3097 ad
1333 3059 1495 3113 opera
1543 3044 1808 3098 diabolica
1850 3052 1901 3096 et
1929 3058 2023 3097 ne-

421 3132 870 3202 ,quitias,nedutn
908 3133 973 3188 ad
1002 3135 1429 3189 abominandum
1478 3144 1639 3205 atque
1664 3135 2020 3202 exsecrabile,

443 3240 477 3294 q
521 3225 588 3277 od
650 3224 781 3289 dixi,
838 3224 1122 3295 ﬂagitium.
1172 3227 1305 3293 Quis
1330 3227 1474 3281 enim
1506 3228 1667 3280 homo
1710 3244 1813 3281 non
1848 3237 2017 3294 putet,

2125 2021 2186 2086 ἐξ
2214 2022 2349 2090 ἐμοῦ
2378 2023 2478 2075 οὑκ
2508 2023 2736 2094 ἠκηκόει
2767 2022 2828 2075 τὸ
2853 2022 3072 2076 σύνολον
3100 2039 3114 2055 ο
3142 2022 3327 2093 οὐγὰρ
3350 2024 3469 2092 ἐμοὶ
3500 2027 3699 2087 σκοπὸς

2124 2112 2264 2166 ὥστε
2300 2114 2539 2183 ἐλέγχειν
2583 2116 2675 2167 καὶ
2702 2117 2963 2186 ἐπιτιμᾷν
3006 2117 3118 2176 τοῖς
3151 2114 3521 2185 ἁμαρτωλοῖς.
3552 2116 3699 2188 -ἁλλᾲ

2124 2202 2341 2272 τρέχειν
2402 2220 2468 2273 με
2525 2203 2623 2274 τὴν
2676 2202 2892 2257 εὑθείαν
2941 2204 3060 2256 ὁδὸν
3104 2203 3204 2272 τὴν
3241 2204 3334 2255 ἐπὶ
3382 2203 3449 2255 τὰ
3492 2203 3698 2272 ἀμείνω

2124 2294 2465 2363 ἀπάγουσαν.
2536 2295 2857 2364 Ἐπιφάνιος
2926 2290 3115 2349 εἶπεν*
3171 2291 3328 2360 Οἶδα,
3389 2293 3544 2348 δοῦλε
3600 2295 3694 2347 τοῦ

2124 2387 2280 2454 Θεοῦ,
2326 2388 2503 2457 κάγὼ,
2538 2388 2653 2442 ἀλλ’
2682 2384 2835 2452 οὗτος
2873 2391 2901 2443 6
2931 2390 3144 2452 νεανίας
3176 2390 3395 2458 οἰκέτης
3412 2389 3579 2452 ἐστὶν,
3605 2390 3697 2442 καὶ

2127 2479 2449 2549 βιαζόμενος
2480 2480 2586 2533 ὑπὸ
2614 2480 2709 2534 τοῦ
2740 2482 2930 2551 κυρίου
2963 2480 3126 2534 αὑτοῦ
3156 2495 3173 2509 ⁶
3203 2481 3254 2534 τί
3275 2480 3392 2545 ἐξει
3426 2482 3691 2551 ﬁatﬁat;

2124 2572 2291 2640 Λέγει
2323 2574 2351 2626 6
2380 2574 2566 2637 Ὀσιος
2600 2590 2614 2605 υ
2656 2569 2786 2627 Οἶδα
2815 2575 2895 2627 ὄτι
2933 2574 3149 2643 οἰκέτης
3186 2574 3443 2644 ὑπάρχει,
3467 2574 3566 2627 οὑκ
3599 2574 3696 2640 ἀγ-

2126 2663 2230 2715 νοῶ
2255 2664 2431 2727 τοῦτο,
2470 2663 2611 2735 πλὴν
2658 2665 2739 2727 εἰς
2767 2663 2867 2727 τὰς
2909 2666 3229 2733 σωματικὰς
3273 2665 3461 2735 χρείας
3488 2663 3693 2733 ὀφείλει

2126 2754 2483 2825 ἐξυπηρετεῖν
2512 2756 2539 2807 6
2570 2755 2787 2826 οἰκέτης
2819 2754 2912 2809 τὸν
2940 2754 3296 2826 ὀνησάμενον,
3344 2756 3463 2825 οὑχὶ
3513 2758 3592 2817 είς
3626 2755 3691 2808 τὰ

2076 2854 2080 2857 ’
2126 2846 2265 2916 ἔργα
2298 2847 2390 2899 τοῦ
2418 2848 2690 2913 διαϐόλου,
2718 2849 2812 2901 καὶ
2841 2851 2920 2912 είς
2942 2848 3041 2911 τὰς
3069 2849 3291 2919 πράξεις
3320 2850 3419 2917 τῆς
3446 2849 3693 2916 ἀτιμίας.

2126 2940 2365 3010 μάλιστα
2400 2941 2480 3002 είς
2518 2939 2583 2993 τδ
2623 2940 3029 3013 ἐπικατάρατον
3067 2940 3224 2995 τοῦτο
3290 2944 3385 2994 καὶ
3434 2939 3689 3010 βδελυρὸν

2123 3032 2405 3101 ἀτόπημα,
2453 3029 2589 3100 ὅπερ
2636 3030 2757 3083 οὑδὲ
2828 3031 2898 3084 τὰ
2949 3032 3252 3103 ἀναίσθητα
3305 3033 3481 3103 κτήνη
3535 3030 3689 3084 τοῦτο

2122 3123 2382 3191 πράττειν
2424 3122 2524 3175 οὑκ
2554 3124 2759 3177 ἴσασιν.
2791 3123 3113 3195 Ἀνθρωπος
3152 3123 3260 3195 γὰρ
3299 3124 3380 3189 τίς
3422 3124 3589 3185 ἐστιν,
3630 3122 3687 3184 ὃς

2122 3215 2223 3266 οὑκ
2252 3214 2505 3283 αἴσθηται
2567 3213 2669 3282 τῆς
2749 3215 2955 3286 κόπρου
3030 3214 3236 3285 ταύτης
3286 3216 3382 3284 τὴν
3433 3213 3691 3268 δυσωδίαν

444 3316 666 3371 sceleris
695 3318 838 3373 illius
862 3318 1157 3373 foeditatem
1191 3320 1292 3373 sibi
1313 3318 1669 3373 aversandam
1698 3333 1842 3381 esse,
1869 3317 2013 3387 quod

2121 3306 2582 3374 ἀποδιδράσκειν;
2645 3304 2963 3374 Ἐπιφάνιος
3004 3306 3194 3374 λέγει·
3245 3307 3368 3361 Ἐὰν
3413 3308 3441 3359 6
3499 3308 3688 3377 κύριος

447 3408 563 3477 ipsa
596 3408 865 3479 jumenta,
894 3410 1104 3465 ratione
1128 3411 1410 3476 destituta,
1443 3425 1721 3478 nunquam
1780 3409 2013 3462 admisc—

448 3502 596 3555 riut?
624 3502 857 3557 Rursum
886 3503 1224 3573 Epiphanius
1256 3518 1269 3557 :
1298 3502 1357 3558 Si
1387 3503 1640 3559 dominus
1677 3503 1853 3572 ipsum
1877 3518 2013 3557 suus

440 3594 507 3648 ad
543 3608 630 3647 sse
650 3594 895 3660 jusserit,
910 3595 1025 3649 sive
1040 3593 1105 3648 ad
1119 3594 1434 3665 obsequium
1456 3594 1735 3664 corporale
1760 3592 1873 3647 sive
1891 3607 2019 3661 pec-

444 3684 806 3749 caminosum,
839 3701 928 3738 seu
950 3685 1233 3753 spirituale
1254 3685 1616 3755 praestandum
1655 3701 1670 3739 :
1709 3700 1807 3739 nec
1838 3692 2017 3738 tamen

446 3770 525 3823 illi
552 3786 758 3824 merent
784 3773 1037 3841 gesserit,
1061 3780 1121 3831 ut
1147 3787 1363 3827 servum
1393 3773 1565 3836 decet,
1599 3772 1851 3842 ignorare
1909 3787 2015 3825 non

443 3864 619 3930 potes,
678 3872 810 3931 quot
848 3865 1045 3919 misero
1074 3865 1150 3919 illi
1190 3872 1448 3921 maneant
1490 3864 1825 3935 perferendae
1872 3862 2017 3933 inju-

441 3952 570 4018 rize,
631 3954 847 4009 intenta:
901 3957 1078 4022 minae,
1142 3956 1465 4012 sustinenda
1506 3956 1754 4021 verbera,
1790 3955 1896 4009 alia
1934 3955 2015 4008 in-

445 4058 675 4097 numera
724 4045 1027 4101 subeunda.
1080 4045 1192 4101 lloc
1245 4048 1489 4117 quidem,
1521 4048 1698 4116 inquit
1746 4045 2012 4111 Sanctus,

449 4132 767 4200 martyrium
816 4142 897 4187 est
941 4133 1086 4203 quod
1146 4133 1469 4189 testiﬁcatur
1522 4133 1771 4190 Christus
1818 4130 2014 4199 Iesus,

442 4220 635 4276 dicens
663 4240 676 4275 :
712 4241 729 4274 ι
774 4220 948 4289 Beati,
975 4223 1067 4293 qui
1128 4225 1560 4293 persecutionem
1594 4224 1871 4293 patiuntur
1892 4237 2019 4293 pro-

441 4323 561 4381 pter
606 4314 901 4383 justitiam,
935 4314 1196 4385 quoniam
1246 4316 1489 4386 ipsorqu
1521 4326 1605 4370 est
1654 4328 1879 4384 regnum
1907 4327 2019 4368 caa-

437 4404 614 4459 lorum
654 4407 695 4458 ⁸.
738 4424 756 4459 ι
787 4406 841 4460 Si
875 4408 968 4477 qui
1021 4409 1206 4477 itaque
1250 4408 1392 4463 servi
1454 4407 1695 4461 dominis
1752 4406 1890 4469 suis,
1949 4404 2016 4459 ad

436 4495 618 4551 scelus
652 4499 1016 4553 abominabile
1042 4498 1389 4554 Sodomiticaz
1429 4497 1787 4554 immanitatis
1819 4496 2023 4552 sollici-

2119 3398 2282 3450 αὑτοῦ
2335 3397 2776 3467 προσκαλέσηται
2819 3398 3003 3464 αὑτὸν,
3050 3398 3105 3452 εἴ
3147 3416 3205 3451 τε
3258 3400 3338 3461 είς
3371 3399 3690 3469 σωματικὴν

2118 3484 2386 3549 δουλείαν,
2418 3485 2473 3537 εἴ
2504 3501 2563 3537 τε
2610 3486 2689 3549 είς
2727 3486 3066 3557 ἐφάμαρτον,
3103 3488 3213 3540 είτε
3262 3488 3343 3551 είς
3396 3505 3692 3557 πνευματι-

2121 3576 2243 3648 κὴν,
2273 3576 2367 3630 ἐὰν
2397 3576 2474 3648 μὴ
2496 3576 2778 3649 ὑπακούσῃ
2802 3578 2876 3641 ὼς
2904 3578 3107 3643 δοῦλος,
3142 3577 3357 3642 πάντως
3379 3574 3523 3641 οἶδας
3550 3580 3691 3632 πόσα

2123 3668 2345 3736 πάσχει,
2371 3663 2749 3737 ὑϐριζόμενος,
2775 3667 3130 3736 τυπτόμενος,
3158 3667 3575 3738 ἀπειλούμενος,
3596 3669 3697 3720 καὶ⁵

2117 3758 2185 3811 τὰ
2220 3757 2386 3810 λοιπὰ
2419 3757 2566 3811 κακὰ
2632 3757 3005 3829 ἐκδεχόμενος.
3046 3759 3192 3827 Ἔφη
3222 3760 3252 3811 6
3283 3760 3468 3823 Ὄσιος
3494 3773 3509 3788 ⁶
3548 3760 3688 3812 Τοῦ-

2116 3849 2177 3900 τό
2205 3850 2354 3902 ἐστιν
2396 3846 2576 3919 Ἰησοῦ
2604 3849 2840 3919 Χριστοῦ
2878 3848 2941 3901 τὸ
2981 3848 3299 3920 μαρτύριον,
3334 3852 3470 3923 ὅπερ
3515 3852 3687 3904 αίνιτ-

2113 3940 2336 4011 τόμενος
2381 3940 2568 4009 ἐλεγεν
2608 3957 2622 3971 ·
2664 3960 2681 3992 ι
2717 3940 2997 4011 Μακάριοι
3020 3942 3069 3993 οί
3092 3940 3441 4011 δεδιωγμένοι
3498 3943 3688 3996 ἕνεκεν

2115 4032 2516 4103 δικαιοσούνης,
2537 4033 2620 4086 ὅτι
2654 4032 2834 4086 αὑτῶν
2869 4033 3017 4085 ἐστιν
3043 4033 3077 4103 ἡ
3117 4032 3367 4101 βασιλεία
3389 4033 3498 4086 τῶν
3526 4036 3692 4105 ούρα-

2117 4125 2276 4179 νῶν.»
2321 4125 2448 4179 Ἐὰν
2468 4110 2646 4178 τοίνυν
2665 4124 2871 4178 οἰκέται
2898 4126 3013 4188 τοῖς
3043 4125 3327 4190 δεσπόταις
3346 4128 3426 4191 είς
3453 4127 3551 4196 τὴν
3581 4128 3691 4180 τῶν

2118 4218 2369 4288 Σοδόμων
2427 4217 2679 4288 μυσαρὰν
2726 4217 2856 4273 ,καὶ
2909 4218 3205 4288 βδελυκτὴν
3259 4220 3695 4289 ἐπιθυμίανοὺχ

2117 4310 2544 4374 ὑποκύπτουσιν,
2571 4305 2717 4365 οὗτοί
2771 4312 2907 4364 είσιν
2941 4312 3203 4382 μακάριοι
3238 4314 3332 4365 καὶ
3378 4313 3692 4383 τρισμακά-

2120 4421 2249 4475 pact,
2275 4404 2357 4456 ὅτι
2385 4402 2473 4455 διὰ
2500 4403 2609 4455 τῶν
2644 4401 2897 4472 βασάνων
2936 4398 3009 4458 ὧν
3045 4404 3247 4474 λέγεις,
3290 4404 3384 4458 σὺν
3413 4406 3523 4466 τοῖς
3550 4403 3695 4474 μάρα-

2118 4510 2241 4547 τυσι
2272 4490 2721 4562 λογισθήσονται.

437 4588 696 4653 tantilms,
730 4606 834 4644 nou
868 4593 1227 4647 suceuznbant
1258 4632 1273 4657 ,
1312 4592 1346 4646 ii
1382 4606 1508 4648 vere
1551 4592 1693 4648 beati
1716 4599 1772 4648 et
1802 4590 2104 4647 beatissimi
2132 4596 2278 4657 sunt,
2308 4588 2435 4660 quia
2456 4603 2554 4659 per
2606 4590 2870 4661 supplicia
2895 4605 3057 4661 ,quzn
3090 4589 3438 4647 memorabas
3500 4586 3691 4644 modo.

438 4682 491 4738 id
548 4696 977 4755 consequentur,
1045 4696 1105 4743 ut
1137 4688 1341 4745 sanctis
1391 4689 1720 4760 martyribus
1753 4690 2194 4745 adnumerentur.

508 4775 599 4829 60.
639 4775 774 4830 Dum
817 4779 1018 4837 talibus
1069 4782 1209 4837 inter
1233 4800 1292 4840 se
1322 4784 1607 4855 colloquiis
1638 4794 1855 4848 vacant,
1884 4783 2010 4853 qui-

2191 4781 2255 4847 ξ’.
2286 4779 2475 4835 Ταῦτα
2500 4780 2681 4835 αὐτῶν
2701 4779 3033 4852 ὁμιλούντων
3058 4775 3137 4844 εἷς
3164 4780 3272 4833 τῶν
3295 4774 3518 4830 οἰκετῶν
3542 4770 3697 4824 Ἐπι-

438 4868 565 4922 dam
614 4882 645 4923 e
708 4868 1025 4929 domesticis
1072 4872 1381 4945 Epiphanii,
1429 4885 1668 4946 paternae
1712 4891 1911 4930 mensa:
1940 4875 2017 4928 ei-

440 4956 640 5028 liisque
699 4961 955 5030 parandis
1028 4962 1354 5030 inserviens,
1409 4965 1497 5018 ubi
1535 4963 1844 5032 suspicatus
1879 4959 2016 5015 San—

438 5062 585 5107 ctum
618 5052 844 5124 ejusque
868 5055 987 5127 (sed
1020 5058 1294 5128 quomodo
1317 5099 1332 5125 ,
1377 5059 1529 5115 solus
1584 5058 1730 5113 Deus
1774 5054 2013 5126 noverit)

440 5153 728 5200 assecutus
753 5155 835 5200 est
868 5147 1065 5203 mentis
1086 5148 1258 5204 oculis
1316 5149 1527 5203 vivendi
1556 5149 1818 5203 rationem
1848 5186 1861 5211 ,
1886 5158 2014 5217 pro-

438 5232 570 5286 cidit
626 5234 694 5289 ad
744 5235 905 5303 pedes
930 5235 1097 5304 illius,
1136 5237 1324 5293 multis
1353 5253 1476 5292 cum
1522 5238 1775 5307 lacrymis
1805 5236 2013 5306 suppli-

437 5340 590 5390 cans,
624 5341 721 5394 pro
770 5342 829 5381 se
860 5336 917 5381 ιιι
948 5327 1307 5384 intercederet
1345 5330 1488 5395 apud
1528 5330 1721 5399 Deum,
1754 5331 2011 5400 impetra-

438 5429 633 5487 retque
666 5428 723 5473 ut
753 5418 855 5474 sibi
893 5435 1110 5490 quoque
1128 5420 1440 5477 istiusmodi
1475 5420 1780 5477 institutum
1816 5421 2013 5478 sectari

438 5505 650 5564 liceret.
678 5510 911 5568 Sanctus
938 5520 1143 5579 autem,
1173 5513 1301 5583 quid
1332 5514 1471 5569 alter
1514 5514 1847 5585 supplicibus
1870 5513 2013 5568 obti-

440 5613 571 5654 nere
623 5604 879 5669 precibus
922 5604 1183 5661 niteretur
1262 5619 1628 5677 cognoscens,
1684 5607 2014 5679 cupiensque

520 5784 541 5817 ³
570 5782 757 5839 Matth.
799 5804 850 5855 v,
892 5789 974 5844 l0.

2118 4872 2307 4941 φανίου
2333 4911 2348 4938 ,
2385 4873 2415 4925 6
2455 4873 2833 4942 ἀφωρισμένος
2878 4874 2957 4935 είς
2989 4873 3050 4926 τὸ
3088 4870 3317 4942 ὀψώνιον
3350 4866 3443 4920 τοῦ
3484 4862 3694 4933 πατρὸς

2120 4961 2310 5026 αὑτοῦ,
2360 4958 2777 5035 [πνευματικοῖς
2826 4955 3095 5029 ὄμμασιν]
3144 4954 3400 5025 ἐπιγνοὺς
3446 4951 3544 5023 τὴν
3592 4950 3690 5003 τοῦ

2132 5055 2316 5108 Ὀσίου
2347 5055 2614 5125 ἐργασίαν
2642 5053 2780 5124 (πῶς
2814 5052 2871 5104 δέ
2902 5052 3077 5105 ταῦτα
3118 5051 3335 5116 ἐπέγνω
3384 5046 3502 5114 Θεῷ
3543 5043 3692 5115 μόνῳ

2120 5146 2381 5216 γνωστόν)
2427 5145 2656 5207 καθίσας
2686 5143 2792 5215 πρὸ
2844 5143 2952 5197 τῶν
3001 5142 3178 5197 ποδῶν
3214 5139 3401 5201 αὑτοῦ,
3454 5136 3689 5204 δάκρυσι

2120 5239 2441 5292 καθικέτευε
2467 5236 2559 5291 τὸν
2590 5236 2800 5302 Ὀσιον,
2839 5236 2989 5297 ὅπως
3021 5230 3383 5304 παρακαλέσῃ
3431 5226 3521 5279 τὸν
3552 5225 3691 5278 Θεὸν

2120 5330 2260 5401 ὑπὲρ
2295 5328 2463 5383 αὑτοῦ
2494 5328 2585 5382 τοῦ
2619 5328 2872 5396 γενέσθαι
2906 5326 3069 5380 αὑτὸν
3118 5322 3369 5393 τοιαύτης
3398 5318 3688 5391 ἐργασίας.

2124 5425 2307 5491 Ἔγνω
2335 5421 2392 5475 δὲ
2420 5421 2497 5501 τῷ
2534 5420 2803 5492 πνεύματι
2847 5422 2876 5473 6
2920 5419 3138 5481 Δίκαιος
3179 5414 3233 5469 τί
3275 5418 3426 5469 ἐστιν
3472 5412 3611 5501 ὅπερ

2121 5515 2250 5575 παῖς
2294 5496 2608 5583 ἐξελιτὲάρει
2659 5509 3008 5582 κομίσασθαι,
3050 5507 3145 5561 καὶ
3196 5496 3530 5575 βουλόμενος
3563 5497 3691 5552 κατθ

2124 5606 2263 5661 ίδίαν
2294 5604 2550 5677 ὁμιλῆσαι
2586 5603 2733 5676 αὑτῷ
2761 5644 2777 5672 ,
2822 5605 2889 5675 τῇ
2929 5601 3154 5671 δυνάμει
3186 5596 3282 5652 τοῦ
3322 5594 3477 5665 ἁγίου
3516 5589 3685 5647 [huic
