4100 6212
364 399 466 465 701

1536 406 1716 467 VITA
1756 406 1817 465 S.
1855 397 2187 465 ANDREZE
2224 401 2419 464 SALI.

3510 398 3621 464 702

366 525 543 577 ματος
580 508 949 578 μετᾶστρεψεν
974 510 1069 563 καὶ
1099 511 1198 582 τὴν
1221 513 1440 583 ὁμιλίαν
1487 513 1581 567 τοῦ
1627 512 1815 577 παιδὸς
1858 514 1937 576 εις

2056 510 2273 565 teorsim
2307 526 2431 565 cum
2463 510 2580 565 solo
2611 510 2867 581 colloqui,
2902 510 3130 565 mutavit
3173 511 3348 566 saneti
3391 512 3626 581 Spiritus

361 600 463 671 τὴν
490 600 598 653 τῶν
621 601 898 654 διάλεκτον
927 600 1040 672 (80)
1065 640 1080 664 ,
1136 603 1230 655 καὶ
1276 604 1634 674 καθεζόμενος
1663 606 1693 657 6
1732 605 1939 669 'Ooto;,

362 690 557 759 ὡμίλει
582 689 730 759 αύτῷ
756 691 979 761 Συριστὶ
1008 694 1111 746 ὅσα
1136 693 1407 747 ἐϐούλετο.
1460 693 1518 747 Ὀ
1550 694 1609 748 δὲ
1657 696 1787 755 παῖς
1830 694 1945 748 ἐλε-

364 799 481 850 γεν,
531 782 656 836 Ἐἀν
686 784 785 836 οὐκ
812 784 1231 854 ὴδυνόμην,ούκ
1254 786 1319 838 ἂν
1350 786 1695 857 παρεκάλουν
1727 803 1810 839 σοι
1830 804 1941 840 τοι-

366 870 522 935 οῦτος
546 872 801 940 γενέσθαι
837 875 1022 937 ὁποῖος
1059 870 1142 938 εἷς
1172 876 1268 929 καὶ
1316 876 1496 940 αὐτός.
1545 876 1604 931 '0
1651 877 1709 930 δὲ
1754 878 1943 941 Ὀσιος

368 963 518 1031 λέγει
544 962 681 1033 πρὸς
719 962 884 1016 αὐτόν
906 980 924 996 ο
952 963 1027 1017 Οὐ
1052 964 1280 1019 δύνασαι
1302 967 1602 1038 ὑποφέρειν
1625 970 1752 1032 τοὺς
1790 970 1945 1040 ίδρῶ-

366 1071 465 1118 τας
504 1054 601 1106 καὶ
646 1053 716 1107 τά
748 1055 1051 1125 σκάμματα
1105 1056 1205 1126 τῆς
1242 1057 1442 1129 ἀρετῆς
1483 1059 1711 1131 ταύτης,
1754 1060 1944 1132 ἐπειδὴ

370 1145 565 1217 βιαστή
591 1146 740 1199 ἐστιν
772 1145 967 1215 ήὸδδς,
1005 1147 1100 1200 κα)⁵
1132 1148 1361 1219 ἀπείρου
1392 1153 1555 1203 πόνου
1586 1152 1679 1205 καὶ
1704 1151 1905 1221 μόχθου
1926 1167 1941 1182 ·

371 1238 501 1308 μένε
530 1232 625 1290 οὖν
659 1237 862 1307 μᾶλλον
888 1238 1029 1292 καθὰ
1058 1235 1109 1293 εἴ
1137 1242 1195 1294 ἐν
1212 1241 1466 1313 εὐσεϐείᾳ
1496 1243 1588 1295 καὶ
1622 1243 1940 1312 σεμνότητι,

368 1326 753 1396 διδασκόμενὶς
800 1327 906 1380 ὑπὸ
958 1328 1053 1381 τοῦ
1111 1329 1303 1399 κυρίου
1361 1347 1454 1382 σου
1502 1329 1825 1399 Ἐπιφανίου
1876 1331 1945 1385 τὰ

370 1418 659 1488 κρείττονά
686 1435 768 1472 σοι
795 1420 890 1473 καὶ
924 1422 1199 1491 σωτηρίας
1248 1422 1507 1492 ἐχόμενα,
1543 1421 1759 1491 φεύγων
1807 1439 1945 1493 πορ-

371 1510 541 1577 νείαν,
574 1513 963 1583 μνησικακίαν,
987 1514 1084 1567 καὶ
1122 1513 1230 1568 τῶν
1262 1514 1467 1567 λοιπῶν
1496 1514 1685 1568 παθῶν
1714 1515 1807 1567 τδν
1849 1531 1948 1567 κα·-

371 1607 603 1675 τάλογον
635 1622 649 1637 ·
679 1606 775 1659 καὶ
808 1606 860 1659 τί
890 1623 972 1659 σοι
1002 1607 1163 1678 χρεία
1192 1607 1460 1677 ἀνάγκαις
1484 1608 1765 1670 τοιαύταις
1787 1624 1950 1660 σεαυ-

370 1698 462 1752 τὸν
486 1699 884 1753 καθυποϐαλείν
923 1716 939 1766 ;
987 1699 1045 1753 '0
1074 1699 1130 1753 δὲ
1163 1702 1294 1764 παῖς
1339 1696 1492 1754 εἶπεν
1523 1700 1705 1771 αὐτῷ’
1744 1702 1805 1754 Et
1849 1698 1948 1755 οὖν

375 1790 673 1862 βούλειτῆς
705 1790 847 1861 ἐμῆς
886 1790 1251 1862 ἐλεεινότητος
1282 1792 1612 1857 ὑπακοῦσαι,
1658 1792 1809 1857 λέξαι
1857 1811 1947 1863 μοι

2043 603 2245 656 virtute
2304 604 2648 657 vernaculam
2704 603 2845 658 servi
2900 602 3136 674 linguam
3202 603 3255 655 in
3306 601 3625 673 Syriacam;

2042 692 2367 763 locutusque
2398 693 2619 763 Syriaco
2653 708 2776 748 cum
2809 694 2901 748 illo
2937 700 3040 755 est,
3074 707 3411 762 qmrcunquc
3442 693 3623 748 vellet.

2044 781 2179 837 Cum
2226 798 2355 838 vero
2416 785 2688 840 Andream
2747 784 3117 854 compellans,
3172 783 3407 837 famulus
3436 798 3545 837 non
3570 799 3628 839 se

2043 877 2276 944 precari,
2308 876 2537 939 diceret,
2563 888 2619 931 ιιι
2652 878 2704 931 in
2730 878 3047 933 societatem
3098 878 3218 930 vitae
3248 876 3393 931 illius
3427 876 3628 930 admit-

2048 977 2277 1031 teretur,
2342 969 2388 1023 si
2440 984 2597 1039 pares
2656 969 2759 1023 sibi
2818 968 2963 1023 vires
3006 982 3112 1021 non
3158 976 3378 1033 essent;
3414 968 3631 1037 negavit

2042 1058 2308 1123 Andreas,
2333 1072 2493 1127 posse
2534 1059 2710 1128 ipsum
2768 1058 2999 1113 sudores
3025 1058 3383 1126 laboresque,
3419 1062 3485 1111 ait
3520 1068 3628 1111 tam

2050 1150 2283 1205 sublime
2336 1151 2556 1206 virtutis
2598 1150 2813 1204 culmen
2886 1150 3217 1205 enitentibus
3279 1150 3630 1214 subeundos,

2047 1256 2310 1311 superare
2348 1262 2359 1295 :
2394 1242 2652 1312 quoniam
2721 1242 2828 1307 via,
2888 1242 3187 1311 inquiebat,
3248 1250 3517 1311 praerupta
3576 1251 3632 1294 et

2046 1335 2291 1401 accliiis,
2322 1335 2597 1390 laboriosa
2618 1343 2671 1389 et
2707 1334 2943 1389 dillieilis
2976 1334 3269 1389 admodum
3314 1345 3417 1388 est.
3450 1334 3633 1399 Quare

2051 1437 2244 1480 auctor
2288 1426 2383 1480 tibi
2444 1442 2587 1491 sum,
2644 1435 2699 1481 ut
2752 1426 2805 1480 in
2832 1426 3084 1496 prmsenti
3115 1436 3259 1481 statu
3313 1434 3635 1481 consmnter

2046 1518 2233 1587 pietati
2288 1520 2651 1590 religionique
2704 1533 2924 1588 operam
2980 1520 3102 1583 des,
3131 1528 3183 1572 et
3216 1534 3243 1571 a
3284 1517 3513 1573 Domino
3537 1527 3633 1573 tuo

2048 1608 2351 1679 Epiphanio
2403 1610 2691 1681 diligenter
2750 1609 2948 1674 discas,
2976 1625 3096 1679 qua:
3130 1609 3195 1663 ad
3254 1609 3509 1663 virtutem
3540 1625 3632 1665 sa-

2048 1700 2329 1770 lutemque
2377 1710 2526 1755 tuam
2561 1700 2796 1756 maxime
2841 1703 3191 1756 conducunt:
3223 1700 3633 1755 fornicationem

2052 1793 2199 1862 fuge,
2232 1793 2555 1863 iniuriarum
2586 1792 2927 1857 obliviscere,
2986 1793 3123 1847 alias
3149 1791 3463 1846 allectiones
3512 1792 3637 1844 uni-

374 1882 458 1935 ὅτι
491 1881 551 1934 οὐ
586 1881 811 1934 δύνασαι
834 1880 993 1935 τοῦτο
1047 1882 1290 1953 ποιῆσαι.
1338 1882 1522 1936 Ταῦτα
1565 1883 1621 1937 δὲ
1654 1883 1897 1947 ἀκούσας
1926 1885 1953 1936 6

2058 1901 2246 1940 versas
2295 1894 2578 1955 tempera:
2611 1898 2730 1953 qua:
2783 1883 2926 1938 enim
2968 1882 3168 1936 talibus
3206 1891 3257 1936 te
3312 1880 3635 1950 subjiciendi

376 1973 564 2034 Ὀσιος
599 1970 893 2043 ἡσύχαζεν.

2060 1978 2353 2033 necessitas
2387 1985 2540 2046 urget
2571 1976 2593 2029 ?
2622 1974 2703 2028 Ad
2736 1974 2851 2029 bazc
2886 1972 3124 2029 famulus
3149 1990 3165 2033 :
3195 1973 3253 2027 Si
3296 1972 3399 2038 vis,
3431 1971 3628 2040 inquit,

371 2064 693 2120 miserrimae
740 2079 874 2120 mea:
931 2064 1122 2122 vilitati
1174 2065 1428 2137 obsequi,
1503 2065 1610 2133 die,
1661 2066 1802 2135 quod
1859 2080 1967 2121 non
2009 2076 2163 2134 potes
2224 2066 2275 2120 id
2322 2066 2571 2121 etl‘eclum
2613 2066 2767 2122 dare.
2820 2062 3031 2131 Quibus
3118 2063 3315 2118 auditis
3398 2062 3631 2117 obticuit

370 2156 637 2213 Andreas.

454 2249 553 2314 ξω.
585 2249 645 2303 '0
666 2247 725 2301 δὲ
752 2248 1065 2317 Ἐπιφάνιος
1087 2248 1297 2319 βλέπων
1312 2250 1412 2319 τὴν
1434 2249 1637 2319 ἀθρόαν
1664 2251 1967 2322 μεταϐολὴν

2126 2258 2215 2313 6i.
2271 2258 2479 2313 Interea
2536 2271 2665 2313 vero
2718 2254 3078 2327 Epiphanius,
3161 2253 3639 2311 animadverteris.

350 2390 353 2395 λ
380 2340 479 2410 τῆς
506 2338 754 2409 γλώττης
779 2339 872 2393 τοῦ
905 2340 1114 2404 παιδὸς,
1145 2341 1227 2393 ὃτι
1257 2338 1294 2393 ἃ
1325 2339 1400 2410 μὴ
1436 2342 1755 2411 μεμάθηκεν
1784 2344 1953 2412 άπεφ‹

2056 2347 2232 2402 subita
2259 2348 2454 2416 lingua:
2477 2346 2781 2402 mutatione
2826 2345 3089 2400 famulum
3122 2359 3306 2411 suum,
3342 2359 3463 2412 qua:
3495 2360 3637 2397 nim-

382 2433 712 2500 θέγγετο,ἐν
740 2434 805 2503 τῇ
836 2432 1037 2503 καρδίᾳ
1083 2431 1250 2486 αὐτοῦ
1296 2431 1467 2486 ταῦτα
1511 2431 1803 2485 συνέϐαλεν
1862 2436 1958 2487 καὶ

381 2522 533 2590 λέγει
562 2540 576 2555 ο
612 2522 783 2575 Βειὸαλ⁷
815 2523 908 2575 τοῦ
950 2523 1254 2592 θαύματος,
1287 2522 1431 2576 πόσα
1472 2523 1522 2575 ol
1559 2522 1957 2590 Ἀγιοιδύναν-

377 2614 504 2667 ταιί
560 2612 699 2667 ’0δέ
734 2613 1021 2685 Μακάριος
1062 2614 1261 2685 ἐδεήθη
1302 2614 1396 2668 τοῦ
1434 2615 1640 2684 Κυρίου
1681 2616 1810 2685 περὶ
1853 2613 1949 2668 τοῦ

383 2704 575 2767 παιδὸς
602 2744 618 2768 ,
660 2704 822 2775 χάριν
863 2705 965 2775 τῆς
1010 2704 1219 2759 ἐκείνου
1271 2707 1565 2777 αἰτήσεως,
1617 2707 1671 2761 τί
1714 2708 1822 2778 ἀρα
1869 2708 1951 2762 δεῖ

380 2794 640 2864 γενέσθαι
658 2810 671 2824 ·
707 2796 801 2852 καὶ
828 2792 991 2871 ἦλθεν
1016 2798 1169 2871 φωνὴ
1192 2798 1339 2870 αὐτῷ
1368 2798 1632 2870 λέγουσαο
1660 2799 1771 2856 Ούκ
1800 2798 1951 2857 ἐστιν

380 2886 541 2942 τοῦτο
589 2890 888 2960 συμφέρον,
934 2892 1115 2957 ἄπαγε
1165 2891 1261 2946 τοῦ
1311 2892 1750 2963 ἐγχειρήματοςο
1782 2894 1956 2961 δεῖξον

383 2979 533 3051 αὐτῷ
579 2983 814 3053 πρᾶγμα
848 2984 1028 3038 ὁποῖόν
1063 2985 1233 3050 ἐστιν,
1274 2984 1348 3055 μὴ
1401 2984 1477 3046 ώς
1528 2986 1791 3040 ἀδυνάτου
1837 3003 1956 3051 σου,

380 3071 606 3127 τοιαῦτα
633 3074 1111 3145 καταψηφίσηται.
1155 3074 1214 3129 '0
1244 3071 1337 3130 οὖν
1366 3077 1651 3149 Μακάριος
1679 3077 1848 3150 ἔφησε
1876 3078 1956 3149 τῷ

2059 2452 2225 2508 quam
2277 2439 2567 2503 didicerat,
2632 2439 2685 2492 in
2742 2438 2981 2491 medium
3008 2436 3282 2506 proloqui,
3338 2434 3640 2503 impensius

2056 2546 2170 2587 rem
2231 2544 2415 2584 animo
2442 2529 2723 2599 perpendit
2748 2528 3177 2597 exclamavitque
3210 2544 3223 2580 :
3250 2526 3435 2595 Papa'l
3467 2540 3643 2589 quau-

2062 2636 2173 2681 tum
2228 2622 2590 2677 miraculum!
2624 2622 2753 2692 quid
2817 2620 3001 2676 Sancti
3028 2635 3135 2675 non
3160 2618 3429 2674 ellieiant!
3478 2612 3640 2670 Beato

2058 2726 2238 2770 autem
2265 2715 2477 2770 Andrea
2541 2713 2829 2769 Dominum
2861 2714 3114 2784 precibus
3148 2727 3243 2782 pro
3280 2711 3509 2774 famulo,
3544 2711 3637 2779 qui

2057 2823 2149 2863 eas
2177 2808 2335 2863 enixe
2358 2807 2645 2877 ﬂagitarat,
2671 2806 3063 2876 interrogante,
3082 2804 3208 2875 quid
3226 2803 3438 2857 tandem
3460 2804 3525 2869 de
3548 2802 3639 2856 illo

2057 2902 2303 2956 futurum
2370 2909 2533 2963 esset,
2607 2899 2815 2967 allapsa
2869 2914 2973 2952 vox
3032 2907 3135 2962 est,
3201 2896 3272 2949 ita
3328 2894 3636 2964 inquiens:

2058 2992 2384 3061 Neutiquam
2440 2991 2569 3045 illud
2607 2990 2843 3060 expedit,
2863 3003 3050 3059 apage,
3077 3004 3199 3044 eum
3241 2987 3416 3043 istlioc
3441 2986 3632 3041 consi-

2058 3084 2131 3138 lio
2160 3103 2172 3139 :
2206 3084 2432 3139 ostende
2474 3083 2577 3153 ipsi
2631 3091 2831 3149 quanta
2861 3097 2947 3136 res
2994 3081 3098 3145 sit,
3132 3080 3367 3149 impares
3419 3078 3467 3133 ei
3497 3067 3661 3132 vires

398 3166 645 3235 ΪΑγγέλῳ
697 3164 775 3236 τῷ
822 3168 1126 3234 ἐφεστῶτιο
1178 3168 1394 3237 Πλῆσον
1446 3169 1506 3222 τὸ
1549 3170 1807 3240 ποτήριον
1856 3171 1950 3241 τῆς

2057 3191 2180 3232 esse
2226 3177 2294 3230 ad
2355 3174 2478 3230 talia
2539 3173 2985 3244 aggrediendmn.
3036 3173 3281 3227 Andreas
3349 3172 3512 3241 igitur
3565 3168 3642 3222 ait

387 3256 682 3327 θυμηδίας,
714 3256 807 3325 ἀφ’
832 3252 899 3328 ἧς
927 3258 961 3328 η
1002 3260 1163 3329 χάρις
1197 3257 1291 3313 τοῦ
1335 3259 1455 3313 κατ’
1486 3261 1585 3331 ἐμὲ
1620 3262 1957 3332 χαρίσματος

383 3346 711 3418 ἐπήνθησεν.
754 3347 1041 3418 Ἐποίησέν
1079 3366 1137 3403 τε
1181 3351 1209 3404 6
1258 3350 1523 3419 Ἀγγελος
1574 3352 1779 3422 Κυρίου
1808 3367 1822 3382 ’
1861 3351 1958 3405 καὶ

384 3438 533 3508 λέγει
572 3439 708 3509 πρὸς
741 3439 902 3492 αὑτὸν
930 3442 959 3492 6
1000 3442 1285 3511 Μακάριος
1316 3459 1331 3475 ο
1383 3446 1597 3507 Ποτιεῖς
1631 3446 1837 3499 ἐκεῖνον
1863 3444 1955 3498 τὸν

382 3529 607 3583 ἐπὶτῶν
630 3531 808 3585 ποδῶν
843 3549 946 3601 μου
972 3533 1301 3603 καθήμενον.
1343 3536 1403 3591 '0
1449 3538 1507 3592 δὲ
1542 3537 1747 3601 εὐθέως
1790 3539 1958 3609 ἀορά-

381 3637 486 3684 τως
512 3623 764 3677 ἐπότισεν
791 3623 975 3689 αὑτὸν,
1007 3625 1102 3678 καὶ
1128 3628 1328 3698 ἧρξατο
1360 3628 1389 3681 6
1420 3631 1553 3692 παῖς
1598 3631 1957 3702 παραπλήσια

388 3714 641 3783 σχήματα
665 3716 926 3784 πράττειν
952 3718 1166 3772 ἐοικότα
1192 3719 1265 3789 τῷ
1296 3719 1542 3791 θεοφόρῳ
1573 3724 1763 3791 πατρὶ,
1807 3725 1955 3786 ὅστις

384 3807 526 3879 δρῶν
551 3808 716 3863 αὑτὸν
740 3809 951 3879 ἐμειδία
981 3810 1431 3881 εὐφραινόμενος.
1466 3811 1523 3865 '0
1542 3812 1598 3866 δὲ
1640 3813 1957 3882 Ἐπιφάνιος

386 3904 529 3975 δρῶν
557 3902 617 3956 τὸ
646 3904 866 3972 γεγονὸς
891 3904 1188 3975 ἐταράχθη,
1210 3904 1468 3973 φοόηθεῖς
1494 3907 1569 3976 μή
1602 3922 1732 3959 ποτε
1760 3909 1960 3962 ἐπανα-

388 3996 585 4067 δράμῃ
619 3997 769 4051 πᾶσα
806 3996 1178 4067 ἀγανάκτησις
1225 3997 1322 4051 τοῦ
1375 3999 1583 4068 πατρὸς
1621 3997 1810 4063 αὑτοῦ,
1864 4000 1960 4054 καὶ

388 4089 541 4158 λέγει
574 4089 711 4160 πρὸς
736 4089 828 4143 τὸν
857 4090 1143 4161 Μακάριον
1171 4105 1187 4122 ·
1231 4088 1438 4159 Δέομαί
1488 4106 1606 4155 σου,
1657 4090 1812 4144 δοῦλε
1862 4090 1957 4145 τοῦ

384 4178 544 4244 Θεοῦ,
583 4178 659 4248 μὴ
681 4178 915 4250 ποιήσῃς
936 4186 1097 4233 τοῦτο
1122 4178 1184 4233 τὸ
1230 4179 1467 4249 πρᾶγμα
1509 4180 1605 4232 ἐπὶ
1648 4178 1724 4250 τῷ
1772 4178 1957 4251 οἰκέτῃ

386 4272 482 4325 τοῦ
513 4271 723 4341 πατρός
752 4289 882 4341 μου,
914 4272 989 4343 μή
1019 4288 1151 4325 ποτε
1179 4272 1274 4325 καὶ
1302 4272 1465 4336 αὐτὸς
1514 4271 1956 4343 ἐξουδενωθείσῃ,

390 4363 482 4414 καὶ
515 4362 545 4414 6
573 4361 704 4425 Θεὸς
735 4362 855 4416 ἀντὶ
881 4360 1088 4430 ἀγαθοῦ
1120 4360 1673 4433 βλασφημηθήσεται,
1720 4367 1817 4416 καὶ
1856 4360 1959 4432 ἐμὲ

2064 3270 2271 3339 Augelo
2307 3268 2543 3323 adstanti
2567 3266 2672 3323 sibi
2706 3285 2720 3321 :
2756 3264 2924 3334 Imple
2953 3265 3177 3319 calicem
3204 3265 3360 3332 ,bunc
3418 3262 3640 3331 liquidae

2068 3361 2361 3429 voluptatis
2409 3374 2579 3425 mero,
2638 3358 2795 3427 cujus
2844 3357 2972 3409 olim
3020 3364 3180 3425 gustu
3214 3354 3412 3408 divinae
3452 3352 3641 3423 gratia:

2061 3454 2221 3508 donis
2270 3452 2576 3508 cumulatus
2626 3464 2769 3505 sum.
2838 3447 3163 3517 Parentique
3224 3461 3349 3500 mox
3399 3444 3635 3513 angelo:

2062 3550 2134 3603 Da
2173 3584 2189 3611 ,
2262 3544 2460 3614 inquit,
2512 3542 2589 3597 illi
2623 3542 2690 3597 ad
2726 3541 2890 3611 pedes
2947 3554 3096 3594 meos
3133 3544 3407 3608 prostrato
3445 3547 3643 3605 potau-

2057 3639 2209 3692 dum.
2262 3633 2416 3701 Quod
2478 3634 2677 3688 factum
2730 3632 3005 3687 continuo
3039 3638 3126 3685 est
3155 3629 3315 3684 modo
3343 3629 3638 3698 invisibili;

2058 3730 2329 3798 coepitque
2358 3727 2593 3781 famulus
2630 3726 2838 3780 similes
2881 3726 3039 3793 plane
3103 3733 3290 3794 gestus
3333 3724 3642 3791 exprimere

2058 3821 2251 3875 deil‘eri
2304 3820 2472 3889 patris
2513 3818 2762 3882 Andreas,
2804 3820 2897 3888 qui
2944 3818 3095 3872 illum
3152 3816 3495 3886 conspiciens
3532 3831 3641 3871 non

2058 3925 2119 3966 se
2168 3909 2490 3978 temperavit
2544 3924 2576 3962 a
2606 3908 2742 3963 risu.
2806 3908 2877 3962 At
2916 3909 3258 3977 Epiphanius
3291 3909 3365 3963 rei
3400 3910 3641 3963 novitate

2060 4001 2331 4064 turbatus,
2366 4000 2703 4069 veritusque,
2759 4013 2827 4054 ne
2852 3998 2991 4067 patri
3025 3997 3150 4052 hinc
3183 4012 3286 4053 suo
3328 4014 3641 4054 commove-

2062 4101 2214 4147 retur
2237 4091 2382 4156 bilis,
2436 4089 2633 4145 talibus
2658 4089 2923 4145 Sanctum
2971 4087 3224 4158 precibus
3260 4088 3489 4144 adorsus
3514 4098 3597 4146 est
3622 4105 3639 4143 :

2057 4185 2267 4240 Amabo
2338 4192 2412 4247 te,
2456 4181 2659 4238 famulo
2712 4182 2830 4248 Dei,
2878 4195 2949 4235 nc
2998 4180 3092 4235 tali
3127 4181 3291 4235 modo
3319 4180 3490 4248 patris
3534 4181 3639 4235 mei

2062 4275 2329 4330 famulum
2365 4273 2504 4330 allici
2544 4272 2808 4344 patiaris;
2842 4288 2911 4327 ne
2933 4270 3074 4327 forte
3104 4279 3158 4325 et
3178 4280 3232 4324 tu
3281 4271 3396 4340 ipse
3435 4271 3639 4325 malum

2062 4366 2158 4422 tibi
2206 4379 2477 4430 accersas,
2506 4373 2562 4419 et
2612 4364 2754 4420 Deus
2783 4378 2880 4433 pro
2904 4362 3064 4417 bonis
3093 4360 3461 4430 blasphemiae
3492 4360 3639 4417 reci-

395 4453 768 4523 μεμισημένον
796 4453 891 4507 καὶ
924 4453 1198 4523 ἐπάρατον
1214 4452 1393 4524 δείξῃς
1416 4454 1496 4525 τῷ
1521 4456 1827 4526 γεννήτορι,
1862 4454 1953 4509 καὶ

2059 4460 2194 4531 piat,
2242 4467 2298 4514 et
2329 4473 2417 4514 me
2438 4456 2578 4527 patri
2612 4470 2736 4511 meo
2760 4454 3011 4511 odiosum
3039 4461 3201 4523 atque
3241 4452 3638 4510 exsecrandum

388 4543 484 4613 οὐχ
515 4544 624 4608 ἐξω
654 4544 747 4597 τοῦ
782 4522 1045 4598 ἐντεῦθεν
1079 4522 1477 4613 εἰσαγαγέσθαι
1647 4522 1953 4617 Παρακαλῶ

2063 4522 2281 4615 reddas,
2316 4522 2490 4619 neque
2520 4548 2728 4604 audebo
2766 4547 3024 4617 deinceps
3058 4522 3251 4602 te'huc
3275 4545 3639 4601 introducere.

389 4624 480 4681 οῦν
532 4629 627 4681 κα)⁵
670 4629 860 4699 δέομαι
918 4631 992 4702 μὴ
1046 4630 1209 4702 κενὴν
1253 4631 1586 4704 ἀποπέμψῃς
1628 4633 1729 4705 τὴν
1777 4633 1965 4706 δέησίν

391 4736 517 4788 μου.
555 4720 802 4792 μέμνησο
837 4722 969 4792 μιᾶς
1004 4722 1219 4793 ἡμέρας
1263 4724 1487 4794 ἀγάπην
1527 4724 1660 4795 ἐμοῦ
1692 4726 1789 4780 τοῦ
1816 4726 1966 4780 οἰκέ-

386 4826 478 4863 του
510 4827 629 4865 σου.

460 4902 557 4971 ξβ¹.
591 4901 651 4956 '0
676 4902 734 4956 δὲ
758 4903 1045 4975 Μακάριος
1071 4904 1145 4976 μὴ
1170 4904 1336 4959 θέλων
1356 4904 1447 4959 τὸν
1476 4904 1790 4975 Ἐπιφάνιον
1814 4908 1971 4961 κενὸν

2065 4640 2176 4697 Oro
2225 4640 2390 4710 igitur
2435 4649 2596 4711 atque
2641 4640 2891 4704 obsecro,
2924 4643 2983 4692 ut
3033 4637 3224 4693 irritas
3260 4652 3327 4693 ne
3356 4636 3490 4693 velis
3520 4652 3641 4693 esse

2063 4746 2255 4805 preces
2280 4748 2448 4796 meas,
2471 4747 2681 4788 memor
2714 4731 2915 4786 amoris
2941 4738 2997 4784 et
3046 4728 3291 4786 beneﬁcii
3315 4745 3347 4785 a
3378 4744 3464 4785 me
3487 4742 3643 4786 servo

2062 4836 2154 4881 tuo
2182 4824 2276 4879 tibi
2303 4825 2599 4895 aliquando
2620 4823 2869 4894 praestiti.

2136 4915 2223 4971 62.
2249 4915 2498 4972 Andreas
2538 4917 2701 4973 hasce
2750 4932 2941 4987 preces
3001 4917 3059 4972 in
3086 4924 3308 4972 ventum
3340 4914 3489 4969 abire
3524 4927 3634 4967 non

388 4994 737 5081 ἀποπέμψαι,
768 4997 1080 5065 ὑπήκουσεν
1105 4996 1270 5052 αὐτοῦ
1293 4997 1394 5068 τῆς
1418 4998 1680 5067 δεήσεως,
1709 4998 1803 5051 καὶ
1835 5014 1953 5069 προ

2057 5010 2262 5075 ferens,
2316 5007 2620 5080 Epiphanio
2653 5024 2858 5065 morem
2907 5010 3074 5081 gessit
3124 5009 3488 5080 praecepitque
3520 5020 3645 5059 ruri-

392 5079 614 5145 σέταξεν
642 5081 805 5136 πάλιν
834 5082 913 5154 τῷ
940 5084 1157 5158 ἀγγέλῳ
1212 5087 1307 5141 τοῦ
1354 5085 1486 5159 ἆραι
1538 5088 1634 5142 ἀπ’
1690 5086 1858 5141 αὐτοῦ
1902 5088 1964 5142 τὺ

390 5173 662 5243 καταχθὲν
687 5174 838 5245 αὑτῷ
870 5174 1100 5247 δώρημα
1119 5194 1135 5209 ·
1167 5180 1259 5233 καὶ
1286 5178 1448 5232 πάλιν
1472 5174 1636 5249 ἦλθεν
1666 5179 1694 5231 6
1723 5181 1853 5243 παῖς
1881 5180 1964 5243 εἰς

386 5264 484 5335 τὴν
514 5267 788 5338 προτέραν
815 5272 1167 5333 κατάστασιν,
1212 5270 1394 5335 καθὼς
1439 5269 1629 5341 πρώην
1669 5271 1967 5342 ἐχρημάτι-

387 5356 499 5419 ζεν.
567 5361 659 5414 Ἐν
715 5360 860 5432 λύπῃ
917 5363 976 5417 δὲ
1031 5364 1266 5436 μεγίστῃ
1314 5365 1602 5433 γενόμενος
1654 5368 1682 5419 6
1721 5366 1961 5435 οἰκέτης,

389 5452 696 5520 παρεκάλει
722 5455 815 5507 τὸν
847 5451 1036 5509 Ὀσιὸν
1070 5455 1294 5525 δοθῆναι
1331 5456 1479 5526 αὑτῷ
1507 5457 1670 5512 πάλιν
1699 5457 1761 5510 τὸ
1791 5458 1964 5528 δῶρον

387 5542 587 5599 ἐκεῖνο.
632 5544 694 5599 ’0
720 5546 777 5599 δὲ
801 5548 939 5618 πρὸς
972 5549 1135 5604 αὐτὸν
1161 5549 1544 5619 ἀπεφθέγξατο
1572 5565 1587 5581 ⁸
1642 5549 1961 5620 Λελάληκάς

459 5687 570 5768 (80)
599 5686 791 5745 Mirum
830 5692 972 5761 quod
1000 5708 1108 5748 non
1144 5693 1323 5768 potius
1360 5692 1420 5768 in
1477 5692 1811 5768 Scythicam,
1838 5713 1959 5768 qua:

389 5753 591 5835 Sancto
641 5753 889 5835 materna
939 5773 1077 5817 erat.
1110 5753 1244 5835 Sed
1279 5774 1331 5820 et
1388 5753 1665 5835 Syriacam
1701 5753 1958 5825 didicisse

390 5827 571 5899 aliqua
639 5831 925 5891 occasione
970 5834 1164 5907 potuit,
1197 5843 1253 5893 ut
1281 5846 1395 5895 erat
1430 5827 1693 5909 perquam
1718 5835 1909 5897 docilis
1939 5856 1955 5895 :

2068 5113 2190 5154 sum
2235 5101 2450 5171 angelo,
2481 5108 2539 5157 ut
2573 5100 2718 5171 quod
2767 5100 2971 5156 famulo
3029 5100 3250 5157 allatum
3273 5107 3393 5155 erat
3417 5098 3642 5159 donum,

2066 5194 2316 5259 protinus
2345 5192 2558 5248 tolleret
2588 5209 2604 5247 :
2632 5200 2685 5247 et
2716 5180 3001 5248 restitutus
3038 5200 3123 5249 est
3165 5193 3215 5248 ei
3247 5191 3506 5261 pristinus
3528 5187 3643 5242 oris

2068 5283 2425 5353 corporisque
2475 5284 2716 5340 babitus.
2746 5285 3109 5351 Quamobrem
3139 5298 3244 5339 non
3282 5282 3384 5336 levi
3410 5294 3643 5334 maerore

2068 5373 2314 5441 allectus,
2366 5374 2433 5430 ad
2489 5391 2675 5445 preces
2722 5377 2921 5432 iterum
2974 5376 3236 5443 confugit,
3266 5371 3641 5439 Sanctumque

2066 5465 2302 5520 ablatum
2351 5466 2551 5521 donum
2595 5470 2918 5538 repoposcit.
2975 5467 3075 5521 Cui
3133 5464 3409 5519 Sanctus:
3446 5463 3641 5518 Dixisti

2068 5557 2227 5612 modo
2283 5556 2440 5622 mihi,
2473 5572 2579 5614 non
2611 5573 2770 5630 posse
2798 5575 2882 5615 me
2914 5572 3030 5613 rem
3082 5565 3285 5612 tantam
3310 5556 3365 5611 in
3398 5565 3451 5612 te
3474 5556 3638 5626 perli—

2066 5712 2120 5757 et
2165 5718 2287 5757 mox
2338 5702 2539 5758 dicitur
2600 5702 2744 5757 dono
2775 5699 3079 5769 linguarum
3116 5696 3393 5769 prmditus,
3445 5705 3505 5752 ut
3537 5710 3638 5751 sua

2066 5788 2339 5845 quemque
2364 5774 2545 5842 lingua
2574 5772 2775 5841 alloqui
2812 5778 3018 5840 posset.
