4100 6212
476 321 583 383 703

1539 333 1956 397 NICEPHORI
1999 338 2479 402 PRESBYTERI
2520 344 2627 405 ΟΡ.

3625 356 3730 419 704

476 447 602 486 cere
637 449 652 486 :
684 449 824 489 nunc
883 436 1045 506 igitur
1074 438 1213 506 vide,
1262 457 1367 510 quo
1404 458 1501 512 pro
1540 446 1691 501 libitu
1734 464 1854 503 meo
1877 450 1929 503 in
1959 466 2057 504 no-

2164 466 2278 517 μοι,
2310 452 2370 505 οὐ
2402 452 2663 505 δύνασθαί
2703 469 2772 520 με
2820 452 3058 509 τοιοῦτον
3088 455 3457 522 ἐπιδείξασθαι
3511 461 3569 513 ἐν
3600 464 3681 515 σοί
3719 481 3731 494 ·

478 527 624 577 mine
678 526 891 581 Domini
944 530 1149 599 majora
1202 534 1450 590 etiamin
1495 548 1544 593 te
1574 543 1817 606 possim:
1866 560 2051 599 verum

480 616 651 671 herus
684 627 810 674 tuus
836 620 1166 691 Epiphanius
1197 641 1358 693 porro
1383 630 1721 696 perlicicnda=
1742 636 1815 687 rei
1844 634 2052 689 obierm

473 707 823 778 interposuit,
857 714 1011 769 nefas
1042 716 1187 770 enim
1224 719 1419 773 ducunt
1453 723 1590 777 sacri
1626 740 1886 791 canones,
1925 742 2054 781 con-

474 811 557 855 tra
583 801 785 858 domini
829 807 903 860 tui
936 809 1264 867 voluntatem
1326 816 1621 885 quidquam
1672 822 2054 888 agere.Ca2te-

473 909 594 946 rum
642 897 780 950 alius
817 915 847 953 e
890 900 1220 958 famulorum
1264 909 1438 971 turba,
1487 910 1552 964 ab
1584 912 1870 980 Epipltanii
1904 924 2055 983 patre

480 987 547 1039 ad
603 988 653 1041 id
705 991 928 1058 rnisSus,
993 995 1135 1051 hunc
1164 999 1228 1051 ad
1262 1001 1620 1057 ministerium
1651 1022 1810 1059 suum
1834 1008 2050 1064 accivit.

480 1077 709 1148 Jamque
758 1084 843 1137 die
872 1084 925 1137 in
977 1097 1190 1142 noctem
1226 1103 1497 1161 vergente,
1529 1099 1791 1165 compulit
1824 1099 2056 1168 Epipha-

474 1171 601 1224 nius
663 1171 955 1242 Andream,
1018 1192 1335 1248 pernoctare
1396 1201 1621 1240 secum:
1654 1199 1708 1243 et
1761 1190 1848 1249 hic
1903 1209 2053 1248 com-

424 1335 438 1349 ‘
473 1262 693 1330 pellenti
752 1284 956 1323 morem
1010 1275 1207 1341 rges~it.
1263 1279 1402 1332 Ecce
1456 1290 1634 1334 autem
1688 1285 1789 1338 sub
1838 1288 2050 1340 tertiam

476 1356 656 1410 noctis
711 1359 945 1428 vigiliam
999 1364 1187 1421 famuli
1237 1385 1449 1434 omnes.
1505 1376 1740 1432 servitiis
1780 1379 1894 1433 suis
1922 1396 2055 1449 pra?-

479 1448 621 1501 stitis
683 1452 851 1506 otium
896 1458 1073 1521 nacti,
1131 1461 1195 1513 ad
1249 1461 1646 1532 Epiplmnittln,
1701 1472 1794 1539 qui
1842 1448 2054 1530 cunctis

477 1536 532 1590 in
576 1556 763 1597 arnore
821 1560 885 1600 ac
934 1552 1283 1608 veneratione
1338 1569 1472 1620 erat,
1532 1574 1597 1612 ex
1653 1577 1803 1615 more
1851 1578 2053 1619 conve-

478 1629 678 1696 niunt,
722 1643 1037 1710 stantesque
1089 1644 1399 1715 conjunctis
1462 1653 1716 1710 manibus
1772 1659 2055 1715 considere

468 1734 608 1788 Jussr
641 1737 788 1780 sunt.

544 1911 632 1965 63.
656 1913 1082 1975 Considentibus
1123 1920 1306 1991 itaque
1336 1924 1439 1980 illis
1472 1936 1523 1982 et
1567 1929 1929 2001 Epipltanium
1964 1954 2055 1994 co-

475 2013 610 2054 rona
638 2003 999 2073 cingentibus,
1042 2012 1177 2065 vidit
1232 2015 1477 2074 Andreas
1519 2026 1818 2091 perspicaci
1858 2028 2057 2083 mentis

474 2096 658 2159 oculo,
717 2099 845 2167 quid
893 2102 1128 2172 quisque
1182 2121 1438 2176 Operatus
1486 2125 1651 2177 esset,
1680 2133 1814 2187 quos
1844 2135 2057 2179 errores

479 2188 743 2244 delictavc
809 2196 1499 2272 eommisisset:cumque
1583 2211 1835 2267 omnibus
1917 2223 2058 2269 recte

475 2280 788 2336 comultum
814 2285 993 2350 vellet,
1026 2289 1250 2344 exordio
1280 2292 1494 2349 dicendi
1532 2297 1674 2353 facto
1694 2340 1708 2365 ,
1740 2305 2055 2370 parabolam

475 2374 763 2439 quamdam
822 2375 873 2429 in
920 2380 1153 2435 medium
1191 2386 1435 2452 protulit.
1462 2386 1539 2442 Illi
1572 2407 1701 2446 vero
1738 2396 1857 2464 ejus
1896 2401 2055 2453 verba

474 2478 808 2537 sensumque
859 2485 1233 2542 assequentes,
1274 2480 1480 2546 pudore
1533 2484 1723 2541 suil‘usi
1768 2500 1916 2553 sunt,
1951 2507 2058 2547 non

475 2572 634 2613 secus
657 2576 815 2626 quam
836 2563 883 2617 si
909 2562 1122 2621 ﬂamma
1142 2567 1281 2638 ignis
1312 2572 1611 2630 abstitissct
1635 2593 1664 2633 a
1688 2578 1822 2635 faeie
1847 2597 2060 2652 eorum,

474 2649 565 2702 alii
618 2652 867 2722 rigebant
892 2655 1140 2726 horrore,
1182 2676 1211 2715 a
1245 2666 1501 2720 sensibus
1532 2667 1645 2723 fere
1687 2672 1929 2741 abibant,
1969 2649 2061 2732 alii

475 2745 796 2801 metuebant
848 2762 911 2803 ac
939 2753 1305 2822 trepidabant,
1337 2763 1581 2815 nonnulli
1631 2779 1739 2830 pra:
1801 2782 2062 2824 verecun-

481 2833 568 2886 dia
602 2848 661 2888 se
681 2836 1055 2894 subducebant
1086 2859 1100 2895 :
1135 2843 1365 2912 simplex
1407 2850 1551 2902 enim
1579 2860 1633 2904 et
1658 2853 1928 2924 incompta
1961 2859 2061 2913 viri

476 2924 654 2976 sancti
679 2926 851 2980 oratio
878 2928 1128 2984 universa
1160 2947 1351 2989 eorum
1380 2950 1598 3005 peccata
1631 2945 1856 3010 pra-cise
1877 2949 2063 3004 redar-

476 3014 695 3081 guebat,
758 3018 1136 3091 pandebatque
1185 3040 1293 3095 quo
1345 3031 1506 3085 modo
1549 3040 1604 3086 et
1658 3035 1765 3091 line
1803 3041 2063 3097 commis-

2159 540 2349 594 θέασαι
2379 543 2559 597 τοίνυν
2586 545 2682 597 καὶ
2715 546 2791 598 ίδε
2813 546 2894 599 ὅτι
2922 548 2980 599 ὲν
3012 547 3087 618 τῷ
3126 549 3347 617 ὀνόματι
3398 552 3601 620 Κυρίου
3638 556 3729 605 καὶ⁵

2159 633 2404 699 μείζονα,
2435 635 2484 688 εἰ
2529 634 2823 705 βούλομαι,
2864 639 2925 691 ὲν
2968 640 3048 691 σοὶ
3093 640 3432 710 ἐπιδείκνυμι
3470 657 3484 669 ·
3520 644 3660 711 πλὴν
3703 648 3729 697 ὁ

2156 723 2346 793 κύριός
2379 743 2473 779 σου
2506 726 2823 796 Ἐπιφάνιος
2844 728 3071 797 κώλυμά
3100 747 3179 782 σοι
3205 732 3563 801 καθέστηκεν,
3581 736 3729 803 παρᾶ

2155 819 2383 887 γνώμην
2415 820 2524 889 γάρ
2555 820 2649 871 τοῦ
2681 822 2869 891 κυρίου
2914 839 3005 876 σου
3039 825 3087 876 οἱ
3125 824 3257 876 θεῖοι
3304 826 3525 888 κανόνες
3559 829 3725 896 rvpi:-

2155 925 2270 959 τειν
2308 908 2405 961 οὐκ
2436 910 2845 980 ἐπιτρέπονται.
2885 910 2980 976 Εἷς
3024 914 3081 966 δὲ
3132 914 3241 966 τῶν
3289 916 3588 968 συνδούλων
3630 917 3726 969 τοῦ

2157 1001 2369 1066 παιδὸς,
2431 1002 2725 1070 προστάξει
2775 1004 2868 1057 τοῦ
2918 1005 3181 1059 δεσπότου
3224 1008 3411 1073 αὺτοῦ,
3460 1009 3729 1077 κέκληκεν

2156 1094 2322 1146 αὐτὸν
2374 1095 2454 1157 εις
2487 1095 2782 1149 διακονίαν.
2834 1097 3108 1168 Ἐσπέρας
3154 1100 3209 1153 δὲ
3266 1102 3365 1172 ἤδη
3406 1103 3726 1172 γενομένης,

2157 1186 2419 1240 ἐϐιάσατο
2445 1189 2474 1239 ὁ
2517 1189 2836 1258 Ἐπιφάνιος
2862 1190 2952 1243 τὸν
2976 1192 3165 1247 Ὄσιον
3198 1192 3292 1244 τοῦ
3319 1196 3497 1261 μεῖναι
3526 1196 3727 1257 ἐκεῖσε,

2155 1279 2249 1327 καὶ
2277 1277 2335 1340 ὃς
2363 1278 2664 1345 ὑπήκουσε.
2702 1281 2837 1351 Περὶ
2880 1282 2935 1334 δὲ
2969 1282 3160 1353 τρίτην
3195 1284 3446 1356 φυλακὴν
3478 1284 3575 1353 τῆς
3598 1302 3731 1337 νυκ-

2155 1366 2245 1428 τὸς
2291 1367 2740 1438 εύκαιρησάντων
2770 1370 2991 1424 πάντων
3010 1373 3119 1424 τῶν
3161 1373 3413 1435 οἰκετῶν,
3452 1375 3728 1444 συνήχθη-

2158 1474 2258 1510 σαν
2293 1460 2413 1512 κατ’
2452 1459 2573 1523 ἔθος
2598 1461 2734 1529 πρὸς
2780 1463 2873 1515 τὸν
2918 1465 3256 1533 Ἐπιφάνιον,
3303 1466 3489 1534 ἀγάπῃ
3522 1466 3576 1518 δὲ
3613 1467 3733 1519 δια-

2156 1555 2315 1622 πύρῳ
2345 1555 2708 1624 κρατούμενοι
2745 1558 2882 1627 πρὸς
2920 1542 3102 1623 α’ύτὸν,
3136 1556 3205 1631 ἦν
3248 1563 3355 1629 γὰρ
3397 1564 3510 1622 τοῖς
3562 1563 3733 1613 πᾶσιν

2157 1644 2437 1712 αἰδέσιμος
2510 1650 2603 1701 καὶ
2669 1650 2933 1721 ἐράσμιος
2980 1666 2996 1682 ⁸
3056 1654 3359 1722 ἱσταμένων
3403 1651 3496 1707 οὖν
3553 1654 3733 1707 αὐτῶν

2159 1739 2349 1806 χερσὶν
2429 1740 2827 1811 ἐσφιγμέναις,
2900 1747 3231 1817 προσέταξεν
3300 1748 3495 1821 αὐτοὺς
3568 1748 3736 1801 καθε-

2158 1826 2374 1896 σθῆναι.

2229 1916 2328 1984 ξγ’.
2358 1918 2448 1978 Ὠς
2471 1916 2566 1970 οὖν
2588 1917 2962 1988 ἐκαθέσθησαν
2985 1919 3167 1989 κύκλῳ
3191 1920 3379 1981 αὑτοῦ,
3406 1923 3433 1972 ὀ
3462 1924 3729 1991 μακάριος

2170 2008 2419 2077 Ἀνδρέας
2451 2007 2528 2078 τῷ
2572 2008 2744 2079 νοερῷ
2777 2009 2877 2080 τῆς
2915 2010 3155 2073 διανοίας
3189 2011 3399 2081 ὄμματι
3433 2012 3578 2080 ἑώρα
3615 2016 3735 2077 ἑνὸς

2157 2101 2390 2154 ἑκάστου
2422 2104 2487 2156 τὰ
2525 2104 2685 2173 ἔργα,
2722 2107 2816 2159 καὶ
2851 2106 2989 2176 ποίῳ
3022 2106 3303 2176 σφάλματι
3354 2107 3586 2170 ἕκαστος
3634 2107 3733 2157 αὖ-

2158 2193 2267 2246 τῶν
2320 2196 2793 2267 προκατείληπτο·
2852 2200 2945 2252 καὶ
2984 2199 3154 2252 θέλων
3199 2201 3396 2262 αὐτοὺς
3429 2199 3733 2268 ὠφελῆσαι,

2160 2285 2603 2358 τροπευσάμενος
2646 2289 2863 2359 ὁμιλίαν
2916 2290 3122 2362 ἤρξατο
3164 2291 3363 2359 λέγειν,
3421 2292 3734 2361 παραϐολήν

2159 2396 2283 2432 τινα
2311 2381 2689 2451 ἐρευγόμενος.
2725 2384 2893 2438 Αὐτοὶ
2922 2385 2979 2438 δὲ
3008 2370 3389 2456 ἐνωτιζὸμενοι
3417 2385 3513 2437 τοῦ
3553 2386 3735 2437 Ὀσίου

2160 2471 2231 2523 τὰ
2266 2470 2489 2541 ῥήματα
2520 2476 2611 2527 καὶ
2662 2478 3066 2547 αἰσχυνόμενοι,
3124 2477 3255 2530 ὡσεὶ
3289 2478 3465 2546 φλόγα
3499 2480 3562 2547 τῇ
3598 2478 3738 2530 αἰδοῖ

2166 2564 2550 2634 μετεφέροντο,
2602 2567 2652 2619 οἱ
2708 2568 2765 2621 δὲ
2829 2570 2996 2641 φρίκῃ
3059 2571 3519 2638 συνεσφίγγοντο,
3585 2568 3735 2622 ἄλλοι

2166 2654 2432 2722 ίλιγγίουν
2473 2659 2564 2710 καὶ
2593 2659 2948 2729 ὲτρόματτον,
2982 2662 3159 2731 ἕτεροι
3193 2662 3574 2731 αἰσχυνόμενοι
3620 2660 3737 2711 ἁνε-

2161 2745 2375 2816 χώρουν
2409 2765 2423 2779 ’
2459 2751 2605 2819 ἡγὰρ
2632 2751 2775 2821 ἁπλῇ
2808 2751 2901 2804 τοῦ
2929 2753 3144 2805 Δικσίου
3176 2753 3380 2822 ὁμιλία,
3418 2753 3635 2805 πάντων
3665 2751 3731 2803 τὰ
3786 2794 3803 2807 .

2163 2840 2542 2911 ἁμαρτήματα
2589 2845 2882 2912 ἀποτόμως
2916 2846 3167 2915 ἤλεγχεν,
3218 2845 3350 2915 ποίῳ
3397 2844 3585 2914 τρόπῳ
3642 2843 3735 2895 καὶ

2165 2931 2284 2994 πῶς
2312 2933 2486 2985 ταῦτα
2522 2934 2930 3002 ἐξειργάσαντο.
2957 2936 3067 2988 Καὶ
3094 2937 3157 3006 δὴ
3183 2936 3340 2991 τοῦτο
3365 2935 3732 3004 θαυμαστότε-

2166 3042 2279 3094 ρον,
2316 3025 2401 3079 ὅτι
2451 3027 2557 3098 ἰδία
2601 3027 2867 3099 διαλέκτῳ
2918 3028 3132 3099 ἑκάστῳ
3186 3029 3366 3083 αὐτῶν
3414 3028 3646 3099 ἤλεγχεν
3676 3028 3735 3079 τὸ

475 3123 537 3163 sa
584 3119 789 3165 essent.
849 3112 965 3179 Qua
1031 3116 1085 3170 in
1143 3133 1203 3174 re
1258 3120 1388 3176 illud
1416 3124 1468 3177 in
1510 3127 1702 3194 primis
1746 3131 2054 3190 mirandum

2160 3118 2509 3187 ἁμάρτημα⁸
2563 3118 2750 3186 ἔλεγον
2796 3120 2852 3172 δὲ
2908 3119 3391 3190 ὑπολαμϐάνοντες
3425 3134 3440 3149 ’
3489 3120 3570 3172 Δι’
3635 3119 3735 3190 ἐμὲ

477 3203 649 3267 venit,
708 3206 853 3274 quod
903 3207 1123 3264 cuilibet
1163 3226 1323 3267 suum
1373 3215 1427 3269 in
1467 3231 1566 3271 sua
1619 3219 1797 3290 lingua
1829 3225 2061 3280 manife-

475 3304 648 3352 staret
683 3310 990 3369 peceatum,
1031 3306 1431 3374 pensitantibus
1456 3311 1872 3385 dicentibusque
1915 3320 2056 3388 apud

474 3390 731 3447 sczliunc
771 3408 890 3449 mea
938 3396 1103 3450 homo
1149 3398 1237 3453 ille
1269 3415 1435 3456 causa
1460 3416 1770 3469 sermonem
1809 3409 2060 3466 instituit.

548 3484 636 3538 (i4.
670 3484 781 3539 Illis
803 3496 983 3540 autem
1010 3504 1118 3542 non
1153 3490 1337 3546 minus
1395 3491 1591 3549 timore
1630 3510 1793 3564 quam
1825 3505 2063 3556 tremore

480 3579 863 3643 consternatis,
893 3578 1021 3633 dum
1049 3582 1301 3635 minutim
1340 3597 1532 3639 eorum
1593 3586 1786 3642 delicta
1810 3604 2061 3645 recense-

479 3672 573 3725 bat
599 3671 833 3728 Sanctus
859 3710 876 3737 ,
918 3674 1337 3729 seelestissimus
1364 3676 1597 3741 daemon,
1624 3678 2061 3736 animadvertens

480 3763 771 3833 Epiphanii
806 3763 1044 3819 famulos
1064 3766 1275 3820 edoceri
1301 3776 1520 3837 peccata
1555 3785 1651 3824 sua
1671 3769 2058 3843 dedocerique,

476 3871 602 3909 cum
632 3855 755 3911 aliis
785 3855 1031 3926 ejusdem
1068 3857 1256 3913 larinae
1282 3859 1448 3915 sociis
1483 3861 1600 3917 suis
1622 3861 1687 3916 ad
1738 3865 2063 3920 vestibulum

476 3950 673 4001 domus
691 3948 945 4013 accessit,
968 3950 1369 4020 considensque
1401 3951 1599 4006 elatum
1627 3955 1846 4009 sustulit
1870 3956 2063 4012 risum.

472 4038 595 4103 Quo
646 4039 891 4107 cognito,
938 4039 1055 4108 pari
1116 4040 1233 4095 risu
1308 4041 1589 4111 respondit
1628 4042 1884 4099 Sanctus.
1910 4045 2063 4111 Quod

476 4128 838 4199 Epiphanius,
892 4132 1101 4200 quique
1155 4131 1385 4186 aderant
1436 4133 1563 4201 ipsi,
1622 4134 1886 4199 videntes,
1948 4150 2064 4190 rem

476 4224 753 4278 insolitam
810 4223 1244 4291 arbitrabantur,
1276 4232 1330 4280 et
1374 4240 1494 4294 quae
1540 4226 1683 4280 risus
1721 4240 1885 4282 causa
1920 4237 2067 4283 esset

473 4317 686 4372 discere
712 4316 766 4372 in
794 4317 984 4387 primis
1008 4317 1301 4387 cupiebant
1334 4335 1346 4370 :
1377 4332 1485 4371 non
1520 4318 1665 4372 enim
1708 4327 2066 4387 perceperant

480 4411 753 4466 malorum
800 4412 1091 4482 spirituum
1142 4409 1463 4476 cachinnos,
1512 4420 1699 4481 utpote
1725 4412 1815 4466 tali
1849 4412 2059 4468 visione

476 4521 587 4561 non
628 4507 855 4576 dignati.
896 4506 1001 4571 Qui
1034 4504 1305 4561 desiderio
1357 4505 1571 4561 illorum
1633 4507 1873 4577 cognito,
1920 4508 2058 4563 dixit

474 4610 507 4648 a
533 4595 773 4649 dexteris
829 4593 1029 4649 astanti
1062 4593 1168 4649 sibi
1224 4595 1436 4665 angelo,
1470 4605 1529 4651 ut
1551 4597 1763 4654 tolleret
1793 4597 1918 4653 inde
1958 4598 2062 4653 ali-

476 4681 627 4750 quod
676 4681 1125 4752 impedimentum
1168 4692 1265 4739 :et
1306 4685 1566 4742 continuo
1627 4687 1895 4756 adapertae
1932 4698 2062 4744 sunt

480 4789 644 4829 aures
699 4775 944 4830 cordium
1007 4776 1247 4840 illorum,
1300 4790 1771 4849 pereeperuntque
1811 4780 2063 4850 quaelibet

476 4865 876 4923 diemoniorum
927 4869 1070 4925 dicta
1113 4878 1168 4925 et
1226 4870 1390 4927 risus.
1422 4870 1562 4926 Tum
1602 4872 1667 4927 ad
1697 4871 2059 4942 Epiphanium

478 4960 730 5015 canversi
780 4959 1012 5026 famuli,
1075 4962 1530 5031 sciscitabantur,
1588 4979 1835 5035 quaenam
1865 4974 2053 5021 essent

480 5051 746 5105 mulieres
787 5051 936 5118 istae,
993 5067 1116 5123 quae
1180 5053 1313 5110 foris
1356 5055 1651 5120 astabant,
1710 5054 2052 5123 libidinosae,

484 5142 931 5213 intemperantes,
979 5144 1033 5198 in
1082 5146 1251 5200 risum
1286 5146 1514 5202 eli‘usae?
1554 5146 1764 5213 Quibus
1794 5148 1911 5204 ιιωο
1940 5148 2065 5219 Epi-

482 5236 766 5303 phanius:
826 5237 1129 5305 Dmmones,
1181 5249 1330 5305 sunt,
1390 5240 1483 5310 qui
1529 5254 1629 5295 nos
1676 5254 1863 5297 coram
1919 5242 1974 5296 in
2001 5259 2065 5298 os

480 5331 750 5396 derident,
782 5332 907 5400 quia
941 5332 1154 5386 animas
1187 5341 1406 5388 nostras
1429 5332 1708 5402 peccando
1753 5349 2067 5390 commacu-

482 5421 734 5478 lavimus.
796 5421 917 5490 Quo
946 5423 1155 5488 audito,
1210 5438 1268 5477 se
1299 5436 1508 5494 suaque
1555 5436 1720 5492 Opera
1756 5427 2067 5482 incusantes

482 5523 793 5577 surrexere,
824 5524 879 5569 et
898 5512 1195 5569 venerabili
1214 5511 1519 5584 Epiphanio
1541 5511 1747 5568 honore
1793 5513 2053 5579 exhibito,

2163 3208 2337 3262 ταῦτα
2366 3208 2549 3279 ὁμιλεί
2574 3204 2729 3275 οὗτος
2761 3213 2789 3265 ὀ
2822 3210 3137 3283 ἄνθρωπος.

2229 3485 2323 3553 ξδ’.
2349 3488 2503 3555 Φόὸῳ
2522 3487 2579 3540 δὲ
2606 3487 2946 3557 βαλλομένων
2966 3487 3057 3539 καὶ
3076 3489 3262 3556 τρόμῳ
3288 3486 3348 3539 ὲν
3364 3486 3441 3556 τῷ
3466 3487 3627 3539 αὑτὸν
3644 3485 3733 3538 ἐκ·

2157 3577 2439 3647 φαυλίζειν
2463 3579 2530 3631 τὰ
2558 3577 2934 3651 ἁμαρτήματα
2964 3579 3165 3641 αὐτῶν,
3191 3577 3330 3647 ὁρῶν
3355 3580 3383 3630 ὁ
3415 3579 3733 3648 παμμίαρος

2161 3672 2371 3741 δαίμων
2394 3671 2518 3735 τοὺς
2564 3672 2783 3735 οίκέτας
2851 3671 3171 3739 Ἐπιφανίου
3228 3671 3622 3740 ἐλεγχομένους
3667 3670 3739 3724 τὰ

2165 3759 2586 3831 παραπτώματα
2630 3762 2808 3815 αὐτῶν
2840 3802 2854 3825 ,
2909 3762 3211 3831 συνεγείρει
3266 3763 3385 3830 μετ’
3430 3760 3598 3815 αὐτοῦ
3645 3764 3742 3816 καὶ

2162 3851 2357 3915 ἄλλους
2392 3852 2502 3905 ἀπὸ
2532 3853 2640 3905 τῶν
2665 3851 2990 3922 ἀκαθάρτων
3030 3853 3379 3923 πνευμάτων,
3430 3853 3524 3905 καὶ
3569 3853 3626 3905 ὲν
3658 3852 3740 3922 τῷ

2166 3941 2446 4011 προαυλίῳ
2475 3940 2833 4011 καθεζόμενοι
2876 3940 3187 4009 ὲγελοίαζον
3214 3957 3226 3971 ⁸
3286 3943 3449 4010 γνοὺς
3493 3942 3549 3995 δὲ
3582 3942 3744 3995 τοῦτο

2164 4034 2192 4085 ὁ
2222 4032 2505 4103 Μακάριος
2540 4033 2777 4102 ἐμειδία,
2806 4032 3021 4087 ἀκούων
3050 4031 3245 4087 ταῦτα.
3283 4033 3345 4086 '0
3366 4032 3460 4086 οὖν
3504 4033 3745 4101 Ἐπιφά-

2167 4142 2280 4186 νιος
2312 4126 2405 4179 καὶ
2430 4126 2478 4177 0i
2508 4126 2606 4178 σὺν
2634 4123 2803 4195 αὐτῷ,
2836 4125 3219 4192 ὲνωτιζόμενοι
3267 4122 3329 4178 τὸ
3371 4125 3468 4179 τοῦ
3514 4125 3741 4177 Δικαίου

2167 4217 2399 4285 γέλοιον,
2425 4215 2575 4281 ξένον
2596 4215 2758 4268 τοῦτο
2787 4215 3037 4285 ἡγοῦντο,
3069 4217 3163 4269 καὶ
3186 4217 3250 4270 δι’
3274 4218 3340 4288 ἢν
3374 4217 3553 4269 αἰτίαν
3581 4215 3747 4270 τοῦτο

2167 4310 2486 4380 εἰσπράττει
2518 4307 2715 4378 μαθεῖν
2745 4308 3030 4362 ἐϐούλοντο
3050 4323 3065 4340 ⁶
3093 4310 3155 4361 οὐ
3178 4310 3286 4378 γὰρ
3309 4310 3507 4379 ἤκουον
3535 4309 3743 4360 ἐκεῖνοι

2168 4398 2279 4451 τῶν
2308 4398 2562 4467 πονηρῶν
2594 4400 2926 4469 πνευμάτων
2955 4398 3015 4451 τὸ
3044 4398 3277 4467 γέλοιον,
3333 4400 3435 4451 οὐκ,
3460 4398 3610 4460 ὅντες
3640 4398 3744 4465 τῆς

2089 4470 2134 4527 D
2157 4488 2413 4560 τοιαύτης
2464 4488 2798 4559 διαϐλέψεως
2837 4490 2998 4557 ἄξιοι.
3037 4491 3248 4555 Συνιεὶς
3290 4490 3346 4543 δὲ
3396 4491 3552 4543 τοῦτο
3582 4490 3611 4541 ό
3645 4488 3741 4540 At.

2170 4599 2322 4646 καιος
2377 4582 2489 4655 (81)
2521 4581 2693 4655 [λέγει
2743 4583 2822 4653 τῷ
2868 4586 2981 4647 τοῖς
3014 4584 3208 4649 δεξιοῖς
3253 4584 3420 4637 αὐτοῦ
3473 4583 3747 4651 ἑφεστῶτι

2184 4674 2471 4746 ’Δγγέλῳ],
2517 4672 2689 4746 Ἀρον
2730 4674 2791 4727 τὸ
2834 4676 2961 4745 τῇδε
3018 4677 3283 4746 κάλυμμα
3312 4691 3328 4707 ·
3362 4675 3454 4728 καὶ
3500 4675 3617 4744 ἅμα
3661 4673 3745 4744 τῷ

2172 4769 2378 4841 ὁήματι
2418 4769 2886 4842 ἀπεκαλύφθησαν
2910 4770 2967 4821 αί
2994 4769 3156 4824 ἀκοαὶ
3182 4769 3290 4822 τῶν
3320 4768 3504 4839 ψυχῶν
3533 4767 3743 4831 αὐτῶν,

2170 4861 2262 4914 καὶ
2287 4861 2487 4933 ἢκουον
2510 4863 2578 4916 τὰ
2612 4863 2762 4933 παρὰ
2793 4862 2905 4916 τῶν
2947 4861 3216 4930 δαιμόνων
3254 4860 3523 4928 λεγόμενά
3555 4876 3614 4911 τε
3645 4860 3744 4911 καὶ

2169 4953 2580 5024 γελοιαξόμενα.
2599 4953 2928 5025 Ἐπηρώτων
2949 4953 3004 5006 δὲ
3037 4954 3129 5007 τὸν
3149 4952 3463 5021 Ἐπιφάνιον
3479 4952 3527 5002 οί
3552 4950 3742 5014 αὑτοῦ,

2169 5044 2419 5113 λέγοντες
2446 5062 2459 5076 ο
2493 5047 2689 5111 Κύριε,
2717 5044 2861 5107 τίνες
2882 5045 3020 5098 εἰσὶν
3051 5046 3105 5097 αἱ
3131 5044 3328 5098 ἄσωτοι
3358 5042 3522 5095 αύταὶ
3549 5042 3747 5109 γυναῖ-

2166 5156 2283 5206 κες,
2313 5140 2368 5192 αἱ
2395 5139 2501 5206 ἔξω
2528 5139 2786 5203 ἑστῶσαι,
2814 5138 2909 5194 καὶ
2932 5138 3010 5209 τῷ
3036 5136 3230 5207 γελοίῳ
3262 5134 3615 5205 κοπτόμεναι,
3643 5130 3744 5184 καὶ

2127 5223 2141 5245 ⁸
2165 5235 2284 5296 ταῖς
2313 5233 2611 5296 ἁναιδείαις
2637 5230 3072 5302 ὲπιφερόμεναι’;
3132 5229 3193 5283 ’0
3216 5228 3273 5282 δὲ
3323 5226 3474 5296 λέγει
3517 5227 3703 5288 αὐτοῖς
3722 5238 3745 5257 ο

2169 5324 2294 5376 Ὅτι
2324 5324 2666 5395 ἁμαρτωλῶν
2706 5324 2866 5395 ἡμῶν
2893 5320 3369 5400 δντωνηγελῶσιν
3394 5321 3471 5382 είς
3509 5318 3579 5370 τὰ
3613 5316 3754 5387 πρός

2171 5430 2331 5469 σωπα
2362 5418 2394 5483 ἠ
2404 5417 2520 5485 μῶν
2547 5416 2596 5468 oi
2628 5413 2906 5485 δαίμονες.
2939 5413 3123 5468 Ταῦτα
3145 5412 3498 5475 ἀκούσαντες,
3530 5408 3751 5470 ἑαυτοῖς

2170 5508 2615 5581 κατεμέμφοντο,
2656 5509 2752 5563 καὶ
2781 5508 2945 5572 εὐθὺς
2975 5506 3387 5572 ἐξαναστάντες,
3418 5505 3515 5559 καὶ
3558 5499 3635 5572 τῷ
3664 5516 3753 5553 τι-

554 5681 664 5747 (81)
702 5680 773 5761 ΜΔ.
805 5681 982 5761 Vatic.
1003 5688 1116 5753 τοῖς
1149 5686 1341 5755 δεξιοῖς
1377 5686 1563 5755 αὑτοῦ,
1616 5686 1721 5761 ἔφη
1747 5686 1884 5759 μετά
1915 5704 2058 5753 τινος

2160 5687 2355 5759 ουσίας,
2399 5707 2420 5744 ι
2485 5687 2663 5747 Stanti
2722 5687 2889 5747 sibia
2938 5687 3145 5746 dextris
3199 5682 3380 5758 inquit
3448 5666 3573 5741 cum
3605 5691 3748 5751 qua—

483 5750 610 5809 dam
643 5753 993 5810 auctoritate.
1031 5774 1050 5808 ι
