4100 6212
330 245 439 309 ’105

335 354 442 425 μίῳ
485 352 791 422 Ἐπιφανίῳ
826 350 1325 421 προσκυνήσαντες,
1378 344 1757 415 ἐπορεύθησαν
1791 343 1922 395 ἕκα-

1495 236 1670 298 VI'I‘A
1710 235 1769 294 S.
1812 232 2145 295 ANDBEIE
2187 232 2379 290 SALI.

3481 235 3590 298 τοδ

2012 340 2075 393 ad
2108 356 2205 394 sua
2238 356 2298 393 se
2330 340 2530 395 cubilia
2561 341 2791 411 quisque
2849 342 3149 397 contulere.
3178 343 3320 398 Inter
3351 348 3592 401 cundum

337 462 461 507 στος
515 447 609 497 ἐπὶ
652 447 769 507 ταῖς
827 446 1035 506 κοίταις
1082 440 1282 495 αὐτῶν.
1347 438 1799 509 ’Λναχωρούντων
1856 436 1912 488 δὲ

2027 449 2145 489 vero
2203 434 2339 489 alter
2414 436 2642 489 alterum
2704 435 2785 488 sic
2855 436 3298 503 compcllabant:
3344 438 3573 493 Vidistin

332 536 537 600 αὐτῶν,
588 536 776 603 ἕτερος
820 534 956 604 πρὸς
1000 534 1092 586 τὸν
1134 534 1324 603 ἕτερον
1376 533 1563 599 ἔλεγον
1601 546 1614 561 ⁸
1674 528 1919 582 Ἐοεάσω

335 630 573 696 πρᾶγμά
628 627 951 695 παράδοξον,
1005 627 1121 690 πῶς
1154 642 1244 695 μοι
1288 628 1315 678 6
1352 626 1523 696 πένης
1560 621 1714 689 οὗτος
1760 625 1917 679 λελά-

332 719 500 786 ληκεν
544 719 611 770 τὰ
652 719 759 787 ἐμὰ
801 717 1288 787 πλημμελήματα;
1325 716 1488 785 Λέγει
1522 717 1709 787 ἕτερος
1745 734 1759 749 ·
1807 718 1916 769 Ναὶ

335 810 554 877 ἁδελφὲ,
586 810 679 861 καί
710 812 773 860 τὰ
810 810 919 877 ἐμὰ
949 808 1127 860 πάντα
1156 808 1472 878 διηγήσατο.
1518 807 1820 878 ’Λπεκρίοη
1859 807 1917 860 δὲ

339 904 432 955 καὶ
460 901 682 970 ἓτερος’
719 899 1059 953 Πιστεύσατὲ
1108 917 1220 969 μοι,
1252 901 1494 969 ἀδελφοὶ,
1542 902 1637 953 καὶ
1678 901 1804 968 ἐμοὶ
1848 901 1918 952 τὰ

337 994 436 1061 τῆς
473 994 712 1062 ξκαρδίας
746 1010 845 1061 μου
900 993 1114 1062 κρυπτὰ
1162 992 1530 1062 ἀπεκάλυψεν.
1566 994 1677 1045 Καὶ
1718 994 1767 1045 οἱ
1817 992 1915 1061 μὲν

339 1086 547 1151 ἑλεγον,
590 1084 671 1136 ὅτι
723 1083 877 1150 ἅγιός
930 1085 1079 1135 ἐστιν
1108 1099 1123 1115 ο
1154 1085 1203 1135 oi
1234 1083 1289 1135 δὲ
1340 1084 1548 1152 ἔλεγον,
1598 1084 1750 1153 Οὐχὶ,
1780 1082 1916 1135 ἀλλὰ

342 1176 535 1243 μάντις
565 1173 705 1238 ἐστὶ,
733 1174 828 1225 καὶ
860 1172 967 1225 ἀπὸ
991 1173 1086 1225 τοῦ
1100 1174 1210 1225 τῶν
1246 1174 1429 1236 ζώξων
1457 1172 1764 1243 στοχασμοῦ
1803 1172 1916 1242 (89)

340 1266 665 1334 ἀναγγέλλει
730 1268 862 1335 ἡμῖν
922 1266 1021 1319 τὰ⁸
1061 1268 1434 1335 ἁμαρτήματα
1497 1268 1676 1338 ἡμῶν.
1731 1266 1917 1319 ’Λλλτιι

342 1360 572 1427 ἐλεγονο
645 1358 779 1412 Ἀπὸ
830 1357 1152 1429 δαιμονικῆς
1216 1359 1500 1429 ἐνεργείας
1551 1358 1723 1412 ταῦτα
1783 1359 1915 1428 ἡμῖν

341 1450 719 1521 ἀπεκάλυψεν.

415 1567 505 1632 ξε·.
544 1565 938 1619 ’Υπνωσάντων
965 1563 1058 1618 οῦν
1086 1563 1304 1621 Mittunt
1333 1565 1441 1618 τῶν
1471 1566 1697 1619 οίκετῶν
1725 1564 1914 1629 αὐτοῦ,

342 1660 465 1710 τότε
499 1660 525 1711 6
561 1656 875 1725 Ἐπιιράνιος
896 1695 913 1721 ,
944 1655 1019 1717 ὼς
1052 1653 1112 1718 ἐξ
1142 1654 1299 1716 ἔθους
1331 1655 1481 1725 αὐτῷ
1510 1652 1615 1726 ἦν,
1650 1656 1916 1725 καταλιμ-

347 1749 531 1801 πάνων
563 1746 661 1817 τὴν
689 1746 880 1816 κλίνην
908 1747 1331 1818 αὑτοῦ,τάπητα
1356 1748 1469 1816 (83)
1500 1745 1668 1807 τιοεὶς
1698 1746 1792 1797 ἐπὶ
1817 1745 1910 1799 τοῦ

341 1842 590 1907 ἐδάφους,
647 1839 742 1891 τοῦ
800 1840 968 1893 ῦπνου
1014 1839 1448 1908 μετελάμϐανεν.
1505 1840 1567 1892 Ὀ
1612 1838 1669 1892 δὲ
1726 1838 1916 1901 Ὀσιος

341 1931 825 2000 σχηματισάμενος
851 1931 910 1982 ἐν
931 1933 998 2000 τῇ
1031 1930 1189 2000 κλίνῃ
1214 1924 1284 2000 ἦν
1323 1928 1419 1983 τοῦ
1483 1928 1799 1999 Ἐπιφανίου
1820 1928 1916 1982 τοῦ

341 2023 588 2076 ὑπνῶσαι
619 2038 632 2052 ’
663 2024 750 2076 ὅτε
801 2022 858 2076 δὲ
888 2024 1136 2076 ὕπνωσεν
1161 2024 1189 2075 6
1238 2022 1574 2087 Ἐπιφάνιος,
1600 2020 1918 2076 καταλιπὼν

339 2113 436 2184 τὴν
479 2116 769 2185 στρωμνὴν
802 2114 1146 2183 Ἐπιφανίου,
1205 2112 1483 2167 κατελθὼν
1541 2115 1598 2167 ἐν
1638 2115 1704 2184 τῇ
1755 2113 1917 2185 αὐλῇ,

345 2202 508 2277 εὗρεν
541 2206 796 2277 κοπρώδη
841 2206 1028 2271 τόπον,
1077 2208 1302 2262 κάκεῖσε
1356 2205 1629 2276 διέμεινεν
1658 2206 1757 2277 τῆς
1787 2224 1918 2260 νυκ-

344 2302 434 2363 τὸς
465 2299 525 2353 τὸ
572 2288 889 2354 ὑπόλοιπον.
938 2301 1157 2370 Πρωΐας
1189 2299 1246 2352 δὲ
1268 2299 1565 2369 γενομένης
1594 2300 1921 2370 προπεμπό-

346 2410 509 2462 μενος
545 2393 652 2446 ὑπὸ
682 2391 1024 2459 Ἑπιφανίου,
1049 2391 1275 2461 ἐξῆλθεν
1310 2392 1389 2453 είς
1422 2392 1512 2444 τὸν
1548 2390 1923 2461 πνευματικὸν

343 2486 533 2553 ἀγῶνα
580 2484 773 2538 αὐτοῦ.
819 2483 954 2539 Τότε
986 2484 1555 2554 προσκαλεσάμενοςὸ
1603 2482 1923 2550 Ἐπιφὰνιος

342 2576 434 2628 τὸν
468 2575 658 2640 παῖδα,
700 2574 759 2627 ὃν
806 2574 1103 2643 λελάληκεν
1138 2575 1167 2627 6
1220 2574 1413 2639 ’Δγιος
1456 2575 1521 2642 τῇ
1567 2571 1716 2642 Σύρᾳ
1749 2571 1925 2624 διαλέ-

345 2684 482 2732 κτῳ,
530 2667 865 2721 ἐπυνθάνετο
902 2666 1031 2738 παρ’
1086 2665 1271 2732 αὑτοῦ,
1312 2665 1455 2735 Ποίῳ
1483 2665 1669 2734 τρόπῳ
1715 2662 1785 2716 τὰ
1816 2679 1920 2732 μυ-

345 2760 539 2830 στήρια
591 2762 776 2814 ἐκεῖνα
804 2762 861 2814 ὲν
890 2762 971 2813 σοὶ
1002 2758 1445 2829 διεπράχθησανς
1500 2757 1558 2810 ὐ
1587 2756 1642 2809 δὲ
1671 2755 1923 2825 φίλτατος

344 2851 421 2904 ὣν
458 2854 544 2904 ἀεὶ
590 2854 671 2914 εἰς
724 2852 906 2914 αὑτὸν,
940 2850 1154 2905 ἅπαντα
1202 2852 1272 2904 τὰ
1337 2850 1416 2913 είς
1465 2848 1626 2902 αὐτὸν
1664 2848 1924 2917 γεγονότα

343 2945 649 3006 ἀνελλιπῶς
670 2944 992 3014 διηγήσατο.

414 3061 520 3128 ξς’.
543 3062 671 3115 Ὀτε
696 3057 878 3132 ἦλθεν,
907 3062 1079 3133 Κύριέ
1111 3077 1234 3128 μου,
1260 3062 1287 3113 6
1306 3062 1489 3125 Ὅσιος
1519 3062 1573 3113 ἐν
1594 3061 1673 3130 τῷ
1699 3060 1915 3114 κοιτῶνί

2025 541 2139 582 rem
2205 524 2583 580 admirabilem
2616 564 2631 589 ,
2653 526 2929 594 quomodo
2977 528 3261 593 mendicus
3289 528 3377 583 ille
3414 532 3598 586 omnia

2022 620 2153 674 tnihi
2212 634 2331 672 mea
2387 618 2651 673 adversus
2706 618 2871 672 Deum
2932 619 3210 688 aperuerit
3263 622 3601 677 commissa?

2017 714 2117 769 Cui
2180 713 2363 767 alius:
2398 712 2511 767 lmo
2560 728 2709 779 vero,
2758 712 2951 777 l‘rater;
2990 715 3084 769 sed
3122 725 3173 768 et
3203 729 3322 768 mea
3358 731 3463 769 non
3506 731 3599 770 ce-

2019 805 2171 859 lavit.
2206 805 2271 859 Et
2300 806 2406 858 illis
2449 820 2667 858 rursum
2701 806 2891 861 tertius
2924 824 2938 859 :
2972 805 3206 869 Credite,
3236 806 3429 874 inquit,
3462 808 3597 861 mihi

2020 894 2427 957 fratres,ctiam
2484 895 2851 949 occultissima
2888 911 3115 965 qnzeqtte
3165 897 3346 952 cordis
3396 900 3499 952 tnei
3543 899 3597 952 in

2018 988 2191 1041 lucem
2244 986 2493 1055 protulit.
2530 988 2763 1056 Denique
2788 988 2875 1041 alii
2905 988 3125 1042 aiebant
3151 1000 3403 1044 sanctum
3436 1006 3557 1044 esse
3580 1030 3598 1055 ,

2019 1081 2289 1152 negabant
2344 1080 2457 1144 alii,
2516 1081 2878 1149 haruspicinae
2924 1092 2977 1135 et
3006 1082 3332 1151 conjectura:
3367 1100 3397 1138 e
3426 1086 3595 1154 signis

2018 1172 2332 1227 coelestibus
2364 1173 2545 1241 petitae
2592 1173 2735 1227 illam
2792 1184 3135 1241 pecuniarum
3171 1175 3584 1230 declarationem

2018 1265 2398 1330 attribuentes,
2431 1279 2738 1334 quanqttatn
2772 1264 3160 1324 aliidiaholicis
3182 1267 3589 1334 operationibus

2023 1356 2265 1409 mallent.

2088 1560 2179 1617 65.
2243 1558 2535 1629 Postquam
2572 1561 2734 1615 soluti
2792 1576 2985 1616 somno
3012 1563 3261 1632 jacebanl
3302 1562 3585 1617 domestici

2016 1667 2227 1716 omnes,
2258 1652 2520 1721 proripuit
2568 1668 2627 1707 se
2687 1669 2835 1709 more
2866 1670 2966 1709 Suo
3007 1654 3337 1723 Epiphanius
3372 1658 3584 1717 electo,

2018 1746 2307 1815 positoque
2339 1744 2488 1798 humi
2522 1745 2790 1815 stragulo,
2823 1760 3019 1800 somno
3053 1748 3161 1800 illic
3196 1762 3254 1801 se
3279 1746 3445 1801 dedit.
3484 1749 3597 1798 An-

2022 1837 2184 1891 dreas
2216 1852 2366 1901 vero,
2386 1836 2478 1906 qui
2504 1837 2706 1891 interea
2738 1838 2790 1890 in
2843 1838 3127 1907 Epiphanii
3173 1839 3316 1892 lecto
3345 1853 3599 1892 somnum

2024 1929 2339 1993 simulabat,
2390 1928 2481 1982 ubi
2542 1929 2722 1997 sopori
2756 1930 2930 1998 ipsum
2966 1930 3320 1984 succubuisse
3358 1930 3604 1983 animad-

2022 2021 2206 2083 vertit,
2232 2020 2422 2074 relicto
2445 2028 2646 2083 strato,
2678 2020 2958 2074 descendit
2986 2019 3039 2073 in
3071 2031 3279 2074 cui-tem
3305 2060 3321 2086 ,
3358 2021 3606 2075 invento.

2020 2128 2126 2182 que
2154 2110 2524 2180 sterquilinio,
2556 2109 2704 2180 quod
2753 2110 3019 2176 reliquum
3051 2120 3169 2166 erat
3226 2114 3402 2167 noctis
3441 2114 3491 2167 itt
3535 2128 3604 2168 eo

2019 2203 2215 2273 exegit.
2253 2202 2605 2258 lllucescente
2628 2210 2812 2256 autem
2868 2202 2976 2263 die.
2995 2204 3256 2257 dimissus
3276 2207 3342 2258 ab
3365 2204 3603 2274 Epipha-

2024 2294 2136 2359 nio,
2194 2294 2262 2348 ad
2326 2292 2606 2363 spirituale
2666 2308 2824 2348 suum
2876 2303 3150 2349 certamen
3222 2296 3403 2351 exivit.
3463 2297 3599 2350 'l'um

2020 2384 2383 2456 Epiphanius,
2451 2386 2722 2441 accersito
2771 2387 2835 2439 ad
2868 2402 2926 2440 se
2957 2385 3183 2451 famulo,
3240 2402 3401 2456 quem
3431 2390 3606 2458 pridie

2022 2480 2258 2535 Sanctus
2286 2480 2465 2548 lingua
2496 2478 2717 2547 Syriaca
2758 2479 2933 2532 luerat
2955 2479 3245 2545 allocutus,
3272 2482 3606 2549 inquirebat,

2022 2588 2131 2643 quo
2158 2579 2312 2641 pacto
2349 2570 2603 2639 mysteria
2632 2569 2721 2623 illa
2749 2570 2801 2622 in
2837 2570 2960 2638 ipso
2984 2580 3201 2639 peracta
3242 2582 3443 2626 essent.
3477 2572 3602 2639 Qui,

2023 2674 2083 2720 ut
2120 2673 2235 2718 erat
2258 2662 2561 2733 Epiphanio
2595 2661 2648 2715 in
2684 2662 2875 2731 primis
2896 2664 3116 2725 cltarus,
3144 2663 3277 2717 nihil
3302 2664 3601 2733 quidquam

2023 2770 2235 2815 eorum.
2261 2771 2381 2823 qme
2410 2752 2515 2808 sibi
2534 2752 3042 2822 ereuerant,ipsum
3075 2753 3265 2808 celavit
3306 2753 3385 2809 sic
3411 2769 3605 2809 narra-

2027 2849 2229 2903 tionem
2259 2846 2547 2902 exordiens
2574 2859 2588 2897 :

2102 3074 2190 3129 (36.
2228 3072 2404 3129 Simul
2454 3085 2617 3143 atque
2647 3074 2700 3128 in
2748 3073 3005 3129 conclave
3062 3084 3212 3130 tuum
3262 3075 3489 3130 inferius
3519 3076 3608 3130 ille

345 3172 439 3207 σου
458 3193 471 3214 ,
503 3154 767 3221 ἐγενόμην
797 3154 995 3215 ευθέως
1025 3152 1231 3215 ὲννεὸς,
1267 3153 1359 3205 καὶ
1390 3151 1577 3223 ἑώρων
1606 3152 1669 3204 τὸ
1700 3153 1914 3221 πρόσωο

2037 3166 2226 3237 pedem
2278 3164 2499 3229 intulit,
2546 3164 2621 3218 mi
2685 3162 2936 3230 Domine,
2984 3181 3069 3219 me
3116 3176 3307 3235 stupor
3366 3166 3608 3234 invasit,

346 3256 449 3293 πον
493 3239 589 3293 τοῦ
631 3238 815 3308 Ἀγίου
860 3240 1072 3293 ἐκείνου
1128 3239 1221 3293 τὸν
1279 3240 1431 3311 ἥλιον
1486 3242 1919 3313 ἀπαστράπτονο

348 3331 710 3399 ἐξισταμένου
748 3349 850 3403 μου
890 3332 969 3395 δὲ,
1019 3331 1346 3402 ἐνωτίζομαι
1396 3334 1581 3405 φωνῆς
1627 3335 1790 3388 ποθεν
1823 3335 1923 3388 οὐκ

346 3421 487 3488 οἶδα,
514 3425 781 3495 λεγούσης
816 3442 906 3494 μοι
935 3442 949 3455 ο
986 3426 1227 3495 Πρόσχες
1264 3430 1355 3480 καὶ
1388 3427 1488 3490 ἴδε,
1530 3428 1717 3499 ἡλίκον
1762 3429 1923 3481 αὐτὸν

346 3519 381 3584 ἡ
408 3518 495 3570 διὰ
536 3518 627 3569 τὸν
673 3516 876 3585 Κύριον
932 3518 1091 3569 σαλίοι
1144 3520 1445 3587 πεποίηκεν
1499 3522 1643 3589 (84).
1687 3521 1923 3590 Ἒώρουν

354 3607 447 3662 οὖν
476 3610 567 3661 καὶ
614 3610 723 3663 ἰδοῦ
758 3609 865 3662 ἀπὸ
890 3608 990 3678 τῆς
1018 3610 1239 3674 ἀκτῖνος
1269 3614 1366 3681 τῆς
1404 3614 1570 3680 οῦσης
1604 3613 1695 3665 ἐπὶ
1718 3613 1808 3666 τὸν
1836 3612 1925 3664 Δί-

348 3716 526 3761 καιον,
559 3700 730 3767 μικρά
771 3716 854 3760 τις
892 3702 1050 3763 ἀκτὶς
1091 3702 1331 3771 μερικῶς
1377 3703 1705 3772 χωμσθλσα
1751 3720 1925 3773 προσ-

348 3790 627 3859 επέλαμψε
655 3793 721 3862 τῇ
780 3792 902 3860 ὄψει
948 3809 1051 3862 μου
1083 3810 1096 3823 ·
1130 3794 1222 3848 καὶ
1246 3794 1447 3857 εὐθέως
1477 3795 1730 3865 ἠρξάμην
1754 3798 1925 3847 ποιεῖν

349 3884 418 3933 τά
474 3883 731 3953 σχήματα
802 3882 968 3937 αὑτοῦ
1032 3884 1165 3953 ὅσην
1216 3886 1553 3955 προθεσμίαν
1618 3885 1921 3937 ὲτεθὲασοτ

346 3974 543 4026 ἔπειτα
584 3974 869 4042 ἀφείλασιν
897 3975 1067 4028 ταῦτα
1096 3976 1153 4042 ἐξ
1177 3977 1339 4043 ἐμοῦ,
1380 3978 1474 4028 καὶ
1509 3976 1754 4046 ὑπῆρχον
1784 3974 1926 4028 καθά

349 4067 443 4116 καὶ
474 4062 667 4133 πρώην
703 4065 782 4127 εἰς
811 4067 880 4118 τά
910 4066 1005 4119 τοῦ
1033 4068 1239 4136 κόσμου
1270 4068 1688 4137 ὑπερειδόμενος
1714 4067 1923 4139 ἤθεσιν.

360 4154 513 4220 Ἰδοὺ,
536 4156 709 4225 Κύριέ
741 4174 865 4226 μου,
892 4158 1000 4210 ἀπὸ
1026 4156 1121 4210 τοῦ
1149 4159 1243 4213 νῦν
1286 4158 1447 4224 αὐτὸς
1498 4158 1656 4229 γενοῦ
1696 4176 1927 4229 προνοη-

350 4248 446 4317 τὴς
498 4247 597 4317 τῆς
636 4250 913 4319 σωτηρίας
968 4267 1092 4319 μου,
1137 4250 1349 4321 ὁδηγῶν
1404 4268 1472 4322 με
1513 4252 1570 4305 ἐν
1616 4250 1788 4322 τρίϐῳ
1820 4251 1927 4305 τῶν

350 4339 446 4391 τοῦ
510 4339 649 4391 Θεοῦ
693 4341 941 4395 ἐντολῶν.
985 4342 1170 4395 Ταῦτα
1219 4343 1533 4405 ὲνωτισοεὶς
1560 4345 1587 4395 6
1629 4342 1929 4413 Θαυμάσιος

364 4431 683 4500 Ἐπιιράνιος
714 4435 809 4486 καὶ
836 4433 1161 4502 ἰλιγγιάσας,
1191 4436 1385 4506 ἐξέστη
1407 4435 1483 4506 τῷ
1508 4435 1799 4506 πνεύματι,
1834 4435 1929 4488 καὶ

354 4524 715 4592 περιπλακεὶς
747 4524 895 4593 αὑτῷ
918 4525 1203 4595 δάκρυσιν,
1241 4527 1528 4596 ἠσπάσατο
1575 4529 1703 4591 τοὺς
1732 4526 1930 4597 ὀφθαλ-

358 4615 493 4684 μοὺς
523 4616 709 4681 αὑτοῦ,
744 4617 818 4680 ὼς
850 4618 1047 4682 Θεατὰς
1081 4617 1334 4686 γενέσθαι
1370 4620 1479 4675 τῶν
1526 4621 1787 4674 τοιούτων
1828 4637 1930 4688 μυ-

357 4710 614 4777 στηρίων,
662 4712 759 4763 καὶ
809 4710 1033 4779 ἔλεγεν·
1097 4710 1158 4766 Ὀ
1196 4713 1595 4783 παντοκράτωρ
1645 4711 1872 4782 Κύριος,
1904 4713 1932 4765 ὁ

350 4801 531 4866 δείξας
566 4804 633 4856 τὰ
659 4804 949 4873 Θαυμαστὰ
985 4808 1262 4876 μυστήρια
1288 4806 1485 4871 ταῦτα,
1521 4808 1747 4869 δυνατός
1779 4806 1929 4860 ἐστιν

353 4894 632 4946 σώσισθαι
662 4897 756 4948 καὶ
778 4896 875 4967 τὴν
896 4897 1067 4967 καλήν
1100 4914 1190 4949 σου
1212 4897 1409 4968 ψυχὴν,
1433 4899 1755 4969 ὴγαπημένε
1778 4898 1931 4952 ἁδελ-

351 4985 420 5053 φέ
458 5002 559 5056 μου
585 5005 599 5018 ·
627 4990 781 5058 κάγὼ
814 4990 922 5043 ἀπὸ
952 4993 1049 5061 τῆς
1082 4993 1323 5062 σήμερον
1369 4992 1443 5057 ὡς
1476 4993 1614 5063 φίλῳ
1645 5010 1749 5063 μου
1797 5009 1929 5063 γνη-

354 5077 453 5148 σίῳ
487 5081 582 5132 καὶ
613 5081 899 5150 συναίμονι
944 5084 1312 5156 πνευματικῷ
1364 5086 1508 5138 οὓτω
1544 5086 1613 5139 τὰ
1659 5085 1791 5156 περὶ
1829 5084 1925 5138 σοῦ

351 5169 705 5244 διαθήσομαι.
774 5176 996 5245 Ἡγάπα
1056 5179 1238 5235 τοίνυν
1292 5181 1479 5234 ἔκτοτε
1536 5179 1629 5233 τὸν
1682 5178 1847 5233 παῖδα
1898 5181 1927 5233 6

422 5376 532 5458 ($2)
604 5380 919 5458 Στοχασμοῦ
977 5398 1045 5439 ex
1101 5401 1206 5441 ms.
1280 5385 1482 5443 Mazar.
1542 5386 1925 5445 estzhahebat

349 5448 523 5503 Vatic.
560 5448 863 5515 συνθέσεώς
888 5470 904 5485 ο
938 5470 1044 5510 non
1079 5458 1240 5511 male.

418 5519 529 5599 (8.?)
587 5520 689 5599 his.
740 5520 862 5599 Vat.
920 5537 1036 5599 erat
1070 5526 1367 5599 νέπεύχιον,
1432 5528 1807 5599 significatque
1867 5528 1943 5584 id-

348 5588 493 5664 quod
522 5594 894 5664 substernitur
921 5597 1078 5650 alicui
1113 5598 1179 5651 ad
1208 5588 1580 5664 orandumIet
1622 5609 1679 5654 tu
1710 5588 1923 5655 Euche-

351 5659 493 5728 ιυεεο
544 5659 707 5718 Goar.
775 5678 900 5735 pag.
976 5667 1081 5722 832
1154 5669 1417 5736 invenies,
1476 5659 1694 5740 τάπητα
1755 5670 1921 5740 ἡγουν

2033 3258 2442 3329 conspicatttem
2501 3258 2644 3312 illius
2699 3256 2893 3313 faciem
2933 3259 3203 3314 solatibus
3257 3261 3423 3315 radiis
3452 3261 3605 3331 fulgi-

2029 3351 2153 3406 dam
2184 3368 2198 3405 :
2234 3364 2473 3419 voxque,
2499 3348 2683 3404 nescio
2714 3350 2875 3413 unde,
2913 3351 3134 3404 auribus
3168 3352 3304 3407 meis
3342 3352 3606 3418 insunutt,

2030 3444 2257 3499 dicens:
2294 3444 2528 3496 Adverte
2584 3442 2827 3495 animum
2879 3451 2933 3496 et
2961 3443 3103 3508 vide,
3130 3454 3392 3512 quantum
3423 3446 3608 3499 stulti-

2033 3536 2130 3599 tia,
2162 3550 2326 3606 quam
2361 3533 2572 3589 Domini
2604 3549 2768 3589 causa
2809 3534 3053 3598 simulat,
3106 3535 3282 3605 ipsum
3329 3537 3606 3590 extulerit.

2032 3629 2321 3684 lntendens
2347 3629 2509 3698 igitur
2533 3630 2773 3683 animum
2803 3629 3120 3700 oculosque,
3149 3630 3291 3695 vidi,
3320 3648 3385 3685 ex
3421 3632 3608 3687 multis

2031 3724 2125 3793 qui
2184 3723 2442 3778 Sanctum
2512 3724 2822 3780 ambiebant
2873 3726 3061 3789 radiis,
3125 3741 3347 3796 parvum
3374 3728 3552 3799 alique
3575 3747 3605 3781 η

2034 3814 2263 3869 scorsim
2290 3815 2470 3883 cgtedi
2530 3825 2583 3869 ct
2623 3817 2827 3871 vultum
2866 3834 3047 3873 meum
3069 3820 3410 3885 illuminare,
3443 3822 3611 3891 cmpi.

2031 3920 2137 3974 que
2162 3906 2344 3959 statim
2380 3906 2579 3959 imitari
2627 3917 2811 3977 gestus
2833 3911 3160 3980 modumque
3193 3914 3384 3982 agendi
3414 3914 3611 3983 ipsius.

2033 3995 2273 4066 quandiu
2330 3995 2517 4051 radius
2567 3997 2653 4054 ille
2718 3999 2849 4052 mihi
2891 4000 3039 4057 risus
3099 4013 3217 4065 est,
3250 4019 3360 4073 quo
3394 4007 3607 4061 tandem

2034 4086 2248 4142 sublato
2300 4087 2366 4141 ad
2399 4088 2633 4158 priorem
2674 4104 2853 4143 rerum
2884 4092 3071 4145 mundi
3102 4092 3266 4157 hujus
3316 4106 3610 4149 consuetu-

2036 4178 2216 4233 dinem
2251 4180 2511 4234 reductus
2540 4196 2688 4235 sum.
2722 4178 2862 4235 Ecce
2894 4190 3099 4245 autem,
3154 4182 3380 4236 Domine
3417 4186 3510 4249 mi,
3542 4200 3610 4239 ex

2037 4279 2312 4324 tnomento
2362 4270 2467 4325 huc
2510 4269 2700 4327 salutis
2735 4286 2864 4325 mea:
2885 4271 3100 4341 adiutor
3130 4272 3237 4326 eris
3263 4280 3315 4326 et
3344 4273 3476 4333 dux,
3517 4277 3609 4341 qui

2037 4372 2348 4416 currentem
2406 4362 2460 4415 in
2503 4363 2586 4417 via
2629 4362 3013 4417 mandatorum
3062 4364 3155 4419 Dei
3203 4363 3429 4433 dirigas.
3459 4364 3611 4419 Talia

2037 4452 2322 4507 inaudiens
2349 4452 2686 4524 Epiphanius
2708 4454 3045 4511 admirabilis
3068 4455 3407 4521 adolescens,
3441 4456 3619 4511 sensi-

2034 4545 2138 4600 bus
2195 4560 2331 4614 pene
2362 4556 2419 4600 et
2474 4546 2667 4615 spiritu
2696 4546 3074 4601 deﬁcientibus
3106 4563 3220 4617 pra:
3248 4557 3492 4617 stupore,
3524 4549 3610 4601 fa-

2037 4637 2243 4692 mulum
2289 4637 2637 4692 manantibus
2693 4639 2923 4693 ubertim
2948 4638 3204 4710 lacrymis
3247 4639 3530 4711 amplexus
3559 4652 3615 4695 et

2034 4730 2227 4785 oculos
2281 4730 2468 4784 taliunt
2543 4744 2867 4785 arcanorum
2945 4738 3109 4787 testes
3172 4741 3615 4802 speetatoresque

2035 4820 2385 4876 exosculatus
2415 4832 2518 4886 est,
2544 4822 2734 4878 dicens
2763 4839 2777 4876 :
2814 4821 3077 4877 Dominus
3126 4823 3494 4892 omnipotens,
3519 4826 3614 4894 qui

2038 4914 2308 4968 mirabilia
2361 4914 2475 4969 hac
2506 4914 2601 4968 tibi
2635 4915 2888 4983 mysteria
2922 4915 3164 4971 revelare
3211 4915 3466 4987 dignatus
3491 4924 3609 4979 est,

2034 5014 2213 5076 potest
2240 5006 2447 5071 itidem,
2469 5006 2635 5061 frater
2664 5006 3045 5073 dilectissime,
3068 5008 3305 5063 animam
3338 5008 3433 5063 tibi
3464 5019 3609 5061 luant

2032 5098 2245 5154 salvare
2283 5114 2422 5170 εειεο
2452 5108 2628 5155 autem
2659 5100 2727 5155 ab
2776 5099 3036 5155 hodierna
3073 5101 3159 5156 die
3191 5116 3279 5157 res
3314 5110 3456 5164 tuas.
3493 5115 3605 5153 non

2034 5204 2192 5245 secus
2248 5203 2314 5244 ac
2344 5188 2501 5244 amici
2549 5189 2722 5245 ﬁdelis
2738 5197 2793 5246 et
2828 5190 3097 5261 spirituali
3133 5190 3607 5260 consanguinitate

2029 5390 2304 5474 ἐπεῦχιον,
2362 5387 2523 5446 etiam
2579 5403 2677 5460 pro
2736 5390 2977 5462 stragulo
3014 5403 3183 5445 sacra:
3234 5402 3435 5443 mensa:
3457 5401 3611 5442 usur-

2031 5475 2212 5602 Ρδῖἑλ)
2270 5530 2447 5587 Vatic.
2504 5532 2585 5585 ὅτι
2634 5530 2721 5585 διὰ
2780 5529 3134 5602 τὺνηΚύριον
3185 5530 3393 5585 ποιεῖᾶ
3443 5530 3606 5583 πεπο-

2028 5619 2219 5727 ἶηκῗν,
2273 5620 2292 5655 ‹
2364 5604 2521 5671 Quod
2578 5612 2799 5673 propter
2884 5601 3170 5655 Dominum
3249 5604 3414 5669 facit,
3487 5615 3612 5675 qua

2053 5688 2132 5729 eet
2166 5712 2181 5728 .
2214 5692 2232 5726 ι
2486 5726 2489 5729 .
