4100 6212
464 220 567 283 707
1512 219 1554 275 Ν
1572 213 1934 275 lCEPIlORl
1976 210 2453 271 PRESBYTERI
2504 209 2613 273 CP.
3599 208 3710 270 708

467 348 552 383 me
612 330 1019 401 contingentis,
1094 328 1245 383 cordi
1302 327 1526 381 habeto.
1590 324 1865 393 Stetitque
1932 327 2086 378 sua!

2091 323 2109 377 ι
2155 315 2498 385 Ἐπιφάνιος,
2545 314 2807 386 συνεργὸς
2850 314 3001 385 αὐτῷ
3058 313 3373 385 [γενόμενος
3402 314 3482 377 είς
3532 332 3590 368 τε
3646 320 3710 369 τά

464 422 626 475 tliCtis
659 420 792 475 fides
822 440 837 475 :
869 420 1204 490 Epiphanius
1238 418 1510 487 siquidem
1568 413 1830 467 famulum
1881 412 2033 465 illum

1390 418 1510 470 dem
1568 413 1830 467 famulum
1881 412 2033 465 illum
2141 406 2351 477 ψυχικά
2374 409 2469 461 καὶ
2504 408 2791 477 σωματικά
2821 406 2954 477 (85).
2986 404 3004 474 ]

463 512 614 566 omni
673 513 935 582 deinceps
1002 523 1247 581 tempore
1317 516 1645 579 prosecutus
1702 517 1786 561 est
1852 506 2036 558 amor’e
2102 502 2410 572 singulari,
2468 503 2628 572 eique
2712 503 2768 556 in
2821 503 3076 557 omnibus
3145 512 3342 570 praesto
3402 501 3543 565 fuit,
3596 509 3709 556 tum

462 616 585 669 quae
612 600 677 654 ad
704 601 920 666 animae,
969 612 1080 654 tum
1121 614 1242 669 quae
1273 599 1339 653 ad
1379 596 1628 667 corporis
1659 597 2035 650 necessitatem
2068 603 2400 663 spectarent.

1901 730 2131 786 CAPUT
2186 729 2276 785 IX.

454 883 582 938 Post
612 890 823 950 accepta
847 879 1057 934 verbera
1096 877 1150 930 in
1176 876 1351 950 ﬁmeto
1386 874 1791 950 obdormiscens,
1825 874 1921 927 sub
1960 882 2361 950 pertransettnte
2395 889 2560 950 curru
2580 873 2778 950 iilwsua
2822 872 3291 950 manetS‘nnctns,
3327 883 3483 929 noctu
3540 883 3714 929 autem

844 950 1191 1017 deprehensus
1221 947 1273 999 in
1294 945 1514 1000 ecclesia
1539 944 1680 998 ultro
1700 952 1934 997 reserata
1962 958 2114 997 ora-re
2137 984 2153 1011 ,
2201 944 2461 999 miraculo
2485 946 2657 1013 efﬁcit,
2699 961 2760 999 ne
2791 946 3010 999 revelari
3042 946 3095 997 id
3114 954 3313 1014 posset.

523 1088 610 1141 (i7.
638 1087 930 1156 Postquam
963 1084 1227 1148 Andreas,
1254 1079 1458 1135 relictis
1483 1077 1770 1147 Epiphanii
1799 1076 2032 1142 aedibus,

2217 1082 2312 1149 ξζν,
2346 1081 2404 1133 '0
2426 1078 2485 1132 δὲ
2515 1075 2782 1147 μακάριος
2814 1073 3089 1144 Ἀνδρέας,
3123 1072 3256 1142 μετά
3280 1071 3338 1124 τὸ
3366 1073 3719 1141 ἀναχωρῆσαι

463 1181 574 1235 luci
627 1180 839 1250 Solique
893 1193 952 1233 se
990 1175 1263 1238 reddidit,
1302 1174 1607 1242 palmstram
1656 1170 2036 1239 sibi'deligcns

2142 1175 2233 1227 τὶν
2260 1167 2408 1225 οἶκον
2441 1165 2762 1236 Ἐπιφανίου
2785 1204 2800 1229 ,
2826 1164 3126 1235 ἠγωνίζετο
3154 1164 3211 1216 ἐν
3239 1164 3351 1225 τοῖς
3377 1162 3718 1232 ἀποκρύφοις

453 1270 770 1342 ignobiliora
796 1270 951 1323 urbis
982 1268 1101 1321 loca
1123 1266 1381 1333 vicosque
1401 1303 1416 1328 ,
1446 1261 1538 1315 ubi
1571 1261 1700 1315 nulli
1718 1261 2032 1316 mortalium

2142 1263 2330 1325 τόποις
2369 1262 2461 1316 καὶ
2493 1262 2699 1333 ῥύμαις
2748 1261 2847 1332 τῆς
2890 1261 3116 1325 πόλεως,
3148 1259 3285 1314 ὅπου
3336 1259 3513 1324 οὐδεὶς
3554 1258 3717 1313 αὐτὸν

458 1361 811 1425 innotuerat,
863 1358 1174 1428 patiebatur
1222 1354 1391 1423 frigus
1433 1350 1794 1416 intolerabile,
1825 1349 2035 1419 rigebat

2143 1352 2467 1420 ἐγίνωσκεν,
2516 1354 2779 1425 ἀφορήτῳ
2831 1352 3058 1424 παγετῷ
3105 1352 3465 1423 ψυχούμενος,
3517 1354 3610 1406 καὶ
3639 1352 3718 1422 τῷ

458 1453 604 1522 gelu,
640 1451 924 1507 deficiebat
987 1449 1165 1503 inedia
1249 1444 1621 1516 jejuniisque:
1661 1450 1809 1496 tanto
1858 1450 2037 1495 autem

2141 1440 2302 1512 κρύει
2329 1442 2703 1513 πηγνύμενος,
2732 1444 3006 1515 νηστείαις
3031 1443 3574 1514 ταλαιπωρούμενος,
3613 1444 3719 1497 ὑπὸ

460 1554 581 1599 erat
631 1543 886 1598 omnibus
924 1541 1070 1603 odio,
1116 1547 1175 1593 ut
1206 1538 1360 1609 pueri
1405 1550 1622 1607 quoque
1644 1534 1819 1603 ipsum
1851 1532 2044 1585 verbe-

2143 1534 2365 1588 πάντων
2416 1535 2764 1607 μισούμενος,
2791 1536 2937 1590 ὥστε
2968 1536 3062 1589 καὶ
3088 1536 3136 1589 οἱ
3158 1536 3345 1600 παῖδες
3365 1537 3463 1606 τῆς
3488 1538 3717 1600 πόλεως,

468 1638 620 1691 randi
662 1634 1020 1706 raptandique
1041 1634 1261 1687 modum
1294 1646 1399 1684 non
1440 1635 1702 1697 ponerent
1729 1642 1741 1678 :
1768 1626 2046 1680 caedebant

2140 1626 2460 1693 τύπτοντες,
2497 1628 2774 1700 σύροντες,
2813 1628 2911 1682 καὶ
2944 1629 3268 1700 ραπέζοντες
3301 1627 3567 1695 σφοδρῶς,
3621 1630 3721 1680 καὶ

458 1729 723 1797 colaphis,
790 1727 987 1796 injecto
1045 1727 1096 1777 in
1142 1724 1339 1777 collum
1375 1720 1503 1775 fune
1529 1734 1623 1789 per
1649 1719 1765 1773 vias
1793 1718 2040 1787 publicas
2073 1718 2077 1772 ἶ

2098 1717 2218 1788 ιτῷ
2248 1719 2435 1788 αὐχένι
2475 1718 2641 1773 αὑτοῦ
2696 1720 2930 1791 σχοινίον
2986 1718 3291 1789 βάλλοντες,
3336 1714 3501 1789 ἦλκον
3547 1718 3717 1787 δημο-

452 1822 777 1886 trabebant,
824 1825 1182 1874 stramentum
1232 1830 1295 1869 ex
1354 1811 1683 1868 carbonibus
1745 1810 2038 1880 facientes,

2147 1814 2299 1881 σίως,
2326 1814 2494 1885 μέλαν
2527 1815 2583 1880 ἐξ
2613 1813 2903 1884 ἀνθράκων
2930 1813 3233 1875 ποιοῦντες,
3280 1814 3375 1865 καὶ
3406 1813 3467 1864 τὸ
3500 1812 3720 1881 πρόσω-

455 1930 630 1982 coque
682 1913 888 1966 vultum
918 1911 1089 1980 ipsius
1113 1908 1479 1977 denigrantes.
1517 1906 1594 1959 Ita
1636 1904 1879 1968 habitus,
1914 1903 2041 1958 inde

2144 1924 2244 1960 πον
2275 1907 2444 1961 αὐτοῦ
2484 1907 2751 1978 χρίοντες.
2790 1906 2963 1970 Οὗτος
2992 1904 3435 1975 κακουχούμενος
3482 1904 3721 1971 μετανά-

462 2006 679 2058 transiit
700 2009 766 2057 ad
791 2003 1138 2072 artopolinm,
1159 2017 1252 2056 seu
1283 2001 1457 2055 forum
1478 2000 1567 2054 ubi
1602 2014 1767 2069 panes
1783 2008 2039 2064 veneunt,

2148 2018 2279 2071 στης
2318 2004 2377 2054 ἐν
2409 2004 2521 2064 τοῖς
2552 1999 2943 2072 ἀρτοπωλείοις
2969 1998 3207 2067 ἐγένετο,
3227 1998 3362 2067 πρὸς
3392 1998 3450 2050 τὸ
3480 1997 3720 2067 ἀνακτή-

458 2099 607 2153 vires
641 2097 906 2166 corporis,
932 2111 1040 2164 pra:
1061 2094 1231 2148 nimia
1256 2092 1449 2162 jejunii
1489 2091 1810 2146 assiduitate
1835 2090 2041 2143 exhau-

2146 2092 2341 2144 σασθαι
2401 2091 2461 2144 τὸ
2524 2090 2683 2160 σῶμα
2742 2089 2904 2143 αὑτοῦ
2975 2091 3041 2143 ἐκ
3105 2088 3207 2159 τῆς
3261 2090 3400 2157 ἄγαν
3464 2088 3716 2157 νηστείας

453 2191 548 2251 sti,
610 2188 1006 2259 aliquantulum
1078 2197 1446 2254 rcparaturus.
1512 2181 1591 2237 Eo
1656 2182 1773 2236 loro
1819 2181 2040 2251 quidam

2142 2182 2497 2237 ταπεινωθέν.
2537 2183 2749 2235 Ἐκείσε
2794 2182 2972 2234 τοίνυν
3016 2182 3370 2252 ὑπάρχοντος,
3418 2180 3559 2243 τινὲς
3608 2180 3715 2232 τῶν

454 2281 660 2337 Christi
686 2254 889 2343 fid‘eles,
912 2280 1155 2333 videntes
1181 2278 1359 2345 ipsum
1385 2275 1644 2330 aerumnis
1676 2273 2039 2339 fatiscentem,

2144 2276 2503 2346 φιλοχρίστων
2536 2275 2796 2330 ἐδίδωσαν
2819 2275 2968 2346 αὐτῷ
3007 2276 3251 2339 ὀϐολοὺς,
3295 2274 3528 2344 ὁρῶντες
3552 2274 3715 2326 αὑτὸν

451 2373 612 2427 obolo
660 2370 1127 2440 impertiebantur,
1160 2369 1413 2439 quodque
1452 2368 1611 2437 longo
1651 2374 1893 2434 tempore
1936 2365 2039 2425 sibi

2144 2369 2691 2439 καταπεπονημένον,
2729 2368 2823 2423 καὶ
2865 2368 2941 2433 ὡς
2979 2368 3159 2423 ἱκανὸν
3186 2370 3376 2439 χρόνον
3404 2368 3477 2436 μὴ
3519 2366 3715 2419 θεασά-

457 2473 783 2532 conspectus
836 2477 942 2515 non
985 2461 1195 2522 fuisset.
1226 2458 1671 2528 interrogabant:
1702 2455 1802 2511 Ubi
1859 2465 2043 2511 terra-

2148 2478 2321 2531 μενοι,
2364 2461 2551 2528 ἔλεγον
2597 2460 2782 2531 αὐτῷ’
2823 2460 2934 2514 Ποῦ
2985 2460 3249 2531 ὑπῆρχες.
3276 2460 3390 2533 ,ἕως
3442 2457 3535 2512 τοῦ
3584 2457 3712 2518 νῦν,

454 2569 575 2607 rum
628 2552 830 2607 latuisti
866 2552 916 2605 in
955 2553 1101 2607 hunc
1153 2566 1325 2619 usque
1355 2551 1498 2604 diem
1524 2590 1538 2615 ,
1568 2550 1774 2604 stulte?
1807 2548 1896 2603 tibi
1931 2548 2043 2603 ela-

2144 2553 2343 2623 ἐξηχε;
2384 2554 2489 2606 ποῦ
2542 2552 2728 2623 διῆγες
2774 2553 2875 2616 τὰς
2921 2551 3190 2615 τοσαύτας
3230 2551 3447 2622 ἡμέρας
3495 2566 3509 2616 ;
3556 2549 3614 2602 Ὀ
3656 2549 3713 2601 δὲ

454 2661 613 2714 psum
678 2654 892 2713 tempus
924 2641 1285 2712 transegisti?
1311 2642 1521 2707 Quibus
1551 2639 1799 2694 Andreas
1824 2657 1841 2697 :
1872 2638 1916 2694 0
1945 2654 2041 2693 vos

2146 2643 2331 2706 Ὅσιος
2359 2644 2695 2712 ἀπεκρίνατο
2719 2660 2732 2674 ·
2779 2641 3024 2711 Ἔξηχοι,
3061 2641 3161 2694 οὐκ
3182 2641 3359 2693 οἴδατε
3388 2639 3477 2691 ὅτι*
3512 2636 3712 2707 μωροῖς

456 2738 663 2801 insani,
712 2753 841 2792 num
869 2738 1151 2805 ignoratis.
1208 2735 1496 2790 stultorum
1534 2749 1621 2787 me
1660 2734 1836 2786 turbis
1868 2732 2044 2785 immi-

2147 2734 2588 2804 συμφυρόμενος,
2642 2734 2849 2803 μωροῖς
2884 2733 2960 2796 ὡς
3013 2732 3195 2802 μωρὸς
3225 2730 3578 2795 διεπάλαιον;
3621 2731 3711 2781 καὶ

452 2837 616 2891 stum,
639 2841 761 2880 cum
790 2825 973 2879 stultis
1002 2824 1225 2877 stultum
1254 2820 1581 2875 dimicasse?
1609 2819 1842 2884 vosipsi,
1863 2817 2040 2879 rideo,

2143 2825 2296 2877 αὐτοὶ
2333 2824 2425 2893 ἕξη
2435 2841 2517 2893 χοι
2550 2824 2702 2892 μόνοι
2730 2822 3124 2894 χρηματίζετε.
3173 2824 3238 2876 Οί
3296 2822 3352 2875 δέ
3398 2821 3476 2891 τῷ
3519 2820 3712 2888 γελοίῳ

456 2918 559 2974 soli
608 2916 783 2972 insani
825 2926 979 2970 esus.
1014 2914 1149 2967 llinc
1205 2913 1304 2978 illi,
1336 2928 1442 2965 non
1477 2910 1719 2965 assecuti
1768 2909 2037 2962 dictorum

2143 2912 2496 2983 ἐπαιρόμενοι
2533 2913 2632 2965 οὐκ
2663 2913 2961 2979 ἐγίνωσκον
3010 2913 3078 2966 τά
3130 2912 3399 2982 λεγόμενα
3432 2927 3449 2942 ⁶
3497 2912 3711 2979 porcia;

456 3021 703 3069 sensum,
734 3005 787 3059 in
820 3004 1051 3057 elIusmn
1090 3014 1390 3071 prorupere
1420 2999 1588 3054 risum
1618 3016 1632 3054 :
1657 2998 1874 3052 nomine
1902 2998 2041 3051 stul-
2072 3071 2075 3075 Α

2090 3064 2107 3075 _
2142 3003 2250 3074 γάρ
2272 2990 2457 3057 ἐκάλει
2498 3003 2625 3066 τοὺς
2657 3002 2933 3075 ὀλεθρίους
2973 3003 3257 3073 δαίμοναῖ,
3314 3002 3434 3070 μεθ’
3486 2997 3559 3055 ὧν
3614 3004 3709 3070 τὴν

459 3105 639 3150 torum
673 3095 868 3163 quippe
904 3092 1188 3147 veniebant
1211 3092 1441 3145 Andrcm
1487 3089 1807 3159 nequissimi
1837 3067 2078 3145 dmmoJ

2093 3096 2109 3120 ‘
2143 3095 2320 3165 πάλην
2350 3094 2609 3149 ἑκάστοτε
2637 3095 2893 3161 ἐποιεῖτο,
2923 3094 3011 3148 διὰ
3037 3093 3136 3165 τὴν
3164 3093 3273 3147 τῶν
3289 3092 3535 3164 οὐρανῶν
3559 3090 3712 3161 βασ-

460 3201 580 3251 ncs,
615 3185 943 3255 quibuscum
972 3183 1426 3254 congrediebatur
1471 3181 1737 3253 quotidie,
1767 3197 1865 3252 pro
1891 3182 2042 3251 regni

2140 3186 2288 3241 λείαν
2311 3185 2735 3256 ἀγωνιζόμενος.
2765 3187 2872 3240 Καὶ
2912 3187 2961 3239 οί
2994 3186 3092 3257 μὲν
3125 3185 3369 3239 ἐδίδοσαν
3403 3184 3552 3255 αὐτῷ
3593 3183 3712 3235 ὀὸοο

459 3278 698 3333 caelestis
758 3276 981 3346 praemio
1042 3276 1348 3330 decertans.
1376 3271 1583 3328 interea
1618 3282 1793 3327 tamen
1842 3274 2040 3344 largie-

2140 3278 2254 3345 λὺν,
2280 3278 2329 3330 oi
2353 3279 2410 3332 δὲ
2443 3278 2539 3331 καὶ
2565 3278 2658 3331 δύο
2687 3295 2702 3312 ο
2739 3279 2788 3331 οἱ
2819 3278 2919 3349 μὲν
2951 3280 3134 3349 ἄρτον,
3168 3279 3219 3330 οί
3244 3278 3303 3331 δὲ
3336 3278 3520 3346 τυρὸν,
3561 3275 3710 3331 ἄλλοι

453 3373 653 3427 bantur
685 3371 824 3433 viro,
857 3367 948 3423 alii
972 3382 1136 3421 unum
1157 3367 1404 3429 obolum,
1427 3365 1562 3419 duos
1580 3364 1695 3429 alii,
1728 3364 1780 3418 bi
1816 3379 2035 3433 panem,

2135 3370 2192 3424 δὲ
2231 3370 2400 3442 ἰχθὺν,
2425 3372 2476 3424 οἱ
2504 3371 2559 3425 δέ
2584 3371 2808 3443 Θέρμια,
2845 3371 2939 3425 καὶ
2962 3371 3208 3443 ὀπώρας,
3252 3371 3310 3436 ἐξ
3353 3365 3428 3425 ὧν
3479 3369 3715 3438 ἐπίπρα-

454 3462 529 3515 illi
586 3475 833 3524 caseum,
897 3457 1144 3511 nonnulli
1205 3455 1449 3524 piscem,
1504 3469 1603 3508 nec
1670 3456 1894 3508 deerant
1942 3456 2035 3525 qui

2146 3478 2273 3515 σκεν
2319 3462 2588 3525 ἕκαστος*
2642 3464 3023 3534 είσερχόμενος
3067 3463 3126 3516 δὲ
3174 3466 3232 3515 ἐν
3278 3463 3661 3532 καθαροποτὶῳ
3688 3497 3710 3528 ,

452 3554 649 3617 cauda,
696 3552 898 3621 quique
946 3563 1105 3618 poma
1160 3547 1519 3616 porrigerent,
1575 3555 1738 3615 prout
1797 3547 2034 3618 quisque

2143 3557 2256 3616 τοῖς
2291 3552 2496 3623 ὁμοίοις
2527 3554 2755 3626 πένησιν
2782 3555 3019 3625 διένειμε
3052 3558 3246 3609 ταῦτα.
3290 3556 3399 3609 Καὶ
3449 3554 3710 3615 πολλάκις

455 3644 570 3697 inec
591 3654 685 3696 aut
716 3642 805 3695 illa
837 3638 1048 3693 venalia
1075 3638 1346 3691 habebant
1384 3654 1397 3691 :
1426 3636 1629 3705 quibus
1672 3638 1757 3693 ille
1779 3648 2033 3705 onustus,

2138 3646 2281 3707 τινὲς
2336 3647 2445 3698 τῶν
2495 3646 2827 3717 ἐλεημὸνων,
2879 3645 3157 3711 ἐλεοῦντες
3208 3645 3709 3715 καὶίοίκτείροντες

454 3733 762 3803 digrediens
788 3731 839 3784 in
869 3728 1223 3793 mnupolium,
1248 3731 1578 3800 pauperibus
1602 3728 1722 3785 aliis
1743 3730 2035 3787 distribue-

2141 3740 2407 3808 παρεῖχον
2441 3738 2589 3809 αὐτῷ
2637 3739 2733 3793 τοῦ
2784 3740 3011 3810 φορέσαι
3061 3741 3274 3810 ἱμάτιον
3303 3754 3319 3769 θ
3353 3738 3447 3792 καί
3471 3754 3616 3801 τινες
3652 3737 3710 3789 δέ

456 3826 547 3879 bat
578 3825 854 3878 universa.
888 3821 1074 3877 Fiebat
1100 3836 1205 3875 non
1239 3836 1383 3888 raro,
1417 3825 1681 3891 quosdam
1809 3824 2039 3880 miseros

2143 3827 2375 3896 πένητες
2406 3829 2679 3901 ἅρπαγες.
2715 3829 2788 3893 ὡς
2821 3826 2910 3883 οἷα
2944 3830 3139 3901 λῃσταὶ
3166 3829 3406 3891 ἀναιδεῖς
3435 3830 3710 3898 χρηματίο

456 3916 627 3985 magis
687 3915 1004 3978 clementes,
1059 3912 1288 3968 Andreae
1347 3913 1640 3976 misertos,
1698 3924 1902 3969 vestem
1958 3916 2034 3969 illi

2142 3919 2347 3987 ζοντες,
2383 3924 2576 3986 νυκτὸς
2604 3921 2753 3993 αὐτῷ
2796 3924 3244 3992 ἐπεμϐαίνοντες,
3276 3921 3505 3989 ἀφέντες
3549 3920 3712 3973 αὐτὸν

453 4010 691 4078 aliquam
722 4008 1040 4079 gestandam
1063 4006 1193 4060 dare
1230 4024 1245 4061 :
1277 4021 1465 4060 verum
1492 4006 1639 4060 illam
1672 4007 1761 4061 alii
1814 4008 2036 4077 quidam

2142 4009 2240 4083 [ὡς
2278 4012 2524 4084 ἐγενέθη]
2556 4013 2786 4084 γυμνὸν,
2814 4014 3035 4082 ἔφυγον.
3067 4006 3224 4066 Οὗτοι
3248 4012 3306 4066 δέ
3339 4014 3478 4064 είσιν
3502 4010 3713 4081 οὕσπερ

454 4099 689 4153 mendici
722 4099 1086 4167 harpagones,
1111 4104 1297 4165 utpote
1314 4096 1462 4151 fures
1486 4096 1848 4165 impudentes,
1867 4110 2035 4154 noctu

2140 4104 2190 4155 οἱ
2229 4103 2329 4173 τῆς
2357 4104 2563 4170 πόλεως
2597 4104 2852 4160 εἰώθασιν
2897 4104 3105 4171 καλεῖν,
3155 4112 3225 4157 τα
3278 4100 3370 4157 τοῦ
3408 4104 3712 4175 ἀρχιερέως

449 4190 593 4244 clam
613 4192 955 4255 accedentes,
984 4186 1307 4243 auferebam
1331 4227 1347 4254 ,
1379 4187 1603 4257 ipsoque
1644 4188 1790 4243 nudo
1824 4189 2036 4257 relicto,
2145 4194 2355 4249 παιδία.

452 4295 696 4342 ωηαῑυε
720 4284 1186 4357 ετεῑνῐυεὶθὺεηι·
1220 4283 1508 4338 Ιιιῖειιιεω
1562 4290 1740 4349 erant.
1803 4286 1895 4355 qui
1938 4301 1970 4342 a
2000 4288 2162 4360 vulgo
2219 4290 2444 4357 civium,
2500 4291 2798 4349 sacerdotis
2832 4290 2942 4363 (86)
3001 4291 3200 4348 summi
3274 4290 3393 4358 lilii,
3429 4288 3713 4359 indigitari

450 4388 871 4433 οοιιευενετυιη.

523 4468 614 4524 68.
648 4471 769 4524 Alio
795 4484 987 4525 rursus
1018 4470 1267 4536 die,cum
1302 4478 1427 4541 post
1468 4469 1801 4540 mnopolium
1832 4485 2038 4527 exone-
2064 4477 2120 4537 D

2093 4479 2120 4537 )
2205 4475 2306 4548 ξη’.
2334 4476 2500 4528 Πάλιν
2533 4474 2633 4545 μιᾷ
2659 4473 2768 4527 τῶν
2796 4471 3020 4543 ἡμερῶν
3046 4471 3144 4543 τὴν
3172 4467 3491 4539 σωματικὴν
3518 4467 3712 4536 χρείαν

448 4559 634 4615 randa:
665 4561 768 4614 alvi
794 4576 957 4616 causa
980 4559 1262 4627 secedens,
1288 4560 1340 4614 in
1377 4563 1777 4616 transeuntium
1802 4577 2032 4634 conspe-

2132 4567 2359 4623 ὅπισΘεν
2391 4564 2784 4633 καθαροποτίου
2816 4563 3138 4634 ποιούμενος
3170 4560 3399 4614 ἐνώπιον
3429 4559 3536 4612 τῶν
3565 4559 3643 4610 διε
3655 4576 3709 4628 ρ-

448 4662 561 4719 ctu,
584 4651 809 4721 pudoris
848 4662 903 4707 et
925 4653 1265 4708 verecundiae
1319 4652 1474 4723 quasi
1517 4653 1723 4708 oblitus
1791 4653 2027 4721 sederet,

2142 4655 2409 4727 χομένων,
2469 4656 2803 4726 θεασάμενός
2837 4672 2923 4718 τις
2965 4654 3125 4709 αὐτὸν
3171 4652 3345 4716 οὕτως
3396 4653 3569 4715 ἀδεῶς
3615 4652 3714 4704 καὶ

452 4757 724 4797 nonnemo
756 4758 867 4798 rem
894 4744 959 4801 ad
988 4757 1293 4813 cauponem
1326 4745 1562 4801 detulit:
1590 4746 1683 4816 qui
1732 4743 1882 4799 foras
1907 4760 2033 4815 pro-

2137 4749 2582 4820 άνερυθριάστως
2628 4748 2979 4819 καθήμενον,
3023 4747 3316 4818 ἀνήγγειλε
3353 4745 3427 4815 τῷ
3473 4745 3715 4815 καθαρο-

449 4834 628 4897 diens,
663 4834 961 4905 vidensque
983 4835 1128 4905 quod
1148 4836 1453 4890 nuntiatum
1478 4844 1613 4903 erat,
1644 4845 1860 4904 arrepto
1890 4834 2031 4891 fuste

2134 4842 2313 4913 πότῃο
2372 4845 2399 4895 ὁ
2448 4841 2508 4896 δὲ
2563 4838 2816 4905 ἐξελθὼν,
2860 4840 2955 4894 καὶ
3007 4838 3130 4893 ίδὼν
3177 4839 3268 4892 τὸν
3298 4840 3485 4891 ’Όσιον
3514 4835 3711 4899 οὖτωῖ,

451 4926 637 4982 tandiu
662 4927 982 4982 verberibus
1018 4928 1074 4981 in
1125 4927 1382 4982 Sanctum
1435 4929 1628 4997 saeviit,
1681 4926 1859 4997 quoad
1888 4928 2032 4983 vires

2135 4931 2486 5002 σπασάμενος
2516 4931 2732 5002 ρἀδον,
2765 4929 3019 4984 τοσοῦτον
3052 4928 3248 4997 ἔτυψεν
3270 4928 3455 4990 αὐτὸν,
3481 4930 3585 4991 ἓως
3618 4930 3710 4981 ὅτε

450 5022 630 5091 ipsum
666 5018 962 5074 deﬁcerent
992 5018 1323 5074 saevientem.
1349 5019 1453 5074 Sed
1481 5026 1534 5073 et
1559 5019 1723 5084 alius,
1743 5018 2030 5088 insigniter

2132 5025 2165 5095 ἡ
2201 5026 2353 5095 ἰσχὺς
2389 5022 2556 5078 αὐτοῦ
2585 5023 2899 5092 ἠλάττωσεν
2932 5038 2945 5053 ·
2972 5022 3315 5093 διερχόμενος
3375 5021 3433 5074 δὲ
3470 5023 3563 5075 καὶ
3593 5021 3712 5072 ἓτε-

452 5111 733 5183 lmpudeus
768 5111 1126 5182 moribusque
1148 5110 1444 5166 admodum
1469 5111 1721 5181 agrestis,
1744 5109 1868 5165 illac
1884 5109 2025 5165 forte

2134 5132 2225 5188 ρος
2264 5115 2509 5183 ἀναιδὴς,
2535 5115 2963 5187 άπηγριωμένον
2993 5114 3131 5186 ἔχων
3158 5112 3310 5185 ἦθος,
3339 5113 3710 5184 χειριζόμενος

523 5290 637 5361 (85)
692 5288 839 5346 Idem
909 5292 1092 5347 minus
1139 5303 1382 5359 congrue
1417 5308 1432 5345 :
1464 5289 1522 5341 ἐν
1571 5290 1708 5361 πᾶσι
1774 5290 1886 5350 τοῖς
1945 5287 2025 5358 τῷ
2135 5294 2142 5342 4

2135 5288 2223 5353 16,
2258 5287 2473 5359 legitur)
2505 5306 2523 5341 ι
2569 5304 2664 5359 per
2701 5289 2948 5359 quaedam
3001 5287 3216 5342 indusia
3278 5296 3332 5343 et
3390 5285 3708 5361 vestimenta

447 5357 646 5434 κτίστῄ
695 5362 1082 5434 εὐαρεστοῦσιν
1129 5357 1440 5430 γενόμενος,
1495 5359 1594 5413 καὶ
1628 5362 1743 5425 ταῖς
1775 5357 2015 5430 σωματιὲ

2130 5357 2487 5415 sacerdmalia
2508 5357 2840 5434 videbantur
2870 5362 3099 5434 gradum
3124 5362 3281 5434 quasi
3314 5357 3706 5434 sacerdotalem

446 5435 571 5495 καῖς
598 5426 829 5504 χρείαις.
963 5503 972 5504 7
1092 5426 1154 5504 ξ’
1227 5426 1276 5504 _‘
1354 5499 1404 5504 __
1572 5498 1583 5504 _
1752 5499 1763 5504 _
1860 5426 1872 5430 -

2128 5444 2365 5504 sumere,
2436 5430 2716 5504 proprium
2771 5426 3506 5504 etiamsibi__patriarc|iatn
3540 5426 3712 5504 {ISI‘I'if

517 5497 646 5573 (86f
687 5504 857 5558 Notat
936 5502 1175 5573 Cangius
1225 5500 1278 5554 in
1344 5498 1651 5567 Glossario,
1699 5499 1766 5573 ad
1824 5514 2012 5573 vo_cem
2126 5503 2334 5564 bcntes,
2364 5497 2454 5573 ct'
2480 5497 2790 5573 quibusque
2847 5498 3046 5573 divinis
3098 5498 3408 5564 illudeutes,
3451 5506 3548 5552 iet
3575 5497 3711 5551 tales

446 5568 723 5636 Kalendae,
753 5568 1108 5641 petulantiam
1170 5573 1374 5626 laicoru
1402 5589 1435 5641 ιι
1481 5572 1837 5641 quorumdam
1869 5570 2016 5625 Gne-

1513 5572 1837 5641 luorumdan}
1869 5570 2016 5625 Gne-
2125 5584 2323 5629 scurru‘
2355 5568 2601 5629 fortassis
2630 5568 2716 5627 hic
2742 5570 3132 5639 intelliguntur.

447 5656 658 5709 corum,
687 5638 778 5712 qui
806 5644 968 5713 (sicut
993 5645 1046 5699 in
1074 5643 1267 5699 Latina
1301 5640 1551 5697 versione
1579 5642 1773 5710 synodi
1805 5638 1858 5707 6,
1889 5655 2011 5710 cap.
