4100 6212
338 237 447 301 70‘.)

1512 232 1693 291 Vl'l‘A
1736 232 1797 293 S.
1843 230 2172 290 ANDREE
2212 231 2409 294 SALI.

3506 236 3612 297 ἨΟ

346 354 572 421 βόσκεον
602 346 819 417 ράὗδον,
864 347 960 400 καὶ
987 347 1059 410 ὡς
1096 346 1359 400 ἐθεάσατο
1397 345 1486 399 τὸν
1512 346 1700 399 Ὄσιον
1730 346 1928 399 τυπτό-

2045 346 2339 411 .rausiens,
2373 346 2465 401 ubi
2499 347 2631 403 vidit
2654 347 2915 401 Sanctum
2951 347 3268 402 verberibus
3303 360 3611 417 exceptum,

355 459 540 513 μενον,
569 438 799 508 τρωθεὶς
831 439 936 491 ὑπὸ
964 438 1055 491 τοῦ
1078 438 1355 505 διαϐόλου,
1380 439 1597 493 δίδωσιν
1622 440 1772 509 αὐτῷ
1809 438 1927 509 μεθ’

356 526 425 601 ἦς
478 529 700 599 ἐκράτει
750 526 973 596 ῥάόδου,
1014 528 1089 590 ὡς
1122 528 1375 597 ἠδύνατο,
1410 528 1549 582 ὥστε
1591 530 1928 599 ἀκουσθῆναι

349 625 440 677 τὸν
464 622 670 675 κτύπον
712 618 1019 691 πόρρωθεν.
1066 618 1297 673 Ἀπιὸὼν
1329 620 1383 674 δὲ
1411 622 1439 674 ό
1470 621 1652 685 ’Ὀσιος
1680 621 1815 691 πρὸς
1838 622 1928 675 τὸν

351 716 627 786 edd/autat,
667 714 883 783 πικρῶς
912 713 1267 777 άνεστέναξεν
1293 714 1369 785 τῷ
1404 714 1571 783 πόνῳδ
1600 714 1839 777 ἀναστὰς
1871 714 1927 767 δὲ

351 806 625 877 ἐπορεύθη
668 806 923 876 πλησίον,
984 805 1077 857 καὶ
1131 804 1315 858 πεσὼν
1367 806 1755 875 κατησπάζετο
1799 807 1929 869 τοὺς

354 899 519 959 πόδας
547 895 736 959 αὑτοῦ,
791 895 1078 965 διαλείχων
1108 899 1173 967 τῇ
1208 895 1445 968 γλώττῃ,
1483 898 1579 949 καὶ
1626 896 1929 967 προσευχό-

358 1006 542 1061 μενος.
572 988 735 1051 Τινὲς
767 988 822 1039 δὲ
859 988 1095 1058 ὁρῶντες
1141 988 1303 1042 αὐτὸν
1347 988 1534 1057 ἔλεγον
1563 1004 1576 1019 ⁶
1623 989 1926 1054 Θεάσασθε,

353 1082 541 1152 φησὶν,
574 1081 689 1144 πῶς
716 1083 743 1134 6
784 1080 1084 1151 δαιμονιῶν
1117 1075 1271 1144 οὗτος
1319 1082 1416 1134 καὶ
1462 1083 1933 1152 παρατετραμμὲ-

354 1191 465 1237 νος,
495 1173 746 1242 καθάπερ
792 1174 939 1225 κύων
975 1173 1095 1225 κατ’
1136 1172 1297 1226 αὑτοῦ
1336 1174 1581 1227 σταλέντι
1612 1173 1753 1225 οὕτω
1803 1174 1929 1236 τοὺς

353 1266 519 1327 πόδας
545 1264 638 1317 τοῦ
664 1266 928 1333 τύψαντος
951 1265 1113 1317 αὑτὸν
1136 1265 1547 1329 κατασπάζεται
1566 1265 1927 1336 ἀναισθήτως,

358 1357 549 1410 καθότι
584 1358 610 1409 ό
658 1357 869 1426 δαίμων
937 1356 1103 1410 αὑτοῦ
1159 1358 1307 1412 ἔνδην
1350 1357 1723 1427 ἐπιμαίνεται.
1790 1357 1846 1410 '0
1872 1357 1928 1410 δὲ

359 1450 629 1518 μακάριος
674 1449 926 1515 Ἀνδρέας
958 1450 1055 1511 τὰς
1085 1450 1449 1511 άνυποίστους
1480 1451 1770 1519 δεχόμενος
1795 1450 1934 1519 πλη-

356 1546 458 1612 γὰς
491 1544 596 1596 τὼν
645 1547 763 1597 ἐκεῖ
815 1545 1273 1614 ὑπανεχώρησεν,
1316 1544 1410 1598 καὶ
1454 1546 1631 1616 εὑρὼν
1676 1544 1930 1615 κοπρώδη

358 1637 524 1688 τόπον
552 1637 731 1689 ἐκεῖσε
779 1637 1091 1701 ἐκάθευδεν,
1124 1636 1293 1690 ὕπνου
1329 1639 1667 1708 βραχυτάτου
1692 1639 1933 1707 ἐφαπτό-

360 1744 543 1795 μενος.
573 1728 636 1780 ΟΞ
665 1727 758 1780 οὖν
779 1729 1248 1800 ἐκεῖδιερχόμενοι
1273 1728 1505 1799 ὁρῶντες
1532 1729 1696 1781 αύτὸν
1720 1729 1811 1780 ἐπί
1834 1728 1934 1797 τῆς
1966 1728 2010 1787 Β

359 1818 593 1888 κοπρίας
625 1819 989 1889 ἡσυχάζοντα,
1021 1822 1083 1873 ἐκ
1112 1820 1307 1889 βάθους
1336 1819 1682 1884 στενάζοντες
1715 1820 1901 1888 ἔλεγεν
1920 1835 1934 1849 ⁸

363 1910 481 1979 ῐῐῦρ
510 1910 606 1963 καὶ⁵
646 1910 790 1963 θεῖον
825 1913 917 1963 ἐπὶ
953 1912 1051 1982 τήν
1093 1912 1337 1984 κορυφὴν
1382 1915 1481 1984 τῆς
1525 1914 1605 1976 εἷς
1656 1929 1715 1965 σε
1764 1912 1937 1964 ταῦτα

363 2003 765 2074 ἐργασαμένης
791 2004 1027 2071 ἔφασκον
1048 2005 1268 2074 γάρ,ὄτί
1297 2005 1404 2058 άπὸ
1430 2004 1689 2073 γυναικὸς
1712 2022 1938 2075 περιερ-

362 2098 533 2166 γασία
569 2100 833 2168 σατανικῇ
860 2098 1264 2167 ἐπαρέτραπῖο.
1292 2098 1351 2150 Οί
1377 2096 1453 2162 δὲ,
1472 2097 1605 2150 Ἀπὸ
1628 2099 1939 2166 ἐπιλήψεως

361 2191 560 2262 συνέϐη
589 2191 736 2260 αὐτῴ
764 2191 923 2243 τοῦτο
955 2190 1015 2242 τὸ
1046 2190 1237 2253 τιάθος.
1270 2189 1399 2253 Θεὸς
1419 2191 1645 2244 δέότῶν
1678 2191 1939 2260 κρυπτῶν

360 2284 629 2353 γνώστης,
659 2284 687 2335 6
708 2282 775 2335 τά
808 2280 989 2349 ὑψηλὰ
1012 2282 1121 2334 ἀπὸ
1154 2282 1434 2352 μακρόθεν
1477 2283 1782 2351 γινώσκων,
1844 2285 1940 2336 καὶ

364 2378 488 2438 τοὺς
512 2374 899 2445 διαλογισμοὺς
920 2373 1027 2424 τῶν
1061 2372 1367 2442 ἀνθρώπων
1397 2373 1642 2443 ἐφορῶν,
1690 2374 1804 2444 εἴδη
1843 2371 1937 2425 τοῦ

359 2470 549 2524 δούλου
573 2467 738 2520 αὐτοῦ
766 2467 863 2536 τὴν
890 2464 1176 2535 ἐργασίαν,
1200 2465 1292 2518 καὶ
1320 2460 1398 2529 οἷς
1427 2465 1650 2535 τρόποις
1667 2465 1939 2536 ἔπραττεν

365 2578 561 2614 ταυτα.

444 2742 541 2806 ξθ’.
580 2740 847 2810 Κειμὲνου
873 2735 965 2795 οὖν
990 2740 1083 2794 τοῦ
1112 2742 1315 2805 Ὀσέου,
1342 2740 1484 2794 καθὰ
1513 2744 1855 2812 προείρηται,
1885 2743 1943 2796 ἐν

367 2833 444 2902 τῷ
468 2832 732 2902 κοπρώδει
750 2833 919 2901 τόπῳ,
940 2834 1136 2901 συνέϐη
1162 2832 1376 2902 ἄμαξαν
1396 2833 1701 2902 διέρχεσθαι
1725 2834 1900 2885 ἐκεῖσε
1925 2845 1938 2864 ⁸

366 2924 395 2972 6
428 2920 482 2972 δὲ
512 2920 801 2991 βοηλάτης,
829 2923 1032 2976 πλείονι
1061 2923 1192 2993 οἴνῳ
1213 2923 1701 2994 συμπεφυρμένος,
1724 2940 1940 2993 τραγῳ-

365 3011 473 3064 δῶν
525 3012 839 3082 ἐπορεύετο,
893 3013 952 3066 οὐ
1017 3014 1203 3083 μέντοι
1267 3014 1498 3067 συνείδει
1546 3014 1618 3067 τὰ
1664 3013 1802 3066 κατὰ
1846 3013 1938 3065 τὸν

2032 439 2351 508 impulsusa
2389 440 2658 506 daemone,
2690 440 2946 494 eumdem
2984 439 3241 507 pastorali
3280 440 3437 508 pedo,
3469 442 3615 509 quod

2035 548 2199 586 manu
2227 532 2493 601 gestabat,
2529 534 2772 587 collectis
2796 532 3005 587 viribus
3028 531 3275 600 pulsabat
3314 541 3461 587 tanto
3488 547 3613 587 cum

2030 626 2257 693 impetu,
2291 632 2351 677 ut
2389 624 2604 678 eminus
2637 624 2861 678 verbera
2901 622 3307 677 esaudirentur.
3370 623 3615 677 Andreas

2031 732 2157 770 vero
2182 719 2371 771 oculos
2403 717 2454 771 in
2486 719 2861 771 verberantem
2904 716 3221 779 intendens,
3259 727 3473 767 amaros
3507 727 3617 781 pra:

2031 809 2221 863 dolore
2245 811 2475 879 gemitus
2497 809 2728 864 ducebat
2749 849 2763 872 ,
2792 822 3130 879 surgensque
3164 805 3390 877 propius
3432 820 3616 860 acces-

2030 898 2101 953 sit
2151 882 2394 962 'homini,
2448 910 2499 951 et
2557 900 2621 952 ad
2656 914 2829 967 genua
2856 898 3163 967 procideus,
3195 897 3445 965 amplexu
3494 912 3619 947 con-

2031 994 2334 1061 stringeltat
2362 993 2527 1061 pedes
2554 991 2898 1061 lingebatque
2941 991 3145 1060 lingua,
3181 991 3378 1043 durum
3430 997 3619 1057 pectus

2031 1084 2287 1153 precibus
2320 1084 2529 1137 mollire
2558 1093 2809 1137 conatus.
2832 1083 2985 1149 Quod
3010 1082 3305 1152 conspicati
3332 1079 3575 1134 nonnulli
3602 1092 3617 1131 :

2032 1178 2192 1237 Ecce.
2217 1177 2559 1246 inquiebaut,
2582 1175 2975 1229 dwmoniacum
2997 1174 3172 1238 illum,
3196 1173 3577 1227 mentelzesum
3601 1210 3616 1235 ,

2033 1268 2310 1339 qttomodo
2359 1266 2650 1319 advolutus
2701 1265 2973 1319 smtientis
3027 1265 3078 1316 in
3110 1280 3167 1317 se
3203 1262 3458 1332 pedibus,
3500 1272 3620 1315 tan-

2034 1375 2194 1430 quam
2229 1359 2381 1413 canis
2424 1358 2680 1426 pr:eln-nti
2710 1357 2810 1410 sibi
2846 1356 3149 1425 quidpiam,
3197 1354 3511 1407 blandiatur
3543 1352 3621 1404 iu-

2035 1450 2310 1507 sensibilis
2336 1450 2400 1502 ad
2429 1449 2679 1504 verbera.
2706 1448 2911 1516 Nempe
2954 1447 3167 1500 daemon
3207 1445 3262 1498 in
3315 1443 3619 1497 visceribus

2035 1545 2155 1615 ejus
2183 1543 2363 1599 fuerit.
2406 1541 2654 1596 Andreas
2705 1552 2909 1606 autem,
2958 1540 3214 1609 gravibus
3241 1535 3471 1591 amictus
3505 1536 3622 1587 vul-

2038 1638 2282 1698 neribus,
2310 1637 2602 1690 astantiusu
2662 1635 2835 1689 oculis
2869 1649 2927 1687 se
2952 1631 3211 1686 subduxit
3241 1671 3254 1691 ,
3293 1630 3621 1696 inventoque

2040 1730 2405 1801 sterquilinio,
2432 1728 2755 1783 brevissimo
2787 1727 2895 1779 illic
2926 1739 3115 1778 soumo
3137 1721 3381 1776 indulsit.
3437 1717 3621 1772 Viato-

2042 1839 2127 1879 res
2165 1831 2345 1877 autem
2411 1821 2533 1874 illac
2591 1820 2694 1873 iter
2742 1818 3033 1880 habentes,
3089 1824 3385 1885 conspeclo
3452 1824 3618 1879 supra

2041 1918 2228 1971 fimum
2279 1916 2398 1968 viro
2468 1923 2678 1977 saneto,
2711 1926 2773 1967 ex
2809 1910 2919 1964 imo
2967 1908 3131 1962 corde
3174 1905 3617 1976 ingentiseentes.

2041 2010 2296 2064 dicebant
2332 2026 2346 2061 :
2387 2004 2530 2077 Ignis
2558 2014 2611 2059 et
2636 2005 2865 2072 sulphur
2900 2001 3060 2069 capiti
3102 1998 3265 2062 illius,
3288 1994 3618 2067 quaeistlurc

2041 2110 2260 2170 Operata
2324 2109 2405 2154 est
2469 2098 2524 2151 in
2580 2106 2673 2160 te,
2724 2110 2846 2149 nam
2928 2092 3072 2146 fama
3104 2098 3257 2154 erat,
3313 2103 3342 2141 a
3390 2085 3621 2139 muliere

2041 2191 2294 2261 quapiam
2360 2190 2467 2258 ope‘
2518 2186 2781 2241 daemonis
2830 2183 2980 2236 illum
3043 2180 3109 2235 ad
3150 2177 3417 2233 insaniam
3452 2174 3622 2229 fuis~e

2043 2278 2630 2347 adactunnquamvis
2703 2275 2793 2329 alii
2849 2274 2903 2327 in
2970 2269 3283 2341 epilepsiam
3354 2266 3621 2335 originem

2042 2374 2170 2429 mali
2234 2370 2574 2426 referendam
2645 2366 3000 2421 sustinerent.
3067 2362 3132 2415 At
3189 2360 3333 2414 Deus
3381 2357 3471 2427 qui
3524 2371 3618 2409 ar-

2041 2480 2178 2519 cana
2258 2462 2504 2516 co'rdium
2585 2458 2883 2528 perspicit,
2942 2464 2995 2508 et
3074 2452 3182 2507 alta
3226 2467 3256 2504 a
3310 2449 3468 2517 longe
3527 2461 3621 2500 co-

2041 2558 2272 2629 gnoscit,
2320 2564 2375 2607 et
2410 2552 2763 2622 cogitationes
2794 2547 3076 2601 hominum
3109 2542 3329 2598 conside
3346 2547 3429 2592 rat
3456 2578 3469 2601 ,
3511 2554 3559 2591 nt
3586 2552 3619 2590 ιι

2041 2647 2341 2718 ignorabat,
2375 2658 2497 2714 qua:
2558 2642 2795 2695 famulus
2845 2653 2999 2702 suus,
3025 2644 3079 2690 et
3123 2650 3221 2689 cur
3269 2640 3617 2701 operaretur.

2111 2739 2201 2797 69.
2235 2737 2457 2792 Jacente
2490 2734 2654 2805 igitur
2682 2733 2893 2786 Andrea
2920 2730 2974 2784 in
3020 2741 3218 2798 spurco
3268 2724 3621 2791 sordidoque,

2043 2843 2102 2887 ut
2130 2832 2331 2885 dictum
2368 2838 2470 2893 est,
2500 2803 2639 2891 loco,
2674 2822 2896 2893 contigit
2940 2822 3245 2892 plaustrum
3314 2818 3437 2873 illac
3472 2803 3633 2868 tran-'

2044 2927 2151 2980 sire
2179 2964 2194 2991 ,
2220 2924 2379 2990 cujus
2411 2921 2664 2990 agitator,
2700 2916 2870 2971 multo
2900 2914 3029 2970 vino
3064 2913 3287 2966 madens
3308 2948 3323 2974 ,
3354 2906 3630 2977 tragmdo-

2046 3034 2166 3071 rum
2198 3030 2348 3070 more
2377 3014 2673 3077 ferebatur,
2719 3010 2940 3079 ignarus
3001 3003 3326 3061 dormientis
3358 3001 3411 3055 in
3449 3000 3625 3069 platea

367 3103 580 3176 Ἄγκον.
617 3107 913 3179 ῐιαριόντες
938 3108 1120 3163 τοίνυν
1149 3110 1197 3161 οἱ
1232 3107 1374 3180 βόες,
1420 3107 1807 3179 κατεπάτησαν
1841 3108 1929 3161 τὸν

2045 3107 2265 3163 Andreae
2303 3123 2316 3159 :
2349 3104 2442 3175 qui
2483 3102 2811 3173 agitatorqu
2863 3099 3026 3152 boum
3075 3091 3296 3162 ungulis
3351 3090 3624 3151 calcatus,

381 3200 585 3263 Ὀσιον,
616 3199 899 3269 ἑλκόμενοι
929 3200 985 3252 δέ
1021 3199 1116 3254 καὶ
1142 3200 1191 3252 οἱ
1222 3202 1405 3271 τροχοὶ
1430 3200 1593 3270 μέσον
1616 3199 1713 3265 τῆς
1734 3198 1941 3262 κοιλίας

370 3291 536 3345 αὑτοῦ
570 3290 786 3361 διῆλθον
808 3291 941 3363 (87).
988 3291 1327 3361 Θεασάμενοι
1374 3292 1432 3345 δὲ
1474 3291 1521 3344 οἱ
1552 3290 1650 3360 τὴν
1692 3291 1809 3343 όδὸν
1840 3307 1941 3345 πυ-

374 3384 678 3453 ρευόμενοι,
712 3382 1182 3453 κατεκραύγασαν
1224 3382 1319 3436 τοῦ
1362 3382 1625 3453 βοηλάτου
1668 3383 1943 3454 θυμούμε-

371 3490 473 3536 νοι,
532 3472 625 3525 καί
678 3490 824 3535 τινες
881 3472 1154 3542 τύψαντες
1204 3474 1367 3527 αὑτὸν
1412 3475 1657 3543 σφοδρῶς
1708 3474 1940 3542 ελεγον·

376 3566 556 3620 Ἔστω
586 3570 665 3621 ὅτι
693 3568 794 3621 οὐκ
820 3568 1054 3639 αἰσθάνῃ
1076 3608 1093 3634 ,
1130 3566 1235 3620 κᾶν
1275 3567 1375 3619 οὐκ
1409 3566 1631 3630 ἐὸλεπες
1664 3566 1827 3619 πόθεν
1846 3583 1944 3619 πο-

379 3659 594 3729 ρεύεται
627 3662 660 3730 ή
694 3659 878 3731 ἆμαξιι
909 3677 923 3727 ;
970 3658 1028 3711 '0
1054 3658 1111 3711 δέ
1142 3658 1220 3728 τῷ
1253 3658 1433 3727 πολλῷ
1466 3658 1593 3728 οϊνῳ
1624 3657 1946 3728 κεκαρωμέ-

376 3768 485 3815 νος,
513 3751 666 3821 μόλις
689 3751 1028 3821 ἀπεκρίνατο
1055 3766 1069 3780 ο
1104 3750 1200 3812 Τίς
1226 3750 1534 3817 ἠνάγκαζεν
1580 3748 1742 3801 αὐτὸν
1780 3748 1946 3817 μέσον

371 3839 474 3911 τῆς
503 3840 621 3893 όδοῦ
653 3840 1009 3907 καθεσθῆναι,
1038 3840 1133 3893 καὶ
1160 3837 1464 3909 σκηνώσεις
1500 3838 1719 3907 ποιῆσαι
1748 3853 1762 3901 ;
1796 3836 1859 3890 Οἱ
1891 3836 1948 3889 δὲ

376 3935 513 4000 πρὸς
544 3932 705 3985 αὐτόν
734 3948 749 3963 ·
781 3930 901 4001 Δῲη
938 3948 1019 3985 σοι
1066 3933 1094 3984 6
1126 3931 1259 3995 Θεὸς
1304 3930 1405 4001 τὴν
1466 3929 1630 3983 αὑτοῦ
1683 3929 1947 4000 φρόνησιν

374 4023 469 4077 καὶ
513 4024 575 4076 τὸ
608 4021 850 4093 πνεῦμα,
890 4023 1046 4093 οόπερ
1099 4021 1260 4074 αὐτὸν
1298 4023 1377 4084 εἰς
1409 4019 1743 4091 τηλικαύτην
1798 4018 1949 4072 ἀπίει

373 4114 735 4184 ἀναισθησίαν
766 4115 988 4184 ῆλασεν.
1039 4114 1098 4167 'O
1128 4113 1185 4167 δὲ
1212 4113 1433 4175 Δίκαιος
1465 4113 1649 4183 χάριτι
1682 4111 1776 4165 τοῦ
1808 4112 1949 4182 Χρι-

377 4208 504 4262 στοῦ
570 4210 842 4278 διέμεινεν
900 4208 1166 4278 ἀϐλαϐής.
1218 4208 1327 4262 Καί
1369 4224 1513 4271 τινες
1553 4206 1948 4277 θαυμάζοντες,

377 4300 561 4370 ελεγον
594 4316 611 4334 ⁸
658 4302 724 4355 Τί
774 4302 1039 4373 εἴπωμεν,
1082 4302 1116 4373 ἢ
1172 4302 1224 4356 τί
1277 4299 1641 4371 φθεγξώμεθα
1679 4300 1806 4370 περὶ
1857 4296 1951 4351 τοῦ

378 4393 728 4463 πεφυρμένου
757 4394 989 4461 τούτους
1055 4392 1491 4463 Ἐπαποροῦμεν,
1534 4390 1642 4461 ἄρα
1683 4390 1787 4443 ὑπὸ
1813 4387 1949 4442 Θεοῦ

379 4486 692 4556 ἐσκεπάσθη
720 4479 899 4550 οὗτος,
945 4486 978 4557 ἢ
1012 4485 1116 4539 ὑπὸ
1146 4484 1255 4539 τῶν
1307 4482 1559 4555 πονηρῶν
1603 4481 1949 4552 πνευμάτων,

380 4578 437 4629 ἐν
466 4576 548 4641 οἷς
586 4579 1051 4650 κατατριϐόμενος
1079 4577 1301 4631 ὥλυται.
1342 4579 1405 4630 Ol
1440 4577 1496 4630 δέ
1522 4576 1706 4645 ἔλεγον
1729 4592 1743 4605 ’
1785 4576 1953 4628 Εἰκά-

380 4670 564 4739 ζομεν,
594 4671 676 4725 δτι
702 4674 730 4725 6
786 4670 1336 4742 συμπεριφερόμενος
1367 4670 1517 4740 αὑτῷ
1548 4670 1779 4741 δαίμων,
1834 4671 1958 4721 Em-

380 4761 561 4815 ποθῶν
614 4762 708 4815 τοῦ
761 4764 999 4817 συνεῖναι
1046 4762 1223 4832 αὐτῷ,
1277 4760 1444 4826 ὀξέως
1501 4764 1600 4833 τῆς
1648 4762 1955 4833 ἁμάξηςπὸ

380 4854 544 4926 βάρος
592 4854 873 4924 ἐκούφισε,
906 4855 999 4908 καὶ
1050 4853 1290 4925 ἀϐλαϐὴς
1336 4854 1622 4924 διέμεινεν.
1669 4854 1854 4907 ’Λλλοι
1898 4855 1956 4908 δὲ

380 4945 566 5013 ἔλεγον
592 4960 607 4974 ⁸
647 4944 786 5011 υῦκ,
818 4944 934 4999 ἀλλ’
960 4947 988 4999 6
1014 4945 1146 5008 Θεὸς
1185 4945 1431 5014 ἐλεήμων
1458 4944 1739 5017 ὑπάρχων,
1757 4949 1957 4999 οἰκτει-

387 5038 558 5107 ρήσας
602 5037 701 5109 τὴν
727 5038 890 5091 αὑτοῦ
922 5039 1168 5109 ἀτυχίαν,
1215 5037 1519 5091 ἐσκέπασεν
1557 5038 1739 5090 αὐτόν.
1772 5037 1956 5090 Ταῦτα

382 5131 560 5183 πάντα
611 5128 875 5192 ἑκουσίως
919 5130 1188 5201 ἔπραττεν
1245 5130 1274 5182 ό
1326 5129 1611 5200 Μακάριος
1646 5167 1662 5195 ,
1721 5130 1959 5199 μισήσας

382 5218 471 5273 τὸν
497 5222 701 5293 κόσμον
734 5220 827 5276 καλ⁸
852 5222 921 5277 τὰ
940 5224 998 5276 ἐν
1024 5224 1216 5295 κόσμῳ
1244 5221 1331 5276 διὰ
1364 5221 1463 5293 τὴν
1522 5222 1806 5293 βασιλείαν
1847 5222 1957 5274 τῶν

381 5314 649 5385 οὗρανῶν.

2044 3211 2497 3271 raptatarumque
2544 3204 2791 3250 rotarum
2874 3191 3134 3259 impetum
3208 3182 3385 3238 medio
3436 3190 3627 3234 ventre

2044 3294 2340 3365 excipiens,
2403 3286 2740 3345 transeuntis
2776 3297 2941 3352 super
3013 3294 3073 3335 se
3136 3290 3331 3332 currus
3382 3271 3623 3343 pondere

2044 3362 2267 3460 pressus
2311 3384 2433 3439 fuit.
2497 3381 2610 3437 Hoc
2642 3379 2736 3450 qui
2765 3376 2952 3432 eadem
2982 3374 3084 3427 iter
3106 3368 3381 3460 habebant
3404 3362 3626 3432 conspi-

2045 3459 2174 3545 cati,
2204 3492 2327 3534 cum
2353 3472 2727 3545 indignatione
2759 3469 3147 3535 increpuerunt
3195 3459 3631 3527 aurigam,nou-

2046 3543 2183 3628 nulli
2237 3570 2399 3625 etiam
2434 3543 2501 3621 ad
2552 3563 2775 3618 verbera
2810 3556 3082 3629 progressi
3108 3592 3123 3619 ,
3160 3550 3453 3607 dicebant:
3480 3543 3629 3599 Nihil

2047 3664 2249 3721 sentias
2303 3671 2357 3715 tu
2390 3661 2504 3729 ipse
2545 3658 2707 3720 licet,
2746 3667 2811 3707 ac
2845 3650 3034 3706 saltem
3080 3660 3188 3715 qua
3230 3655 3427 3698 currus
3460 3648 3635 3692 transv

2047 3767 2135 3812 eat
2174 3748 2612 3824 prospiciendum
2653 3746 2750 3799 tibi
2786 3743 2907 3797 fuit.
2980 3739 3052 3792 At
3087 3736 3198 3802 ille,
3234 3728 3633 3824 vinoplurimo

2051 3817 2423 3907 obrutus,vvix
2452 3839 2503 3894 id
2536 3835 2786 3906 responsi
2818 3832 2984 3887 dabat
3018 3846 3031 3883 :
3064 3828 3200 3893 Quis
3241 3823 3514 3878 lmminem
3575 3817 3631 3871 in

2052 3935 2235 3990 media
2284 3933 2461 4001 coegit
2505 3928 2591 3981 via
2634 3926 2871 3995 quietem
2896 3919 3000 3974 sibi
3029 3919 3159 3973 dare
3192 3926 3245 3970 et
3285 3907 3634 3968 habitationis

2052 4028 2229 4081 locum
2287 4020 2577 4091 deligere?
2626 4016 2727 4071 Cui
2793 4026 3012 4068 rursum
3069 4009 3182 4065 illi:
3226 4005 3442 4061 Utinam
3477 4002 3531 4055 in
3584 4010 3636 4053 te

2053 4104 2351 4173 transferat
2404 4113 2548 4168 Deus
2601 4109 2910 4181 passionem
2951 4103 3097 4158 illius
3121 4112 3173 4154 et
3196 4091 3637 4167 spiritum,uude

2055 4211 2121 4267 ad
2158 4225 2246 4265 res
2276 4218 2383 4263 tam
2410 4203 2659 4260 insolitas
2684 4208 2737 4255 et
2775 4214 2805 4253 a
2840 4196 3051 4253 ratione
3071 4192 3277 4245 alienas
3310 4182 3632 4254 impellitur!

2058 4304 2292 4359 Sanctus
2342 4297 2579 4362 interim,
2630 4308 2750 4364 quae
2798 4288 2972 4361 gratia
3032 4280 3235 4339 Christi
3281 4276 3401 4342 fuit,
3436 4272 3638 4348 mansi}

2058 4400 2280 4455 illaesus.
2325 4389 2691 4459 Quamobrem
2756 4386 3024 4439 mirantes
3084 4374 3255 4445 aliqui
3332 4370 3632 4459 dicebant:

2064 4495 2134 4549 De
2169 4458 2363 4545 insano
2394 4484 2570 4539 isthoc
2597 4480 2726 4551 quid
2758 4474 3056 4533 sentiemus
3103 4460 3496 4537 toquemurve?
3530 4458 3639 4511 Du-

2060 4585 2209 4641 bium
2241 4595 2372 4636 sane
2400 4588 2502 4641 est,
2532 4585 2715 4631 utrum
2757 4586 2787 4626 a
2808 4570 2937 4632 Deo,
2971 4581 3039 4620 an
3085 4579 3116 4618 a
3152 4559 3311 4616 malis
3333 4553 3634 4626 spiritibus,

2063 4694 2094 4733 a
2161 4673 2364 4746 quibus
2414 4671 2479 4725 ad
2546 4665 2839 4739 perniciem
2890 4674 3066 4729 usque
3115 4653 3444 4723 exagitetur,
3475 4644 3638 4746 fuerit

2062 4738 2441 4825 conservatus.
2494 4738 2597 4816 Alii
2653 4755 3057 4815 existimabant,
3115 4746 3349 4803 incolam
3402 4738 3638 4795 hominis

2061 4872 2263 4918 tetrum
2315 4859 2559 4912 daemonia
2591 4891 2607 4919 ,
2665 4850 2811 4921 quod
2870 4845 3076 4917 perdite
3134 4838 3466 4895 desideraret
3514 4846 3635 4886 eum

2058 4968 2223 5025 porro
2263 4949 2519 5012 incolere,
2552 4943 2836 5000 confestim
2858 4937 3087 5010 plaustri
3109 4932 3324 5003 pondus
3356 4926 3639 4983 alleviasse

2063 5020 2299 5116 hincque
2349 5044 2467 5099 sine
2522 5039 2743 5093 laesione
2772 5033 3112 5089 transivisse.
3164 5027 3268 5081 Alii
3298 5038 3429 5079 vero
3458 5020 3509 5075 id
3541 5032 3640 5072 ne-

2065 5111 2295 5211 gantes,
2346 5134 2645 5190 attribuere
2708 5128 2817 5184 Deo
2870 5125 3164 5187 malebant,
3198 5120 3291 5191 qui
3316 5111 3640 5173 calamitatis

2063 5206 2291 5285 Andreae
2344 5229 2618 5291 misertus,
2673 5223 2853 5293 ipsum
2898 5220 3243 5293 protexisset.
3312 5213 3490 5281 Atque
3525 5206 3641 5259 hazc

2064 5322 2244 5379 omnia
2271 5322 2501 5379 faciebat
2532 5321 2774 5377 Sanctus
2809 5317 2992 5373 animo
3018 5312 3249 5377 lubenti,
3303 5306 3429 5364 odio
3457 5312 3646 5373 prose—

381 5424 555 5478 quens
588 5412 850 5468 mundum
881 5422 936 5470 et
964 5430 1026 5471 ea
1049 5431 1170 5488 qua:
1196 5415 1251 5472 in
1281 5417 1487 5473 mundo
1528 5427 1677 5487 sunt,
1711 5427 1770 5474 ut
1825 5421 2088 5489 potiretur
2110 5420 2403 5492 aliquando
2426 5421 2577 5493 regni
2605 5420 2865 5478 cmlcstis.

456 5575 568 5657 (.87.)
620 5576 697 5657 ita
744 5590 864 5655 .ms.
912 5575 1117 5635 Mazar.
1154 5592 1256 5651 pro
1308 5593 1418 5651 quo
1444 5578 1692 5642 Vatican.
1744 5580 1860 5637 haec
1887 5594 1941 5638 οι

2045 5597 2071 5638 a
2115 5580 2393 5641 habebat:
2452 5583 2834 5657 Δῳϐήσαντες,
2892 5582 3226 5648 σπασθέντες
3300 5583 3355 5638 δὲ
3385 5581 3643 5655 διέὗησαν

387 5644 572 5703 ἐπάνω
606 5644 796 5701 αὑτοῦ.
