4100 6212
399 152 499 217 '.'ll

397 373 490 412 mo
547 356 775 411 Domino
832 368 1020 413 nostro
1059 357 1199 409 vires
1233 353 1551 414 suliiciente,
1584 360 1841 419 operatus
1878 358 1980 404 est.

397 450 532 503 lllud
566 448 775 503 aestatis
810 457 1020 517 tempus
1050 447 1309 517 agebatur
1329 484 1345 507 ,
1406 459 1517 513 quo
1548 452 1713 498 mstus
1744 443 1876 497 solis
1904 443 1988 496 in-

402 537 701 591 tolerabilis
755 545 954 592 terram
1007 533 1411 605 quodammodo
1435 544 1493 586 ut
1557 531 1830 587 clibannm
1862 548 1989 587 sue-

401 628 584 682 cendit
605 643 620 692 ;
645 641 769 682 cum
807 629 1002 681 Beatus
1033 625 1245 680 ebrium
1275 639 1335 680 se
1378 624 1675 689 simulavit,
1708 624 1986 678 ebriorum

401 719 756 787 exprimendo
792 728 977 789 gestus
1005 732 1332 787 gressusque
1353 717 1639 781 imitando,
1662 718 1991 787 procedens-

404 826 511 879 que
546 810 599 864 in
655 809 833 865 locum
888 810 1121 863 maxime
1167 810 1435 878 apricum,
1490 808 1778 878 procubuit
1811 809 1991 863 media

404 904 516 967 via,
540 903 689 957 nullo
716 902 821 956 cibi
848 912 1079 972 potusve
1102 902 1341 957 admisso
1366 901 1578 965 solatio,
1604 911 1656 956 et
1672 911 1991 957 aestuantem

405 983 520 1048 illic
577 994 746 1049 solem
800 994 890 1047 diu
926 993 1191 1047 toleravit.
1229 992 1629 1046 Praetereuntes
1664 1006 1815 1056 vero,
1847 991 1994 1061 quod

405 1091 733 1146 oﬂ‘endiculo
795 1091 896 1145 sibi
951 1099 1116 1153 esset,
1175 1104 1205 1144 a
1256 1090 1468 1143 diabolo
1518 1089 1584 1144 ad
1655 1088 1993 1145 iracundiam

409 1184 669 1252 instigati,
722 1198 846 1253 pars
898 1182 1109 1238 baculis
1157 1182 1435 1237 czedebaut
1489 1182 1800 1251 jacentem,
1870 1197 1997 1251 pars

409 1272 647 1343 impacto
708 1273 761 1327 in
801 1274 977 1342 ipsum
1031 1272 1181 1327 calce
1218 1272 1523 1326 transibant
1556 1312 1569 1337 ,
1608 1272 1698 1326 alii
1752 1272 2003 1342 blasphe-

418 1374 634 1419 mantes
688 1365 1085 1420 conculcabant
1138 1365 1381 1435 pedibus,
1417 1364 1665 1419 nonnulli
1711 1380 1807 1434 per
1838 1367 2001 1434 pedes

417 1465 653 1512 tractum
708 1458 762 1511 in
822 1472 1060 1527 pra-ceps
1156 1457 1435 1526 rapiebant
1468 1472 1482 1510 :
1515 1457 1659 1511 unde
1716 1456 2002 1526 ingruente

413 1560 575 1605 nocte
658 1566 992 1619 resurgens,
1049 1550 1362 1605 conferebat
1429 1564 1486 1604 se
1547 1549 1613 1604 ad
1642 1549 1998 1607 ecclesiarum

1444 143 1871 208 NICEPHORI
1910 139 2388 203 PRESBYTERI
2428 141 2537 199 CP.
3547 130 3654 196 712

468 263 559 317 70.
590 262 750 318 Aliud
783 279 997 334 quoque
1022 271 1320 318 memoratu
1353 262 1599 331 dignum,
1653 258 1981 328 benignissi-
2014 260 2056 316 Δ

2157 274 2217 321 ο¹.
2240 268 2466 338 Ἕτερον
2492 268 2550 321 δὲ
2582 271 2814 340 πρᾶγμα
2842 270 2869 321 ὁ
2894 271 3109 334 Δίκαιος
3137 270 3425 339 ἔπραττεν,
3452 266 3548 320 τοῦ
3577 284 3661 335 φι-

2082 362 2407 432 λανθρώπου
2440 361 2575 416 Θεοῦ
2610 364 3032 433 ἐνδυναμοῦντος
3063 363 3245 419 αὐτόν.
3284 363 3375 417 Ἑν
3406 363 3517 432 γὰρ
3545 362 3663 423 ταῖς

2088 462 2182 516 τοῦ
2220 462 2416 530 θέρους
2448 462 2707 531 ἡμέραις,
2742 460 2905 530 ἡνίκα
2943 460 2971 512 ὁ
3002 458 3275 528 ἀφόρητος
3309 456 3530 511 καύσων
3567 455 3660 509 τοῦ

2090 557 2240 624 ἡλίου
2272 555 2536 624 ὑπῆρχεν,
2590 555 2617 606 ὀ
2648 553 2741 605 καὶ
2772 552 2871 623 τὴν
2905 553 3007 622 γῆν
3050 550 3125 612 ὡς
3168 550 3397 618 κάμινον
3435 547 3662 620 ἐργαζό-

2094 662 2257 717 μενος
2283 660 2297 677 ·
2322 645 2446 697 τότε
2470 646 2497 697 ὁ
2527 644 2813 715 Μακάριος
2843 639 3313 715 σχηματιζόμενος
3353 641 3525 694 ἐποίει
3570 642 3665 695 αύ-

2092 737 2185 791 τὸν
2216 737 2291 799 ὠς
2318 735 2604 807 μεθύοντα,
2636 735 2965 805 ἀφικόμενος
2992 734 3051 786 ἐν
3078 733 3156 802 τῷ
3186 731 3455 786 καυσώδει
3493 732 3663 802 τόπῳ,

2096 830 2274 903 ἐκεῖσε
2317 828 2586 897 ὑπέμενεν
2636 825 2732 880 τὸν
2785 825 3047 895 φλογερὸν
3085 824 3361 889 καύσωνα,
3421 823 3669 895 ἄϐρωτος

2098 924 2190 976 καὶ
2251 923 2455 984 ἄποτος
2515 921 2680 991 μέσον
2730 919 2829 989 τῆς
2869 918 2990 972 ὀδοῦ
3036 919 3414 990 ἀνακείμενος.
3462 919 3524 971 Oi
3574 915 3668 972 οὖν

2096 1013 2436 1083 διερχόμενοι
2478 1008 2937 1079 συμποδιζόμενοι
2978 1008 3058 1070 είς
3094 1005 3278 1069 αὑτὸν,
3333 1008 3395 1057 ἐκ
3428 1004 3670 1057 διαϐολι-

2100 1106 2203 1174 κῆς
2242 1104 2503 1174 ἐργασίας
2530 1101 2884 1174 θυμούμενοι,
2921 1100 2969 1151 0i
3011 1100 3111 1169 μὲν
3152 1097 3370 1169 ῥάϐδοις
3417 1096 3667 1160 ἔτυπτον,

2099 1199 2150 1251 0i
2182 1198 2235 1251 δὲ
2264 1196 2612 1261 λακτίζοντες
2637 1194 2924 1258 διέϐαινον,
2962 1192 3142 1262 ἕτεροι
3182 1188 3238 1242 δὲ
3285 1186 3672 1258 βλασφημοῦν-

2100 1308 2190 1355 τες
2218 1293 2313 1346 καὶ
2347 1293 2461 1353 τοῖς
2478 1292 2605 1343 ποσὶ
2632 1284 3092 1349 καταπατοῦντες,
3119 1283 3269 1337 ἄλλοι
3290 1282 3346 1335 δὲ
3370 1284 3495 1344 τοὺς
3510 1280 3673 1344 πόδας

2103 1385 2269 1439 αὐτοῦ
2303 1385 2594 1452 λαϐόμενοι
2634 1384 2716 1444 είς
2764 1380 2826 1434 τὸ
2873 1379 3138 1441 κάταντες
3189 1375 3405 1447 ἔσυρον.
3483 1372 3673 1426 Ἥνίκα

2103 1479 2223 1550 δὲὴ
2269 1478 2368 1542 νὺξ
2417 1475 2740 1540 κατέλαϐεν,
2771 1473 3132 1541 ἀνιστάμενος
3195 1468 3425 1531 ἐκεῖθεν,
3477 1467 3675 1537 ἤρχετο

2106 1573 2166 1626 ἐν
2222 1573 2337 1635 τοῖς
2398 1569 2695 1642 προθύροις
2742 1566 2851 1622 τῶν
2906 1562 3239 1635 ἐκκλησιῶν,
3281 1561 3378 1614 καὶ
3431 1560 3499 1613 δι’
3544 1560 3673 1629 ὅλης

410 1642 717 1710 vestibula,
784 1644 1141 1712 vaeabatque,
1196 1650 1397 1712 quanta
1434 1650 1635 1709 quanta
1665 1657 1771 1697 nox
1836 1655 1999 1710 esset,

2115 1665 2299 1726 νυκτὸς
2343 1662 2592 1733 ὑπῆρχεν
2638 1658 3040 1730 ἀσχολούμενος
3090 1656 3153 1711 ἐν
3204 1653 3532 1725 προσευχαῖς
3579 1652 3674 1704 καὶ

413 1735 682 1790 orationi.

494 1829 581 1881 71.
635 1828 773 1881 Cum
833 1826 912 1881 sic
945 1825 1236 1895 aliquando
1264 1825 1594 1881 circumiens
1644 1827 1759 1883 suis
1785 1838 2003 1883 vacaret

2103 1759 2376 1812 δεήσεσιν.

2206 1775 2376 1812 σεςσιν.

2161 1759 2262 1899 ἓαα
2296 1846 2387 1898 Ἐν
2414 1846 2512 1916 μιᾷ
2538 1843 2631 1898 οῦν
2656 1843 2889 1914 περιόδῳ
2913 1844 3011 1913 τῆς
3039 1841 3201 1895 αὑτοῦ
3228 1842 3515 1912 ἐργασίας,
3544 1858 3672 1894 συν-

415 1917 739 1982 exercitiis,
800 1917 1025 1987 conligit
1075 1917 1397 1972 miraculum
1459 1918 1731 1987 quoddam
1817 1920 2001 1989 perlici

2115 1936 2190 2009 ηϐη
2216 1955 2269 1991 τι
2300 1938 2714 2008 ἐπιτελεσθῆναι
2744 1938 2825 2000 είς
2855 1936 2948 1989 τὸν
2974 1933 3069 1988 τοῦ
3099 1934 3303 2004 Κυρίου
3332 1933 3659 2004 θεράποντα.

417 2009 473 2063 in
530 2009 735 2062 famulo
789 2007 902 2062 Dei.
969 2006 1246 2062 Vestibula
1331 2024 1566 2079 namque
1622 2008 2001 2075 ecclesiarum,

418 2099 756 2168 intempesta:
820 2099 997 2154 noctis
1052 2111 1315 2167 tempore,
1348 2114 1454 2169 quo
1502 2098 1681 2153 minus
1711 2112 1876 2169 opera
1906 2113 2004 2153 sua

421 2190 746 2246 hominibus
806 2190 1226 2251 inualescerent,
1287 2204 1437 2244 more
1485 2204 1584 2244 suo
1607 2190 2009 2245 visitabatora-

422 2283 591 2337 tionis
625 2299 789 2337 causa
824 2322 839 2345 ,
902 2299 1025 2337 cum
1078 2282 1214 2337 forte
1249 2282 1314 2337 ad
1364 2281 1532 2335 a-dem
1565 2297 1783 2351 quoque
1811 2280 2009 2351 glorio-

421 2374 653 2430 sissima:
706 2376 796 2430 Dei
841 2374 1154 2438 Genitricis,
1186 2391 1215 2429 c
1254 2374 1477 2428 sinistra
1536 2374 1639 2430 fori
1692 2374 1807 2445 (88)
1860 2373 2005 2429 Coit-

423 2466 747 2519 stantiuiani
814 2475 965 2532 parte
1023 2467 1208 2531 sitam,
1270 2464 1481 2519 delatus
1532 2474 1639 2529 est,
1699 2465 2010 2535 acciditque

428 2558 537 2612 sub
597 2559 738 2612 idem
801 2568 1014 2628 tempus
1082 2555 1346 2612 famulum
1394 2556 1685 2627 quemdam
1723 2572 1752 2609 a
1784 2556 2009 2611 domino

436 2665 538 2706 suo
594 2650 839 2720 responsi
899 2651 1201 2721 cujuspiam
1265 2650 1483 2721 petendi
1527 2665 1695 2704 causa
1755 2650 2008 2713 missum,

426 2742 553 2798 illae
601 2744 860 2799 transire.
896 2743 994 2798 llic
1025 2744 1209 2813 igitur,
1248 2754 1307 2798 ut
1341 2743 1682 2799 contentiore
1732 2743 2017 2798 incedebat

430 2837 627 2904 gradu,
658 2834 1033 2891 conferentem
1073 2850 1133 2889 se
1179 2834 1438 2903 precandi
1492 2849 1622 2905 ergo
1650 2833 1717 2887 ad
1744 2848 2015 2889 memora-

428 2936 546 2980 tum
601 2925 896 2981 oratorium
944 2925 1216 2979 Andream
1269 2933 1551 2981 assecutus
1610 2933 1728 2990 est,
1785 2926 1906 2994 ipso
1957 2924 2014 2979 id

428 3036 541 3075 non
592 3020 936 3076 observante.
958 3020 1095 3075 Cum
1125 3020 1288 3090 igitur
1318 3028 1538 3074 ventum
1560 3028 1642 3074 est
1672 3019 1892 3088 propius
1946 3018 2016 3076 ad

430 3110 613 3179 templi
697 3109 1064 3174 vestibulum,
1111 3110 1326 3165 volente
1394 3108 1504 3164 Deo
1548 3116 2015 3174 commonstrare,

429 3213 669 3271 quantus
691 3202 928 3258 famulus
963 3218 1095 3258 suus
1122 3212 1292 3267 esset,
1332 3203 1396 3255 ad
1447 3200 1660 3270 signum
1700 3200 2021 3254 venerandae

432 3294 612 3351 crucis
642 3333 658 3359 ,
692 3295 837 3364 quod
891 3293 1122 3349 Sanctus
1174 3303 1399 3347 extensa
1462 3306 1623 3344 manu
1653 3290 1877 3344 dextera
1905 3288 2020 3343 for-

437 3386 644 3449 mabat,
698 3389 959 3439 continuo
1013 3384 1179 3437 valva:
1232 3397 1329 3437 sua
1409 3390 1602 3450 sponte
1670 3390 2017 3448 patuerunt:

433 3482 527 3546 qui
583 3479 901 3547 ingressus.
952 3476 1187 3531 orationi
1233 3488 1426 3530 secure
1496 3470 1754 3535 vacabat,
1817 3472 2021 3529 nullius

435 3570 609 3636 magis
671 3568 924 3635 nescius,
969 3580 1132 3636 quam
1187 3565 1331 3634 quod
1361 3564 1430 3618 ab
1459 3562 1643 3630 aliquo
1676 3578 1813 3631 pone
1833 3572 2021 3618 secuto

440 3660 822 3729 deprehensus
884 3665 1050 3711 esset.
1088 3655 1464 3724 Depreliensor
1521 3662 1702 3707 autem
1731 3652 1820 3706 ille
1851 3652 2022 3721 probe

439 3759 667 3804 noverat
699 3748 995 3813 Andream,
1032 3747 1346 3815 sciebatque
1369 3759 1398 3798 e
1431 3757 1662 3798 numero
1701 3741 2021 3796 insanorum

438 3864 561 3902 esse
584 3860 749 3899 unum
784 3859 799 3898 :
826 3844 911 3898 cui
931 3840 1151 3911 quando
1171 3848 1358 3909 portas
1378 3835 1647 3907 adaperiri
1675 3835 2024 3905 conspicatus

442 3949 546 4004 est,
598 3937 889 4001 inhorruit,
932 3934 1171 4002 totisque
1202 3931 1430 3985 artubus
1466 3927 1915 3989 contremiscens,
1949 3926 2024 3979 ita

438 4046 625 4088 secum
656 4029 963 4100 pensitabat
997 4043 1011 4081 :
1041 4024 1181 4080 Ecce
1226 4024 1446 4093 qualem
1502 4029 1878 4090 quantumque
1926 4017 2023 4072 Dei

444 4125 706 4180 famulum
740 4123 779 4178 ii
818 4120 1068 4190 quivere
1125 4117 1304 4171 insani
1357 4120 1505 4178 sunt,
1560 4107 2023 4179 vesanumappel-

440 4216 602 4272 litant
635 4217 647 4270 ί
684 4230 716 4270 o
772 4221 907 4285 quot
927 4212 1035 4265 Deo
1097 4208 1309 4265 eximia:
1339 4203 1644 4261 sanctitatis
1670 4202 1911 4256 cultores
1935 4214 2026 4254 oc-

443 4288 575 4360 culti
633 4315 783 4369 sunt,
840 4315 1071 4372 quorum
1105 4297 1251 4352 nulla
1300 4294 1458 4349 nobis
1487 4301 1638 4363 gesta
1690 4298 1783 4344 aut
1824 4288 2022 4343 indicia
2055 4316 2098 4371 ο

444 4399 798 4451 innotescunt
820 4395 834 4448 1

518 4488 609 4543 72.
680 4486 785 4543 Ubi
832 4484 982 4547 talia,
1011 4482 1315 4537 consistens
1366 4491 1465 4548 pro
1494 4474 1722 4541 foribus,
1773 4471 2031 4527 volvisset

447 4581 654 4642 animo,
677 4576 909 4632 accessit
943 4574 1190 4645 prepius,
1224 4570 1605 4641 speculaturus
1654 4565 1785 4637 quid
1837 4578 2018 4620 rerum

448 4675 597 4730 intus
662 4676 844 4740 ageret
869 4685 882 4721 :
911 4666 1152 4737 viditque
1176 4673 1300 4734 ante
1331 4662 1621 4717 ambonem
1659 4659 1714 4714 in
1744 4671 1868 4712 aere
1894 4670 2027 4725 pen-

447 4764 638 4820 dulum
697 4775 877 4826 orare,
923 4760 1140 4814 ﬂamma
1202 4755 1343 4827 ignis
1390 4753 1597 4809 circum
1640 4750 1946 4811 emicante,
1974 4754 2030 4801 et

449 4854 789 4914 sentiebatur
859 4852 1042 4924 egredi
1075 4849 1144 4906 ab
1199 4849 1317 4919 ipso
1345 4844 1636 4917 singularis
1654 4842 1882 4899 odorum
1912 4837 2024 4892 fra-

449 4949 687 5022 grantia,
720 4961 840 5017 quae
873 4945 938 4999 ad
961 4950 1173 5014 portam
1207 4954 1381 5009 usque
1414 4935 1750 5007 pertingebat
1783 4929 2029 5022 ecclesia:

452 5019 549 5097 ubi
578 5037 815 5095 famulus
858 5032 1140 5108 spectandi
1177 5043 1345 5085 causa
1363 5028 1580 5085 stabat:
1615 5023 1709 5094 qui
1741 5019 2026 5075 taminso-

451 5136 551 5190 lito
601 5128 869 5187 miraculo
919 5123 1355 5195 obstupefactus,
1407 5119 1534 5173 inde
1591 5112 1782 5186 pedem
1846 5110 2032 5165 retulit

457 5226 715 5285 mandata
768 5220 979 5280 domini
1033 5218 1120 5275 sui
1152 5221 1534 5272 exsecuturus.
1588 5206 1826 5262 Sanctus
1874 5216 2030 5265 vero,

527 5386 637 5453 (88)
698 5382 796 5453 Est
856 5383 971 5437 luce
1026 5376 1169 5447 apud
1223 5360 2027 5453 Canngium,libavtlongnn:

460 5432 1104 5522 ιἔνιορῖίὶε-ξὴτῖἶῖἱοιιαί,
1150 5432 1397 5522 rapui,
1457 5432 1823 5522 ittter‘mdcs,

457 5512 740 5580 enumerat
811 5512 1238 5592 quinquaginta;
1275 5512 1518 5592 Deiparae
1589 5514 2029 5592 sacrastviee:

459 5568 1425 5661 Eihii'"§é'cui?ti;i';‘ﬁifiiiii"docct‘a
1481 5576 1681 5632 Basilio
1740 5568 2032 5627 Macedone

2107 2034 2265 2088 Κατὰ
2296 2034 2404 2101 γὰρ
2450 2031 2510 2082 τὸ
2539 2029 2729 2092 εἰωθὸς
2779 2028 3144 2098 πορευομένου
3176 2026 3340 2079 αὑτοῦ
3384 2027 3441 2077 ἐν
3474 2022 3673 2090 ἀωρίᾳ,

2106 2129 2243 2199 πρὸς
2275 2127 2337 2180 τὸ
2370 2126 2445 2197 μὴ
2472 2121 2781 2194 γνωσθῆναί
2818 2138 2924 2174 τινι
2976 2118 3079 2190 τὴν
3104 2118 3369 2189 ἐργασίαν
3402 2114 3587 2175 αὑτοῦ,
3618 2114 3677 2165 ἐν

2105 2223 2218 2284 τοῖς
2250 2204 2539 2290 προθύροις
2566 2215 2674 2269 τῶν
2704 2212 3007 2283 ἐκκλησιῶν
3064 2210 3222 2281 χάριν
3263 2208 3450 2278 εὐχῆς,
3480 2204 3676 2274 συνέϐη

2109 2310 2513 2383 παραγενέσθαι
2532 2308 2713 2372 αὑτὶν,
2733 2306 2827 2359 καὶ
2855 2306 2912 2357 ἐν
2938 2301 3017 2375 τῷ
3042 2299 3312 2371 εύκτηρίῳ
3339 2300 3436 2367 τῆς
3466 2312 3678 2364 πανυμ-

2109 2409 2270 2479 νήτου
2296 2406 2583 2467 Θεοτόκου,
2618 2402 2697 2468 τῷ
2724 2402 2838 2457 δντι
2864 2402 2921 2455 ἐν
2938 2397 3013 2463 τῷ
3040 2395 3307 2464 εύωνύμῳ
3339 2390 3551 2461 ἐμϐόλῳ
3582 2385 3677 2440 τοῦ

2112 2503 2278 2573 φόρου
2311 2497 2749 2553 Κωνσταντίνου.
2783 2496 3014 2564 Ἔτυχεν
3044 2491 3101 2545 δέ
3126 2506 3248 2543 τινα
3278 2485 3442 2540 παῖδα
3465 2483 3533 2538 δι’
3562 2484 3683 2534 ἑπι-

2111 2592 2285 2661 ταγῆς
2308 2589 2403 2643 τοῦ
2425 2588 2614 2658 κυρίου
2640 2586 2804 2640 αὑτοῦ
2835 2588 2891 2639 ἐν
2914 2587 2980 2655 τῇ
3006 2580 3265 2651 λεωφόρῳ
3282 2578 3368 2632 ἐπ’
3389 2573 3684 2645 ἀποκρίσει

2112 2684 2445 2757 διέρχεσθαι.
2495 2680 2602 2734 Τοῦ
2658 2677 2752 2731 οῦν
2792 2676 2970 2731 Ὀσίου
3018 2671 3365 2744 διερχομένου
3413 2664 3682 2757 προςᾲτδν

2115 2754 2403 2842 εύκτήριον
2432 2768 2579 2827 οἶκον
2603 2767 2697 2822 τοῦ
2732 2763 3153 2837 προσεύξασθαι,
3194 2758 3498 2829 ἐπεφθάκει
3523 2754 3684 2809 αὐτὸν

2114 2870 2142 2921 ὁ
2173 2867 2302 2929 παῖς
2330 2863 2608 2931 ὀξυτέροις
2648 2858 2880 2930 βαδίζων
2905 2855 3060 2910 ποσίν
3093 2872 3109 2889 ο
3134 2857 3161 2908 ό
3191 2853 3247 2907 δὲ
3281 2854 3465 2905 Ὀσιον
3497 2848 3685 2918 ἠγνόει

2119 2958 2210 3012 τὸν
2260 2956 2543 3028 βαδίζοντα
2570 2952 2817 3007 ὄπισθεν.
2863 2952 2948 3010 Ὠς
2980 2948 3039 3003 δέ
3084 2944 3310 3016 πλησίον
3344 2943 3450 2996 τῶν
3478 2937 3685 3028 προθύ-

2123 3066 2231 3122 ρων
2263 3048 2480 3119 ἐγένετο
2512 3046 2604 3101 τοῦ
2641 3044 2790 3110 ναοῦ,
2830 3042 2925 3095 τοῦ
2949 3039 3084 3093 Θεοῦ
3124 3038 3366 3097 θέλοντος
3407 3024 3683 3102 δειχθῆναι

2119 3141 2301 3203 ὁποῖός
2351 3144 2521 3202 ἐστιν,
2574 3134 3090 3198 ἐκτείναςόὊσιος
3134 3132 3232 3202 τὴν
3286 3126 3463 3191 δεξιὰν
3520 3122 3682 3177 αὑτοῦ

2120 3238 2300 3305 χεῖρα,
2357 3235 2449 3286 καὶ
2501 3231 2811 3301 σφραγίσας
2848 3228 2946 3289 τὰς
2997 3225 3173 3286 πύλας
3206 3222 3284 3292 τῷ
3331 3218 3542 3289 σημείῳ
3586 3213 3682 3267 τοῦ

2120 3329 2299 3397 τιμίου
2364 3324 2639 3394 σταυροῦ,
2700 3322 2901 3382 εύθέως
2959 3316 3226 3386 αὐτοματὶ
3275 3310 3625 3384 ἠνεῴχθησαν
3664 3323 3681 3339 ·

2124 3416 2384 3475 εἰσελθὼν
2411 3418 2467 3472 δὲ
2499 3416 2667 3480 ἔνδον,
2700 3414 2868 3475 ἀδεῶς
2896 3412 2996 3481 τὴν
3025 3406 3332 3479 προσευχὴν
3376 3403 3577 3465 ἐποίει,
3609 3399 3682 3469 μὴ

2122 3514 2479 3585 ἐπιστάμενος
2512 3513 2592 3565 ὃτι
2615 3506 2837 3563 ὄπισθεν
2861 3505 2965 3557 ὑπό
2997 3518 3139 3565 τινος
3172 3496 3581 3552 κατοπτεύεται.
3627 3492 3685 3543 '0

2121 3606 2216 3661 οὖν
2253 3609 2405 3670 παῖς,
2431 3604 2488 3668 ὃς
2517 3601 2740 3657 ὄπισθεν
2769 3596 3071 3669 ἠκολούθει,
3102 3588 3194 3646 εἶδ’
3236 3591 3419 3655 αὐτὸν,
3451 3586 3545 3642 καὶ
3572 3586 3686 3653 ἐγίς

2122 3717 2334 3754 νωσκεν
2377 3700 2476 3753 ἕνα
2519 3701 2627 3753 τῶν
2672 3696 3218 3770 παρατετραμμένων
3265 3691 3571 3759 ὑπάρχειν,
3597 3685 3691 3737 καὶ

2124 3792 2461 3865 θεασάμενος
2486 3794 2589 3855 τὰς
2608 3792 2782 3856 πύλας
2808 3789 3190 3861 ἀνεῳχθεξσας,
3219 3782 3437 3856 ἔφριξεν
3466 3778 3695 3848 ίλιγγιάρ-

2126 3902 2246 3950 σας,
2275 3888 2369 3939 καὶ
2387 3886 2573 3957 τρόμῳ
2600 3883 2883 3954 συσχεθεὶς
2913 3880 3182 3950 ἐλογίζετο
3198 3880 3257 3957 ἐν
3281 3874 3456 3946 ἐαυτῷ
3475 3874 3648 3940 λέγων
3674 3886 3689 3902 ·

2129 3976 2236 4030 Ἴδε
2264 3979 2413 4030 ποῖον
2443 3976 2630 4030 δοῦλον
2662 3974 2755 4027 τοῦ
2798 3972 2932 4026 Θεοῦ
2969 3973 3018 4025 οί
3051 3968 3190 4024 κατά
3217 3967 3471 4037 ἀληθειαν
3517 3979 3698 4031 παρα-

2125 4070 2491 4141 τετραμμένοι
2510 4067 2813 4139 ἠπιώτερον
2846 4063 3243 4135 ὀνομάζουσινῐ
3276 4061 3456 4119 ὁποῖος
3503 4057 3697 4122 ’Λγιος

2126 4163 2486 4233 καθέστηκεν,
2517 4162 2611 4215 καὶ
2651 4158 2955 4231 ἠγνοοῦμεν
3003 4158 3160 4227 ἡμεῖς
3197 4154 3210 4207 !
3256 4150 3300 4204 ὣ
3338 4152 3536 4210 πόσους
3566 4164 3699 4214 κρυ-

2129 4258 2297 4319 πτοὺς
2340 4254 2562 4317 δούλους
2623 4253 2787 4322 ἔχειό
2814 4251 2968 4316 Θεὸς,
3012 4251 3107 4302 καὶ
3156 4245 3327 4308 ούδεὶς
3358 4246 3385 4297 ό
3416 4240 3610 4296 συνιὼν
3659 4239 3695 4309 ἧ

2127 4350 2411 4419 γινώσκων
2439 4347 2507 4399 τὰ
2537 4346 2657 4399 κατ’
2679 4342 2874 4405 αύτούς
2906 4344 2919 4396 !

2197 4445 2295 4516 οβ’.
2325 4444 2411 4507 Ὦς
2428 4442 2674 4497 δὲταῦτα
2691 4439 3035 4507 διελογίζετο,
3056 4435 3225 4497 ἑστὼς
3244 4431 3351 4503 πρὸ
3369 4429 3473 4482 τῶν
3498 4426 3705 4491 πυλῶν,

2127 4537 2411 4610 πορευθεὶς
2434 4533 2754 4606 ἐγγύτερον,
2779 4530 3110 4585 ἐσκόπευσεν
3132 4526 3184 4579 τί
3208 4524 3356 4577 ἔνδον
3381 4520 3700 4591 ἐργάζεται,

2133 4630 2227 4683 καὶ
2250 4626 2434 4698 βλέπει
2457 4624 2619 4678 αὑτὸν
2649 4624 2754 4694 πρὸ
2769 4620 2863 4676 τοῦ
2887 4620 3136 4691 ἀμϐωνος
3168 4617 3260 4671 ἐπὶ
3282 4615 3373 4668 τὸν
3401 4614 3538 4682 ἀέρα
3569 4626 3702 4679 κρε-

2134 4722 2379 4791 μάμενον
2411 4722 2503 4772 καὶ
2544 4717 2981 4788 προσευχόμενον
3015 4728 3032 4746 ·
3065 4710 3247 4778 κύκλῳ
3293 4702 3351 4761 6's
3375 4703 3536 4758 αὑτοῦ
3568 4701 3702 4771 φλὸξ

2133 4812 2305 4883 πυρὸς
2343 4809 2718 4880 ἐξεπορεύετο,
2775 4806 2837 4871 ἐξ
2882 4804 3048 4859 αὑτοῦ
3088 4802 3145 4856 δὲ
3195 4800 3455 4871 ἐξήρχετο
3504 4794 3701 4848 εὐωδία

2133 4905 2487 4974 ἀσύγκριτος,
2509 4902 2669 4971 μέχρι
2694 4915 2757 4967 γε
2796 4897 2907 4951 τῶν
2939 4894 3122 4950 πυλῶν
3150 4891 3244 4946 τοῦ
3283 4888 3435 4952 ναοῦ,
3475 4887 3609 4938 ὅπου
3637 4899 3703 4950 γε

2134 4996 2316 5061 ὀπαῖς
2360 4993 2591 5063 θεωρίας
2629 4992 2795 5046 ἕνεκα
2853 4989 3058 5042 ἵστατο.
3109 4979 3494 5049 Καταπλαγεὶς
3546 4974 3643 5028 οὖν
3676 4976 3705 5026 ό

2138 5096 2267 5157 παῖς
2326 5091 2418 5144 ἐπὶ
2462 5089 2539 5161 τῷ
2587 5084 2875 5159 παραδόξῳ
2920 5083 3099 5153 τούτῳ
3147 5079 3424 5149 θαύματι,
3490 5067 3704 5124 ἐκεῖθεν

2138 5186 2588 5261 ἀνακεχώρηκενΝ
2602 5183 2701 5254 τὴν
2734 5175 3031 5252 πρόσταξιν
3055 5169 3330 5228 ἐκτελέσαι
3374 5163 3469 5219 τοῦ
3510 5162 3704 5231 κυρίου

2138 5354 2222 5410 vel
2278 5357 2615 5409 exstructam
2658 5342 2892 5414 primum
2948 5317 3705 5414 ve_l_restauratamgiu_iss‘e.

2140 5388 2222 5479 Z-i"
2644 5388 2968 5483 simpliciter
2992 5388 3299 5471 Εὐκτηριον
3326 5398 3491 5466 φόρου
3524 5388 3707 5462 appel-

2141 5496 2264 5553 lari.
