4088 6216
396 258 498 318 79‘.)

1562 264 1740 324 Vl'l‘A
1782 266 1846 323 S.
1886 264 2215 324 ANDREIE
2257 265 2442 327 ΞΛΜ.

3538 269 3647 330 ~50

3550 301 3601 328 ,θλ

3550 301 3601 328 ,θλ

395 372 649 436 λόγησον,
689 368 860 431 πάτερ
907 368 1051 431 ἅγιε,
1095 371 1157 421 τὸ
1190 376 1561 443 πνευματικόν
1616 392 1712 430 σου
1756 376 1966 431 τέκνον.

2071 378 2335 433 arbitrum
2387 377 2837 450 deprehendisset
2890 379 3123 439 nullum.
3156 379 3356 434 accidit
3387 380 3452 433 ad
3479 382 3645 448 pedes

407 461 467 513 ὐ
492 462 549 512 δὲ
578 462 861 530 Μακάριος
891 460 1227 532 θεασάμενος
1253 465 1346 518 τὸν
1362 467 1679 537 Ἑπιφάνιον
1705 470 1764 521 ἐν
1796 470 1971 541 ἀπορ-

398 552 548 620 ῥήτῳ
591 549 942 619 ταπεινώσει,
999 552 1196 608 ἔπεσεν
1252 556 1416 620 αὐτὸς
1482 559 1563 620 είς
1613 560 1742 623 τοὺς
1797 560 1965 622 πόδας

405 643 746 711 Ἐπιφανίου,
777 642 955 710 λέγων
978 660 993 676 ·
1039 641 1207 713 Εὖξαι
1244 648 1385 719 ὑπὲρ
1416 650 1553 720 ἐμοῦ
1584 654 1678 707 καὶ
1710 653 1893 717 αὐτὸς,
1923 649 1968 707 ὦ

395 737 656 799 δέσποτα,
689 736 781 788 καὶ
803 736 1097 805 εὐλόγησόν
1122 756 1190 807 με
1232 741 1435 810 μᾶλλον
1465 744 1551 807 σὺ,
1581 745 1769 816 ἐπειδὴ
1810 746 1968 799 τοῦτό

395 844 478 881 σοι
511 827 797 899 ἁρμόδιον.
824 829 1101 899 Τεθέαμαι
1131 833 1240 900 γάρ
1272 850 1354 886 σοι
1380 833 1459 904 (7)
1486 836 1591 904 πρὸ
1634 836 1838 906 ταύτης
1869 836 1967 906 τῆς

391 918 538 989 ὧρας
564 922 867 988 χαριέντως
896 923 958 974 τὺ
987 923 1280 992 πρόσωπον
1321 924 1537 994 ἔχοντα,
1569 928 1644 989 ὡς
1689 928 1877 981 ἵστασο
1906 930 1967 981 ιν

394 1015 462 1081 τῇ
486 1011 583 1063 τοῦ
616 1012 750 1065 Θεοῦ
782 1014 1071 1087 ἐκκλησίᾳ,
1103 1016 1198 1068 καὶ
1224 1020 1416 1090 στολὴν
1450 1021 1757 1091 ίεραρχίας.
1787 1024 1881 1075 καὶ
1906 1024 1968 1075 τδ

390 1103 704 1172 ώμοφόριον
743 1107 1033 1176 οὐρανόθεν
1064 1111 1431 1183 κομιζόμενον
1464 1115 1527 1166 ὲκ
1554 1115 1736 1185 χειρὸς
1761 1115 1966 1187 Κυρίου

393 1196 839 1266 παντοκράτορος
870 1213 885 1227 ’
919 1200 1234 1274 ἐθεασάμην
1278 1205 1373 1259 δύο
1410 1207 1704 1278 φωστῆρας
1733 1207 1967 1277 ὡραίους

393 1287 487 1338 καὶ
522 1288 844 1356 εὐμεγέθεις
877 1292 933 1344 ὲν
959 1292 1286 1367 εὐπρεπείᾳ.
1314 1297 1409 1350 καὶ
1485 1298 1639 1351 αὐτοὶ
1680 1298 1967 1369 λαϐόμενοι

393 1381 495 1448 τῆς
551 1384 746 1450 στολῆς
800 1383 1026 1454 ταύτης,
1073 1387 1347 1456 ἐκόσμουν
1389 1390 1711 1455 ἐνδύσαντες
1739 1392 1839 1463 τὴν
1868 1392 1969 1463 σὴν

394 1470 706 1541 ὡραιότητα
736 1488 751 1503 ’
785 1474 1099 1543 μειδιῶντες
1128 1478 1185 1532 δὲ
1208 1480 1284 1559 τῷ
1307 1481 1605 1556 προσώπῳ,
1634 1486 1726 1538 καὶ
1755 1504 1970 1558 χαριενο

392 1562 694 1632 τιζόμενοι,
725 1565 861 1633 πρὸς
889 1565 1155 1636 ἀλλήλους
1180 1570 1365 1639 ἔλεγον
1395 1587 1410 1604 ο
1439 1573 1532 1627 Μὰ
1566 1574 1657 1628 τὸν
1688 1577 1968 1648 Δεσπότην

395 1656 650 1724 Χριστὸν,
686 1657 939 1729 εὐπρεπῆ
987 1662 1150 1715 αὐτὸν
1179 1666 1432 1735 ἐποίησεν
1462 1665 1620 1720 τοῦτο
1659 1669 1717 1721 τὸ
1748 1670 1967 1739 ώμοιρό-

2069 469 2332 535 Andrete,
2389 470 2547 526 Pater
2644 480 2864 535 sancte,
2929 471 3219 541 inquiens,
3269 468 3650 525 benedictione

2076 562 2294 633 imperti
2350 563 2518 618 lilium
2580 573 2733 619 tuum
2800 565 3163 635 spiritualem.
3203 562 3452 617 Andreas
3496 578 3649 626 vero,

2068 664 2361 721 conspecta
2386 655 2675 725 Epiphanii
2698 656 3033 710 demissione
3059 654 3223 707 animi
3242 664 3347 706 tam
3364 652 3648 719 singulari,

2069 747 2326 802 similiter
2372 756 2427 801 et
2488 763 2547 802 se
2582 749 2647 801 ad
2701 748 2847 802 illius
2885 749 3048 816 pedes
3098 745 3336 801 demisit.
3380 743 3527 797 hisce
3553 744 3651 797 ad-

2072 840 2200 894 ditis
2228 838 2407 891 verbis
2438 856 2452 895 :
2488 837 2568 893 Tu
2619 855 2860 910 quoque,
2909 839 3127 893 domine
3163 837 3262 902 mi,
3302 852 3526 906 precare
3554 850 3650 905 pro

2077 946 2163 984 me
2193 947 2207 995 ;
2246 941 2302 982 tu
2337 945 2420 982 me
2443 938 2533 983 tua
2563 931 2744 998 potitts
2775 931 3154 984 benedictione
3172 929 3471 994 communi,
3509 942 3651 996 quo-

2067 1022 2211 1075 niam
2268 1022 2318 1074 id
2374 1021 2468 1075 tibi
2521 1023 2795 1076 cmivenit.
2829 1020 2952 1076 Vidi
3003 1023 3205 1091 quippe
3233 1036 3285 1075 te
3334 1020 3495 1089 paulo
3526 1027 3652 1073 ante

2066 1126 2191 1165 cum
2255 1114 2308 1166 in
2345 1114 2576 1169 ecclesia
2632 1114 2724 1170 Dei
2755 1113 3095 1169 consistehas
3118 1152 3132 1175 ,
3168 1112 3364 1182 insigni
3388 1109 3655 1180 spectabi-

2068 1204 2174 1259 lem
2207 1205 2380 1270 vultu,
2427 1206 2647 1276 vidique
2692 1207 3091 1276 patriarchatus
3141 1206 3338 1259 stolam
3375 1212 3428 1256 et
3465 1203 3655 1256 hume-

2071 1295 2204 1362 rale,
2239 1312 2269 1351 e
2300 1297 2552 1352 manibus
2592 1295 2985 1365 omnipotentis
3038 1294 3248 1349 Domini
3284 1292 3501 1347 caelitus
3523 1290 3655 1344 alla-

2074 1397 2187 1442 tum
2225 1406 2238 1442 :
2277 1387 2384 1443 vidi
2414 1397 2671 1459 pneterea
2723 1389 2861 1443 duos
2887 1386 3095 1459 genios,
3137 1386 3336 1440 eximia
3370 1392 3653 1437 venustate

2068 1497 2131 1535 ac
2153 1481 2349 1537 decore
2380 1484 2730 1553 conspicuos,
2752 1483 2846 1554 qtti
2870 1491 3092 1551 accepta
3123 1481 3257 1535 stola
3289 1489 3337 1533 te
3363 1478 3651 1532 induentes

2071 1575 2534 1645 pulchritudinem
2579 1588 2725 1631 tuam
2760 1593 2868 1630 non
2905 1576 3068 1645 paulo
3101 1576 3272 1643 magis
3297 1570 3651 1626 commenda-

2073 1669 2231 1723 bilem
2264 1669 2539 1730 t'ecerunt.
2570 1685 2632 1723 ac
2661 1670 2806 1722 vultu
2834 1670 3132 1724 subridenti
3156 1667 3328 1721 facete
3356 1664 3648 1718 admodum

395 1765 511 1818 ριον
538 1750 551 1803 !
604 1751 636 1820 ἠ
669 1751 777 1822 γὰρ
806 1754 1026 1818 σύνεσις
1055 1756 1219 1809 αὐτοῦ
1248 1760 1340 1812 καὶ
1369 1760 1695 1831 μελίρῤυτος
1722 1735 1966 1833 Ξγλῶσσα

2075 1762 2215 1815 inter
2283 1776 2341 1815 se
2399 1760 2725 1830 loquentes:
2761 1760 2861 1813 l‘er
2908 1760 3239 1822 Dominum,
3304 1758 3649 1828 iuquiebaut.

394 1843 616 1905 τελείως
648 1843 725 1909 (8)
760 1845 923 1900 αὐτὸν
981 1850 1349 1924 σεσοφίκασι].
1399 1854 1511 1908 Καὶ
1556 1856 1583 1906 ὁ
1618 1856 1718 1924 μὲν
1761 1847 1859 1917 εἷς.
1908 1857 1970 1907 τὸ

394 1936 620 2003 σημεῖον
649 1934 743 1988 τοῦ
788 1938 1026 2008 σταυροῦ
1057 1943 1150 1993 ἐπὶ
1186 1944 1247 1995 τὸ
1278 1946 1369 1997 σὺν
1421 1947 1672 2015 μέτωπον
1704 1948 1961 2017 ποιήσας.

392 2028 489 2077 καὶ
542 2027 935 2097 ἀσπασόμενός
982 2049 1100 2098 σου,
1143 2035 1491 2107 ἀνεχώρησεν
1523 2052 1540 2070 ·
1592 2041 1621 2091 ὁ
1666 2038 1724 2091 δὲ
1781 2040 1970 2111 ἕτερος

392 2122 572 2172 πάντα
603 2136 695 2174 σου
732 2124 803 2175 τὰ
836 2123 973 2194 μέλη
1004 2127 1337 2196 σφραγίσας,
1361 2130 1455 2183 καὶ
1486 2130 1613 2193 τοὺς
1655 2129 1969 2200 ὀφθαλμούς

395 2228 491 2264 σου
518 2214 930 2283 ἀσπασάμενος,
963 2217 1156 2288 ᾤχετο.
1208 2221 1410 2285 Ταῦτα,
1452 2222 1760 2290 γλυκύτατε
1817 2223 1969 2275 Ἐπι-

390 2308 569 2371 ςράνιε,
607 2307 686 2368 είς
717 2306 778 2360 at
803 2305 881 2359 διε
893 2309 1237 2381 πράχθησαν.
1260 2313 1356 2365 καὶ
1383 2313 1543 2374 αὐτὸς
1566 2314 1666 2385 ούχ
1690 2313 1966 2383 ἑώρακας·

394 2399 490 2450 καὶ
519 2399 831 2469 πέπεισμαι
858 2402 938 2454 ὅτι
967 2404 1322 2471 ὲμπιστεύσει
1353 2422 1435 2458 σοι
1465 2405 1652 2459 ἐνθάδε
1688 2409 1813 2467 τοὺς
1851 2409 1966 2464 οἷα-

387 2507 490 2552 κας
519 2492 632 2557 τῆς⁶
658 2491 981 2559 Ἑκκλησίας
1006 2493 1197 2559 αὐτοῦ,
1244 2496 1339 2548 καὶ
1370 2500 1659 2566 ποιμανείς
1706 2501 1803 2554 τὸν
1835 2502 1963 2556 λαὸν

388 2582 580 2648 αὐτοῦ,
638 2582 699 2635 ὃν
728 2587 1163 2654 περιεποιήσατο
1198 2586 1313 2656 ίδίῳ
1346 2588 1538 2657 αἵματι
1575 2607 1587 2618 ·
1639 2592 1733 2644 καὶ
1777 2593 1964 2646 ἕνεκεν

385 2673 578 2727 τούτου
608 2674 908 2744 εὐλόγησον
941 2676 1005 2744 δὴ
1058 2677 1153 2730 καὶ
1185 2678 1348 2743 αὐτὸς
1364 2681 1487 2749 ἐμὲ,
1522 2681 1617 2733 καὶ
1643 2680 1797 2748 εὖξαι
1823 2684 1964 2756 ὑπὲρ

384 2764 479 2819 τοῦ
506 2767 791 2837 ἀγαπητοῦ
826 2783 920 2821 σου
960 2768 1232 2840 Ἀνδρέου.

454 3042 759 3113 πηἏΤαῦτα
786 3046 1064 3116 εἰρηκότος
1088 3045 1182 3099 τοῦ
1207 3048 1463 3117 θεοφόρου
1484 3052 1603 3121 ἁνδε
1618 3052 1961 3116 δς,άσπατά-
1990 3067 2034 3128 ο

389 3156 544 3208 μενοε
597 3139 859 3208 ἀλλήλους
898 3141 976 3211 τῷ
1011 3142 1152 3210 ἁγίῳ
1192 3142 1495 3212 φιλήματι,
1549 3147 1609 3198 ἐν
1657 3148 1963 3219 ἀποκρύφῳ

382 3229 540 3298 τόπῳ
590 3228 683 3282 τοῦ
732 3230 1005 3300 νάρθηκος
1064 3232 1445 3302 ἐκαθέσθησαν
1476 3252 1493 3267 ’
1533 3236 1627 3289 καὶ
1686 3238 1890 3308 ἤρξατο
1936 3242 1965 3293 ό

384 3320 674 3391 Μακάριος
704 3325 990 3394 παραινεῖν
1036 3323 1128 3377 τὸν
1172 3324 1491 3395 Ἐπιφάνιον
1535 3329 1664 3398 περὶ
1723 3332 1820 3399 τῆς
1873 3332 1963 3384 ὲκ-

387 3413 788 3483 κὶησιαστικῆς
815 3415 1223 3477 καταστάσεως.
1252 3416 1425 3485 λέγων
1446 3435 1461 3451 ο
1513 3420 1869 3491 Ἐπίσταμαι,
1917 3418 1962 3475 ὦ

384 3503 694 3570 γλυκύτατε
729 3508 822 3559 καὶ
862 3505 1087 3573 φίλτατε
1126 3507 1270 3576 φίλε,
1299 3508 1422 3561 καθ’
1465 3510 1546 3563 ὅτι
1584 3512 1875 3576 εὐπρεπῶς
1913 3510 1965 3567 εἴ

386 3598 481 3649 καὶ
510 3597 676 3665 εὐθξς
705 3598 764 3649 ὲν
809 3600 932 3661 ταῖς
976 3598 1218 3664 ἐντολαῖς
1251 3601 1344 3653 τοῦ
1379 3603 1605 3669 Κυρίου,
1631 3606 1963 3674 immoleti-

386 3705 553 3759 μενος
604 3691 697 3741 καὶ
732 3690 1134 3758 ἀγωνιζόμενος
1162 3691 1256 3743 τοῦ
1311 3691 1584 3754 σώζεσθαι
1607 3709 1623 3725 ·
1657 3694 1797 3764 πλὴν
1851 3699 1963 3748 ἱκε-

382 3784 527 3836 τεύω
564 3785 651 3837 ἵνα
685 3784 817 3852 δέχῃ
864 3785 957 3837 καὶ
1001 3784 1105 3853 τὴν
1147 3784 1426 3854 ἡμετέραν
1463 3787 1809 3855 παραίνεσιν,
1864 3789 1961 3839 καὶ

383 3878 619 3947 ἐνωτίσῃ
649 3878 717 3928 τὰ
744 3876 961 3946 ῥήματά
994 3893 1119 3944 μου.
1165 3876 1404 3946 Πρόσθες
1454 3879 1820 3949 περισσότερα
1865 3880 1962 3933 δά-

384 3986 527 4039 κρυα
548 3969 683 4039 πρὸς
706 3969 1050 4038 κιθαρισμὸν
1083 3970 1182 4038 τῆς
1212 3968 1389 4039 ψυχῆς
1429 3972 1521 4022 καὶ
1563 3973 1655 4023 τοῦ
1709 3971 1961 4038 σώματος

384 4060 480 4112 καὶ
511 4059 612 4127 τῆς
642 4059 869 4128 καρδίας
901 4076 1017 4125 σου,
1052 4060 1138 4113 ἵνα
1167 4063 1301 4132 γένῃ
1332 4064 1388 4113 ὲν
1417 4060 1735 4132 δικαιοσύνῃ
1766 4063 1962 4130 ἡδύτα-

383 4168 511 4215 τος,
572 4153 629 4203 ὲν
679 4152 1020 4224 ἐλεημοσύνη
1072 4152 1394 4221 φιλάγαθος.
1460 4154 1701 4223 Πρόσθες
1753 4158 1845 4208 ἐπὶ
1893 4159 1959 4225 τῇ

391 4244 681 4313 πραότητι,
718 4244 803 4296 ἵνα
834 4244 968 4316 γένῃ
1001 4246 1243 4315 καθαρὸς
1268 4248 1332 4315 τῇ
1379 4248 1595 4317 καρδίᾳ,
1626 4248 1711 4299 ἴνα
1745 4264 1964 4317 χρημα-

387 4341 544 4408 τίσῃς
592 4338 779 4399 Ὅσιος
838 4338 931 4390 καὶ
983 4337 1212 4401 ἄκακος,
1274 4339 1457 4402 καθὼς
1508 4340 1569 4393 τὸ
1616 4341 1811 4403 σκεῦος
1862 4342 1962 4411 τῆς

2072 1851 2280 1917 Jesum,
2314 1854 2589 1924 egregium
2612 1853 2869 1907 illidecus
2894 1853 3096 1906 addidit
3131 1853 3413 1905 humerale
3438 1850 3648 1904 isthoc!

2072 1948 2297 2001 scientia
2352 1962 2584 2017 namque
2648 1957 2700 2001 et
2754 1946 3065 2014 eloquentia
3125 1944 3339 1998 Domini
3396 1941 3651 1997 mellillua

2073 2039 2306 2109 perfecte
2354 2040 2530 2109 ipsum
2589 2039 2845 2093 erudivit.
2905 2039 2968 2091 lit
3029 2039 3165 2092 alter
3216 2036 3432 2104 quidem
3494 2035 3653 2104 signo
3726 2069 3734 2073 ς

2072 2132 2254 2187 crucis
2311 2132 2475 2186 fronti
2546 2142 2651 2185 tum
2705 2132 3017 2199 impresso,
3078 2130 3446 2195 amplexuque
3521 2127 3651 2179 dato

2069 2221 2363 2276 discessit:
2402 2221 2541 2274 alter
2602 2234 2729 2273 vero
2776 2231 2955 2289 partes
3006 2219 3257 2287 corpm'is
3319 2220 3394 2271 tui
3458 2231 3651 2270 omnes

2070 2314 2235 2368 simili
2300 2316 2462 2366 tnodu
2521 2311 2781 2381 signavit,
2834 2323 2995 2378 atque
3052 2313 3240 2364 osculo
3267 2311 3347 2364 ori
3383 2310 3652 2379 impresso

2067 2407 2233 2459 etiam
2288 2405 2474 2457 abivit.
2539 2405 2752 2467 lsthme,
2819 2403 3145 2457 suavissime
3179 2401 3469 2471 Epiphani,
3506 2401 3651 2455 circa

2068 2507 2142 2557 te.
2175 2496 2305 2549 nihil
2338 2497 2555 2564 quidem
2583 2496 2795 2547 illorum
2851 2494 3118 2547 videntem
3144 2534 3157 2556 ,
3212 2502 3429 2561 peracta
3485 2500 3651 2546 sunt:

2070 2600 2124 2641 et
2148 2588 2399 2641 dubitare
2458 2602 2563 2639 non
2602 2586 2766 2654 potui,
2803 2587 2932 2653 qttin
2963 2587 3049 2639 hic
3090 2585 3184 2638 tibi
3233 2583 3373 2639 Deus
3402 2583 3656 2637 Ecclesia:

2066 2693 2180 2732 sine
2238 2676 2597 2746 gubernacula
2651 2678 3056 2732 commissurus
3094 2678 3208 2743 sit,
3258 2686 3316 2729 ut
3367 2676 3653 2745 populum,

2064 2791 2223 2842 quem
2260 2774 2525 2842 sanguine
2559 2789 2658 2826 suo
2690 2772 2792 2827 sibi
2823 2773 3133 2842 acquisivit,
3169 2788 3324 2841 regas
3357 2788 3419 2827 ac
3450 2772 3650 2841 guber-

2066 2882 2181 2919 nes.
2239 2864 2605 2931 Quamobrem
2671 2867 2887 2935 imperti
2924 2877 2976 2921 ιιι
3022 2884 3107 2921 me
3157 2865 3559 2933 benedictione,
3594 2874 3647 2920 et

2064 2976 2160 3013 ora
2198 2976 2296 3027 pro
2338 2976 2423 3013 tne
2455 2962 2650 3014 dilecto
2679 2962 2771 3015 tibi
2805 2963 3040 3015 Andrea.

2136 3055 2224 3108 88.
2281 3054 2375 3107 llis
2414 3054 2595 3114 dictis.
2655 3056 2943 3123 amplexati
3003 3056 3145 3109 inter
3177 3071 3237 3110 se
3300 3071 3424 3109 cum
3463 3052 3652 3108 osculo

2070 3159 2282 3207 sanun,
2322 3149 2372 3200 in
2405 3147 2616 3200 occulto
2647 3149 2921 3202 narthecis
2950 3147 3071 3200 loco
3094 3146 3501 3201 consederunt:
3536 3161 3653 3200 coe-

2068 3239 2249 3306 pitque
2276 3238 2331 3290 Β.
2370 3240 2447 3291 An
2472 3241 2610 3291 Erras
2634 3240 2996 3307 Epiphaninm
3029 3254 3251 3292 monere
3284 3238 3450 3292 multa
3473 3236 3652 3303 quoad

2065 3328 2495 3383 ecc|c~iasticunt
2545 3338 2742 3382 statum
2805 3330 2906 3387 hoc
2954 3331 3151 3383 modo:
3180 3326 3298 3381 Non
3366 3343 3453 3381 nte
3494 3325 3652 3394 fugit.

2065 3424 2390 3476 suavissime
2426 3422 2886 3491 ιίιιιιιιιίεδίιιιριιιιιι
2927 3422 3267 3483 adolescens,
3301 3436 3462 3489 quam
3489 3418 3655 3472 dero-

2068 3531 2188 3568 rutn
2228 3525 2403 3583 putes.
2431 3516 2569 3567 viam
2598 3516 2976 3568 mandatorum
3014 3514 3223 3567 Domini
3262 3522 3412 3565 recto
3436 3512 3653 3564 tramite

2065 3607 2384 3672 decurrere;
2447 3616 2559 3659 toto
2619 3616 2817 3659 conatu
2866 3605 3187 3658 incumbens
3244 3602 3651 3670 labomnsque.

1992 3754 2000 3762 ,
2066 3705 2126 3750 ιιι
2206 3698 2415 3750 beatam
2500 3697 2960 3751 immortalitatem
3045 3696 3281 3764 attingas
3334 3694 3651 3760 aliquando.

2064 3790 2405 3857 Quaprotiter
2437 3791 2665 3843 obsemo
2696 3799 2769 3854 te,
2801 3789 3162 3842 hortationem
3195 3796 3440 3841 nostram
3478 3796 3644 3840 atten-

2067 3883 2135 3935 tis
2189 3882 2414 3935 auribus
2448 3889 2506 3934 ttt
2554 3882 2814 3950 excipias.
2854 3879 3212 3934 Uberioribus
3248 3889 3471 3934 manent.
3507 3877 3649 3933 oculi

2066 3973 2142 4024 ttti
2190 3972 2468 4042 lacrymis,
2539 3986 2650 4040 quo
2706 3972 3022 4025 munditiem
3051 3973 3103 4024 in
3145 3974 3405 4035 animam,
3430 3987 3652 4040 corpus,

2065 4064 2454 4119 conscientiam
2485 4064 2710 4119 inducas
2764 4064 3048 4131 majorem,
3086 4072 3138 4116 et
3173 4064 3459 4127 iniustitia
3499 4079 3656 4119 exer-

2070 4157 2242 4210 cendo
2296 4155 2647 4215 suavissime.
2698 4167 2859 4224 atque
2913 4155 3336 4224 intleetnosyna
3381 4156 3653 4222 erOganda

2068 4245 2459 4314 benignissime
2497 4246 2803 4316 occupcris.
2836 4244 3031 4299 Sumat
3061 4245 3464 4299 incrementum
3499 4260 3655 4298 man-

2066 4338 2296 4395 suetudo
2350 4348 2462 4404 tua,
2498 4350 2557 4393 ut
2611 4354 2706 4392 cor
2744 4337 3006 4392 mundum
3041 4349 3256 4393 cret-tur
3290 4337 3342 4389 in
3379 4347 3449 4401 te,
3487 4347 3654 4405 utqtte

388 4399 620 4496 ἐκλογῆς
650 4431 977 4494 ιντέλλεται,
1014 4449 1058 4484 ω
1110 4399 1334 4499 ’τὸ-ἐμὸν
1382 4399 1518 4501 φώς,
1569 4436 1602 4502 ή
1644 4435 1749 4505 ἐμὴ
1790 4399 1957 4504 χαρλ,

2067 4445 2289 4487 sanctus
2324 4433 2399 4485 sis
2436 4442 2489 4485 et
2534 4448 2727 4501 expers
2771 4432 2991 4486 sceleris
3015 4430 3514 4499 ,'quetn:ulntmlttm
3557 4446 3653 4483 vas

388 4525 425 4590 ἡ
453 4523 557 4595 ἐμὴ
582 4524 884 4590 εὐπρέπεια
918 4528 1008 4603 καὶ
1032 4525 1256 4596 ἡδύτης,
1287 4528 1381 4579 καὶ
1413 4528 1759 4594 ἀγαλλίασες.
1788 4528 1959 4596 Πρόσ-

389 4618 482 4678 θες
523 4618 581 4669 ἐν
622 4618 698 4685 τῷ
722 4617 820 4686 βίῳ
854 4634 947 4670 σου
981 4618 1318 4672 κατάστασιν
1350 4620 1595 4677 πλείονα.
1630 4622 1955 4691 σεμνότητα.

390 4707 707 4777 ἁγαθότητα
738 4750 753 4771 ,
812 4710 1265 4778 θαυμαστοτέραν
1327 4712 1546 4763 σύνεσιν
1583 4751 1598 4774 ,
1649 4712 1963 4780 προσευχὴν

388 4799 759 4860 ἀδιάλειπτον,
792 4800 1015 4873 ἀγάπην
1057 4801 1443 4872 ἀνυπόκριτον,
1476 4800 1832 4870 σωφροσύνης
1869 4821 1962 4854 κο-

388 4908 466 4959 σμ
492 4891 684 4958 ότητα.
719 4890 886 4943 Πενοῦ
916 4892 1231 4962 συμπαθὴς,
1272 4893 1634 4962 φιλόπτωχος,
1665 4894 1962 4963 φιλομόνα-
2007 4910 2010 4913 ‘

386 5000 505 5052 χος,
568 4984 839 5050 φιλόθεος.
893 4984 989 5039 καὶ
1027 4984 1337 5055 φιλάρετος.
1381 4985 1745 5056 Κατόρθωσον
1783 4986 1961 5055 σιγὴν.

388 5079 715 5143 καρτερίαν,
754 5075 1035 5143 ὑπομονὴν
1068 5077 1125 5127 ὲν
1157 5074 1358 5144 θλίψει.
1398 5076 1497 5143 τὴν
1532 5068 1963 5147 εὐσπλαγχνίαν,

384 5164 448 5212 τὸ
479 5163 554 5232 μὴ
585 5164 818 5233 κρίνειν,
841 5167 900 5217 τὸ
927 5166 1000 5233 μὴ
1033 5164 1313 5234 λοιδορεῖν.
1340 5165 1555 5235 κτῆσαι
1582 5164 1643 5219 τὸ
1665 5167 1957 5236 ἀόργητον,

385 5254 448 5303 τὸ
500 5256 838 5322 ἁκενόδοξον,
888 5258 945 5309 τὸ
970 5258 1198 5337 ἄτυφον,
1251 5258 1311 5310 τὸ
1367 5261 1810 5329 ἁνυπερήφανον,
1871 5260 1961 5313 ἵνα

394 5349 675 5418 μεγαλύνῃ
708 5366 765 5401 σε
798 5353 826 5403 ὁ
878 5350 1279 5419 μεγαλοδωρος.
1332 5350 1562 5403 ἐνώπιον
1608 5353 1825 5405 πάντων
1858 5353 1966 5404 τῶν

401 5437 602 5505 ’Ᾱγίων
632 5442 727 5493 καὶ
763 5442 871 5494 τῶν
905 5442 1148 5511 ἀπείρων
1181 5441 1406 5493 ἐκείνων
1452 5441 1758 5511 δυνάμεων.
1806 5442 1964 5508 Ὄξυ-

458 5574 537 5645 ί7)
577 5574 813 5627 Rursum
846 5575 930 5629 hic
959 5576 1058 5627 ista
1097 5589 1178 5626 nis
1232 5572 1401 5627 Vatie.
1434 5570 1507 5633 dt;
1542 5572 1963 5645 ἐμώ-τεθέαται,

385 5642 633 5771 ἱγένετοό
655 5648 836 5717 χάριτι
881 5645 972 5698 τοῦ
1001 5646 1364 5714 δοξχσομένου
1421 5644 1477 5696 ἐν
1518 5645 1625 5706 τοῖς
1646 5642 1959 5711 ἐλπίζουσιν

430 5719 479 5768 π’
504 5716 601 5768 αὐτ
638 5735 683 5769 ν.
967 5718 975 5725 ’

430 5719 479 5768 π’
504 5716 683 5769 αὐτόν.
786 5716 789 5717 ⁷
967 5718 975 5725 ’

2066 4527 2305 4595 praeripit
2345 4528 2631 4580 electionis
2665 4525 2861 4578 Paulus
2897 4544 2909 4577 :
2950 4527 3019 4578 ita
3047 4540 3179 4579 sane
3215 4524 3328 4583 ﬁat.
3375 4540 3406 4576 ο
3445 4523 3650 4587 lumen,

2062 4633 2094 4670 o
2146 4620 2424 4688 gaudium,
2490 4634 2523 4670 ο
2576 4618 2760 4679 decor,
2819 4617 3049 4671 dulcedo
3088 4624 3142 4668 et
3172 4615 3478 4670 exsultatio
3509 4630 3651 4668 mea.

2064 4712 2299 4781 Capesse
2353 4711 2404 4764 in
2436 4711 2536 4764 hac
2580 4711 2683 4762 \ita
2734 4719 2933 4764 statum
2997 4708 3394 4775 perfectiorem,
3440 4718 3652 4763 sectare

2068 4807 2325 4870 majorem
2357 4820 2570 4856 morum
2596 4804 2937 4872 gravitatem,
2978 4803 3201 4855 bonitati
3236 4811 3341 4855 tum
3369 4803 3648 4855 cumulum

2069 4898 2228 4959 adde,
2266 4896 2471 4949 eluceat
2504 4896 2788 4963 prudentia
2824 4904 2911 4947 tua
2945 4894 3263 4955 mirabilior,
3308 4897 3484 4947 oratio
3514 4909 3648 4948 con-

2065 4986 2307 5038 tinuetur
2340 4985 2619 5052 prolixior,
2648 4982 2887 5036 charitas
2911 4983 3173 5036 simulare
3197 4982 3424 5045 nesciat,
3444 4990 3652 5049 tempe~

2069 5093 2162 5129 rati
2194 5077 2241 5130 ia
2293 5076 2631 5145 splendidius
2678 5085 2926 5129 ornetur.
2965 5073 3059 5129 llis
3090 5077 3309 5129 accedat
3364 5072 3652 5127 commise-

2068 5169 2206 5220 ratio
2260 5184 2384 5236 erga
2435 5165 2697 5230 aliIn-tos,
2747 5182 2901 5219 amor
2960 5168 3013 5219 in
3047 5182 3268 5235 egenos,
3324 5163 3645 5224 monachos,

2070 5260 2260 5318 Deum,
2338 5260 2621 5321 virtutem;
2679 5259 2901 5311 accedat
2955 5259 3253 5319 silentium,
3319 5250 3644 5317 tolerantia,

2070 5353 2326 5421 patientia
2361 5351 2413 5404 in
2445 5351 2723 5415 adversis,
2746 5352 2854 5405 sint
2883 5352 2980 5405 tibi
3010 5354 3214 5405 visci-ra
3237 5345 3645 5410 misericordia),

2070 5463 2135 5498 ne
2183 5444 2394 5513 judices
2444 5445 2601 5508 alios,
2656 5462 2724 5499 ne
2801 5445 3124 5499 convicieris
3157 5462 3169 5497 :
3201 5456 3458 5509 compara
3514 5440 3632 5506 tibi,

2145 5580 2221 5641 (8)
2284 5577 2383 5635 Ms.
2452 5577 2622 5632 Vatia.
2655 5583 2815 5645 paulo
2837 5578 3144 5650 obscurius,
3173 5576 3376 5650 γνῶσις
3398 5577 3647 5650 γεγράμ.

2072 5667 2239 5720 μικιν
2275 5650 2457 5715 αὑτὸν,
2489 5651 2829 5721 ὁρμήσαντες
2870 5649 3034 5703 αὐτοῦ
3080 5650 3171 5721 τὴν
3192 5647 3391 5720 ψυχήν.
