4088 6216
431 190 525 254 731

1489 189 1906 251 NICEPHORI
1959 189 2427 253 PRESBYTER!
2467 190 2574 251 Ci’.

3578 187 3696 250 7???

429 318 568 374 quas
594 304 910 372 iracundiae,
943 321 1094 361 vana:
1143 306 1351 377 gluriw,
1376 305 1682 360 insolentia:
1715 301 2009 372 superbiaz-
2031 327 2049 370 λ

2150 302 2284 373 ἔρως
2312 303 2538 373 ἐπίϐηθι
2582 305 2650 374 τῇ
2689 304 2964 374 πρακτικῇ
3011 300 3119 353 τῶν
3169 298 3382 370 ἀρετῶν
3429 299 3684 369 ἐργασέᾳο

431 411 539 466 que
594 396 875 466 oppositas
935 399 1078 454 nosti
1129 399 1359 472 virtutes
1397 415 1418 453 :.
1452 408 1504 450 ιιι
1541 396 2013 462 coramnmnibns

433 487 644 543 sanctis
676 497 928 558 cmtuquc
957 489 1246 558 Spiritutnn
1284 489 1690 550 innumerabili,
1730 489 1996 542 donorum

433 579 681 632 omnium
739 580 901 635 dator
933 582 1289 650 conspicuum
1319 591 1370 636 te
1415 579 1580 635 faciat
1609 595 1674 634 ac
1727 580 2015 634 illustrem.

2124 394 2210 449 ἵνα
2241 397 2268 450 6
2293 395 2425 459 Θεὸς
2463 394 2793 466 πλειοτέρως
2825 411 2884 448 σε
2932 393 3296 464 ὲπιποθήσας,
3325 389 3540 461 ὑψώσῃ,
3599 393 3692 443 καὶ

2117 488 2350 560 τιμήσῃ,
2379 488 2476 540 καὶ
2505 486 2704 557 δοξάσῃ
2740 502 2820 540 σε.
2869 487 3148 554 Ἀπάγαγε
3169 483 3366 538 σαυτὸν
3392 485 3472 546 είς
3501 497 3691 552 περισ-

2117 580 2348 651 σοτέραν
2371 582 2539 650 τιμὴν
2563 581 2655 634 καὶ
2691 578 3032 632 κατάστασιν
3067 579 3163 631 καὶ
3205 576 3517 646 ἀκρίϐειαν.
3541 574 3692 638 ὅπως

435 669 774 736 Quantocius
809 672 1069 726 virtutum
1089 675 1272 728 omnis
1297 673 1512 744 generis
1545 671 1802 730 exercitia
1829 685 2020 740 aggre-

2150 676 2264 740 Etoc
2287 676 2522 753 εὑρεθῇς
2555 675 2656 744 τῆς
2678 674 3114 746 ἀρχιερωσύνης,
3137 669 3204 745 ἦς
3232 671 3447 744 μέλλεις
3477 667 3692 723 ἐπιϐαί-

435 762 588 828 dere,
637 779 746 834 quo
815 764 957 820 Deus
996 766 1188 835 majori
1221 778 1270 822 te
1297 767 1495 821 aﬂ‘ectu
1548 781 1842 834 timoreque
1874 778 2022 819 com—

2120 785 2234 821 νειν
2291 767 2430 821 Θεοῦ
2491 767 2718 838 χάριτι,
2787 766 3105 836 μηδαμόθεν
3165 763 3693 832 καταιοχυνόμενος.

431 857 629 926 plexus
685 859 983 914 exaltatum
1055 858 1244 929 majori
1281 860 1444 914 etiam
1501 859 1708 914 honore
1748 874 1812 913 ac
1848 858 2020 927 gloria

2150 858 2360 912 ιύλαττε
2405 853 2500 912 οὖν
2529 857 2725 921 ταῦτα,
2762 855 2951 926 μηδενὶ
2973 853 3341 923 ἀναγγέλλων,
3364 851 3461 906 καὶ
3488 851 3638 904 ἔσται
3669 851 3698 902 6

440 963 817 1016 prosequatur.
847 951 927 1006 Ad
967 951 1386 1006 eminentiorem
1420 951 1763 1021 dignitatem,
1790 959 2019 1013 statum,

2120 949 2324 1020 Κύριος
2347 951 2484 1020 μετά
2517 949 2640 1003 σοῦ.

437 1052 491 1095 et
536 1041 922 1108 perfectionem
970 1055 1022 1099 te
1067 1046 1265 1108 excita,
1324 1045 1384 1100 ut
1455 1046 1652 1100 Sltmllli
1722 1045 2011 1100 sacerdotii
2086 1047 2278 1116 gradu,
2337 1062 2448 1116 quo
2500 1060 2600 1116 per
2648 1043 2876 1114 gratiam
2953 1042 3043 1097 Dei
3100 1039 3572 1097 conscendendqu
3602 1035 3697 1091 tibi

438 1147 541 1196 est.
584 1138 876 1204 reperiaris
915 1139 1136 1207 dignus.
1156 1149 1208 1192 et
1239 1139 1386 1194 nulla
1415 1135 1476 1194 ex
1511 1149 1664 1211 parte
1717 1138 2101 1195 conluudaris.
2141 1138 2266 1194 llaec
2301 1139 2348 1194 si
2423 1138 2728 1194 servaveris
2795 1146 3112 1205 secretaque
3163 1135 3435 1199 habueris,
3506 1129 3700 1187 Domi-

441 1243 545 1283 nus
572 1229 664 1282 tibi
702 1244 970 1299 nusquam
1012 1229 1302 1287 defuturus
1331 1245 1436 1288 est.

1872 1349 2098 1406 CAPUT
2133 1347 2248 1404 XII.

449 1463 721 1521 Dmmoues
740 1468 803 1520 ab
840 1468 1056 1524 cariesiu
1093 1469 1240 1540 pellit
1276 1471 1511 1527 Andreas
1543 1486 1563 1526 :
1597 1474 1755 1543 hujus
1767 1470 2442 1595 :mguamEperlferlionem
2480 1478 2528 1523 et
2556 1471 2884 1525 destinatam
2919 1469 2976 1523 in
3001 1466 3130 1523 caelo
3159 1465 3388 1538 gloriam
3418 1482 3510 1536 per
3537 1465 3705 1521 risum

1805 1554 1982 1595 ocatur
2075 1557 2378 1595 mammas.

1805 1554 1982 1597 ocelur
2027 1554 2378 1611 nptpnautus.

520 1678 607 1734 89.
673 1678 774 1734 Ubi
827 1680 985 1734 linem
1040 1681 1311 1737 sermonis
1344 1683 1467 1738 fecit
1497 1683 1761 1750 Andreas,
1803 1699 2030 1752 surgen-

2203 1682 2314 1735 πθ’.
2359 1682 2448 1744 Ὠς
2487 1677 2580 1734 οὖν
2607 1680 2781 1734 ταῦτα
2803 1680 3016 1750 εἰρήκει
3045 1681 3073 1733 6
3100 1678 3344 1741 Δίκαιος,
3371 1677 3707 1740 ἀναστάντες

449 1780 530 1825 les
563 1772 613 1824 in
664 1774 908 1827 ecclesiae
943 1775 1199 1828 interiora
1227 1791 1345 1828 sesc
1376 1786 1699 1845 receperunt
1729 1816 1744 1837 ,
1796 1792 2032 1842 cumque

449 1861 672 1914 lectioni
727 1879 897 1916 same
953 1864 1153 1917 lactuin
1209 1864 1321 1933 jam
1373 1867 1658 1919 exordium
1710 1865 2037 1933 esset,l£pi-

451 1954 683 2020 pltanius
728 1971 1010 2008 St-aznnutn
1077 1956 1347 2023 quoddam
1388 1972 1640 2013 sessurus
1723 1958 2040 2026 occuparit,

453 2050 648 2100 beatus
677 2064 806 2100 vero
838 2050 1101 2110 Andreas.
1133 2066 1236 2103 non
1267 2064 1424 2104 secus
1454 2065 1615 2120 quam
1650 2067 1791 2106 unus
1831 2067 2035 2120 paupe-

456 2157 598 2203 rntn,
659 2141 746 2192 vili
811 2157 990 2209 panno
1057 2129 1355 2205 inrolutus,
1422 2144 1565 2198 nuda
1598 2158 1656 2197 se
1712 2145 2036 2209 extetnlcbat

457 2233 644 2286 Ιιιιιιιο.
679 2233 848 2298 Quem
877 2234 956 2288 sic
983 2235 1254 2288 sedentem
1287 2236 1602 2304 conspicati.
1641 2237 1733 2305 qui
1783 2236 2036 2301 aderant,

453 2325 710 2380 dicebant
735 2327 874 2379 intra
895 2342 953 2379 se
983 2345 996 2380 :
1024 2325 1228 2395 Ecquid
1244 2327 1504 2383 acciderit
1527 2327 1864 2383 dmmoniacti
1883 2329 2033 2394 huic,

453 2418 598 2480 quod
651 2419 909 2486 templum
969 2419 1246 2488 ingressus
1284 2419 1396 2474 sit?
1453 2419 1516 2472 Et
1578 2420 1666 2474 alii
1709 2439 1724 2475 :
1761 2421 2040 2476 Fortassis

462 2509 807 2563 \acationcin
843 2510 1079 2578 aliquam
1110 2522 1304 2565 nactus
1333 2519 1416 2566 est
1446 2527 1474 2565 ιι
1500 2511 1788 2566 vexatione
1811 2513 2041 2582 spiritus

459 2603 706 2669 pessimi.
743 2602 996 2658 Nonnulli
1021 2603 1182 2656 etiam
1221 2618 1236 2658 :
1265 2601 1402 2658 Cum
1454 2603 1556 2659 hac
1591 2605 1728 2660 forte
1761 2606 2041 2671 transiret,

457 2693 756 2747 arbitratus
808 2695 978 2748 :edeni
1015 2693 1296 2762 profanant
1329 2711 1470 2760 esse,
1523 2696 1631 2752 huc
1657 2712 1718 2752 se
1749 2698 1992 2754 intulerit
2023 2718 2040 2767 ;

460 2787 720 2853 quoniam
765 2801 896 2839 vero
950 2787 1179 2842 etclcsia
1213 2796 1378 2853 esset,
1404 2789 1548 2857 quod
1579 2801 1630 2844 et
1679 2790 1792 2860 ipse
1839 2807 2046 2861 cogno—

399 2861 414 2876 ’
461 2882 558 2940 vit,
581 2881 918 2932 concesserit
944 2878 1021 2932 illi
1051 2877 1328 2945 Dominus,
1362 2889 1423 2936 ut
1480 2882 1656 2937 talise
1702 2883 1826 2938 istic
1885 2886 2046 2939 modo

463 2977 698 3034 gereret.

533 3053 625 3108 90.
697 3055 934 3112 Sanctus
979 3059 1164 3128 itaque
1210 3060 1473 3128 Andreas,
1505 3063 1558 3116 in
1596 3065 1818 3134 templo,
1857 3066 1931 3120 uti
1963 3065 2044 3120 di-
2069 3040 2116 3101 θ

462 3156 610 3202 ctum
675 3159 779 3216 est,
837 3155 1053 3218 sedens,
1078 3155 1438 3224 conspicuum
1480 3156 1669 3211 habuit
1716 3158 1915 3213 acedia:
1943 3159 2049 3212 da-

465 3253 706 3306 nmuctn,
761 3241 977 3296 insidiis
1009 3245 1389 3316 machinisque
1441 3249 1951 3314 tentantemvariis,
1993 3258 2051 3304 ιιι

466 3345 626 3399 queui
663 3335 953 3402 expelleret
980 3351 1012 3390 e
1045 3337 1264 3406 templo,
1305 3354 1468 3394 sacro
1505 3341 1746 3393 nondum
1771 3342 2050 3411 persoluto

464 3422 642 3478 ollieio
675 3445 689 3480 :
722 3443 884 3496 quem
940 3429 992 3482 in
1048 3429 1206 3484 linem
1261 3432 1438 3486 varias
1481 3432 1646 3488 variis
1681 3448 1843 3495 curas
1887 3445 2051 3504 atque

467 3519 856 3584 occupationes
921 3524 1289 3590 suggerebat:
1329 3523 1494 3588 Vade,
1531 3524 1826 3593 inquiens,
1877 3537 1933 3581 et
1982 3527 2050 3581 ad

469 3620 607 3672 Opus
669 3618 820 3661 tuum
857 3620 908 3664 te
937 3613 1197 3681 accinge:
1233 3630 1356 3667 eum
1401 3617 1546 3670 enim
1586 3619 2051 3675 necessariaillud

472 3697 784 3752 faciendqu
818 3701 907 3762 sit,
943 3703 1072 3757 nulli
1109 3705 1202 3758 tibi
1234 3706 1364 3760 vitio
1394 3718 1652 3763 vertetur.
1715 3709 1779 3765 Et
1815 3727 1941 3765 vero
1969 3713 2052 3768 his

473 3797 708 3866 aliisque
728 3800 1174 3870 suggestionibus
1200 3805 1417 3875 pietatis
1465 3807 1723 3864 inimicus
1750 3817 1804 3864 et
1837 3822 2052 3878 pertur-

473 3889 632 3944 bator
659 3890 911 3948 diabolus
930 3893 1192 3963 plurimos
1212 3898 1522 3964 inducebat,
1553 3909 1610 3955 ut
1639 3902 1848 3965 relicta,
1875 3904 2056 3973 prius-

474 3999 640 4052 quam
691 3985 938 4042 finiretur
990 4004 1150 4044 saera
1209 4007 1408 4053 cmua,
1465 3995 1904 4060 egrederentur:
1951 3997 2055 4053 etsi

475 4075 735 4133 inclamet
792 4079 1055 4138 Dominus
1088 4098 1104 4137 :
1140 4101 1159 4136 ι
1210 4084 1288 4138 Ne
1314 4085 1532 4139 solliciti
1575 4086 1697 4142 sitis
1729 4089 1927 4144 animae
1965 4106 2058 4146 ve-

477 4178 624 4234 strae,
675 4171 805 4241 quid
864 4174 1206 4229 manducetis
1262 4186 1356 4230 aut
1412 4178 1541 4247 quid
1577 4179 1923 4245 induamini,
1961 4180 2056 4235 sed

475 4265 703 4332 quaerite
734 4268 967 4334 primum
996 4283 1216 4335 regnum
1245 4267 1338 4324 Dei
1369 4269 1390 4298 ⁶
1415 4311 1428 4333 ,
1464 4291 1484 4322 ι
1517 4279 1569 4323 et
1594 4286 1716 4340 qua!
1732 4281 2054 4340 sequuntur.

477 4358 767 4426 Spectabat
823 4360 1023 4415 ibidem
1071 4362 1394 4419 .nscitantia:
1445 4379 1511 4418 ac
1537 4365 1915 4419 somnulentiae
1944 4365 2056 4419 daa-
2084 4403 2136 4464 Β

483 4468 722 4513 nionem,
757 4452 926 4505 nitido
965 4453 1187 4521 segnius
1231 4454 1458 4508 insidias
1511 4465 1809 4510 struentem
1850 4471 2052 4524 :quetn

481 4553 535 4596 et
569 4545 709 4598 alius
773 4544 1140 4598 comitabatur
1174 4547 1424 4614 spiritus,
1470 4547 1716 4602 minister
1745 4562 1902 4612 suus,
1933 4563 2056 4602 sor-

483 4633 642 4688 didos
692 4634 939 4688 humeris
987 4651 1196 4702 pannos
1238 4646 1464 4706 gestans
1499 4655 1513 4692 :
1543 4638 1742 4706 quibus
1792 4639 1932 4701 illus,
1963 4638 2058 4706 qui

485 4740 655 4780 sacra:
720 4726 939 4780 lectioni
990 4727 1308 4792 intererant,
1337 4738 1391 4783 et
1430 4731 1658 4785 auribus
1689 4731 1917 4785 arrectis
1935 4747 2062 4784 orn-

467 4818 606 4873 .cula
647 4819 828 4873 divina
891 4819 1258 4887 excipiebant,
1307 4823 1636 4890 percutiens,
1685 4823 1940 4876 inducere
2005 4822 2057 4874 in

488 4925 741 4965 somnum
792 4914 1116 4968 conabatur.
1178 4912 1310 4979 Qua:
1363 4914 1584 4982 pessimi
1658 4915 2062 4968 dzemnnisma-

486 5005 833 5058 cltinameuta
889 5006 1238 5074 conspicatus
1254 5007 1525 5069 Andreas,
1561 5006 1983 5074 indignatusque
2013 5015 2068 5059 et

492 5097 608 5151 zelo
633 5097 820 5152 divino
845 5109 1149 5166 correptus,
1168 5099 1237 5153 ita
1255 5114 1441 5154 secum
1478 5101 1590 5168 ipse
1621 5099 1760 5164 loqui
1795 5099 2024 5152 institit
2052 5115 2066 5150 :

494 5190 884 5261 Maliguissinte
913 5207 978 5245 ac
1007 5193 1313 5259 perniciose
1344 5190 1585 5260 spiritus,
1625 5191 1897 5258 quomodo
1927 5192 2046 5242 vani

2179 5191 2386 5255 πτίζων
2414 5191 2491 5259 τῷ
2520 5191 2673 5261 ὕπνῳ
2696 5191 2794 5259 τῆς
2823 5191 3091 5262 ῥᾳθυμίας
3125 5209 3138 5256 ;

491 5287 618 5341 tatis
649 5297 752 5342 tua:
788 5285 1028 5340 tenebris
1054 5286 1298 5350 latitans,
1327 5284 1542 5339 animos
1580 5293 1801 5338 nostros
1835 5283 2078 5338 abaudi-

561 5448 582 5480 ⁶
611 5449 799 5508 Matth.
835 5466 905 5516 τι,
932 5447 1122 5507 3l-53.

2133 1775 2383 1844 εἰσῆλθον
2413 1774 2561 1828 ἔνδον
2590 1773 2690 1842 τῆς
2719 1773 3010 1842 ἐκκλησίας
3036 1787 3052 1803 ο
3080 1773 3173 1826 καὶ
3202 1771 3269 1843 δὴ
3306 1772 3404 1839 τῆς
3459 1769 3706 1836 ἀναγνώ-

2137 1885 2278 1930 σεως
2323 1867 2724 1936 προτεθείσης,
2770 1869 2800 1920 6
2852 1867 2953 1936 μὲν
3007 1866 3321 1933 Ἐπιφάνιος
3373 1864 3432 1914 ὲν
3473 1863 3552 1915 ἑνὶ
3600 1861 3710 1914 τῶν

2138 1958 2727 2028 σκάμνων-ἐκαθέσθη,
2757 1960 2786 2011 6
2820 1957 2876 2011 δὲ
2911 1957 3196 2028 Μακάριος
3248 1955 3325 2017 ὡς
3357 1952 3439 2016 εἷς
3479 1954 3586 2009 τῶν
3617 1970 3712 2004 πε-

2136 2049 2314 2119 νήτων
2363 2049 2458 2102 ἐπὶ
2483 2049 2580 2102 τοῦ
2610 2051 2865 2118 ἐδάφους,
2908 2049 3049 2119 ἔχων
3076 2047 3138 2100 τὸ
3167 2047 3331 2116 σῶμα
3363 2047 3531 2116 prius:
3563 2046 3716 2096 εὐτε-

2135 2140 2219 2193 λεῖ
2246 2139 2647 2210 ἐνειλιμμένον.
2692 2141 2780 2203 Ὧς
2807 2137 2901 2194 οὖν
2927 2140 3106 2210 χαμαὶ
3153 2137 3450 2206 ὲκαθέσθη,
3488 2136 3713 2206 βλέπον-

2136 2251 2230 2296 τες
2263 2233 2430 2286 αὑτὸν
2465 2235 2512 2286 oi
2542 2235 2748 2298 ἐκεῖσε,
2789 2233 2928 2304 πρὸς
2955 2231 3218 2300 ἀλλήλους
3242 2229 3430 2298 ἔλεγον
3465 2247 3479 2260 ·
3507 2229 3572 2281 Τί
3605 2229 3714 2298 ἄρα

2141 2325 2363 2392 γέγονεν
2395 2324 2474 2393 τῷ
2505 2324 2833 2393 δαιμονὼδει·
2853 2324 3050 2393 τούτῳ,
3083 2324 3168 2376 ὃτι
3214 2320 3445 2374 ἐνταῦθα
3491 2319 3708 2388 εἰσελή-

2137 2417 2300 2469 λυθεν
2330 2435 2344 2483 ;
2385 2419 2494 2472 Καί
2535 2434 2682 2480 τινες
2715 2417 2904 2485 ἔλεγον
2928 2433 2943 2448 ο
2997 2414 3154 2480 Ἴσως
3197 2414 3364 2482 ἀνέθη
3400 2412 3573 2484 βραχὺ
3607 2411 3717 2464 ἀπὸ

2140 2509 2235 2563 τοῦ
2282 2510 2684 2581 ἐπηρεάζοντος
2737 2509 2902 2563 αὐτὸν
2955 2510 3329 2579 πονηροτάτου
3383 2505 3716 2575 πνεύματος.

2146 2603 2330 2657 Ἄλλοι
2358 2603 2545 2673 ελεγον
2567 2619 2582 2634 ⁸
2618 2604 2860 2674 nepam;
2891 2601 3056 2655 αὐτοῦ
3090 2601 3358 2670 ἐγεγόνει,
3387 2600 3484 2652 καὶ
3511 2598 3587 2660 ὡς
3620 2597 3716 2651 ἁτε

2145 2696 2227 2758 είς
2253 2697 2432 2749 οὶκίαν
2462 2698 2748 2766 σκοπήσας
2772 2693 3121 2765 εἰσελήλυθεν
3153 2711 3168 2726 ο
3199 2694 3326 2748 ἐπεὶ
3355 2691 3458 2746 ποῦ
3483 2691 3600 2761 ᾔδει
3627 2689 3722 2742 αὐ·

2145 2787 2236 2850 τδς
2268 2788 2354 2840 ὃτι
2383 2787 2654 2858 ἐκκλησία
2697 2787 2838 2852 ἐστὶ,
2863 2784 2974 2857 δῴη
3011 2784 3215 2856 Κύριος
3247 2783 3420 2840 ταῦτα
3453 2781 3604 2850 αὐτῷ
3625 2781 3722 2850 ἑρ-

2147 2882 2467 2954 γασαμένῳ.

2221 3073 2293 3141 ιε.
2312 3071 2572 3145 Ἐθεὼρει
2600 3072 2658 3126 δὲ
2689 3072 2718 3124 6
2740 3070 2960 3135 Δίκαιος
2980 3070 3072 3124 τδν
3097 3068 3200 3138 τῆς
3225 3067 3462 3138 ἅκηδίας
3489 3065 3723 3135 δαίμονα

2150 3166 2518 3235 ἐνεδρεύοντα,
2561 3165 2658 3218 καὶ
2701 3162 3047 3233 πειρώμενον
3083 3163 3357 3232 μηχαναῖς
3389 3161 3513 3212 τίνα
3543 3159 3724 3230 ἐξώσῃ

2150 3259 2251 3326 τῆς
2304 3255 2622 3324 ἐκκλησίας,
2685 3251 3007 3306 ὐπςσὰλλων
3055 3253 3263 3315 αὐτοὺς
3321 3249 3606 3321 φροντίσιν
3631 3249 3725 3302 καὶ

2152 3347 2420 3410 δουλείαις
2454 3347 2560 3416 πρὸ
2598 3349 2699 3415 τῆς
2730 3345 3075 3412 ἀπολύσεως,
3110 3344 3287 3412 λέγων
3317 3361 3331 3376 ·
3363 3343 3589 3408 Ἔξελθε
3632 3343 3726 3396 καὶ

2155 3439 2382 3509 ποίησον
2409 3440 2470 3492 τὸ
2499 3438 2664 3507 ἔργον
2697 3455 2813 3502 σου,
2846 3438 2923 3490 ὅτ’
2959 3438 3027 3492 ἂν
3064 3439 3174 3506 γὰρ
3215 3436 3432 3490 δουλεία
3477 3453 3560 3488 σοι
3595 3436 3726 3506 πρό-

2154 3549 2354 3595 κειται,
2397 3531 2638 3602 ἁμαρτία
2665 3532 2765 3585 οὐκ
2799 3531 2945 3584 ἔστιν
2977 3547 3081 3586 σοι.
3132 3530 3318 3584 Ταῦτα
3351 3529 3667 3584 ὑποσάλλων
3699 3530 3727 3582 6

2154 3623 2487 3691 ὲμποόιστὴς
2529 3623 2630 3691 τῆς
2661 3623 3012 3692 δικαιοσύνης
3055 3621 3323 3684 διάϐολος.
3371 3620 3593 3682 ἱκανοὺς
3625 3621 3731 3690 πρδ

2155 3716 2258 3784 τῆς
2288 3715 2606 3778 ἀπολύσεως
2639 3717 2813 3769 ἐποίει
2856 3717 3058 3784 ἐξιέναι
3089 3715 3189 3787 τῆς
3221 3715 3370 3779 θείας
3407 3715 3684 3780 συνάξεως
3710 3729 3728 3746 ⁸

2155 3809 2334 3862 καίτοι
2361 3807 2567 3879 Κύριος
2597 3807 2718 3878 βοᾷ,
2743 3825 2762 3860 ι
2788 3807 2880 3879 Μὴ
2908 3809 3281 3878 μεριμνήσητε
3303 3810 3369 3877 τῇ
3399 3807 3543 3876 ψυχῇ
3579 3805 3733 3874 ὑμῶν

2155 3901 2209 3954 τί
2238 3900 2464 3970 φάγετε,
2495 3901 2529 3972 ἢ
2563 3900 2615 3952 τί
2642 3899 3027 3970 περιεάλεσθε,
3056 3902 3273 3968 ζητεῖτε
3299 3899 3356 3952 δὲ
3390 3900 3606 3968 πρῶτον
3635 3899 3736 3967 τὴν

2158 3990 2436 4062 βασιλείαν
2463 3991 2558 4045 τοῦ
2581 3990 2772 4058 Θεοῦ,ι
2805 3993 2901 4045 καλ
2923 3993 2992 4044 τὰ
3016 3991 3413 4059 ἑξῆς.”Ε6λεπε
3437 3992 3494 4043 δὲ
3524 3992 3617 4044 καὶ
3644 3991 3735 4042 τὸν

2157 4083 2261 4152 τῆς
2313 4083 2631 4154 χασμωδίας
2677 4083 2910 4152 δαίμονα
2962 4084 3058 4136 καὶ
3107 4083 3200 4137 τοῦ
3257 4083 3574 4151 νυσταγμοῦ
3617 4083 3738 4134 ἐκεῖ

2161 4174 2569 4246 παρεδρεύοντα
2594 4191 2611 4208 ·
2665 4176 2962 4246 ἐπορεύετο
3001 4176 3059 4228 δὲ
3109 4177 3207 4230 σὺν
3245 4176 3394 4244 αὐτῷ
3427 4175 3522 4228 καὶ
3549 4174 3738 4244 ἕτερον
3791 4229 3798 4232 _

2160 4267 2382 4338 πνεῦμα
2430 4267 2775 4339 ἐξυπηρετδν
2829 4269 2907 4338 τῷ
2964 4268 3185 4338 χαλεπῷ
3241 4269 3435 4338 ἐκείνῳ
3497 4267 3740 4332 δαίμονι,

2163 4359 2586 4444 πεφορτωμένον
2647 4359 2870 4430 ῥυπώδη
2918 4360 3091 4412 σπανία
3138 4359 3217 4430 (9)
3264 4361 3356 4412 ἐπὶ
3416 4359 3526 4412 τῶν
3575 4357 3742 4427 ὤμων

2165 4452 2354 4516 αὐτοῦ,
2390 4451 2487 4504 καὶ
2524 4453 2651 4514 τοὺς
2685 4451 3084 4522 καθεζομένους
3120 4454 3265 4524 ἐντῇ
3293 4452 3623 4519 ἀναγνώσει,
3649 4453 3744 4503 καὶ

2166 4546 2552 4616 ἀκροωμένους
2572 4545 2682 4598 τῶν
2709 4545 2869 4598 θείων
2899 4544 3097 4613 λογίων
3126 4544 3392 4614 κρούοντα
3423 4543 3540 4613 μετ’
3559 4544 3742 4596 αὑτῶν

2169 4642 2262 4694 καὶ
2311 4640 2615 4693 ύπνὼττειν
2664 4639 3174 4706 παρασκευάζοντα.
3253 4637 3427 4706 ὐρῶν
3466 4636 3521 4689 δὲ
3577 4638 3606 4687 6
3657 4636 3742 4687 Δί-

2169 4748 2325 4793 καιος
2353 4731 2414 4783 τὸ
2451 4731 2757 4800 μηχανικὸν
2783 4730 2880 4780 τού
2927 4728 3299 4797 παμπονηρου
3326 4728 3608 4794 δαίμονος,
3644 4725 3744 4788 ἑμ-

2177 4823 2352 4892 μανὴς
2396 4822 2516 4876 κατ’
2563 4822 2732 4875 αὑτοῦ
2780 4823 3017 4889 ἐγένετο,
3075 4822 3168 4875 καὶ
3201 4822 3258 4873 ἐν
3291 4819 3473 4888 ἐαυτῷ
3517 4818 3741 4884 ἑλεγενο

2177 4917 2511 4986 Παμπὸνηρε
2545 4915 2639 4968 καὶ
2670 4914 2880 4983 ὀλέθριε
2913 4913 3146 4982 δαίμων,
3187 4913 3303 4973 πῶς
3335 4913 3401 4980 τῇ
3435 4912 3745 4980 σκοτομὴνῃ

2166 5002 2272 5076 τεῆς
2311 4995 2680 5076 ματαιότητος
2723 5004 3079 5075 κεχοημένος,
3119 5003 3434 5075 ἀλλοτρίους
3463 5002 3612 5068 ἡμᾶς
3642 5016 3743 5050 κα-

2175 5100 2366 5170 θιστᾷς
2407 5100 2505 5168 τῆς
2531 5101 2851 5170 ἀκροάσεως
2900 5099 3007 5150 τῶν
3040 5097 3200 5150 θείων
3244 5095 3458 5164 λογίων,
3510 5091 3746 5145 καταΰα-

3175 5189 3333 5255 sna,
3369 5189 3539 5256 Κύρτε
3570 5181 3744 5251 Ἰησοῦ

2180 5284 2384 5354 Χριστὲ
2417 5284 2527 5337 τῶν
2563 5284 2870 5355 δυνάμεων,
2915 5283 3094 5356 ἐκχεε⁹
3116 5284 3203 5336 ἐπ’
3227 5282 3428 5341 αὐτοὺς
3456 5281 3553 5349 τὴν
3577 5276 3747 5346 ὀργήν

571 5608 646 5669 (9)
699 5608 893 5664 ῐιανῐον
951 5609 1335 5669 diminutivum
1390 5622 1418 5663 a
1474 5605 1668 5662 Latino
1695 5617 1928 5676 pannus,
1994 5615 2098 5658 vox
2174 5601 2379 5672 passim
2441 5601 2493 5656 in
2545 5600 2939 5657 recentioribus
3021 5598 3204 5654 obvia.
3252 5595 3352 5653 Ms.
3409 5592 3542 5650 Μαι.
3605 5588 3751 5664 ῥάκη

499 5683 582 5748 It'g
608 5687 648 5731 ι.
