4088 6216
452 189 551 254 ’.’ll

446 410 538 449 mo
596 395 824 452 Domino
882 411 1069 456 nostro
1109 404 1248 457 vires
1282 402 1600 467 sullieiente,
1633 416 1890 473 operatus
1926 416 2029 462 est.

444 486 580 540 lllud
613 490 823 543 aestatis
858 500 1068 561 tempus
1098 494 1392 563 agebatur,
1454 511 1564 563 quo
1596 506 1760 553 aestus
1792 498 1924 554 solis
1952 500 2036 554 in-

448 575 748 632 tolerabilis
802 586 1001 637 terram
1053 583 1457 651 quodammodo
1482 595 1539 638 ut
1602 585 1877 641 clibanum
1909 606 2035 644 suc-

446 667 629 721 cendit
650 683 665 733 ;
690 682 814 722 cum
852 670 1047 725 Beatus
1079 672 1291 726 ebrium
1320 688 1380 729 se
1423 676 1720 743 simulavit,
1752 678 2032 735 ebriorum

445 758 800 825 exprimendo
835 771 1021 831 gestus
1049 779 1376 835 gressusque
1397 767 1683 835 imitando,
1705 775 2035 841 procedens-

446 862 555 917 que
588 848 642 903 in
698 850 875 906 locum
930 854 1163 909 maxime
1210 859 1478 926 apricum,
1533 863 1821 929 procubuit
1855 866 2034 920 media

445 942 557 1006 via,
582 942 731 997 nullo
758 944 862 999 ribi
890 956 1120 1015 potusve
1143 949 1382 1006 admisso
1407 952 1620 1018 solatio,
1646 965 1697 1009 et
1713 966 2033 1014 mstuantcm

445 1019 560 1087 illic
618 1035 786 1089 solem
840 1036 930 1090 diu
966 1038 1231 1093 toleravit.
1269 1040 1668 1099 Praetereuntes
1705 1061 1855 1111 vero,
1887 1049 2035 1118 quod

444 1129 772 1186 otl‘endieulo
833 1133 935 1188 sibi
990 1145 1155 1200 esset,
1213 1152 1244 1191 a
1294 1138 1506 1194 diabolo
1556 1142 1623 1197 ad
1693 1143 2032 1201 iracundiam

448 1222 706 1291 instigati,
759 1240 883 1293 pars
936 1225 1147 1284 baculis
1194 1230 1472 1287 czedebant
1525 1234 1837 1303 iacentem,
1907 1253 2034 1308 pars

446 1310 683 1381 impacto
745 1315 797 1369 in
838 1317 1013 1385 ipsum
1067 1317 1217 1374 calce
1253 1322 1559 1377 transibant
1592 1364 1606 1389 ,
1644 1326 1734 1379 alii
1787 1328 2040 1398 blaSplte-

454 1413 668 1459 mantcs
722 1408 1120 1464 concuktabant
1172 1413 1416 1482 pedibus,
1452 1418 1699 1472 nonnulli
1746 1436 1842 1489 per
1872 1424 2036 1491 pedes

451 1502 687 1550 tractum
742 1499 796 1553 in
856 1515 1094 1572 pra‘ceps
1190 1506 1515 1574 rapiebant:
1549 1510 1692 1565 unde
1750 1512 2036 1582 ingruente

446 1598 607 1644 nocte
690 1607 1023 1662 resurgens,
1081 1597 1394 1654 conferebat
1461 1616 1518 1656 se
1581 1602 1646 1657 ad
1675 1604 2031 1663 ecclesiarum

442 1681 747 1751 vestibula,
816 1686 1173 1757 vacabatque,
1228 1699 1429 1760 quanta
1465 1704 1667 1761 quanta
1696 1713 1802 1752 nox
1866 1713 2031 1768 esset,
2069 1704 2107 1758 Β

444 1774 711 1830 orationi.

524 1867 610 1920 Ἡ.
664 1868 802 1921 Cum
862 1869 941 1923 sic
974 1870 1265 1941 aliquando
1293 1875 1623 1935 circumiens
1673 1881 1788 1938 suis
1814 1896 2032 1941 vacaret

443 1956 766 2023 exercitiis,
827 1961 1054 2032 contigit
1102 1964 1425 2021 miraculum
1487 1970 1759 2039 quoddam
1844 1978 2028 2045 perlici

444 2046 500 2100 in
556 2048 762 2103 famulo
816 2049 929 2106 Dei.
996 2051 1273 2110 Vestibula
1358 2074 1593 2130 namque
1650 2063 2027 2133 ecclesiarum,

443 2136 781 2207 intempestae
846 2143 1022 2198 noctis
1078 2157 1341 2214 tempore,
1373 2165 1480 2218 quo
1527 2151 1706 2207 minus
1737 2168 1901 2223 opera
1931 2170 2028 2211 sua

445 2228 770 2287 hominibus
830 2233 1250 2298 innotescerent,
1311 2254 1461 2294 more
1509 2256 1609 2296 suo
1632 2243 2033 2302 visitabatora-

446 2321 614 2377 tionis
648 2339 810 2378 causa
847 2365 861 2388 ,
925 2342 1048 2381 cum
1102 2328 1237 2384 forte
1272 2331 1337 2385 ad
1387 2332 1555 2387 a‘dem
1587 2350 1805 2405 quoque
1833 2337 2031 2407 glorio-

442 2412 675 2470 sissima!
727 2417 817 2472 Dei
862 2418 1176 2484 Gcnitricis,
1208 2438 1236 2476 c
1276 2423 1498 2478 sinistra
1556 2426 1660 2482 fori
1713 2428 1828 2499 (88)
1881 2430 2027 2485 Coit-

444 2505 767 2560 stautiniani
834 2519 986 2575 parte
1044 2513 1228 2578 sitam,
1290 2514 1501 2570 delatus
1552 2527 1659 2582 est,
1719 2521 2030 2591 acciditque

448 2596 556 2649 sub
616 2598 756 2653 idem
820 2610 1033 2672 tempus
1101 2602 1364 2660 famulum
1413 2608 1704 2677 quemdam
1742 2627 1770 2664 a
1803 2612 2028 2667 domino

453 2703 556 2744 suo
612 2692 857 2761 responsi
916 2696 1218 2765 cujuspiam
1283 2701 1501 2768 petendi
1545 2718 1712 2758 causa
1773 2706 2025 2771 missum,

444 2780 570 2837 illac
619 2785 876 2841 transire.
912 2787 1011 2842 llic
1041 2789 1226 2859 igitur,
1264 2801 1323 2847 ut
1358 2796 1699 2851 contentione
1749 2798 2033 2855 incedebat

445 2876 642 2942 gradu,
673 2876 1048 2933 conferentem
1088 2895 1149 2935 se
1194 2884 1453 2950 precandi
1507 2900 1638 2957 ergo
1664 2887 1733 2941 ad
1760 2905 2031 2946 memora-

442 2973 560 3018 tum
616 2967 910 3022 oratorium
958 2969 1230 3026 Andream
1283 2984 1565 3031 assecutus
1625 2987 1742 3045 est,
1799 2981 1921 3050 ipso
1970 2982 2029 3037 id

441 3074 554 3113 non
605 3061 949 3118 observante.
971 3065 1107 3121 Cum
1138 3067 1301 3137 igitur
1331 3078 1551 3125 ventum
1573 3081 1655 3127 est
1685 3075 1904 3143 propius
1957 3076 2029 3133 ad

442 3150 625 3217 templi
709 3153 1075 3219 vestibulum,
1123 3157 1338 3213 volente
1405 3158 1516 3215 Deo
1560 3171 2027 3232 commonstrare,

439 3252 679 3308 quantus
702 3243 939 3301 lautulus
973 3263 1106 3303 suus
1133 3260 1303 3315 esset,
1342 3253 1406 3305 .td
1457 3251 1671 3321 signant
1710 3258 2032 3312 veneranda:

441 3332 621 3390 crucis
651 3373 667 3399 ,
702 3337 845 3405 quod
901 3336 1131 3394 Sanctus
1183 3351 1408 3396 extensa
1472 3357 1632 3396 manu
1662 3343 1886 3399 dextera
1914 3345 2029 3401 lur-

444 3424 652 3489 mabat,
706 3431 967 3482 continuo
1022 3430 1187 3484 valva:
1240 3445 1338 3485 sua
1416 3442 1610 3501 sponte
1678 3445 2025 3503 patuerunt:

439 3532 534 3583 qui
590 3518 907 3587 ingressus.
959 3522 1193 3576 orationi
1240 3537 1433 3578 secure
1503 3523 1761 3591 vacabat,
1823 3528 2028 3588 nullius

440 3610 613 3675 magis
676 3611 929 3679 nescius,
974 3627 1138 3681 quam
1192 3614 1336 3682 quod
1367 3614 1435 3668 ab
1464 3614 1649 3683 aliquo
1682 3632 1819 3685 pone
1838 3630 2026 3676 secuto

444 3700 827 3768 deprehensus
888 3711 1055 3756 esset.
1092 3702 1468 3772 Deprebeusor
1525 3715 1706 3760 autem
1736 3706 1824 3761 ille
1854 3709 2027 3777 probe

441 3799 669 3844 noverat
702 3790 999 3857 Andream,
1035 3794 1349 3863 sciebatque
1372 3809 1400 3848 e
1434 3809 1665 3850 numero
1704 3795 2024 3853 insanorum

440 3901 563 3939 esse
586 3901 751 3939 unum
786 3902 801 3940 :
827 3888 913 3941 cui
933 3887 1152 3955 quando
1171 3897 1359 3957 portas
1379 3888 1649 3958 adaperiri
1677 3891 2027 3961 conspicatus

443 3988 547 4043 est,
598 3978 889 4045 inhorruit,
933 3979 1170 4048 totisque
1203 3980 1430 4035 artubus
1466 3982 1915 4046 contremiscens,
1950 3983 2024 4037 ita

437 4085 624 4126 secum
655 4072 961 4141 pensitabat
997 4070 1180 4127 :Eccc
1225 4073 1445 4141 qualem
1501 4082 1878 4143 quantumque
1925 4074 2023 4131 Dei

443 4163 705 4218 fatnulum
739 4164 777 4219 ii
816 4164 908 4233 qui
940 4178 1065 4218 vere
1122 4164 1303 4218 insani
1355 4172 1503 4229 sunt,
1557 4180 1815 4219 vesanum
1834 4165 2021 4235 appel-

437 4253 598 4310 litant
632 4257 645 4309 !
681 4271 713 4310 ο
770 4264 902 4326 quot
924 4256 1032 4309 Deo
1094 4256 1306 4310 eximizc
1335 4255 1641 4311 sanctitatis
1667 4256 1909 4311 cultores
1933 4271 2023 4312 oe-

439 4345 571 4398 culti
630 4356 779 4411 sunt,
836 4360 1067 4415 quorutn
1100 4345 1247 4399 nulla
1296 4344 1453 4398 nobis
1482 4354 1633 4414 gesta
1685 4354 1779 4399 aut
1820 4345 2019 4399 indicia
2050 4375 2093 4429 ο

439 4436 792 4491 innotescunt
815 4436 828 4490 ι

512 4527 603 4581 72.
674 4527 778 4583 Ubi
825 4527 975 4590 talia,
1004 4528 1308 4583 consistens
1359 4541 1458 4597 pro
1488 4527 1716 4594 foribus,
1766 4527 2024 4584 volvisset

439 4620 645 4682 animo,
669 4619 901 4675 accessit
935 4620 1182 4689 propius,
1216 4620 1597 4689 speculaturus
1646 4620 1777 4690 quid
1830 4636 2010 4676 rerum

439 4713 587 4767 intus
652 4719 872 4780 ageret:
902 4710 1143 4783 viditque
1166 4721 1290 4782 ante
1322 4712 1612 4768 ambouem
1650 4712 1705 4768 iu
1735 4726 1859 4767 acre
1886 4726 2018 4781 pen-

436 4803 628 4858 dulum
687 4817 866 4868 orare,
911 4803 1129 4858 ﬂamma
1191 4804 1332 4874 ignis
1379 4804 1587 4861 circum
1630 4804 1935 4868 emicante,
1963 4812 2019 4858 et

437 4895 777 4952 sentiebatur
847 4896 1030 4967 egredi
1063 4896 1132 4951 ab
1187 4896 1305 4967 ipso
1334 4897 1624 4968 singularis
1643 4896 1870 4952 odorum
1900 4893 2013 4949 fra-

436 4989 674 5059 grantia,
708 5003 827 5058 qua:
859 4988 925 5043 ad
947 4996 1160 5058 portam
1195 5003 1368 5058 usque
1401 4988 1737 5057 pertingebat
1770 4986 2015 5042 ecclesia:

438 5078 533 5134 ubi
564 5078 800 5136 lautulus
844 5077 1125 5152 spectandi
1163 5092 1331 5133 causa
1349 5078 1565 5134 stabat:
1600 5076 1695 5147 qui
1727 5087 1834 5129 tam
1855 5074 2011 5131 inso-

436 5173 536 5227 lito
584 5171 852 5226 miraculo
903 5170 1340 5241 obstupefactus,
1391 5168 1518 5222 inde
1574 5165 1766 5238 pedem
1830 5166 2017 5221 retulit

440 5265 698 5324 mandata
750 5265 961 5322 domini
1015 5264 1103 5320 sui
1136 5269 1517 5319 exsecuturus.
1571 5257 1809 5314 Sanctus
1858 5274 2013 5322 vero,

507 5426 631 5498 (88)_
680 5423 791 5498 Est
837 5425 952 5498 lucc
1007 5421 1150 5491 apud
1203 5418 1493 5498 CanAgium,
1529 5415 1622 5471 lib.
1657 5432 1708 5498 tv
1748 5415 2008 5470 Constan-

439 5486 680 5561 tinopolis
728 5486 1084 5569 Christiania,
1130 5486 1376 5569 cap.“2:,
1436 5489 1577 5541 inter
1631 5486 1802 5551 cedes,
1868 5500 2007 5565 quas

436 5559 718 5619 enumerat
790 5559 1217 5637 quinquaginta_
1254 5559 1495 5637 Deipara‘:
1567 5572 1793 5637 sacras,
1863 5559 2007 5637 vice-

437 5635 577 5690 sima
643 5625 1139 5705 secun'da,'qu'am
1187 5625 1404 5687 docet—:1
1459 5628 1659 5684 Basilio
1718 5625 2009 5681 Macedone

1495 200 1921 262 NICEPHORI
1962 200 2440 263 PRESBYTERI
2479 206 2589 264 CP.
3599 211 3706 275 ἨΞ

518 302 609 357 70.
640 302 800 359 Aliud
833 322 1048 378 quoque
1073 320 1370 365 memoratu
1403 313 1649 383 dignum,
1704 315 2031 383 licuiguissi-
2063 319 2105 375 Α

2207 335 2267 382 o'.
2290 329 2516 403 Ἕτερον
2542 334 2601 387 δὲ
2632 338 2864 409 πρᾶγμα
2892 340 2919 391 6
2944 342 3159 407 Δίκαιος
3187 344 3475 414 ἔπραττεν,
3502 346 3598 399 τοῦ
3627 365 3711 415 φι-

2130 422 2455 493 λανθρώπου
2489 428 2623 481 Θεοῦ
2659 431 3080 503 ἐνδυναμοῦντος
3111 437 3294 494 αὑτόν.
3332 440 3423 494 Ἐν
3455 441 3564 511 γὰρ
3593 443 3713 504 ταῖς

2135 522 2229 575 τοῦ
2268 524 2464 592 θέρους
2496 528 2754 597 ἡμέραις,
2790 529 2951 599 ἡνίκα
2990 531 3019 583 6
3048 531 3323 602 ἀφόρητος
3356 534 3577 588 καύσων
3613 535 3708 589 τοῦ

2135 616 2286 684 ἡλίου
2318 617 2583 688 ὑπῆρχεν,
2637 622 2664 673 ὀ
2695 622 2786 673 καὶ
2818 622 2917 693 τὴν
2950 624 3053 693 γῆν
3095 623 3171 686 ὡς
3214 625 3443 693 κάμινον
3482 626 3710 698 ἐργαζόο

2139 723 2302 776 μενος
2328 724 2341 739 ·
2367 708 2491 761 τότε
2515 710 2543 762 6
2572 710 2858 782 Μακάριος
2887 713 3359 785 σχηματιζόμενος
3398 719 3570 773 ἐποίει
3615 722 3711 775 αὑ-

2135 797 2228 850 τὸν
2259 798 2334 861 ὡς
2361 799 2646 869 μεθύοντα,
2679 802 3009 874 ἀφικόμενος
3035 806 3095 858 ἐν
3122 806 3200 875 τῷ
3230 808 3499 862 καυσώδει
3537 811 3708 881 τόπῳ,

2138 890 2316 943 ἐκεῖσε
2358 892 2628 961 ὑπέμενεν
2678 893 2774 947 τὸν
2826 894 3089 967 φλογερὸν
3127 898 3403 966 καύσωνα,
3463 901 3713 973 ἄϐρωτος

2139 984 2231 1036 καὶ
2293 985 2497 1049 ἄποτος
2556 987 2721 1056 μέσον
2771 988 2869 1059 τῆς
2910 990 3031 1043 ὀδοῦ
3078 992 3455 1064 ἀνακείμενος.
3504 998 3566 1048 Οί
3616 995 3711 1051 οὖν

2136 1072 2476 1145 διερχόμενοι
2518 1076 2976 1147 συμποδιζόμενοι
3018 1080 3099 1142 είς
3134 1080 3318 1145 αὑτὸν,
3373 1084 3434 1134 ἐκ
3467 1082 3711 1137 διαϐολι-

2138 1167 2242 1235 κῆς
2280 1168 2542 1237 ἐργασίας
2568 1168 2922 1239 θυμούμενοι,
2959 1171 3007 1222 oi
3050 1173 3150 1241 μὲν
3190 1172 3409 1242 ῥάϐδοις
3455 1173 3707 1240 ἔτυπτον,

2136 1258 2187 1310 οἱ
2218 1259 2272 1312 δὲ
2302 1259 2649 1325 λακτίζοντες
2674 1262 2961 1328 διέϐαινον,
3000 1263 3179 1334 ἕτεροι
3219 1263 3277 1317 δὲ
3322 1263 3711 1336 βλασφημοῦν-

2136 1369 2226 1415 τες
2254 1355 2349 1408 καὶ
2383 1357 2497 1416 τοῖς
2514 1358 2640 1409 ποσὶ
2668 1356 3128 1422 καταπατοῦντες,
3156 1356 3305 1411 ἄλλοι
3326 1358 3382 1411 δὲ
3406 1361 3531 1423 τοὺς
3547 1359 3711 1424 πόδας

2138 1446 2304 1500 αὑτοῦ
2338 1448 2630 1516 λαϐόμενοι
2669 1451 2750 1512 είς
2799 1449 2861 1502 τὸ
2908 1450 3174 1515 κάταντες
3224 1450 3440 1522 ἔσυρον.
3519 1451 3709 1506 Ἦνίκα

2136 1538 2256 1611 δέἡ
2303 1540 2402 1605 νὺξ
2451 1542 2774 1608 κατέλαϐεν,
2805 1542 3165 1612 ἀνιστάμενος
3229 1544 3459 1608 ἐκεῖθεν,
3510 1545 3710 1616 ἤρχετο

2138 1633 2197 1686 ἐν
2254 1634 2369 1697 τοῖς
2430 1634 2727 1706 προθύροις
2775 1635 2883 1691 τῶν
2937 1636 3271 1708 ἐκκλησιῶν,
3314 1638 3410 1690 καὶ
3463 1638 3532 1691 δι’
3577 1639 3707 1710 ὅλης

2136 1726 2331 1787 νυκτὸς
2374 1725 2623 1798 ὑπῆρχεν
2669 1727 3070 1800 ἀσχολούμενος
3121 1728 3184 1785 ἐν
3235 1732 3564 1801 προσευχαῖς
3611 1732 3707 1785 καὶ

2133 1818 2407 1890 δεήσεσιν.

2189 1913 2290 1961 οα¹.
2325 1908 2415 1961 Ἐν
2442 1911 2540 1981 μιᾷ
2567 1910 2660 1965 οῦν
2685 1913 2917 1984 περιόδῳ
2942 1916 3039 1985 τῆς
3067 1914 3230 1969 αὑτοῦ
3256 1917 3544 1986 ἐργασίας,
3574 1938 3701 1973 σνν-

2118 1997 2216 2070 έϐη
2243 2017 2296 2053 τι
2327 2001 2741 2075 ἐπιτελεσθῆναι
2771 2007 2853 2069 εἰς
2882 2006 2975 2060 τὸν
3001 2006 3096 2060 τοῦ
3125 2009 3331 2078 Κυρίου
3360 2010 3686 2081 θεράποντα.

2133 2095 2292 2148 Κατὰ
2322 2096 2429 2165 γὰρ
2477 2096 2535 2148 τὸ
2565 2096 2755 2160 εἰωθὸς
2805 2100 3171 2168 πορευομένου
3200 2101 3366 2154 αὑτοῦ
3410 2104 3468 2155 ἐν
3500 2102 3699 2170 (impia,

2131 2190 2268 2260 πρὸς
2300 2190 2361 2242 τὸ
2394 2190 2470 2260 μὴ
2497 2190 2806 2261 γνωσθῆναί
2843 2207 2949 2244 τινι
3001 2190 3104 2262 τὴν
3129 2194 3395 2263 ἐργασίαν
3428 2193 3613 2254 αὑτοῦ,
3644 2194 3702 2246 ἐν

2128 2284 2242 2345 τοῖς
2274 2268 2562 2352 προθύροις
2589 2282 2698 2336 τῶν
2728 2282 3031 2352 ἐκκλησιῶν
3088 2283 3245 2353 χάριν
3286 2284 3474 2355 εὑχῆς,
3504 2284 3700 2354 συνέϐη

2130 2374 2536 2445 παραγενέσθαι
2554 2374 2735 2439 αὐτὶν,
2756 2375 2849 2428 καὶ
2877 2376 2935 2427 ἐν
2960 2373 3038 2445 τῷ
3064 2374 3335 2445 εὑκτηρίῳ
3362 2377 3459 2443 τῆς
3489 2392 3701 2444 πανυμ·

2130 2470 2291 2538 νήτου
2317 2468 2604 2532 Θεοτόκου,
2639 2469 2717 2535 τῷ
2745 2470 2859 2525 ϐντι
2885 2472 2942 2525 ἐν
2959 2468 3035 2534 τῷ
3060 2469 3328 2539 εὐωνύμῳ
3360 2468 3574 2538 ἐμϐόλῳ
3605 2466 3699 2520 τοῦ

2132 2563 2298 2634 φόρου
2331 2563 2768 2619 Κωνσταντίνου.
2803 2565 3033 2634 Ἔτυχεν
3063 2563 3121 2617 δέ
3146 2580 3267 2616 τινα
3298 2562 3463 2616 παῖδα
3486 2561 3554 2616 δι’
3582 2563 3704 2615 ἐπι-

2130 2654 2304 2723 ταγῆς
2327 2653 2421 2706 τοῦ
2443 2654 2632 2723 κυρίου
2658 2654 2822 2708 αὑτοῦ
2853 2657 2909 2708 ἐν
2933 2657 2998 2726 τῇ
3026 2653 3284 2724 λεωφόρῳ
3300 2654 3389 2707 ἐπ’
3409 2653 3704 2723 ἀποκρίσει

2129 2745 2461 2817 διέρχεσθαι.
2512 2746 2619 2799 Τοῦ
2674 2745 2769 2799 οὖν
2809 2746 2987 2800 Ὀσίου
3035 2746 3383 2817 διερχομένου
3430 2745 3565 2815 πρὸς
3609 2743 3701 2796 τὸν

2132 2834 2419 2904 εὑκτήριον
2448 2832 2595 2893 οἶκον
2618 2834 2712 2888 τοῦ
2747 2835 3169 2906 προσεύξασθαι,
3210 2835 3516 2905 ἐπεφθάκει
3541 2834 3701 2888 αὑτὸν

2129 2930 2157 2980 6
2187 2928 2316 2991 παῖς
2345 2926 2622 2996 ὀξυτέροις
2662 2926 2894 2997 βαδίζων
2919 2928 3075 2981 ποσίν
3108 2945 3125 2962 ο
3149 2931 3175 2982 6
3206 2928 3261 2982 δὲ
3296 2929 3482 2981 ’Ὀσιον
3514 2928 3701 2997 ἠγνόει

2058 3039 2101 3095 c
2132 3019 2225 3072 τὸν
2274 3018 2556 3089 βαδίζοντα
2583 3019 2829 3075 ὄπισθεν.
2877 3022 2962 3081 Ὠς
2994 3021 3053 3075 δὲ
3097 3019 3325 3090 πλησίον
3359 3020 3466 3073 τῶν
3494 3018 3700 3090 προθύ-

2135 3128 2244 3182 ρων
2275 3111 2492 3180 ἐγένετο
2524 3111 2616 3165 τοῦ
2653 3112 2802 3178 ναοῦ,
2842 3114 2937 3165 τοῦ
2961 3112 3097 3166 Θεοῦ
3138 3112 3380 3173 θέλοντος
3420 3103 3697 3180 δειχθῆναι

2130 3203 2313 3266 ὁποῖός
2362 3206 2533 3267 ἐστιν,
2585 3206 2885 3268 ἐκτείναςό
2915 3205 3100 3269 "Octo;
3146 3206 3244 3276 τὴν
3298 3202 3476 3269 δεξιάν
3532 3202 3695 3255 αὑτοῦ

2130 3299 2310 3366 χεῖρα,
2366 3299 2459 3349 καὶ
2511 3298 2821 3366 σφραγίσας
2859 3298 2957 3360 τὰς
3007 3298 3183 3359 πύλας
3216 3298 3294 3368 τῷ
3341 3296 3554 3367 σημείῳ
3597 3292 3693 3348 τοῦ

2129 3390 2308 3457 τιμίου
2372 3389 2647 3459 σταυροῦ,
2707 3390 2910 3452 εὐθέως
2968 3390 3235 3459 αὐτοματὶ
3283 3388 3635 3460 ἠνεῴχθησαν
3674 3403 3690 3419 ·

2131 3478 2392 3534 εἰσελθὼν
2418 3481 2474 3535 δὲ
2506 3481 2673 3546 ἔνδον,
2706 3482 2875 3545 ἀδεῶς
2904 3482 3003 3553 τὴν
3032 3481 3340 3552 προσευχὴν
3385 3481 3585 3546 ἐποίει,
3617 3479 3690 3548 μὴ

2128 3576 2486 3647 ἐπιστάμενος
2518 3578 2597 3630 ὅτι
2621 3575 2843 3629 ὄπισθεν
2867 3575 2970 3628 ὑπό
3002 3591 3146 3638 τινος
3179 3574 3587 3627 κατοπτεύεται.
3634 3573 3693 3624 Ὀ

2127 3666 2221 3721 οὒν
2258 3672 2410 3734 παῖς,
2436 3668 2493 3733 ὃς
2522 3668 2745 3722 ὄπισθεν
2774 3667 3075 3739 ἠκολούθει,
3107 3661 3200 3720 εἶδ’
3242 3667 3424 3732 αὑτὸν,
3457 3665 3550 3720 καὶ
3577 3666 3692 3734 ἐγί-

2126 3778 2338 3815 νωσκεν
2381 3764 2479 3817 ἕνα
2522 3767 2631 3820 τῶν
2675 3768 3222 3839 παρατετραμμένων
3269 3768 3574 3837 ὑπάρχειν,
3601 3766 3694 3817 καὶ

2127 3852 2464 3927 θεασάμενος
2488 3860 2590 3921 τὰς
2610 3859 2784 3924 πύλας
2810 3861 3193 3931 άνεῳχθεξσας,
3222 3859 3440 3931 ἔφριξεν
3468 3858 3698 3927 ἰλιγγιᾶν

2127 3963 2247 4012 σας,
2276 3951 2370 4001 καὶ
2388 3950 2574 4021 τρόμῳ
2600 3952 2884 4021 συσχεθεὶς
2914 3953 3183 4022 ἐλογίζετο
3198 3954 3259 4031 ’ἐν
3283 3951 3457 4023 ἐαυτῷ
3477 3952 3650 4018 λέγων
3676 3967 3691 3983 ι

2129 4036 2236 4090 Ἴδε
2264 4042 2413 4093 ποῖον
2442 4041 2630 4095 δοῦλον
2662 4042 2755 4095 τοῦ
2799 4042 2932 4095 Θεοῦ
2968 4044 3017 4096 οἱ
3051 4043 3189 4097 κατὰ
3216 4044 3472 4113 ἀλήθειαν
3516 4059 3698 4111 παρα-

2123 4133 2489 4202 τετραμμένοι
2508 4133 2813 4205 ἠπιώτερον
2845 4135 3241 4206 ὀνομάζουσινί
3274 4137 3455 4197 ὁποῖος
3502 4135 3695 4201 ’Ἄγιος

2122 4224 2483 4295 καθέστηκεν,
2514 4228 2608 4279 καὶ
2648 4228 2952 4297 ἠγνοοῦμεν
3000 4230 3159 4299 ἡμεῖς
3195 4229 3208 4281 !
3254 4226 3298 4280 ὢ
3336 4229 3533 4290 πόσους
3563 4244 3697 4294 κρυ·-

2125 4318 2293 4380 πτοὺς
2336 4316 2557 4382 δούλους
2619 4319 2731 4389 ἔχει
2757 4322 2783 4373 6
2810 4320 2963 4386 Θεὸς,
3009 4324 3103 4373 καὶ
3152 4319 3324 4384 οὐδεὶς
3354 4323 3382 4373 6
3413 4320 3606 4374 συνιὼν
3656 4320 3691 4390 ἦ

2121 4410 2405 4478 γινώσκων
2434 4411 2501 4463 τὰ
2531 4412 2652 4464 κατ’
2674 4412 2869 4475 αὑτούς
2901 4414 2914 4467 l

2190 4506 2288 4577 οβ’.
2319 4506 2405 4570 Ὧς
2421 4508 2478 4560 δέ
2495 4508 2667 4561 ταῦτα
2684 4508 3028 4577 διελογίζετο,
3050 4508 3220 4572 ἑστὼς
3239 4508 3345 4578 πρὸ
3363 4507 3468 4559 τῶν
3491 4505 3698 4573 πυλῶν,

2119 4598 2403 4670 πορευθεὶς
2426 4597 2746 4673 ἐγγύτερον,
2771 4601 3103 4654 ἐσκόπευσεν
3125 4600 3177 4653 τί
3201 4598 3350 4652 ἔνδον
3374 4597 3693 4668 ἐργάζεται,

2124 4690 2219 4742 καὶ
2240 4688 2425 4759 βλέπει
2447 4690 2610 4743 αὑτὸν
2640 4690 2745 4761 πρὸ
2759 4689 2854 4744 τοῦ
2879 4691 3128 4761 ἅμϐωνος
3160 4692 3252 4745 ἐπὶ
3274 4690 3365 4743 τὸν
3393 4692 3530 4759 ἀέρα
3561 4707 3694 4759 κρε-

2123 4782 2369 4851 μάμενον
2401 4785 2492 4835 καὶ
2534 4786 2971 4854 προσευχόμενον
3004 4799 3022 4817 ο
3055 4784 3237 4852 κύκλῳ
3284 4779 3342 4836 6‘s
3366 4782 3527 4836 αὑτοῦ
3558 4782 3693 4850 φλὸξ

2121 4873 2293 4943 πυρὸς
2331 4872 2705 4944 ἐξεπορεύετο,
2763 4876 2825 4941 ἐξ
2871 4876 3036 4929 αὑτοῦ
3077 4874 3134 4929 δέ
3184 4876 3445 4947 ἐξήρχετο
3493 4874 3691 4927 εὐωδία

2120 4964 2474 5036 ἀσύγκριτος,
2495 4968 2656 5037 μέχρι
2681 4982 2744 5034 γε
2783 4966 2894 5020 τῶν
2926 4966 3110 5021 πυλῶν
3138 4966 3232 5020 τοῦ
3271 4965 3423 5030 ναοῦ,
3463 4966 3598 5017 ὅπου
3625 4981 3692 5031 γε

2120 5058 2149 5110 ὁ
2175 5057 2302 5122 παῖς
2345 5057 2577 5127 θεωρίας
2615 5059 2780 5113 ἔνεκα
2838 5059 3043 5114 ἵστατο.
3095 5057 3481 5126 Καταπλαγεὶς
3534 5054 3629 5107 οῦν
3663 5057 3691 5107 6

2122 5157 2251 5218 παῖς
2311 5154 2402 5206 ἐπὶ
2446 5153 2524 5226 τῷ
2571 5153 2859 5226 παραδόξῳ
2904 5154 3084 5226 τούτῳ
3132 5153 3411 5225 θαύματι,
3475 5146 3689 5202 ἐκεῖθεν

2120 5249 2571 5324 ἁνακεχῶρηκενκ
2585 5250 2684 5321 τὴν
2717 5245 3014 5320 πρόσταξιν
3038 5243 3313 5301 ἐκτελέσαι
3358 5241 3453 5296 τοῦ
3494 5242 3688 5311 κυρίου

2118 5415 2202 5470 vel
2260 5422 2596 5470 exstructam
2639 5410 2872 5481 primum
2929 5405 3431 5481 veMI‘restauratam
3489 5397 3686 5481 luisse.

2119 5495 2173 5539 et
2230 5501 2261 5540 a
2308 5484 2589 5542 nonnullis
2624 5470 2944 5551 simpliciter
2977 5476 3280 5545 Εὑκτήριον
3308 5475 3473 5543 φόρου
3505 5470 3689 5540 appel-

2120 5557 2243 5614 lat‘i.
