4088 6216
428 334 532 395 7i)

1492 334 1913 397 NICEPHORI
1960 334 2429 395 PRESBY'I‘ERI
2470 334 2613 397 CP..

3575 324 3691 387 740

421 454 527 511 est,
574 448 651 498 uti
722 446 960 517 petiisti.
1017 446 1351 503 desiderium
1444 453 2002 514 tuumzqoapropter

2110 446 2403 515 πλήρωκεν
2434 463 2447 477 ·
2487 442 2725 497 σπεῦσον
2758 440 2853 495 οῦν
2884 439 2979 493 καὶ
3009 439 3169 502 αὐτὸς
3200 440 3351 501 ὅπως
3384 438 3464 508 μὴ
3492 454 3684 508 στερη·-

422 547 609 607 satage
639 547 694 593 tu
728 556 971 609 quoque,
1002 548 1062 593 ut
1083 556 1151 595 ne
1178 540 1400 594 excidas
1436 554 1533 607 spe
1554 538 1703 605 regni
1734 537 2001 593 caelorum

420 630 817 698 consequendi.
851 629 918 684 Et
973 630 1058 685 bis
1088 646 1115 683 a
1148 645 1281 686 sene
1333 630 1782 687 commemoratis
1811 644 2006 699 exper-

423 730 603 775 rectus
626 730 711 776 est
741 723 1109 791 Epiphanius,
1141 724 1597 791 eodemtempore
1618 736 1729 792 quo
1755 722 2007 777 ecclesiae

420 822 726 868 conventus
797 816 863 868 ad
934 814 1164 869 canonis
1221 814 1463 870 medium
1520 816 1630 884 jam
1664 819 2003 881 pervenerat.

423 903 486 957 Et
549 903 799 957 recolens
866 904 1051 957 animo
1105 904 1380 969 universa,
1432 920 1556 971 qua:
1601 905 1833 969 viderat,
1895 917 2003 956 non

420 997 539 1048 sine
563 996 791 1048 horrore
817 1010 883 1049 ac
914 994 1297 1059 admiratione,
1317 996 1369 1049 in
1395 996 1509 1050 haec
1535 997 1697 1051 verba
1719 996 1966 1064 prorupit
1990 1012 2005 1050 :

418 1087 463 1140 0
521 1102 604 1141 me
648 1087 942 1142 miserum!
1000 1087 1093 1155 qui
1164 1088 1217 1141 iu
1273 1089 1508 1157 pecoatis
1561 1089 1835 1142 enutritus
1875 1094 1931 1141 ct
1977 1101 2011 1141 e

426 1178 684 1232 sordibus
707 1178 957 1243 eductus,
1001 1178 1175 1231 merui
1217 1179 1574 1248 conspicuum
1598 1178 1771 1232 oculis
1805 1178 2006 1231 habere

424 1268 712 1321 Dominum
767 1269 953 1322 Jesum
1007 1272 1478 1338 omnipotentem,
1541 1270 2003 1338 quemadmodum

417 1372 473 1415 rt
521 1360 986 1429 pulchritudinem
1063 1360 1252 1414 [atrioli
1302 1359 1422 1429 ejus
1480 1360 1723 1429 gloriosi.
1796 1362 2007 1427 Quibus

416 1453 597 1517 dictis,
660 1452 904 1507 surrexit
947 1452 1188 1521 abiitque
1248 1451 1302 1505 in
1339 1452 1673 1518 ecclesiam,
1737 1467 2008 1508 canonem

416 1545 775 1600 absoluturus
807 1582 824 1609 ,
856 1554 908 1599 et
940 1544 1267 1599 adveniente
1290 1544 1407 1610 die,
1433 1546 1504 1599 ab
1547 1546 1681 1599 liora
1732 1550 1906 1614 prima
1938 1549 2004 1602 ad

421 1650 596 1706 osque.
614 1638 849 1699 tertiam,
882 1637 935 1690 in
968 1637 1211 1691 conclavi
1244 1653 1345 1692 suo
1372 1637 1558 1692 multis
1589 1653 1712 1692 cum
1746 1639 2003 1709 lacrymis

416 1730 654 1785 orationi
703 1744 926 1793 vacans,
984 1732 1190 1799 gratias
1232 1731 1492 1799 persolvit
1535 1732 1677 1798 Deo,
1731 1733 2003 1803 quodipsi

420 1824 620 1875 incerta
683 1830 738 1875 et
790 1822 1003 1875 oet-ulta
1065 1821 1347 1890 sapientiae
1406 1837 1522 1877 sua:
1575 1825 2005 1879 manifestasset.

418 1914 555 1967 'l‘uin
608 1929 841 1981 surgens
904 1913 970 1967 ad
1031 1913 1465 1968 mediocritatem
1536 1930 1710 1970 meam
1743 1919 2003 1984 accessit,

319 2047 325 2053 .
419 2004 861 2073 renuntiavitque
925 2020 1145 2058 summo
1206 2020 1330 2059 cum
1365 2006 1564 2061 timore
1587 2021 1652 2061 ac
1701 2008 2006 2063 humilitate

416 2098 622 2160 omnia,
680 2112 800 2166 qua:
867 2097 977 2167 jam
1038 2097 1278 2151 narravi.
1326 2096 1509 2164 Quare
1561 2099 1848 2167 perculsus
1903 2116 2006 2170 ego

417 2189 715 2243 exclamavi
744 2188 958 2243 subito:
987 2187 1122 2253 Quis
1151 2203 1384 2258 magnus
1408 2198 1493 2245 est
1513 2190 1589 2244 uti
1618 2191 2008 2248 Deusuosterl

421 2290 475 2336 tu
510 2280 646 2335 lacis
674 2279 976 2349 mirabilia,
1016 2278 1193 2335 Densi

2111 534 2210 606 θῇς
2236 536 2336 606 τῆς
2371 534 2651 605 βασιλείας
2678 529 2773 585 τοῦ
2809 528 2968 584 Θεοῦ.
3020 531 3127 582 Καὶ
3179 530 3335 581 τοῦτο
3382 524 3619 597 εἰρηκὼς
3657 529 3686 579 6

2106 627 2440 697 πρεσϐύτης,
2472 625 2699 690 ἔξυπνος
2726 624 2952 692 γέγονεν
2999 623 3027 675 6
3081 620 3418 689 Ἐπιφὰνιοςο
3451 614 3519 691 ἦν
3547 619 3604 671 δὲ
3646 619 3681 688 ἡ

2105 719 2375 789 ἐκκλησία
2403 720 2496 771 τὸν
2533 719 2735 772 κανόνα
2766 716 3055 787 μεσάσασα
3100 712 3236 785 (l9).
3275 714 3363 766 Ἐν
3404 713 3583 783 ἑαυτῳ
3628 710 3688 767 δὲ

2104 811 2282 865 ταῦτα
2308 810 2785 880 ἀναμνησάμενος,
2820 809 2901 871 είς
2929 808 3136 877 φρίκην
3189 806 3429 875 φοὸερὰν
3458 805 3686 875 μετηνέ-

2105 904 2233 977 χθη,
2262 905 2359 957 καὶ
2384 901 2798 971 ἀποθαυμάζων
2831 900 2930 970 τὴν
2956 901 3169 970 ὅρασιν,
3214 898 3399 966 ἔλεγεν
3432 914 3447 929 ο
3492 898 3556 950 Ὢ
3583 897 3685 952 τά-

2106 999 2202 1060 λας
2234 999 2347 1064 ἐγὼ
2374 997 2388 1050 l
2424 997 2508 1049 δτι
2540 993 2825 1063 ἄνθρωπος
2851 993 2910 1044 έν
2944 990 3247 1061 ἁμαρτίαις
3276 989 3680 1060 τεθραμμένος,

2108 1089 2205 1155 καὶ
2233 1089 2450 1158 λυγρῶς
2478 1089 2598 1149 ταῖς
2629 1084 2998 1154 ἀκαθαρσίαις
3028 1083 3412 1153 ἀντλούμενος,
3432 1087 3478 1135 τ’
3498 1100 3526 1133 ν
3546 1100 3687 1135 παν-

2106 1183 2418 1253 τοκράτορα
2451 1180 2659 1251 Κύριον
2703 1177 2913 1248 Ἰησοῦν
2960 1179 3074 1239 τοῖς
3106 1175 3409 1244 ὀφθαλμοῖς
3444 1173 3688 1245 ἠξιώθην

2108 1275 2429 1336 θεάσασθαι,
2461 1274 2558 1326 ἅτε
2590 1272 2654 1342 δὴ
2684 1270 2780 1324 καὶ
2814 1270 2913 1340 τὴν
2940 1266 3258 1338 ὡραιότητα
3282 1265 3376 1321 τοῦ
3417 1266 3686 1336 θεράπον-

2106 1383 2199 1430 τος
2228 1366 2416 1419 αὐτοῦ.
2448 1362 2633 1416 Ταῦτα
2662 1359 2927 1431 εἰρηκὼς,
2962 1359 3201 1423 ἀναστὰς
3230 1360 3507 1429 ἐπορεύθη
3538 1362 3596 1411 ἐν
3615 1361 3683 1426 τῇ

2107 1459 2375 1529 ἐκκλησίᾳ
2409 1457 2499 1510 τὸν
2522 1456 2721 1509 κανόνα
2746 1455 2960 1509 τελέσαι
2989 1470 3003 1484 ⁸
3030 1454 3243 1524 πρωῖας
3270 1453 3325 1506 δὲ
3362 1454 3685 1521 γενομένης,

2107 1553 2214 1607 ἀπὸ
2255 1551 2478 1621 πρώτης
2519 1550 2668 1619 ὧρας
2700 1550 2868 1619 μέχρι
2900 1547 3112 1617 τρίτης,
3137 1546 3193 1600 έν
3232 1545 3311 1615 τῷ
3338 1545 3557 1598 κοιτῶτι
3582 1546 3685 1598 αὖ·

2108 1643 2202 1697 τοῦ
2236 1643 2373 1711 μετά
2400 1640 2653 1708 δακρύων
2682 1638 2897 1692 πολλῶν
2927 1638 3394 1707 προσευξάμενος,
3442 1638 3687 1706 ἀπευχα-

2110 1732 2367 1802 ρίστησεν
2392 1729 2471 1799 τῷ
2500 1728 2637 1799 Θεῷ,
2671 1728 2749 1798 τῷ
2782 1728 3197 1796 ἀποκαλύψαντι
3232 1726 3386 1796 αύτῷ
3417 1728 3483 1780 τὰ
3511 1724 3687 1795 ἄδηλα

2038 1804 2079 1859 Β
2109 1829 2203 1879 καὶ
2234 1823 2443 1893 κρύφια
2477 1823 2575 1893 τῆς
2612 1823 2929 1893 ἀπορρήτου
2955 1822 3151 1888 σοφίας
3179 1820 3343 1873 αὐτοῦ
3377 1835 3391 1848 ’
3426 1820 3521 1872 καὶ
3546 1821 3686 1871 ἀναε-

2112 1918 2244 1980 στὰς
2278 1915 2415 1985 πρὸς
2442 1914 2542 1984 τὴν
2576 1918 2910 1983 μετριότητα
2951 1913 3286 1983 παρεγένετο
3322 1912 3457 1982 πρός
3488 1929 3578 1981 με,
3619 1912 3689 1964 τὰ

2112 2006 2499 2079 προρρηθέντα
2527 2022 2619 2074 μοι
2646 2004 2862 2059 ἅπαντα
2892 2004 3242 2073 ἀναγγέλλων
3271 2004 3329 2056 ἐν
3354 2002 3547 2072 ἁφάτῳ
3574 2002 3686 2054 δέει

2112 2102 2205 2153 καὶ
2236 2114 2429 2150 ταπειν
2446 2098 2601 2162 ἰτητι.
2630 2094 2737 2147 Καὶ
2761 2093 3132 2163 καταπλαγεὶς
3153 2092 3358 2156 εύθέως
3375 2090 3646 2163 ἀνέιρλξα
3666 2103 3686 2123 ⁸

2060 2242 2067 2249 .
2111 2191 2207 2257 Τίς
2237 2192 2409 2259 μέγας
2440 2190 2514 2252 ῶς
2560 2190 2587 2240 6
2617 2187 2749 2251 Θεὸς
2776 2187 2975 2259 ἡμῶνί
3013 2188 3079 2242 σὺ
3124 2182 3175 2241 εἰ
3212 2189 3240 2240 6
3272 2186 3405 2249 Θεὸς
3443 2186 3472 2239 ὁ
3517 2184 3687 2239 ποιῶν

2109 2284 2412 2351 θαυμάσια.

1854 2392 2079 2451 CAPUT
2110 2394 2253 2448 Xlll.

689 2506 1031 2576 Propheticus
1062 2509 1283 2564 Andrew
1308 2511 1529 2580 spiritus
1564 2513 1617 2565 in
1650 2511 1843 2581 futuris
1891 2510 2209 2581 occultisque
2230 2508 2419 2573 rebus;
2439 2508 2600 2576 pestis
2632 2507 2870 2579 depulsa,
2910 2516 3125 2575 peccata
3157 2517 3419 2578 correpta.

489 2628 578 2685 96.
636 2626 834 2707 Beatos
889 2628 1108 2683 interim
1162 2629 1430 2698 Andreas,
1462 2646 1585 2684 eum
1612 2644 1712 2700 pro
1737 2644 1834 2684 sua
1866 2646 2003 2685 con-

418 2720 710 2775 suetudine
733 2720 911 2777 solitis
935 2737 1057 2776 sese
1088 2721 1366 2778 laboribus
1416 2738 1676 2778 exercens
1698 2737 1729 2777 a
1762 2730 2004 2792 tempore

418 2812 731 2880 vespertino
786 2813 835 2866 in
877 2814 1107 2866 multum
1164 2824 1375 2869 noctem
1412 2814 1598 2870 urbem
1631 2815 1805 2868 obiret
1826 2814 1999 2881 solus,

414 2904 630 2957 delatus
685 2902 826 2957 forte
880 2907 1057 2959 estad
1116 2910 1413 2961 oratorium
1466 2907 1765 2976 quoddam,
1799 2907 2003 2963 sanctis

414 2993 788 3062 apostolorotn
825 2997 1162 3065 principibus
1194 2996 1354 3052 Petro
1397 3008 1562 3065 atque
1598 2998 1765 3053 l’aulo
1801 3014 2001 3054 consc-

414 3095 651 3150 cratuin,
673 3088 819 3156 quod
846 3096 975 3143 natu
1003 3090 1327 3159 grandiores
1368 3089 1559 3146 incolat
1585 3105 1615 3145 a
1648 3089 1706 3145 S.
1731 3091 2004 3146 Constan-

2179 2624 2296 2696 ιιςο.
2317 2627 2375 2681 Ὀ
2392 2626 2447 2682 δὲ
2462 2626 2749 2695 Μακάριος
2778 2624 2873 2692 ἀφ’
2896 2624 3244 2693 ἑσπέραςιῶς
3268 2621 3395 2696 ἦοκ
3415 2622 3556 2696 εἶκεν
3586 2626 3683 2682 τοῦ

2109 2720 2479 2789 ἀγωνίζεσθαι
2521 2721 2579 2772 ἐν
2607 2722 2717 2782 τοῖς
2768 2717 2998 2789 ξιάροις,
3043 2721 3207 2788 μόνου
3256 2719 3683 2790 περιπατοῦντος

2106 2817 2227 2878 ταῖς
2254 2816 2599 2884 νυκτεριναῖς
2625 2813 2916 2882 περιόδοις,
2946 2812 3145 2883 συνέϐη
3168 2812 3328 2864 αύτὺν
3356 2813 3683 2883 πορευθῆναι

2107 2907 2339 2978 πλησίον
2373 2908 2537 2974 εύκτη
2549 2906 2666 2977 ρίου
2710 2907 2852 2969 τινος
2884 2905 2994 2959 τῶν
3028 2906 3201 2974 ἁγίων
3231 2908 3324 2961 καὶ
3364 2908 3682 2977 κορυφαίων

2120 2999 2462 3053 ’Δποστόλων
2495 2999 2704 3067 Πέτρου
2730 3002 2827 3053 καὶ
2880 2998 3120 3061 Παύλου.
3160 3000 3296 3069 ὅπερ
3343 3001 3583 3069 ἔφασκον
3632 3001 3682 3054 οἱ

2109 3091 2332 3144 παλαιοὶ
2360 3093 2460 3159 τῆς
2490 3091 2697 3153 πόλεως
2739 3089 2832 3143 τὲιν
2863 3092 2918 3143 ὲν
2948 3090 3125 3156 ἁγίοις
3165 3093 3572 3146 Κωνσταντῖνον
3595 3093 3686 3149 τὸν

415 3177 532 3231 tino
589 3177 916 3248 imperatore
945 3157 1340 3236 cxiedilicatum
1392 3194 1718 3238 meutoraut.
1750 3182 1877 3238 Illic
1902 3181 2004 3235 ita-

2111 3181 2338 3255 βασιλὲα
2368 3157 2747 3251 οἰκοδομῆσαι.
2772 3183 3083 3251 Παράγοντι
3115 3176 3209 3236 οὖν
3242 3186 3444 3247 ἐκεῖσε,
3488 3186 3686 3256 ἀσελή-

413 3283 543 3340 que,
599 3270 940 3325 tenebricosa
993 3273 1111 3326 sine
1145 3274 1272 3328 luna
1324 3284 1515 3340 nocte,
1566 3274 1778 3329 nebulis
1818 3274 2004 3329 stellas

2109 3290 2200 3326 νου
2229 3273 2395 3340 οῦσης
2422 3272 2520 3341 τῆς
2553 3275 2769 3335 νυκτῆς,
2803 3272 2897 3324 καὶ
2926 3270 3035 3323 τῶν
3068 3272 3306 3341 νεφελῶν
3334 3274 3686 3345 ἀποκρύψαν-

414 3363 537 3417 cwli
571 3362 1049 3430 obnubilantibus,
1107 3366 1208 3419 iter
1231 3366 1448 3420 habenti
1484 3366 1711 3421 Audreze
1767 3369 2004 3425 occurrit

2113 3379 2224 3416 των
2250 3362 2377 3425 τοὺς
2408 3365 2467 3413 έν
2494 3361 2570 3431 τῷ
2604 3362 2947 3432 στερεώματι
2993 3364 3256 3434 ἀστέρας,
3310 3365 3500 3433 ἔτυχεν
3544 3361 3687 3419 εἶναι

414 3454 502 3507 via
546 3454 724 3509 media
789 3466 1008 3524 puteus,
1089 3456 1204 3511 sive
1272 3466 1331 3509 ut
1384 3457 1793 3525 receptaculum
1870 3459 2007 3516 foret

416 3558 707 3613 aquarum.
776 3549 892 3599 sive
945 3546 1047 3598 alia
1081 3546 1147 3598 de
1177 3560 1368 3607 caus;i,
1397 3560 1562 3615 quam
1596 3545 1737 3599 Deus
1768 3549 2004 3612 noverit,

416 3638 650 3691 cllossus
681 3653 696 3701 ;
732 3638 784 3690 in
821 3654 983 3706 quem
1026 3637 1282 3703 Satanas,
1315 3636 1590 3706 [Etliiopis
1626 3641 1808 3707 specie
1834 3656 2004 3710 appa-

419 3744 572 3793 rens,
610 3739 985 3783 transeuntem
1015 3743 1183 3798 prope
1216 3729 1394 3783 virum
1448 3738 1696 3784 sanctum
1726 3768 1744 3795 ,
1780 3733 2005 3800 permit-

419 3830 567 3875 tente
634 3820 1029 3889 benignissimo
1095 3820 1242 3886 Deo,
1300 3822 1569 3877 trudettdo
1630 3825 2003 3895 praecipitavit.

420 3908 540 3976 llic,
576 3911 692 3964 luto
724 3927 856 3980 pene
882 3914 1113 3967 obrutus
1146 3912 1436 3981 uliginoso,
1480 3912 1766 3969 confestim
1822 3917 2005 3971 excla-

419 4003 587 4057 mavit
616 4019 632 4055 :
662 4002 705 4057 0
736 4004 826 4073 qui
862 4016 1096 4072 quatuor
1122 4004 1271 4059 orbis
1291 4015 1472 4075 partes
1501 4007 1727 4061 salutari
1754 4008 2003 4065 doctrina

418 4104 594 4148 vestra
621 4096 992 4162 illuminastis,
1025 4096 1259 4165 apostoli
1285 4136 1301 4161 ,
1332 4112 1430 4153 vos
1464 4098 1753 4153 luminaria
1779 4116 1895 4154 mea
1924 4101 2006 4155 lu-

416 4187 718 4255 cidissima,
752 4191 1029 4260 suppetias
1059 4190 1195 4245 ferte
1225 4189 1490 4245 vilissimo
1546 4192 1765 4246 servulo
1796 4203 2001 4262 vestro,

415 4282 608 4351 eripite
639 4297 726 4337 me
772 4297 841 4338 ex
872 4293 1035 4353 puteo
1067 4283 1171 4338 lioc
1198 4283 1663 4354 proluudissimol
1695 4285 1830 4340 Cum
1858 4285 2001 4341 illico

419 4374 663 4437 einieans
714 4390 778 4427 ex
828 4375 1069 4429 oratorio
1116 4390 1277 4440 crux,
1320 4377 1373 4430 itt
1425 4391 1551 4432 aere
1586 4378 1845 4447 suspendi
1890 4379 2003 4434 visa

413 4475 518 4529 est,
549 4466 805 4519 emittcus
825 4465 1087 4535 fulgorem
1113 4468 1188 4522 uti
1218 4468 1360 4536 ignis
1386 4469 1713 4525 immensum
1738 4472 2003 4527 adversus

420 4553 681 4609 Sanctum
719 4556 771 4609 in
803 4566 965 4625 puteo
998 4573 1202 4627 :quatn
1237 4567 1296 4613 ut
1345 4561 1629 4630 conspexit
1680 4563 2007 4619 exclamavit

414 4646 638 4699 denuo:
675 4645 934 4715 Signetur
971 4661 1135 4716 super
1194 4663 1282 4703 me
1330 4649 1513 4705 lumen
1552 4651 1735 4709 vultus
1782 4654 1879 4715 tui,
1908 4653 2011 4708 Do-

414 4735 584 4791 mine.
620 4735 686 4789 Et
713 4738 977 4793 continuo
1015 4750 1387 4809 apparuerunt
1448 4742 1547 4796 viri
1571 4743 1681 4799 duo
1711 4745 2011 4814 pulchritu-

420 4825 559 4882 iiuis
586 4827 801 4883 eximias
853 4845 950 4898 per
976 4846 1159 4885 aerem
1194 4832 1380 4897 delati,
1414 4849 1556 4889 unus
1591 4836 1659 4890 ab
1696 4851 1801 4889 una
1826 4875 1840 4901 ,
1872 4839 2010 4893 alter

412 4919 482 4973 ab
539 4919 710 4976 altera
760 4933 916 4991 parte
944 4923 1146 4990 crucis,
1212 4925 1266 4979 in
1324 4940 1450 4981 aere
1511 4928 1799 4997 pendentis
1820 4938 1873 4984 et
1904 4931 2009 4983 late

414 5012 599 5068 omnia
668 5013 1027 5072 illuminantis
1060 5034 1077 5072 :
1110 5017 1328 5073 illorum
1400 5009 1533 5075 vero
1588 5021 1729 5077 alter
1783 5022 2005 5077 dextera

410 5103 597 5160 Sancti
629 5106 918 5177 prehensa,
947 5107 1087 5165 alter
1109 5110 1351 5176 sinistra.
1400 5128 1432 5169 e
1461 5114 1641 5171 lutoso
1659 5125 1825 5185 puteo
1854 5117 2003 5171 illum

412 5204 739 5266 eduxerunt,
791 5201 845 5257 iu
914 5214 1175 5274 rectaque
1218 5205 1303 5259 via
1346 5207 1723 5273 restituerunt,
1756 5211 2007 5280 gentibus

419 5300 576 5346 tenus
641 5306 801 5348 emno
851 5292 1209 5360 immersum;
1261 5301 1317 5350 ct
1347 5295 1529 5351 statim
1556 5312 1623 5353 ex
1672 5300 1849 5355 oculis
1880 5315 2007 5356 eia-

418 5394 677 5440 nuerunt.

492 5701 602 5781 (l9)
655 5705 755 5763 llic
812 5710 965 5778 item,
993 5726 1115 5781 qua:
1173 5710 1241 5766 de
1272 5710 1493 5766 Conone
1528 5710 1907 5768 ecclesiastico
1948 5712 2001 5767 in

412 5770 624 5833 duabus
673 5781 823 5845 locis,
855 5770 975 5848 qusi:
1006 5770 1070 5837 de
1119 5793 1380 5852 tempore,
1442 5798 1565 5848 qum
1602 5781 1669 5837 dc
1705 5799 2000 5847 conpressu

2107 3455 2252 3507 κατὰ
2288 3455 2349 3506 τὸ
2388 3456 2553 3524 μέσον
2597 3455 2696 3523 τῆς
2736 3452 2858 3506 ὁδοῦ
2918 3453 3113 3524 βόθρον
3169 3454 3293 3507 τινὰ
3348 3455 3686 3528 ὀρύγματος⁹

2106 3548 2215 3599 εἴτε
2246 3546 2335 3598 διὰ
2367 3544 2539 3615 νομὴν
2572 3545 2801 3610 ὑδάτων,
2838 3545 2951 3597 εἴτε
2999 3545 3069 3598 δι’
3114 3545 3274 3600 ἄλλον
3318 3548 3439 3600 τινὰ
3483 3550 3685 3619 τρόπον

2106 3638 2412 3708 ἁνώρυξαν,
2458 3639 2485 3691 6
2521 3638 2726 3707 Κύριος
2774 3638 3088 3693 ἐπίσταται.
3145 3639 3235 3702 Ὧς
3278 3637 3372 3693 οὖν
3404 3641 3630 3713 πλησίον
3659 3644 3690 3698 6

2108 3730 2377 3799 μακάριος
2409 3728 2691 3792 διώδευεν,
2722 3734 3227 3800 παραχωρήσαντος
3255 3733 3350 3785 τοῦ
3380 3732 3685 3803 φιλανθρώ-

2104 3838 2208 3874 που
2237 3819 2394 3884 Θεοῦ,
2426 3822 2533 3874 ἰδοὺ
2562 3822 2589 3874 6
2620 3822 2864 3884 Σατανᾶ;
2887 3812 2961 3885 ώς
2985 3821 3179 3892 Αἰθίοψ
3206 3840 3289 3887 τις
3321 3828 3692 3894 παραφανεὶς,

2107 3909 2436 3981 συμποδίσαι
2499 3908 2665 3963 αὐτὸν
2735 3912 2814 3973 εἰς
2865 3910 2956 3964 τὸν
3010 3911 3203 3985 βόθρον
3262 3918 3689 3983 παρενέπειρεν.

2120 4000 2268 4052 Ἐκεῖ
2283 4016 2330 4051 τε
2360 3999 2540 4052 τοίνυν
2568 4002 2643 4070 τῷ
2676 4001 2866 4053 ύλώδει
2897 4002 3054 4073 πηλῷ
3090 4005 3449 4073 συγχωσθεὶς,
3484 4022 3695 4076 παρευ-

2108 4091 2206 4156 θῦς
2267 4094 2556 4164 ἐξεϐόησεν
2593 4111 2607 4125 ·
2652 4095 2716 4147 Οἱ
2748 4096 2846 4163 τὴν
2899 4098 3308 4167 τετραπέρατον
3348 4098 3693 4168 ςωταγωγή-

2108 4199 2303 4247 σαντες
2355 4185 2609 4255 πυρίναις
2654 4184 2899 4255 διδαχαῖς
2930 4185 3240 4246 ἀπόστολοι,
3275 4185 3561 4256 ςωστῆρές
3585 4204 3691 4255 μου

2107 4280 2440 4346 φαυλότατοι,
2463 4278 2763 4348 βοηθήσατε
2789 4278 2864 4349 τῷ
2890 4278 3099 4330 εὐτελεῖ
3113 4280 3323 4351 οἰκέτῃ,
3342 4280 3594 4351 ῥυόμενοί
3614 4296 3688 4348 με

2107 4373 2171 4425 ὲκ
2200 4371 2294 4423 τοῦ
2316 4372 2610 4441 βυθοτάτου
2630 4371 2746 4441 (sic)
2774 4371 3081 4440 ὀρύγματος
3106 4371 3119 4424 l
3146 4372 3254 4424 Καὶ
3287 4372 3486 4435 εὐθέως
3508 4373 3690 4440 ἐφάνη

2111 4463 2350 4535 σταυρὸς
2374 4462 2483 4518 ἀπὸ
2514 4464 2607 4515 τοῦ
2638 4463 2933 4534 εῦκτηρίου
2967 4464 3059 4515 ἐπὶ
3113 4463 3207 4516 τοῦ
3257 4465 3419 4535 ἀέρος
3477 4466 3694 4535 κρεμὰο

2114 4572 2294 4625 μενος,
2324 4557 2415 4608 καὶ
2446 4550 2514 4625 ἦν
2548 4553 2736 4626 ῶσπερ
2772 4556 2881 4628 πῦρ
2916 4555 3113 4625 φλέγων
3142 4557 3509 4628 μαρμαρυγὰς
3543 4557 3695 4627 λαμ-

2113 4647 2361 4719 πηδόνων
2394 4646 2486 4699 ἐπὶ
2518 4645 2613 4699 τοῦ
2647 4646 2853 4702 λάκκου
2899 4650 3207 4719 ἐκπέμπων
3250 4648 3384 4720 πρὸς
3419 4650 3509 4701 τὸν
3561 4649 3694 4701 Μα-

2111 4742 2324 4810 κάριον.
2381 4740 2591 4809 Ὄνπερ
2642 4739 2978 4809 θεασάμενος
3030 4742 3261 4811 ἐϐόησεο
3314 4740 3696 4810 Σημειωθήιω

2110 4833 2196 4903 ἐφ’
2228 4834 2374 4901 ἡμᾶς
2414 4834 2475 4885 τὸ
2508 4832 2625 4900 φῶς
2660 4833 2753 4886 τοῦ
2786 4837 3077 4903 προσώπου
3110 4850 3226 4898 σου,
3274 4836 3465 4904 Κυρίε.
3511 4836 3701 4903 Παρα-

2110 4927 2299 4996 χρῇμα
2338 4926 2393 4978 δὲ
2428 4928 2709 4996 ἐφάνησαν
2754 4925 2848 4977 δύο
2878 4925 3073 4996 ἄνδρες
3119 4927 3315 4997 ὡραῖοι
3364 4926 3564 4997 σφόδρα
3599 4929 3700 4981 ἐπὶ

2109 5018 2203 5071 τοῦ
2244 5018 2463 5087 αἰθέρος
2500 5020 2808 5088 φερόμενοι,
2844 5012 2925 5078 εἷς
2958 5017 3232 5083 ἐντεῦθεν,
3262 5020 3357 5073 καὶ
3388 5014 3468 5082 εἷς
3508 5017 3701 5071 ἐντεῦ-

2110 5111 2203 5167 θεν
2242 5112 2494 5178 ἐγένοντο
2536 5110 2633 5163 τοῦ
2679 5112 3001 5183 φωτοφύρου
3038 5114 3254 5165 ἐκείνου
3300 5110 3562 5181 σταυροῦ,
3599 5112 3702 5165 ἐπὶ

2107 5203 2206 5256 τοῦ
2248 5205 2409 5275 ἀέρος
2439 5203 2677 5266 ἑστῶτος
2727 5204 2823 5255 καὶ
2862 5203 3189 5271 φωτίζοντος
3214 5218 3230 5234 ·
3281 5206 3310 5257 6
3349 5204 3451 5274 μὲν
3484 5198 3563 5266 εἷς
3595 5204 3700 5273 τῆς

2110 5297 2298 5365 δεξιᾶς
2323 5296 2508 5368 χειρὸς
2538 5296 2896 5367 κςατήσας,δ
2938 5295 2997 5350 δὲ
3034 5296 3221 5369 ἔτερος
3253 5300 3356 5367 τῆς
3384 5298 3702 5368 εὐωνύμου,

2106 5392 2215 5443 ἀπὸ
2240 5390 2333 5443 τοῦ
2365 5388 2541 5463 πηλοῦ
2580 5389 2674 5442 καὶ
2711 5388 2806 5441 τοῦ
2850 5388 3046 5463 βόθρου
3102 5392 3407 5460 ἀνήγαγον,
3464 5394 3560 5443 καὶ
3602 5390 3701 5444 ἐπὶ

2107 5486 2209 5554 τῆς
2245 5483 2462 5547 εὐθείας
2499 5482 2622 5536 ὁδοῦ
2658 5482 3010 5553 παρέστησαν
3033 5496 3050 5514 ⁸
3094 5478 3317 5554 ἦν.γὰρ
3346 5486 3701 5555 κεχωσμένος

2107 5576 2213 5639 lto;
2245 5575 2355 5629 τῶν
2385 5573 2628 5643 γονάτων
2660 5589 2675 5605 ·
2708 5574 2804 5628 καὶ
2846 5574 3051 5639 εὐθέως
3093 5576 3326 5646 ἄφαντοι
3353 5579 3623 5646 ἐγένοντο.

2107 5709 2391 5781 Epiplianii
2443 5710 2891 5781 eitmriseriptore
2924 5709 3057 5766 Vita:
3080 5710 3364 5779 dicuntur,
3389 5728 3496 5767 nou
3543 5712 3702 5767 ἱκνο-

2109 5780 2329 5837 quntur
2360 5798 2409 5834 ιιι
2445 5780 2542 5834 Ms.
2572 5780 2774 5834 ωηιξη.
