4088 6216
348 295 453 356 7ίῦ

1510 294 1683 353 ΠΤΑ
1718 296 1780 354 S.
1818 291 2143 353 ANDREEE
2187 290 2376 349 ΒΑΗ.

3498 287 3603 350 7i6

351 408 439 458 ἐπ’
474 406 624 475 αὐτῷ
675 405 742 459 τὰ
790 406 951 475 ὅμοια
1007 404 1540 473 κατεισπραξασθαι,
1592 406 1823 475 Ἔτυχεν
1866 405 1922 456 δὲ

2049 401 2191 467 gitur
2238 400 2473 469 hujusce
2517 414 2735 469 quoque
2784 400 2973 468 puella:
3041 402 3275 455 cadaver
3310 403 3396 455 ιιιεὶ
3448 412 3603 455 ιρι-ωε

348 497 653 550 διαϐαίνειν
712 499 892 550 ἐκεῖσε
942 496 1246 565 Μακάριον,
1294 498 1363 569 τὰ
1409 496 1499 549 διὰ
1546 495 1780 564 Χριστὸν
1825 496 1922 563 ἔθη

356 589 522 644 αὐτὸν
575 589 833 642 ποιοῦντα
859 605 874 619 ο
910 587 1007 643 καὶ
1037 589 1113 651 ὡς
1156 588 1251 643 ἆτε
1306 588 1520 656 βλέπων
1550 590 1663 649 τοῖς
1715 590 1922 657 νοεροῖς

353 678 680 747 ὀφθαλμοῖς,
720 679 863 747 ἔγνω
892 678 970 749 τῷ
997 679 1271 748 πνεύματι
1299 680 1388 733 τὸν
1413 679 1683 750 μοχθηρὸν
1714 676 1922 732 ἐκείνου

353 771 449 824 τοῦ
492 770 667 823 δολίου
710 771 931 835 σκοπὸν,
979 774 1074 823 καὶ
1113 770 1435 839 βουλόμενος
1478 768 1795 824 ἀναστεῖλαι
1827 766 1925 837 τὴν

355 862 547 916 τούτου
604 863 919 932 ἐγχείρησιν
956 861 1125 932 (ἐώρα
1169 864 1276 932 γὰρ
1317 859 1426 924 οἷος
1464 861 1687 931 ὄλεθρος
1737 860 1925 930 μέλλει

355 952 503 1023 αὐτῷ
530 951 878 1021 συναντῆσαι)
915 953 1009 1004 καὶ
1036 951 1297 1022 βλοσυρὸς
1318 951 1526 1005 ἀπιδὼν
1569 954 1651 1015 είς
1692 953 1791 1020 τὴν
1830 951 1927 1004 αῦ-

355 1046 449 1097 τοῦ
486 1045 631 1114 ὄψιν,
666 1046 772 1114 ἔφη
806 1043 945 1113 πρὸς
978 1045 1144 1097 αὐτόν
1177 1059 1193 1074 ο
1229 1044 1272 1096 Τ
1276 1044 1367 1097 ἅδε
1399 1032 1550 1112 λέγει
1583 1042 1645 1096 τὸ
1705 1044 1927 1113 Πνεῦμα

351 1136 417 1189 τὸ
444 1135 619 1204 ἅγιον,
654 1137 739 1189 σοὶ
767 1134 844 1205 τῷ
875 1134 1109 1187 ἐσθίοντι
1131 1134 1199 1189 τὰ
1228 1135 1406 1204 ἀμφία
1431 1135 1538 1187 τῶν
1562 1135 1619 1186 ὲν
1646 1133 1931 1203 μνημείοις

355 1227 830 1297 κατατιθεμένων,
862 1228 962 1279 οὐκ
988 1228 1070 1280 ἔτι
1118 1227 1233 1300 ῑδῃς
1262 1226 1354 1281 τὸν
1380 1226 1554 1297 ἥλιον,
1589 1225 1772 1278 οὐκέτι
1804 1223 1932 1277 θεά-

358 1339 427 1392 σῃ
456 1323 694 1392 ἡμέραν,
734 1322 920 1374 οὐκέτι
954 1319 1126 1391 θεάσῃ
1157 1320 1372 1390 μορφὴν
1412 1316 1701 1390 ἀνθρώπου
1730 1332 1746 1347 °
1783 1316 1930 1369 κλει-

357 1416 652 1487 σθήσονται
676 1415 783 1484 γὰρ
811 1414 861 1467 oi
899 1412 1145 1475 πυλῶνες
1172 1410 1266 1464 τοῦ
1298 1411 1450 1463 οἴκου
1478 1427 1594 1476 σου,
1625 1410 1719 1463 καὶ
1747 1409 1931 1462 οὐκέτι

356 1508 817 1577 διανοιγήσονται,
852 1506 947 1559 καὶ
983 1503 1261 1558 σκοτιάσει
1301 1505 1334 1574 ή
1369 1502 1571 1575 ήμέρα,
1619 1504 1718 1557 καὶ
1758 1502 1821 1555 οὐ
1856 1502 1931 1573 μή

358 1598 632 1673 διαφαύσει
660 1598 740 1663 είς
766 1598 856 1652 τὸν
887 1596 1084 1652 αἰῶνα.

432 1877 617 1950 pa’.'()
643 1878 699 1932 δὲ
736 1874 907 1932 ταῦτα
946 1878 1205 1944 ἀκούσας,
1240 1879 1299 1932 οῦ
1336 1877 1539 1949 συνῆκε
1568 1877 1638 1932 τὰ
1672 1878 1822 1951 παρὰ
1842 1878 1935 1933 τοῦ

361 1972 584 2025 Δικαίου
615 1970 873 2042 ρηθέντα,
914 1974 1006 2027 καὶ
1042 1972 1207 2041 μηδὲν
1239 1971 1509 2044 μελλήσας
1537 1972 1850 2043 ἐπορεύετο.
1878 1972 1937 2026 ’0

358 2065 418 2119 δὲ
447 2067 630 2127 Ὀσιος
658 2064 869 2117 ἀπιδὼν
900 2065 1036 2135 πρὸς
1071 2066 1254 2129 αὑτὸν,
1300 2064 1709 2134 ἀπεφθέγξατο·
1748 2065 1936 2118 ’Δπιθι

361 2155 582 2225 κλέψαι,
643 2158 865 2225 μάταιε.
903 2156 996 2208 Μὰ
1041 2156 1131 2209 τὸν
1167 2156 1373 2225 Ἰησοῦν
1424 2157 1484 2209 οὗ
1526 2156 1603 2227 μὴ
1647 2156 1813 2227 θεάσῃ
1844 2154 1937 2208 τὸν

364 2251 539 2319 ἥλιον.
586 2249 644 2302 '0
675 2248 733 2301 δὲ
766 2251 945 2313 συνεὶς
977 2249 1200 2313 τελείως
1216 2249 1283 2303 τὰ
1328 2249 1562 2319 ρηθέντα
1602 2248 1772 2319 αὐτῷ,
1824 2250 1936 2303 διε-

364 2344 601 2413 χλεύασε
657 2343 747 2395 τὸν
783 2340 992 2407 "nam,
1023 2343 1192 2396 εἰπών
1216 2359 1231 2373 ·
1259 2344 1391 2409 Ναὶ,
1420 2343 1936 2413 παρατετραμμένε,

362 2436 533 2504 ἄδηλα
557 2435 775 2505 φήσεις,
797 2438 888 2489 καὶ
909 2434 1002 2488 τοῦ
1031 2434 1251 2504 φυρμοῦ
1272 2434 1381 2487 τῶν
1406 2436 1677 2504 δαιμόνων
1702 2435 1937 2505 ἐφάμιλ-

361 2528 429 2581 λα
460 2543 473 2556 ·
512 2527 623 2595 ἐγὼ
660 2530 778 2580 ἐκεῖ
810 2528 1147 2597 ἀπέρχομαι,
1194 2528 1287 2579 καὶ
1340 2526 1523 2597 βλέψω
1573 2528 1622 2579 εί
1651 2528 1937 2599 ἐνεργήσει

364 2637 457 2671 σου
480 2621 546 2673 τὰ
578 2622 819 2691 ῥήματα.
855 2621 912 2674 ’0
939 2620 996 2674 δὲ
1021 2620 1208 2683 ’Ὀσιος
1240 2620 1623 2691 μετριοπαθῶν
1643 2619 1797 2689 διέϐη
1842 2618 1937 2672 τὸν

364 2716 553 2767 τόπον.
597 2711 870 2783 Ἐσπέρας
895 2712 953 2766 δὲ
983 2712 1086 2783 ήδη
1124 2712 1446 2783 γενομένης,
1491 2712 1673 2766 ἄδειαν
1710 2711 1886 2782 εὑρὼν
1909 2712 1938 2763 ό

358 2805 746 2874 ἀτυχέστατος,
769 2804 1020 2860 ἀπελθὼν
1054 2806 1147 2858 καὶ
1178 2803 1519 2868 ἀποκυλίσας
1552 2804 1644 2857 τὸν
1675 2802 1822 2857 λίθον
1842 2802 1934 2857 τοῦ

364 2897 678 2968 μνήματος,
708 2898 866 2950 είσίει
898 2899 956 2951 ὲν
986 2896 1167 2967 αὐτῷ·
1192 2897 1286 2949 καὶ
1319 2896 1533 2966 πρῶτον
1571 2896 1670 2966 μὲν
1701 2890 1805 2966 ἦρε
1874 2894 1937 2948 τὸ

364 2989 620 3055 σάϐανον,
650 2989 745 3044 καὶ
768 2990 829 3042 τὸ
845 2989 1112 3060 μαφόριον
1139 2988 1397 3042 κάλλιστα
1425 2986 1825 3058 δ·ιτα(ξ).6)ν.”οτε
1841 2983 1936 3042 οὖν

360 3080 536 3134 ταζτα
562 3077 717 3152 ἦρεν,
755 3079 1117 3134 ἐϐουλεύσατο
1148 3077 1499 3148 ἀναχωρῆσαι
1534 3094 1548 3108 ·
1588 3080 1616 3131 ό
1645 3077 1704 3129 δὲ
1744 3077 1936 3147 μισάν-

364 3171 585 3242 θρωπος
610 3172 822 3239 δαίμων
868 3167 1167 3221 ὑπέϐαλλεν
1197 3168 1361 3222 αὑτὸν
1388 3163 1521 3238 ἆραι
1560 3168 1655 3221 καὶ
1689 3168 1787 3238 τὴν
1818 3168 1937 3220 ὀθό-

362 3282 484 3334 νην,
533 3267 629 3315 καὶ
660 3260 869 3331 γυμνὸν
917 3262 978 3314 τὸ
1024 3262 1187 3330 σῶμα
1224 3260 1548 3317 καταλιπεῖν
1584 3274 1599 3289 ο
1635 3259 1663 3312 δ
1697 3260 1791 3312 καὶ
1836 3277 1935 3312 πε-

365 3358 617 3425 ποίηκεν.
667 3356 798 3409 Ὅτε
851 3350 945 3410 οῦν
1014 3354 1221 3423 ταύτην
1265 3348 1393 3425 ﬁge,
1438 3352 1618 3405 νεύσει
1658 3352 1819 3417 Θεοῦ,
1860 3353 1937 3415 ὼς

365 3448 677 3518 ἀπόρρητόν
728 3448 847 3499 ἐστι
918 3444 980 3499 τὸ
1026 3444 1273 3517 διήγημα
1324 3444 1338 3498 l
1400 3443 1496 3514 τὴν
1542 3442 1724 3508 δεξιὰν
1765 3441 1939 3511 αὐτῆς

370 3543 528 3612 χεῖρα
565 3539 895 3609 κουφίσασα,
945 3538 1159 3592 δίδωσιν
1206 3536 1355 3606 αὑτῴ
1390 3536 1665 3607 ῥάπισμα,
1702 3536 1793 3588 καὶ
1830 3550 1938 3586 πα·-

373 3631 545 3699 ραυτὰ
597 3629 987 3700 ὲτυῖλώθησαν
1042 3627 1208 3684 αὐτοῦ
1263 3630 1311 3683 οἱ
1370 3627 1669 3697 ὀφθαλμοίο
1714 3626 1936 3695 συνέσχε

366 3724 423 3775 δὲ
449 3722 612 3775 αὑτὸν
637 3722 836 3792 τρόμος
856 3722 1083 3791 φοϐερὸς
1113 3721 1380 3790 καὶφόϐος
1413 3721 1764 3790 ἀσύγκριτος,
1797 3716 1940 3770 ὥστε

367 3816 475 3868 ἀπὸ
542 3815 637 3866 τοῦ
690 3816 983 3884 γενομένου
1046 3813 1196 3884 αὐτῷ
1251 3812 1439 3865 κλόνου
1512 3812 1610 3875 τὰς
1685 3810 1942 3876 σιαγόνας

368 3905 534 3960 αὑτοῦ
567 3906 663 3958 σὺν
690 3908 800 3968 τοῖς
829 3905 1009 3958 όδοῦσι
1042 3903 1448 3968 συντοίϐεσθαι,
1492 3902 1695 3971 ὁμοίως
1739 3899 1797 3953 δὲ
1848 3903 1942 3953 καὶ

367 3999 437 4051 τὰ
464 3999 688 4065 γὰνατα.

446 4282 549 4354 ρβῖ
591 4281 879 4347 Ἀνοίξασα
907 4279 961 4333 δὲ
1007 4283 1039 4349 ή
1071 4279 1241 4350 νεκρὰ
1271 4278 1407 4350 κόρη
1437 4278 1498 4330 τὸ
1544 4277 1719 4349 στόμα
1752 4278 1945 4347 αὐτῆς,

372 4378 496 4431 τάδε
520 4376 653 4446 πρὸς
674 4374 836 4427 αὑτὸν
856 4372 1259 4443 ἀπεφθέγξατοο
1284 4373 1469 4425 ’Δθλιε
1493 4374 1587 4424 καὶ
1608 4370 1945 4441 ταλαίτωρε,

2031 492 2345 546 mandatum
2406 499 2552 547 esset
2606 492 2940 560 speculatus,
2988 492 3103 560 pari
3154 493 3315 545 modo
3363 504 3416 546 et
3472 496 3601 547 illud

2030 585 2265 653 spoliare
2292 584 2584 639 induxerat
2608 584 2851 638 animum
2877 601 3036 639 :cum
3062 584 3200 639 forte
3225 586 3345 639 illac
3370 588 3606 641 transire

2031 676 2256 745 Contigit
2284 674 2343 730 Β.
2384 676 2677 741 Andream,
2713 677 2874 732 solita
2898 691 3057 747 Opera
3092 692 3189 730 sua
3215 675 3417 730 Christi
3441 692 3606 731 eausa

2032 768 2367 822 actitautem.
2426 767 2527 832 Qui
2588 769 2781 825 oculos
2842 768 3040 824 mentis
3094 768 3386 823 interiores
3428 769 3607 823 inten-

2033 862 2169 915 dens
2211 861 2264 914 in
2318 861 2592 916 hominem
2656 862 3089 924 fraudulentum.
3139 862 3394 930 cognovit
3460 861 3613 916 neta-

2035 950 2176 1003 rium
2221 953 2341 1018 ejus
2405 950 2694 1005 consilium
2724 951 2909 1021 ,quod
2965 961 3024 1005 ut
3070 951 3313 1020 impense
3357 949 3613 1018 cupiebat

2035 1050 2301 1096 mutatum
2352 1042 2591 1112 (videbat
2646 1042 2792 1097 enim
2849 1052 3057 1113 quanta
3092 1043 3294 1097 misero
3330 1041 3613 1096 calamitas

2035 1134 2421 1206 impenderet),
2457 1144 2612 1190 torvo
2693 1137 2747 1190 in
2794 1136 2943 1191 illum
3020 1136 3246 1191 intuitus
3304 1135 3479 1199 vultu,
3532 1134 3609 1188 ita

2035 1228 2186 1298 loqui
2227 1230 2393 1299 coepit
2428 1229 2593 1285 :Hzcc
2642 1228 2778 1284 dicit
2824 1227 3060 1298 Spiritus
3106 1238 3329 1281 sanctus
3375 1228 3613 1296 tibi,qui

2037 1328 2216 1375 vestes
2267 1320 2499 1375 mortuis
2550 1330 2603 1373 et
2653 1330 2814 1373 terra:
2866 1320 3134 1374 mandatis
3179 1319 3451 1373 detractas
3482 1319 3615 1371 abli«

2038 1412 2224 1483 guris,
2282 1428 2390 1467 non
2448 1413 2684 1482 amplius
2731 1422 2954 1479 aspectu
3000 1412 3157 1477 solis,
3198 1426 3303 1467 non
3340 1411 3464 1473 diei,
3501 1426 3609 1464 non

2039 1505 2229 1561 forma:
2259 1505 2510 1561 humana:
2538 1504 2810 1560 fruiturus
2836 1521 2925 1569 es,
2949 1505 3275 1560 claudentur
3320 1505 3463 1558 enim
3491 1518 3616 1572 por-

2041 1610 2109 1656 ta:
2152 1600 2349 1656 domus
2411 1608 2551 1663 tuae,
2610 1600 2869 1668 drinceps
2929 1615 3036 1653 non
3078 1600 3414 1669 aperiendae;
3464 1607 3615 1651 tene-

2044 1694 2158 1751 bris
2194 1694 2498 1751 iuvolvetur
2544 1694 2675 1757 dies,
2716 1700 2767 1747 et
2808 1708 2913 1748 non
2943 1692 3337 1749 illuminabitur
3382 1693 3434 1747 in
3463 1703 3618 1746 artet-

1966 1768 2009 1825 Β
2038 1804 2191 1844 num.

2113 1882 2238 1937 101.
2288 1882 2475 1937 Audiit
2519 1881 2737 1953 quidem
2785 1881 2873 1936 ille
2910 1880 3026 1935 hinc
3083 1879 3267 1935 Sancti
3303 1877 3483 1945 eil‘ata,
3515 1877 3611 1933 sed

2038 1992 2148 2031 non
2202 1976 2543 2045 intelligens,
2604 1976 2723 2030 siue
2768 1958 3117 2029 cunctatione
3158 1973 3435 2043 digressus
3508 1979 3612 2027 cst.

2038 2069 2209 2135 Quem
2262 2068 2441 2123 oculis
2481 2083 2821 2138 prosequens
2872 2068 3119 2131 Andreas
3153 2084 3167 2121 :
3206 2065 3342 2129 Abi,
3389 2064 3616 2134 inquit,

2038 2160 2150 2226 abi,
2178 2190 2181 2193 -
2209 2158 2411 2225 furare,
2453 2161 2699 2215 sceleste.
2730 2158 2916 2215 Jesum
2962 2158 3241 2213 Christum
3292 2164 3483 2219 testor,
3504 2170 3616 2209 non

2039 2252 2277 2324 amplius
2342 2253 2587 2307 visurum
2653 2252 2934 2306 te'solem.
2986 2249 3117 2316 Qua:
3178 2249 3431 2311 tandem,
3485 2246 3615 2317 quid

2037 2348 2143 2402 sibi
2178 2346 2399 2411 vellent,
2428 2345 2517 2399 ille
2545 2348 2789 2414 capiens,
2842 2342 3153 2397 vaticinanti
3202 2341 3402 2396 Sancto
3432 2340 3621 2394 istluec

2038 2455 2163 2495 cum
2220 2437 2457 2493 ludibrio
2493 2435 2766 2506 ingessit:
2804 2433 2897 2488 Nae
2953 2442 3034 2495 tu,
3079 2446 3464 2501 cnergumeue,
3518 2433 3618 2485 ob-

2037 2545 2200 2586 scura
2232 2528 2501 2598 loqueris;
2534 2528 2711 2598 qualia
2771 2525 3091 2581 daemoniaci
3151 2523 3362 2580 eil'utire
3386 2539 3622 2580 consuc-

2036 2630 2272 2678 verunt:
2306 2636 2409 2691 ego
2456 2637 2586 2676 vero
2642 2622 2769 2675 illuc
2800 2620 2959 2682 abeo.
3008 2618 3308 2683 periculum
3340 2616 3619 2679 facturus,

2041 2731 2172 2772 num
2226 2716 2372 2785 quod
2405 2715 2565 2770 dictis
2621 2713 2732 2769 tuis
2792 2712 3002 2785 pondus
3052 2710 3202 2766 insit.
3254 2709 3617 2780 Posteaquam

2038 2826 2168 2866 vero
2239 2810 2494 2875 Sanctus,
2545 2808 2755 2861 modice
2809 2807 3037 2870 dolens,
3091 2805 3193 2859 iter
3243 2818 3403 2859 suum
3456 2817 3622 2873 porro

2038 2912 2361 2972 prosecutus
2393 2910 2558 2965 essu,
2610 2898 3021 2954 ini'elicissiums
3074 2897 3163 2951 ille
3210 2895 3322 2965 jam
3368 2895 3625 2965 ingrucuo

2040 3005 2091 3049 te
2148 3008 2395 3063 vespera,
2427 3003 2538 3048 tuta
2572 2992 2757 3047 omnia
2809 2990 3286 3057 circumspiciens,
3330 2989 3397 3041 ad
3429 3003 3626 3041 monu-

1964 3117 2009 3175 ε
2043 3094 2289 3140 mentum
2342 3084 2592 3148 accessit,
2635 3085 2989 3153 revolutoque
3026 3081 3201 3151 lapide
3235 3079 3500 3136 introivit.
3548 3080 3625 3134 Ac

2040 3180 2217 3250 primo
2248 3177 2465 3248 quidem
2508 3179 2774 3231 sabanunt
2800 3185 2856 3228 et
2884 3174 3248 3240 maphOriuni,
3298 3182 3470 3226 vestes
3502 3171 3622 3239 pul-

2038 3271 2361 3335 cherrimas,
2396 3269 2653 3332 abstulit;
2678 3267 3003 3337 quibuscum
3035 3266 3185 3318 abire
3228 3262 3442 3333 paranti
3471 3261 3618 3315 aliud

2039 3363 2328 3419 consilium
2366 3361 2637 3430 suggessit
2663 3361 3032 3423 cacodaemon,
3059 3356 3360 3411 acerrimus
3402 3354 3624 3408 humani

2042 3456 2258 3525 generis
2308 3453 2517 3518 hostis,
2574 3451 2820 3506 videlicet
2856 3450 3138 3505 interulam
3191 3434 3407 3518 quoque
3440 3447 3627 3501 uttol-

2043 3551 2200 3608 teret,
2250 3546 2449 3599 nudato
2516 3545 2783 3599 cadavere
2859 3542 3047 3596 relicto
3100 3556 3114 3593 :
3167 3539 3625 3608 quemadmodqu

2045 3647 2101 3690 et
2165 3652 2224 3690 re.
2263 3637 2379 3705 ipsa
2435 3634 2614 3688 facere
2645 3648 2933 3701 aggressus
2961 3639 3067 3688 est.
3097 3628 3297 3683 Verum
3337 3629 3545 3683 nefario
3570 3631 3621 3682 iu

2042 3735 2265 3788 conatu,
2318 3723 2531 3777 volente
2591 3722 2732 3789 Deo,
2764 3722 3021 3776 defuncta
3057 3720 3234 3790 puella
3260 3722 3629 3795 (quamiuex-

2044 3818 2314 3889 plicabilis
2356 3816 2472 3871 hac
2522 3832 2609 3870 res
2670 3817 2824 3885 est!)
2876 3816 3089 3869 sublata
3122 3816 3175 3869 in
3207 3818 3374 3869 altum
3405 3815 3628 3868 dextera

2045 3912 2315 3980 insignem
2369 3910 2618 3963 violaturi
2669 3910 2959 3978 colaphum
3017 3907 3280 3976 impegit;
3314 3922 3423 3975 quo
3444 3907 3626 3960 statim

2052 4005 2338 4060 oculorum
2395 4018 2495 4056 usu
2552 4002 2846 4055 destitutus
2906 4011 3010 4065 est,
3050 4008 3446 4068 correptosque
3485 4009 3631 4051 metu

2047 4114 2112 4150 ac
2159 4106 2395 4150 tremore
2451 4103 2559 4147 tam
2584 4091 2913 4155 vehementi,
2944 4101 3005 4145 ut
3043 4090 3277 4145 maxilla:
3326 4100 3383 4144 ut
3415 4088 3627 4149 dentes,

2048 4199 2107 4242 ut
2132 4203 2304 4258 genua
2339 4187 2479 4240 inter
2510 4201 2568 4240 se
2598 4184 3009 4247 colliderentur,

2122 4281 2247 4333 {0-2.
2275 4279 2357 4331 Ad
2399 4278 2512 4331 iure
2545 4286 2597 4331 ct
2646 4291 2708 4329 os
2741 4291 2898 4329 suum
2926 4275 3177 4344 aperiens
3213 4270 3486 4334 defuncta,
3512 4270 3634 4323 tali-

2049 4371 2151 4424 bus
2202 4370 2354 4423 illum
2426 4367 2586 4423 dictis
2652 4366 2923 4421 incessit:
2957 4366 3119 4420 Miser
3163 4379 3226 4419 ac
3281 4362 3628 4424 miserande,

378 4470 538 4529 έστω,
574 4468 674 4520 οὐκ
714 4466 989 4536 ἐφοϐήθης
1026 4466 1115 4517 τὸν
1157 4464 1310 4530 Θεὸν,
1349 4460 1475 4514 οῦτε
1512 4462 1636 4526 τοὺς
1688 4461 1938 4531 ἀγγέλους

2057 4473 2175 4517 csto
2207 4477 2359 4523 sane,
2393 4475 2493 4514 nec
2519 4457 2686 4513 Deum
2718 4473 2815 4513 nec
2846 4458 3068 4529 angelos
3116 4457 3237 4527 ejus
3263 4455 3579 4510 reformides
3617 4471 3630 4506 :

379 4562 563 4624 αὐτοῦ,
597 4560 701 4613 κᾶν
748 4560 823 4621 ὡς
863 4554 942 4621 εἷς
985 4558 1093 4609 τῶν
1135 4556 1443 4628 ἀνθρώπων
1498 4554 1813 4625 ἀπηδέσθης
1852 4554 1947 4606 τοῦ

380 4651 676 4705 θεάσασθαι
704 4650 925 4721 θηλείας
957 4650 1115 4719 σῶμα
1144 4649 1605 4717 γεγυμνωμένον;
1638 4647 1751 4701 Οὐκ
1784 4648 1952 4715 ἠρκέ-

382 4743 511 4812 σθης
537 4744 683 4813 ἆπερ
720 4744 983 4812 πρότερον
1015 4740 1228 4805 ἔλαϐες,
1268 4739 1373 4792 κᾶν
1403 4739 1502 4806 τὴν
1543 4738 1736 4808 εὐτελῆ
1761 4736 1953 4808 ὀθόνην

378 4838 475 4890 οῦκ
518 4838 759 4906 ἐχαρίσω
806 4836 884 4903 τῷ
932 4836 1187 4903 σώματις
1235 4832 1381 4885 Ἀλλ’
1424 4833 1549 4884 ἐπεὶ
1600 4832 1829 4901 ἀνηλεής
1862 4831 1956 4884 καὶ

380 4928 750 4999 ἀπάνθρωπος
795 4930 889 4980 καὶ
940 4926 1091 4996 ὠμὸς
1140 4925 1260 4982 κατ’
1312 4925 1412 4994 ἐμὲ
1473 4923 1814 4994 ἁπεφάνθης,
1863 4922 1957 4973 καὶ

378 5021 710 5091 ὲϐουλεύθης
770 5020 985 5089 γέλοιόν
1044 5037 1113 5089 με
1169 5018 1404 5088 ὀφθῆναι
1470 5019 1528 5068 ἐν
1588 5019 1653 5086 τῇ
1730 5016 1958 5086 δευτέρᾳ

380 5114 598 5167 ἐλεύσει
627 5115 829 5175 πάσαις
864 5115 983 5175 ταῖς
1016 5110 1200 5178 ἁγίαις
1236 5108 1528 5181 παρθένοις
1552 5120 1567 5135 '
1601 5105 1709 5158 ἰδοὺ
1735 5105 1847 5173 ἐγὼ
1876 5120 1958 5156 σοι

380 5207 538 5273 δείξω
569 5209 769 5277 μηκέτι
798 5204 1057 5258 κλέπτειν
1078 5220 1092 5235 ο
1145 5206 1340 5256 ἔπειτα
1394 5203 1480 5254 ἵνα
1509 5202 1785 5270 γινώσκῃς
1816 5199 1957 5251 Θεὸν

381 5299 558 5363 ζῶντα
596 5300 689 5353 καὶ
724 5298 981 5366 ἀληθινὸν
1017 5294 1159 5349 εἶναι
1185 5297 1277 5350 τὸν
1304 5294 1561 5365 Χριστὸν,
1593 5294 1688 5345 καὶ
1725 5294 1806 5345 ὅτι
1841 5292 1963 5361 κρί-

382 5407 463 5455 σις
498 5394 613 5446 ἐστὶ
689 5392 785 5446 ml.
821 5389 1204 5453 ἁνταπόδοσις,
1235 5388 1327 5440 καὶ
1384 5387 1525 5455 μετὰ
1554 5387 1783 5439 θάνατον
1823 5386 1959 5449 ζῶσι

454 5594 565 5662 (26)
622 5594 719 5647 Ms.
772 5593 909 5647 Μαι.
960 5591 1294 5662 ὡμοφόριον,
1324 5587 1747 5642 humcralczcst
1783 5595 1961 5639 autem

380 5663 745 5732 Mapttorinm,
772 5665 1036 5718 muliebre
1068 5677 1099 5731 p
1122 5662 1307 5716 luunt.

456 5727 567 5804 (1'!)
610 5734 887 5801 Quantum
942 5727 1148 5787 scilicet
1175 5740 1292 5785 erat
1325 5731 1375 5784 in
1431 5730 1545 5798 ipso
1582 5727 1699 5783 fure
1738 5746 1749 5783 :
1783 5742 1958 5798 neque

702 5830 973 5889 ΡΑτιιΟι..
1016 5831 1131 5887 Gtt.
1173 5825 1324 5885 CXI.

2054 4566 2108 4609 at
2133 4554 2351 4617 saltem,
2380 4568 2504 4606 cuin
2542 4553 2660 4620 ipse
2694 4550 2859 4606 homo
2887 4552 2985 4617 sis,
3015 4566 3126 4620 quo
3167 4558 3319 4617 pacto
3368 4546 3635 4600 reveritus

2055 4666 2161 4702 non
2211 4663 2272 4702 es
2308 4645 2540 4701 femellae
2585 4659 2818 4715 corpus,
2874 4643 3115 4698 vestibus
3176 4642 3294 4696 suis
3318 4638 3629 4710 Spoliatum,

2058 4741 2301 4796 intueri?
2350 4740 2490 4795 Num
2545 4740 2762 4809 explere
2821 4738 3106 4791 avaritiam
3159 4746 3304 4789 tuam
3362 4750 3471 4788 non
3524 4749 3638 4803 po—

2057 4832 2292 4886 tuissent
2340 4846 2461 4900 qua:
2512 4830 2745 4898 primum
2803 4827 3171 4897 surripueras,
3222 4828 3267 4879 si
3307 4824 3469 4892 huius
3517 4826 3642 4878 vilis

2059 4922 2306 4978 interula:
2323 4923 2549 4991 gratiam
2578 4919 2793 4990 corpori
2828 4934 2949 4974 meo
2985 4918 3243 4973 fecisses?
3262 4918 3365 4972 Sed
3383 4918 3640 4986 quoniam

2064 5014 2555 5071 immiscricordem
2612 5025 2666 5068 et
2715 5013 3073 5067 inhumanum
3143 5022 3196 5065 et
3258 5010 3532 5064 crudelem
3594 5021 3643 5060 tu

2063 5111 2194 5165 mihi
2229 5106 2546 5171 exliibuisti,
2576 5107 2668 5176 qui
2698 5121 2785 5161 mc
2810 5106 3067 5160 omnibus
3084 5104 3290 5159 santtis
3316 5102 3642 5173 virginibus,

2063 5202 2115 5254 iu
2176 5200 2417 5255 secundo
2450 5198 2664 5253 Domini
2693 5197 2865 5251 nostri
2921 5196 3154 5252 adventu
3175 5236 3191 5262 ,
3217 5196 3351 5250 risui
3379 5194 3640 5247 ludibrio-

2063 5309 2169 5362 que
2224 5307 2497 5362 esponcre
2567 5290 2784 5345 tentasti
2866 5289 3013 5360 (9.7),
3091 5305 3306 5345 onmem
3376 5304 3476 5355 ego
3546 5284 3639 5338 tibi

2063 5388 2317 5455 deinceps
2357 5384 2571 5439 furandi
2597 5384 3155 5439 facultatemadimam
3183 5423 3198 5446 ,
3235 5390 3294 5433 ut
3313 5394 3636 5447 cognoscas,

2066 5585 2209 5639 enim
2246 5593 2354 5637 tam
2399 5580 2629 5637 stolidus
2655 5593 2767 5636 erat
2802 5580 3067 5646 scriptor,
3106 5586 3163 5629 ut
3197 5583 3411 5644 putaret
3442 5584 3643 5646 vestem

2068 5672 2186 5708 rant
2228 5654 2292 5724 iu,
2324 5661 2572 5711 extremo
2614 5651 2807 5722 judicii
2864 5644 2948 5704 die
3003 5649 3122 5701 usui
3160 5646 3397 5700 l'uturant
3448 5644 3644 5700 detun-

2070 5736 2189 5780 ctzc.
2408 5736 2411 5737 ⁷

3172 5810 3277 5870 ιιι-
