4088 6216
391 290 491 353 ’ἰῖτι

1482 278 1898 338 ΝιΗίΡΙΜΠὶΙ
1950 273 2391 333 ΡΗΕΒΒΥΤΕΒ
2409 275 2421 329 ι
2469 274 2574 332 CI’.

3547 271 3659 329 752

394 396 557 460 Dens,
596 397 861 465 inqnihat,
896 393 1242 445 miserebitur
1292 391 1368 443 tui
1397 431 1410 450 ,
1446 392 1585 441 bone
1619 389 1720 439 vir.
1751 385 1811 438 Et
1842 400 1975 453 pau-

2098 383 2476 451 ςεγραμμένην
2501 384 2800 443 σκοτεινοῖς
2822 382 3163 451 γράμμασιν.
3202 383 3446 452 Δράκων,
3500 386 3655 453 97.51,

393 488 560 541 Iulum
607 487 954 541 retrocedcns
997 484 1263 546 Andreas,
1302 482 1505 535 rircum
1556 482 1727 547 ipsum
1762 478 1813 529 in
1849 493 1971 531 aere

391 577 641 629 obscuris
708 581 983 630 exaratam
1040 571 1448 625 characteribus
1534 570 1672 621 hanc
1723 566 2047 621 sententiam
2115 565 2284 634 legit:

393 670 569 724 radix.

464 764 586 818 107.
624 762 748 816 Post
779 763 893 815 lure
926 761 1030 815 alio
1061 760 1346 816 reﬂectens
1375 760 1585 825 oculos,
1650 759 1799 813 videt
1838 773 1979 827 pone

402 856 729 910 monachum
753 854 893 908 duos
924 854 977 908 iu
1006 855 1243 922 speciem
1269 854 1570 916 eunuchos,
1596 852 1797 906 acriter
1840 852 1983 903 inter

392 965 453 1005 se
487 950 633 1003 illius
660 963 827 1002 causa
859 950 1275 1011 contendentes,
1309 938 1540 1013 quorum
1583 946 1720 998 alter
1747 954 1987 1011 corpore

395 1043 681 1111 oculisque
740 1042 914 1109 niger,
980 1040 1117 1093 alter
1152 1055 1279 1093 vero
1338 1038 1519 1092 eximii
1564 1036 1819 1090 candoris
1845 1036 1985 1089 sicut

396 1136 633 1191 cwlestis
682 1132 990 1203 crystallus.
1024 1129 1185 1201 Niger
1240 1139 1421 1183 autem
1458 1130 1537 1182 sic
1588 1144 1748 1182 orsus
1781 1147 1793 1182 :
1831 1127 1982 1191 Mihi,

326 1279 332 1290 ,
398 1226 698 1297 inquiebat,
736 1224 942 1293 primas
974 1222 1028 1275 in
1089 1222 1264 1290 ipsum
1304 1220 1542 1283 vindico,
1600 1219 1725 1288 quia
1761 1235 1882 1272 meo
1915 1233 1981 1271 ex

312 1320 315 1323 ’
396 1329 531 1371 nutu
591 1327 647 1369 et
696 1316 973 1369 voluntate
1027 1324 1224 1367 cuncta
1284 1313 1534 1381 peragit;
1592 1311 1983 1365 imtniserirors

396 1411 541 1465 enim
601 1418 653 1462 et
701 1423 900 1461 avarus
966 1421 1090 1459 cum
1120 1404 1227 1459 Deo
1250 1414 1456 1473 partem
1517 1418 1625 1458 non
1661 1405 1841 1457 habet.
1884 1403 1983 1457 Cui

396 1501 533 1553 alter
576 1518 588 1552 :
624 1492 739 1551 Non
806 1498 897 1559 ita,
924 1494 1017 1549 sed
1050 1495 1179 1548 mihi
1229 1495 1411 1563 potius
1455 1494 1639 1563 prima:
1671 1494 1868 1547 debent
1897 1508 1987 1546 ce-

398 1592 525 1645 dere
552 1632 567 1657 ,
609 1591 735 1659 quia
758 1588 1005 1657 jejuniis,
1040 1588 1313 1655 precibus,
1345 1585 1625 1654 probitati,
1668 1595 1987 1638 mansuetu-

2080 475 2177 541 τῆς
2205 472 2571 543 φιλαργυρίας
2624 475 2659 542 ἡ
2702 472 2827 541 ῥίζα
2859 474 3049 525 πασῶν
3083 474 3191 525 τῶν
3226 474 3488 539 ἀνομιῶν.

2385 563 2643 616 Avaritia:
2736 563 2974 625 da'mon,
3066 564 3311 617 omnium
3388 566 3655 619 malortnu

2153 750 2504 823 prunas»;
2534 749 2590 803 δε
2623 749 2848 803 δπισθεν
2877 749 3068 812 αὑτοῦ»
3101 750 3291 820 βλέπει
3313 752 3406 806 δύο
3424 755 3575 817 τινὰς
3595 761 3661 827 τῇ

2084 845 2249 915 φύσει
2297 842 2586 912 εὐνούχους
2621 844 2688 897 δι’
2733 843 2897 896 αὐτὸν
2937 843 3330 912 δικαζομένους
3360 862 3373 875 ο
3430 841 3500 916 ἦν
3546 847 3602 900 δὲ
3636 853 3664 902 6

2088 938 2187 1008 μὲν
2210 931 2290 999 εἷς
2326 937 2517 1004 μέλας,
2544 937 2965 1005 ἐσκοτισμένους
2987 936 3125 1006 ἐχως
3152 938 3277 1000 τοὺς
3300 938 3616 1007 ὀφθαλμούς
3644 958 3660 972 ο

2087 1033 2114 1084 6
2168 1032 2223 1084 δὲ
2261 1031 2450 1098 ἕτερος
2480 1026 2549 1100 ἦν
2595 1030 2809 1092 λευκὸς,
2850 1030 2925 1092 ὡς
2980 1029 3041 1082 τὸ
3082 1029 3251 1099 κρύος
3283 1030 3378 1083 τοῦ
3407 1032 3662 1102 ούρανοῦ.

2090 1122 2283 1188 Ἐλεγε
2310 1120 2366 1172 δὲ
2392 1123 2419 1174 6
2453 1120 2648 1189 μέλας,
2698 1120 2838 1189 Ἐμά
2878 1122 2984 1172 εισι
3026 1122 3094 1173 τὰ
3127 1121 3422 1190 προτέλεια
3472 1125 3661 1189 αὑτοῦ,

2081 1215 2166 1268 ὅτι
2194 1216 2272 1269 τὸ·
2293 1215 2425 1285 ὲμδν
2452 1214 2664 1285 θέλημα
2710 1216 3102 1284 εἰσπράττεται
3135 1230 3149 1245 ο
3182 1215 3501 1285 ἀνελεήμων
3550 1216 3660 1285 γὰρ

2086 1311 2182 1361 καὶ
2236 1308 2580 1379 φιλάργυρος
2637 1308 2777 1377 μετὰ
2827 1306 2964 1360 Θεοῦ
3027 1306 3223 1376 μερίδα
3263 1308 3323 1361 οὐ
3353 1310 3613 1379 κέκτηται
3646 1325 3662 1340 θ

2090 1400 2262 1453 Πάλιν
2292 1403 2320 1453 ὁ
2348 1401 2544 1468 ἕτερος
2577 1399 2763 1467 ἔλεγεν
2794 1415 2807 1428 ’
2847 1399 3003 1469 Οὐχὶ,
3032 1399 3168 1453 ἀλλὰ
3193 1400 3301 1469 ἐμά
3330 1402 3470 1454 εἰσιν
3498 1402 3664 1454 αὑτοῦ

2088 1493 2157 1546 τὰ
2186 1493 2500 1563 προτέλεια,
2531 1492 2653 1545 ἐπεὶ
2701 1492 2796 1544 καὶ
2830 1490 3107 1559 νηστεύει,
3159 1491 3254 1543 καὶ⁸
3292 1490 3533 1562 εὔχεται,
3569 1494 3663 1546 καὶ

2090 1584 2237 1638 ἔστιν
2288 1585 2519 1648 ἄκακος,
2555 1585 2753 1655 πρᾶος,
2780 1580 3059 1645 ταπεινὸς,
3115 1584 3209 1635 καὶ
3245 1583 3487 1654 ἡσύχιος.
3528 1586 3667 1639 Ἐδιε

402 1685 540 1750 dini,
601 1682 913 1745 hunzilitati,
970 1680 1187 1734 silentio
1245 1678 1496 1729 addit-lus
1552 1677 1605 1729 in
1664 1677 1853 1745 primis
1883 1660 1984 1729 est.

2098 1677 2324 1741 κάζοντο
2347 1672 2442 1730 οὖν
2473 1678 2522 1729 οἱ
2556 1676 2670 1740 δύο,
2703 1676 2799 1728 καὶ
2830 1675 2929 1729 ούκ
2961 1671 3029 1746 ἦν
3073 1676 3262 1747 εἰρήνη
3315 1676 3521 1746 μεταξὺ
3552 1677 3663 1730 τῶν

397 1777 533 1831 Cum
572 1776 770 1828 talibus
803 1774 943 1825 ultro
973 1772 1220 1838 citroque
1246 1768 1491 1838 prolatis,
1534 1769 1716 1822 nullus
1768 1776 1993 1822 con-teu-

400 1868 561 1919 dendi
600 1865 813 1927 modus,
849 1879 949 1932 pax
1001 1862 1149 1915 nulla
1181 1869 1364 1926 esset,
1405 1862 1516 1914 b‘tcc
1563 1862 1779 1915 tandem
1814 1875 1908 1929 pro
1936 1873 1993 1913 se

402 1961 629 2013 adduxit
659 1958 942 2011 eunuchus
974 1956 1127 2023 niger
1166 1970 1179 2006 :
1222 1953 1465 2021 Agedum
1522 1953 1813 2007 audiamus
1860 1952 1992 2021 quid

399 2053 465 2105 de
504 2044 587 2103 his
614 2049 778 2117 μιαί-ς
813 2065 827 2113 ;
858 2061 987 2099 num
1014 2045 1059 2099 is
1083 2045 1211 2097 dicit
1246 2063 1259 2098 :
1293 2042 1501 2108 Venite,
1537 2044 1712 2107 avari,
1750 2056 1990 2108 tenaces,

402 2139 892 2201 immisericordes,
954 2139 1185 2190 aliorum
1243 2137 1505 2189 voluntati
1543 2152 1650 2189 non
1699 2135 1992 2204 parentes?

404 2252 474 2288 an
540 2232 944 2293 misericordes,
998 2231 1191 2287 mites.
1254 2230 1578 2283 miserantes
1632 2226 1991 2280 calamitatem

408 2328 665 2389 aliorum,
699 2334 749 2377 et
783 2324 868 2377 his
916 2322 1120 2376 similes
1153 2321 1217 2379 ad
1245 2337 1301 2374 se
1328 2321 1569 2374 invitat?
1625 2320 1701 2373 Ad
1760 2320 1873 2372 hate
1899 2334 1996 2373 an-

409 2419 563 2485 gelus
595 2435 606 2469 :
641 2410 752 2483 Age
811 2412 1098 2466 audiamus
1154 2411 1282 2480 quid
1326 2410 1636 2478 prouttntiet
1689 2409 1990 2463 Dominus:

408 2525 427 2557 ι
467 2509 645 2573 Super
696 2518 856 2572 quem
913 2502 1221 2570 tesliiciam,
1277 2501 1380 2553 nisi
1414 2515 1577 2568 super
1624 2499 1902 2563 lmmilem,
1941 2512 1995 2558 et

403 2598 672 2665 quietum,
720 2604 777 2647 et
832 2600 1157 2645 trementem
1218 2602 1502 2643 sermones
1559 2586 1803 2641 meos"?
1843 2606 1860 2637 ι
1930 2585 1994 2638 Et

404 2692 535 2745 alibi
569 2709 582 2743 :
631 2710 649 2740 ι
704 2688 852 2742 Beati
901 2702 1163 2757 pauperes
1189 2686 1410 2753 spiritu,
1446 2685 1585 2737 beati
1638 2682 1815 2746 mites,
1846 2681 1987 2735 beati

412 2782 621 2835 mundo
655 2781 840 2843 corde,
872 2798 889 2831 ι
931 2790 986 2832 et
1017 2778 1120 2831 alia
1158 2777 1241 2831 bis
1290 2776 1489 2831 similia
1524 2777 1565 2827 ’.
1596 2774 1732 2827 Tum
1786 2774 1936 2842 niger
1973 2789 1991 2827 :

407 2875 451 2926 0
488 2874 863 2942 spectaculum
900 2872 913 2923 ι
947 2869 1123 2923 tremit
1160 2868 1248 2922 ille
1272 2868 1481 2922 scilicet
1514 2867 1580 2920 ad
1618 2871 1728 2919 haec
1768 2867 1927 2918 verba
1972 2880 1986 2919 :

415 2982 433 3016 ι
473 2964 621 3019 Beati
653 2962 1056 3025 misericordes,
1112 2960 1367 3045 quoniam
1398 2960 1500 3028 ipsi
1554 2958 1985 3012 misericordiam

2094 1769 2449 1841 ἀμφοτέρων.
2485 1770 2629 1840 Ἔφη
2657 1768 2887 1839 ἔσχατον
2933 1770 2961 1822 6
3008 1767 3178 1838 μέλας
3219 1768 3344 1822 τάδε
3374 1787 3388 1801 ·
3418 1770 3665 1839 Τίλέγει

2093 1864 2120 1913 ὁ
2148 1862 2343 1931 κριτής
2371 1860 2594 1927 ;Δεῦτε,
2627 1861 2773 1923 τίνες
2804 1862 2855 1914 οἱ
2890 1860 3236 1930 φιλάργυροι,
3280 1863 3332 1915 οἱ
3376 1864 3582 1927 κνιποὶ,
3615 1866 3665 1916 οἱ

2095 1955 2453 2025 ἄσπλαγχνοι,
2486 1954 2535 2007 οε
2567 1953 2992 2025 ἀπροαίρετοιςῆ
3023 1953 3148 2017 τοὺς
3173 1954 3474 2025 ἐλεήμονας
3500 1974 3665 2026 προσ-

2094 2044 2340 2098 καλεῖται
2406 2045 2658 2105 καὶτοὺς
2691 2044 3025 2113 συμπαθεῖς,
3074 2046 3169 2098 καὶ
3214 2047 3341 2108 τοὺς
3386 2046 3666 2117 οἰκτίρμο-

2096 2152 2215 2199 νας,
2268 2134 2364 2189 καὶ
2424 2138 2551 2197 τοὺς
2610 2133 2819 2187 τούτων
2857 2134 3117 2203 ὁμοίους;
3156 2138 3301 2206 Ἔφη
3330 2138 3359 2190 6
3386 2137 3617 2205 ἄγγελος
3649 2156 3663 2169 ·

2096 2229 2205 2281 Καὶ
2234 2228 2285 2280 τί
2319 2227 2467 2296 λέγει
2504 2229 2530 2280 6
2560 2226 2763 2295 Κύριος
2797 2244 2811 2292 ;
2852 2245 2869 2278 ι
2916 2227 3039 2280 Ἐπὶ
3071 2229 3190 2280 τίνα
3224 2229 3316 2281 ἴδω
3344 2228 3458 2281 ἀλλ’
3496 2229 3529 2298 ἢ
3575 2230 3666 2279 ἐπὶ

2095 2318 2185 2373 τὸν
2213 2320 2390 2387 πρᾶον
2425 2319 2516 2371 καὶ
2547 2320 2771 2388 ἥσυχον,
2802 2319 2896 2372 καὶ
2939 2319 3213 2388 τρέμοντὰ
3265 2336 3367 2387 μου
3423 2320 3547 2381 τοὺς
3577 2319 3665 2371 λό-

2096 2430 2225 2481 γους
2261 2429 2275 2477 ;
2303 2432 2321 2464 ι
2357 2414 2465 2465 Καὶ
2488 2414 2569 2464 ὃτι
2604 2430 2622 2463 ι
2650 2413 2927 2480 Μακάριοι
2957 2413 3003 2464 οἱ
3036 2412 3240 2481 πτωχοὶ
3267 2412 3344 2481 τῷ
3372 2412 3664 2481 πνεύματι,

2100 2505 2361 2574 μακάριοι
2383 2507 2431 2556 οἱ
2458 2506 2673 2575 πραεῖς,
2702 2504 2963 2573 μακάριοι
2993 2505 3041 2555 oi
3070 2502 3302 2571 καθαροὶ
3323 2506 3388 2571 τῇ
3409 2503 3659 2571 καρδίῃ»

2095 2596 2189 2648 καὶ
2241 2595 2310 2648 τὰ
2357 2597 2567 2660 τούτοις
2603 2596 2983 2666 παραπλήσια.
3026 2595 3170 2664 Ἔφη
3219 2596 3247 2647 6
3282 2589 3487 2661 μέλαςέ
3537 2594 3669 2646 Θέα-

2099 2702 2175 2755 μα
2208 2687 2221 2738 ι
2270 2688 2462 2756 τρέμει
2508 2682 2663 2749 οὗτος
2703 2687 2795 2748 ἐπὶ
2822 2686 2901 2755 τῷ
2930 2686 3071 2754 λόγῳ
3099 2699 3112 2711 ·
3145 2686 3227 2737 ὅτι
3263 2703 3280 2735 ι
3312 2686 3589 2753 Μακάριοι
3620 2685 3667 2735 οἱ

2095 2780 2407 2849 ἐλεήμονες,
2441 2781 2522 2832 ὅτι
2548 2779 2702 2832 αὐτοὶ
2736 2778 3125 2850 ἐλεηθήσονται
3162 2797 3180 2829 ι
3212 2779 3320 2832 Καὶ
3344 2780 3554 2832 πάλινί
3583 2778 3670 2829 l‘i-

2094 2871 2251 2923 νεσθε
2290 2871 2654 2940 οἰκτίρμονες,
2701 2869 2881 2931 καθὼς
2912 2871 3003 2922 καὶ
3049 2872 3076 2922 ὀ
3126 2870 3313 2939 Πατὴρ
3346 2868 3499 2939 ἡμῶν
3528 2870 3555 2921 6
3581 2869 3671 2920 ού-

2107 2964 2285 3033 ρανιος
2316 2964 2620 3032 οἰκτίρμων
2646 2962 2785 3015 ἐστί.
2820 2981 2838 3012 ι
2862 2963 2974 3019 Καὶ
3003 2963 3164 3017 πάλιν
3191 2981 3204 2996 ο
3234 2982 3251 3013 ι
3290 2962 3479 3014 Ἐλεον
3512 2962 3667 3022 οέλω,

407 3066 827 3125 consequentur.
868 3072 888 3107 ι
925 3057 988 3107 lat
1028 3024 1259 3107 rursus:
1296 3070 1314 3103 ι
1353 3053 1538 3107 Estote
1590 3050 1993 3115 misericordes,

2104 3057 2196 3109 καὶ
2219 3057 2278 3109 οὐ
2313 3056 2559 3109 θυσίαν.»
2585 3056 2695 3108 Καὶ
2718 3071 2763 3107 ἰ
2784 3055 3091 3125 Διάθρυπτε
3117 3062 3366 3110 πεινῶντι
3396 3057 3484 3108 τὸν
3508 3057 3670 3125 ἄρτον

408 3150 550 3203 sicut
590 3159 643 3202 et
691 3146 851 3202 Pater
905 3157 1084 3201 vester
1141 3145 1378 3200 cwlestis
1409 3146 1720 3199 misericors
1753 3143 1926 3197 est”.
1969 3159 1987 3192 δ

406 3242 473 3295 Et
499 3240 627 3295 alibi
654 3258 665 3294 :
701 3239 1159 3295 tMiSCIlCOl‘tliulll
1188 3239 1310 3292 volo
1335 3248 1387 3292 et
1412 3253 1519 3291 non
1555 3237 1992 3291 sacriﬁcium”.i

405 3334 585 3401 Atque
643 3332 774 3386 illud
810 3350 822 3384 :
855 3350 873 3383 ι
910 3331 1119 3400 Frange
1165 3330 1424 3384 esurienti
1474 3344 1670 3398 panem
1706 3337 1858 3381 tuum
1892 3328 1989 3379 η.»

409 3422 473 3475 lit
528 3423 631 3476 alia
668 3424 824 3492 plura
880 3422 1048 3475 divini
1082 3421 1334 3474 Numinis
1384 3420 1659 3482 mandata,
1700 3435 1825 3488 qua:
1848 3418 1994 3487 quod

408 3516 769 3569 adversentur
828 3515 984 3579 mihi,
1039 3513 1282 3581 proferre
1326 3527 1431 3565 non
1470 3512 1715 3565 sustineo
1751 3522 1806 3565 et
1857 3512 1997 3565 inter

410 3590 850 3660 abominationes
888 3619 1110 3672 repono.
1163 3604 1282 3667 Quo
1311 3602 1475 3672 igitur
1524 3612 1684 3671 pacto
1726 3603 1996 3672 primitias

409 3711 638 3766 operum
710 3695 855 3749 illius
905 3695 999 3749 tibi
1070 3695 1355 3748 vindicas?
1408 3693 1708 3764 Respondit
1772 3698 1997 3766 angelus

2106 3167 2224 3203 σου.
2244 3169 2261 3201 ι
2291 3150 2399 3201 Καὶ
2430 3147 2565 3203 ἄλλα
2602 3147 2828 3202 πλείονα
2858 3150 3294 3220 παραγγέλματα
3328 3148 3420 3201 τοῦ
3450 3148 3605 3214 Θεοῦ,
3633 3149 3669 3202 ἃ.

2101 3243 2161 3294 ού
2195 3243 2345 3311 φέρω
2396 3242 2576 3309 λέγειν
2609 3240 2887 3310 βδέλυγμά
2918 3260 3019 3311 μου
3048 3242 3383 3313 ὑπάρχοντα,
3409 3243 3489 3294 ὅτι
3522 3244 3671 3294 ἐν.ν-

2097 3334 2187 3387 τία
2234 3334 2336 3403 μού
2373 3334 2533 3389 εἰσιν.
2573 3335 2694 3397 Πῶς
2722 3332 2815 3387 οὖν
2847 3338 2915 3387 τὰ
2958 3336 3251 3405 προτέλεια
3289 3335 3509 3405 ἐπέχειν
3551 3332 3672 3405 βού-
3728 3368 3735 3375 ο

2096 3424 2181 3475 λει
2214 3440 2228 3487 ;
2281 3422 2630 3492 Ἀποκριθεὶς
2661 3420 2754 3479 οὖν
2787 3426 2815 3477 6
2846 3424 2943 3479 τοῦ
2995 3427 3173 3496 φωτὸς
3214 3420 3421 3489 ἐκεῖνος
3467 3426 3671 3495 ὑπηρέ-

2096 3534 2217 3586 της,
2249 3516 2353 3588 ἒφη
2386 3531 2401 3547 ⁸
2439 3518 2576 3587 Δίκη
2610 3518 2820 3590 μεγάλη
2857 3520 3103 3590 σήμερον
3137 3519 3342 3590 μεταξὺ
3367 3522 3545 3591 ήμῶν,
3578 3522 3673 3572 καὶ

2097 3607 2197 3658 οὐκ
2230 3607 2538 3677 ἀφίσταμαι
2587 3608 2781 3679 μέχρις
2820 3610 2887 3662 ἂν
2913 3608 3004 3661 τὸν
3046 3609 3240 3680 κριτὴν
3281 3610 3378 3680 τῆς
3415 3610 3673 3679 ἀληθείας

2100 3697 2497 3767 ἐρωτήσωμεν.

412 3790 853 3847 lueiszniﬂieilis
917 3792 1075 3846 hodie
1114 3806 1215 3847 nos
1258 3792 1397 3846 inter
1427 3792 1493 3847 lis
1524 3804 1642 3847 orta
1673 3802 1789 3851 est:
1850 3809 2028 3864 neque
2100 3794 2443 3865 acquiescant
2490 3809 2613 3867 ego,
2676 3796 2854 3865 quoad
2904 3795 3106 3866 judicis
3160 3812 3344 3851 veram
3400 3811 3558 3865 super
3582 3794 3673 3848 illa

412 3886 743 3941 decisioncm
775 3884 1195 3941 obtinuerimus.

489 4004 614 4060 108.
671 4003 885 4058 Auditis
934 4004 1108 4073 hisce,
1171 4005 1482 4076 indignatus
1517 4014 1600 4061 est
1650 4010 1805 4077 niger
1825 4020 1999 4059 cunu-

417 4100 578 4165 chus,
615 4097 863 4167 dixitque
883 4098 1115 4154 candido
1150 4115 1163 4152 :
1198 4100 1463 4164 Quoniam
1499 4114 1529 4153 a
1563 4099 1894 4167 benignitate
1911 4114 2004 4149 or-

414 4188 562 4241 ditur
609 4190 878 4258 benignus
906 4190 1185 4243 hominum
1213 4200 1424 4244 amator
1474 4190 1636 4255 Deus,
1669 4200 1721 4244 et
1756 4190 1808 4242 in
1840 4189 1996 4241 beni-

414 4281 674 4349 gnitatem
737 4282 955 4345 des'init,
987 4282 1113 4337 hinc
1140 4294 1316 4337 astute
1356 4282 1492 4337 satis
1520 4283 1696 4353 ipsum
1741 4282 2005 4350 appellas,

416 4390 445 4426 ιι
477 4388 585 4442 quo
648 4374 813 4442 probe
838 4375 964 4430 novi
1001 4375 1310 4429 ablaturum
1358 4387 1430 4439 te,
1468 4390 1591 4429 cum
1637 4374 1835 4428 damno
1859 4390 1998 4438 meo,

415 4464 562 4531 quod
617 4467 866 4534 expetis:
903 4477 1235 4537 quapropter
1284 4470 1425 4520 hanc
1489 4481 1587 4536 ego
1632 4465 1998 4519 conditionem

416 4571 525 4608 nou
566 4568 809 4625 accepto.
868 4557 967 4611 Cui
1030 4561 1257 4625 angelus
1285 4556 1498 4611 Domini
1562 4570 1687 4610 cum
1720 4556 2001 4610 stomacho

428 4650 500 4701 ita
528 4650 765 4701 occurrit
795 4671 806 4700 ι
837 4649 1031 4703 Dolose
1065 4650 1407 4704 machinator
1429 4649 1670 4713 fraudis;
1706 4649 1798 4718 qui
1831 4650 2000 4718 legem

418 4739 706 4792 constituit
749 4740 876 4795 liliis
898 4741 1206 4803 hominum,
1241 4755 1351 4811 quo
1379 4741 1641 4811 jubentur
1690 4751 1834 4795 recta
1862 4740 2003 4794 lcrre

415 4833 640 4903 judicia,
669 4831 746 4888 nil
774 4833 1093 4889 miserantes
1126 4832 1400 4888 fortunam
1428 4834 1704 4904 pauperis,
1729 4834 1804 4887 nil
1830 4834 2003 4901 respi-

422 4929 631 4980 cientes
665 4938 952 4994 personam
979 4926 1194 4991 divitis;
1235 4926 1322 4980 ille
1354 4924 1519 4987 idem,
1542 4925 1818 4994 sapientia:
1841 4922 2011 4992 justi-

426 5023 621 5087 tiaeque
652 5017 944 5083 terminus,
973 5028 1064 5072 tua
1092 5016 1497 5072 sceleratissimi
1522 5032 1689 5070 causa
1740 5031 1768 5068 a
1816 5014 2010 5085 judicii

419 5109 747 5166 rectitudine
805 5111 965 5165 modo
1038 5108 1335 5163 deﬂectat?
1391 5107 1665 5161 Adesdum
1712 5109 1875 5176 igitur
1906 5108 2010 5162 huc

420 5219 526 5256 una
557 5218 766 5258 met-um
799 5219 813 5257 :
850 5211 903 5257 et
938 5202 990 5255 in
1012 5201 1222 5268 judicio
1272 5201 1478 5265 divino,
1512 5210 1601 5254 aut
1629 5200 2008 5269 persuadendo

491 5382 511 5412 ⁸
554 5385 658 5436 lsa.
703 5396 850 5447 LXVI,
883 5380 937 5436 2.
1018 5380 1037 5410 ⁸
1065 5378 1252 5431 Matth.
1290 5394 1341 5443 ν,
1368 5378 1489 5430 2-8.

491 5558 602 5621 (35)
624 5556 724 5612 Ms.
785 5559 958 5613 Vatic.
998 5559 1086 5612 hic
1122 5575 1134 5609 :
1168 5556 1313 5608 Αλλὰ
1342 5557 1448 5625 γὰρ
1493 5556 1569 5617 ὡς
1601 5556 1827 5626 δευτέρα
1854 5556 2006 5610 εἰδω-

422 5626 707 5697 λολατρεία
740 5629 1135 5697 σεμνυνόμενος
1176 5629 1297 5697 ἐμοὶ
1350 5629 1580 5695 ἐπήρκει
1612 5626 1705 5677 καὶ
1736 5629 1855 5694 ἐμοὶ
1884 5628 2003 5677 ὄλυ-

432 5696 594 5759 λεύει,
635 5698 722 5747 καὶ
751 5696 1052 5763 ὀφείλουσιν
1079 5696 1218 5749 εἶναι
1257 5698 1346 5749 καὶ
1381 5699 1445 5749 τὰ
1486 5697 1767 5765 tramitem
1803 5698 1933 5766 ἐμά.

1572 5378 1613 5409 ⁸ο
1653 5376 1783 5432 Luc.
1810 5393 1887 5441 γι,
1926 5378 2016 5432 56.
2064 5380 2104 5408 ¹¹
2131 5376 2349 5435 Osee'n
2373 5420 2386 5443 ,
2419 5380 2486 5434 12
2513 5397 2529 5449 ;
2555 5383 2745 5440 Matth.
2786 5401 2843 5440 ix
2870 5386 3000 5452 ,13.

2178 3999 2284 4072 ρη’.
2310 4000 2494 4055 Ταῦτα
2516 4002 2757 4065 ἀκούσας
2774 4003 2801 4054 6
2825 4002 3013 4072 μέλας,
3033 4004 3403 4075 ἐδυσχέραινε,
3428 4009 3519 4060 καί
3539 4027 3675 4078 φησι

2110 4090 2245 4162 πρὸς
2278 4092 2368 4144 τὸν
2426 4092 2756 4163 λευχείμονα
2790 4109 2804 4124 ο
2870 4094 3090 4166 Ἐπειδὴ
3121 4100 3228 4149 ἀπὸ
3261 4102 3678 4170 φιλανθρωπίας

2105 4183 2336 4254 ἄρχεται
2365 4187 2393 4237 6
2424 4185 2826 4254 φιλάνθρωπος,
2871 4193 2967 4241 καὶ
3015 4189 3167 4261 λήγει
3216 4191 3295 4254 είς
3340 4193 3677 4260 (inﬁtier-ta,

2106 4276 2202 4343 τῆς
2234 4278 2411 4339 αἰτίας
2437 4278 2624 4331 ἕνεκεν
2653 4280 2977 4350 πανούργως
3004 4283 3139 4351 προς
3164 4282 3255 4335 τὸν
3286 4283 3418 4336 Θεὸν
3442 4283 3681 4351 κατέφυ-

2105 4386 2221 4433 γες,
2253 4370 2345 4422 καὶ
2376 4366 2495 4423 οἶδα
2521 4372 2601 4423 ὅτι
2623 4373 2745 4423 κατ’
2774 4373 2907 4441 ἐμοῦ
2941 4374 3084 4444 ἔχεις
3114 4376 3393 4443 ἐξενέγκαι
3419 4378 3517 4446 τὴν
3544 4380 3683 4429 ἁπό-

2107 4480 2291 4530 φασιν.
2341 4462 2453 4533 [Διὸ
2516 4467 2604 4516 καὶ
2654 4466 3024 4536 ἁπαναίνομαι
3094 4469 3184 4521 τὸν
3248 4469 3489 4523 τοιοῦτον
3546 4487 3679 4522 σκο-

2112 4553 2210 4604 πόν
2244 4553 2353 4623 (3-5)
2478 4553 2537 4607 ὐ
2566 4555 2621 4607 δὲ
2683 4556 2912 4625 ἄγγελος
2939 4560 3142 4628 Κυρίου
3175 4560 3278 4630 ἔφη
3312 4562 3444 4629 προς
3476 4561 3676 4615 αὐτόν’

2108 4642 2261 4694 Δάλιε
2321 4643 2417 4696 καὶ
2470 4645 2749 4712 ἀπατεὼν,
2785 4649 2813 4700 6
2854 4650 3164 4718 νομοθετῶν
3206 4652 3333 4709 τοὺς
3380 4653 3525 4713 υἱοὺς
3568 4653 3681 4705 τῶν

2108 4735 2412 4805 ἀνθρώπων
2454 4738 2662 4806 κρίνειν
2689 4740 2891 4804 δίκαια,
2928 4744 3023 4793 καὶ
3067 4744 3143 4813 μὴ
3175 4745 3344 4797 ἐλεεῖν
3377 4748 3589 4815 πτωχῆν
3620 4751 3680 4800 ἐν

2112 4828 2316 4898 κρίσει,
2351 4830 2447 4881 καὶ
2480 4831 2556 4901 μὴ
2590 4830 2888 4901 λαμϐάνειν
2937 4836 3228 4905 πρόσωπον
3270 4826 3553 4905 δυνάστου,
3584 4841 3686 4893 αύ-

2110 4922 2200 4985 τὸς
2233 4921 2308 4975 ὢν
2337 4924 2462 4993 ὄρος
2494 4928 2684 4992 σοφίας
2718 4929 2813 4980 καὶ
2840 4929 3207 5002 δικαιοσύνης,
3243 4934 3427 4985 ἕνεκεν
3461 4932 3555 4985 σοῦ
3586 4934 3683 4986 τοῦ

2113 5015 2462 5082 μιαρωτάτου
2520 5018 2724 5085 ἀρτίως
2773 5017 2883 5088 ἔχει
2941 5023 3348 5093 παροιστρῆσαι
3373 5025 3429 5075 ὲν
3457 5025 3685 5093 κρίσεις

2108 5106 2279 5175 Δεῦρο
2322 5107 2504 5159 τοίνυν
2551 5107 2659 5175 ἄρα
2704 5110 2846 5178 ἐμοὶ,
2902 5114 2997 5164 καὶ
3038 5112 3126 5165 διὰ
3168 5117 3437 5184 κρίματος
3483 5114 3616 5167 Θεοῦ
3648 5116 3682 5183 ἢ

2108 5200 2300 5251 πείσου
2359 5198 2391 5267 ῆ
2446 5198 2701 5268 πείσθητι
2757 5205 2987 5272 ταχέως.
3044 5205 3268 5269 Τούτοις
3325 5211 3437 5270 τοῖς
3472 5208 3683 5278 ῥήμασι

3084 5387 3129 5417 ¹²
3165 5388 3267 5441 lsa.
3304 5402 3433 5441 Lvm
3458 5435 3470 5451 ,
3519 5388 3570 5439 7.

2185 5557 2297 5635 (3‘5)
2344 5558 2566 5635 Ibidem,
2600 5561 2695 5615 καὶ
2739 5564 3087 5632 ἁπονέμομαι
3114 5563 3191 5634 τῷ
3221 5564 3448 5635 τοιούτῳ
3491 5565 3686 5635 σκοπῴ

2119 5629 2190 5697 μὴ
2229 5630 2614 5698 ἀρεσκόμενος.
