4088 6216
418 341 522 402 753

1584 354 1755 412 \‘l'l‘A
1802 354 1864 413 S.
1906 354 2234 415 ANDREE
2276 358 2471 418 SMJ.

3567 360 3596 419 7
3617 360 3683 420 54

410 453 693 522 θαρρήσας
728 456 754 506 ὀ
787 455 983 524 μέλας,
1015 458 1273 511 ἐπένευσε
1333 463 1442 531 (55)
1493 463 1642 527 παρά
1688 462 1896 532 Κυρίου
1937 463 1996 515 τὸ

2101 481 2322 520 causam
2374 467 2580 530 obtine,
2636 468 2926 523 autvictus
2955 469 3240 523 confestim
3295 470 3446 522 cede.
3474 469 3683 534 Quibus

411 544 586 614 κρίμα
624 545 806 609 αὐτοῖς
832 548 1072 603 ἔσεσθαι.
1115 551 1221 605 Καὶ
1253 553 1607 621 στρατρέντων
1663 555 1807 607 κατὰ
1860 555 1990 607 ἀνα-

412 635 572 696 τολάς
596 637 850 706 ἠρώτησε
910 641 1000 694 τὸν
1031 642 1233 713 Κύριον
1263 648 1289 698 6
1319 645 1572 716 λαμπρὸς
1606 649 1821 710 νεανίας
1849 650 1992 701 ἐκεῖ·

412 743 501 787 νος
548 728 678 795 περὶ
724 727 823 796 τῆς
861 730 1172 796 ὑποθέσεως
1209 750 1222 765 ·
1257 737 1284 788 6
1319 736 1426 807 γὰρ
1464 738 1656 806 μέλας,
1689 739 1737 790 εί
1771 739 1862 792 καὶ
1892 740 1990 790 σὺν

411 815 562 885 αὐτῷ
595 817 774 868 ἐπεῖδε
805 822 945 872 κατὰ
979 823 1266 889 ἀνατολὰς,
1302 824 1418 877 ἀλλ’
1469 825 1671 889 εὐθέως
1716 826 1987 896 ἀπέστρε-

412 907 513 974 ψεν
534 908 596 958 τὸ
627 909 883 980 βδελυρὸν
949 913 1116 966 αὑτοῦ
1151 916 1446 984 πρόσωπον
1497 918 1591 970 ἐπὶ
1621 919 1856 987 δυσμάς.
1903 918 1990 982 Ὠς

412 996 508 1052 οὖν
563 1000 851 1072 ἠρώτησεν
905 1005 932 1056 ὁ
975 1006 1212 1074 ἄγγελος
1277 1009 1507 1079 Κυρίου,
1573 1011 1779 1074 εὐθέως
1839 1011 1991 1082 φωνὴ

413 1093 634 1159 ἐγένετο
666 1096 730 1146 ἐκ
761 1095 870 1148 τῶν
921 1097 1188 1169 οὐρανῶν,
1223 1099 1454 1169 λέγουσα
1483 1117 1496 1131 ο
1549 1101 1690 1169 Ἐγὼ
1717 1102 1987 1175 ἐνετειλά-

419 1202 526 1255 μην
555 1189 664 1248 τοῖς
693 1187 1015 1252 ἀποστόλοις
1054 1208 1186 1259 μου,
1221 1192 1428 1261 λέγων’
1462 1212 1484 1246 ι
1519 1193 1729 1248 Λάϐετε
1763 1193 1986 1262 Πνεῦμα

414 1277 592 1345 ἄτιον.
624 1279 717 1331 καὶ
744 1274 985 1334 ὧντινων
1035 1284 1202 1351 ἄφετε
1246 1285 1344 1348 τὰς
1377 1286 1676 1357 ἁμαρτίας,
1721 1285 1993 1355 ἀφεθήσεο

413 1387 502 1422 ται
522 1371 759 1433 αὐτοῖς.ι
783 1372 932 1425 Ἐπεὶ
965 1364 1066 1434 οὐκ
1097 1376 1297 1446 εἴρηκα
1328 1379 1441 1440 τοῖς
1469 1377 1644 1446 φίλοις
1674 1394 1776 1446 μου
1796 1376 1992 1445 λέγων,

414 1461 626 1519 Λάϐετε
680 1466 908 1534 χρυσίον
958 1468 1078 1518 ἀντὶ
1119 1469 1437 1537 [Ινεύματος
1474 1469 1671 1537 ἁγίου,
1724 1470 1819 1522 καὶ
1869 1470 1991 1521 τότε

417 1559 810 1627 συγχωρήσατε
863 1562 976 1620 τοῖς
1029 1559 1342 1629 ἀνθρώποις
1395 1560 1464 1614 τά
1516 1559 1945 1632 παραπτώματα
1975 1573 1992 1592 ο

412 1645 608 1698 οὐκοῦν
639 1647 750 1705 οὐκ
769 1647 883 1700 ἔστι
921 1666 1004 1701 σοι
1062 1651 1220 1720 μερὶς
1247 1653 1302 1703 ἐν
1327 1652 1476 1724 αὐτῷ
1501 1669 1514 1682 ·
1553 1655 1675 1706 ἐπεὶ
1701 1655 1806 1706 τῶν
1835 1653 1995 1722 ἐλεη-

416 1740 596 1807 μὸνων
652 1739 800 1792 ἐσεὶν
842 1743 884 1816 ή»
933 1744 1244 1807 ἀνάπαυσις
1292 1745 1384 1798 καὶ
1435 1747 1750 1818 οἰκητήριον
1801 1747 1835 1816 ἠ
1887 1746 1996 1817 ἐμὴ

2097 557 2259 612 dictis
2290 560 2649 614 continuatus
2678 561 2849 630 niger,
2892 561 3104 626 annuit,
3138 560 3203 614 ad
3224 548 3536 623 Dominum,
3571 569 3688 612 tau-

2092 663 2256 716 quam
2290 649 2480 716 judicii
2517 651 2811 714 arbitrum,
2865 666 3086 705 causam
3115 649 3317 705 deferri
3353 666 3366 703 :
3410 650 3688 720 simulque

2091 736 2357 790 amlmbus
2412 739 2476 790 ad
2528 740 2848 795 orientalem
2908 742 3117 811 plagam
3161 741 3472 799 conversis.
3518 733 3689 811 cwpi‘

2091 829 2343 897 lnlgidus.
2385 831 2474 885 ille
2529 832 2769 900 juvenis,
2819 850 2914 889 seu
2945 835 3202 906 angelus,
3239 834 3525 890 Dominum
3561 850 3687 904 pro-

2092 920 2265 988 posita
2293 937 2458 990 super
2487 939 2542 976 re
2571 925 2864 980 sollicitare
2887 927 3064 997 (niger
3090 927 3261 992 enim,
3291 927 3508 981 tametsi
3535 928 3688 997 prius

2094 1029 2197 1064 una
2235 1028 2358 1066 cum
2388 1016 2579 1085 angelo
2617 1019 2908 1086 respiceret
2934 1021 3224 1084 orientem,
3267 1029 3538 1074 averterat
3572 1029 3687 1074 sta-
3716 1088 3732 1094 _

2093 1105 2189 1157 tim
2249 1106 2670 1163 abominabiletu
2722 1110 2928 1164 vultum
2965 1126 3126 1166 suum
3170 1112 3236 1166 ad
3297 1112 3686 1183 occidentem),

2092 1203 2146 1248 et
2179 1197 2464 1257 confestim
2499 1199 2742 1256 insonuit
2773 1202 2839 1257 de
2877 1204 3020 1259 caelo
3066 1219 3171 1258 vos
3204 1205 3317 1258 haec
3351 1223 3364 1258 :
3405 1204 3515 1274 Ego
3555 1217 3687 1271 apo-

2093 1287 2248 1342 stolis
2263 1290 2396 1345 meis
2416 1290 2494 1345 ita
2511 1294 2739 1364 praecepi
2764 1312 2777 1348 :
2817 1313 2835 1347 ι
2867 1295 3111 1368 Accipite
3129 1297 3391 1366 Spiritum
3410 1305 3685 1360 sanetum,

2093 1397 2325 1451 quormu
2379 1387 2698 1442 remiseritis
2749 1401 2992 1458 peccata,
3044 1392 3391 1445 remittemur
3434 1388 3514 1442 eis
3543 1389 3626 1447 ¹³;
3661 1407 3679 1438 ι

2095 1475 2289 1529 iisdem
2324 1492 2452 1530 vero
2475 1479 2666 1533 amicis
2700 1480 2838 1535 meis
2896 1497 3001 1536 non
3030 1483 3111 1536 sic
3148 1481 3375 1552 praecepi
3408 1479 3688 1548 :Accipite

2096 1583 2289 1621 aurum
2325 1584 2420 1637 pro
2450 1581 2642 1624 sancto
2673 1570 2901 1642 Spiritu,
2927 1583 2978 1628 et
3012 1583 3142 1630 tunc
3173 1573 3429 1630 dimittite
3452 1572 3690 1627 homini-

2103 1659 2206 1713 bus
2253 1670 2473 1730 peccata
2524 1678 2622 1718 sua
2661 1682 2674 1718 :
2715 1665 2848 1719 nihil
2899 1666 3064 1735 igitur
3093 1666 3189 1721 tibi
3233 1666 3376 1736 juris
3408 1665 3460 1718 in
3494 1679 3685 1718 mona-

2101 1751 2262 1804 cluun
2313 1750 2462 1806 illum
2491 1763 2596 1808 est.
2631 1753 2738 1809 Illis
2797 1756 2997 1825 quippe
3028 1757 3186 1822 solis,
3222 1756 3328 1826 ,qui
3362 1755 3688 1808 miserentur

417 1831 691 1901 βασιλεία.
724 1835 941 1906 Ταύτης
977 1838 1075 1907 τῆς
1123 1839 1307 1909 ςωνῆς
1361 1815 1674 1909 γεγονυίας,
1722 1815 1996 1911 περιεχώέ

2101 1842 2353 1910 aliormn,
2408 1846 2622 1914 requies
2674 1857 2728 1901 et
2763 1848 3023 1904 habitatio
3063 1861 3249 1918 parata
3293 1856 3377 1904 est
3432 1849 3484 1903 in
3516 1862 3685 1917 regno

419 1943 591 1994 ρησεν
640 1930 668 1981 6
716 1930 947 1997 ἄγγελος
1016 1933 1226 2002 Κυρίου
1285 1933 1364 2004 τῷ
1407 1936 1742 2004 ὲζοφωμένῳ
1801 1934 1995 2003 ἐκείνῳ

417 2019 696 2089 πνεύματι
727 2023 792 2073 τὰ
829 2024 1148 2092 προτέλεια,
1192 2025 1287 2078 καὶ
1313 2026 1475 2088 αὐτὸς
1500 2026 1893 2096 προσκυνήσας
1916 2023 1997 2096 τῷ

416 2113 632 2183 Κυρίῳ,
656 2113 858 2174 ἄποθεν
882 2116 977 2169 τοῦ
1008 2117 1246 2190 μοναχοῦ
1267 2119 1588 2192 ἐπορεύετο,

487 2392 590 2464 ρθ’.
645 2394 816 2446 Τοῦτο
869 2393 1208 2465 θεασάμενος
1242 2399 1278 2455 6
1309 2396 1618 2468 Μακάριος.
1686 2397 1878 2468 ἐξέστη
1917 2401 1994 2472 τῷ

421 2487 695 2554 πνεύματι
715 2489 805 2538 καὶ
834 2487 1154 2557 ἱλιγγίασεν,
1169 2490 1248 2543 ὅτι
1267 2492 1293 2543 6
1312 2491 1546 2561 πονηρὸς
1569 2491 1654 2544 δαί
1663 2492 1995 2561 μωνέκεῖνος

420 2579 750 2648 ἀπογραφῆς
774 2579 867 2631 τὸν
899 2579 992 2632 τοῦ
1023 2581 1198 2648 φωτὸς
1225 2582 1456 2648 ἄγγελον
1483 2582 1694 2646 ἔπεισε,
1747 2585 1997 2657 καὶπρὸς

419 2669 612 2722 ἑαυτὸν
645 2672 1024 2740 ἀπεφθέγγετο
1055 2689 1070 2704 ·
1109 2675 1172 2725 Ὢ
1223 2677 1324 2745 τῆς
1369 2675 1464 2728 τοῦ
1501 2677 1700 2746 μιαροῦ
1734 2679 1998 2731 κακοϐου-

421 2758 540 2815 λὲας
577 2761 588 2810 !
634 2763 748 2822 τοῖς
796 2763 1089 2832 ἡμετέροις
1130 2763 1311 2827 ὅπλοις
1359 2763 1666 2836 βαλλόμεθα
1695 2783 1709 2798 ο
1758 2769 1849 2821 καὶ
1887 2769 1997 2839 γὰρ

421 2843 576 2914 οἶμος
611 2855 638 2904 6
664 2853 880 2922 λυμεὼν
911 2857 1005 2908 καὶ
1055 2855 1258 2927 λῃστὴς
1295 2856 1388 2909 καὶ
1441 2860 1689 2929 γραφεὺς
1729 2859 1998 2929 ἔμπειρός

419 2947 588 2997 ἐστιν.
643 2945 813 2998 Τοῦτο
863 2947 1054 3014 εἰπὼν,
1100 2951 1405 3019 προέλαϐεν
1440 2953 1495 3004 ἔν
1540 2969 1646 3005 τινι
1679 2954 1886 3024 ρυμίδι,
1928 2955 1996 3007 δι’

422 3030 491 3104 ἧς
546 3036 780 3106 ἤμελλεν
823 3040 852 3092 6
896 3039 1130 3110 μοναχδς
1182 3041 1520 3113 διέρχεσθαι,
1559 3044 1652 3096 καὶ
1709 3043 1998 3108 καθεσθεὶς

421 3133 601 3184 ἐκεῖσε
647 3132 808 3185 αὐτὸν
853 3133 1148 3203 ἐξεδέχετο.
1213 3137 1342 3189 Ὅτε
1388 3138 1485 3190 οὖν
1527 3137 1790 3190 ἐθεάσατο
1828 3136 1994 3192 αὐτὸν
2025 3161 2070 3219 c

427 3220 736 3289 μονώτατον
767 3224 1140 3294 διερχόμενον,
1176 3227 1346 3296 ἐχάρη
1370 3242 1386 3259 ο
1422 3227 1579 3280 τοῦτο
1607 3228 1717 3298 γὰρ
1757 3229 1997 3299 προσηὺρ

427 3317 557 3381 ξατο
582 3333 596 3347 ·
633 3316 726 3368 καὶ
753 3317 1015 3383 ἀναστάς,
1043 3316 1248 3388 ἤρξατο
1267 3318 1342 3382 ὡς
1365 3321 1445 3384 εἰς
1475 3320 1801 3391 συνάντησιν
1833 3322 1996 3376 αὑτοῦ

430 3409 784 3478 πορεύεσθαι.
818 3411 999 3477 Ἔγνω
1045 3407 1140 3464 οὖν
1183 3413 1211 3464 6
1265 3413 1534 3480 διάϐολος,
1570 3414 1626 3477 ὃς
1651 3415 1865 3485 εἰλήφει
1904 3415 1996 3470 τοῦ

433 3503 668 3572 μοναχοῦ
694 3505 763 3558 τὰ
792 3506 1112 3576 προτέλεια,
1141 3507 1332 3561 καθότι
1363 3509 1459 3561 ἐπὶ
1486 3512 1552 3580 τῇ
1584 3509 1874 3580 διορθώσει
1909 3511 2000 3564 αὺ-

423 3593 519 3645 τοῦ
556 3597 782 3662 ἀφίκετο
806 3599 833 3650 6
859 3599 1094 3664 Δίκαιος,
1119 3600 1211 3653 καὶ
1233 3598 1484 3670 θροηθεὶς
1511 3599 1712 3671 ἤρξατο
1733 3601 1958 3672 κράζειν
1979 3619 1996 3636 ο

430 3686 625 3752 Πάλιν,
695 3687 944 3758 Ἀνδρέα,
1000 3689 1124 3745 κατ’
1168 3690 1304 3760 ἐμοῦ
1358 3692 1564 3762 ἧκεις;
1616 3689 1727 3762 ἆρά
1773 3709 1836 3760 γε
1889 3692 2000 3761 ἐγὼ

427 3778 750 3848 ἐξενιζόμην
799 3778 964 3848 Ιόρῶν
1024 3797 1083 3834 σε
1144 3781 1295 3851 αὐτῷ
1345 3780 1728 3852 ἐντρανίζοντα
1786 3783 1899 3853 (56)
1930 3782 1995 3854 ];

426 3869 659 3939 Ἀδηλὸς
710 3888 800 3940 μοι
857 3871 1051 3936 ἑστὼς,
1086 3873 1410 3945 παρηκρόου
1463 3875 1562 3944 τῆς
1611 3873 1767 3943 δίκης
1809 3891 1934 3943 μου,
1965 3877 1998 3944 ἢ

426 3963 646 4024 πάντως
678 3978 730 4013 τι
760 3962 932 4014 δεινόν
961 3981 1051 4032 μοι
1079 3963 1408 4034 βουλόμενος
1443 3963 1780 4035 ἐργάσασθαι
1805 3981 1820 3995 ⁶
1843 3963 2000 4020 ἄπιθι

427 4053 537 4106 ἀπὸ
587 4053 697 4106 τῶν
746 4049 870 4117 ὧδε,
902 4056 993 4107 καὶ
1024 4055 1101 4126 μὴ
1135 4056 1462 4127 τυραννίσῃς
1497 4055 1696 4119 ἀδίκως
1722 4055 1955 4110 ἐνταῦθα
1983 4071 1997 4089 ⁸

425 4149 478 4200 τί
508 4151 618 4217 γάρ
666 4164 749 4200 σοι
783 4149 876 4200 καὶ
907 4148 984 4218 τῷ
1015 4149 1162 4220 ἁὸδᾷ
1190 4148 1395 4220 eodem;
1436 4149 1495 4200 οὐ
1541 4149 1648 4219 γάρ
1693 4148 2001 4220 προσφιλής

431 4243 514 4295 σοί
555 4244 727 4304 ἐστιν,
780 4241 896 4295 ἀλλ’
954 4242 1076 4295 οὐδὲ
1128 4242 1292 4312 μέχρι
1341 4243 1439 4312 τῆς
1472 4242 1600 4314 ἄρτι
1643 4242 1792 4312 ὧρας
1841 4241 2004 4294 αὐτὸν

429 4334 660 4401 ἐθεάσω,
713 4336 981 4404 συγγενής
1052 4351 1144 4387 σου
1186 4334 1286 4386 οὐκ
1335 4333 1474 4398 ἐστι,
1513 4332 1862 4396 διδασκαλίας
1909 4333 2005 4386 καὶ

431 4425 491 4476 οὐ
543 4425 766 4477 δέεται·
821 4425 977 4480 ἄπιθι
1028 4426 1208 4478 τοίνυν
1241 4424 1349 4479 ἀπὸ
1379 4426 1489 4482 τῶν
1522 4425 1730 4491 ἐνθάδε,
1783 4425 1877 4478 καὶ
1928 4422 2002 4493 μὴ

2101 1951 2242 1991 meo.
2312 1936 2410 1991 Ubi
2493 1939 2606 1994 hzcc
2677 1956 2779 1994 vox
2838 1941 3097 1997 insonare
3174 1943 3372 2008 desiit,
3418 1941 3581 1997 desiit
3631 1948 3686 1994 et

2095 2027 2321 2096 angelus
2378 2028 2591 2084 Domini
2655 2032 2982 2088 comendere
3047 2049 3169 2088 eum
3236 2035 3390 2104 nigro
3442 2033 3683 2103 spiritu,

2096 2119 2408 2190 primasque
2461 2123 2514 2177 in
2566 2125 2893 2179 monachum
2956 2127 3004 2180 ei
3068 2127 3267 2194 cessit;
3319 2137 3373 2181 et
3444 2126 3685 2181 exhibita

2099 2227 2223 2266 cum
2282 2215 2604 2270 adorationc
2668 2218 2968 2272 reverentia
3003 2218 3255 2286 Domino,
3317 2219 3503 2290 procul
3529 2219 3686 2273 abeo

2099 2305 2254 2360 abiit.

2181 2397 2590 2455 109.1ntererat
2623 2401 2748 2456 huic
2768 2403 3077 2473 spectaculo
3109 2404 3375 2468 Andreas,
3410 2419 3533 2460 cum
3562 2403 3686 2460 ani-

2099 2493 2172 2547 mi
2225 2493 2308 2546 sui
2367 2501 2592 2562 stupore
2642 2491 2872 2560 ingenti,
2927 2494 3074 2562 quod
3117 2496 3294 2549 malus
3341 2495 3430 2551 ille
3469 2494 3686 2551 daemon

2104 2583 2368 2638 adversus
2417 2584 2668 2652 angelum
2699 2583 2834 2638 lucis
2874 2599 3095 2640 causam
3126 2587 3452 2642 obtinuisset
3480 2605 3496 2655 ;
3529 2603 3685 2642 sese-

2101 2693 2206 2745 que
2255 2675 2729 2746 itaalloquebatur
2757 2676 2843 2732 :0
2867 2677 3117 2733 scelerati
3175 2678 3438 2734 damonis
3462 2695 3685 2748 perver-

2081 2764 2353 2820 sitatem!
2411 2765 2578 2819 armis
2609 2764 2677 2818 ab
2733 2766 2850 2835 ipso
2876 2768 3082 2824 nostris
3120 2784 3532 2840 expugnamur;
3571 2771 3687 2841 ipse

2101 2857 2246 2910 enim
2307 2857 2521 2926 generis
2573 2858 2746 2912 nostri
2811 2859 3102 2928 pernicies,
3144 2861 3258 2930 ipse
3315 2863 3451 2917 latro
3505 2872 3560 2918 et
3589 2880 3685 2919 va-

2105 2948 2186 3002 fer
2236 2947 2414 3003 scriba
2473 2958 2574 3005 est.
2633 2951 2759 3006 Haec
2800 2953 3038 3018 locutus,
3094 2954 3370 3022 praevertit
3421 2954 3487 3008 ad
3524 2955 3682 3026 angi~

2104 3053 2340 3113 portum,
2395 3059 2502 3113 qua
2552 3047 2820 3100 monacho
2877 3049 3272 3103 transeundum
3311 3057 3448 3113 erat,
3496 3047 3682 3102 cousi~

2103 3133 2343 3203 deusque
2369 3135 2710 3204 przestolatus
2737 3147 2819 3192 est
2849 3155 2864 3192 :
2889 3139 2979 3193 ubi
3012 3153 3136 3193 vero
3155 3139 3333 3193 solum
3375 3140 3504 3193 ‘sine
3532 3136 3682 3191 arbi-

2103 3225 2202 3280 tris
2254 3227 2558 3280 renientem
2611 3227 2916 3297 conspexit,
2951 3229 3042 3283 ubi
3065 3238 3372 3298 optaverat,
3414 3243 3521 3298 prae
3549 3243 3685 3298 gau-

2101 3317 2191 3372 dio
2239 3318 2325 3372 vix
2372 3334 2432 3374 se
2489 3320 2792 3386 continuit;
2834 3330 2885 3374 et
2905 3335 3266 3392 consurgens,
3294 3321 3346 3374 in
3386 3335 3680 3375 occursum

2103 3410 2224 3480 ejus
2285 3410 2506 3466 tendere
2570 3414 2758 3482 coepit.
2792 3411 2992 3467 Verum
3056 3413 3328 3477 diabolus,
3359 3412 3452 3482 qui
3481 3413 3534 3466 in
3562 3427 3684 3466 Ino-

2100 3505 2338 3560 uachum
2376 3507 2538 3561 modo
2572 3507 2776 3577 primas
2807 3506 3174 3577 acquisierat,
3227 3521 3559 3575 cognoscens
3586 3520 3683 3560 oc—

2101 3613 2321 3652 currere
2375 3598 2552 3652 virum
2613 3610 2884 3664 sauewm,
2917 3609 2990 3654 ut-
3022 3600 3367 3654 aberrantem
3397 3600 3450 3652 in
3481 3607 3682 3654 rectam

2103 3691 2244 3744 viam
2284 3691 2582 3753 reduceret,
2615 3691 2685 3749 ita
2716 3690 2882 3759 carpit
2906 3698 3290 3745 consternatus
3324 3689 3634 3746 exclamare
3665 3699 3682 3737 :

2103 3782 2324 3843 lterum,
2375 3780 2619 3847 Andrea,
2688 3781 2979 3838 adversum
3040 3798 3126 3836 me
3178 3781 3402 3850 prodis?
3466 3794 3538 3834 an
3575 3793 3684 3834 nou

2104 3872 2298 3926 merito
2348 3871 2619 3940 indignor,
2675 3887 2800 3926 cum
2831 3881 2885 3927 te
2923 3873 3197 3927 hominem
3245 3872 3389 3925 hunc
3421 3871 3686 3927 attentius

2103 3965 2558 4033 contemplantem
2617 3965 2823 4019 cerno?
2853 3965 3148 4032 Suspectus
3186 3965 3318 4020 mihi
3347 3980 3406 4018 es
3425 4001 3441 4027 ,
3467 3979 3534 4020 ne
3556 3979 3688 4018 sen-

2108 4058 2330 4120 tentiam
2362 4072 2462 4126 pro
2495 4072 2578 4111 me
2601 4057 2764 4116 latam
2793 4057 3144 4119 intervertas,
3188 4063 3283 4109 aut
3311 4056 3539 4111 omnino
3577 4055 3686 4110 ali-
3716 4094 3722 4100 .

2104 4149 2233 4218 quid
2299 4148 2430 4202 mihi
2486 4161 2649 4217 grave
2719 4145 2981 4206 moliaris.
3045 4145 3291 4203 Abscede
3357 4144 3686 4212 quantocius

2108 4240 2431 4311 hiuczquid
2495 4240 2639 4294 enim
2699 4239 2794 4293 tibi
2853 4237 3181 4294 cumisthoe
3229 4236 3538 4291 monacho?
3573 4251 3685 4290 non

2107 4332 2316 4387 amicus
2367 4332 2482 4397 tibi,
2537 4347 2643 4386 non
2701 4331 2878 4392 oculis
2930 4330 3037 4388 tuis
3089 4330 3238 4385 visus
3289 4338 3372 4384 est
3431 4329 3484 4384 in
3538 4329 3685 4384 hunc

2109 4439 2281 4493 usque
2333 4425 2501 4492 diem,
2557 4425 2704 4479 nullo
2749 4434 2806 4479 te
2860 4424 3125 4494 sanguine
3177 4422 3476 4493 contingit,
3532 4422 3680 4478 nulla

432 4517 632 4570 ἀδικῶν
668 4534 738 4587 με
788 4517 1158 4588 καθέστηκας.
1204 4517 1392 4572 Ταῦτα
1426 4517 1520 4572 τοῦ
1572 4516 1830 4579 ἀλαζόνος
1876 4514 1998 4584 φλυε

2106 4517 2312 4589 indiget
2355 4516 2711 4576 instructione
2743 4534 2757 4570 :
2787 4517 3143 4586 quamobrem
3187 4515 3418 4570 abscede
3448 4514 3596 4581 hinc,
3628 4526 3684 4570 et

431 4611 716 4682 σροῦντος,
744 4614 772 4664 6
810 4611 1098 4680 Μακάριος
1128 4610 1363 4674 ἐσιώπα,
1411 4609 1579 4681 μηδὲν
1633 4608 2003 4678 ἀποκρινόμε-

329 4689 348 4699 Ἧ
433 4720 543 4767 νος.
582 4702 669 4764 Ὠς
701 4702 757 4755 δέ
789 4702 1020 4772 πλησίον
1041 4702 1209 4755 αὐτοῦ
1261 4703 1289 4755 6
1330 4703 1564 4772 μοναχδς
1588 4700 1827 4767 ἐγένετο,
1856 4703 2008 4752 ἐκτε-

430 4792 594 4852 λέσας
639 4791 807 4862 εὐχὴν
845 4793 873 4844 6
903 4791 1092 4856 Ὀσιος
1133 4793 1272 4862 μετά
1307 4793 1583 4862 δακρύων,
1622 4793 1719 4844 καὶ
1753 4793 2008 4864 περιϐλε-

429 4884 671 4960 ψάμενος
693 4881 793 4936 ὧδε
817 4885 1062 4949 κάκεῖσε,
1091 4885 1184 4945 καί
1209 4902 1331 4939 τινα
1353 4886 1429 4954 μὴ
1454 4886 1615 4956 ὁρῶν,
1642 4886 1903 4956 κατέσχεν
1918 4887 2012 4940 τὸν,

435 4976 672 5046 μοναχὸν
724 4978 822 5047 τῆς
875 4976 1056 5044 δεξιᾶς
1108 4977 1292 5049 χειρὸς
1337 4977 1527 5044 αὐτοῦ,
1561 4979 1656 5031 καὶ
1714 4975 1820 5050 ἔφη
1869 4976 2008 5052 πρὸς

433 5071 615 5122 αὐτόν·

511 5254 598 5326 ρι’.
635 5254 836 5323 Δέομαί
883 5269 1000 5319 σου,
1034 5253 1260 5316 ἀνεκτὸς
1282 5253 1514 5306 ἄκουσόν
1545 5269 1647 5320 μου
1675 5249 1769 5304 τοῦ
1791 5252 2004 5304 οίκὲτου

438 5364 554 5406 σου.
574 5351 669 5400 καὶ⁹
689 5348 815 5415 ἱλεῳ
835 5347 1094 5416 προθέσει
1110 5361 1203 5399 σου
1220 5344 1449 5410 δέξαιτὰ
1465 5344 1662 5416 εὐτελῆ
1698 5362 1799 5416 μου
1825 5344 2006 5416 ῥήμα-

511 5504 555 5535 ”
580 5503 838 5568 Joansx,
866 5504 957 5571 “2'3,
1007 5505 1099 5560 23.

506 5643 618 5712 (35')
644 5645 787 5699 I.lcm
811 5645 1016 5715 adjicit,
1054 5643 1173 5698 ἐπεὶ
1198 5644 1258 5698 οὐ
1285 5645 1507 5699 δυνατὸν
1550 5644 1704 5713 οίσῃς
1744 5641 1861 5712 ἅμα
1881 5640 2002 5712 ἐμοὶ

440 5716 638 5852 ungat
670 5733 996 5842 Vatic.
1058 5787 1249 5842 καθότε
1311 5787 1414 5859 πρὸ
1477 5786 1572 5858 τῆς
1610 5787 2001 5858 νενομισμένης

2109 4609 2343 4679 iujurius
2411 4609 2546 4670 mihi
2601 4623 2731 4662 cave
2776 4609 2874 4662 sis.
2939 4605 3224 4660 Ellutionte
3272 4606 3400 4660 talia
3447 4607 3684 4677 superbo

2107 4707 2465 4764 ostentatore,
2522 4699 2786 4754 conticuit
2829 4699 3098 4772 Andreas,
3166 4697 3314 4752 nullo
3373 4699 3549 4768 ipsum
3598 4711 3686 4752 re-

2110 4807 2311 4861 sponso
2368 4790 2619 4863 dignatus
2652 4809 2666 4845 :
2701 4791 3024 4845 adveniente
3072 4799 3253 4844 autem
3291 4793 3513 4860 propius
3572 4787 3684 4843 mo-

2113 4883 2309 4946 nacho,
2369 4882 2669 4936 orationem
2725 4881 2791 4936 ad
2840 4880 3008 4935 Deum
3057 4881 3195 4936 fudit
3246 4897 3370 4937 cum
3404 4881 3682 4952 lacrymis,

2115 4983 2278 5044 atque
2307 4973 2412 5028 huc
2445 4973 2573 5028 illuc
2604 4973 3066 5042 circurnSpectaus
3087 4988 3150 5028 ac
3190 4974 3458 5027 neminem
3487 4972 3680 5039 depre-

2115 5067 2380 5131 hendens,
2430 5066 2660 5137 arripuit
2704 5067 2958 5122 monachi
3009 5067 3305 5132 dexteram,
3335 5074 3387 5120 et
3411 5065 3487 5120 sic
3535 5063 3682 5132 loqui

2113 5173 2342 5219 exorsus
2370 5170 2453 5214 ρει
2473 5176 2487 5213 ζ

2186 5252 2311 5305 HO.
2361 5249 2556 5317 Quzeso
2601 5261 2672 5318 te,
2720 5251 2983 5321 benignas
3018 5250 3148 5304 mihi
3189 5262 3346 5304 servo
3388 5256 3477 5301 tuo
3519 5262 3682 5302 aures

2113 5344 2324 5415 pra'be;
2360 5345 2652 5416 animoque
2676 5345 2913 5414 prOpitio
2939 5344 3098 5397 verba
3126 5356 3266 5407 mea,
3299 5339 3513 5394 tametsi
3539 5354 3674 5408 pm-

2111 5641 2260 5714 ὥρας
2286 5643 2476 5714 ἄδηλός
2506 5661 2586 5697 σοι
2618 5641 2809 5704 ἑστὼς,
2836 5639 3189 5714 ᾼπαρήκροουλ
3211 5638 3307 5714 τῆς
3351 5637 3502 5714 δίκης
3552 5656 3674 5706 μου,

2111 5708 2385 5784 ἧπάντως
2420 5732 2470 5768 τι
2499 5715 2670 5769 δεινόν
2703 5730 2788 5784 μοι
2823 5708 3147 5781 ϐουλόμενος
3176 5708 3531 5782 ἐργάσασθαι.
