4088 6216
397 264 506 319 759

1462 268 1880 327 NICEPHORI
1923 269 2398 329 PRESBYTER!
2442 264 2547 330 (ΣΡ.

3557 268 3661 329 76))

396 382 450 427 ct
496 372 549 427 in
609 385 831 444 egentes
874 377 1166 448 dispertior
1197 399 1210 432 :
1237 380 1329 434 sed
1360 390 1413 433 et
1448 378 1551 433 hoc
1614 380 1803 434 incidit
1836 381 1987 451 cogi-

2114 384 2188 435 ιαὶ
2232 384 2347 446 τοῖς
2400 382 2774 453 προσάγουσιν
2830 383 3071 453 ἔπρεπεν
3135 383 3435 453 ίδιοχείρως
3491 383 3665 437 ταῦτα

400 476 540 532 tare,
602 469 774 534 mihi,
838 480 1022 540 utpote
1068 471 1432 536 distributori,
1481 474 1829 540 mercedem,
1879 489 1983 529 non

401 569 581 614 autem
639 560 761 615 aliis
814 562 1191 619 distribuenda
1258 565 1664 621 conferentibus
1716 582 1983 621 manere:

404 653 551 707 unde
574 664 623 707 et
659 657 964 710 consultius
992 656 1155 714 fuerit
1174 659 1274 713 hos
1304 660 1451 729 ipsos
1479 676 1577 715 sua
1597 660 1713 716 suis
1735 661 1986 715 manibus

406 761 655 816 erogare.
716 748 791 801 Ita
851 759 996 803 recte
1062 765 1125 825 ac
1173 752 1279 819 pie,
1317 766 1414 806 nec
1463 767 1623 807 secus
1652 767 1815 821 quam
1860 753 1988 806 reli-

400 838 613 908 giosum
670 840 825 893 decet
868 841 1090 903 viventi,
1152 844 1303 897 adest
1350 859 1445 912 per
1491 845 1728 912 quietem
1791 846 1987 901 visibili

401 930 710 1001 ridentique
753 934 933 1002 specie
993 935 1230 992 famulus
1290 936 1382 991 Dei
1426 937 1705 1000 Andreas,
1744 938 1989 994 indicans

405 1022 639 1091 quodam
671 1024 722 1077 in
746 1040 938 1095 campo
969 1027 1218 1081 arborem
1276 1028 1680 1097 perpulchram,
1718 1028 1985 1094 ﬂoridam,

401 1116 668 1170 fructibus
712 1127 965 1173 onustam
1028 1120 1420 1189 sapidissimis,
1473 1130 1527 1175 et
1581 1122 1757 1177 dicit:
1794 1120 1989 1177 Multas

408 1206 685 1279 equidem,
749 1226 940 1280 magne
990 1209 1172 1275 Pater,
1226 1213 1429 1280 gratias
1478 1211 1609 1266 mihi
1637 1212 1821 1273 debes,
1844 1214 1987 1284 quod

405 1303 643 1357 animam
706 1310 855 1358 tuam
905 1304 1156 1359 arborem
1189 1302 1491 1375 ﬂorigeram
1542 1305 1733 1372 elIeci;
1782 1304 1865 1359 fac
1893 1306 1991 1375 igi-

413 1404 501 1448 tur
549 1410 650 1464 pro
692 1396 898 1450 viribus
925 1411 1145 1466 operam
1197 1398 1314 1463 des,
1350 1398 1474 1453 utbi
1504 1397 1667 1453 ﬂores
1697 1398 1750 1452 in
1783 1398 1992 1454 suavis-

407 1487 580 1541 simos
629 1488 858 1551 fructus,
919 1490 1063 1559 quod
1127 1499 1318 1560 potes,
1402 1500 1809 1545 convertantur.
1867 1489 1991 1546 Ηξεο

405 1578 575 1641 enim,
637 1596 948 1649 quamcum
1007 1582 1281 1651 voluptate
1310 1591 1523 1650 spectas
1576 1582 1758 1643 arbor,
1798 1582 1993 1637 anima:

406 1678 513 1724 tua;
565 1680 806 1737 statum,
858 1675 925 1727 ab
983 1673 1076 1728 illo
1133 1684 1397 1743 tempore,
1460 1688 1571 1743 quo
1616 1688 1703 1728 me
1754 1674 1988 1743 primum

2090 474 2293 544 νέμειν.
2354 474 2514 527 Οῦτω
2561 475 2738 537 καλῶς
2793 476 2886 527 καὶ
2940 474 3205 539 εὖσεόῶς,
3270 474 3403 529 καθὸ
3453 475 3667 545 πρέπον

2093 568 2351 636 μοναχοῖς
2401 566 2808 631 πολιτεύεσθαι,
2851 564 3278 635 πολιτευομένου
3313 564 3501 629 αὑτοῦ,
3540 566 3666 633 φαί⁶

2092 675 2242 714 νεται
2265 658 2419 728 αὐτῷ
2451 657 2575 712 καθ’
2606 658 2809 721 ὕπνους
2839 660 2867 711 6
2898 658 3085 721 δοῦλος
3111 658 3204 711 τοῦ
3236 657 3397 721 Θεοῦ,
3447 659 3669 728 μειδιῶν

2093 748 2172 818 τῷ
2198 748 2494 819 προσώπῳ,
2533 749 2630 802 καὶ
2681 749 2955 803 δείκνυσιν
2998 748 3147 819 αὐτῷ
3188 748 3403 816 δένδρον
3443 749 3670 820 φαιδρὸν

2090 843 2149 895 ἐν
2212 840 2426 893 πεδιάδι
2483 840 2592 893 τινὶ
2638 840 2979 911 ἀνθοφόρον,
3048 840 3258 912 πλῆρες
3312 841 3671 909 γλυκυτάτων

2091 935 2321 1005 καρπῶν
2375 935 2487 989 καὶ·
2528 933 2631 1006 ἔφη
2659 950 2672 965 ·
2707 935 2921 998 Πολλὰς
2967 952 3058 1004 μοι
3110 936 3344 1005 χάριτας
3391 934 3668 1006 ὀφείλεις,

2093 1028 2239 1097 Κύρι
2277 1029 2304 1079 ὁ
2335 1028 2531 1097 μέγας,
2559 1005 2643 1081 ὅτι
2680 1026 2962 1098 πεποίηκα
3001 1027 3103 1097 τὴν
3134 1026 3318 1098 ψυχήν
3380 1042 3474 1079 σου
3513 1005 3671 1081 ἀνθεί

2091 1121 2262 1189 φόρον
2316 1121 2520 1188 φυτόνο
2579 1120 2885 1173 σπούδασον
2946 1120 3037 1197 οὖν
3092 1121 3162 1173 τὰ
3211 1119 3350 1187 ἄνθη
3392 1118 3566 1173 ταῦτα
3592 1121 3674 1183 εἰς

2091 1213 2303 1285 καρπὸν
2361 1213 2699 1281 γλυκύτατον
2751 1214 3174 1283 μετατραπῆναι
3206 1214 3284 1276 ὡς
3319 1213 3547 1266 δύνασαι
3573 1228 3588 1243 ’
3612 1212 3673 1264 τὸ

2092 1304 2201 1373 γὰρ
2232 1303 2419 1373 φυτὸν,
2444 1304 2472 1355 ὃ
2494 1304 2628 1371 ὁρᾶς
2662 1305 2721 1357 ἐν
2767 1304 3116 1375 τερπνότητι,
3155 1305 3187 1376 ἠ
3222 1302 3323 1374 τῆς
3368 1302 3549 1373 ψυχῆς
3578 1319 3674 1356 σου

2097 1396 2337 1467 ὑπάρχει
2369 1395 2723 1460 κατάστασις,
2742 1397 2835 1467 ἀφ’
2866 1393 2931 1468 ἦς
2963 1399 3176 1467 ἡμέρας
3199 1391 3339 1461 εἶδες
3370 1415 3458 1469 με,
3493 1398 3585 1452 καὶ
3611 1397 3679 1453 τδ

2094 1489 2322 1558 χρυσίον
2378 1489 2675 1558 διένειμας.
2735 1490 3008 1555 Ἐξυπνος
3071 1490 3127 1542 δὲ
3181 1490 3522 1559 γενόμενος,
3583 1491 3679 1543 ἐπὶ

2094 1581 2280 1633 πλεῖον
2333 1581 2655 1652 ἐστηρίχθη,
2692 1582 2783 1634 ἐπὶ
2832 1582 2928 1653 τὴν
2978 1585 3362 1654 πνευματικὴν
3413 1583 3678 1654 ἐργασίαν

2094 1674 2443 1742 προκόπτων,
2477 1674 2569 1726 καὶ
2597 1674 2696 1743 τὴν
2726 1674 3080 1744 εὐχαριστίαν
3116 1674 3465 1747 καθεκάπην
3508 1690 3680 1744 προσ-

413 1762 599 1817 vidisti
641 1773 696 1817 et
730 1764 1014 1832 pecuniam
1072 1766 1335 1835 erogasti,
1368 1767 1543 1835 magis
1583 1767 1865 1837 magisque
1894 1767 1991 1822 ﬂo-

2114 1769 2260 1839 Ξφερε
2317 1768 2394 1840 τῷ
2430 1767 2550 1839 Θεῷ
2570 1769 2668 1821 καὶ
2690 1768 2767 1837 τῷ
2796 1768 3094 1837 θεράποντι
3133 1767 3325 1822 αὑτοῦ.

408 1865 618 1912 rentem
658 1866 1029 1925 representat.
1083 1857 1445 1927 Experrectus
1485 1861 1613 1917 hinc
1668 1862 1988 1927 monachus,
2028 1863 2325 1933 plurimum
2384 1864 2738 1917 conﬁrmatus
2796 1862 2847 1914 iu
2910 1861 3047 1916 bene
3099 1863 3315 1933 emptis,
3350 1863 3595 1934 quotidie
3623 1864 3678 1919 in

408 1953 605 2023 spiritu
642 1950 980 2021 proﬁciebat,
1007 1952 1320 2023 gratiasque
1340 1955 1686 2024 persolvebat
1715 1955 1827 2011 Deo
1857 1956 2087 2026 ejusque
2112 1958 2336 2012 famulo.

1843 2073 2072 2131 CAPUT
2108 2075 2227 2131 XV.

482 2190 602 2245 Duo
627 2187 834 2244 sodales
863 2187 1168 2260 Epipltanii,
1193 2190 1330 2245 alter
1367 2192 1427 2245 ob
1474 2190 1791 2317 hypocrisipnt
1810 2263 1822 2274 .
1844 2192 2137 2314 claui-gata:
2160 2192 2224 2246 ab
2250 2194 2484 2259 Andrea,
2523 2194 2658 2247 alter
2692 2192 2754 2245 ob
2790 2193 3025 2245 animum
3050 2191 3395 2245 libidinosum
3417 2190 3482 2245 ab
3501 2194 3611 2262 ipso

1748 2278 2020 2317 .mmamo
2063 2274 2358 2317 correptus.

1748 2278 2020 2332 ιριριιαηιο
2063 2278 2358 2335 correptus.

488 2382 613 2435 114.
668 2381 993 2437 Αόιιωτθὺοι
1053 2382 1395 2438 familiariter
1448 2385 1788 2455 Epiphanio,
1847 2386 2005 2456 Cujus

411 2474 737 2545 jampridem
792 2473 1162 2538 meminimus,
1201 2475 1520 2532 adolescens
1585 2477 1829 2547 quidam,
1859 2478 2000 2534 fama

421 2567 686 2621 virtutum
746 2565 865 2633 ejus
932 2565 1254 2621 excitatus:
1292 2582 1453 2637 quem
1507 2568 1616 2631 ille,
1672 2570 1747 2623 uti
1802 2569 2006 2624 multos

2179 2383 2300 2455 ριδ’.
2336 2384 2575 2451 Νεανίας
2597 2404 2684 2451 τις
2715 2388 3130 2459 προσεκολλήθη
3166 2387 3246 2460 τῷ
3276 2387 3599 2457 Ἐπιφανίῳ,
3624 2378 3687 2439 οὗ

2107 2477 2302 2548 πρώην
2353 2478 2732 2549 ἐμνήσθημεν,
2773 2478 2989 2533 ἀκούων
3026 2480 3125 2542 τὰς
3164 2481 3369 2550 ἀρετὰς
3414 2477 3581 2532 αὐτοῦ
3606 2493 3620 2508 ·
3658 2475 3686 2528 6

2104 2567 2162 2620 δὲ
2198 2568 2513 2636 Ἐπιφάνιος
2555 2568 2830 2623 ἐνουθέτει
2869 2569 3034 2623 αὐτὸν
3069 2569 3177 2623 ἀπὸ
3209 2570 3319 2623 τῶν
3359 2569 3519 2623 θείων
3548 2569 3587 2621 Γ
3592 2586 3687 2640 ρα-

422 2658 583 2721 alios,
634 2674 914 2713 sacrarum
970 2658 1300 2714 Litterarum
1352 2660 1579 2715 scientia
1622 2660 1911 2727 imbutum,
1952 2662 2007 2715 in

2114 2658 2242 2727 φῶν,
2278 2659 2352 2723 ὡς
2381 2661 2477 2714 καὶ
2513 2660 2709 2724 ἄλλους
2736 2660 2989 2724 πολλοὺς,
3014 2660 3339 2732 βουλόμενος
3368 2661 3533 2715 αῦτδν
3558 2678 3691 2729 στη-

425 2752 651 2807 salutari
687 2754 879 2808 timore
903 2751 997 2807 Dei
1035 2754 1366 2809 confirmare
1410 2754 1725 2811 nitebatur:
1758 2755 2009 2824 quamvis

2114 2750 2255 2820 ρίξαι
2289 2752 2371 2813 είς
2401 2751 2492 2804 τὸν
2526 2751 2691 2821 φόϐον
2722 2751 2819 2804 τοῦ
2860 2752 3000 2805 Θεοῦ
3029 2772 3044 2785 ·
3077 2754 3283 2816 ἐκεῖνος
3321 2752 3377 2806 δὲ
3424 2753 3483 2804 οὐ
3511 2752 3599 2805 διὰ
3629 2751 3691 2804 τὸ

424 2845 517 2900 ille
576 2862 682 2901 non
735 2862 795 2901 se
853 2846 1196 2914 adiunxisset
1250 2846 1594 2917 Epiphanio,
1642 2856 1701 2904 ut
1745 2849 2008 2902 virtutum

2114 2840 2348 2912 ζηλῶσαι
2372 2841 2464 2897 τοῦ
2485 2842 2671 2914 τιμίου
2703 2844 2892 2907 παιδὸς
2919 2844 3131 2898 ἐκείνου
3163 2845 3261 2915 τὴν
3287 2844 3488 2915 ἀρετὴν
3513 2845 3690 2912 τούτῳ

426 2937 998 3002 evaderetemulator,
1053 2938 1146 2993 sed
1180 2946 1241 2993 ut
1263 2938 1479 2993 inanem
1516 2940 1797 2994 hominum
1821 2949 2008 3011 capta-

2114 2934 2564 3006 προσεκολλήθη,
2627 2936 2768 2990 ἀλλά
2828 2936 2921 2990 τοῦ
2979 2936 3087 2991 τῶν
3144 2935 3452 3006 ἀνθρώπων
3500 2936 3688 2990 ’ἐνεκεν

427 3051 507 3094 ret
540 3040 774 3107 laudem,
802 3040 1140 3096 dicturorum
1188 3040 1254 3098 de
1286 3057 1365 3107 se,
1406 3041 1587 3111 qualia
1619 3042 1686 3096 de
1706 3002 2005 3111 Epiphanio

2114 3002 2359 3094 ἐπαίνου,
2408 3002 2521 3082 ἵνα⁷
2567 3029 2766 3097 λέγωσι
2826 3030 2919 3083 καὶ
2974 3032 3103 3100 περὶ
3170 3002 3361 3093 αὑτοῦ,
3420 3029 3566 3097 ἆπερ
3601 3030 3692 3082 διὰ

428 3133 717 3199 solebant,
785 3135 1056 3190 encomia.
1136 3135 1239 3203 Qui
1316 3145 1495 3190 autem
1573 3137 1636 3190 de
1709 3134 2008 3205 Epiphanio

433 3225 715 3280 hominum
746 3228 1067 3282 sermones?
1110 3226 1247 3281 Audi
1283 3243 1297 3279 :
1340 3226 1642 3297 explicabo.
1668 3225 2009 3279 Transeunte

430 3318 523 3373 illo
577 3334 674 3386 per
727 3319 961 3374 mediam
1003 3335 1146 3389 smpe
1204 3320 1431 3385 urbem,
1492 3328 1757 3389 quotquot
1810 3318 2008 3372 famam

434 3412 699 3465 virtutum
740 3410 861 3480 ejus
915 3420 1259 3480 acceperant,
1295 3412 1472 3466 indice
1501 3411 1553 3464 in
1587 3411 1763 3480 ipsum
1802 3410 2012 3465 intento

432 3514 803 3560 monstrantes
841 3501 1063 3567 :Ecee,
1115 3503 1470 3573 inquiebant,
1535 3518 1699 3573 quam
1754 3502 2013 3572 praeclare

437 3600 516 3653 illi
566 3600 873 3655 traducitur
910 3598 1299 3663 adolescentia,
1351 3595 1557 3652 deliciis
1581 3595 1770 3651 mundi
1806 3594 2010 3650 moveri

437 3691 660 3754 nescia,
743 3692 797 3746 in
876 3691 1068 3747 mediis
1144 3691 1360 3762 ignibus
1405 3689 1609 3754 illaesa,
1673 3688 2011 3757 voluptatum

441 3782 712 3839 illecebris
758 3798 870 3837 non
933 3791 1213 3853 corrupta.
1263 3784 1441 3853 Atque
1513 3780 1677 3836 etiam
1737 3780 2013 3835 communi

440 3874 686 3930 omnium
729 3890 825 3930 ore
854 3874 921 3930 de
953 3874 1073 3946 ipso
1098 3875 1418 3930 dicebatur:
1454 3872 1855 3930 Commercium
1889 3886 2014 3926 cum

440 3964 640 4020 femina
701 3981 979 4037 nunquam
1037 3965 1245 4033 habuit,
1278 3967 1369 4021 sed
1393 3976 1598 4020 castam
1646 3974 1808 4033 atque
1839 3963 2014 4019 incul-

440 4066 621 4129 patam
680 4059 844 4111 vitam
894 4066 1158 4129 perpetuo
1189 4056 1765 4129 transegit;jejuniis,
1816 4054 2017 4125 vigiliis

444 4152 806 4223 precibusque
881 4152 1163 4218 vacando;
1241 4151 1389 4205 omni
1464 4152 1725 4204 virtutum
1822 4163 2019 4219 genere

441 4247 680 4302 animam
757 4246 1108 4310 exornando,
1182 4259 1384 4314 corpus
1431 4258 1461 4296 a
1510 4243 1704 4314 quavis
1774 4240 2019 4307 nequitia

442 4340 712 4411 corporali
788 4340 1128 4394 abstinendo.
1181 4338 1404 4392 Talibus
1484 4336 1667 4406 itaque
1733 4335 2017 4390 hominum

2126 3117 2450 3187 Ἐπιφανίου
2494 3118 2732 3190 ὁρῶντες
2776 3119 3218 3189 ἐγκωμιάζοντες
3276 3120 3485 3187 ἔλεγον.
3527 3119 3592 3171 Τί
3631 3118 3691 3171 δέ

2115 3210 2337 3277 ἔλεγον;
2369 3212 2500 3281 ἐρῶ.
2555 3209 2825 3275 Πολλάκις
2874 3212 3228 3282 διερχομένου
3280 3211 3447 3265 αὐτοῦ
3501 3211 3693 3280 ἐπιμέο

2117 3317 2226 3363 aut;
2264 3301 2555 3362 ἀκούοντες
2581 3302 2823 3363 ἅπαντες
2851 3300 2951 3365 τὰς
2981 3301 3144 3354 αὐτοῦ
3177 3302 3402 3371 ἀρετὰς,
3432 3300 3696 3353 δακτυλο-

2116 3390 2455 3455 δεικτοῦντες
2502 3390 2689 3460 ἔλεγον
2717 3406 2733 3423 ο
2773 3390 2875 3444 Ἴδε
2938 3392 3068 3445 ποία
3116 3393 3306 3463 νεότης
3359 3390 3536 3461 ὡραία
3596 3392 3695 3443 καὶ

2118 3486 2520 3555 κατάτερπνος,
2561 3485 2727 3554 μέσον
2761 3483 2857 3538 τοῦ
2895 3484 3066 3554 πυρὸς
3099 3483 3450 3554 διερχομένη.
3488 3482 3583 3536 καὶ
3615 3480 3694 3551 μὴ

2119 3577 2410 3647 καιομένη.
2450 3576 2585 3649 μηδέ
2618 3576 2969 3648 βλαπτομένη
2998 3576 3107 3630 τῶν
3135 3576 3337 3648 ἡδονῶν
3372 3578 3486 3636 τοῖς
3523 3575 3696 3627 ὑπεκ-

2120 3670 2401 3742 καύμασιν
2436 3689 2449 3703 ·
2487 3671 2625 3742 φησι
2672 3671 2782 3742 γὰρ
2824 3670 3067 3735 ἅπαντες
3108 3670 3176 3724 δι’
3207 3669 3393 3733 αὐτὸν,
3442 3667 3592 3721 Καθό
3640 3685 3696 3721 τι

2121 3758 2233 3830 γὰρ
2273 3760 2497 3829 γυναικὶ
2546 3760 2644 3830 οὐχ
2685 3758 2937 3830 ὡμίλησέ
2993 3777 3146 3819 ποτε.
3188 3759 3307 3813 ἀλλ’
3364 3759 3531 3829 ἁγνὸς
3598 3759 3699 3810 καὶ

2122 3853 2414 3921 ἄμεμπτος
2464 3852 2558 3905 τὸν
2609 3852 2726 3921 βίον
2768 3851 2938 3904 αὑτοῦ
2984 3850 3355 3922 διεπορεύετο,
3393 3848 3699 3920 νηστείαις,

2122 3945 2478 4013 ἀγρυπνίαις.
2534 3944 2867 4014 προσευχαῖς
2896 3983 2910 4005 ,
2965 3943 3064 3997 καὶ
3125 3943 3342 4015 δεήσεσι
3397 3942 3697 4013 σχολάζων,

2124 4040 2220 4091 καὶ
2252 4038 2476 4109 ἀρεταῖς
2531 4037 2774 4099 ἁπάσαις
2816 4034 3095 4106 καθαίρων
3157 4036 3371 4099 ἑαυτὸν,
3430 4038 3523 4087 καὶ
3567 4034 3706 4086 ἀπο-

2126 4132 2354 4201 σμήχων
2380 4129 2489 4183 ἀπὸ
2537 4130 2720 4198 πάσης
2760 4127 2954 4198 ὑλικῆς
2986 4127 3309 4199 μοχθηρίας.
3354 4125 3541 4179 Ταῦτα
3588 4123 3704 4176 τῶν

2126 4222 2433 4293 ἀνθρώπων
2466 4222 2757 4291 λεγόντων,
2785 4221 2993 4275 τούτων
3013 4220 3198 4273 ἕνεκεν
3236 4217 3333 4272 τοῦ
3356 4214 3707 4290 προρρηθέν-

2125 4333 2220 4380 τος
2254 4315 2541 4369 νεανίσκου
2569 4315 2662 4368 τὸν
2687 4314 2841 4382 παρὰ
2870 4312 3175 4384 ἀνθρώπων
3217 4311 3437 4365 ἔπαινον
3467 4308 3709 4380 θηρᾶσαι

443 4432 710 4486 eucomiis
770 4440 999 4500 raptus,
1059 4445 1218 4500 quem
1266 4430 1417 4493 dixi,
1476 4429 1830 4489 adolescens,
1880 4429 2009 4496 quot

2127 4409 2466 4483 γλιχόμενος.
2496 4406 2915 4478 προσεκολλήθη
2939 4407 3017 4477 τῷ
3072 4404 3395 4474 Ἐπιφανίῳ.

446 4525 596 4593 paria
669 4523 770 4577 sibi
832 4524 1084 4577 ardenter
1135 4521 1563 4591 concupisceret,
1626 4520 1679 4573 in
1730 4516 2044 4611 Epiplianli.

450 4614 871 4669 familiaritatem
904 4628 1025 4669 sese
1059 4613 1455 4669 insinuaverat.

526 4706 652 4762 “3.
707 4707 921 4763 Accidit
954 4721 1082 4776 ergo
1114 4706 1430 4776 aliquando,
1479 4707 1847 4778 Epiphanium
1881 4705 2022 4759 dilu-

453 4799 575 4854 culo
600 4814 657 4855 se
684 4800 961 4868 proripere
988 4814 1017 4854 e
1067 4808 1259 4861 strato,
1297 4809 1353 4854 ut
1398 4799 1586 4854 laudes
1616 4800 1723 4855 Deo
1747 4799 2024 4870 persolve-

456 4901 541 4947 ret
569 4909 583 4945 :
610 4890 980 4963 proripuitque
1029 4907 1088 4950 se
1126 4893 1289 4946 etiam
1356 4892 1671 4948 adolescens
1715 4892 2023 4962 praedictus,

455 4997 510 5040 et
552 4999 658 5039 una
707 4984 957 5054 precibus
1001 4984 1285 5039 matutinis
1326 4984 1598 5039 vacabat:
1629 4998 1777 5045 cum,
1820 4982 1928 5037 Deo
1954 4983 2027 5036 ita

454 5081 799 5150 disponente,
829 5077 1017 5133 eodem
1048 5091 1266 5147 quoque
1303 5076 1520 5132 advenit
1543 5078 1733 5132 beatus
1760 5075 2027 5140 Andreas,

458 5186 885 5241 energumenum
915 5184 1102 5241 agens.
1134 5170 1304 5237 Quem
1347 5171 1438 5225 ubi
1469 5168 1750 5238 Conspexit
1792 5168 2024 5237 Epipha-

459 5261 605 5321 nius,
670 5260 740 5316 ob
795 5258 1155 5330 frequentiam
1220 5260 1405 5331 populi
1460 5258 1702 5323 veritus,
1751 5272 1818 5313 ne
1864 5258 2033 5327 ipsius

462 5354 653 5422 agendi
699 5354 892 5408 niodus
925 5356 1160 5422 cuipiam
1211 5354 1595 5415 innotescerel,
1623 5349 1829 5404 nullum
1861 5348 2035 5403 scusi-

467 5446 571 5500 bile
610 5445 866 5499 indicium
938 5446 1087 5508 fecit.
1115 5448 1205 5501 sed
1273 5446 1390 5499 solo
1414 5444 1607 5514 spiritu
1658 5441 2034 5496 advenientem

468 5537 742 5590 salutavit.
795 5538 1077 5608 Ingressus
1127 5548 1309 5593 autem
1339 5535 1605 5601 Andreas,
1643 5530 1944 5603 Epiphanio
1979 5545 2037 5585 sc

469 5626 756 5694 atljunxit;
813 5631 1071 5700 stetitque
1100 5632 1260 5701 longo
1292 5641 1551 5700 tempore,
1591 5626 1818 5682 verbum
1858 5622 2037 5695 profe-

471 5734 596 5776 rens
648 5719 891 5786 nullum,
945 5723 1135 5778 obtutu
1197 5724 1479 5783 duntaxat,
1537 5734 1710 5790 coque
1761 5728 1915 5774 torvo
1978 5729 2041 5771 ac

2200 4695 2320 4768 ριε’.
2337 4696 2425 4749 Ἑν
2460 4694 2559 4766 μιᾷ
2577 4692 2635 4747 δὲ
2664 4692 2773 4746 τῶν
2801 4690 3043 4763 ἡμερῶν,
3063 4691 3417 4761 όρθρίσαντος
3441 4688 3536 4742 τοῦ
3552 4688 3712 4742 Ἐπι-

2130 4791 2323 4859 φανίου
2346 4790 2425 4853 είς
2454 4788 2551 4857 τὴν
2578 4786 2669 4841 τοῦ
2688 4784 2826 4839 Θεοῦ
2856 4784 3188 4852 δοξολογίαν,
3216 4781 3526 4854 συνηγέρθη
3556 4783 3713 4850 αὐτῷ

2132 4883 2225 4936 καὶ
2253 4882 2283 4935 6
2322 4880 2511 4953 ῥηθεὶς
2533 4880 2772 4944 νεανίας,
2804 4880 2899 4932 καὶ
2927 4877 3024 4930 σὺν
3059 4876 3209 4946 αὑτῷ
3233 4876 3421 4929 ἵστατο
3444 4874 3663 4945 ψάλλων
3695 4892 3711 4906 ·

2134 4974 2316 5026 νεύσει
2344 4972 2402 5025 δὲ
2442 4972 2579 5025 Θεοῦ
2602 4972 2822 5042 ἔρχεται
2856 4971 3038 5024 ἐκεῖσε
3067 4972 3095 5023 6
3128 4968 3403 5040 μακάριος
3453 4968 3715 5035 ’Δνδρίας

2132 5068 2207 5129 ὡς
2238 5061 2317 5128 εἷς
2356 5063 2463 5118 τῶν
2494 5062 3071 5135 παρατετραμμένων.
3123 5059 3422 5132 Ἐωρακὼς
3448 5059 3505 5113 δὲ
3548 5059 3715 5112 αὑτὸν

2134 5159 2163 5209 6
2210 5158 2547 5225 Ἐπιφάνιος,
2596 5157 2685 5209 διὰ
2714 5157 2842 5219 τοὺς
2883 5153 3230 5226 ἀνθρώπους,
3278 5155 3427 5216 ὅπως
3464 5153 3541 5223 μὴ
3568 5168 3717 5219 γνωο

2138 5250 2331 5319 σθῆναι
2391 5247 2485 5301 τοῦ
2547 5249 2722 5303 Ὀσὶον
2779 5247 2878 5319 τὴν
2929 5249 3215 5319 ἐργασίαν,
3259 5248 3413 5301 οῦδὲν
3455 5246 3716 5316 αἰσθητὸν

2140 5342 2276 5413 πρὸς
2306 5340 2468 5395 αὑτὸν
2498 5340 2832 5408 ἐπεδείξατο,
2864 5340 3002 5395 ἀλλὰ
3034 5340 3309 5409 πνεύματι
3333 5339 3496 5392 αὐτὸν
3529 5339 3717 5409 ἡσπά-

2142 5452 2294 5488 σατο.
2344 5435 2435 5495 Ὠς
2483 5434 2575 5487 οῦν
2605 5433 2755 5487 ἔνδον
2781 5433 3029 5502 ἐγένετο,
3057 5431 3230 5486 ἐλθὼν
3257 5431 3485 5501 πλησίον
3520 5429 3717 5491 αὐτοῦ,

2141 5529 2272 5599 ἔστη
2320 5528 2413 5580 ἐπὶ
2462 5526 2662 5597 πολλὴν
2686 5526 2834 5596 ὥραν
2866 5526 3087 5579 σιωπῶν
3114 5544 3128 5558 ο
3165 5524 3376 5580 ἀπιδὼν
3402 5523 3461 5579 δὲ
3507 5525 3586 5584 είς
3614 5522 3718 5591 τὴν

2144 5621 2264 5690 θέμιν
2314 5619 2407 5674 τοῦ
2464 5620 2747 5673 νεανίσκου
2802 5620 3011 5673 ἐκείνου
3059 5617 3305 5690 βλοσυρῷ
3357 5618 3434 5687 τῷ
3476 5617 3716 5687 ὄμματι,

2141 5714 2354 5768 δίδωσιν
2385 5713 2530 5783 αὐτῷ
2571 5714 2784 5778 κόσσον,
2819 5712 2892 5775 ὠ,
2933 5711 3183 5781 ἠδύνατο,
3238 5711 3331 5765 καί
3376 5725 3507 5781 φησι
3576 5705 3717 5776 πρὸς
