4088 6216
420 338 511 400 761
1614 360 1792 419 VITA
1836 363 1895 421 S.
1941 363 2270 424 ΑΝῡῖὶΕβΕ
2313 366 2504 430 SALI‘.

3564 382 3669 445 762

416 451 573 502 αὐτόν
601 469 613 481 ·
664 455 958 525 Ἀπὸςτηθι
995 458 1087 511 τοῦ
1120 462 1328 525 παιδόςο
1364 464 1424 517 οῦ
1451 465 1559 535 γὰρ
1588 465 1639 520 εἶ
1664 470 1811 535 ἄξιος
1835 473 1993 526 ἑστά-

2096 492 2322 540 severo,
2385 479 2438 532 in
2505 480 2756 536 comitem
2817 484 2960 540 illius
3002 487 3218 554 deﬁxo,
3285 492 3372 546 eui
3424 501 3479 547 et
3522 496 3672 550 cola-

416 560 500 595 ναι
533 542 763 613 πλησίον
792 549 956 601 αὐτοῦ
994 566 1006 580 ·
1039 551 1171 605 διότι
1199 558 1383 621 κακῶς
1427 558 1699 628 κέχρηται
1750 566 1817 633 τῇ
1855 564 1992 633 ψαλ-

416 635 612 704 μῳδίᾳ.
648 637 1074 710 ἐξουθενημένον
1127 662 1187 699 σε
1218 651 1556 721 κεκτημένος
1583 654 1612 705 6
1638 654 1862 724 Κύριος.
1904 656 1991 719 Ὠς

416 726 504 780 οὖν
536 730 835 799 ἐρράπισεν
874 733 1037 786 αὐτὴν
1065 736 1093 788 6
1122 737 1361 803 Δίκαιος,
1395 744 1602 806 ἐκεῖνος
1648 747 1850 809 εὐθέως
1890 749 1993 816 ἐμ-

418 820 589 891 μανὴς
641 824 877 890 ἐγένετο,
931 828 1027 881 καὶ
1076 829 1305 902 ὥρμησε
1368 835 1463 888 τοῦ
1499 836 1797 907 δράξασθαι
1829 839 1991 892 αὐτὸν

320 952 341 971 ,
415 912 520 963 ἀπὸ
556 915 663 965 τῶν
692 917 897 985 τριχῶν
932 930 948 944 ⁸
988 919 1214 990 δραμὼν
1243 924 1354 977 δὲό
1404 927 1743 996 Ἐπιφάνιος,
1786 932 1992 984 ἐκώλυ-

412 1020 503 1096 σεν
519 1007 693 1096 Δαὺτὶν
721 1008 815 1062 τοῦ
849 1010 1269 1083 ἐγχειρήματος,
1291 1017 1663 1086 ὀνειδιστικῶς
1685 1024 1991 1096 ἐπιπλήξας

412 1093 571 1147 αὑτὸν
594 1098 687 1151 καὶ
714 1097 889 1167 λέγων
918 1116 932 1131 ·

482 1379 616 1443 ρις’.
639 1372 847 1444 Οὕτως,
871 1376 1033 1451 ἔξηχε
1070 1381 1159 1435 ἐπ’
1181 1384 1461 1456 ἀληθείας,
1488 1390 1693 1459 μεταξὺ
1720 1394 1815 1446 τοῦ
1841 1394 1989 1450 θείου

410 1466 571 1555 χοροῦ
594 1467 902 1537 ἱστάμενος,
922 1474 1145 1528 τοιαῦτα
1175 1478 1543 1550 ἐπεχείρησας
1564 1483 1988 1555 διαπράξασθαις

410 1552 596 1616 υῦτως
618 1558 1005 1626 ἀναγιώσκεις,
1023 1563 1103 1616 ὅτι
1132 1566 1349 1621 «Κακὸν
1370 1570 1490 1622 ἀντὶ
1518 1552 2015 1644 κακοῦ-μὴλάνταέ

410 1644 877 1716 ποδώσῃςςιοῦτω
902 1650 1048 1720 λέγει
1083 1656 1304 1727 Κύριος,
1334 1676 1353 1710 ι
1406 1659 1533 1714 Ἐάν
1566 1662 1650 1726 τίς
1695 1681 1754 1717 σε
1779 1666 1987 1740 ῥαπίσῃ

412 1738 494 1829 είς
525 1735 625 1807 τὴν
661 1739 843 1804 δεξιάν
876 1747 1124 1812 σιαγόνα,
1160 1749 1390 1819 στρέψον
1437 1753 1586 1825 αὐτῷ
1628 1755 1726 1808 καὶ
1767 1758 1865 1829 τὴν
1894 1735 1991 1813 ἄλζ

410 1826 510 1895 λην
544 1845 558 1892 ;
590 1848 608 1877 ι
649 1832 1007 1904 Αἰσχυνθήτω
1031 1839 1059 1889 6
1092 1840 1397 1909 κατάρατος
1446 1844 1679 1914 δαίμων,
1733 1849 1762 1900 6
1819 1826 1993 1906 ταῦτα

412 1920 756 2005 Δὐποόάλλων.
791 1925 857 1979 Τί
893 1926 1071 1995 λέγειν
1114 1931 1330 2001 ἔχουσιν
1358 1937 1405 1987 οἱ
1440 1936 1630 1991 ἐνθάδε
1687 1942 1990 2011 παρόντες;

408 2014 545 2083 Οὐχὶ
569 2017 866 2070 σκάνδαλον
896 2019 1153 2091 ὀφθῶμεν
1184 2025 1399 2089 αὑτοῖςς
1426 2029 1560 2100 Οὐχὶ
1591 2034 1619 2084 6
1653 2034 1854 2104 Κύριος
1890 2053 1993 2089 κα-

408 2107 637 2174 τηγορεῖ
657 2108 815 2177 ἡμῶν
849 2110 1056 2178 λέγων·
1093 2133 1109 2164 ι
1149 2116 1285 2169 Οὐαὶ
1313 2117 1392 2187 τῷ
1423 2121 1719 2194 ἀνθρώπῳ,
1740 2126 1807 2180 δι’
1842 2125 1902 2180 οῦ
1930 2129 1991 2181 τὸ

411 2199 711 2253 σκάνδαλον
730 2202 971 2269 γίνεταιῐ
1004 2223 1022 2255 ι
1045 2206 1109 2258 Ei
1137 2203 1230 2260 οὖν
1256 2207 1439 2277 βούλει
1460 2215 1579 2282 μετ’
1604 2218 1738 2285 ἐμοῦ
1764 2221 1993 2275 συνδυά-

412 2289 551 2386 ςειν,
584 2291 987 2386 ὲγὼᾏτοιοῦτόν
1028 2314 1087 2350 σε
1136 2296 1275 2353 εἶναι
1324 2303 1385 2354 οῦ
1419 2303 1681 2377 βούλομαι
1714 2327 1729 2342 ·
1758 2312 1854 2364 ἐὰν
1884 2314 1993 2386 γὰρ

413 2383 638 2457 ὁφείλῃς
676 2382 815 2438 εἶναι
869 2388 965 2440 σὺν
1011 2389 1158 2459 ἐμοὶ,
1213 2395 1435 2463 μακρὰν
1493 2400 1721 2452 σεαυτὸν
1763 2382 1992 2472 ποίησον

410 2474 614 2545 ἔριδος,
671 2476 861 2548 ὀργῆς,
918 2480 1135 2550 φθόνου,
1190 2489 1285 2537 καὶ
1340 2488 1509 2542 κακὸν
1547 2491 1668 2544 ἀντὶ
1715 2496 1883 2547 κακοῦ
1918 2496 1992 2566 μὴ

412 2568 648 2640 σπεύδῃς
679 2570 977 2625 ἀποδοῦναί
1009 2591 1118 2627 τινι
1151 2589 1166 2603 ’
1196 2576 1335 2631 ἀλλὰ
1367 2580 1570 2646 μᾶλλον
1598 2582 1749 2649 γίνου
1778 2586 1992 2653 πτωχὸς

409 2662 489 2732 τῷ
520 2665 818 2735 πνεύματι,
857 2669 951 2722 καὶ
977 2674 1443 2742 συντετριμμένος
1478 2677 1543 2746 τῇ
1586 2678 1803 2749 καρδίᾳ,
1861 2696 1994 2731 πεν-

413 2754 523 2806 (div
556 2757 649 2808 καὶ
678 2761 1098 2829 σκυθρωπάζων
1141 2764 1210 2816 τά
1245 2766 1473 2819 σεαυτοῦ
1523 2768 1992 2841 πλημμελήματα,

412 2851 587 2919 πρᾶος
614 2852 708 2904 καὶ
726 2853 1017 2923 φιλήσυχος
1043 2856 1458 2928 καθεσταμένος
1486 2861 1772 2929 πάντοθεν,
1799 2866 1891 2916 καὶ
1917 2864 1992 2934 μὴ

413 2941 780 3011 κλεπτόμενος
817 2946 921 2999 ὑπὸ
956 2947 1063 3000 τῶν
1090 2948 1372 3019 βλαϐερῶν
1406 2954 1501 3005 καί
1536 2955 1793 3026 πονηρῶν
1828 2973 1986 3028 κινη-

420 3034 608 3102 μάτων
635 3037 735 3105 τῆς
765 3039 1063 3110 ἁμαρτίας,
1095 3032 1154 3094 ιν
1193 3044 1501 3113 οίκτιρμοῖς
1535 3045 1856 3117 διαπρέπων
1897 3050 1993 3102 καὶ

412 3129 773 3199 χρηστότησι,
815 3132 909 3184 καὶ
962 3133 1414 3204 καλλωπισμένος
1441 3140 1508 3208 τῇ
1540 3140 1736 3211 γνώμῃ
1776 3140 1870 3193 καὶ
1916 3141 1993 3212 τῷ

414 3219 550 3285 ἔθει,
577 3223 670 3274 καὶ
699 3224 837 3284 ταῖς
852 3226 1078 3293 σεμναῖς
1110 3226 1209 3297 τῆς
1241 3230 1618 3301 πνευματικῆς
1645 3231 1847 3301 ἀρετῆς
1874 3232 1994 3285 δια-

415 3313 637 3363 θέσεσιν
674 3328 688 3343 ’
727 3312 945 3381 φεύγων
1001 3316 1286 3385 βλακείαν,
1326 3320 1524 3390 οἴησιν,
1563 3323 1990 3392 ὑπερηφάνειαν,

416 3402 872 3474 ῦψηλοφροσύνην
906 3422 922 3440 ⁸
982 3407 1323 3477 ἀπεχόμενος
1402 3412 1709 3480 φειδωλίας,
1758 3415 1995 3483 κνηπίας

416 3497 701 3565 πορνείας,
738 3498 976 3567 μοιχίας,
1000 3501 1392 3570 ἀνδρομανίας,
1426 3504 1723 3573 μαλακίας,
1766 3523 1997 3576 γαστρι-

418 3587 682 3656 μαργίας,
735 3591 832 3640 καὶ
862 3589 959 3655 τῆς
994 3591 1394 3664 βεόυθισμένης
1442 3598 1613 3666 μέθης
1640 3614 1654 3629 ·
1702 3598 1789 3651 διὰ
1822 3597 1994 3650 ταῦτα

424 3683 525 3751 γάρ
555 3682 853 3752 ἐπέρχεται
880 3685 912 3754 ὴ
940 3686 1080 3757 ὀργὴ
1111 3687 1206 3741 τοῦ
1242 3688 1381 3741 Θεοῦ
1411 3691 1502 3743 ἐπὶ
1526 3693 1655 3754 τοὺς
1694 3693 1843 3756 υἱοὺς
1892 3694 1993 3762 τῆς

415 3776 702 3839 ἀπειθείας
731 3777 863 3846 (59).
902 3778 964 3829 El
996 3779 1177 3835 τοίνυν
1200 3781 1381 3850 βούλει
1411 3785 1653 3835 συνεῖναί
1680 3801 1791 3853 μοι,
1815 3782 1994 3838 ’ταῦτα

415 3869 595 3921 πάντα
654 3869 913 3937 φύλαττε.
959 3872 1106 3924 Διότι
1149 3872 1210 3925 τὸ
1261 3875 1671 3944 παριστάμενον
1710 3875 1853 3942 λέγω
1889 3893 1992 3939 σοι,

415 3959 654 4028 πρόσεχε
683 3961 919 4032 σεαυτῷ,
961 3962 1050 4017 ἵνα
1101 3965 1176 4035 μὴ
1212 3965 1449 4036 μολύνῃς
1496 3982 1588 4017 σου
1629 3965 1728 4037 τὴν
1769 3966 1996 4036 νεότητα

416 4052 702 4121 πορνείαις
734 4056 967 4118 καὶτοῖς
1015 4057 1411 4127 γαργαλισμοῖς
1458 4059 1554 4127 τῆς
1598 4059 1862 4125 ἀσωτίας,
1901 4059 1996 4131 [ἐν

417 4145 645 4215 οὐδεμιᾷ
681 4147 790 4217 γάρ
823 4147 958 4218 ἄλλῃ
988 4149 1244 4202 τοσοῦτον
1270 4152 1450 4220 χαίρει
1485 4153 1512 4204 6
1539 4151 1778 4213 Σατανᾶ,
1818 4152 1997 4224 ἁμαρ-

417 4237 530 4306 τίξ,
566 4239 687 4291 ὅσον
718 4240 775 4292 ὲν
805 4241 978 4311 ταύτῃ
1040 4243 1135 4295 καὶ
1173 4244 1311 4303 ταῖς
1334 4243 1549 4312 ὁμοίαις
1582 4242 1763 4311 αὐτῆς
1806 4242 1919 4314 (40)

433 4330 567 4383 Ὶδοῦ
608 4331 789 4385 τοίνυν
822 4334 941 4397 νέος
971 4328 1042 4399 εἶ,
1072 4335 1215 4403 φίλε,
1249 4336 1344 4388 καὶ
1376 4337 1553 4404 μέγας
1597 4353 1679 4389 σοι
1712 4335 1863 4404 ἁγὼν
1899 4354 1999 4389 κα-

2096 568 2285 636 plmm,
2344 581 2544 640 quanta
2613 574 2786 643 potuit
2836 578 3113 646 violentia,
3182 581 3672 651 impingens:Re-

2095 662 2245 725 cede,
2300 662 2496 732 inquit,
2552 666 2620 720 al)
2673 668 2848 725 isthoc
2905 671 3273 737 adolescente,
3313 686 3498 745 utpote
3530 679 3671 735 indi-

2093 768 2231 822 gnus
2289 756 2551 812 societate
2611 759 2794 827 illius;
2830 764 2972 832 quod
3013 765 3157 820 enim
3203 766 3406 823 abusus
3436 770 3511 824 sis
3558 772 3675 825 lau-

2092 845 2218 898 dum
2282 847 2591 903 divinarum
2640 853 2873 923 hymnis,
2937 857 3197 914 Dominus
3230 869 3280 915 te
3304 877 3407 931 pro
3440 866 3673 931 reprobo

2092 936 2274 991 habet.
2342 941 2408 992 At
2443 941 2553 1007 ille,
2586 944 2654 997 oh
2714 945 2976 1002 inﬂictum
3014 951 3301 1020 colaphum
3334 954 3383 1007 iu
3430 953 3670 1010 furerent

2094 1044 2305 1093 versus,
2368 1030 2527 1087 irruit
2582 1034 2633 1088 in
2690 1037 2865 1091 virum
2903 1052 3175 1110 sanetum,
3235 1060 3430 1101 manus
3460 1049 3673 1114 capillis

2090 1122 2392 1191 iniecturus
2422 1140 2436 1179 :
2466 1128 2557 1181 sed
2606 1131 2880 1187 curriculo
2910 1134 3275 1193 interveniens
3317 1139 3673 1208 Epiphanius,

2095 1212 2310 1313 laciniis
2339 1218 2690 1286 praepedivit;
2717 1223 3045 1294 acribusque
3066 1227 3466 1284 adolescentem
3494 1233 3673 1288 verbis

2093 1317 2384 1374 Increpans
2416 1326 2429 1363 :

2173 1398 2297 1453 116.
2360 1401 2530 1466 ltane,
2589 1403 2781 1472 inquit,
2837 1408 3035 1463 mentis
3087 1409 3243 1480 inops
3277 1426 3342 1466 ac
3391 1413 3675 1471 verissime

2094 1492 2276 1548 stultis
2331 1497 2761 1559 annumerande,
2788 1498 2840 1551 iu
2868 1498 3055 1554 divino
3091 1501 3192 1557 hoc
3241 1514 3382 1558 emtu
3414 1506 3517 1559 tale
3545 1507 3679 1562 faci-

2095 1600 2197 1639 nus
2230 1583 2430 1640 audere
2461 1588 2975 1655 praesumasHtane
3028 1592 3163 1663 legis
3202 1610 3215 1646 :
3258 1612 3276 1645 ι
3321 1594 3437 1650 Noli
3466 1598 3669 1653 malum

2094 1692 2192 1747 pro
2242 1676 2382 1732 malo
2432 1677 2660 1734 reddere
2694 1681 2776 1734 “‘3
2840 1700 2858 1732 ›
2916 1683 3066 1738 Itane
3101 1684 3342 1755 loquitur
3364 1686 3674 1746 Dominus:

2024 1765 2064 1819 Β
2099 1788 2117 1821 ι
2165 1769 2222 1824 Si
2266 1770 2391 1841 quis
2454 1779 2502 1825 te
2545 1774 2874 1841 percusserit
2930 1775 2983 1829 in
3032 1777 3310 1833 dexteram
3372 1782 3675 1850 maxillam,

2094 1862 2274 1930 praabe
2323 1861 2397 1916 illi
2449 1868 2502 1916 et
2557 1862 2780 1917 alteram
2816 1865 2859 1897 "
2892 1865 2915 1919 ?
2952 1884 2970 1918 ι
3006 1867 3140 1937 Age,
3184 1868 3678 1925 conluudaturim-

2096 1954 2307 2023 pudens
2350 1954 2412 2007 et
2446 1953 2764 2010 maledictus
2786 1954 3023 2024 daemon,
3082 1961 3174 2028 qui
3211 1960 3306 2015 tibi
3336 1961 3461 2015 talia
3482 1978 3679 2032 sugge-

2096 2046 2187 2099 rit.
2218 2044 2481 2111 Qualiter,
2505 2062 2712 2115 quaeso,
2742 2046 3035 2117 loquentur
3052 2058 3315 2120 quotquot
3336 2052 3422 2106 hic
3442 2053 3681 2108 adsunt?

2093 2133 2285 2191 Nonne
2340 2137 2596 2192 seandalo
2652 2138 2784 2200 ipsis
2830 2141 3037 2196 erimus
3068 2142 3091 2195 ’ί
3122 2139 3312 2197 Nonne
3362 2145 3540 2214 arguit
3576 2160 3678 2199 nos

2096 2226 2385 2293 Dominus,
2422 2243 2544 2282 cum
2574 2230 2651 2283 ait
2681 2245 2695 2282 :
2740 2245 2758 2279 ι
2807 2227 2893 2282 Va:
2923 2230 3131 2286 homini
3165 2248 3258 2302 per
3307 2250 3469 2303 quem
3519 2250 3679 2288 scau-

2094 2318 2278 2372 dalum
2309 2320 2458 2373 venit
2488 2319 2571 2373 “l
2611 2339 2629 2372 ι
2673 2319 2729 2375 Si
2756 2336 2873 2376 mea
2906 2321 3076 2392 igitur
3119 2322 3225 2378 frui
3263 2325 3419 2394 cupis
3447 2324 3680 2380 familiae

2094 2411 2276 2475 ritate,
2335 2411 2532 2465 talibus
2589 2421 2639 2466 te
2684 2427 2807 2467 esse
2841 2413 3089 2469 moribus
3117 2430 3213 2484 per
3241 2431 3326 2469 me
3369 2431 3475 2471 non
3503 2416 3629 2470 licet
3660 2433 3672 2467 :

2096 2516 2280 2553 verum
2339 2503 2514 2555 danda
2571 2517 2734 2572 opera
2775 2512 2877 2566 est,
2911 2513 3023 2559 uta
3055 2506 3426 2569 contentione,
3471 2507 3540 2560 ah
3566 2508 3677 2560 ira-

2095 2594 2314 2657 cundia,
2375 2595 2444 2647 ab
2500 2594 2701 2649 invidia
2737 2612 2899 2665 quam
2937 2599 3305 2652 alienissimus
3334 2598 3432 2659 sis,
3467 2608 3527 2652 ut
3578 2614 3675 2665 pro

2095 2685 2238 2738 malo
2267 2701 2372 2739 non
2400 2686 2613 2742 coneris
2646 2688 2846 2742 malum
2879 2690 3181 2745 retribuere
3220 2689 3478 2759 cuipiam.
3532 2688 3674 2756 Quin

2095 2779 2258 2832 etiam
2320 2779 2403 2834 l'ac
2458 2795 2665 2850 pauper
2721 2781 2916 2850 spiritu
2948 2781 3044 2835 tias
3077 2789 3131 2836 et
3156 2782 3319 2837 corde
3368 2782 3676 2846 contritus;

2095 2868 2231 2923 delle
2255 2880 2475 2940 peccata
2508 2881 2638 2937 tua;
2671 2874 3145 2928 mansuetudinem
3182 2884 3234 2928 et
3282 2873 3517 2942 quietem
3550 2873 3673 2927 ubi-

2096 2979 2202 3034 que
2262 2980 2406 3030 ama,
2473 2964 2638 3019 nullis
2684 2964 2939 3019 vitiorum
2976 2967 3157 3033 pravis
3204 2966 3519 3034 uocivisquc
3548 2965 3680 3018 allen

2097 3056 2369 3110 ctiouibus
2384 3064 2591 3121 motus;
2619 3066 2813 3126 praesta
2834 3056 3167 3127 benignitate
3192 3072 3257 3111 ac
3283 3056 3677 3121 misericordia;

2098 3149 2365 3203 contende
2434 3159 2493 3202 ut
2556 3149 2782 3203 scientia
2836 3149 3038 3218 pariter
3062 3157 3116 3202 et
3167 3148 3397 3218 egregiis
3431 3148 3675 3202 moribus

2094 3256 2306 3295 necnon
2360 3240 2627 3308 Spirituali
2672 3256 2798 3311 erga
2864 3241 3116 3294 virtutem
3162 3241 3353 3294 aﬂ‘ectu
3400 3241 3674 3306 excellas;

2096 3333 2379 3386 mollitiem
2428 3348 2492 3387 ac
2520 3333 2688 3386 animi
2724 3331 3014 3387 elationem
3047 3333 3468 3401 superbiamque
3508 3332 3674 3402 fuge;

2100 3441 2265 3495 supra
2323 3426 2461 3479 alios
2508 3443 2578 3479 ne
2611 3427 2836 3494 sapias;
2876 3441 3074 3495 parens
3116 3425 3342 3478 nimium
3372 3439 3678 3492 avarusque

2094 3520 2205 3574 noli
2261 3535 2426 3579 esse:
2476 3520 2888 3584 fornitationcs,
2920 3519 3208 3583 adulteria,
3251 3520 3503 3571 insanum
3559 3531 3679 3570 ma-

2095 3613 2371 3667 sculorum
2422 3628 2687 3675 amorem,
2749 3612 2954 3694 gulam,
3002 3626 3230 3681 qumque
3292 3609 3567 3663 hominem
3622 3609 3674 3662 in

2097 3705 2352 3759 vitiorum
2380 3705 2621 3756 omnium
2651 3703 2961 3772 voraginem
3001 3702 3323 3772 praecipitat,
3357 3701 3675 3755 ebrietatem

2096 3795 2298 3862 devita,
2364 3805 2647 3864 pr0pterea
2699 3796 2841 3849 enim
2899 3799 3045 3849 venit
3078 3797 3155 3849 ira
3194 3793 3286 3849 Dei
3345 3775 3509 3864 super
3538 3792 3677 3847 lilios

2101 3888 2431 3944 dillidentize.
2492 3886 2617 3941 Ilaec
2648 3888 2853 3951 omnia,
2890 3887 2936 3940 si
2991 3903 3074 3941 mc
3108 3887 3201 3940 tibi
3231 3886 3549 3939 familiarem
3580 3900 3675 3938 ους

2098 3982 2205 4051 pis,
2236 3980 2422 4035 sedulo
2448 3980 2684 4032 cavenda
2711 3987 2858 4032 sunt.
2886 3977 3228 4047 Quapmpter
3257 3977 3398 4047 quod
3430 3992 3459 4031 e
3496 3993 3551 4031 re
3584 3983 3676 4030 tua

2099 4084 2202 4139 est,
2266 4086 2482 4135 moneo,
2546 4070 2640 4123 tibi
2666 4078 2724 4123 ut
2778 4071 3054 4133 consulas,
3093 4086 3192 4122 nec
3220 4068 3678 4123 foruieationibus

2097 4178 2191 4221 aut
2217 4164 2572 4233 cupiditatum
2600 4160 3022 4224 titillationibus,
3081 4158 3502 4213 adolescentiam
3532 4171 3676 4211 tuam

2102 4257 2486 4317 commacules,
2526 4253 2671 4307 nullo
2724 4268 2959 4320 namque,
3011 4251 3119 4304 alio
3184 4266 3252 4302 ex
3302 4259 3522 4318 peccato
3557 4256 3681 4301 tan-

2100 4361 2210 4405 tam
2270 4348 2501 4405 Satanas
2549 4348 2878 4415 voluptatem
2910 4344 3073 4412 capit,
3100 4350 3366 4412 quantum
3395 4356 3460 4395 ex
3488 4342 3589 4393 hoc
3621 4345 3679 4391 et

421 4420 653 4493 θέστηκε
715 4425 849 4492 πρὸς
874 4426 1001 4489 τοὺς
1039 4430 1314 4495 τέσσαρας
1347 4428 1643 4498 δράκοντας
1683 4428 1785 4498 τῆς
1817 4430 1993 4500 ἀμαρ-

2103 4443 2266 4513 hujus
2310 4440 2602 4496 similibus.
2642 4437 2780 4493 Ecce
2821 4437 2873 4492 in
2915 4436 3093 4507 primo
3117 4436 3291 4489 aetatis
3324 4434 3456 4487 ﬂore
3486 4446 3677 4487 versa-

419 4514 542 4575 τίας
570 4529 583 4542 ⁸
612 4514 708 4566 καὶ
756 4515 805 4565 εί
859 4516 1039 4585 βούλει
1086 4516 1253 4582 ὀξέως
1318 4519 1524 4572 τούτων
1589 4520 1994 4588 περιγενέσθαι,

427 4607 717 4677 σιῖντριψον
752 4610 841 4662 τὸν
875 4608 1134 4679 βραχίονα
1182 4608 1276 4662 τοῦ
1309 4611 1547 4680 χαλεποῦ
1577 4628 1672 4664 σου
1706 4612 1995 4682 φρονήμα-

425 4719 515 4764 τος
540 4705 634 4755 καὶ
658 4707 755 4774 τῆς
790 4706 1188 4773 φιλυπαυχένου
1224 4707 1495 4774 νεότητος,
1516 4707 1610 4757 καὶ
1629 4703 1998 4775 ταπεινώθητι

426 4795 685 4848 ὑποκάτω
717 4797 823 4849 τῶν
854 4798 949 4850 τοῦ
985 4798 1240 4866 Σωτῆρος
1279 4796 1439 4865 ίχνῶν
1473 4812 1487 4827 ο
1534 4797 1683 4857 ὅπως
1714 4797 1875 4859 αὐτὸς
1898 4798 1996 4849 άν-

420 4892 809 4955 ταγωνισάμεν
843 4908 869 4954 ς
921 4890 1063 4958 ὑπὲρ
1100 4889 1217 4954 σοῦ,
1248 4892 1447 4959 νικήσῃ
1503 4891 1595 4942 τὸν
1668 4889 1993 4958 φιλόσαρκον

424 4998 517 5034 και
539 4981 902 5051 φιλοπόλεμον
932 4980 1183 5052 δαίμονα,
1211 4982 1303 5035 καί
1330 4999 1411 5034 σοι
1442 4981 1540 5053 τὴν
1572 4982 1727 5053 νίκην
1769 4982 2002 5053 ἐπιγρά-

422 5074 613 5142 ψηται.
643 5074 843 5143 Κύριος
890 5074 999 5143 γὰρ
1034 5074 1411 5146 ὑπερηφάνοις
1461 5076 1867 5142 ἀντιτάσσεται,
1899 5095 1996 5132 τα-

424 5167 627 5227 πεινοῖς
669 5164 727 5218 δὲ
757 5166 939 5220 δίδωσι
971 5166 1151 5236 χάριν.

508 5523 597 5577 ιιι
628 5527 767 5583 Petr.
805 5526 981 5593 tu,-9.
1046 5527 1089 5558 ³⁸
1126 5523 1315 5589 Matth,
1350 5541 1402 5590 v,
1435 5523 1522 5579 2’9.

509 5694 623 5763 (39)
652 5696 751 5750 Ms.
785 5696 953 5750 Vatie.
975 5695 1041 5748 τά
1059 5694 1284 5749 τοιαῦτα
1311 5672 1670 5763 πράσσοντας.

507 5762 620 5835 (40)
650 5766 773 5822 llzcc
812 5770 880 5821 ita
917 5768 1227 5836 legebantur
1261 5766 1311 5820 in
1348 5762 1445 5820 ius.
1482 5762 1650 5818 V'atic.
1678 5765 1997 5834 depravata:

1599 5525 1641 5557 ¹⁶
1674 5523 1809 5579 Luc.
1844 5540 2006 5589 xvtu,
2039 5524 2092 5578 7.

2094 4540 2193 4604 ris,
2233 4553 2267 4592 ο
2324 4537 2522 4599 amice,
2585 4544 2638 4589 et
2674 4533 3038 4605 periculosum
3097 4530 3190 4586 tibi
3239 4530 3501 4584 adversus
3538 4544 3677 4597 qua-

2095 4641 2218 4687 tuor
2267 4630 2561 4696 dracones,
2630 4638 2974 4699 peccatorum
3030 4628 3359 4690 incentores,
3392 4632 3676 4691 certamen

2092 4732 2342 4794 paratum
2394 4730 2513 4787 est,
2542 4721 2742 4791 quibus
2776 4720 2822 4774 si
2873 4718 3124 4788 superior
3178 4716 3407 4771 evadere
3447 4715 3677 4784 expetis,

2093 4816 2351 4874 ferocitas
2385 4814 2476 4868 illa
2527 4814 2726 4882 ingenii
2756 4811 2831 4864 tui
2868 4810 2964 4865 tibi
3025 4808 3381 4873 refrenanda,
3422 4816 3475 4862 et
3514 4807 3679 4861 robur

2103 4909 2381 4963 indomita:
2433 4905 2735 4977 iuventutis
2811 4901 3201 4955 eonterendutn
3269 4908 3384 4965 est,
3465 4912 3675 4951 necnon

2102 4998 2350 5068 vestigiis
2385 4994 2682 5051 Salvatoris
2729 4993 2899 5046 nostri
2932 5008 3053 5046 cum
3087 4991 3393 5045 humilitate
3420 4988 3679 5043 insisten-

2102 5096 2233 5145 dum
2268 5097 2369 5143 :ut
2422 5102 2523 5157 pro
2578 5095 2627 5140 te
2684 5086 2800 5154 ipse
2847 5085 3154 5147 decertans,
3208 5083 3401 5153 spiritu
3437 5078 3679 5134 libidinis

2102 5180 2338 5250 bellique
2390 5187 2609 5231 amante
2644 5172 2946 5242 proﬂigato,
2978 5172 3071 5227 tibi
3099 5172 3379 5227 victoriam
3404 5177 3677 5237 _reportet.

2103 5274 2368 5328 Dominus
2398 5273 2598 5342 quippe
2633 5266 2885 5337 superbis
2910 5266 3136 5329 resistit,
3170 5263 3463 5319 humilibus
3493 5268 3671 5314 autent

2102 5368 2197 5423 dat
2231 5366 2455 5435 gratiam
2503 5364 2564 5417 ".

2176 5525 2217 5555 "
2252 5524 2369 5579 .lac.
2392 5537 2442 5577 tv
2470 5560 2483 5581 ,
2522 5520 2575 5573 6.

2117 5690 2189 5752 ὡς
2214 5687 2362 5741 οὐδὲν
2393 5685 2569 5757 χαίρει
2592 5687 2625 5757 76
2652 5685 2893 5748 Σατανᾶς
2921 5680 3209 5753 ἁμαρτίαν,
3232 5682 3354 5734 ὅσον
3383 5679 3553 5752 ταύτῃ
3587 5678 3679 5733 καὶ

2112 5762 2224 5822 ταῖς
2250 5758 2458 5825 ὁμοίαις
2484 5756 2667 5825 αὐτῆς.
