4088 6216
398 261 506 322 763

398 471 518 518 tum
587 477 670 522 est
718 487 746 521 a
797 471 940 525 maio
969 472 1213 527 daemone
1243 489 1338 527 cor
1378 471 1768 534 adulescentis,
1809 484 1982 538 usque

399 559 538 612 adeo
571 571 628 613 ut
661 562 940 630 agerrime
966 562 1274 617 hortantem
1305 565 1507 627 tulerit,
1570 571 1983 631 prostratusqne

395 653 798 719 quodammodo
834 663 883 706 et
909 666 1133 708 moestus
1156 655 1373 718 abierit,
1400 657 1472 708 ita
1510 656 1769 724 loquens:
1802 652 1986 718 Quan-

393 743 466 795 do
517 743 679 812 igitur
729 744 871 805 licet,
938 745 1123 798 mundi
1169 757 1252 798 me
1315 745 1523 799 deliciis
1576 745 1754 803 dabo.
1785 741 1983 795 deinde

402 833 493 887 ubi
542 835 720 887 visum
787 835 969 900 fuerit,
1007 835 1080 889 illi
1109 838 1360 889 nuntium
1391 837 1748 890 remiSSurus.
1794 832 1984 900 Neque

398 925 662 992 deinceps
692 926 742 976 in
768 925 1011 979 animum
1047 927 1262 980 indttxit.
1309 927 1599 981 convenire
1628 925 1986 994 Epiphaniam

403 1029 461 1071 ιιι
516 1018 568 1070 ἰιι
627 1017 820 1084 spiritu
874 1017 1206 1080 erudiretur,
1274 1029 1328 1072 et
1384 1028 1552 1071 totum
1611 1033 1668 1071 se
1703 1016 1990 1084 voluptati-

411 1111 511 1182 bus
560 1108 839 1171 addicens,
874 1109 1196 1180 tmllumque
1253 1109 1532 1164 scortandi
1566 1124 1628 1162 ac
1652 1106 1989 1162 adulterantli

405 1203 625 1255 modum
661 1200 887 1264 faciens,
945 1201 1368 1270 pulcherrimam
1422 1202 1662 1256 animam
1689 1216 1845 1254 suam
1891 1199 1993 1252 mi-

407 1292 712 1348 serabiliter
728 1293 1130 1362 conspurcavit.
1156 1293 1544 1349 Verumtamen
1570 1293 1846 1360 aliquanto
1872 1300 1992 1360 post

407 1385 463 1437 in
516 1384 844 1439 tentationes
899 1390 952 1438 et
997 1385 1336 1440 calamitates
1397 1385 1748 1455 gravissimas
1781 1384 1991 1450 incidit,

405 1476 603 1546 quibus
654 1475 719 1529 ad
781 1477 978 1531 incitas
1031 1477 1303 1541 redactus,
1333 1477 1578 1547 quotidie
1613 1492 1806 1545 panem
1833 1492 1993 1531 suum
2035 1484 2044 1495 '

406 1568 719 1622 mendicare
753 1583 1038 1624 necessum
1082 1569 1293 1624 habuit.
1342 1565 1480 1622 liiuc
1524 1578 1756 1622 moestus
1815 1567 1997 1622 turba"-

411 1673 612 1730 tuaque
665 1660 1030 1731 Epiphanius,
1091 1654 1351 1714 iamulum
1409 1658 1497 1714 Dei
1553 1659 1824 1713 Andream
1884 1659 1997 1712 adit

388 1762 662 1822 toratque,
716 1761 773 1806 ut
824 1753 1018 1807 miselli
1072 1747 1436 1806 adolescentis
1502 1755 1850 1806 tnisereatm't
1895 1748 1994 1806 Cui

415 1847 689 1901 Sanctus:
725 1845 901 1913 Absit,
956 1847 1025 1900 liti
1077 1848 1193 1911 mi,
1249 1849 1344 1900 scd
1389 1847 1585 1900 anima:
1620 1847 1766 1900 illius
1815 1844 1996 1913 capiat

407 1949 462 1993 te
523 1941 709 2008 potius
765 1941 1047 1994 miseratio
1105 1958 1268 2010 quant
1312 1941 1591 2010 "corporis;
1657 1940 1728 1992 ita
1754 1955 1916 2008 porro
1940 1952 2000 1992 se

409 2032 646 2096 habeat,
720 2033 796 2085 uti
859 2034 1061 2095 modo,
1117 2032 1166 2086 id
1203 2039 1438 2102 namque
1502 2030 1739 2099 expedit.
1814 2028 2002 2082 Veniet

410 2133 589 2177 autem
629 2133 866 2193 tempus,
916 2141 1025 2194 quo
1057 2125 1333 2179 miSeriam
1373 2123 1514 2178 illius
1551 2133 1603 2176 ct
1637 2120 1999 2176 h'umilitateln

412 2214 741 2284 respiciente
799 2216 1048 2274 Domino.
1081 2215 1133 2268 in
1164 2215 1456 2284 pristinum
1505 2224 1710 2268 statum
1742 2213 2003 2267 restitue-

415 2317 523 2361 tur.
573 2305 710 2359 Tutn
785 2301 1435 2376 Epiphanius:0bsecro
1505 2316 1592 2370 te,
1639 2305 1858 2374 inquit,
1917 2304 2003 2358 i‘a-

413 2397 560 2451 mule
616 2398 730 2460 Dei,
781 2400 838 2451 ut
892 2413 1132 2467 eXponas
1184 2399 1338 2462 mhi,
1392 2402 1750 2468 quamobrem
1814 2397 2004 2451 adole~

414 2506 574 2544 scens
601 2491 691 2544 ille
723 2500 830 2544 tant
877 2492 1058 2545 suhito
1085 2491 1392 2544 damncnllm
1449 2491 1731 2544 tentationi
1774 2489 2004 2544 traditus

415 2583 508 2637 sit.
570 2584 755 2648 Nulla,
819 2586 1030 2655 reponit
1091 2581 1356 2645 Andreas.
1391 2585 1495 2638 alia
1531 2585 1596 2638 de
1655 2600 1820 2638 causa
1873 2597 2004 2638 suc-

411 2676 631 2730 ‘ccnsuit
693 2676 766 2729 illi
833 2677 1112 2740 Dominus,
1172 2677 1274 2730 nisi
1334 2675 1478 2746 quod
1533 2676 1809 2746 pet-jurus,
1850 2691 2004 2729 men-

415 2769 557 2829 dav,
607 2767 892 2837 praeiidens
952 2785 1016 2822 ac
1086 2769 1330 2822 tumidus
1378 2778 1558 2832 esSet,
1629 2771 1882 2838 quamvis
1950 2778 2005 2822 et

420 2860 528 2912 alia
558 2859 719 2924 forte,
744 2863 906 2913 etiam
941 2860 1213 2929 graviora,
1244 2862 1296 2914 itt
1327 2876 1388 2916 se
1432 2861 1638 2915 scelera
1670 2860 1958 2914 admiserit
1990 2875 2003 2909 :

420 2953 514 3005 sed
549 2967 654 3005 non
683 2959 886 3006 tantam
919 2961 1141 3021 propter
1172 2954 1306 3018 haec,
1365 2960 1628 3023 quantam
1663 2963 1879 3023 propter
1915 2951 2005 3006 illa

420 3042 847 3108 indignationem
904 3042 1156 3096 incurrit.
1213 3041 1288 3096 ita
1342 3043 1592 3097 enim-se
1650 3059 1737 3097 res
1794 3041 2003 3096 habet:

415 3115 532 3187 Nisi
562 3134 668 3187 ulla
703 3133 810 3204 igni
844 3133 1097 3203 imposita
1123 3134 1352 3189 multum
1384 3133 1670 3197 ierbuerit,
1702 3132 1836 3186 nihil
1880 3147 2006 3185 sna-

418 3225 603 3278 \itatis
638 3225 859 3279 habebit
890 3226 1066 3291 cibus,
1109 3227 1202 3296 qui
1258 3227 1613 3280 continetur:
1646 3224 1718 3277 ita
1736 3235 1789 3278 et
1814 3224 2005 3277 n‘obes-

414 3327 541 3370 tcum
570 3317 748 3387 agitur
797 3317 1023 3372 misellis
1049 3319 1384 3388 abiectisque
1414 3317 1797 3387 peccatoribus
1825 3355 1840 3378 ,
1892 3315 1996 3369 nisi

422 3409 612 3464 multis
649 3411 1054 3463 calamitatibus
1087 3409 1260 3478 pressi
1295 3425 1358 3463 ac
1382 3407 1772 3462 tentationibus
1803 3407 2013 3461 exerci-

422 3501 518 3552 tati
555 3499 848 3563 l'uerimus,
905 3501 1085 3554 aditus
1111 3518 1217 3555 non
1253 3499 1458 3571 patebit
1487 3500 1542 3554 in
1593 3515 1814 3568 regnum
1845 3500 2014 3553 ταξιο-

420 3591 568 3642 tum.
638 3591 776 3644 Tum
829 3591 1205 3660 Epiphanius:
1239 3588 1395 3646 Siita
1458 3592 1714 3647 conducit
1767 3594 1833 3646 ad
1865 3593 2012 3646 salu-

419 3689 531 3736 tcm
569 3682 765 3735 anima:
799 3683 963 3744 illius,
995 3686 1220 3738 verbum
1257 3702 1362 3739 non
1413 3686 1672 3755 adjiciam
1706 3686 2012 3754 deprecan-

1473 253 1901 323 NICEPHOBI
1946 245 2420 320 PRESBYTER!
2461 247 2568 319 Cp.

469 375 589 429 H7.
647 376 796 445 Talia
853 391 1107 435 monente
1163 377 1363 437 illn5tri
1396 369 1724 448 Epiphanio,
1759 379 1979 431 indura-
2010 383 2052 434 Α

3563 262 3668 324 764

2157 374 2280 442 ριξῆ
2311 374 2494 427 Ταῦτα
2531 372 2625 426 τοῦ
2667 363 3287 444 ᾳιυστῆροςἙπιφανίου
3322 376 3396 445 τῷ
3420 379 3669 448 vam-rimi

2089 467 2284 536 ἐκείνῳ
2314 465 2717 528 νουθετοῦντος,
2763 466 2868 518 ὑπὸ
2914 466 3005 518 τοῦ
3046 469 3285 537 πονηροῦ
3334 469 3668 538 σπληρωθεί-

2090 578 2188 628 σης
2215 559 2380 611 αὖτοῧ
2410 561 2507 628 τῆς
2540 558 2786 628 καρδίας,
2821 558 3033 628 βαρέως
3061 561 3126 613 τὰ
3161 560 3384 630 ῥήματα
3444 562 3666 630 ἤνεγκεὅ

2095 654 2191 705 καὶ
2223 654 2461 714 ὀκλάσας
2489 652 2624 719 πρὸς
2659 653 2724 704 τὰ
2756 651 3048 720 λεγόμενα,
3078 651 3364 720 λυπηθεὶς,
3393 654 3669 725 ἀνεχώρη-

2094 765 2186 799 σεν
2213 746 2384 799 εἰπών
2407 764 2420 777 ·
2439 745 2710 812 Ὀπηνίκα
2741 747 2964 814 ὀφείλω,
2997 744 3292 798 ἀπολαύσω
3318 747 3411 799 τὸν
3443 748 3668 816 κόσμον,

2091 840 2212 892 τότε
2239 839 2403 892 αὐτοῦ
2431 838 2768 907 ἀπόσχομαι.
2812 838 3011 890 Οὐκέτι
3039 833 3131 890 οὖν
3159 838 3456 905 προσέθετο
3487 840 3674 891 συνελ-
3695 840 3718 861 ⁸

2093 924 2206 984 θεῖν
2229 931 2306 1000 τῷ
2346 932 2651 999 Ἐπιφανίῳ
2689 932 2767 992 είς
2797 931 2890 982 τὸν
2921 930 3291 998 πνευματικὸν
3315 929 3524 997 ἀγῶνα,
3556 930 3674 985 ἀλλ’

2093 1023 2488 1092 ἑμφιλοχωρῶν
2520 1026 2638 1083 ταῖς
2673 1011 3051 1091 ἡδυπαθείαις,
3089 1021 3370 1090 πορνείαις
3411 1023 3506 1074 καὶ
3550 1040 3669 1090 μοι-

2093 1113 2287 1183 χείαις,
2328 1114 2426 1182 τῆς
2461 1113 2702 1181 ἐλεεινῆς
2748 1112 2915 1166 αὐτοῦ
2957 1113 3137 1183 ψυχῆς
3177 1112 3236 1166 τὸ
3287 1114 3485 1177 κάλλος
3513 1132 3676 1167 κατε-

2101 1206 2316 1277 μίανεν.
2367 1206 2523 1260 Μετὰ
2585 1207 2762 1260 ταῦτα.
2847 1207 3139 1276 περιέπεσε
3196 1211 3522 1276 πειρασμοῖς
3580 1208 3678 1262 καὶ

2097 1299 2309 1368 θλίψεσι
2377 1300 2793 1369 σφοδροτάταις,
2827 1297 2969 1352 ὥστε
3015 1300 3108 1353 καὶ
3161 1301 3240 1362 είς
3285 1299 3548 1369 μεγίστην
3575 1317 3677 1352 πε-

2098 1391 2218 1445 νίαν
2242 1392 2442 1455 ἐλθεῖν,
2468 1390 2566 1444 καὶ
2594 1391 2686 1443 τὸν
2713 1393 2879 1459 ἄρτον
2905 1392 3089 1461 ζητεῖν
3121 1385 3466 1462 καθημέραν.
3523 1392 3680 1445 Ἐλυ-

2098 1483 2246 1552 πήθη
2279 1478 2376 1537 οὖν
2411 1484 2506 1536 ἐπὶ
2539 1483 2715 1554 τούτῳ
2767 1485 2796 1537 6
2841 1483 3180 1552 Ἐπιφάνιος,
3236 1485 3330 1537 καὶ
3378 1485 3683 1553 παςεκᾶλει

2098 1575 2192 1628 τὸν
2221 1573 2408 1627 δοῦλον
2433 1574 2528 1626 τοῦ
2552 1573 2689 1626 Θεοῦ
2723 1573 2945 1642 ποιῆσαι
2993 1573 3113 1642 μετ’
3143 1572 3308 1626 αὐτοῦ
3339 1562 3504 1636 ἔλεος.
3541 1573 3601 1624 ὐ
3623 1571 3684 1624 δὲ

2106 1658 2296 1728 "Dato;
2325 1665 2429 1736 ἔφη
2461 1682 2474 1695 ·
2511 1666 2670 1735 Οὐχὶ,
2699 1665 2911 1729 τέκνον,
2957 1666 3095 1719 ἀλλὰ
3128 1657 3486 1736 συμπάθησον
3515 1664 3682 1718 αὐτοῦ

2105 1757 2306 1825 μᾶλλον
2355 1761 2421 1827 τῇ
2469 1749 2641 1828 ψυχῇ.
2687 1758 2989 1828 κάμνοντος
3033 1757 3129 1810 τοῦ
3183 1757 3436 1827 σώματος
3471 1775 3484 1787 ο
3525 1757 3684 1810 ἔασον

2100 1852 2282 1903 τοίνυν
2313 1849 2481 1904 αὑτὸν
2507 1850 2684 1916 οὕτως
2722 1866 2735 1880 ⁸
2764 1852 3025 1921 ἁρμόδιον
3067 1851 3175 1922 γὰρ
3204 1851 3362 1905 τοῦτο
3405 1843 3551 1920 αὐτῷ
3587 1869 3685 1902 πε-

2106 1941 2332 2010 ρίεστιν.
2408 1941 2716 1995 Ἐλεύσεται
2763 1943 2818 1996 δὲ
2861 1943 3070 2012 καιρὸς,
3123 1943 3361 2013 ὁπηνίκα
3415 1944 3443 1994 ὁ
3481 1941 3682 2011 Κύριος

2106 2032 2442 2101 θεασάμενος
2461 2034 2559 2099 τῆς
2583 2032 2959 2102 ταλαιπωρίας
2989 2035 3085 2104 τὴν
3127 2035 3486 2089 ταπείνωσιν.
3525 2034 3685 2101 μετέ·

2107 2137 2271 2173 πειτα
2301 2124 2392 2174 ἐπὶ
2436 2123 2535 2192 τὴν
2575 2123 2854 2192 προτέραν
2899 2125 3066 2176 αὑτοῦ
3107 2123 3444 2176 κατάστασιν
3476 2125 3685 2175 ἀνακα-

2107 2213 2332 2283 λέσηται
2385 2215 2572 2269 αὐτόν.
2639 2215 2956 2283 Ἐπιφάνιος
3010 2216 3112 2285 ἔφη
3156 2233 3171 2248 ο
3229 2214 3538 2284 Παρακαλῶ
3603 2232 3684 2278 σε,
3778 2263 3790 2272 ._

2105 2305 2257 2359 δοῦλε
2291 2299 2515 2375 Κυρίου,
2543 2307 2812 2378 γνώρισον
2845 2325 2937 2378 μοι
2965 2307 3054 2361 διᾶ
3097 2307 3261 2361 ποίαν
3309 2307 3489 2360 αἰτίαν
3515 2306 3685 2370 οὕτως

2109 2398 2278 2463 ὀξέως
2314 2401 2426 2462 τοῖς
2458 2402 2790 2470 πειρασμοῖς
2825 2400 3120 2470 παρεδόθη.
3163 2399 3226 2454 ’0
3254 2400 3312 2453 δὲ
3338 2396 3494 2452 εἶπεν
3528 2416 3542 2429 ·
3573 2401 3686 2452 Οὐκ

2112 2490 2360 2560 ὠργίσθη
2389 2491 2542 2562 αὑτῷ
2578 2494 2605 2544 ὁ
2629 2492 2835 2560 Κύριος
2879 2492 2949 2545 δι’
2973 2493 3128 2544 οὐδὲν
3156 2492 3366 2562 ἕτερον,
3408 2495 3457 2544 εί
3489 2491 3563 2561 μὴ
3602 2493 3687 2544 ὃτι

2108 2579 2179 2653 ἦν
2207 2584 2487 2652 ἐπίορκος,
2521 2583 2616 2636 καὶ
2649 2583 2914 2653 ψεύστης,
2950 2586 3042 2636 καὶ
3075 2584 3303 2654 θρασὺς,
3351 2585 3447 2636 καὶ
3478 2584 3687 2654 ὑπερή-

2109 2693 2277 2745 φανος
2307 2691 2323 2706 ⁸
2363 2677 2468 2730 κᾶν
2501 2677 2641 2746 τάχα
2669 2677 2776 2744 γάρ
2803 2680 2895 2728 καὶ
2929 2677 3064 2730 ἄλλα
3098 2677 3316 2747 χείρονα
3360 2677 3689 2747 διεπράξατο

2109 2765 2401 2835 σωματικὰ
2435 2766 2888 2836 πλημμελήματα
2916 2784 2930 2798 ·
2963 2767 3080 2820 ἀλλ’
3105 2764 3200 2820 οὖν
3227 2768 3287 2820 οὐ
3314 2766 3568 2820 τοσοῦτον
3598 2766 3688 2819 διὰ

2109 2859 2301 2923 ταῦτα,
2325 2857 2447 2910 ὅσον
2480 2857 2550 2910 δι’
2580 2858 2786 2911 ἐκεῖνα.
2842 2859 3000 2912 Οὕτω
3027 2860 3136 2928 γάρ
3164 2859 3336 2920 ἐστιν,
3362 2859 3456 2910 ἐὰν
3481 2856 3588 2926 γὰρ
3612 2856 3687 2926 μὴ

2111 2950 2290 3021 βράδῃ
2319 2951 2352 3020 ἡ
2399 2949 2577 3020 κύθρα
2607 2949 2886 3020 ὑψουμένη
2929 2947 3184 3021 ἰσχυρῶς,
3220 2951 3461 3020 ἡδύτητα
3485 2951 3687 3020 βρῶσις

2109 3041 2211 3093 οὐκ
2248 3040 2360 3110 εχει
2387 3055 2402 3071 ’
2439 3037 2582 3092 οθτω
2633 3039 2728 3093 καὶ
2765 3042 2918 3110 ἡμεῖς
2945 3042 2993 3094 ot
3025 3040 3344 3110 ἁμαρτωλοὶ
3374 3041 3467 3093 καὶ
3494 3055 3699 3092 ταπει-

2113 3135 2220 3198 νοῖ,
2253 3133 2347 3185 ἐὰν
2381 3132 2457 3200 μὴ
2485 3131 2778 3202 ἑψηθῶμεν
2814 3132 2900 3186 διὰ
2943 3133 3150 3186 πολλῶν
3191 3132 3424 3202 θλίψεων
3445 3134 3541 3184 καὶ
3574 3149 3687 3184 πει-

2114 3226 2360 3295 ρασμῶν,
2393 3228 2454 3278 οὐ
2487 3227 2562 3295 μὴ
2597 3227 2930 3295 εἰσέλθωμεν
2984 3230 3064 3290 είς
3116 3228 3214 3297 τὴν
3265 3227 3541 3296 βασιλείαν
3581 3225 3689 3277 τῶν

2109 3317 2377 3387 οὐρανῶν.
2426 3320 2741 3387 Ἐπιφάνιος
2772 3316 2926 3372 εἶπεν
2955 3335 2970 3349 ·
3003 3318 3066 3371 El
3088 3319 3262 3383 οὕτως
3294 3319 3410 3372 ἐστὶ
3471 3318 3530 3372 τὸ
3556 3331 3689 3386 cup;-

2115 3411 2281 3480 φέρον
2337 3413 2438 3480 τῆς
2496 3409 2673 3480 ψυχῆς
2728 3411 2894 3464 αὐτοῦ
2959 3411 3270 3480 σωτηρίας,
3319 3410 3504 3464 οὐκέτι
3565 3412 3691 3481 περὶ

2109 3503 2276 3555 αὑτοῦ
2320 3502 2626 3573 φθέγξομαι
2659 3509 2672 3532 "
2706 3503 2869 3572 ptde
2917 3502 3011 3556 ίδω
3047 3502 3212 3557 αὑτὸν
3243 3505 3300 3555 ὲν
3325 3503 3568 3572 ὑπομονῇ
3596 3502 3690 3554 ἀν·

2111 3594 2488 3664 δρειούμενον,
2525 3597 2620 3648 καὶ
2666 3598 2746 3658 εἰς
2795 3595 3010 3664 ἀγαθὰς
3045 3595 3268 3658 ἐλπίδας
3310 3597 3404 3648 καὶ
3435 3594 3691 3657 ἐπαύλει(

2119 3687 2273 3755 παρὰ
2300 3687 2508 3758 Κυρίου
2541 3686 2848 3757 βαδίζονται

424 3775 473 3826 di
512 3782 676 3828 causa
708 3791 722 3828 :
761 3776 920 3830 tnodo
951 3774 1180 3847 videant,
1210 3795 1472 3848 generose
1501 3778 1862 3834 sustinentem
1913 3778 2171 3846 adversa,
2228 3781 2294 3834 ad
2318 3795 2469 3850 spem
2515 3780 2673 3834 bonis
2727 3781 3085 3851 prepositam,
3114 3790 3168 3835 et
3241 3778 3425 3834 aulam
3478 3780 3691 3834 Domini

425 3871 701 3925 (:wlcstetn
729 3873 1030 3941 pervenire.

501 3963 623 4024 118.
679 3969 834 4025 Alius
868 3986 1088 4042 quoque
1111 3974 1452 4036 adolescens,
1477 3971 1567 4025 'cui
1593 3987 1787 4026 nomen
1849 3965 2017 4025 Joan-

428 4079 565 4125 nes,
630 4062 976 4118 familiariter
1063 4068 1318 4119 utebatur
1391 4065 1734 4136 Epiphanio,
1777 4078 2016 4133 eumque

425 4159 487 4209 ut
516 4158 1140 4229 condiscipulum,quod
1171 4161 1336 4214 simul
1367 4175 1651 4214 sacrarum
1684 4158 2012 4212 Litterarum

423 4249 611 4304 ‘studio
663 4263 969 4316 vacasse-nt,
1028 4253 1248 4307 amabat
1284 4269 1297 4305 :
1331 4253 1426 4308 sed
1485 4252 1706 4306 amabat
1765 4258 2015 4313 tantum,

421 4362 536 4400 'nun
564 4346 725 4400 etiam
759 4347 1118 4400 aemulabatur
1150 4347 1424 4400 virtutem.
1449 4345 1692 4415 Contigit
1718 4343 2017 4414 aliquando

2187 3964 2452 4037 ptq'.'Ete
2461 3983 2553 4037 ρος
2567 3966 2625 4018 δέ
2637 3984 2718 4030 τις
2733 3967 2970 4032 νεανίας,
2989 3968 3216 4039 ὀνόματι
3233 3957 3507 4039 Ἰωάννης,
3527 3970 3694 4041 ἐχρη-

2123 4057 2318 4128 μάτιζε
2346 4059 2655 4129 προσφιλὴς
2698 4059 3020 4129 Ἐπιφανίῳ,
3056 4061 3249 4114 καθότι
3277 4063 3369 4115 καὶ
3394 4063 3503 4117 τῶν
3537 4063 3697 4133 ἱερῶν

2118 4153 2466 4222 γραμμάτων
2499 4153 2802 4224 ἁμῳότεροι
2828 4153 2897 4205 τὰ
2924 4155 3222 4223 μαθήματα
3248 4155 3652 4223 ἐπαιδεύθησαν
3677 4170 3694 4186 ·

2114 4245 2308 4315 ἠγάπα
2335 4241 2429 4298 οὖν
2467 4245 2559 4298 τὸν
2583 4245 2903 4313 Ἐπιφάνιον
2935 4247 3332 4318 συμφοιτητὴν,
3362 4247 3459 4318 τὴν
3481 4249 3534 4300 δὲ
3561 4249 3695 4318 ἀρε-

2115 4339 2216 4405 τὴν
2264 4335 2430 4389 αὑτοῦ
2477 4337 2580 4389 οὐκ
2627 4339 2883 4407 ἐμιμεῖτο
2925 4339 2988 4391 ἰδ
3036 4339 3277 4394 σύνολον.
3323 4341 3438 4413 Μιᾷ
3468 4340 3560 4394 οὖν
3585 4342 3696 4395 τῶν

420 4439 840 4493 considentibus
866 4448 1101 4507 utroque
1126 4439 1178 4492 in
1214 4440 1334 4493 loco
1364 4438 1578 4508 publico
1606 4414 1660 4492 et
1692 4437 2006 4506 colloquen-

2117 4430 2364 4500 ἡμερῶν,
2393 4429 2882 4498 συγκαθεζομένων
2911 4431 3021 4484 τῶν
3048 4431 3374 4501 ἀμφοτέρων
3405 4433 3612 4485 παίδων
3635 4434 3695 4486 ἐν

423 4529 598 4595 tibus,
662 4531 999 4582 meretricem
1033 4531 1158 4584 illac
1183 4531 1284 4584 iter
1337 4530 1575 4582 habere:
1605 4545 1726 4598 quae
1764 4529 1853 4582 ubi
1878 4526 2014 4580 ado-

429 4622 698 4675 lest‘entes
745 4623 1050 4692 conspexit,
1106 4623 1344 4692 primum
1403 4621 1717 4693 gesticulari
1770 4621 2018 4688 impura,

419 4710 624 4766 ‘deintle
654 4728 856 4782 corpus
887 4714 1065 4770 modis
1100 4713 1371 4769 indecoris
1422 4730 1661 4778 movere,
1713 4727 1779 4766 eo
1808 4727 1908 4766 sua
1934 4712 2018 4764 di-

429 4808 611 4876 rigens
652 4809 977 4874 conaninta,
1018 4816 1078 4862 ut
1105 4809 1335 4863 alterum
1370 4806 1564 4862 saltem
1598 4808 1814 4862 illorum
1849 4806 1902 4858 in
1930 4803 2016 4859 sui

422 4901 929 4969 concupiscentiam
973 4901 1311 4971 pertraheret
1342 4899 1670 4971 perniciosa.
1700 4896 1910 4951 Interea
1942 4898 2017 4950 ia—

430 4995 571 5049 cietn
607 5010 760 5047 suam
785 5003 1057 5049 averterat
1076 4993 1437 5064 Epiphanius,
1459 4994 1716 5063 socioque
1732 4990 2019 5045 subridens

433 5087 649 5141 dicclat
694 5103 709 5139 :
776 5084 914 5141 Ecce
962 5086 1294 5156 vulpiculam
1338 5082 1806 5146 inverecundam,
1852 5097 2016 5152 quam

432 5171 633 5234 blande
674 5181 942 5235 avi‘culam
1008 5189 1178 5234 tentet
1226 5178 1589 5246 intercipere,
1633 5173 1880 5243 juvenis,
1942 5173 2025 5228 in-

429 5277 621 5341 quam,
691 5274 926 5344 alicujus
975 5273 1213 5327 animam
1267 5270 1520 5341 prazdari.
1568 5272 1636 5324 At
1690 5285 1820 5326 vero
1853 5266 2022 5324 Joan-

433 5378 560 5432 nes,
620 5378 677 5421 ut
728 5375 850 5421 erat
908 5364 1332 5436 perditissimus,
1367 5363 1568 5418 furtivo
1601 5364 1650 5416 in
1683 5363 1830 5416 illam
1863 5362 2017 5416 obtu-

439 5473 495 5512 tu
527 5477 824 5515 cnnversus
842 5469 981 5524 erat,
1011 5461 1174 5523 clam,
1204 5467 1262 5513 ut
1290 5458 1536 5528 putabat,
1559 5456 1858 5526 Epiphanio
1887 5471 1900 5508 :
1927 5454 2018 5522 qui

437 5550 734 5616 perniciem
787 5552 985 5606 anima:
1037 5552 1206 5612 illius,
1240 5565 1425 5604 revera
1461 5546 1755 5610 libidinosi,
1793 5555 1845 5599 et
1879 5547 2025 5599 insa-

440 5655 516 5693 no
547 5655 675 5708 erga
732 5642 964 5697 feminas
1018 5659 1203 5698 amore
1233 5641 1499 5702 succensi,
1546 5640 1806 5694 uberibus
1835 5652 2020 5706 prose-

443 5732 1018 5802 quebaturlaerymis,
1047 5745 1100 5791 ct
1134 5734 1416 5792 minaciter
1469 5736 1522 5789 in
1562 5732 1900 5789 meretricem
1946 5733 2023 5786 itt-

2115 4521 2192 4589 τῴ
2218 4519 2482 4589 δημοσίῳ,
2532 4520 2626 4572 καὶ
2672 4521 2744 4573 τὰ
2785 4521 3008 4591 ῥήματα
3045 4521 3402 4591 ὁμιλούντων,
3441 4524 3576 4594 γυνή
3610 4541 3697 4586 τις

2120 4613 2296 4682 μιμὰς
2326 4613 2646 4681 διερχομένη
2679 4614 2735 4664 ἐν
2774 4615 2885 4674 τοῖς
2918 4615 3052 4678 ἐκεῖ,
3083 4615 3157 4676 ὡς
3189 4615 3315 4677 τοὺς
3345 4617 3695 4685 ἀμφοτέρους

2120 4707 2318 4767 παῖδας
2382 4705 2665 4772 ἐθεάσατο,
2722 4706 2924 4776 ἤρξατο
2978 4707 3010 4776 ἡ
3074 4706 3385 4777 ἀκάθαρτος
3437 4709 3695 4777 σχήματα

2123 4798 2412 4868 πράττειν,
2453 4797 2580 4866 ἑξῆς
2613 4799 2708 4851 καὶ
2738 4799 3017 4868 κινήματα
3042 4800 3137 4852 καὶ
3165 4798 3366 4869 βλακεύ
3375 4817 3542 4868 ματα,
3576 4817 3698 4853 πει-

2124 4891 2347 4959 ρωμένη
2381 4891 2414 4960 ἡ
2446 4889 2757 4960 γάγγραινα
2790 4892 2896 4943 κᾶν
2924 4890 3020 4942 ἕνα
3059 4891 3286 4960 συλῆσαι
3324 4894 3406 4955 είς
3442 4892 3542 4962 τὴν
3574 4893 3699 4944 ἐπι-

2123 4983 2325 5052 θυμίαν
2362 4985 2557 5053 αὐτῆς.
2603 4984 2693 5044 Ὠς
2725 4982 2781 5036 δὲ
2815 4984 2994 5037 ταῦτα
3018 4984 3394 5053 διεπράττετο,
3430 4985 3702 5055 ἀπέστρε-

2123 5076 2194 5144 ψε
2248 5075 2349 5146 τὴν
2389 5075 2511 5144 ὄψιν
2550 5076 2716 5129 αὑτοῦ
2757 5074 2882 5130 ἰδὼν
2922 5077 3240 5144 Ἑπιφάνιος
3282 5077 3698 5144 ὑπομειδιάσας,

2123 5168 2216 5222 καί
2249 5186 2414 5238 φησιν
2443 5185 2458 5200 ·
2511 5168 2684 5222 Βλέπε
2715 5169 2813 5240 τὴν
2860 5169 3123 5223 ἀλώπεκα
3171 5168 3270 5239 τὴν
3315 5169 3699 5238 ἀναίσχυντον,

2123 5259 2240 5324 πῶς
2285 5261 2682 5315 ὑποκυνεύεται
2725 5261 2876 5332 ὄρνιν
2931 5260 3251 5332 πειρωμένη
3303 5260 3510 5326 λαϐεῖν,
3557 5261 3703 5330 φημὶ

2123 5353 2390 5422 νεωτέρου
2426 5351 2569 5414 τινὸς
2596 5351 2774 5424 ψυχὴν
2806 5351 2901 5407 τοῦ
2935 5353 3220 5424 θηρεῦσαι.
3260 5353 3320 5406 '0
3347 5354 3403 5406 δὲ
3420 5353 3699 5422 Ἰωάννης,

2124 5448 2198 5510 ὡς
2232 5447 2306 5499 ὣν
2333 5445 2716 5512 ἐξωλέστατος,
2772 5447 3104 5500 κατεσκόπει
3150 5443 3415 5516 κρυφίως,
3451 5445 3524 5509 ὡς
3562 5447 3700 5498 ὐπο-

2126 5540 2399 5594 λανθὰνων
2422 5539 2501 5610 τῷ
2540 5539 2864 5610 Ἐπιφανίῳ.
2900 5539 3191 5609 Πορευθεὶς
3223 5541 3279 5592 δὲ
3303 5541 3330 5592 ό
3359 5539 3703 5608 Ἐπιφάνιος,

3610 5630 3702 5684 ἐπ’

2129 5725 2386 5798 ἁ>.ηθ;ίας
2427 5726 2534 5796 γὰρ
2576 5725 2776 5787 ἄσωτος
2813 5723 2910 5790 ὢν,
2965 5724 3219 5793 ἐμαίνετο
3268 5727 3346 5788 εἰς
3390 5726 3454 5778 τὰ
3491 5723 3706 5794 σκωλη-

2128 5634 2379 5687 ἐλυπεῐτο
2427 5633 2518 5685 ἐπὶ
2565 5636 2630 5702 τῇ
2688 5631 2933 5700 ἀπωλείᾳ
2981 5632 3076 5701 τῆς
3116 5630 3294 5702 ψυχῆς
3335 5633 3499 5685 αὐτοῦ
3536 5648 3549 5660 ⁸
