4088 6216
1344 308 1355 341 ι

409 370 519 428 765

1624 375 1796 434 νιΤΑ
1843 377 1901 435 S.
1950 376 2280 437 ANDREE
2321 381 2517 440 SALl.

3560 389 3670 448 ’ἵδῦ

406 475 660 548 κόσρωτα
708 478 857 548 πάχη
884 480 992 531 τῶν
1026 483 1302 544 γυναικοῖν
1345 483 1373 534 6
1418 484 1782 554 ταλαίπωρος.
1834 485 1980 536 Ἐνε-

2085 503 2311 555 surgens
2356 510 2387 545 e
2446 494 2669 561 vestigio
2701 509 2759 548 se
2799 494 3076 549 subduxit.
3129 496 3225 549 Cui
3259 495 3499 551 Joannes
3531 514 3545 551 :
3574 502 3669 551 Ca-

407 567 719 636 6ριμήσατο
748 568 841 622 οὖν
864 572 891 623 6
936 572 1257 641 Ἐπιφάνιος
1290 576 1356 643 τῇ
1391 576 1613 642 γυναικὶ
1657 577 1863 648 ἐκείνῃ,
1892 579 1987 629 καὶ

409 662 613 725 εὐθέως
663 664 1034 733 ἀνεχώρησεν.
1090 667 1234 735 Ἔφη
1293 667 1350 720 δὲ
1419 669 1672 737 Ἰωάννης
1722 671 1856 738 πρὸς
1894 672 1986 724 τὸν

410 752 731 823 Ἐπιφάνιον
758 770 772 787 ⁸
825 757 1250 829 Ἐπιτιμήσεται
1280 762 1442 815 αὐτὸν
1480 765 1507 815 6
1536 763 1686 830 Θεὸς,
1734 766 1817 817 ὅτι
1859 766 1988 818 ἐσάο

408 846 597 899 zeum
648 848 680 916 ἠ
713 848 941 902 τάλαινα
971 851 1069 921 τὴν
1098 853 1327 921 καρδίαν
1364 871 1488 922 μου.
1539 855 1855 923 Ἐπιφὰνιος
1894 851 1985 908 εἷ-

407 952 506 989 πεν
528 952 540 965 °
568 936 854 1008 Μακάριόν
880 942 1028 993 ἐστιν
1058 942 1145 993 ἵνα
1194 942 1451 996 ἑσάλευσε
1482 945 1575 997 καὶ
1611 946 1682 1015 μὴ
1704 947 1953 1016 ἥρπασεν
1972 964 1984 976 ·

406 1029 432 1079 6
466 1027 746 1097 ἐμϐλέψας
780 1029 888 1101 γάρ
944 1032 1161 1093 γυναικὶ
1204 1034 1337 1103 πρὸς
1376 1034 1435 1086 τὸ
1486 1035 1822 1106 ἐπιθυμῆσαι
1886 1037 1985 1107 ἤδη

407 1120 729 1188 ἐμοίχευσεν
778 1123 948 1190 αὐτὴν
975 1126 1033 1176 ὲν
1072 1128 1134 1193 τῇ
1186 1126 1384 1197 καρδίᾳ
1425 1129 1615 1183 αὐτοῦ.
1648 1130 1763 1183 Νῦν
1792 1126 1882 1182 οὖν
1911 1131 1987 1194 ὡς

408 1211 512 1261 οὐκ
555 1212 866 1281 ἐπιουμεῒς,
918 1212 1035 1274 πῶς
1080 1214 1415 1283 ὲντρανίζεις
1448 1216 1615 1285 ἡδέως
1647 1220 1711 1285 τῇ
1761 1216 1935 1289 πόρνῃ
1970 1232 1983 1281 ;

406 1303 505 1354 Διὰ
543 1302 702 1356 τοῦτο
757 1299 932 1367 εἶπον,
986 1304 1066 1357 ὅτι
1104 1306 1374 1377 μακάριόν
1406 1310 1573 1371 ἐστιν,
1603 1307 1688 1359 ἵνα
1720 1324 1778 1359 σε
1817 1322 1987 1377 παρε-

406 1393 635 1447 σάλευσε
659 1396 751 1448 καὶ
776 1396 851 1465 μὴ
888 1396 1167 1467 ἥρπασεν.

478 1488 762 1559 ριο’.Ἐφη
779 1490 1031 1560 Ἰωάννης
1055 1488 1191 1561 πρὸς
1218 1486 1380 1545 αὐτόν
1408 1508 1421 1522 ·
1454 1478 1567 1545 Καὶ
1599 1492 1673 1564 μὴ
1698 1491 1986 1556 ὀδιάϐο).ος

407 1581 509 1651 τὴν
548 1584 781 1648 γυναῖκα
832 1576 1122 1652 ἐποίησενς
1155 1582 1384 1645 Πάντως
1432 1583 1461 1636 6
1511 1583 1665 1651 Θεὸς,
1731 1584 1985 1649 κάκεῖνος

406 1670 574 1740 ὥρισε
637 1672 861 1726 τοιαῦτα
901 1674 1176 1740 γενέσθαι.
1206 1674 1334 1729 Ἐὰν
1378 1674 1432 1728 δὲ
1468 1676 1566 1728 οὐκ
1600 1676 1759 1749 ῆθελε
1810 1678 1984 1731 ταῦτα

408 1764 686 1832 γενέσθαι,
722 1766 809 1817 ἵνα
842 1763 895 1819 τι
930 1766 1100 1838 αἰτὴν
1147 1765 1227 1830 εἰς
1252 1766 1347 1820 τὸν
1377 1768 1581 1837 κόσμον
1611 1770 1933 1840 παρήγαγεν
1965 1787 1979 1835 ;

420 1856 607 1908 Αἴτιόν
630 1858 779 1908 ἐστιν
813 1858 840 1907 ὁ
880 1857 1013 1920 Θεὸς
1042 1833 1134 1909 τοῦ
1168 1860 1413 1911 τοιούτου
1441 1833 1788 1929 πράγματοςξ
1832 1833 1984 1915 Ἔπιξ-
2016 1833 2057 1889 Β

406 1948 598 2015 φάνιος
626 1949 777 2016 λέγει
806 1944 821 1980 δ
851 1950 942 2020 Μὴ
971 1951 1395 2021 ἀπερισκέπτως
1425 1969 1474 2005 τι
1524 1953 1787 2021 φθέγγου,
1830 1952 1983 2009 ἀδελ-

406 2040 515 2105 φέ’
550 2041 883 2109 στοχάζομαι
940 2042 1051 2111 γάρ
1101 2044 1182 2095 ὅτι
1220 2044 1319 2095 οὐκ
1358 2041 1504 2106 οἶδας
1551 2043 1603 2096 τι
1662 2044 1981 2114 φθέγγεσαν

372 2132 526 2197 fetu}
572 2132 629 2185 δέ
673 2149 765 2202 μοι
803 2132 939 2203 πρὸς
989 2134 1147 2211 τοῦτο
1176 2150 1191 2166 ·
1228 2136 1538 2205 Είσήγαγεν
1576 2134 1603 2189 6
1632 2136 1763 2200 Θεὸς
1790 2140 1868 2200 εἰς
1893 2138 1983 2190 τὸν

406 2227 611 2293 κόσμον
648 2224 859 2290 τοῦτον,
910 2226 1000 2278 καὶ
1032 2229 1113 2288 εἰς
1150 2229 1242 2279 τὸν
1271 2227 1386 2296 βίον
1432 2227 1524 2280 τὸν
1572 2229 1840 2300 ἡμέτερον
1871 2227 1979 2297 μά-

404 2330 624 2384 χαιραν,
654 2315 745 2368 διά
769 2315 933 2375 ποίαν
952 2316 1134 2369 αἰτίαν
1160 2334 1173 2381 ;
1214 2319 1457 2380 Πάντως,
1502 2320 1589 2371 ἵνα
1617 2321 1905 2389 τέμνωμέν
1928 2336 1982 2371 τι

404 2406 513 2458 τῶν
563 2407 979 2477 προσδεομένων
1022 2408 1121 2477 τῆς
1153 2411 1325 2479 τομῆς
1366 2413 1554 2481 αὐτῆς,
1588 2413 1685 2481 οὐχ
1721 2413 1805 2466 ἴνα
1849 2414 1984 2481 σφάὸ

344 2504 349 2507 ⁷
406 2495 587 2564 ζωμεν
618 2498 903 2567 ἀλλήλους.
936 2500 1224 2568 Ἐποίησεν
1251 2501 1279 2551 6
1316 2500 1446 2564 Θεὸς
1479 2503 1734 2572 σχοινίον,
1768 2506 1863 2572 οὐχ
1899 2505 1983 2557 ἵνα

404 2594 690 2661 πνίγωμεν
724 2592 971 2656 ἑαυτοὺς,
1019 2592 1137 2645 ἀλλ’
1166 2593 1250 2645 ἵνα
1300 2596 1357 2645 ὲν
1391 2594 1537 2662 αὑτῴ
1571 2596 1979 2665 στηριζὼμεοα.

407 2683 516 2736 Καὶ
569 2684 653 2735 ἵνα
700 2686 770 2735 τά
821 2682 991 2737 πολλὰ
1044 2684 1327 2753 παρεάσιυ,
1378 2684 1473 2738 καὶ
1507 2685 1601 2739 τοῦ
1648 2686 1979 2757 ζητουμένου

402 2766 727 2847 ὲπμνησῧῶ
753 2794 767 2807 ·
810 2778 1067 2848 ἐποίησεν
1092 2780 1120 2831 ὁ
1167 2779 1303 2842 Θεὸς
1350 2780 1443 2832 καὶ
1481 2781 1577 2851 τὴν
1607 2786 1863 2849 γυναῖκα,
1895 2784 1981 2835 ἵνα

407 2870 543 2940 αὔξῃ
574 2873 600 2923 ό
631 2872 856 2939 κόσμος,
894 2872 983 2924 καὶ
1020 2872 1104 2923 ἵνα
1138 2874 1242 2935 πᾶς
1278 2874 1566 2941 ἄνθρωπος
1593 2876 1620 2926 ό
1658 2873 1981 2943 βουλόμενος

402 2963 549 3032 ἔχειν
595 2966 830 3030 γυναῖκα
898 2963 993 3033 ἔχῃ
1043 2963 1215 3034 αὐτὴν
1254 2966 1394 3033 μετὰ
1435 2966 1789 3037 συνειδήσεως
1820 2966 1975 3031 Θεοῦ,

404 3058 543 3126 μὲτά
593 3055 789 3126 βουλῆς
820 3056 983 3109 αὑτοῦ
1016 3073 1029 3085 ·
1061 3060 1309 3111 τουτέστι
1357 3056 1499 3112 κάτά
1536 3060 1624 3113 τὸν
1658 3060 1841 3129 νόμον.
1886 3061 1978 3113 τὸν

2092 582 2312 650 stigabit
2363 585 2506 637 illam
2569 584 2732 648 Deus,
2767 586 2964 653 inquit,
2997 587 3141 655 quod
3212 589 3453 641 animum
3496 606 3673 643 ineunt

2092 675 2207 727 suis
2257 676 2523 729 illecebris
2581 678 2877 730 commovit
2926 679 3147 732 misera.
3184 678 3248 731 Et
3286 679 3620 748 Epiphanius
3658 701 3671 736 :

2094 765 2250 817 Salva
2304 782 2388 820 res
2435 777 2538 831 est,
2585 768 2779 834 inquit,
2836 769 2879 823 si
2930 770 3224 823 commovit
3280 780 3511 835 tantum,
3565 789 3672 825 non

2089 861 2249 911 etiam
2325 861 2535 926 rapuit;
2596 877 2717 913 nam
2769 873 2821 916 et
2882 863 2971 931 qui
3032 864 3223 917 viderit
3278 863 3559 918 mulierem
3602 868 3669 917 ad

2090 952 2605 1018 concupiscendum,
2651 953 2760 1021 jam
2801 956 3101 1009 mcecbatus
3140 964 3222 1009 est
3254 970 3372 1009 eam
3414 956 3466 1009 in
3508 959 3671 1013 corde

2093 1057 2218 1094 suo.
2274 1042 2427 1096 Nunc
2491 1045 2674 1114 igitur,
2732 1047 2775 1099 si
2807 1063 2913 1099 ιιοη
2945 1048 3313 1115 concupiscis,
3348 1063 3447 1101 cur
3480 1050 3668 1102 OClllUS

2091 1147 2197 1189 tam
2256 1137 2450 1191 blande
2496 1139 2548 1191 in
2593 1148 2836 1192 scortum
2922 1140 3209 1194 intendis?
3263 1144 3339 1195 Ac
3380 1154 3666 1211 propterea

2090 1229 2237 1283 dixi:
2288 1226 2447 1281 Salva
2485 1245 2572 1283 res
2596 1240 2697 1296 est,
2719 1231 2761 1284 si
2799 1231 3093 1285 commovit
3118 1241 3349 1298 tantum,
3380 1248 3485 1286 non
3501 1228 3664 1286 etiam:

2090 1320 2288 1389 rapuit.

2161 1510 2284 1565 H9.
2341 1509 2629 1580 Excipiens
2660 1525 2851 1566 rursus
2885 1525 3197 1566 sermonem
3252 1508 3487 1564 Joannes
3528 1526 3540 1562 :
3576 1509 3669 1562 Et-

2088 1603 2255 1665 enim,
2328 1603 2424 1667 ait,
2481 1603 2739 1670 uumquid
2806 1604 3056 1658 diabolus
3109 1602 3365 1657 feminam
3415 1602 3660 1656 eﬂinxit?

2088 1682 2308 1749 Minime
2360 1711 2509 1756 vero,
2555 1698 2650 1750 sed
2716 1696 2893 1759 Deus,
2940 1693 3032 1764 qui
3095 1704 3146 1748 et
3196 1695 3480 1749 constituit
3530 1695 3653 1748 talia

2089 1785 2201 1841 fieri
2233 1805 2245 1840 :
2273 1786 2316 1841 si
2358 1786 2498 1840 enim
2537 1787 2647 1841 fieri
2706 1787 2990 1849 noluisset,
3022 1802 3118 1839 cur
3161 1789 3330 1854 ipsam
3365 1784 3651 1854 produxis-

2086 1888 2169 1934 sct
2228 1880 2278 1932 in
2331 1877 2640 1931 mundum?
2699 1878 2839 1931 Deus
2910 1878 3072 1947 igitur
3100 1876 3405 1931 istiusmodi
3437 1890 3661 1941 operum

2086 1986 2250 2027 causa
2305 1971 2572 2025 dicendus
2635 1982 2735 2025 est.
2800 1963 2945 2029 Noli,
3002 1970 3079 2049 mi.
3127 1967 3331 2031 frater,
3395 1967 3670 2022 subsuntit

2085 2046 2441 2135 Epiphanius,
2505 2065 2570 2117 de
2617 2063 2725 2116 Deo
2770 2046 3077 2132 quidquam
3121 2072 3318 2115 temere
3380 2060 3667 2129 proloqui:

2086 2174 2209 2211 reor
2240 2156 2354 2211 hare
2402 2155 2497 2208 tibi
2536 2154 2716 2208 minus
2752 2155 3209 2208 auimadvertenti
3242 2154 3531 2208 excidisse.
3569 2151 3671 2202 ιιμ

2084 2250 2310 2320 sponde,
2365 2264 2570 2318 quzeso,
2642 2247 2774 2301 mihi
2807 2248 2872 2301 ad
2923 2248 3079 2301 hzec:
3119 2248 3289 2313 Quam
3323 2248 3392 2299 ob
3437 2261 3660 2299 causam

2086 2342 2353 2397 introduci
2419 2342 2589 2393 voluit
2630 2339 2770 2393 Deus
2811 2340 3023 2393 cultros
3089 2340 3142 2392 in
3187 2340 3445 2391 mundum
3484 2333 3671 2390 hunc?

2087 2434 2285 2503 Utique
2336 2443 2393 2487 ut
2449 2431 2553 2487 illis
2606 2431 2943 2492 scindamus,
2977 2446 3095 2498 qua:
3127 2427 3191 2481 ad
3232 2444 3388 2483 usum
3418 2438 3665 2482 nostrum

2084 2527 2257 2579 scindi
2291 2525 2487 2577 debent
2518 2540 2533 2587 ;
2564 2539 2667 2576 non
2696 2538 2824 2576 vero
2860 2531 2917 2575 ut
2939 2508 3093 2574 alteri
3124 2536 3310 2573 necem
3343 2520 3665 2572 inferamus;

2083 2616 2261 2671 Fuues
2331 2630 2552 2683 quoque
2622 2613 2747 2667 ferit
2795 2611 2959 2677 Dens,
3024 2627 3130 2664 non
3185 2627 3316 2665 sane
3351 2622 3404 2663 ut
3434 2627 3531 2664 nos
3565 2612 3665 2678 ipsi

2081 2705 2505 2775 straugulemus.
2538 2703 2630 2757 sed
2665 2712 2722 2757 ιιι
2751 2702 2817 2757 iis
2846 2706 3039 2756 manus
3090 2701 3373 2769 prehensis
3413 2714 3663 2769 gressum

2084 2803 2381 2855 ﬁrmemus.
2447 2795 2623 2866 Atque
2685 2806 2742 2850 ut
2789 2796 3017 2865 plurima
3077 2792 3294 2847 silentio
3331 2792 3664 2860 prwtcriens,

2080 2893 2146 2946 ad
2172 2891 2527 2959 qumstionem
2556 2890 2887 2957 pr0positam
2924 2886 3142 2939 demum
3186 2893 3447 2944 revertar,
3468 2882 3665 2935 condi-

2079 2987 2159 3040 dit
2190 2999 2407 3053 quoque
2454 2982 2712 3035 feminam
2746 2980 2910 3039 Deus.
2936 2988 2995 3032 ιιι
3050 2985 3326 3031 accrescat
3351 2975 3648 3027 humanum

2081 3093 2250 3147 genus
2306 3085 2361 3131 et
2392 3074 2805 3142 multiplicetur,
2844 3080 2899 3125 ut
2936 3071 3020 3124 vir
3070 3069 3275 3131 omnis,
3297 3067 3386 3136 qui
3420 3066 3663 3120 aninnttn

409 3150 512 3214 πρὸ
549 3148 738 3202 τούτου
773 3149 1061 3202 ἐκδοθέντα
1097 3150 1192 3202 ὑπ’
1216 3148 1383 3202 αὑτοῦ
1417 3149 1552 3219 [καὶ
1586 3153 1643 3200 ὲν
1672 3153 1780 3211 τοῖς
1811 3149 1976 3214 Θείοις

2085 3170 2148 3224 ad
2227 3168 2540 3237 cunjugium
2584 3166 2830 3234 appulit,
2896 3161 3152 3217 feminam
3215 3160 3317 3216 sibi
3368 3160 3666 3227 conjungat

403 3240 754 3309 Εὐαγγελίοις
784 3242 1320 3311 παραγγελλόμενον,
1351 3260 1369 3292 ι
1407 3242 1661 3294 Ἔσονται
1694 3242 1743 3293 oi
1772 3240 1865 3293 δύο
1889 3242 1969 3303 εἰς

404 3332 583 3402 σάρκα
613 3332 741 3402 μίαν
776 3331 823 3405 ι]
855 3351 868 3363 ο
905 3333 992 3387 ἵνα
1050 3333 1233 3406 σκέψῃ
1276 3335 1334 3386 ὲν
1364 3335 1432 3403 τῇ
1462 3333 1677 3403 νεότητί
1730 3350 1847 3398 σου,
1887 3333 1982 3385 καὶ

318 3441 327 3450 ’
405 3424 520 3492 ἴδῃς
546 3428 591 3476 εἰ
626 3424 733 3495 ἄρα
766 3424 896 3497 δύνῃ
940 3424 1300 3493 παρθενεύειν
1343 3427 1528 3495 χάριτι
1560 3425 1767 3495 Κυρίου
1794 3442 1808 3455 ’
1841 3429 1889 3477 εἱ
1927 3425 1981 3477 δὲ

402 3516 464 3571 οὗ
493 3516 644 3588 δύνῃ.
688 3518 773 3569 ἵνα
814 3517 1053 3590 εὑρήοῃς
1098 3518 1321 3583 γύναιον
1370 3518 1590 3588 σεμνὸν,
1629 3518 1856 3585 ἀγαθὸν,
1888 3518 1983 3569 καὶ

404 3613 678 3680 ἐνάρετον,
707 3614 798 3664 καὶ
823 3610 987 3682 βούλῃ
1015 3612 1122 3663 τῶν
1147 3613 1348 3679 γονέων
1376 3612 1460 3664 ἵνα
1491 3612 1628 3683 ἄρῃς
1657 3613 1847 3682 αὐτήν.
1873 3613 1983 3663 Καὶ

405 3706 593 3757 λοιπὸν
617 3704 739 3758 οὔτε
775 3703 983 3773 ἐκείνη,
1015 3702 1139 3755 οὔτε
1172 3706 1235 3756 σὺ
1267 3705 1416 3769 ἕξετε
1450 3703 1702 3769 ἐξουσίαν
1736 3702 1831 3755 τοῦ
1860 3702 1975 3755 ἑτέ-

406 3800 580 3871 ρωθεν
612 3796 1000 3871 ῥεμϐεύεσοαι,
1043 3798 1135 3851 καὶ
1167 3796 1412 3863 ὀφείλετε
1449 3790 1588 3847 εἶναι
1630 3793 1819 3863 ὥσπερ
1863 3794 1981 3857 ζεῦ-

401 3908 499 3959 γος
528 3893 832 3961 τρυγόνων,
868 3891 900 3961 ἢ
940 3891 1114 3959 σεμνά
1149 3890 1244 3943 καὶ
1290 3891 1499 3959 τερπνὰ
1529 3887 1772 3957 ἀδέλφια.
1811 3885 1877 3940 Εἴ
1898 3890 1983 3950 τίς

398 3983 494 4040 οὖν
525 3984 750 4055 φυλάξει
800 3984 943 4037 οὕτω
1001 3984 1100 4055 τὴν
1144 3982 1503 4053 μονογαμίαν,
1539 3979 1731 4051 ὥσπερ
1767 3973 1921 4033 εἶπεν
1954 3981 1981 4032 6

404 4080 633 4151 Κύριος,
687 4080 770 4131 ὅτι
821 4080 880 4130 ἐν
935 4080 1003 4147 τῇ
1054 4075 1349 4130 ἀναστάσει
1395 4072 1799 4140 ἐπιγνώσονται
1833 4068 1981 4127 οὗτοι

405 4172 674 4243 ἀλλήλους
705 4172 763 4222 ὲν
793 4170 999 4240 χάριτι,
1030 4171 1090 4221 οὐ
1125 4168 1311 4237 μέντοι
1357 4165 1528 4219 πάλαι
1582 4162 1771 4233 ὥσπερ
1819 4162 1974 4227 ἐζεύ-

401 4265 629 4335 χοησαν,
664 4263 780 4319 ἀλλ’
809 4263 1026 4315 ἔσονται
1059 4262 1133 4324 ὡς
1164 4261 1386 4328 ἄγγελοι
1410 4259 1566 4313 Θεοῦ.
1595 4258 1695 4311 Διά
1718 4257 1898 4323 τοῦτο,
1940 4258 1968 4309 6

421 4356 734 4423 Ἐπιφάν;ος
782 4350 954 4418 εἶπεν,
997 4356 1028 4423 ή
1084 4354 1220 4423 γυνὴ
1272 4352 1412 4404 me
1442 4352 1533 4403 τὶν
1572 4350 1735 4418 νόμον
1772 4349 1981 4420 Κυρίου

406 4447 697 4515 ζεύγνυται
736 4447 911 4514 ἀνδρὶ,
948 4445 1041 4498 καὶ
1074 4446 1409 4497 συνάπτεται
1443 4443 1600 4513 χάριν
1633 4442 1982 4502 παιδοποιίας

2082 3276 2147 3315 ex
2208 3276 2481 3315 consensu
2506 3274 2567 3311 ac
2590 3259 2865 3311 Voluntate
2904 3254 3108 3318 divina,
3144 3254 3194 3306 id
3240 3262 3322 3307 est
3356 3266 3663 3319 congruen-

2085 3358 2169 3403 ter
2222 3350 2717 3415 convenienterque
2775 3346 2910 3415 legi,
2963 3360 3125 3413 quam
3201 3344 3342 3397 Deus
3385 3342 3497 3410 jam
3553 3346 3665 3408 prt-

2082 3442 2203 3495 dem
2255 3441 2398 3504 tulit,
2447 3442 2612 3508 inque
2645 3438 2819 3492 Sacris
2866 3437 3170 3505 Evangeliis
3216 3433 3525 3504 posteritati
3574 3447 3659 3485 rc-

2089 3532 2266 3601 liquit,
2328 3532 2515 3587 dicens
2549 3547 2562 3561 ·
2592 3547 2609 3580 ι
2656 3529 2825 3582 Erunt
2874 3529 2981 3581 duo
3011 3528 3063 3581 in
3122 3542 3285 3581 carne
3310 3541 3415 3579 una
3446 3526 3509 3590 ⁸⁸,
3543 3543 3561 3576 ι
3604 3532 3665 3577 ut

2078 3628 2403 3691 consideres
2452 3624 2504 3677 iu
2552 3624 2834 3690 iuventute
2896 3629 2984 3672 tua
3018 3627 3071 3671 et
3116 3617 3551 3685 circumspicias,
3590 3626 3659 3667 an

2091 3718 2456 3786 virginitatem
2506 3714 2686 3769 colere
2749 3713 3011 3765 illibatam
3068 3709 3247 3778 possis
3300 3707 3663 3781 pef‘gt'atiam

2084 3808 2205 3873 Dei,
2261 3810 2306 3861 si
2340 3817 2621 3867 ver0.n9n
2678 3803 2877 3875 possis,
2903 3802 3175 3873 pu’dicam,
3216 3802 3436 3865 bonam,
3479 3801 3663 3854 virtuti

2084 3905 2317 3961 deditam
2345 3902 2606 3968 virginem
2629 3914 2865 3968 qttazras,
2901 3913 3061 3964 quam
3090 3913 3119 3948 e
3166 3910 3436 3961 consensu
3471 3909 3665 3962 paren-

2086 4008 2200 4053 tum
2263 4008 2487 4047 uxorem
2512 3990 2609 4045 tibi
2664 3991 2848 4043 duras.
2875 3987 3115 4055 Denique
3170 4002 3267 4039 nec
3312 3986 3412 4048 illi,
3446 4001 3542 4038 nec
3569 3985 3662 4038 tibi

2081 4089 2166 4144 fas
2213 4086 2317 4143 erit
2355 4085 2421 4138 ab
2446 4085 2615 4138 altero
2659 4079 2924 4149 separari,
2959 4079 3051 4133 scd
3092 4077 3272 4130 vivere
3320 4077 3548 4138 debetis,
3585 4078 3659 4129 uti

2087 4197 2186 4251 par
2219 4187 2512 4239 turturum,
2559 4184 2652 4227 aut
2682 4172 2816 4228 casti
2869 4170 3203 4239 jucundique
3259 4166 3476 4220 fratres.
3507 4166 3662 4231 Quod

2085 4274 2129 4328 si
2158 4271 2250 4341 qui
2276 4268 2590 4338 conjugiutn
2625 4268 2699 4319 ita
2739 4280 2802 4317 ex
2839 4270 3103 4332 prmcrpto
3168 4259 3380 4313 Domini
3413 4273 3666 4311 servave-

2086 4365 2218 4428 rint,
2246 4364 2297 4416 iu
2333 4360 3087 4416 resurrectionemortuorum
3129 4362 3463 4421 cognoscent
3513 4350 3664 4401 invi-

2085 4474 2202 4515 cem
2257 4457 2310 4510 in
2338 4454 2533 4524 gratia.
2576 4468 2683 4505 non
2736 4449 2952 4517 quidem
2986 4448 3061 4501 uti
3110 4446 3316 4515 pridem
3365 4442 3663 4511 conjugati,

404 4543 527 4609 οὐχ).
557 4540 611 4592 δὲ
643 4539 804 4609 χάριν
837 4536 1340 4606 δαιμονολαγνείας.
1367 4537 1524 4588 Ὅσοι
1555 4530 1648 4588 οὖν
1688 4536 1981 4606 πορνεύου-

2086 4550 2180 4605 sed
2240 4556 2402 4602 erunt
2468 4545 2611 4600 sicut
2663 4542 2836 4611 angeli
2865 4540 2976 4593 Dei;
3005 4541 3080 4593 Ac
3110 4547 3394 4607 prome-rea
3450 4533 3667 4587 dicebat

408 4652 513 4695 σιν,
547 4633 577 4701 ἢ
617 4630 1042 4702 μοιχεύουσιν,ἢ
1082 4630 1177 4700 τὴν
1229 4629 1531 4699 Σοδομικὴν
1570 4628 1833 4697 ἐργασίαν
1880 4629 1974 4697 ὲρ-

405 4725 686 4791 γάζονται,
718 4718 886 4793 [οὗτοι
918 4723 1221 4791 γνώσονται
1251 4724 1309 4772 ἐν
1353 4723 1418 4791 τῇ
1446 4720 1565 4789 ὥρᾳ
1610 4719 1702 4771 τοῦ
1739 4719 1971 4771 Θανάτου

402 4819 454 4869 τί
481 4816 663 4877 αὐτοῖς
694 4815 1020 4885 ἡτοίμασται
1049 4813 1161 4885 (Η)
1193 4829 1205 4842 ·
1240 4811 1259 4883 ]
1295 4812 1418 4864 ἐπεὶ
1448 4814 1650 4878 ἀρτίως
1683 4811 1973 4876 παίζουσιν

401 4909 591 4978 ὥσπερ
616 4906 1005 4975 τετυφλωμένα
1025 4907 1196 4974 κτήνη
1228 4905 1321 4957 καὶ
1351 4903 1673 4973 ἀναίσθητα.
1712 4897 1835 4955 Οἷον
1866 4906 1974 4974 γάρ

398 5006 463 5057 τὸ
510 5003 741 5074 φοϐερὸν
790 5004 969 5053 ἐκεῖνο
1010 5000 1142 5070 πῦρ,
1177 5002 1204 5050 6
1236 4998 1482 5068 βρυγμὸς
1525 4999 1633 5051 τῶν
1660 4998 1911 5062 ὀδόντων,
1949 5001 1977 5052 6

403 5096 685 5166 κλαυθμὸς
716 5098 742 5148 ὁ
777 5093 1168 5163 ἀπαράκλητος
1192 5133 1207 5158 ,
1260 5092 1321 5143 τό
1373 5093 1565 5153 σκότος
1593 5092 1654 5144 τὸ
1688 5091 1976 5163 ἑξώτερονδ

400 5190 451 5241 ci
483 5190 670 5259 δήμιοι
697 5189 897 5240 ἐκεῖνοι
922 5186 1167 5253 ἄγγελοι,
1208 5185 1258 5236 οἱ
1310 5184 1407 5247 τὰς
1441 5184 1703 5253 πυρίνους
1747 5185 1977 5253 ῥάϐδους

402 5282 751 5349 κατέχοντες,
780 5278 874 5330 καὶ
905 5277 1202 5339 τύπτοντες
1235 5278 1364 5338 τοὺς
1394 5277 1518 5342 ἐμοὶ
1552 5276 1769 5345 ὁμοίους
1798 5276 1978 5343 ἀμαρ-

399 5377 629 5441 τωλοὺς,
656 5375 783 5437 τοὺς
814 5373 1112 5444 μέλλοντας
1140 5374 1219 5434 εἰς
1260 5372 1319 5424 τὸ
1352 5370 1464 5439 πῦρ
1494 5371 1671 5421 ἐκεῖνο
1710 5370 1768 5422 τὸ
1814 5371 1979 5423 ἄσϐε-

430 5487 528 5523 τον
585 5466 1023 5538 ὲμϐιόἀζεσθαι;
1061 5466 1175 5519 Νῦν
1232 5462 1324 5519 οὖν
1376 5463 1469 5515 καὶ
1526 5467 1615 5528 σὺ,
1652 5467 1698 5516 εἰ
1732 5466 1793 5517 οὐ
1849 5463 1979 5536 δύνῃ

473 5631 517 5663 ⁸⁸
544 5628 740 5686 Matth.
770 5642 860 5683 χιχ
882 5667 896 5691 ,
924 5628 979 5681 5.

2082 4641 2439 4713 Epiphanius,
2488 4640 2604 4692 viro
2637 4634 2897 4704 conjungi
2931 4642 3093 4701 atque
3148 4629 3424 4683 adhaerere
3467 4628 3665 4681 debere

2086 4736 2372 4789 mulierem
2402 4735 2764 4798 congruenter
2789 4726 3279 4792 c0nvenienterque
3310 4721 3410 4790 legi
3445 4720 3663 4780 divime,

2087 4824 2289 4879 liberos
2350 4819 2697 4892 procreandi.
2764 4832 2869 4870 non
2922 4815 3227 4869 immodicae
3278 4829 3343 4867 ac
3383 4811 3667 4865 diabolica:

2086 4914 2325 4969 lubidinis
2359 4927 2544 4966 causa.
2583 4910 2908 4977 Quicunque
2939 4907 3103 4976 igitur
3145 4915 3476 4967 scortantur.
3509 4903 3667 4958 adul-

2086 5018 2351 5071 terantur,
2398 5013 2491 5057 aut
2556 5001 2891 5056 Sodouiitico
2946 5000 3140 5054 sceleri
3194 5000 3520 5068 indulgent,
3572 5013 3665 5050 cu-

2084 5107 2347 5167 gnosceut
2388 5096 2705 5165 aliquando,
2739 5110 2863 5147 cum
2898 5109 3047 5148 mors
3083 5093 3493 5162 supervenerit,
3532 5089 3660 5159 quid

2077 5190 2178 5243 sibi
2224 5195 2469 5258 paratum
2525 5188 2617 5250 sit,
2660 5187 2789 5257 quia
2846 5186 3006 5241 modo
3060 5187 3198 5241 hanc
3245 5187 3430 5243 vitam,
3459 5182 3535 5234 uti
3571 5199 3659 5233 ue-

2077 5290 2274 5335 ctecata
2314 5295 2590 5348 sensuque
2621 5279 3174 5349 destitutajumenta,
3202 5275 3433 5329 ludendo
3461 5270 3661 5324 transi;

2078 5385 2231 5443 guut.
2300 5372 2486 5437 Qualis
2562 5370 2708 5424 enim
2788 5370 3005 5425 futurus
3078 5378 3163 5423 est
3230 5364 3487 5420 terribilis
3557 5362 3661 5416 ἱειὸ

2080 5466 2267 5537 ignis?
2316 5464 2440 5534 quis
2469 5464 2708 5519 dentium
2752 5462 2984 5517 stridor?
3036 5461 3158 5529 quis
3207 5458 3474 5526 ploratus,
3512 5444 3658 5510 nulla!

476 5798 590 5869 (ll)
652 5798 750 5854 Ms.
796 5797 990 5863 Vatia,
1062 5795 1275 5853 ξἰονται
1304 5797 1369 5871 ’,ὁ
1404 5794 1507 5867 γᾶρ
1562 5794 1809 5864 Θάνατος,
1845 5796 1972 5851 ὅταν

2085 5796 2140 5862 )r,
2178 5795 2260 5847 ἐπ’
2298 5796 2493 5857 αιτιίς,
2536 5792 2852 5858 γνῲςονται.
