4088 6216
309 265 412 327 769

1503 270 1684 334 VITA
1726 267 1786 327 S.
1827 264 2155 326 ANDREIE
2195 265 2387 326 SALl.

3440 259 3546 319 771)

307 375 515 428 llmnini
590 377 749 446 potiri
791 379 842 430 in
872 376 1065 442 jndicii
1129 380 1215 434 die
1253 397 1266 435 :
1305 379 1439 434 nihil
1476 381 1676 449 quippe
1704 377 1894 438 nobis,
1939 376 2017 429 uti
2045 375 2156 444 jam
2201 375 2412 441 monui,
2441 375 2640 431 solatio
2698 375 2821 430 istic
2851 381 2943 428 aut
2980 373 3224 428 subsidio
3261 374 3381 438 crit,
3419 388 3552 441 prte-

304 477 550 535 terquani
601 469 712 523 sola
753 470 968 542 benigni
1027 474 1237 527 Domini
1283 472 1677 531 misericordia,
1713 480 1768 525 et
1795 471 1932 523 bona
1954 483 2074 538 quae
2104 466 2396 522 fecerimus
2428 481 2615 538 opera.

1725 626 1954 685 CAPUT
1990 627 2102 682 XVI

791 766 1231 838 Pra’fntijuvcnis
1285 771 1558 824 damnatio
1583 771 1646 822 ab
1679 768 1886 822 Audrea
1924 776 2248 836 prwoslensa
2281 761 2599 832 Epiphanio,
2627 779 2848 834 moxque
2872 771 3069 818 secuta.

375 903 625 975 ρκβ’.Ὢς
644 905 697 958 δὲ
727 907 902 962 ταῦτα
923 909 1117 976 ὡμίλει
1150 912 1510 979 ὀἘπιφάνιος
1540 913 1619 982 τῷ
1643 912 1889 982 Ἰωάννῃ,
1921 921 1967 975 Α

306 997 587 1064 αἰφνιδίως
618 999 815 1068 εὑρέθη
851 1002 877 1052 ὁ
912 1001 1181 1071 μακάριος
1221 1003 1476 1073 Ἀ·-.δρέας
1523 1007 1701 1057 ἐκεῖσε
1739 1005 1883 1074 διερ-

307 1090 580 1160 χόμενος·
643 1091 740 1144 καὶ
790 1091 864 1153 ὡς
919 1092 1185 1147 ἐθεάσατο
1239 1096 1399 1148 αὑτὸν
1457 1099 1485 1149 6
1547 1096 1881 1164 Ἐπιφάνιος,

306 1183 546 1245 ἀναστὰς
573 1183 804 1252 ταχέως,
829 1185 925 1237 καὶ
947 1186 1108 1253 ἀφεὶς
1130 1186 1221 1240 τὸν
1259 1188 1534 1259 Ἰωάννην,
1565 1190 1717 1242 ἀπίει
1748 1189 1884 1258 πρὸς

306 1275 396 1326 τὸν
430 1274 718 1344 Μακάρων
750 1291 765 1306 ο
817 1278 912 1328 καὶ
951 1277 1240 1346 γενόμενοι
1271 1281 1327 1331 έν
1355 1279 1660 1350 ἀποκρύφῳ
1711 1281 1882 1349 τόπῳ,

312 1366 544 1436 ἦρξαντὸ
576 1383 696 1418 τινα
725 1367 1064 1421 θεόπνευστα
1093 1370 1316 1440 ῥήματα
1362 1373 1572 1440 ὁμιλεῖν
1604 1373 1711 1426 τῶν
1742 1372 1780 1424 Γ
1785 1388 1886 1442 ρα-

306 1459 447 1523 φών.
493 1457 814 1511 ’Υπολαὸὼν
837 1460 895 1512 δὲ
923 1462 952 1513 6
976 1462 1266 1533 Μακάριος
1298 1465 1435 1536 πρὸς
1455 1465 1544 1518 τὸν
1568 1458 1885 1533 Ἐπΐφάνιον

308 1547 414 1616 εφη
441 1563 456 1578 ’
491 1545 682 1617 οἶμαι,
713 1542 758 1602 ὦ
789 1550 1018 1620 φίλτατε
1082 1570 1185 1624 μου
1236 1557 1331 1609 καὶ
1377 1556 1693 1628 μελίρῥυτε,
1741 1558 1884 1621 οἵους

306 1640 500 1706 λόγους
531 1643 622 1692 καὶ
654 1641 930 1712 μυρίπνοα
968 1643 1192 1714 ῥήματα
1212 1647 1290 1716 τῷ
1322 1647 1427 1715 νέῳ
1466 1649 1658 1719 ἐκείνῳ
1688 1649 1764 1720 τῷ
1788 1652 1885 1702 σύν

309 1747 392 1782 σοι
443 1731 549 1803 πρὸ
576 1732 676 1802 τῆς
714 1733 868 1806 ὥρας
894 1735 1234 1803 καθεσθέντι,
1267 1739 1350 1802 εἰς
1414 1741 1596 1810 μάτην
1645 1743 1884 1794 κεκένω-

308 1836 435 1882 κας.
461 1821 624 1888 Λέγει
669 1822 985 1891 Ἐπιφάνιος
1011 1841 1024 1858 ·
1055 1827 1153 1890 Εἰς
1186 1829 1366 1899 μάτην
1398 1847 1412 1896 ;
1440 1832 1582 1884 κατὰ
1613 1830 1736 1885 τινα
1763 1833 1886 1902 τρό-

309 1928 410 1964 πον
447 1927 462 1975 ;
499 1913 644 1982 Ἔφη
669 1915 697 1966 6
730 1915 918 1978 Ὀσιος
948 1932 963 1946 ο
1001 1919 1116 1971 Οὐκ
1145 1921 1526 1976 εεσακούσεταί
1564 1941 1658 1978 σου
1688 1926 1769 1990 εἰς
1795 1927 1885 1979 τὸν

307 2004 480 2056 αἰῶνα
507 2043 521 2067 ,
561 2005 684 2056 ἐπεὶ
724 2006 926 2077 σφόδρα
968 2009 1116 2062 ἐστὶν
1166 2009 1532 2077 ἐξωλέστατος
1569 2031 1583 2046 ·
1635 2012 1759 2093 syth.
1778 2016 1886 2084 γὰρ

315 2095 467 2162 ἤμην
491 2094 627 2163 πρὸς
665 2095 809 2164 ὑμᾶς
851 2097 928 2165 τῷ
970 2100 1260 2168 πνεύματι,
1307 2103 1545 2174 ὁπηνίκα
1584 2106 1720 2177 πρὸς
1758 2108 1885 2162 ἑαυ-

307 2188 434 2244 τοὺς
484 2186 892 2244 διεσκέπτεσθε.
958 2191 1199 2263 Πρόσεχε
1257 2194 1337 2260 δὲ,
1401 2197 1522 2251 τινα
1562 2199 1699 2251 εἰσὶν
1741 2201 1882 2271 ἅπερ

310 2278 659 2346 συμϐήσεται
702 2282 852 2353 αὐτῷ
897 2285 958 2336 ο)
1013 2287 1154 2353 μετὰ
1216 2287 1385 2340 πολὺν
1414 2291 1606 2359 χρόνον
1647 2291 1751 2345 ἀπὸ
1785 2292 1886 2362 τῆς

308 2371 678 2440 προκειμένης
707 2372 879 2442 ὥρας,
931 2376 997 2428 δι’
1026 2370 1100 2429 ὧν
1139 2379 1256 2430 ἐστι
1296 2379 1495 2450 πόρνος
1539 2382 1634 2435 καὶ
1698 2387 1885 2454 μοιχὸς

307 2467 398 2513 και
429 2463 814 2534 ἀρσενοκοίτης
840 2467 900 2519 τὸ
930 2467 1355 2539 βδελυρώτατον.
1396 2473 1509 2542 Πρὸ
1533 2474 1725 2542 ὀλίγων
1752 2479 1889 2544 ἡμε-

316 2552 426 2618 ρῶν
462 2555 685 2624 ἔμελλεν
714 2559 742 2609 6
773 2559 975 2628 Κύριος
1012 2559 1392 2626 ὲξολοθρεῦσαι
1425 2565 1587 2618 αὐτὸν
1628 2568 1736 2620 ἀπὸ
1785 2568 1884 2636 τῆς

307 2644 432 2711 γῆς,
459 2643 526 2694 δι’
546 2638 622 2698 ὧν
653 2645 826 2700 θλίὸει
858 2649 1024 2702 αὑτοῦ
1053 2652 1113 2702 τὸ
1145 2652 1370 2721 Πνεῦμα
1400 2655 1460 2706 τὸ
1488 2655 1642 2722 ἅγιον
1674 2659 1731 2710 έν
1766 2660 1887 2721 ταῖς

306 2735 573 2812 ﬁcanti;
605 2739 772 2792 αὐτοῦ
808 2743 1196 2813 πορευόμενος.
1235 2746 1507 2815 ’ῌτήσατο
1532 2748 1589 2801 δὲ
1640 2749 1731 2801 τὸν
1771 2750 1886 2802 Κύ-

308 2844 427 2896 ριον
456 2831 483 2881 ὁ
516 2831 768 2898 ἄγγελος,
804 2835 832 2886 6
868 2833 1164 2902 φυλάσσων
1213 2837 1376 2890 αὑτοῦ
1420 2841 1518 2909 τὴν
1563 2840 1764 2911 ψυχὴν,
1801 2840 1884 2893 6o-

309 2919 473 2990 θῆναι
527 2924 676 2992 αὐτῷ
721 2927 858 2996 ὅρον·
898 2930 1190 2996 μετανοίας
1250 2929 1350 2985 κᾶν
1406 2931 1500 2984 ἕνα
1550 2933 1764 3002 καιρὸν,
1795 2933 1889 2985 καὶ

305 3014 577 3084 ἐπήκουσε
630 3016 836 3087 Κύριος
881 3020 910 3072 6
962 3020 1092 3081 Θεὸς
1138 3021 1232 3076 τοῦ
1279 3023 1534 3091 ἀγγέλου,
1596 3025 1690 3077 καὶ
1731 3024 1888 3095 ἐδόθη

305 3103 458 3174 αὐτῷ
501 3108 746 3171 ἐνιαυτὸς
805 3111 1052 3181 ἡμερῶν,
1094 3113 1346 3183 καθάπερ
1378 3115 1618 3184 ᾐτήσατο
1661 3117 1689 3167 6
1727 3116 1891 3183 ἄγγε-

305 3196 416 3259 λος.
465 3198 802 3254 Ἐνετεελατο
856 3202 912 3255 δὲ
951 3203 978 3255 6
1008 3203 1220 3268 δίκαιος
1257 3207 1450 3276 κριτὴς
1479 3207 1556 3276 τῷ
1588 3207 1686 3276 τῆς
1713 3207 1890 3277 λύμης

309 3289 651 3357 ὀλοθρεύοντι
700 3293 842 3362 ἁγίῳ
867 3295 1107 3366 ἀγγέλῳ,
1132 3296 1258 3349 Ἐὰν
1283 3296 1496 3352 ἔνδοθεν
1527 3297 1626 3368 τῆς
1655 3297 1891 3368 ὁρισθείο

308 3399 409 3452 σης
456 3385 726 3455 aspexi};
783 3387 1057 3458 μεταγνῷ,
1102 3383 1162 3442 οὗ
1205 3388 1270 3441 ἂν
1311 3389 1424 3459 ἔχοι
1451 3405 1467 3421 ο
1512 3391 1560 3443 εἰ
1619 3390 1676 3444 δὲ
1725 3391 1887 3460 μήγε,

305 3475 508 3544 χρῆσαι
541 3475 688 3546 αὑτῷ
736 3481 802 3549 τῇ
831 3477 936 3547 ἰδίᾳ
965 3480 1062 3549 τῆς
1098 3480 1314 3550 σήψεως
1362 3484 1600 3554 ἀνάγκῃ,
1639 3482 1762 3552 ἧτις
1797 3482 1910 3534 καὶ

308 3564 556 3618 διαλύσει
613 3569 710 3630 τὰς
762 3569 1028 3638 ἁρμονίας
1083 3570 1284 3636 αὑτοῦ,
1353 3573 1450 3624 καὶ
1514 3573 1889 3645 καταρῤεῦσαι

308 3657 528 3725 ποιήσει
556 3660 656 3720 τὰς
689 3659 900 3730 σάρκας
954 3660 1144 3726 αὐτοῦ,
1192 3663 1288 3715 καὶ
1318 3662 1464 3716 οὕτω
1520 3663 1619 3734 τὴν
1650 3665 1889 3733 ἐλεεινὴν

308 3744 476 3797 αὑτοῦ
501 3746 679 3816 ψυχὴν
709 3751 791 3812 εἰς
823 3749 914 3802 τὸν
945 3749 1079 3821 ᾅδην
1111 3752 1496 3821 παραπέμψει.
1543 3753 1685 3805 Ἀλλ’
1733 3749 1890 3818 οὗτος

305 3831 388 3893 εἰς
418 3834 713 3904 ἀνονήτους
740 3836 1048 3915 φληναφίας
1089 3842 1184 3892 καὶ
1217 3841 1379 3894 αὑτὸν
1430 3841 1518 3894 τὸν
1567 3845 1759 3915 καιρὸν
1791 3863 1889 3900 κα-

303 3923 672 3995 τεδαπάνησε,
720 3909 816 3980 καί
887 3928 1041 3982 οὐδὲν
1076 3929 1368 4002 ὠφελήσας
1421 3932 1521 4002 τὴν
1567 3909 1737 4004 ὀργὴν
1760 3938 1891 3988 ἐπε-

310 4016 579 4070 σπάσατο.
633 4018 741 4070 Καὶ
794 4019 914 4072 οὐαὶ
960 4019 1038 4091 τῷ
1081 4021 1411 4094 φιλοπὸρνῳ,
1455 4024 1530 4094 τῷ
1552 4023 1772 4095 ἐλεεινῷ
1795 4026 1889 4080 καὶ

307 4104 522 4176 βεϐήλῳ
546 4108 639 4160 καὶ
664 4110 994 4181 ταλαιπώρῳ
1021 4114 1034 4166 ι
1068 4115 1226 4167 ἱκανά
1253 4118 1359 4185 γὰρ
1383 4117 1889 4187 μεταμεληθήσεται

305 4198 365 4248 ἐν
397 4202 692 4263 σκοτεινοῖς
721 4205 816 4255 καὶ
847 4205 972 4273 σκιᾷ
1001 4203 1234 4260 θανάτου
1257 4206 1642 4278 καθεζόμενος,
1664 4209 1758 4263 καὶ
1781 4210 1889 4276 τῶν

305 4288 483 4356 λόγων
514 4308 607 4344 σου
643 4293 751 4347 τῶν
773 4292 1146 4348 Οεοπνεὺστων
1172 4298 1541 4367 μεμνημένος.

384 4594 524 4665 ρκγ’.
546 4597 708 4664 Λέγει
733 4597 869 4666 πρὸς
893 4599 1380 4669 αὑτὸνἝπιφάνιος
1405 4618 1421 4634 ο
1452 4603 1624 4674 Κύριὲ
1661 4623 1765 4675 μου
1793 4649 1806 4672 ,
1837 4607 1887 4659 εἰ

306 4689 572 4753 κελεύεις,
592 4691 878 4758 ἀναγγελῶ
894 4693 1042 4762 αὐτῷ
1057 4691 1250 4757 ταῦτα,
1275 4695 1419 4761 ἅπερ
1445 4713 1534 4765 μοι
1563 4697 1885 4767 λελάληκαςο

309 4783 444 4844 ἴσως
507 4783 876 4836 εἰσελεύσεται
938 4787 1018 4847 εἰς
1075 4787 1173 4857 τὴν
1223 4788 1453 4856 καρδίαν
1504 4790 1669 4843 αὐτοῦ
1723 4791 1885 4859 φόϐος

309 4873 540 4939 Κυρίου,
574 4876 669 4926 καί
703 4876 1101 4946 μεταμεληθεὶς
1147 4880 1466 4952 ἀποστρέψῃ
1493 4880 1600 4932 ἀπὸ
1627 4882 1724 4952 τῆς
1762 4883 1884 4936 ὁδ’,ὖ

2069 910 2190 965 1‘22.
2236 910 2314 964 lla
2374 911 2518 964 inter
2569 922 2630 962 se
2680 908 3118 976 colloquentihus
3168 903 3470 976 Epiphanio
3519 914 3569 958 et

1992 1003 2223 1068 Joanne,
2246 1001 2427 1055 subito
2449 1001 2571 1054 illac
2589 1002 2880 1070 praeterivit
2897 1001 3090 1056 beatus
3105 999 3348 1053 Andreas
3372 1015 3385 1059 ;
3411 1015 3570 1068 quem

1993 1104 2054 1146 ut
2084 1092 2216 1146 vidit
2262 1091 2618 1161 Epiphanius,
2674 1090 2903 1145 dimisso
2957 1090 3187 1156 Joanne,
3217 1089 3397 1143 statim
3433 1104 3569 1142 con-

1992 1184 2141 1237 venit
2169 1198 2266 1238 :ac
2327 1183 2645 1238 secedentes
2695 1182 2858 1238 simul
2911 1184 2964 1237 in
2998 1184 3178 1238 locum
3221 1199 3248 1235 a
3277 1183 3448 1237 turbis
3483 1199 3572 1236 re-

1995 1281 2226 1335 motum,
2289 1281 2573 1342 coeperunt
2631 1287 2910 1328 sermones
2972 1274 3039 1328 de
3085 1289 3240 1329 sacra
3288 1272 3569 1343 Scriptura

1991 1365 2252 1420 divinitus
2319 1368 2612 1435 inspiratos
2636 1366 2898 1432 miscere;
2927 1365 3006 1422 sic
3040 1367 3275 1436 primum
3327 1367 3569 1435 compel-

1992 1456 2136 1510 lante
2199 1455 2558 1526 Epiphaniam
2637 1457 2852 1511 Andrea
2900 1474 2914 1511 :
2962 1457 3192 1526 Assequi
3251 1472 3336 1510 me
3396 1467 3566 1526 puto,

1993 1549 2347 1603 dlectissime
2365 1549 2794 1619 suavissimeque
2812 1549 3152 1614 adolescens,
3171 1549 3384 1618 qualem
3409 1551 3571 1604 modo

1993 1640 2316 1705 orationem,
2371 1654 2534 1710 quam
2593 1642 2780 1696 suavia
2825 1640 2892 1696 ad
2948 1643 3225 1710 juvenem,
3277 1640 3430 1695 lateri
3477 1650 3572 1695 tuo

1995 1731 2350 1795 assidentem,
2405 1731 2566 1786 verba
2615 1731 2838 1798 feceris;
2898 1733 2991 1786 sed
3049 1732 3102 1786 in
3150 1747 3370 1786 vanum.
3405 1731 3568 1798 Quid,

1995 1823 2072 1876 ait
2126 1821 2482 1893 Epiphanius,
2541 1825 2594 1877 in
2652 1822 2898 1878 vanum?
2958 1824 3356 1890 quauohrem?
3409 1826 3568 1890 Quia,

1992 1915 2284 1983 respondet
2323 1912 2580 1976 Sanctus,
2632 1913 2919 1984 insigniter
2958 1913 3195 1967 lascivus
3239 1923 3342 1974 est,
3379 1929 3483 1966 non
3521 1923 3573 1966 te

1993 2003 2175 2058 audiet
2205 2004 2258 2057 in
2291 1987 2552 2057 mternum
2576 2021 2591 2068 ;
2619 2019 2718 2074 ego
2761 2019 2996 2074 namque
3025 2004 3178 2058 vobis
3213 2005 3574 2073 collnquemi-

1993 2095 2094 2150 bus
2131 2096 2183 2148 in
2219 2096 2413 2165 spiritu
2450 2096 2623 2150 adfui.
2661 2097 2864 2166 Accipe
2916 2113 3076 2162 vero,
3108 2113 3228 2167 quae
3260 2097 3457 2151 misero
3487 2097 3570 2152 is'i

1993 2187 2291 2240 t-hveutura
2341 2196 2471 2242 sunt
2533 2202 2638 2242 non
2696 2190 2865 2242 multo
2914 2199 3056 2259 pust,
3095 2200 3382 2258 prapterra
3428 2193 3571 2259 quod

1917 2277 1958 2333 Β
1989 2289 2281 2342 scortator,
2341 2280 2574 2342 adulter,
2612 2281 2981 2335 masculorum
3029 2284 3350 2335 concubitor
3379 2283 3447 2335 sit
3483 2299 3567 2333 ne-

1991 2368 2364 2424 fandissimus.
2395 2370 2591 2427 Paucis
2621 2372 2817 2426 abhinc
2843 2374 3033 2428 diebus
3063 2375 3373 2428 sublaturus
3421 2373 3570 2428 illum

1988 2477 2051 2516 ac
2105 2463 2502 2531 disperditurus
2553 2475 2724 2517 erata
2762 2476 2906 2518 terra
2945 2463 3230 2528 Dominus,
3271 2467 3415 2533 quod
3446 2482 3567 2534 per-

1989 2563 2141 2608 stans
2169 2555 2218 2606 in
2254 2555 2590 2624 turpitudine
2616 2571 2713 2610 sua
2764 2556 3111 2610 contristat-et
3143 2555 3406 2627 Spiritum
3437 2574 3566 2611 sau-

1989 2655 2134 2699 ctum
2171 2661 2183 2697 :
2215 2663 2336 2698 cum
2390 2648 2637 2718 angelus,
2699 2648 2787 2702 cui
2855 2663 2986 2702 cura
3043 2649 3235 2703 animae
3274 2650 3416 2705 illius
3451 2667 3570 2704 scr-

1988 2737 2179 2791 vandae
2227 2739 2552 2793 demandata
2603 2749 2720 2802 est,
2781 2740 3121 2795 interccdcns
3147 2756 3245 2810 pro
3279 2741 3397 2811 ipso
3427 2742 3571 2810 apud

1992 2827 2307 2895 Dominum,
2357 2833 2590 2900 spatium
2629 2832 2926 2902 ptenitendi
2979 2847 3182 2886 annum
3231 2835 3422 2887 saltem
3452 2837 3572 2886 uni-

1991 2937 2112 2976 cum
2181 2924 2329 2992 petiit
2367 2924 2755 2994 obtinuitque;
2845 2925 3170 2980 exaudiente
3228 2923 3457 2979 Domino
3519 2940 3574 2982 et

1990 3019 2340 3080 concedente,
2398 3029 2456 3073 ut
2505 3036 2569 3073 cx
2630 3028 2755 3074 voto
2799 3018 2971 3089 angeli
3007 3003 3196 3073 annus
3223 3034 3364 3074 unus
3391 3021 3574 3073 adole-

1992 3109 2160 3162 εει-ιιιί
2216 3109 2455 3164 daretur.
2498 3107 2761 3178 Praecepit
2823 3123 3042 3178 quoque
3076 3108 3219 3162 idem
3266 3109 3570 3175 Deminus,

1986 3196 2151 3267 judcx
2181 3199 2380 3264 justus,
2405 3207 2595 3266 parato
2620 3199 2673 3252 in
2700 3199 2994 3268 perniciem
3032 3209 3276 3253 nostram
3304 3200 3446 3254 malo
3479 3216 3573 3269 ge-

1991 3290 2105 3352 nio,
2161 3299 2219 3342 ut
2268 3290 2313 3344 si
2349 3301 2491 3360 ante
2520 3290 2818 3359 praescripti
2878 3291 3137 3361 ternpmis
3177 3291 3466 3347 decursum
3503 3294 3569 3346 ad

1991 3380 2364 3450 ptenitentiam
2418 3381 2682 3450 adjiceret
2733 3380 3001 3449 animum,
3055 3383 3240 3438 salvus
3277 3392 3453 3452 esset;
3485 3386 3569 3440 sin

1992 3484 2196 3539 autem,
2230 3485 2288 3529 ut
2321 3475 2422 3529 sibi
2487 3476 2638 3529 illum
2673 3475 2975 3530 vindicaret
3027 3477 3285 3547 perniciei
3325 3480 3577 3534 destina~

1994 3576 2129 3630 tum,
2163 3575 2220 3619 ut
2246 3567 2612 3621 membrorum
2655 3567 3034 3637 compaginem
3072 3567 3416 3631 dissolveret,
3450 3585 3571 3622 car-

1992 3672 2112 3710 nem
2146 3658 2506 3730 putrefacmm
2557 3657 2804 3714 drﬂluere
2840 3658 3062 3725 faceret,
3106 3663 3294 3731 sicque
3329 3663 3568 3716 animam

1993 3749 2356 3803 miserabilem
2421 3751 2487 3804 ad
2545 3766 2733 3804 orcum
2793 3751 3104 3808 deduceret.
3139 3753 3244 3808 Sed
3275 3753 3405 3809 Aliud
3435 3771 3566 3824 qun-

1990 3851 2097 3906 que
2153 3847 2370 3908 tempus
2418 3841 2576 3908 nugis
2635 3842 3570 3915 inutilibusimpenditperdiditquc

1993 3927 2202 3992 infelix,
2265 3945 2328 3984 ac
2395 3930 2532 3984 nihil
2576 3933 2800 3986 onmino
2847 3931 2916 3986 ad
2941 3934 3138 3988 animae
3185 3950 3299 3989 sua:
3337 3936 3569 3992 salutent

1991 4019 2299 4089 proficiens,
2353 4022 2486 4075 iram
2532 4023 2583 4076 in
2616 4031 2780 4092 caput
2831 4039 2987 4078 suum
3032 4025 3273 4079 divinam
3304 4043 3569 4096 pI‘OVtCt-

1991 4113 2088 4166 vit.
2159 4110 2252 4167 Vae
2314 4113 2519 4168 homini
2574 4113 2875 4182 luxurioso,
2935 4134 2964 4169 ιι
2991 4116 3264 4182 iserabiti,
3319 4121 3567 4188 impuro,

1994 4207 2334 4274 miserando;
2382 4224 2541 4277 quam
2603 4209 2814 4273 crebro,
2863 4224 2986 4263 cum
3014 4209 3064 4263 in
3096 4209 3334 4264 tenebris
3357 4224 3410 4263 et
3443 4228 3566 4263 unt-

1989 4298 2084 4351 bra
2119 4299 2307 4352 mortis
2342 4300 2574 4366 sedebit,
2600 4301 2973 4370 puniitentiam
3007 4302 3374 4372 nequidquam
3397 4305 3570 4359 duci:-

1989 4397 2096 4451 tur,
2149 4405 2426 4460 nunquam
2459 4409 2564 4446 non
2608 4409 2815 4448 memor
2865 4394 3302 4448 aduionitionum
3353 4405 3572 4451 tuarum

1989 4478 2252 4537 divinitus
2276 4483 2666 4553 inspirat-arum
2691 4487 2704 4538 l

2063 4597 2183 4652 1‘25.
2235 4596 2371 4652 Tum
2436 4614 2564 4654 ιοιό
2615 4599 2992 4670 Epiphanius:
3027 4599 3258 4656 Domine
3315 4599 3426 4667 mi,
3457 4601 3568 4666 ait,

1990 4688 2032 4741 si
2069 4688 2140 4741 ita
2171 4687 2356 4758 juhes,
2395 4691 2720 4744 renuntiabo
2751 4692 2954 4745 homini
2989 4693 3081 4747 isti
3112 4694 3225 4748 haec
3248 4693 3392 4748 dicta
3441 4704 3568 4759 tua;

1988 4779 2112 4847 quis
2164 4781 2269 4833 scit
2305 4796 2370 4833 an
2405 4781 2568 4835 timor
2605 4780 2813 4835 Domini
2851 4793 3219 4851 occupaturus
3267 4787 3338 4839 sit
3364 4801 3463 4840 cor
3503 4787 3571 4838 il-

1990 4870 2115 4937 lius,
2179 4873 2557 4940 paenitentiam
2611 4873 2788 4927 acturi
2843 4883 2897 4928 et
2917 4876 3238 4931 declinaturi
3286 4891 3317 4932 a
3385 4879 3469 4930 via
3516 4879 3569 4929 in

305 4962 474 5015 αὑτοῦ
524 4964 624 5032 τῆς
670 4968 936 5036 πονηρᾶς.
987 4967 1132 5038 Ἔφη
1171 4968 1199 5021 6
1250 4970 1536 5040 Μακάριος
1571 4985 1586 4999 ·
1619 4971 1683 5022 Εἰ
1711 4973 1884 5025 ταῦτα

1989 4976 2094 5031 qua
2128 4961 2374 5032 graditur
2414 4963 2648 5033 pessinra
2671 4964 2694 5018 ?
2717 4965 2796 5018 Ad
2826 4965 2938 5020 haec
2970 4967 3162 5021 beatus
3181 4968 3429 5022 Andreas
3462 4984 3474 5020 :
3512 4967 3567 5020 Si

304 5059 456 5127 ἐρεῖς
481 5057 648 5128 αὐτῷ,
680 5059 1006 5128 γελάσεται·
1056 5062 1177 5125 ὅλος
1210 5065 1320 5134 γάρ
1365 5065 1483 5116 ἐστι
1545 5067 1892 5136 πεπωρωμέ-

305 5166 396 5211 νος
435 5150 528 5203 τοῦ
581 5152 682 5221 τῆς
711 5153 970 5224 πορνείας
988 5155 1262 5224 δαίμονος.
1304 5156 1444 5209 Ἀλλ’
1473 5154 1593 5211 οὑδὲ
1625 5160 1652 5211 6
1691 5157 1894 5228 Κύρος

305 5242 377 5294 τά
398 5244 623 5297 τοιαῦτα
648 5245 798 5313 λέγει
832 5247 941 5299 τινὶ
965 5247 1059 5300 τεῦ
1094 5248 1462 5318 ἐπιστρέφειν·
1491 5249 1592 5302 οὐκ
1637 5249 1753 5303 ἔστι
1785 5252 1893 5320 γὰρ

304 5331 465 5384 τοῦτο
495 5335 778 5404 συμφέρον
806 5335 958 5404 αὖτῷ
994 5353 1008 5368 ο
1039 5337 1089 5388 εἰ
1117 5338 1226 5406 γὰρ
1254 5331 1324 5407 ἦν
1357 5337 1657 5407 συμφέρον,
1698 5341 1725 5390 6
1756 5337 1888 5400 θεὸς

303 5422 373 5476 ἂν
407 5428 519 5488 τοῖς
549 5426 723 5481 ἅπασι
755 5429 853 5498 τὴν
880 5427 1033 5500 ὥραν
1088 5427 1182 5483 τοῦ
1212 5429 1442 5483 θανάτου
1472 5431 1569 5481 καὶ
1614 5430 1712 5500 τὴν
1747 5429 1885 5499 ἡμέ-

301 5533 409 5586 ραν
443 5519 510 5572 δι⁹
555 5519 804 5588 ἀγγέλων
852 5523 1110 5592 ἐμήνυεν.
1160 5520 1231 5572 Σὺ
1271 5521 1352 5586 δὲ,
1383 5520 1665 5591 ἀγαπητὸν
1696 5522 1884 5573 τέκνυν

305 5625 440 5676 μου,
465 5611 765 5678 ἀγωνίζου,
797 5615 850 5666 si
883 5629 932 5666 τι
967 5612 1213 5676 δύνασαι,
1245 5613 1350 5675 i'vr,
1377 5611 1454 5664 ὅτ’
1481 5610 1693 5680 ἂνὲλοῃ
1714 5611 1741 5662 6
1775 5610 1886 5664 Κύο

308 5715 426 5767 ριος
464 5702 805 5772 μεταστῆσαι
834 5704 980 5772 ἡμᾶς
1007 5706 1066 5756 ἐκ
1094 5701 1201 5755 τῶν
1225 5695 1349 5766 ὦδε,
1384 5701 1882 5772 κληρονομήσωμεν

1991 5052 2117 5106 talia
2147 5054 2194 5107 ei
2223 5055 2638 5120 renuntiaveris,
2694 5056 2894 5111 ridebit
2927 5065 2980 5112 te
3015 5073 3030 5110 :
3070 5068 3218 5114 totus
3245 5060 3443 5129 quippe
3491 5059 3569 5110 in-

1990 5145 2176 5200 duruit
2228 5161 2326 5216 per
2389 5147 2626 5203 libidinis
2653 5149 2978 5205 diemonem.
3011 5148 3215 5205 Verum
3266 5164 3440 5217 neque
3462 5146 3565 5200 Do-

1989 5239 2171 5314 minus
2227 5239 2342 5307 ipse
2391 5240 2516 5292 talia
2545 5242 2818 5296 renuntiat
2847 5245 3106 5312 enipiam,
3138 5253 3197 5297 ut
3252 5257 3309 5295 se
3336 5255 3562 5294 conver-

1989 5344 2063 5388 lat
2090 5352 2104 5399 ;
2166 5349 2341 5402 neque
2365 5351 2491 5389 vero
2534 5338 2750 5405 expedit
2781 5356 2795 5392 :
2831 5339 2874 5391 si
2924 5339 3066 5392 enim
3088 5335 3365 5405 expediret
3386 5371 3402 5397 ,
3432 5323 3564 5384 cun-1

1988 5425 2092 5479 ctis
2148 5415 2465 5480 horninibus
2520 5427 2756 5495 aperiret
2809 5442 2901 5495 per
2935 5426 3155 5495 angelos
3203 5424 3346 5476 diem
3377 5436 3441 5474 ac
3469 5421 3565 5473 ho-

1990 5534 2107 5573 ram
2140 5520 2332 5573 mortis
2363 5534 2494 5576 sme.
2555 5519 2635 5572 'l‘n
2675 5536 2824 5584 vero,
2859 5520 2931 5572 (ili
2983 5515 3356 5576 dilectiSsime,
3391 5529 3560 5583 quas.-

1993 5622 2104 5666 tum
2166 5621 2338 5682 potes,
2397 5613 2682 5672 contende,
2746 5622 2801 5663 nt
2848 5625 2969 5662 cum
3009 5607 3214 5661 venerit
3266 5606 3559 5664 Dominus.

1993 5705 2120 5761 hinc
2163 5720 2260 5759 nos
2288 5706 2335 5758 al
2364 5720 2395 5760 ο
2430 5703 2814 5766 translaturus,
2843 5701 3107 5753 honorum
3166 5696 3378 5752 Harum
3399 5735 3413 5760 ,
3444 5711 3564 5758 nux
