4088 6216
453 244 559 305 ’ῖῑθ

1529 239 1941 304 NlCEl’IlORl
1988 244 2458 305 PRESBYTERI
2496 246 2608 307 ΟΡ.

3623 248 3728 309 780

451 358 711 425 obiicitur
743 358 955 415 mulieri
1013 374 1111 429 per
1146 360 1381 429 quietem
1422 360 1547 414 talis
1590 360 1749 413 visio.
1786 360 2039 423 Putabat,

2152 358 2350 423 ὕπνους
2382 361 2555 430 αὐτῆς
2599 360 2829 416 ἑστάναι
2851 360 3019 431 αὐτὴν
3055 361 3113 414 ἐν
3146 360 3354 415 πεδιάδι
3391 357 3580 431 μόνην,
3633 365 3727 413 καὶ

455 453 555 506 so’li
608 451 712 506 sibi
748 452 800 506 in
858 452 1081 522 planitie
1114 453 1350 521 quadam
1384 454 1710 507 consistenti
1782 453 2042 509 accedere

452 559 637 599 senem
666 543 980 610 Etliiopem
1010 582 1024 607 ,
1050 543 1141 613 qui
1169 558 1263 613 Per
1292 543 1512 596 modum
1570 542 1806 598 luden'is
1844 544 1894 596 in
1927 559 2043 597 am-
2072 602 2077 605 _

453 640 675 707 plexum
729 650 889 690 ruere
940 651 1006 690 ac
1053 632 1361 689 deosculari
1425 633 1591 703 coepit
1634 632 1995 703 :Opportune
2023 676 2038 700 ,

455 730 730 799 inquiens,
788 728 839 782 in
892 736 944 782 te
1002 726 1191 792 incidi,
1228 725 1449 781 domina
1483 741 1623 790 utea,
1658 726 1816 790 veni,
1866 726 2042 780 amica

456 838 599 886 mea,
652 821 991 875 dormiamus
1052 819 1216 873 simul
1275 818 1471 881 ambo,
1540 819 1799 888 quoniam
1871 832 2043 887 nuper

454 912 729 983 conjugati
784 926 1022 966 sumus:
1057 924 1256 979 magno
1310 909 1387 964 tui
1437 923 1536 978 ego
1606 908 1824 963 tenebar
1895 908 2041 964 desi-

453 1010 631 1075 derio,
689 1007 1021 1076 modumque
1055 1006 1406 1076 exquirebant
1469 1020 1576 1075 quo
1620 1014 1670 1059 te
1719 1003 2042 1059 adducerem

454 1103 520 1157 ad
550 1116 656 1156 me.
684 1099 836 1155 Nunc
871 1099 1057 1169 igitur,
1111 1098 1485 1169 pulcherrima
1533 1098 1652 1151 vitae
1682 1114 1812 1152 mea:
1870 1101 2040 1159 socia,

457 1194 723 1248 cubemns
781 1192 867 1245 bic
918 1189 1104 1254 simul,
1165 1204 1275 1259 quo
1313 1197 1366 1242 et
1403 1197 1572 1242 metu
1621 1187 1843 1250 fruaris,
1869 1195 1922 1242 et
1945 1200 2046 1255 ego

454 1287 757 1341 venustatis
809 1294 915 1338 ture
941 1282 1303 1338 admiratione
1326 1293 1598 1351 gustuque
1649 1281 1906 1334 exsatier.
1941 1279 2047 1333 Ta-

458 1380 600 1433 libus
649 1377 1014 1432 blandientem
1071 1375 1175 1431 sibi
1228 1375 1649 1444 loquentemque
1697 1372 1763 1426 ad
1817 1370 2045 1440 gratiam

458 1470 795 1541 ᾹῦιΙιὶοροιιι,
846 1472 1120 1526 exsecrari
1178 1468 1396 1533 mulier,
1459 1466 1710 1535 quamvis
1763 1463 1968 1534 trepida
1996 1470 2049 1518 et

460 1578 610 1621 metu
654 1574 903 1634 correpta
932 1604 950 1632 ,
1003 1563 1186 1634 fugam
1239 1560 1681 1629 circumspicere,
1730 1557 1918 1613 dolore
1950 1572 2046 1611 ve-

460 1658 699 1713 hementi
749 1655 910 1722 allici,
979 1654 1187 1710 abitum
1251 1669 1345 1723 per
1410 1651 1671 1722 quidquid
1716 1666 1931 1706 sacrant
1964 1660 2048 1706 est

2150 452 2371 522 ἔρχεται
2417 454 2558 524 πρὸς
2591 452 2762 524 αὐτὴν
2798 452 3007 517 Δίθίωψ
3036 454 3215 525 γέρων
3240 494 3254 517 ,
3296 456 3391 505 καὶ
3422 454 3627 522 ἤρξατο
3652 453 3728 515 ὡς

2142 549 2589 616 ὑποπαιγνιάξων
2624 549 3049 616 περιπλέκεσθαι
3076 551 3167 602 καὶ
3193 548 3513 618 καταφιὶεῖν
3535 549 3725 618 αὐτὴν,

2142 641 2235 693 καὶ
2265 640 2446 709 λέγειν
2472 658 2486 671 ·
2515 642 2714 705 Καλῶς
2745 660 2803 696 σε
2836 636 3015 713 εὖρον,
3063 644 3245 721 κυρία»
3270 660 3394 709 μου,
3436 642 3597 711 δεῦρο
3644 643 3732 709 φί-

2142 731 2234 787 λία
2269 752 2395 804 μου,
2430 735 2786 805 κοιμηθῶμεν
2814 736 2950 807 ὁμοῦ
2969 736 3017 789 οἱ
3040 735 3151 799 δύο,
3172 736 3361 790 καθότι
3385 738 3579 789 νεωστὶ
3601 753 3731 789 συν-

2146 825 2489 896 εζεύχθημεν
2513 846 2527 860 ο
2562 828 2733 881 πολλοὶ
2778 846 2870 881 σου
2906 827 3037 897 ἐγὼ
3061 827 3398 897 ἐπεθύμουν,
3450 829 3545 881 καὶ
3590 829 3729 899 πρό-

2146 935 2310 986 φασιν
2360 918 2588 988 ἐζήτουν
2619 921 2767 983 ὅπως
2799 920 2935 990 πρὸς
2968 920 3208 990 ἐμαυτὸν
3264 920 3558 989 συναγάγω
3608 938 3667 973 σε
3706 937 3722 953 ·

2147 1008 2242 1060 νῦν
2295 1008 2388 1062 οὖν
2439 1009 2620 1080 δεῦρο,
2657 1010 2833 1082 ὡραία
2873 1029 2975 1082 μου
3012 1011 3234 1081 σύμϐιε,
3283 1011 3639 1082 κοιμηθῶμιν
3671 1012 3722 1064 οἱ

2147 1101 2469 1172 ἀμφότεροι,
2511 1104 2658 1166 ὅπως
2688 1105 2784 1156 καὶ
2815 1104 2879 1156 σὺ
2923 1104 3057 1177 ἐμοῦ
3088 1106 3428 1174 ἀπολαύσῃς,
3455 1104 3611 1173 κάγὼ
3636 1105 3729 1157 τοῦ

2146 1190 2381 1255 κάλλους
2434 1209 2525 1246 σου
2587 1178 3033 1264 κορεσθήσομαιζ
3080 1196 3167 1259 Ὠς
3191 1194 3246 1246 δὲ
3303 1194 3474 1249 ταῦτα
3527 1198 3732 1258 ἐκεῖνος

2149 1282 2448 1352 ἐφθέγγετο
2472 1286 2633 1355 αὐτῇ,
2684 1287 2763 1350 είς
2790 1287 2991 1356 τρόμον
3021 1287 3342 1357 ἐμπεσοῦσα
3374 1290 3405 1358 ἡ
3440 1287 3598 1359 γυνὴ,
3629 1290 3732 1359 ᾕρει

2159 1374 2287 1439 ξατο
2334 1376 2762 1447 ἀναθεματίζειν
2802 1378 2968 1432 αὑτὸν
3003 1381 3100 1433 καὶ
3150 1378 3394 1449 φεύγειν,
3436 1383 3528 1434 καὶ
3580 1383 3738 1435 ἀνιᾶ-

2150 1468 2303 1532 σθαι,
2338 1469 2432 1522 καὶ
2462 1467 2765 1539 ὲξορκίζειν
2796 1471 2959 1524 αὑτὸν
2986 1471 3079 1526 τοῦ
3109 1473 3411 1542 ἀποστῆναι
3442 1474 3500 1540 ἐξ
3540 1474 3732 1542 αὐτῆς,

2149 1560 2385 1629 λέγουσα
2415 1580 2428 1593 ·
2482 1564 2722 1618 ’Λπόστα
2768 1564 2864 1618 ἀπ’
2893 1566 3052 1634 ἐμοῦ,
3097 1566 3289 1621 καθότι
3334 1566 3505 1637 ἄνδρα
3540 1570 3738 1634 κέκτη-

2155 1668 2253 1722 μαι
2304 1654 2455 1721 ἴδιον,
2505 1658 2603 1709 καὶ
2652 1657 2825 1727 ἑτέρῳ
2862 1657 2922 1710 ού
2973 1657 3339 1728 συνάπτομαι.
3384 1657 3539 1713 Οὕτω
3584 1656 3639 1709 δὲ
3692 1660 3726 1726 ἡ

459 1751 732 1820 imperare
780 1746 992 1809 infami,
1032 1748 1103 1800 ita
1135 1745 1386 1817 inquiens
1423 1762 1436 1798 :
1466 1742 2042 1807 Facessebincncius;

2152 1747 2290 1816 γυνὴ
2346 1745 2643 1819 βιαζομένη
2705 1749 2826 1803 κατ’
2859 1750 2993 1819 δναρ
3039 1750 3133 1803 καὶ
3169 1749 3572 1820 πολεμουμένῃ.
3611 1749 3738 1813 ἐξυ-

364 1850 383 1869 ‘
442 1858 613 1897 'meus
646 1840 791 1894 enim
827 1838 958 1892 mihi
993 1837 1189 1905 conjux
1212 1843 1316 1899 est,
1354 1848 1631 1903 nunquam
1666 1833 1841 1888 solita:
1865 1833 2043 1887 alieno

455 1936 680 1991 cuilibet
736 1933 853 1987 viro
918 1945 1141 2002 operam
1187 1929 1336 1983 dare.
1389 1928 1568 1996 Atque
1622 1927 1725 1981 boc
1754 1926 1917 1980 modo
1948 1941 2044 1996 per

455 2029 727 2086 somnium
754 2026 861 2081 vim
911 2026 1013 2080 sibi
1044 2024 1366 2081 intentatam
1404 2021 1690 2092 repellens,
1724 2029 2043 2089 experrecta

455 2136 508 2180 cl
541 2138 737 2196 magno
767 2123 929 2178 veluti
962 2120 1152 2175 labore
1210 2119 1517 2189 perfuncta,
1570 2116 1660 2169 vix
1697 2114 1799 2169 sibi
1832 2113 2043 2170 reddita

457 2218 676 2274 tandem
703 2227 787 2273 est
827 2216 1143 2286 :cmpitque
1191 2214 1375 2268 animo
1423 2213 1662 2276 volvere,
1690 2210 1820 2279 quid
1857 2209 2045 2264 istbaec

2151 1855 2285 1902 πνος
2338 1841 2555 1908 ἐγένετο
2584 1859 2596 1874 '
2630 1845 2720 1897 καὶ
2771 1843 2847 1907 ὡς
2898 1844 3007 1897 ἀπὸ
3056 1846 3226 1898 κόπου
3262 1845 3545 1916 ρυσθεϊσα,
3581 1846 3736 1917 μόλις

2152 1931 2233 1994 είς
2278 1932 2478 2001 ἑαυτὴν
2531 1934 2855 2005 ἐπανῆλθεν.
2888 1937 3230 2005 Διελογίζετο
3266 1938 3322 1991 δὲ
3357 1939 3426 1991 τὰ
3471 1936 3737 2007 ὁραθέντα

2154 2023 2318 2093 αὐτῇ,
2350 2025 2421 2081 τὸ,
2443 2025 2495 2078 τί
2536 2026 2603 2080 ἂν
2636 2029 2720 2099 εἴη
2753 2027 2949 2095 ταῦτα,
2994 2030 3089 2082 καὶ
3120 2029 3285 2084 πόθεν
3321 2031 3350 2081 6
3371 2030 3616 2093 διάϐολος
3648 2024 3737 2083 εὖ·

2156 2131 2216 2186 ρε
2259 2116 2530 2191 τοσαύτην
2581 2120 2899 2190 παρρησίαν
2947 2119 3073 2176 κατ’
3111 2120 3248 2191 ἐμοῦ
3276 2137 3291 2154 ο
3336 2121 3479 2190 ἔγνω
3513 2122 3622 2191 γὰρ
3653 2122 3736 2174 ὅτι

2153 2210 2181 2262 6
2213 2210 2426 2279 Αίθίωψ
2459 2213 2668 2277 ἐκεῖνος
2692 2213 2902 2283 δαίμων
2926 2209 2995 2284 ἦν
3020 2215 3279 2285 πονηρός.

454 2313 559 2368 sibi
624 2321 839 2367 ostenta
896 2311 1117 2373 vellent,
1165 2324 1230 2363 ac
1294 2307 1436 2363 unde
1486 2306 1727 2371 diabolo,
1754 2318 1915 2374 quem
1946 2305 2046 2359 sub
2085 2300 2360 2373 Aitbiopis
2411 2306 2590 2374 specie
2623 2307 2791 2361 latere
2812 2306 2926 2375 jam
2998 2318 3354 2378 Cognoverat,
3408 2316 3616 2361 tantum
3679 2306 3735 2361 in

454 2424 513 2463 se
543 2407 750 2461 liceret.

528 2501 656 2558 152.
680 2499 796 2553 Tali
823 2506 1089 2567 occupata
1131 2493 1599 2573 consideratione,
1629 2508 1822 2548 rursus
1867 2493 1918 2549 in
1949 2505 2043 2547 so-

456 2614 643 2654 mnum
666 2594 878 2656 incidit,
900 2590 1142 2659 viditque
1208 2574 1485 2643 inusitatae
1530 2584 1925 2656 magnitudinis
1955 2598 2046 2639 ca-

456 2708 605 2758 nem,
670 2690 853 2746 colore
877 2688 1117 2758 nigrum,
1145 2698 1361 2739 summa
1395 2697 1518 2736 cum
1565 2680 1903 2752 impudentia
1930 2693 2050 2735 sese

458 2786 795 2856 amplexum,
831 2779 1237 2849 coniunctaque
1259 2775 1400 2829 inter
1439 2790 1498 2830 se
1527 2788 1622 2828 ore
1668 2773 1845 2827 instar
1873 2772 2051 2827 bomi-

457 2880 544 2933 nis
577 2874 1017 2931 exosculantem.
1074 2867 1399 2939 Spectaculo
1448 2864 1761 2929 terrel’acta,
1814 2880 2049 2921 excusso

450 2972 680 3033 ‘s‘onino,
747 2966 821 3019 ita
888 2976 1074 3018 secum
1102 2959 1253 3029 loqui
1317 2956 1509 3027 incipit
1542 2974 1556 3011 :
1594 2954 1678 3012 Me
1707 2957 1963 3011 miseram
1996 2964 2052 3011 et

2225 2486 2360 2557 ρλϐ’.
2403 2488 2492 2552 Ὠς
2526 2484 2622 2542 οὖν
2650 2488 2822 2544 ταῦτα
2860 2490 3190 2559 διελογίζετο
3217 2533 3232 2557 ,
3263 2492 3424 2546 πάλιν
3458 2495 3533 2557 είς
3572 2493 3739 2549 ὕπνον

2153 2582 2390 2653 ἐτράπη.
2437 2584 2533 2637 καὶ
2588 2584 2696 2637 ἰδοὺ
2745 2584 2893 2638 κύων
2934 2586 3124 2655 μέλας,
3158 2588 3335 2656 μέγας
3369 2627 3383 2650 ,
3425 2588 3517 2641 καὶ
3551 2589 3738 2659 ἄκρω-

2156 2690 2281 2742 μος,
2313 2674 2785 2745 περιπλεκόμενος
2815 2679 2954 2749 αὐτῇ
2997 2670 3171 2748 στόμα
3212 2681 3347 2747 πρὸς
3379 2681 3554 2749 στόμα
3579 2700 3741 2735 κατε-

2154 2765 2301 2835 φίλει
2326 2768 2495 2838 αὐτὴν
2520 2767 2711 2839 ὥσπερ
2739 2771 3047 2841 ἄνθρωπος.
3076 2772 3383 2842 Σύντρομος
3414 2773 3470 2825 δὲ
3513 2776 3739 2844 γενομέ-

2151 2876 2216 2929 νη
2270 2860 2613 2932 ἀφυπνίσθη,
2667 2862 2761 2916 καὶ
2809 2865 2869 2917 ἐν
2914 2864 3066 2934 φόϐῳ
3101 2864 3226 2919 καθ’
3262 2866 3464 2937 ἑαυτὴν
3508 2866 3734 2935 ἔλεγεν·

2153 2951 2317 3020 Οτμοι
2356 2955 2422 3023 τῇ
2459 2953 2689 3026 ταλαίνῃ
2718 2956 2811 3009 καὶ
2848 2956 3183 3027 ἁμαρτωλῷ,
3216 2960 3299 3012 ὅτι
3320 2960 3498 3028 ἔρωτα
3526 2960 3737 3014 τέθεικε

456 3056 847 3130 peccatricem!
876 3056 1034 3124 cujus
1068 3066 1257 3107 amore
1287 3065 1525 3120 nequam
1550 3049 1776 3119 spiritus
1818 3050 2043 3117 exarsit,

2153 3044 2276 3098 κατ’
2305 3044 2440 3114 ἐμοῦ
2468 3048 2496 3099 6
2527 3048 2785 3117 πονηρὸς,
2820 3052 2913 3102 καὶ
2940 3050 3051 3102 οὐδ’
3075 3050 3213 3113 ὅλως
3256 3069 3348 3121 μοι
3393 3054 3740 3107 ἀπαλλάσσε-

455 3166 731 3223 quamque
760 3147 1020 3203 infestare
1055 3160 1163 3199 non
1194 3143 1394 3198 desinit
1414 3142 1665 3211 impurus
1701 3142 1714 3193 ἰ
1746 3139 1885 3206 Quid
1916 3156 2044 3195 eon-

454 3245 560 3301 silii
587 3244 820 3314 capiam,
849 3241 1040 3311 ignoro
1076 3256 1089 3292 :
1128 3252 1232 3307 qua
1264 3236 1327 3290 de
1352 3249 1517 3289 causa
1571 3233 1880 3288 istiusmodi
1915 3234 2043 3287 mibi

456 3349 672 3411 spectra
727 3336 1050 3398 ollerantur,
1117 3331 1321 3386 rescire
1356 3328 1608 3397 equidem
1650 3342 1755 3381 non
1800 3342 2042 3395 possunt.

459 3434 697 3488 Rursum
726 3431 831 3484 alia
852 3434 1013 3481 nocte
1035 3422 1304 3492 conspicit
1333 3436 1392 3476 se
1418 3422 1591 3487 ipsam
1615 3420 1665 3472 in
1697 3418 1910 3473 theatro
1938 3419 2049 3489 bip-

455 3524 725 3594 podromi,
759 3519 1159 3589 amplexantem
1192 3514 1400 3584 positas
1422 3513 1548 3567 istic
1568 3512 2047 3567 statuasstimula-

420 3620 501 3673 -ri
556 3633 585 3670 a
628 3612 921 3667 libidinosa
968 3606 1433 3677 concupiscentia,
1487 3614 1546 3659 ut
1593 3620 1715 3660 cutn
1784 3605 1894 3660 illis
1930 3620 2043 3660 rem

459 3709 681 3762 haberet
712 3722 728 3759 :
760 3703 897 3755 alias
931 3714 1053 3756 sese
1087 3716 1116 3752 a
1143 3712 1279 3752 cane
1301 3698 1550 3753 celeriter
1571 3696 1811 3767 fugiente
1835 3695 2044 3751 auferri

457 3795 824 3863 contemplata
872 3800 956 3845 est
990 3806 1005 3843 :
1041 3806 1146 3843 non
1197 3803 1322 3842 raro
1379 3786 1664 3842 videbatur
1715 3787 1819 3842 sibi
1870 3786 2045 3850 ranis,

460 3887 827 3956 serpentibus,
894 3882 1121 3952 viperis,
1152 3888 1205 3934 et
1247 3879 1333 3934 bis
1355 3878 1719 3934 deterioribus
1761 3879 1902 3933 vesci
1929 3880 2047 3932 ani-

459 3980 764 4035 tnantibus.
800 3977 1029 4031 Talibus
1059 3977 1242 4044 itaque
1276 3974 1505 4044 spectris
1535 3973 1846 4027 excruciata
1883 3972 2048 4026 mise-

464 4088 543 4138 re,
577 4072 859 4140 oculisque
892 4070 1008 4123 suis
1040 4082 1292 4122 somnum
1316 4064 1595 4119 rarissime
1643 4064 1852 4128 videns,
1880 4062 2045 4116 variis

454 4164 805 4235 premebatur
853 4159 1137 4225 aerumnis,
1169 4158 1567 4227 cumqueiuter
1619 4155 1871 4210 homines
1902 4155 2039 4209 nihil

456 4256 718 4327 repvriret
767 4252 908 4322 epis,
946 4250 1013 4304 ad
1068 4249 1369 4303 orationem
1393 4256 1445 4301 et
1506 4245 1778 4315 jejunium
1821 4258 1882 4299 se
1910 4259 2046 4298 con-

454 4358 694 4410 vertens,
754 4343 1075 4413 suppliciter
1151 4339 1319 4395 Deum
1377 4346 1727 4409 percunctata
1773 4344 1879 4399 est,
1915 4337 2044 4406 quid

2153 3141 2285 3195 ταιε
2325 3141 2389 3193 Τί
2439 3143 2652 3212 ποιήσω
2707 3146 2809 3198 οὐκ
2862 3140 3017 3199 οἷδα²
3051 3146 3215 3199 πόθεν
3258 3165 3351 3216 μοι
3402 3149 3600 3218 συνέϐη
3633 3150 3737 3203 οὐκ

2155 3234 2484 3303 ἐπίσταμαι.
2522 3234 2689 3288 Πάλιν
2718 3232 2811 3290 οὖν
2836 3239 2999 3309 ἑτέρᾳ
3025 3240 3181 3292 νυκτὶ
3211 3241 3313 3311 ὁρᾷ
3336 3243 3535 3310 ἑαυτὴν
3570 3246 3628 3295 ἐν
3660 3243 3741 3311 τῷ

2155 3324 2367 3397 θεάτρῳ
2392 3330 2487 3380 τοῦ
2522 3329 2885 3401 ἱπποδρομίου
2914 3332 3130 3385 ἑστῶσα
3162 3333 3256 3386 καὶ
3283 3337 3399 3388 ἀσπ
3439 3335 3636 3405 ζομένη
3668 3341 3739 3388 τὰ

2155 3418 2338 3471 ἐκεῖσε
2387 3420 2710 3490 ἰνδάλματα,
2763 3425 3067 3493 νυττομένη
3106 3426 3210 3477 ὑπὸ
3252 3429 3521 3495 πορνικῆς
3560 3428 3743 3480 ἐπιθυο

2159 3506 2291 3577 μίας
2341 3510 2434 3562 τοῦ
2486 3513 2853 3579 συγγενέσθαι
2894 3515 3116 3578 αὐτοῖς’·
3146 3515 3309 3569 πάλιν
3359 3516 3415 3570 δὲ
3456 3518 3560 3587 ὁρᾷ
3600 3516 3742 3569 κύνα

2154 3600 2382 3670 αἴροντα
2414 3604 2586 3673 αὐτὴν
2615 3606 2709 3658 καὶ
2740 3607 3047 3674 φεύγοντα·
3084 3608 3179 3659 καὶ
3222 3608 3382 3660 πάλιν
3406 3608 3509 3678 ὁρᾷ
3541 3610 3746 3675 ἑαυτὴν

2152 3691 2442 3745 ἐσθίουσαν
2474 3693 2768 3765 βάτραχον,
2804 3696 2936 3750 ποτὲ
2965 3697 3020 3750 δὲ
3057 3697 3204 3766 ὅφιν,
3230 3698 3260 3768 ἢ
3287 3699 3513 3767 ἑρπετὰ,
3552 3700 3643 3749 καὶ
3671 3715 3749 3749 τι

2154 3786 2364 3840 τούτων
2418 3789 2661 3860 χείρονα.
2717 3790 2941 3855 Τούτοις
2986 3794 3017 3863 ή
3088 3792 3300 3863 ἐλεεινὴ
3359 3790 3743 3855 ἐϐασανίζετο.

2154 3879 2362 3947 ἀγαθὸν
2417 3882 2587 3936 ὕπνον
2618 3884 2695 3954 μὴ
2732 3885 3033 3938 ὑπνώσασά
3070 3902 3220 3939 ποτε.
3255 3886 3747 3956 Στενοχωρηθείσα

2154 3973 2247 4029 οὖν
2274 3976 2368 4028 καὶ
2396 3977 2471 4046 μὴ
2514 3976 2713 4046 ἔχουσα
2745 3978 2800 4029 τί
2828 3978 3251 4047 εἰσπράξασθαι,
3277 3978 3479 4048 ἤρξατο
3511 3995 3753 4048 προσευ-

2153 4068 2279 4135 χαῖς
2328 4068 2425 4119 καὶ
2482 4067 2763 4138 νηστείαις
2820 4069 3105 4139 σχολάζειν
3165 4071 3259 4123 καὶ
3311 4071 3404 4123 τὸν
3453 4071 3585 4122 Θεὸν
3635 4070 3753 4133 sit-

2156 4155 2446 4225 λεοῦσθαι,
2500 4160 2666 4213 πόθεν
2713 4162 2851 4232 αὐτῇ
2914 4162 3233 4231 συμϐέϐηκε
3282 4161 3479 4227 ταῦτα,
3534 4164 3632 4215 καὶ
3688 4165 3750 4215 τί

2154 4245 2251 4319 δέῃ
2280 4248 2529 4318 ποιῆσαι,
2556 4252 2651 4303 καὶ
2682 4252 3069 4321 ἀπαλλαγῆναι
3116 4252 3226 4304 τῶν
3255 4255 3511 4305 τοιούτων
3537 4253 3753 4324 ὰτοπη-

2157 4359 2364 4411 ματων.

454 4459 634 4499 causa:
695 4442 915 4496 demum
948 4437 1087 4492 foret
1120 4426 1464 4493 miseriarum
1516 4449 1765 4498 suarum,
1830 4432 2074 4503 quidque
2112 4434 2260 4493 facto
2314 4454 2451 4509 opus
2506 4451 2651 4497 esset
2705 4451 2765 4496 ut
2831 4420 3209 4497 allectiouibus
3262 4453 3368 4497 tam
3417 4440 3755 4494 inordinatis

459 4540 812 4593 liberaretur.

530 4590 653 4683 1‘33.
679 4624 906 4679 Talibus
966 4637 1188 4693 operam
1226 4621 1388 4675 dabat
1411 4661 1426 4685 ,
1484 4636 1608 4675 eum
1644 4621 1698 4674 in
1731 4621 1940 4675 somnis
1974 4619 2045 4674 vi-

2231 4619 2367 4690 ρλγ’.
2408 4590 2507 4687 Ὦς
2556 4622 2612 4677 δὲ
2656 4624 2831 4689 οὕτως
2863 4626 3177 4698 ἐσχόλαζεν,
3213 4628 3318 4697 ὁρᾷ
3349 4626 3470 4679 κατ’
3500 4626 3593 4679 ϐνα
3606 4644 3638 4696 ρ
3660 4630 3755 4682 ὅτι

457 4724 546 4775 det
612 4717 879 4786 imagines
908 4731 1037 4769 suas
1088 4718 1154 4768 ad
1209 4713 1545 4769 occidentem
1608 4726 1923 4777 conversas,
1967 4710 2046 4765 uti

455 4826 510 4871 et
536 4814 798 4885 seipsani,
850 4825 951 4867 nec
981 4809 1137 4863 aliter
1164 4822 1326 4878 quam
1363 4807 1588 4862 deliram
1642 4815 1929 4875 menteque
1955 4821 2048 4859 ca-

460 4918 608 4977 ptam
657 4903 895 4961 orationi
931 4902 1183 4956 insistere
1215 4917 1228 4954 :
1267 4898 1687 4969 supervenitque
1732 4898 2051 4953 adolescens

455 5001 703 5071 quidam,
736 4999 883 5052 hunc
911 4997 1081 5066 ipsam
1112 4995 1165 5048 in
1200 4994 1417 5047 modum
1444 4991 1728 5060 alloquens
1758 4989 2055 5060 :Propter-

455 5112 521 5151 ea
557 5094 701 5164 quod
752 5091 975 5162 jejuniis
1005 5074 1324 5141 demeruisti
1388 5099 1497 5149 me,
1526 5098 1652 5137 cccc
1712 5084 1927 5147 adsum,
1958 5100 2050 5154 po-

456 5188 714 5244 stulatam
762 5187 924 5236 toties
991 5192 1240 5241 causam,
1298 5191 1398 5230 cur
1440 5174 1567 5227 talia
1618 5174 1710 5227 tibi
1740 5176 2044 5243 evenerint,

456 5279 851 5348 explicaturus,
876 5271 1147 5339 simulque
1171 5270 1353 5323 icones
1378 5278 1818 5323 connnonstrans
1843 5288 1856 5323 :
1885 5267 2046 5325 Vide-

457 5372 554 5436 sis,
591 5370 686 5432 ait,
736 5369 865 5439 quid
892 5363 1215 5419 maledictus
1271 5362 1376 5415 iste
1426 5376 1617 5430 magus
1664 5362 1758 5416 tibi
1795 5364 2044 5417 contule-

461 5466 554 5516 rit.
589 5464 655 5516 lit
687 5460 977 5516 intendens
1006 5458 1136 5510 illuc
1160 5454 1353 5510 oculos
1384 5454 1603 5520 mulier,
1633 5454 1779 5508 videt
1805 5456 2043 5508 humano

463 5562 702 5607 stercore
767 5555 996 5621 turpiter
1022 5551 1209 5611 illitas,
1247 5547 1410 5616 idque
1432 5562 1462 5599 a
1496 5562 1713 5601 summo
1746 5548 1949 5602 vertice
1976 5548 2044 5603 ad

459 5645 698 5716 plantam
757 5646 989 5713 pedum,
1058 5658 1121 5697 ac
1156 5642 1317 5695 sentit
1367 5640 1847 5708 incomparabilem
1918 5642 2043 5696 inde

460 5741 710 5793 fwtutem
770 5737 1055 5791 absistere.
1113 5732 1409 5804 Obstupuit
1466 5733 1650 5788 animo
1693 5736 1757 5787 all
1787 5734 1891 5788 tale
1925 5750 2046 5804 spc-

2152 4711 2373 4766 ἴσταντο
2425 4717 2481 4767 at
2541 4718 2749 4782 εἰκόνες
2799 4721 2974 4790 αὐτῆς
3030 4722 3123 4773 ἐπὶ
3169 4720 3405 4789 δυσμὰς,
3458 4720 3554 4773 καὶ
3604 4724 3756 4794 αὐτῇ

2152 4804 2377 4879 ὁμοίως,
2414 4809 2509 4860 καὶ
2562 4807 2709 4862 οὕτω
2747 4812 3162 4881 προσευχομένη
3210 4811 3399 4881 ὥσπερ
3430 4828 3511 4873 τις
3544 4828 3754 4882 πασχι-

2155 4894 2226 4964 κὴ
2273 4896 2608 4969 νομιζομένη
2665 4903 2759 4954 καὶ
2820 4904 3081 4974 πάρετος.
3129 4903 3216 4965 Ὠς
3248 4903 3304 4955 δὲ
3354 4902 3527 4966 οὕτως
3554 4904 3754 4978 ἠδολε-

2161 5003 2301 5059 σχει,
2349 4991 2575 5061 ἔρχεταί
2618 5011 2705 5057 τις
2737 4996 3004 5066 νεώτερος
3039 4995 3172 5065 πρὸς
3208 4996 3382 5067 αὐτὴν
3417 4998 3511 5050 καὶ
3541 4996 3695 5065 λέγει
3731 5012 3755 5033 ’

2172 5081 2392 5152 Ἐπειδὴ
2445 5082 2824 5155 ἐθεράπευσὰς
2859 5087 3219 5158 νηστεύουσα,
3266 5089 3376 5141 usus
3413 5090 3523 5156 ἐγὼ
3573 5106 3756 5159 παρε-

2155 5178 2394 5245 γενόμην
2438 5177 2537 5249 τὴν
2568 5178 2749 5233 αἰτίαν
2774 5180 3044 5233 διδάσκων
3078 5199 3160 5243 σε,
3193 5182 3261 5233 δι’
3290 5185 3354 5252 ἢν
3391 5181 3563 5235 ταῦτα
3600 5200 3763 5252 σύμ-

2156 5264 2431 5337 ϐέϐηκεν·
2481 5270 2577 5322 καὶ
2642 5271 2739 5324 σὺν
2791 5272 2869 5342 τῷ
2918 5273 3060 5342 λόγῳ
3118 5273 3393 5327 δείκνυσιν
3455 5274 3590 5343 αὐτῇ
3646 5280 3767 5341 τὰς

2152 5361 2396 5425 εἰκόνας,
2456 5364 2550 5415 καί
2580 5380 2747 5434 φησιν
2776 5381 2790 5395 ·
2836 5366 2941 5418 Ἴδε
2986 5368 3037 5418 τί
3075 5384 3156 5419 σοι
3190 5368 3448 5437 ἐποίησεν
3486 5370 3515 5418 6
3566 5367 3768 5434 μάγος

2153 5456 2361 5518 ἐκεῖνος
2389 5458 2416 5509 6
2445 5457 2780 5527 κατάρατος.
2824 5458 2977 5513 Ἡδὲ
3014 5461 3317 5531 προσέσχεν
3356 5461 3447 5511 καὶ
3492 5461 3613 5529 ὁρᾷ,
3649 5468 3771 5517 καὶ

2151 5540 2291 5615 ἦσαν
2344 5548 2702 5617 κεχρημέναι
2749 5549 3079 5621 ἀνθρωπίνῳ
3136 5552 3327 5620 κόπρῳ
3380 5550 3486 5601 ἀπὸ
3528 5553 3767 5607 ἁνωθ;ν

2152 5641 2258 5699 ἓως
2306 5641 2479 5703 κάτω,
2518 5641 2614 5691 καὶ
2644 5641 2914 5695 δυσωδίαν
2945 5645 3269 5697 ἀνείκαστον
3302 5644 3594 5710 φέρουσαι.
3653 5644 3767 5708 Ὠς

2153 5733 2244 5788 οὖν
2275 5732 2449 5786 ταῦτα
2479 5732 2741 5787 ἐθεάσατο
2770 5737 2802 5805 ἡ
2840 5736 2996 5804 γυνὴ,
3024 5737 3239 5806 ἐξέστη,
3272 5736 3364 5788 καὶ
3402 5738 3760 5805 στραφεῖσα,
