4088 6216
346 299 445 364 731

339 507 608 578 ἐτόλμησε
663 512 909 579 ποιῆσαι,
962 514 1287 583 ἀνάγγειλόν
1341 535 1455 588 μοι.
1500 520 1559 575 Ὀ
1606 521 1666 574 δὲ
1721 519 1875 575 εἶπεν
1906 539 1920 553 ·

340 600 592 668 Βιγρῖνος
622 602 650 653 ό
685 603 982 672 φαρμακὸς
1009 607 1109 659 καὶ
1140 608 1318 677 μάγος
1346 612 1441 665 καὶ
1467 610 1563 665 τοῦ
1602 611 1743 666 Θεοῦ
1768 612 1924 668 ἀλλό-

335 709 509 756 τριος,
568 692 662 747 σοῦ
711 698 1109 766 παρασχούσης
1144 700 1296 771 αὐτῷ
1343 703 1444 774 τὴν
1493 704 1783 769 ἐξουσίαν·
1828 706 1923 760 νῦν

338 783 434 836 οὖν
456 785 556 837 οὐκ
588 784 735 837 ἔστιν
764 788 821 838 ἐν
852 790 973 850 ταῖς
1012 791 1189 845 εἰκόσι
1219 788 1313 847 σου
1344 797 1395 849 εί
1440 796 1514 867 μὴ
1559 798 1784 869 χρῶμα,
1822 805 1921 854 καὶ

341 875 520 939 ξύλον,
564 876 662 929 καὶ
701 878 928 949 κόπρος⁹
982 880 1079 935 καὶ
1118 883 1392 954 δαιμόνων
1443 891 1807 960 φαντάσματα
1836 910 1852 925 ⁸
1886 896 1918 963 ἡ

336 969 446 1036 γάρ
494 966 657 1037 χάρις
701 967 796 1020 τοῦ
828 968 965 1022 Θεοῦ
1008 972 1068 1038 ἐξ
1101 974 1280 1027 αὐτῶν
1310 978 1681 1050 ἀνεχώρησεν,
1716 982 1791 1053 μὴ
1827 985 1919 1051 φέ-

337 1075 507 1130 ρουσι
543 1059 643 1131 τὴν
671 1062 779 1114 τῶν
810 1061 1081 1132 δαιμόνων
1109 1066 1378 1123 δυσωδίαν
1410 1071 1505 1125 καὶ
1537 1074 1783 1142 μείωσιν.
1828 1075 1915 1138 Ὠς

301 1150 309 1161 “
335 1152 393 1203 δὲ
431 1151 609 1205 ταῦτα
636 1152 845 1221 ἔλεγεν,
874 1157 976 1226 ὁρᾷ
1007 1158 1107 1229 τὴν
1130 1160 1402 1232 κανδῆλαν
1438 1163 1716 1234 γέμουσαν
1754 1165 1913 1238 οὔρου

334 1244 590 1308 κυναίου,
620 1247 715 1298 καὶ
744 1248 803 1300 ὲν
826 1247 903 1317 τῷ
946 1250 1307 1323 ἀπτροτούσῳ
1333 1256 1787 1326 ἐγγεγραμμένον
1816 1261 1912 1312 τοῦ

346 1334 733 1404 ’Δντιχρίστου
772 1336 833 1390 τὸ
872 1338 1044 1409 ὄνομα
1070 1358 1083 1372 ·
1132 1343 1392 1414 ὑπεράνω
1448 1348 1504 1401 δὲ
1557 1350 1616 1403 ἐν
1657 1351 1734 1421 τῷ
1789 1351 1912 1422 ἀέρι

332 1427 707 1498 ἐγγέγραπτο,
733 1430 904 1485 Θυσία
930 1433 1223 1505 δαιμόνων.

400 1616 523 1685 ρλδ’.
560 1615 777 1671 Τούτων
817 1622 881 1689 τῇ
924 1624 1144 1688 γυναικὶ
1176 1627 1617 1696 φανερουμένων,
1648 1632 1676 1683 ὁ
1707 1633 1906 1686 νεώτε-

333 1725 425 1778 ρος
456 1710 663 1771 ἐκεῖνος
692 1709 927 1781 ἀφανὴς,
966 1715 1059 1766 καὶ
1085 1716 1223 1787 αύτὴ
1255 1719 1484 1785 ἔξυπνος
1509 1723 1747 1791 ἐγένετο.
1780 1729 1907 1780 Δια-

324 1800 579 1870 νοηοείσα
610 1799 703 1856 οὖν
730 1803 796 1856 τὰ
834 1805 1100 1875 ὁραθέντα
1144 1811 1281 1881 αὐτῇ
1308 1813 1366 1866 ἐν
1396 1812 1472 1889 τῷ
1500 1812 1674 1886 ὕπνῳ,
1709 1818 1899 1892 ἐξέστη
1936 1804 1978 1862 Β

328 1898 423 1947 καὶ
457 1895 667 1966 ἔφριξε,
720 1897 815 1950 καὶ
867 1899 1069 1967 ἑαυτὴν
1105 1901 1389 1972 ἐμέμφετο
1420 1905 1655 1976 λέγουσα
1684 1925 1699 1940 ο
1748 1912 1909 1982 Οίμοι

325 1989 391 2057 τῇ
417 1988 723 2060 ἁμαρτωλῷ
751 1991 762 2043 !
794 1990 845 2043 τί
864 1991 972 2063 ἄρα
1002 1994 1249 2049 πέπονθα
1276 1996 1287 2049 l
1313 1997 1544 2052 δοκοῦσα
1562 2001 1671 2073 γὰρ
1696 2004 1777 2068 εἰς
1799 2022 1911 2059 ποι-

322 2080 464 2150 μένα
488 2081 740 2151 ὑπάγειν,
760 2082 935 2154 [λύκῳ
956 2086 989 2154 ἡ
1018 2085 1176 2139 ἀθλία
1208 2089 1457 2160 ἐνέτυχον
1480 2092 1590 2163 (46)
1676 2093 1907 2148 δοκοῦσα

329 2172 610 2241 σωτηρίαν
658 2174 955 2243 εὑρίσκειν,
986 2178 1068 2240 είς
1116 2178 1246 2248 χάος
1274 2179 1373 2248 τῆς
1406 2183 1683 2247 ἀπωλείας
1732 2186 1904 2256 ἐμπέ-

323 2282 541 2319 πτωκα.
572 2266 794 2330 Τούτοις
820 2267 992 2331 οὕτως
1020 2269 1432 2345 ἀποκλαιομένη
1454 2275 1497 2344 ἡ
1548 2275 1707 2349 γυνὴ,
1744 2279 1905 2331 ἐϐου-

319 2357 507 2411 λεύετο
558 2359 613 2412 τί
665 2359 761 2432 δέῃ
815 2362 1089 2427 γενέσθαι,
1142 2363 1289 2433 ἔχειν
1332 2365 1432 2429 τὰς
1479 2368 1713 2434 εἰκόνας,
1761 2370 1903 2442 ἦμὴ

316 2450 491 2520 Exeo);
509 2453 541 2523 ἢ
560 2452 613 2505 τί
627 2453 795 2517 αὑτὰς
810 2455 1190 2526 είσπράξηται,
1212 2458 1332 2509 ἐπεὶ
1352 2460 1724 2531 μεμιασμέναι
1740 2464 1902 2530 ὲτύγ-

317 2561 520 2613 χανον;
564 2545 869 2616 ’Λποροῦσα
899 2547 957 2599 δὲ
992 2549 1123 2619 περὶ
1148 2549 1362 2615 τούτου,
1404 2551 1697 2621 ἀνέρχεται
1728 2555 1786 2606 ὲν
1820 2554 1900 2623 τῷ

315 2635 566 2705 λογισμῷ
596 2637 767 2706 αὐτῆς
806 2638 901 2691 τοῦ
937 2638 1212 2710 θαρρῆσαι
1256 2641 1335 2712 τῷ
1382 2643 1688 2715 Ἐπιφανίῳ
1717 2645 1777 2698 τὸ
1805 2663 1899 2714 γε-

314 2727 508 2795 γονός·
548 2734 935 2800 καταμένουσα
980 2731 1037 2784 δὲ
1077 2728 1146 2803 ἦν
1196 2733 1425 2804 πλησίον
1477 2735 1574 2788 τοῦ
1610 2735 1758 2791 οἴκου
1801 2737 1899 2790 τοῦ

315 2820 522 2891 πατρὸς
563 2822 729 2874 αὑτοῦ
754 2839 769 2853 ·
807 2824 1074 2892 ἠπίστατο
1118 2824 1172 2876 δὲ
1208 2826 1303 2879 καὶ
1329 2828 1421 2879 τὸν
1452 2828 1619 2881 παῖδα
1645 2828 1899 2898 ἐνάρετον

313 2913 467 2967 ὄντα.
509 2915 933 2986 Ἀποτηρήσασα
962 2916 1019 2969 δὲ
1050 2919 1257 2988 τακτὴν
1287 2917 1458 2990 ὥραν,
1492 2924 1895 2993 κατερχομένου

314 3004 483 3058 αὐτοῦ
512 3006 620 3058 ἀπὸ
644 3006 743 3076 τῆς
775 3008 1089 3081 ἁγιωτάτης
1129 3011 1429 3082 ἐκκλησίας
1464 3013 1566 3083 τῆς
1622 3018 1717 3067 τοῦ
1758 3015 1892 3069 Θεοῦ

308 3097 555 3164 Σοφίας,
608 3100 923 3169 ἀπήντησεν
979 3102 1127 3171 αύτῷ
1181 3102 1288 3173 πρὸ
1332 3104 1425 3156 τοῦ
1477 3104 1744 3175 πυλῶνος,
1800 3109 1893 3162 καὶ

316 3188 507 3242 πίπτει
535 3191 614 3253 είς
642 3191 769 3254 τοὺς
809 3191 977 3255 πόδας
1028 3193 1218 3258 αὑτοῦ,
1274 3194 1694 3265 ἀπαγγέλλουσα
1743 3199 1892 3269 αύτῷ

312 3278 534 3333 ἅπαντα
561 3282 626 3334 τὰ
656 3283 939 3349 γεγονότα.
989 3282 1046 3337 Ὀ
1074 3285 1131 3339 δὲ
1181 3286 1424 3351 ἀκούσας
1456 3290 1553 3343 καὶ
1597 3289 1744 3360 μέγα
1774 3307 1894 3362 σεε-

312 3373 498 3439 νάξας,
532 3374 626 3426 καὶ
661 3375 939 3447 δακρύσας
980 3377 1086 3447 ἔφη
1109 3394 1123 3409 ο
1160 3379 1468 3449 Κατάθεμά
1501 3398 1608 3446 σοι,
1649 3381 1891 3446 διάϐολε,

308 3467 393 3518 ὅτι
423 3468 481 3519 ού
510 3467 660 3538 παύῃ
696 3469 1063 3522 ἐπιϐουλεύων
1093 3470 1219 3533 τοὺς
1249 3472 1397 3534 υἱοὺς
1426 3473 1533 3525 τῶν
1560 3472 1887 3543 ἀνθρώπων.

311 3552 447 3609 Εἶτα
480 3557 912 3627 βουλευσάμενος
938 3560 1059 3614 καθ’
1090 3562 1283 3615 ἑαυτὸν
1316 3564 1446 3632 περὶ
1477 3562 1687 3630 τούτου,
1733 3560 1889 3619 εἶπεν

307 3651 375 3716 τῇ
425 3647 643 3715 γυναικί
672 3662 686 3676 ⁸
722 3649 941 3718 ’ζΥπαγε
997 3651 1090 3704 καὶ
1135 3652 1236 3723 τὴν
1285 3652 1476 3724 ζώνην·
1502 3655 1716 3725 ἐκείνην
1750 3660 1889 3725 πυρὶ

307 3738 681 3803 κατάκαυσον,
719 3740 816 3808 τὴν
848 3740 904 3793 δὲ
936 3742 1207 3811 κανδῆλαν
1243 3744 1337 3796 καὶ
1378 3743 1467 3796 τὸν
1515 3744 1888 3814 ἀπτρότουεον

308 3829 621 3900 σύντριψον,
657 3833 750 3885 καὶ
782 3833 880 3896 τὰς
912 3834 1126 3895 εἰκόνας
1178 3834 1367 3903 ἕνεγκέ
1417 3852 1507 3905 μοι
1537 3850 1551 3864 °
1599 3836 1694 3889 καὶ
1734 3837 1789 3888 εἴ
1834 3854 1888 3889 τι

304 3924 519 3975 κελεύει
551 3928 576 3977 ὁ
606 3925 758 3987 θεὸς,
785 3921 901 3979 οἴδα
929 3927 1011 3980 ὅτι
1051 3927 1138 3980 ἐπ’
1171 3928 1294 3998 ἐμοὶ
1344 3928 1668 3999 γενήσονται
1703 3930 1758 3983 αί
1792 3930 1886 3982 τοῦ

302 4014 545 4084 πονηροῦ
581 4015 835 4085 δαίμονος
866 4019 1091 4072 ἀπειλαὶ
1123 4022 1218 4073 καὶ
1245 4020 1539 4089 φαντασίαι
1565 4034 1580 4050 ⁸
1623 4019 1740 4075 ἀλλ’
1774 4021 1885 4091 ἔχω

299 4108 393 4160 τὸν
425 4107 629 4178 Κύριον
679 4110 836 4180 ἡμῶν
872 4111 1080 4181 Ἰησοῦν
1129 4111 1365 4182 Χριστὸν
1415 4112 1630 4182 βοηθὸν,
1664 4114 1757 4167 καὶ
1785 4114 1882 4184 τὴν

299 4201 491 4270 τιμίαν
526 4202 691 4272 εὐχὴν
740 4203 835 4255 καὶ
884 4203 1170 4275 ἀντίληψιν
1196 4205 1290 4257 τοῦ
1324 4205 1609 4275 φωστῆρός
1653 4224 1779 4277 μου,
1819 4208 1879 4259 ού

301 4293 691 4365 φοϐηθήσομαι
735 4295 900 4364 κακὰ,
958 4297 1040 4349 ὅτι
1096 4297 1257 4360 αὐτὸς
1298 4298 1531 4351 πάντοτε
1579 4298 1699 4368 μετ’
1743 4298 1878 4369 ἐμοῦ

299 4389 471 4442 ἑστιν.

377 4572 501 4643 ρ).ε’.
550 4574 614 4626 Ἣ
643 4574 700 4626 δὲ
722 4573 860 4644 γυνὴ
889 4574 990 4627 ὅσα
1021 4574 1302 4640 διετάξατο
1333 4578 1469 4649 αὐτῇ
1497 4580 1523 4631 ό
1563 4579 1878 4649 Ἐπιφάνιος

298 4665 545 4733 ἐποίησε,
587 4669 680 4718 καὶ
738 4668 837 4728 τὰς
890 4666 1105 4729 εἰκόας
1159 4668 1392 4722 δέδωκεν
1449 4670 1599 4739 αύτῷ
1634 4685 1648 4700 ο
1698 4673 1763 4741 τῇ
1818 4671 1876 4724 δὲ

296 4757 457 4809 νυκτὶ
489 4758 671 4828 ἐκείνῃ
699 4760 800 4829 ὁρᾷ
823 4757 942 4811 κατ’
974 4760 1107 4828 ὄναρ
1140 4760 1171 4829 ἠ
1202 4761 1357 4831 γυνὴ,
1383 4763 1465 4814 ὅτι
1490 4758 1652 4832 ἦλθεν
1680 4762 1875 4832 Αἰθίοψ

296 4851 504 4918 γυμνὸς
544 4852 678 4918 πρὸς
705 4852 805 4921 τὴν
837 4852 1009 4921 Θύραν
1038 4854 1210 4922 αὐτῆς
1250 4855 1753 4923 κατακεκαυμένος,
1799 4856 1871 4926 μὴ

292 4939 509 5011 τολμῶν
550 4942 761 4995 ἔνδοθεν
805 4944 1090 5009 εἰσελθεῖν,
1135 4944 1254 4998 ἀλλ’
1293 4946 1582 5014 ἱστάμενος
1619 4946 1744 5012 ἔξω,
1775 4951 1871 4999 καὶ

293 5034 695 5104 ὀλοφυρόμενο.Δ
729 5036 953 5106 ’Έτερος
985 5037 1040 5089 δὲ
1070 5037 1278 5105 Λίθίωψ
1326 5037 1614 5107 ἐρχόμενος
1668 5040 1867 5102 ἐκεῖσε,

291 5126 367 5190 ὡς
400 5124 538 5179 εἶδεν
574 5129 736 5180 αὑτὸν
788 5128 1149 5198 κεκαυμένον,
1201 5128 1489 5200 ἠρώτησεν
1524 5129 1708 5195 αὐτὸν,
1762 5132 1868 5184 Ποῦ

295 5221 352 5271 αί
382 5219 653 5291 καῦστραι
681 5217 841 5276 αὗται
870 5223 928 5274 ἐν
959 5222 1041 5274 σοὶ
1071 5223 1451 5293 ὲγενήθησανς
1488 5222 1546 5276 Ὀ
1582 5223 1637 5276 δὲ
1674 5220 1826 5278 εἶπεν
1854 5242 1865 5254 ’

307 5311 621 5379 Ἐπιφάνιος
671 5316 697 5365 ὁ
753 5314 989 5385 πονηρὸς
1024 5314 1322 5385 διεσάφησε
1357 5313 1452 5385 τὴν
1485 5315 1744 5368 τάλαιναν
1773 5315 1866 5369 τοῦ

292 5403 493 5455 καῦσαί
556 5421 623 5473 με
678 5405 890 5471 δεινῶς,
951 5407 1045 5460 καὶ
1100 5407 1199 5475 ούχ
1245 5406 1505 5477 ύποφέρω
1556 5408 1625 5460 τὰ
1676 5408 1813 5480 ἄλγη
1852 5427 1866 5441 ·

285 5496 549 5565 τέσσαρσι
584 5498 692 5568 γὰρ
720 5499 945 5568 κόμὸοις
976 5500 1121 5569 ἤμην
1145 5499 1424 5569 δεδεμένος
1455 5502 1533 5563 εἰς
1560 5500 1659 5570 τὴν
1690 5499 1867 5567 ζώνην

282 5702 299 5715 λ
358 5634 473 5701 (Ιιῦ)
555 5631 654 5687 Ms.
728 5632 900 5689 Vatie.
976 5636 1055 5698 εἰς

285 5721 470 5755 λάινα.

362 5773 474 5841 (47)
510 5773 732 5833 Videtur
781 5776 1050 5835 Andream
1105 5776 1422 5847 intelligere,
1474 5777 1656 5845 potius
1693 5792 1855 5845 quam

1128 5634 1319 5706 βόθρον
1398 5635 1629 5705 ἡνέχθην
1674 5637 1707 5703 ἡ
1764 5636 1859 5688 τά·

1529 315 1703 373 νιτΑ
1745 317 1807 377 s.
1852 304 2179 376 ANDREzE
2220 319 2410 380 ΒΑΜ.

340 414 492 482 λέγει
550 415 687 486 πρὸς
733 416 825 470 τὸν
879 415 1165 489 νεώτερον.
1209 423 1413 495 Δέομαί
1471 443 1587 491 σου,
1636 428 1718 492 τίς
1754 429 1895 482 ταῦτη

2028 433 2330 498 ctaculnm,
2390 443 2443 488 et
2501 448 2765 490 conversa
2843 436 2907 491 ad
2968 437 3218 507 juvenem

3500 336 3603 395 782

3296 462 3306 494 :
3377 448 3483 503 Oro
3532 461 3602 511 Ic.

2027 524 2223 594 inquit,
2288 536 2346 581 ut
2385 528 2570 584 edicas
2639 528 2795 595 mihi,
2827 532 2949 601 quis
2969 532 3094 587 talia
3143 537 3483 594 committere
3510 556 3606 593 an-

2026 631 2122 671 sus
2190 618 2281 674 sit.
2309 618 2374 673 Et
2396 619 2489 673 ille
2521 640 2534 676 :
2566 620 2819 691 Bigrinus
2876 626 2976 680 iste
3000 626 3263 683 veniticus
3310 638 3363 683 et
3392 647 3606 701 magus.

2024 725 2053 762 a
2100 712 2212 766 veri
2262 710 2357 767 Dei
2408 713 2555 769 cultu
2609 715 3020 779 alienissimus,
3077 729 3131 773 te
3189 718 3500 777 facultatem
3554 726 3606 779 id

2025 807 2216 876 agendi
2254 807 2486 863 faciente
2515 824 2528 862 :
2572 824 2718 863 nunc
2746 808 2913 878 igitur
2939 810 3124 866 icones
3163 822 3265 867 tuae
3295 823 3493 882 praeter
3517 831 3607 871 eo-
3654 819 3659 823 ’

2024 900 2215 962 torem,
2275 897 2498 968 lignum,
2550 908 2786 963 stercus,
2837 902 3256 973 daemonumque
3304 905 3606 975 illusiones,

2023 986 2155 1039 nihil
2219 996 2381 1053 sunt;
2426 989 2595 1058 gratia
2660 1006 2895 1059 namque
2952 1000 3005 1046 et
3058 993 3607 1069 \‘irtusdivina,qna

2021 1078 2257 1146 przeditze
2312 1089 2489 1144 erant,
2551 1079 2675 1135 inde
2706 1082 2960 1149 excessit,
3016 1082 3160 1140 ferre
3188 1088 3449 1156 nequiens
3482 1108 3607 1160 gra-

2018 1170 2321 1226 veolentem
2379 1172 2686 1227 daemonum
2752 1173 3002 1230 faetorem
3039 1186 3091 1232 et
3129 1178 3450 1248 injuriosam
3488 1184 3605 1239 ico-

2017 1278 2146 1315 nttnt
2209 1264 2605 1320 tractationem.
2680 1265 2896 1321 Dixerat
2945 1269 3057 1326 hrec
3108 1271 3447 1343 adolescens,
3475 1294 3601 1333 cum

2013 1353 2189 1408 cernit
2219 1353 2520 1423 lampadem
2552 1356 2684 1410 lotio
2728 1359 2927 1414 canino
2958 1361 3173 1430 plenam
3207 1379 3350 1428 esse,
3375 1377 3428 1420 et
3458 1367 3601 1421 lani-

2011 1448 2135 1516 padi
2184 1462 2382 1502 nomen
2439 1448 2797 1518 Antichristi;
2832 1467 2998 1523 supra
3061 1470 3192 1510 vero
3235 1458 3286 1511 in
3320 1474 3470 1528 aere,
3504 1461 3601 1517 Sa-

2011 1539 2274 1594 crilicinm
2306 1540 2725 1607 dremoniornm,
2757 1544 3108 1616 inscriptum.

2082 1627 2207 1686 13L
2263 1632 2559 1703 Postquam
2600 1634 2712 1690 haec
2745 1637 2956 1692 mulieri
2981 1649 3200 1696 ostensa
3246 1642 3601 1708 lorcnt,'cva-

2011 1719 2130 1773 nuit
2181 1721 2515 1789 adolescens,
2580 1726 2690 1793 ipsa
2728 1741 2854 1779 vero
2887 1728 3262 1799 eipergelacta
3315 1746 3434 1791 est:
3462 1753 3598 1793 con-

2011 1810 2365 1883 sideralisque
2394 1814 2603 1883 singula
2633 1816 2735 1871 sibi
2759 1833 2853 1887 per
2876 1822 3112 1889 quietem
3164 1825 3369 1894 oblata,
3399 1839 3579 1909 stupo-

2013 1919 2072 1957 re
2116 1920 2178 1959 ac
2219 1921 2422 1975 pavore
2468 1909 2793 1977 ineesscntc,
2851 1914 2904 1968 in
2931 1915 3028 1971 has
3055 1920 3307 1987 querelas
3356 1927 3535 1993 erupit
3574 1941 3593 1979 :

2012 1991 2109 2046 Hei
2153 1994 2282 2048 mihi
2323 1996 2655 2064 prccatricil
2695 2014 2817 2069 qua:
2869 2013 3181 2071 quantaque
3235 2009 3396 2065 modo
3428 1991 3593 2081 passa

2009 2086 2168 2138 sum!
2206 2084 2467 2141 Putabam
2524 2089 2669 2143 enim
2704 2090 2768 2145 ad
2800 2104 3071 2161 pastorem
3118 2097 3408 2173 confugere
3484 2119 3592 2166 me,

2008 2184 2062 2229 et
2091 2192 2218 2234 ecce
2283 2178 2337 2233 in
2402 2180 2588 2251 lupum
2638 2182 2804 2239 incidi
2828 2186 3051 2256 infelix;
3082 2192 3338 2260 putabam
3388 2204 3591 2251 rectam

2008 2287 2094 2327 me
2151 2272 2342 2330 salutis
2380 2275 2521 2330 viam
2561 2289 2764 2343 tenere,
2803 2288 2857 2334 et
2888 2281 2942 2335 in
2980 2285 3233 2353 abyssum
3270 2288 3591 2357 perditionis

2008 2366 2342 2435 praecipitata
2370 2366 2551 2435 jaceo.
2596 2369 2800 2439 Taliter
2843 2370 3149 2430 lamentans
3175 2378 3408 2443 mulier,
3462 2396 3592 2435 cou-

2005 2457 2211 2511 sultare
2264 2457 2497 2512 instituit
2551 2459 2681 2537 quid
2727 2460 2995 2530 agendum
3030 2463 3209 2529 foret,
3243 2482 3311 2521 an
3356 2478 3592 2524 retentu-

2004 2565 2062 2605 ra
2114 2550 2400 2619 imagines,
2448 2565 2515 2605 an
2543 2567 2649 2606 non
2706 2561 2986 2609 retentura
3016 2594 3032 2617 ,
3065 2563 3174 2609 tum
3197 2559 3327 2628 quid
3369 2561 3458 2629 iis,
3497 2571 3583 2615 nl-

2002 2651 2126 2713 pote
2172 2644 2415 2713 pollutis,
2473 2643 2681 2700 factura
2735 2657 2900 2702 esset.
2970 2649 3203 2719 Ancipiti
3251 2667 3381 2723 ergo
3430 2655 3587 2709 dubi-

2003 2734 2246 2806 tantique
2286 2736 2389 2791 hac
2424 2752 2593 2807 super
2644 2754 2723 2803 re,
2754 2740 2897 2795 venit
2927 2740 2982 2794 in
3017 2753 3277 2807 mentem,
3318 2746 3584 2817 quidquid

1999 2828 2270 2883 acciderat
2316 2830 2544 2885 tidenter
2566 2833 2779 2901 aperire
2840 2831 3182 2904 Epiphanio,
3231 2853 3337 2892 non
3395 2842 3586 2908 procul

2001 2917 2125 2972 inde
2164 2919 2217 2972 in
2247 2919 2410 2975 domo
2442 2930 2665 2991 paterna
2700 2927 3086 2994 commoranti,
3117 2945 3277 2998 quem
3320 2933 3581 3001 praeclara

2000 3010 2326 3066 instructum
2367 3014 2567 3070 virtute
2598 3031 2704 3069 non
2756 3016 3059 3087 ignoralat.
3090 3023 3267 3088 Quare
3312 3028 3583 3081 conslitu~

1999 3113 2108 3157 tam
2159 3103 2455 3161 observans
2509 3106 2720 3172 horam,
2776 3125 2883 3178 qua
2910 3127 2938 3164 ο
2975 3114 3323 3169 sanetissima
3357 3117 3579 3187 Sophia:

1997 3193 2194 3249 divinae
2246 3195 2474 3251 ecclesia
2524 3210 2882 3252 consueverat
2910 3203 3108 3270 redire,
3136 3206 3348 3259 obviam
3386 3224 3575 3277 proce-

1993 3287 2149 3356 dens,
2204 3299 2332 3343 ante
2360 3288 2506 3360 ipsas
2528 3291 2710 3360 templi
2743 3294 2927 3347 valtas
2973 3295 3039 3349 ad
3079 3297 3243 3366 pedes
3275 3298 3325 3354 ei
3378 3301 3578 3354 accidit

1992 3391 2156 3452 atque
2227 3382 2524 3447 universa,
2594 3385 2672 3438 uti
2717 3385 2856 3440 facta
2927 3397 3115 3455 erant,
3187 3393 3572 3448 manifestavit.

1992 3473 2202 3540 Quibus
2254 3474 2480 3538 auditis,
2539 3475 2709 3529 altum
2782 3477 3141 3548 ingemiscens
3199 3483 3577 3555 lacrymasqne

1991 3568 2223 3622 ubertim
2285 3569 2624 3637 prcl'ttndens
2660 3586 2675 3622 :
2724 3570 3040 3635 Maledictus
3074 3575 3173 3641 sis,
3214 3580 3573 3641 exclamabit.

1989 3675 2219 3730 nequam
2253 3660 2490 3729 diabolo,
2544 3663 2634 3731 qui
2665 3678 2773 3717 non
2798 3679 2981 3719 cessas
3010 3665 3150 3723 ﬁlios
3182 3666 3459 3725 hominum
3493 3673 3575 3725 in-

1988 3748 2143 3805 sidiis
2196 3749 2477 3819 impetere.
2526 3749 2727 3806 Deinde
2779 3754 3010 3809 consilio
3055 3772 3239 3813 secum
3274 3760 3436 3825 inito,
3503 3764 3571 3817 ad

1989 3838 2296 3905 mulierem,
2362 3839 2533 3905 Vade,
2603 3842 2801 3913 inquit,
2863 3861 2929 3901 ac
2989 3864 3179 3904 zonam
3230 3852 3373 3907 illam
3416 3854 3573 3907 Πιιι-

1987 3930 2092 3986 mis
2128 3930 2277 3985 trade
2310 3971 2326 3996 ,
2362 3931 2692 4001 ellychnium
2744 3950 2870 3989 vero
2895 3946 2948 3990 et
2989 3937 3294 4008 lampadem
3346 3954 3570 3999 contere

1984 4030 2039 4075 et
2090 4019 2353 4092 imagines
2400 4021 2466 4075 ad
2522 4037 2608 4076 me
2662 4022 2830 4090 affer,
2890 4036 2946 4082 et
2998 4030 3264 4100 siquidem
3295 4038 3568 4101 permittat

1986 4112 2149 4180 Deus,
2208 4115 2322 4168 scio
2370 4116 2515 4185 quod
2546 4119 2597 4169 in
2632 4131 2716 4171 me
2756 4119 2971 4187 pcs~imi
3001 4124 3273 4179 daemones
3312 4130 3485 4181 m7nas
3515 4140 3569 4179 vt

1983 4214 2194 4274 spcctra
2221 4220 2318 4260 sua
2341 4208 2656 4261 comersuri
2686 4209 2797 4263 sint
2825 4225 2839 4262 :
2883 4226 3070 4266 verum
3112 4215 3407 4271 auxiliante
3434 4220 3569 4293 mihi

1988 4294 2218 4351 Domino
2282 4305 2469 4352 nostro
2503 4296 2629 4353 Jesu
2671 4299 2908 4367 Christo,
2949 4315 3001 4359 et
3024 4304 3271 4360 oratione
3291 4324 3353 4361 ae
3381 4308 3564 4362 divina

1984 4388 2180 4444 virtute
2220 4390 2604 4447 illuminatoris
2636 4393 2745 4464 (t7)
2778 4396 2880 4449 mei
2911 4406 3245 4465 protegente,
3274 4414 3381 4454 non
3416 4401 3570 4454 time-

1914 4499 1959 4555 ι)
1987 4484 2053 4536 bo
2074 4484 2236 4545 mala,
2257 4485 2514 4552 quoniam
2541 4486 2656 4553 ipse
2684 4484 2893 4543 trecum
2925 4499 3008 4544 est
3053 4490 3277 4561 ubique.

1974 4570 1979 4579 ⁴
2056 4574 2176 4628 155.
2202 4575 2468 4629 Exsecnta
2498 4576 2693 4631 mulier
2710 4592 3046 4649 quaecunque
3070 4581 3310 4650 jnsserat
3334 4582 3567 4653 Epipha‘

1983 4666 2130 4730 nius,
2190 4667 2406 4723 traditis
2466 4673 2626 4723 etiam
2649 4670 2750 4739 ipsi
2779 4672 3130 4742 imaginibus,
3166 4675 3427 4730 visionem
3464 4679 3565 4731 ha-

1980 4758 2097 4811 buit
2134 4767 2290 4813 nocte
2345 4770 2559 4829 postera
2612 4777 2707 4831 per
2742 4763 2999 4831 quietem,
3060 4764 3113 4819 in
3160 4782 3263 4835 qua
3316 4767 3566 4838 Aithiops

1979 4848 2158 4903 nudus
2212 4850 2460 4904 veniebat
2513 4852 2578 4904 ad
2614 4852 2807 4905 ostium
2833 4853 3049 4919 domus,
3088 4865 3228 4912 tutus
3256 4863 3560 4923 ambustus.

1978 4943 2275 5011 pedemque
2302 4945 2447 4998 intro
2480 4944 2677 5001 inferre
2707 4962 2812 5000 non
2840 4963 3009 5003 ausus
3033 4991 3045 5011 .
3072 4950 3205 5006 foris
3231 4957 3563 5009 consistebat

1976 5038 2206 5090 multum
2290 5038 2614 5093 lamentnns.
2700 5040 3035 5095 Adveniebat
3112 5060 3238 5117 vero
3324 5057 3376 5098 ct
3426 5048 3560 5099 alter

1976 5127 2253 5197 IEthiops,
2280 5129 2371 5199 qui
2414 5130 2649 5199 priorem
2682 5133 3050 5202 conspicatus,
3081 5138 3556 5205 percunctabatur,

1972 5221 2245 5289 quomodo
2274 5222 2523 5291 stigmata
2563 5223 2660 5277 ista
2694 5227 2841 5280 omni
2864 5242 2928 5281 cx
2962 5239 3113 5298 parte
3137 5230 3363 5284 adustus
3393 5232 3553 5300 gere-

1971 5320 2073 5365 ret.
2122 5310 2217 5365 Cui
2246 5311 2332 5366 ille
2369 5330 2381 5367 :
2418 5312 2776 5385 Epiphanius,
2827 5320 3022 5387 inquit,
3079 5320 3394 5374 adolescens
3428 5338 3551 5391 pes-
3620 5320 3629 5329 ‘

1970 5405 2166 5469 simus,
2225 5405 2408 5461 docuit
2465 5408 2751 5473 miscratn,
2787 5424 2909 5479 quae
2940 5411 3159 5464 domum
3198 5413 3332 5465 hanc
3365 5413 3488 5467 inco
3514 5415 3554 5468 it

1971 5497 2254 5551 mulierem
2325 5500 2567 5566 modum,
2613 5516 2722 5570 quo
2788 5517 2874 5555 mc
2926 5503 3250 5571 gravissimo
3298 5506 3549 5562 incendio

1966 5635 2212 5705 angelum
2249 5652 2406 5690 suum
2443 5638 2725 5695 custodem
2766 5656 2780 5691 :
2815 5640 3035 5696 nomine
3084 5650 3265 5697 autem
3296 5660 3360 5700 ex
3395 5660 3539 5703 com~

1967 5710 2137 5774 posito
2168 5708 2455 5762 abstinere.
3476 5727 3483 5733 ’
