4088 6216
458 253 564 315 ’ῖῖθ

1532 248 1946 313 NlCEI’IlORl
1992 252 2463 314 PRESBYTERI
2500 254 2613 315 ΟΡ.

3628 255 3732 315 730

456 368 715 435 obiicitur
747 367 960 424 mulieri
1018 383 1115 438 per
1151 369 1386 437 quietem
1426 370 1551 423 talis
1594 369 1753 422 visio.
1790 369 2043 433 Putabat,

2157 367 2354 431 ὕπνους
2386 369 2559 438 αὐτῆς
2604 368 2835 424 ἑστάναι
2856 367 3024 439 αὐτὴν
3060 368 3118 421 ἐν
3151 367 3359 422 πεδιάδι
3396 364 3585 439 μόνη’ν,
3638 372 3732 421 καὶ

459 463 559 516 su‘li
612 461 716 515 sibi
753 462 804 515 in
862 461 1085 531 planitie
1118 462 1354 531 quadam
1388 463 1715 516 consistenti
1787 462 2047 518 accedere

457 569 642 609 senem
670 552 984 619 Etliiopem
1014 592 1028 617 ,
1054 552 1146 622 qui
1173 568 1267 623 per
1297 553 1517 606 modum
1574 552 1811 607 ludentis
1849 553 1899 605 in
1932 569 2048 607 am-

458 649 680 717 plexum
733 660 894 699 ruere
944 660 1010 699 ac
1058 642 1365 698 deosculari
1429 642 1595 712 cmpit
1638 641 2043 712 :Opportune,

459 739 734 809 inquiens,
792 738 843 791 in
896 745 949 791 te
1007 735 1196 802 incidi,
1233 734 1454 813 domina
1487 751 1628 799 utea,
1662 735 1820 799 vrni,
1871 735 2048 789 amica

460 847 603 896 mea,
657 830 995 885 dormiamus
1057 828 1220 883 simul
1280 827 1476 890 ambo,
1545 828 1803 896 quoniam
1876 841 2048 896 nuper

458 921 734 992 conjugati
789 935 1027 976 sumus:
1062 933 1260 988 magno
1315 918 1391 973 tui
1442 932 1541 987 ego
1610 918 1830 972 tenebar
1900 917 2045 973 desi-

458 1019 635 1085 derio,
693 1016 1026 1085 modumque
1060 1015 1411 1085 exquirebant
1474 1029 1581 1084 quo
1625 1023 1676 1068 te
1723 1011 2047 1068 adducerem

458 1112 525 1166 ad
555 1126 660 1165 me.
688 1108 841 1165 Nunc
876 1108 1062 1178 igitur,
1115 1106 1489 1179 pulcherrima
1538 1107 1657 1161 vita:
1688 1122 1818 1161 ntere
1875 1109 2045 1167 socia,

461 1204 727 1258 cubemus
785 1201 873 1255 bie
923 1198 1109 1264 simul,
1170 1213 1279 1268 quo
1318 1206 1371 1252 ct
1408 1206 1576 1251 metu
1626 1196 1848 1259 fruaris,
1874 1205 1927 1251 et
1951 1210 2050 1264 ego

460 1296 762 1350 venustatis
814 1303 920 1347 tua:
947 1292 1308 1347 admiratione.
1331 1301 1603 1360 gustuque
1654 1290 1911 1343 exsaticr.
1946 1288 2053 1342 Ta-

462 1390 605 1443 libus
654 1387 1019 1442 blandientem
1077 1384 1179 1440 sibi
1233 1384 1654 1454 loquentemque
1702 1381 1768 1435 ad
1822 1379 2051 1449 gratiam

463 1480 800 1551 Etltiepetii,
851 1480 1125 1535 exsecrari
1183 1477 1401 1543 mulier,
1464 1475 1715 1544 quamvis
1768 1472 1973 1543 trepida
2001 1479 2053 1527 et

464 1588 614 1630 metu
659 1584 907 1643 correpta
936 1614 955 1642 ,
1008 1572 1191 1643 fugant
1244 1569 1687 1638 circumspicere,
1736 1566 1923 1622 dolore
1954 1580 2051 1620 ve-

464 1667 702 1722 hementi
754 1665 915 1731 allici,
984 1664 1192 1719 abitum
1256 1678 1350 1732 per
1414 1660 1676 1731 quidquid
1721 1675 1936 1715 sacrum
1969 1668 2053 1715 est

2154 460 2375 530 ἔρχεται
2422 461 2563 532 πρὸς
2595 461 2767 532 αὐτὴν
2803 460 3012 524 Αίθίωψ
3042 462 3220 532 γέρων
3244 502 3258 524 ,
3301 462 3396 513 καὶ
3427 461 3632 530 ἤρξατο
3656 460 3732 522 ὼς

2076 612 2081 613 ,
2147 558 2594 625 ύποπαιγνιάζων
2628 557 3054 624 περιπλέκεσθαι
3081 558 3172 610 καὶ
3198 556 3517 625 καταφιλεῖν
3539 557 3729 626 αὐτὴν,

2147 650 2239 702 καὶ
2269 649 2451 718 λέγειν
2476 666 2490 680 °
2520 651 2718 714 Καλῶς
2750 668 2808 704 σε
2841 644 3020 721 εὗρον,
3068 651 3249 727 κυρία⁹
3274 667 3398 717 μου,
3440 650 3601 719 δεῦρο
3648 650 3735 717 (ρί-

2146 740 2239 796 λία
2274 760 2399 813 μου,
2434 743 2791 813 κοιμηθῶμεν
2816 744 2955 814 ὁμοῦ
2974 744 3023 797 οἱ
3044 743 3156 807 δύο,
3177 744 3366 797 καθότι
3389 745 3583 796 νεωστὶ
3606 760 3735 796 συν-

2152 833 2494 905 εζεύχθημεν
2518 854 2532 869 ο
2567 837 2738 889 πολλά
2783 855 2876 890 σου
2911 835 3043 905 ἐγὼ
3065 835 3403 904 ἐπεθύμουν,
3455 836 3549 889 καὶ
3595 836 3733 906 πρό-

2150 930 2315 995 φασιν
2366 926 2593 997 ἐζήτουν
2624 930 2771 992 ὅπως
2804 929 2941 997 πρὸς
2973 928 3214 998 ἐμαυτὸν
3269 928 3563 996 συναγάγω
3613 944 3727 1001 σεῖ’

2152 1017 2247 1070 νῦν
2300 1017 2393 1071 οὖν
2443 1018 2625 1089 δεῦρο,
2662 1019 2839 1091 ὡραία
2878 1037 2980 1090 μου
3017 1019 3240 1089 σνύμϐιε,
3288 1018 3645 1089 κοιμηθῶμεν
3676 1019 3727 1071 οἱ

2152 1110 2474 1181 ἀμφότεροι,
2515 1113 2663 1174 ὅπως
2692 1114 2788 1164 καὶ
2820 1112 2884 1165 σὺ
2928 1112 3062 1183 ἐμοῦ
3093 1113 3432 1183 ἀπολαύσῃς,
3460 1111 3615 1180 κάγὼ
3640 1112 3733 1165 τ’ρῦ

2152 1199 2385 1264 κάλλους
2439 1218 2531 1255 σου
2592 1201 3023 1272 κορεσθήσομαι.
3085 1204 3172 1266 Ὠς
3197 1202 3251 1255 δὲ
3307 1202 3479 1257 ταῦτα
3532 1206 3737 1265 ἐκεῖνος

2154 1291 2453 1361 ἐφθέγγετο
2477 1295 2638 1363 αὐτῇ,
2689 1296 2767 1358 είς
2795 1295 2996 1364 τρόμον
3026 1295 3347 1365 ἐμπεσοῦσα
3380 1297 3411 1366 ἡ
3446 1295 3603 1367 γυνὴ,
3633 1297 3737 1366 ἦρι

2164 1383 2292 1447 ξατο
2339 1385 2767 1455 ἀναθεματίζειν
2807 1387 2972 1441 αὐτὸν
3009 1388 3105 1441 καὶ
3155 1386 3400 1457 φεύγειν,
3442 1390 3533 1441 καὶ
3585 1390 3744 1442 ἀνιᾶ-

2154 1477 2308 1541 σθαι,
2343 1477 2438 1530 καὶ
2467 1476 2770 1548 ὲξορκίζειν
2801 1479 2964 1533 αὑτὸν
2991 1479 3084 1533 τοῦ
3114 1480 3416 1550 ἅποστῆιαι
3447 1481 3505 1547 ἐξ
3546 1481 3737 1549 αὐτῆς,

2154 1569 2390 1638 λέγουσα
2420 1589 2433 1602 ο
2487 1573 2727 1627 ’Λπόστα
2774 1573 2869 1626 ἀπ’
2898 1574 3057 1642 ἐμοῦ,
3102 1574 3294 1628 καθότι
3340 1573 3511 1645 ἄνδρα
3545 1577 3744 1642 κέκτη-

2161 1678 2259 1730 μαι
2309 1663 2460 1728 ῐδιον,
2510 1666 2609 1717 καὶ
2657 1665 2831 1735 ἑτέρῳ
2867 1665 2927 1718 ού
2978 1665 3344 1736 συνάπτομαι.
3389 1665 3544 1720 Ούτω
3589 1664 3645 1717 δέ
3698 1667 3731 1733 ἡ

464 1760 737 1830 imperare
785 1756 1108 1817 infami,ita
1140 1754 1391 1827 inquiens
1428 1772 1441 1807 ι
1472 1751 2047 1816 Facesseltincocius;

2158 1756 2295 1825 γυνὴ
2351 1754 2649 1828 βιαζομένῃ
2710 1758 2831 1811 κατ’
2864 1758 2998 1827 ὄναρ
3044 1757 3139 1811 καὶ
3174 1757 3577 1828 πολεμουμένη,
3616 1756 3744 1821 ἐξυ-

368 1860 388 1879 ⁹
445 1868 618 1906 Inicus
652 1850 796 1904 enim
832 1847 964 1902 mihi
998 1846 1194 1914 conjux
1218 1852 1321 1909 est,
1359 1858 1637 1912 nunquam
1672 1842 1847 1897 solita:
1870 1841 2049 1897 alieno

460 1945 685 2001 cuilibet
742 1943 858 1998 viro
923 1954 1147 2011 operam
1192 1939 1342 1993 dare.
1394 1938 1572 2005 Atque
1627 1936 1730 1990 hoc
1759 1935 1922 1989 modo
1954 1950 2049 2006 per

460 2039 732 2097 somnium
760 2036 867 2091 vim
916 2035 1019 2090 sibi
1050 2034 1372 2090 intentatam
1410 2030 1696 2101 repellens,
1729 2038 2049 2098 experrecta

461 2147 514 2191 et
546 2148 742 2206 magno
773 2132 934 2188 veluti
968 2130 1157 2185 labore
1216 2129 1523 2199 perfuncta,
1575 2126 1665 2178 vix
1702 2123 1804 2179 sibi
1838 2122 2049 2178 reddita

463 2228 681 2285 tandem
709 2236 793 2283 est
833 2225 1149 2296 :cmpitque
1196 2224 1381 2277 animo
1428 2222 1668 2285 volvere,
1696 2218 1826 2288 quid
1862 2217 2050 2273 istbazc

2156 1864 2291 1911 πνος
2343 1850 2560 1917 ἐγένετο
2588 1868 2601 1882 ο
2635 1853 2726 1905 καὶ
2777 1851 2853 1916 ὡς
2903 1852 3013 1906 ἀπὸ
3062 1854 3231 1906 κόπου
3268 1853 3550 1924 ρυσθεῖσα,
3587 1854 3742 1922 μόλις

2157 1939 2237 2003 εἰς
2284 1940 2484 2009 ἑαυτὴν
2536 1942 2860 2013 ἐπανῆλθεν.
2893 1945 3235 2013 Διελογίζετο
3271 1946 3328 1999 δὲ
3362 1946 3432 1999 τὰ
3477 1944 3743 2014 ὁραθέντα

2159 2032 2323 2102 αὐτῇ,
2356 2034 2426 2090 τὸ,
2448 2035 2500 2086 τί
2542 2034 2608 2088 ἂν
2642 2037 2725 2107 είη
2759 2036 2954 2104 ταῦτα,
3000 2038 3094 2091 καὶ
3126 2038 3291 2091 πόθεν
3327 2038 3355 2090 6
3376 2037 3620 2100 διάϐολος
3653 2031 3744 2091 εὖ·-

2160 2140 2222 2195 ρε
2265 2124 2535 2199 τοσαύτην
2586 2128 2905 2199 παρρησίαν
2953 2128 3078 2183 κατ’
3116 2128 3253 2199 ἐμοῦ
3281 2145 3296 2162 ο
3342 2129 3484 2197 ἔγνω
3518 2130 3628 2198 γὰρ
3659 2128 3743 2181 ὅτι

2158 2219 2187 2271 6
2218 2218 2431 2288 Αίθίωψ
2465 2220 2674 2285 ἐκεῖνος
2698 2221 2908 2292 δαίμων
2932 2217 3000 2293 ἧν
3024 2223 3284 2293 πονηρός.

459 2323 565 2378 sibi
630 2331 844 2377 ostenta
902 2321 1122 2383 vellent,
1170 2334 1235 2373 ac
1299 2316 1441 2372 unde
1491 2314 1733 2381 diabolo,
1760 2327 1921 2383 quem
1952 2314 2051 2368 sub
2090 2309 2366 2381 IEtbiopis
2417 2314 2595 2383 specie
2629 2302 2931 2384 laterejam
3004 2326 3359 2386 cognoverat,
3414 2324 3621 2369 tantum
3684 2313 3744 2368 in

459 2434 519 2473 se
550 2417 756 2471 liceret.

534 2511 661 2569 152.
686 2509 802 2563 Tali
828 2516 1095 2577 occupata
1136 2502 1571 2559 consideratione
1590 2541 1605 2565 ,
1634 2517 1827 2557 rursus
1873 2502 1924 2556 in
1954 2513 2049 2555 so-

462 2624 648 2664 mnum
672 2603 883 2666 incidit,
905 2600 1148 2668 viditque
1213 2582 1492 2653 inusitata:
1536 2593 1931 2664 magnitudinis
1960 2607 2052 2647 ca-

463 2718 611 2767 nem,
675 2699 859 2756 colore
883 2698 1123 2767 nigrum,
1151 2707 1367 2748 summa
1401 2706 1524 2745 cum
1571 2689 1909 2761 impudentia
1936 2702 2056 2744 sese

463 2796 801 2866 amplexum,
837 2789 1243 2858 conjunctoque
1266 2784 1406 2839 inter
1445 2799 1503 2838 se
1533 2797 1628 2837 ore
1674 2782 1850 2835 instar
1879 2780 2057 2835 bomi-

463 2889 550 2943 nis
583 2883 1023 2941 exosculantem.
1080 2876 1405 2948 Spectacula
1454 2873 1767 2938 terrefacta,
1820 2889 2055 2929 excusso

456 2980 686 3043 Somno,
754 2976 827 3028 ita
895 2986 1081 3028 secum
1108 2968 1259 3038 loqui
1323 2965 1516 3037 incipit
1548 2983 1563 3020 :
1600 2963 1684 3021 Me
1713 2966 1969 3020 miseram
2003 2973 2058 3020 et

2230 2495 2365 2565 ρλϐ’.
2409 2496 2497 2561 Ὠς
2532 2493 2627 2551 οὖν
2656 2497 2828 2552 ταῦτα
2866 2498 3196 2567 διελογίζετο
3223 2541 3238 2565 ,
3268 2500 3430 2554 πάλιν
3464 2503 3539 2564 ei;
3578 2500 3747 2556 ὕπνον

2158 2591 2396 2662 ἐτράπη,
2443 2593 2539 2644 καὶ
2593 2592 2702 2645 ἰδοὺ
2750 2593 2898 2646 κύων
2940 2594 3129 2664 μέλας,
3164 2596 3341 2665 μέγας
3375 2636 3389 2659 ,
3431 2596 3524 2649 καὶ
3558 2597 3745 2667 ἄχρω-

2161 2698 2287 2750 μος,
2318 2683 2791 2754 περιπλεκόμενος
2821 2687 2960 2758 αὐτῇ
3003 2679 3177 2756 στόμα
3218 2689 3353 2755 πρὸς
3385 2689 3559 2757 στόμα
3584 2708 3749 2743 κατε-

2160 2774 2307 2844 φίλει
2331 2777 2502 2846 αύτὴν
2526 2776 2718 2847 ὥσπερ
2745 2779 3053 2850 ἄνθρωπος.
3082 2780 3390 2850 Σύντρομος
3421 2781 3476 2833 δὲ
3520 2783 3747 2852 γενομέ-

2157 2885 2222 2938 νη
2276 2869 2618 2940 άφυπνίσθη,
2673 2872 2767 2925 καὶ
2815 2873 2875 2925 ἐν
2921 2872 3072 2942 φόϐῳ
3108 2872 3232 2927 καθ’
3268 2874 3470 2944 ἑαυτὴν
3515 2874 3743 2943 ἔλεγεν·

2160 2960 2323 3029 Οῐμοι
2363 2963 2428 3032 τῇ
2466 2962 2695 3033 ταλαίνῃ
2725 2964 2817 3017 καὶ
2854 2964 3190 3035 ἁμαρτωλῷ,
3223 2968 3304 3020 ὅτι
3326 2968 3504 3035 ἔρωτα
3533 2966 3745 3021 τέθείγε

462 3066 853 3140 peceatricem!
883 3065 1041 3134 cujus
1074 3075 1263 3117 amore
1293 3074 1530 3129 nequam
1557 3058 1782 3129 spiritus
1824 3059 2050 3126 exarsit,

2160 3052 2281 3106 κατ’
2311 3052 2447 3122 ἐμοῦ
2474 3056 2502 3107 ὁ
2532 3057 2791 3125 πονηρὸς,
2827 3060 2919 3110 καὶ
2947 3057 3057 3111 οὐδ’
3081 3058 3219 3121 ὅλως
3262 3076 3354 3129 μοι
3398 3061 3746 3116 ἀπαλλάσσε-

461 3176 737 3233 quamque
766 3156 1027 3213 infestare
1061 3169 1169 3209 non
1200 3151 1671 3220 desinitimpurus
1708 3151 1720 3202 !
1752 3148 1892 3215 Quid
1923 3165 2051 3205 con-

461 3256 566 3311 silii
593 3254 827 3324 capiam,
855 3251 1046 3321 ignoro
1081 3265 1096 3302 :
1134 3261 1238 3317 qua
1270 3245 1333 3299 de
1358 3258 1523 3298 causa
1578 3242 1886 3297 istiusmodi
1921 3244 2049 3297 mibi

462 3360 678 3421 spectra
734 3346 1056 3407 oderantur,
1124 3340 1327 3395 rescire
1362 3337 1615 3407 equidem
1656 3350 1762 3390 non
1806 3351 2048 3405 possum.

464 3444 703 3497 Rursum
732 3440 837 3494 alia
859 3443 1019 3490 nocte
1041 3431 1310 3501 conspicit
1340 3445 1399 3486 se
1424 3432 1599 3496 ipsam
1621 3429 1672 3481 in
1704 3426 1917 3482 tbeatro
1944 3428 2055 3498 hip-

462 3533 732 3604 podromi,
766 3528 1165 3599 amplexantem
1199 3523 1406 3593 positas
1429 3522 1554 3576 istic
1575 3521 2054 3576 statuasstimula-

426 3630 507 3682 -ri
563 3643 591 3679 a
635 3622 929 3677 libidinosa
974 3615 1439 3686 concupiscentia,
1494 3622 1552 3668 ut
1599 3629 1722 3669 cum
1792 3614 1900 3669 illis
1937 3629 2049 3669 rem

466 3718 687 3771 haberet
719 3731 734 3769 :
767 3712 904 3765 alias
938 3724 1059 3766 sese
1094 3726 1122 3761 ει
1149 3721 1285 3761 cane
1307 3706 1556 3761 celeriter
1578 3704 1819 3776 fugiente
1841 3704 2050 3760 auferri

463 3805 831 3873 contemplata
878 3810 963 3856 est
997 3816 1011 3853 :
1047 3814 1153 3853 non
1204 3811 1328 3851 raro
1385 3795 1670 3851 videbatur
1722 3796 1827 3851 sibi
1878 3795 2052 3858 ranis,

466 3897 834 3966 serpentibus,
901 3892 1128 3962 viperis,
1159 3898 1212 3943 et
1254 3888 1339 3943 liis
1362 3887 1725 3943 deterioribus
1768 3887 1908 3942 vesci
1936 3889 2054 3941 ani-

466 3990 770 4045 mantibus.
806 3986 1039 4041 Talibus
1066 3986 1249 4054 itaque
1282 3983 1513 4053 spectris
1542 3982 1853 4036 excruciata
1890 3982 2055 4035 mise-

470 4098 550 4148 re,
584 4081 866 4150 oculisque
898 4079 1014 4133 suis
1047 4092 1299 4132 somnum
1323 4073 1601 4128 rarissime
1649 4072 1858 4137 videns,
1886 4071 2052 4125 variis

461 4174 812 4245 premebatur
860 4170 1144 4235 aerumnis,
1176 4167 1574 4237 cumqueiuter
1626 4164 1878 4219 homines
1909 4163 2045 4217 uibil

464 4266 725 4336 rcpu-riret
774 4262 915 4332 opis,
953 4260 1019 4314 ad
1074 4258 1376 4313 orati0netn
1400 4265 1452 4310 et
1513 4254 1784 4324 jejunium
1828 4267 1888 4308 se
1917 4268 2053 4307 con-

462 4368 701 4419 vertens,
761 4353 1081 4423 suppliciter
1157 4348 1325 4404 Deum
1383 4355 1734 4418 percunctata
1780 4353 1885 4409 cst,
1922 4346 2051 4414 quid

2159 3149 2291 3203 ταιῑ
2331 3150 2395 3202 Τί
2445 3151 2658 3220 ποιήσω
2713 3154 2815 3206 οὐκ
2869 3148 3024 3207 οἶδεν
3057 3154 3221 3208 πόθεν
3264 3173 3356 3224 μοι
3409 3157 3607 3226 συνέϐη
3639 3157 3743 3209 οὐκ

2161 3244 2491 3311 ἐπίσταμαι.
2527 3243 2695 3297 Πάλιν
2725 3241 2817 3298 οὖν
2842 3247 3005 3317 ἑτέρᾳ
3031 3248 3187 3300 νυκτὶ
3217 3249 3318 3319 ὁρᾷ
3342 3250 3542 3317 ἑαυτὴν
3577 3254 3635 3302 ἐν
3666 3250 3748 3317 τῷ

2161 3333 2374 3405 θεάτρῳ
2398 3338 2493 3389 τοῦ
2528 3337 2891 3409 ἱπποδρομίου
2921 3340 3137 3393 ἑστῶσα
3169 3341 3263 3394 καὶ
3290 3346 3405 3396 ἀσπ
3446 3343 3643 3412 ζομένη
3674 3361 3746 3395 τι

2161 3426 2344 3479 ἐκεῖσε
2393 3428 2717 3498 ἰνδάλματα,
2769 3433 3074 3502 νυττομένη
3111 3434 3217 3485 ὑπὸ
3259 3436 3528 3502 πορνικῆς
3566 3435 3750 3488 ἐπιθυ-

2165 3514 2297 3587 μίοίς
2347 3518 2440 3571 τοῦ
2492 3521 2859 3588 συγγενέσθαι
2900 3523 3122 3586 αὐτοῖς’*
3152 3523 3316 3576 πάλιν
3365 3524 3421 3577 δὲ
3463 3526 3567 3594 ὁρᾷ
3606 3524 3750 3577 κύνα

2160 3609 2388 3679 αἴροντα
2420 3613 2592 3681 αὐτὴν
2621 3614 2716 3667 καὶ
2746 3615 3054 3684 φεύγοντα·
3090 3616 3184 3667 καὶ
3228 3616 3388 3669 πάλιν
3413 3616 3515 3687 ὁρᾷ
3547 3618 3754 3683 ἑαυτῂν

2158 3700 2449 3754 ἐσθίουσαν
2480 3702 2775 3774 βάτραχον,
2811 3705 2943 3758 ποτὲ
2971 3704 3027 3758 δὲ
3064 3705 3210 3774 δεριν,
3236 3706 3267 3775 ἢ
3294 3707 3519 3775 ἑρπετά,
3558 3708 3650 3756 καὶ
3679 3723 3757 3757 τδι

2160 3794 2370 3849 τούτων
2425 3798 2668 3868 χείρονα.
2724 3799 2947 3863 Τούτοις
2992 3802 3025 3870 ή
3094 3800 3306 3871 ἐλεεινή
3365 3798 3752 3863 ἐϐασανίζετο,

2160 3888 2369 3955 ἀγαθὸν
2424 3890 2594 3945 ὕπνον
2625 3893 2702 3962 μὴ
2739 3894 3039 3947 ὑπνώσασά
3076 3910 3226 3948 ποτε,
3262 3893 3756 3963 Στενοχωρῃθεῐςα

2161 3982 2254 4038 οῦν
2281 3984 2375 4037 καὶ
2403 3986 2478 4055 μὴ
2520 3984 2720 4055 ἔχουσα
2752 3988 2807 4039 τί
2834 3986 3258 4055 εἰσπράξασθαι,
3282 3986 3485 4056 ἤρξατο
3516 4003 3763 4056 προσευ-

2160 4076 2286 4143 χαῖς
2335 4077 2432 4128 καὶ
2490 4076 2770 4146 νηστείαις
2826 4077 3112 4147 σχολάζειν
3172 4080 3265 4130 καὶ
3317 4079 3411 4131 τὸν
3459 4078 3590 4130 Θεὸν
3642 4078 3763 4140 ἐξι-

2163 4164 2453 4233 λεοῦσθαι,
2507 4168 2673 4222 πόθεν
2720 4171 2858 4239 αὐτῇ
2920 4169 3239 4239 συμὸέϐηκε
3289 4169 3485 4235 ταῦτα,
3540 4170 3638 4222 καὶ
3694 4173 3761 4222 τί

2161 4254 2258 4327 δέῃ
2287 4257 2536 4327 ποιῆσαι,
2563 4260 2658 4311 καὶ
2690 4260 3076 4331 ἀπαλλαγῆναι
3123 4261 3233 4313 τῶν
3261 4263 3517 4313 τοιούτων
3543 4261 3765 4331 ἀποπη-

2165 4368 2372 4419 ματων.

462 4469 642 4508 causa:
703 4451 922 4506 demum
955 4447 1094 4501 foret
1127 4436 1472 4501 miseriarum
1522 4458 1772 4507 suarum,
1837 4440 2081 4512 quidque
2120 4442 2268 4501 facto
2321 4463 2458 4519 opus
2513 4459 2659 4506 esset
2712 4459 2771 4505 ut
2839 4430 3215 4506 atl'ectionibus
3269 4461 3375 4505 tam
3424 4447 3767 4502 inordinatis

467 4549 820 4602 liberaretur.

538 4639 661 4692 155.
686 4633 913 4688 Talibus
974 4646 1195 4702 operam
1233 4631 1396 4685 dabat
1418 4670 1434 4695 ,
1490 4645 1615 4684 eum
1650 4630 1705 4683 in
1738 4629 1948 4683 somnis
1981 4627 2051 4683 vi-

2238 4627 2375 4699 ρλγ’.
2416 4598 2514 4695 ’Ὧς
2562 4632 2619 4685 δὲ
2663 4632 2838 4698 οὕτως
2870 4634 3184 4705 ἐσχόλαζεν,
3219 4636 3324 4705 ὁρᾷ
3355 4634 3477 4687 κατ’
3506 4633 3647 4703 ὄναρ
3671 4639 3765 4689 ὅτι

465 4733 554 4785 det
620 4727 887 4795 imagines
916 4740 1044 4779 suas
1094 4727 1161 4778 ad
1217 4723 1553 4778 occidentem
1615 4735 1931 4785 conversas,
1975 4719 2053 4774 uti

463 4835 518 4880 et
544 4823 806 4894 seipsam,
858 4835 959 4877 nec
988 4819 1144 4873 aliter
1172 4832 1333 4888 quam
1370 4816 1595 4871 deliram
1649 4824 1937 4884 menteque
1962 4830 2056 4868 ca-

468 4928 617 4989 ptam
666 4913 903 4969 orationi
939 4911 1191 4965 insistere
1223 4926 1236 4964 :
1275 4908 1695 4978 supervenitque
1740 4907 2058 4963 adolescens

463 5012 712 5081 quidam,
744 5008 892 5062 hunc
919 5006 1089 5075 ipsam
1120 5005 1172 5058 in
1207 5002 1424 5056 tnodum
1451 5000 1736 5069 alloquens
1765 5019 1777 5055 :
1801 4998 2063 5070 Propter-

463 5121 527 5161 ea
565 5103 708 5174 quod
759 5100 983 5172 jejuniis
1013 5096 1332 5151 detneruisti
1396 5108 1504 5159 me,
1534 5108 1659 5147 cccc
1720 5093 1935 5157 adsum,
1966 5109 2058 5163 po-

464 5197 722 5254 stulatam
771 5197 933 5246 toties
999 5201 1248 5250 causam,
1306 5200 1405 5239 cur
1448 5184 1575 5237 talia
1626 5183 1717 5237 tibi
1748 5186 2053 5253 evenerint,

465 5290 860 5358 explicaturus,
884 5280 1154 5348 simulque
1178 5280 1362 5331 iconcs
1386 5287 1826 5333 commonstrans
1851 5298 1864 5333 :
1893 5276 2054 5334 Vide-

465 5382 562 5447 sis,
598 5380 695 5443 ait,
744 5380 873 5450 quid
899 5373 1223 5430 maledictus
1278 5371 1384 5425 iste
1434 5386 1625 5440 magus
1671 5372 1767 5425 tibi
1802 5372 2051 5426 contule-

469 5476 562 5526 rit.
598 5475 662 5526 lit
695 5470 985 5526 intendens
1014 5468 1143 5521 illuc
1169 5463 1361 5519 oculos
1393 5463 1611 5529 mulier,
1641 5464 1787 5518 videt
1812 5466 2051 5518 humano

471 5572 710 5617 stercore
774 5566 1004 5631 turpiter
1030 5560 1218 5620 illitas,
1255 5557 1418 5627 idque
1441 5572 1469 5609 a
1504 5570 1721 5610 summo
1754 5558 1957 5612 vertice
1985 5558 2052 5611 ad

467 5655 707 5727 plantam
766 5656 997 5722 pedum,
1066 5668 1130 5707 ac
1164 5652 1326 5705 sentit
1375 5650 1855 5718 incomparabilem
1926 5651 2051 5705 inde

468 5752 720 5805 {tutorem
779 5747 1064 5800 absistere.
1122 5742 1417 5814 Obstupuit
1475 5743 1659 5797 animo
1702 5745 1765 5796 al
1795 5743 1899 5797 tale
1933 5759 2053 5813 spc-

2160 4720 2381 4775 ἴσταντο
2432 4725 2488 4776 αἱ
2548 4727 2757 4791 εικόνες
2806 4729 2982 4799 αὐτῆς
3037 4730 3130 4781 ἐπὶ
3176 4728 3413 4796 δυσμὰς,
3465 4728 3560 4781 καὶ
3611 4732 3766 4801 αὐτῇ

2160 4812 2385 4889 ὁμοίως,
2422 4818 2516 4869 καὶ
2570 4816 2716 4870 οὕτω
2754 4821 3169 4890 προσευχομένη
3217 4819 3405 4888 ὥσπερ
3437 4835 3517 4881 τις
3552 4836 3764 4890 πάσχι-

2163 4903 2235 4973 κὴ
2281 4905 2615 4978 νομιζομένη
2673 4911 2766 4962 καὶ
2827 4913 3088 4982 πάρετος.
3136 4910 3222 4973 Ὡς
3254 4910 3310 4962 δὲ
3360 4910 3533 4974 οὕτως
3561 4912 3765 4980 ἠδολέο

2170 5012 2310 5067 σχει,
2358 4999 2582 5071 ἔρχεταί
2626 5020 2713 5066 τις
2745 5005 3011 5074 νεώτερος
3046 5003 3178 5072 πρὸς
3215 5004 3389 5073 αὐτὴν
3424 5006 3518 5057 καὶ
3548 5004 3702 5074 λέγει
3742 5020 3766 5039 ο

2181 5090 2400 5160 Ἐπειδὴ
2453 5091 2831 5163 ἐθεράπευσάς
2866 5095 3225 5166 νηστεύουσα,
3273 5096 3383 5149 ίὸοὺ
3421 5098 3530 5164 ἐγὼ
3580 5114 3767 5167 παρεο

2162 5185 2402 5253 γενόμην
2446 5186 2546 5257 τὴν
2575 5187 2757 5240 αἰτίαν
2782 5188 3051 5241 διδάσκων
3085 5206 3167 5250 σε,
3199 5189 3267 5241 δι’
3297 5192 3361 5259 ἢν
3398 5188 3570 5243 ταῦτα
3608 5207 3772 5259 συμ-

2163 5272 2439 5345 ϐέϐηκεν*
2490 5278 2585 5330 καὶ
2650 5280 2746 5331 σὺν
2799 5280 2877 5350 τῷ
2926 5281 3067 5350 λόγῳ
3125 5281 3400 5334 δείκνυσιν
3462 5282 3598 5351 ούτῇ
3656 5286 3777 5347 τὰς

2160 5369 2404 5434 εἰκόνας,
2465 5373 2558 5424 καί
2588 5389 2754 5443 φησιν
2783 5389 2798 5403 ·
2843 5374 2949 5427 Ἴδε
2994 5377 3045 5426 τί
3082 5392 3164 5427 σοι
3197 5375 3456 5445 ἐποίησεν
3494 5378 3522 5426 6
3574 5375 3778 5441 μάγῦς

2162 5464 2369 5527 ἐκεῖνος
2398 5466 2424 5517 ὁ
2454 5466 2788 5536 κατάρατος.
2832 5467 2897 5520 Ἦ
2927 5469 2984 5521 δὲ
3021 5469 3323 5538 προσέσχεν
3363 5469 3455 5519 καὶ
3499 5468 3621 5537 ὁρᾷ,
3657 5475 3780 5522 καὶ

2159 5549 2300 5623 ἦσαν
2352 5556 2710 5626 κεχρημέναι
2757 5558 3087 5629 ἀνθρωπίνῳ
3143 5560 3334 5628 κόπρῳ
3387 5558 3493 5609 απὸ
3536 5560 3778 5613 ἀνωθεν

2161 5649 2267 5708 ἓως
2315 5649 2488 5712 κάτω,
2527 5651 2622 5700 καὶ
2653 5650 2922 5703 δυσωδίαν
2952 5653 3276 5704 ἀνείκαστον
3308 5651 3600 5719 φέρουσαι.
3658 5650 3778 5714 Ὠς

2162 5742 2253 5797 οῦν
2284 5741 2457 5795 ταῦτα
2487 5742 2749 5795 ἐθεάσατο
2780 5745 2811 5813 ἡ
2847 5744 3003 5812 γυνὴ,
3032 5745 3246 5814 ἐξέστη,
3280 5744 3371 5796 καὶ
3409 5745 3771 5811 στραφεῖσα,
