4088 6216
340 308 440 375 781
1523 317 1698 376 νιτΑ
1739 318 1802 378 s.
1846 280 1906 374 Αέ

2009 277 2174 376 nam
2215 317 2405 377 sam.
2961 353 2971 358 -
3495 325 3598 384 782

334 423 488 491 λέγει
545 423 682 495 πρὸς
728 424 820 478 τὸν
873 421 1160 496 νεώτερον.
1203 428 1409 499 Δέομαί
1465 446 1582 494 σου,
1631 430 1714 494 τίς
1749 430 1906 484 ταῦ-ιε

2023 431 2334 496 ctaculnm,
2385 441 2438 485 et
2496 444 2760 486 conversa
2838 431 2903 485 ad
2964 431 3215 501 juvenem

335 517 604 588 ἐτόλμησε
658 520 906 586 ποιῆσαι,
958 520 1283 589 ἁνάγγειλόν
1336 539 1450 592 μοι.
1495 523 1555 578 '0
1601 523 1662 577 δὲ
1717 521 1871 576 εἶπεν
1901 539 1916 554 ’

335 609 588 678 Βιγρίνος
619 611 647 662 ό
681 610 978 680 φαρμακὸς
1005 612 1106 665 καὶ
1136 613 1314 682 μάγος
1341 615 1437 669 καὶ
1463 613 1560 668 τοῦ
1599 613 1738 669 Θεοῦ
1764 613 1920 670 ἁλλό-

331 719 506 766 τριος,
565 701 660 754 σοῦ
709 704 1106 772 παρασχούσης
1141 705 1292 776 αὐτῷ
1340 706 1441 778 τὴν
1490 706 1780 772 ἐξουσίαν·
1824 707 1920 760 νῦν

335 792 432 846 οὖν
453 794 554 846 οὐκ
585 792 734 846 ἔστιν
761 795 818 846 ἐν
849 796 970 856 ταῖς
1009 797 1188 850 εἰκόσι
1217 792 1311 852 σου
1342 800 1393 852 εί
1438 799 1512 870 μὴ
1556 799 1781 870 χρῶμα,
1819 805 1918 854 καὶ

339 885 519 949 ξύλον,
562 884 661 938 καὶ
699 885 927 957 κόπρος,
980 885 1077 940 καὶ
1115 887 1390 959 δσιμόνων
1441 893 1805 962 φαντάσματα
1835 909 1850 925 ο
1883 896 1916 963 ἡ

334 979 446 1046 γὰρ
492 975 656 1046 χάρις
700 974 795 1028 τοῦ
827 973 964 1028 Θεοῦ
1007 978 1066 1044 ἐξ
1099 978 1278 1032 αὐτῶν
1309 980 1680 1052 ἀνεχώρησεν,
1715 983 1790 1053 μὴ
1825 985 1918 1051 φέ-

337 1085 508 1140 ρουσα
543 1067 643 1140 τὴν
671 1069 779 1121 τῶν
809 1068 1080 1138 δαιμόνων
1108 1071 1378 1127 δυσωδίαν
1409 1073 1505 1128 καὶ
1536 1075 1783 1145 μείωσιν.
1827 1075 1916 1138 Ὠς

301 1162 310 1172 “
335 1162 394 1214 δὲ
431 1160 609 1214 ταῦτα
637 1161 845 1230 ἔλεγεν,
875 1163 977 1232 ὁρᾷ
1007 1163 1108 1234 τὴν
1130 1163 1402 1235 κανδῆλαν
1437 1166 1716 1236 γέμουσαν
1753 1166 1914 1238 οὔρου

335 1253 591 1317 κυναίου,
620 1255 716 1306 καὶ
744 1255 804 1307 ἐν
826 1253 904 1324 τῷ
947 1255 1308 1327 ἀπτροτούὸῳ
1333 1259 1787 1330 ἐγγεγραμμένον
1817 1261 1913 1312 τοῦ

347 1343 734 1413 ’Δντιχρίεττου⁵
773 1343 835 1397 τὸ
873 1344 1045 1415 ὄνομα
1071 1363 1085 1377 ·
1133 1347 1394 1418 ὑπεράνω
1449 1351 1505 1404 δὲ
1558 1352 1617 1405 ἐν
1659 1352 1735 1423 τῷ
1791 1351 1914 1423 ἀέρι

333 1437 709 1507 ὲγγέγραπτο,
735 1437 906 1492 Θυσία
932 1439 1225 1510 δαιμόνων.

404 1625 528 1696 ρλδ’.
563 1623 780 1679 Τούτων
820 1629 885 1697 τῇ
927 1628 1148 1695 γυναικὶ
1179 1629 1620 1700 φανερουμένων,
1651 1634 1679 1686 ὁ
1710 1633 1910 1687 νεώτε-

337 1735 429 1788 ρος
459 1718 667 1780 ἐκεῖνος
695 1717 931 1789 ἀφανὴς,
969 1721 1062 1773 καὶ
1089 1720 1227 1792 αύτὴ
1258 1723 1488 1788 ἔξυπνος
1513 1725 1750 1793 ἐγένετο.
1783 1729 1910 1781 Δια-

3292 452 3302 485 ;
3373 438 3480 493 Oro
3527 451 3598 500 te,

2023 523 2220 594 inquit,
2283 533 2342 578 ut
2381 525 2566 580 edicas
2634 523 2791 590 mihi,
2822 525 2945 595 quis
2965 524 3091 580 talia
3139 527 3480 583 committere
3507 546 3603 582 au-

2023 631 2119 671 sus
2186 616 2278 672 sit.
2306 615 2370 671 Et
2392 617 2485 671 ille
2517 637 2531 673 :
2562 616 2815 686 Bigrinus
2873 619 2972 673 iste
2997 619 3260 674 venint-us
3307 628 3361 674 et
3389 636 3604 690 magus.

2021 724 2050 762 a
2097 711 2209 765 veri
2260 709 2354 764 Dei
2405 710 2552 765 cultu
2605 709 3017 773 alienissimus,
3074 721 3128 765 te
3187 709 3498 767 facultatem
3552 715 3604 768 id

2022 805 2213 875 agendi
2251 805 2526 860 faciente:
2569 819 2715 858 nunc
2743 803 2911 873 igitur
2936 803 3122 859 icones
3161 812 3264 858 tuae
3293 813 3492 873 praeter
3516 821 3606 860 co-
3653 806 3656 811 ’

2021 899 2214 960 Iorem,
2273 895 2496 965 lignum,
2548 904 2784 957 stercus,
2835 895 3255 964 daemonumque
3302 895 3606 964 illusioucs,

2021 985 2154 1039 nihil
2218 992 2380 1050 sunt;
2425 984 2594 1054 gratia
2658 1000 2894 1053 namque
2950 993 3004 1039 et
3055 985 3227 1040 virtus
3255 986 3608 1058 divina,qua

2020 1076 2258 1145 praedita:
2312 1085 2489 1140 erant,
2550 1074 2675 1130 inde
2705 1076 2960 1142 excessit,
3015 1075 3160 1132 ferre
3189 1078 3450 1148 nequiens
3482 1097 3608 1150 gra-

2018 1169 2322 1224 vcolentem
2379 1169 2686 1222 daemonum
2751 1167 3003 1223 fmtorem
3039 1178 3092 1225 et
3130 1169 3451 1241 injuriosam
3490 1173 3606 1229 ico-

2017 1276 2148 1314 uum
2209 1261 2606 1316 tractationem.
2681 1260 2897 1316 Dixerat
2946 1262 3059 1319 haec
3109 1263 3449 1334 adolescens,
3476 1282 3603 1322 cum

2014 1351 2190 1407 cernit
2221 1351 2522 1421 lampadem
2553 1351 2685 1406 lotio
2729 1353 2929 1407 canino
2960 1354 3175 1423 plenam
3209 1370 3352 1419 esse,
3377 1366 3430 1411 et
3460 1357 3604 1410 lam-

2013 1446 2137 1516 padi
2186 1460 2384 1500 nomen
2441 1445 2799 1513 Antichristi;
2834 1462 3001 1517 supra
3063 1462 3194 1502 vero
3236 1449 3288 1502 in
3322 1465 3473 1518 aere,
3507 1450 3604 1506 Sa-

2013 1537 2277 1593 criﬁcium
2308 1537 2728 1602 daemoniorum,
2759 1538 3112 1610 inscriptum.

2085 1625 2210 1685 151.
2266 1629 2563 1700 Postquam
2603 1629 2715 1685 haec
2747 1631 2960 1686 mulieri
2984 1641 3204 1688 ostensa
3249 1633 3605 1698 iorent,‘eva-

2015 1718 2133 1772 nuit
2185 1719 2518 1784 adolescens,
2583 1721 2695 1789 ipsa
2731 1736 2858 1774 vero
2891 1722 3266 1792 eipergel’acta
3319 1737 3399 1781 est
3425 1745 3438 1781 :
3467 1743 3603 1782 con-

329 1810 584 1880 νοηθεῖσα
614 1808 708 1864 οῦν
733 1811 801 1864 τὰ
838 1812 1104 1882 ὁραθέντα
1149 1815 1285 1886 αὐτῇ
1313 1816 1370 1869 ἐν
1399 1815 1476 1892 τῷ
1505 1815 1678 1888 ὕπνῳ,
1713 1819 1904 1892 ἐξέστη

2014 1808 2370 1880 sideransquc
2399 1810 2608 1880 singula
2637 1810 2739 1866 sibi
2764 1827 2859 1881 per
2881 1815 3117 1882 quietem
3168 1817 3374 1884 oblata,
3403 1828 3584 1899 stupo-

333 1907 429 1958 καὶ
463 1904 672 1975 ἔφριξε,
725 1905 820 1957 καὶ
872 1906 1074 1974 ἑαυτὴν
1109 1906 1394 1977 ἐμέμφετο
1423 1908 1660 1978 λέγουσα
1688 1926 1704 1941 ο
1753 1913 1913 1982 Οίμοι

331 1998 397 2067 τῇ
422 1997 730 2068 ἁμαρτωλῷ
756 1999 768 2050 ί
799 1997 850 2050 τί
869 1998 1255 2069 ἄραπέπονθα
1281 2001 1292 2053 l
1319 2000 1550 2055 δοκοῦσα
1567 2002 1676 2074 γὰρ
1701 2005 1783 2068 είς
1805 2022 1916 2059 ποις

329 2090 470 2160 μένα
495 2090 747 2159 ὑπάγειν,
767 2089 941 2161 [λύκῳ
961 2092 995 2161 ἡ
1024 2090 1182 2144 ἀθλία
1214 2092 1463 2163 ἐνέτυχον
1486 2094 1596 2166 (46)
1682 2094 1913 2148 δοκοῦσα

336 2181 617 2252 σωτηρίαν
666 2181 962 2251 εὑρίσκειν,
993 2183 1075 2245 είς
1122 2182 1253 2254 χάος
1280 2183 1379 2251 τῆς
1412 2185 1689 2249 ἀπωλείας
1738 2187 1911 2257 ἐμπέ-

332 2292 549 2328 πτωκα.
579 2274 802 2338 Τούτοις
827 2273 999 2338 οὕτως
1027 2275 1438 2348 ἁποκλαιομένη
1460 2278 1504 2347 -ή
1555 2277 1714 2350 γυνὴ,
1751 2279 1912 2332 ἐϐου-

327 2367 516 2422 λεύετο
565 2368 620 2421 τί
673 2367 770 2440 δέη
824 2367 1097 2433 γενέσθαι,
1149 2369 1296 2438 ἔχειν
1339 2369 1439 2434 τὰς
1485 2370 1721 2436 εἰκόνας,
1769 2370 1912 2442 ἥμὴ

326 2461 501 2531 ἔχειν;
519 2462 550 2532 ἢ
569 2461 622 2514 τί
636 2462 804 2524 αὑτὰς
818 2461 1198 2532 είσπράξηται,
1220 2463 1341 2514 ἐπεὶ
1360 2462 1733 2534 μεμιασμέναι
1748 2464 1912 2530 ἐτύγ-

327 2570 530 2624 χανον;
574 2553 879 2624 ’Λποροῦσα
908 2553 966 2606 δὲ
1001 2570 1066 2605 πε
1079 2555 1132 2624 ρὶ
1157 2553 1370 2620 τούτου,
1413 2554 1706 2624 ἀνέρχεται
1736 2556 1795 2607 ὲν
1828 2553 1909 2624 τῷ

325 2643 577 2715 λογισμῷ
606 2645 777 2714 αὐτῆς
815 2644 910 2698 τοῦ
947 2644 1222 2716 θαρρῆσαι
1265 2645 1344 2715 τῷ
1391 2646 1697 2716 Ἐπιφανίῳ
1725 2645 1787 2700 τὸ
1815 2663 1908 2714 γε-

325 2737 518 2806 γονός·
559 2741 946 2808 καταμένουσα
991 2737 1048 2789 δὲ
1088 2732 1156 2808 ἦν
1205 2736 1436 2808 πλησίον
1487 2737 1583 2790 τοῦ
1619 2737 1768 2792 οἴκου
1811 2737 1909 2791 τοῦ

327 2829 533 2900 πατρὸς
574 2830 740 2882 αὐτοῦ
764 2845 779 2861 °
817 2830 1086 2899 ἠπίστατο
1129 2829 1183 2882 δὲ
1219 2829 1432 2883 καὶτὸν
1462 2830 1630 2883 παῖδα
1655 2830 1910 2899 ἐνάρετον

325 2922 480 2976 ὄντα.
521 2922 945 2993 Ἀποτηρήσασα
973 2922 1032 2975 δὲ
1062 2923 1268 2992 τακτὴν
1298 2921 1469 2994 ὥραν,
1503 2925 1906 2996 κατερχομένου

327 3013 496 3067 αὐτοῦ
525 3015 633 3067 ἀπὸ
657 3015 756 3084 τῆς
787 3016 1102 3086 ἁγιωτάτης
1141 3014 1440 3086 ἐκκλησίας
1476 3016 1578 3086 τῆς
1633 3021 1729 3070 τοῦ
1769 3017 1904 3071 Θεοῦ

323 3106 568 3174 Σοφίας,
621 3109 935 3177 ἀπήντησεν
991 3107 1140 3177 αύτῷ
1193 3106 1301 3178 πρὸ
1345 3107 1438 3160 τοῦ
1489 3107 1756 3176 πυλῶνος,
1813 3110 1905 3163 καὶ

331 3199 521 3252 πίπτει
550 3201 628 3261 είς
657 3199 782 3262 τοὺς
821 3198 990 3262 πόδας
1041 3197 1232 3263 αὑτοῦ,
1288 3199 1708 3268 ἀπαγγέλλουσα
1756 3199 1905 3269 αύτῷ

327 3289 548 3342 ἅπαντα
575 3290 640 3343 τὰ
671 3290 953 3358 γεγονότα.
1002 3289 1060 3344 Ὀ
1087 3289 1145 3344 δὲ
1195 3289 1438 3354 ἀκούσας
1470 3291 1566 3345 καὶ
1611 3291 1758 3361 μέγα
1788 3307 1908 3362 σεε-

327 3384 513 3449 νάξας,
547 3383 642 3436 καὶ
675 3383 954 3454 δακρύσας
995 3383 1100 3453 ἔφη
1123 3399 1137 3414 ⁸
1175 3382 1483 3453 Κατάθεμά
1515 3400 1622 3449 σοι,
1663 3382 1904 3446 διάϐολε,

325 3478 410 3529 ὅτι
438 3477 497 3528 οῦ
526 3475 676 3546 παύῃ
711 3475 1078 3528 ἐπιϐουλεύων
1107 3475 1234 3539 τοὺς
1263 3476 1412 3538 υίοὺς
1441 3475 1548 3529 τῶν
1575 3473 1902 3545 ἀνθρώπων.

328 3563 462 3620 Εἶτα
495 3566 928 3636 βουλευσάμενος
955 3566 1075 3620 καθ’
1105 3568 1299 3620 ἑαυτὸν
1331 3568 1462 3636 περὶ
1492 3565 1703 3632 τούτου,
1748 3561 1904 3619 εἶπεν

324 3661 392 3727 τῇ
441 3656 660 3725 γυναικί
689 3671 703 3685 ·
739 3657 958 3726 ⁸ξΥῖταγε
1013 3657 1108 3710 καὶ
1151 3657 1252 3728 τὴν
1301 3657 1491 3728 ζώνην·
1517 3658 1732 3727 ἐκείνην
1766 3660 1904 3727 πυρὶ

325 3747 699 3812 κατάκαυσον,
736 3748 833 3818 τὴν
865 3747 922 3800 δὲ
953 3747 1225 3817 κανδῆλαν
1259 3749 1354 3801 καὶ
1394 3747 1484 3800 τὸν
1531 3747 1904 3818 ἀπτρότουεον

326 3839 639 3910 σύντριψον,
675 3840 898 3903 καὶτὰς
930 3841 1144 3901 είκόνας
1195 3839 1385 3908 ἔνεγκέ
1434 3853 1568 3908 μοι’
1617 3838 1712 3891 καὶ
1752 3838 1805 3890 εἴ
1851 3854 1904 3890 τι

323 3934 538 3986 κελεύει
569 3937 602 3986 ὁ
625 3935 777 3996 Θεὸς.
804 3929 920 3987 οἶδα
947 3934 1029 3987 ὅτι
1069 3933 1157 3986 ἐπ’
1189 3932 1312 4002 ἐμοὶ¹
1361 3931 1686 4002 γενήσονται
1721 3931 1776 3984 αί
1810 3931 1903 3982 τοῦ

322 4024 564 4094 πονηροῦ
601 4025 854 4095 δαίμονος
885 4025 1110 4078 ἀπειλαὶ
1141 4027 1237 4078 καὶ
1264 4023 1558 4093 φαντασίαι
1582 4036 1598 4052 ⁶
1642 4021 1758 4076 ἀλλ’
1793 4021 1903 4091 ἔχω

319 4119 414 4171 τὸν
444 4117 649 4189 Κύριον
699 4119 856 4188 ἡμῶν
891 4117 1100 4187 Ἰησοῦν
1148 4115 1384 4186 Χριστὸν
1434 4114 1650 4184 βοηθὸν,
1683 4115 1777 4169 καὶ
1804 4114 1902 4186 τὴν

319 4212 512 4281 τιμίαν
546 4211 711 4280 εὐχὴν
760 4209 856 4262 καὶ
904 4209 1190 4280 ἀντίληψιν
1215 4208 1310 4261 τοῦ
1343 4207 1629 4277 φωστῆρός
1674 4225 1800 4278 μου,
1839 4209 1900 4260 ού

321 4303 711 4373 φούηθήσομαι
755 4301 922 4370 κακὰ,
979 4302 1061 4355 ὅτι
1116 4300 1278 4364 αὐτὸς
1319 4301 1552 4354 πάντοτε
1600 4299 1719 4370 μετ’
1763 4299 1900 4370 ἐμοῦ

321 4399 492 4451 ὲστινι

399 4580 523 4653 ρλέ.
572 4581 637 4635 'H
665 4581 723 4634 δὲ
745 4579 882 4652 γυνὴ
912 4581 1012 4634 ὅσα
1043 4580 1325 4645 διετάξατο
1356 4581 1492 4653 αὐτῇ
1519 4583 1546 4634 ό
1585 4581 1902 4650 Ἐπιφέινιος

321 4675 568 4742 ἐποίησε.
611 4676 705 4725 καὶ
763 4675 861 4735 τὰς
913 4672 1128 4735 είκόας
1182 4673 1415 4727 δέδωκεν
1472 4672 1623 4742 αὐτῷ
1657 4687 1672 4703 ο
1721 4674 1788 4743 τῇ
1843 4671 1900 4724 δὲ

319 4767 481 4819 νυκτὶ
512 4766 696 4836 ἐκείνῃ
724 4767 826 4836 ὁρᾷ
847 4763 966 4818 κατ’
998 4765 1131 4835 ὄναρ
1163 4766 1196 4835 η
1226 4765 1381 4834 γυνὴ,
1406 4767 1489 4818 ὅτι
1513 4761 1677 4835 ἦλθεν
1704 4763 1899 4833 Αἰθίοψ

319 4859 529 4929 γυμνὸς
568 4859 703 4927 πρὸς
731 4859 830 4929 τὴν
863 4857 1034 4926 Θύραν
1063 4859 1234 4926 αὐτῆς
1273 4857 1779 4926 κατακεκαυμένος,
1824 4857 1898 4926 μὴ

318 4949 534 5021 τολμῶν
575 4949 787 5004 ἔνδοθεν
831 4950 1116 5015 εἰσελθεῖν,
1160 4948 1280 5002 ἀλλ’
1317 4949 1608 5017 ἱστάμενος
1644 4947 1772 5014 ἔξω,
1801 4951 1897 5000 καὶ⁸

318 5044 722 5112 ὀλοφυρόμενοί
755 5043 980 5113 Ἕτερος
1011 5043 1067 5094 δὲ
1095 5041 1304 5110 Λίθίωψ
1351 5040 1642 5110 ἐρχόμενος
1695 5041 1894 5103 ἐκεῖσε,

316 5136 392 5200 ὡς
425 5132 565 5188 εἶδεν
600 5136 763 5187 αὑτὸν
815 5134 1176 5205 κεκαυμένον,
1227 5132 1516 5204 ἠρώτησεν
1551 5131 1736 5197 αὐτὸν,
1789 5133 1896 5185 Ποῦ

321 5231 377 5282 ai
407 5227 680 5298 καῦστραι
708 5224 870 5284 αὗται
898 5229 956 5281 ὲν
987 5229 1069 5280 σοὶ
1098 5227 1479 5298 ὲγενήθησαν;
1515 5225 1573 5279 Ὀ
1610 5225 1666 5279 δὲ
1702 5223 1854 5279 εἶπεν
1881 5242 1892 5254 ·

333 5321 649 5389 Ἐπιφανιος
699 5323 727 5374 ὁ
782 5320 1018 5391 πονηρὸς
1052 5319 1350 5389 διεσάφησε
1385 5316 1481 5388 τὴν
1513 5317 1773 5371 τάλαιναν
1802 5316 1894 5370 τοῦ

318 5412 521 5466 καῦσαί
585 5430 652 5483 με
707 5413 920 5477 δεινῶς,
979 5412 1074 5465 καὶ
1129 5411 1228 5479 οὐχ
1273 5410 1534 5480 ύποφέρω
1585 5409 1656 5463 τὰ
1706 5409 1842 5480 ἄλγη
1880 5427 1895 5442 ο

311 5507 579 5577 τέσσαρσι
613 5506 722 5577 γὰρ
749 5505 974 5576 κόμΰοις
1004 5505 1150 5574 ήμην
1175 5503 1454 5572 δεδεμένος
1485 5505 1562 5565 εἰς
1591 5501 1690 5572 τὴν
1720 5500 1896 5568 ζώνην

385 5644 502 5712 (Mi)
585 5640 686 5696 Ms.
757 5640 930 5696 Vatic.
1005 5643 1085 5705 είς
1159 5638 1350 5712 βόθρον
1429 5637 1660 5709 ἡνέχοην
1705 5639 1738 5704 ἡ
1795 5636 1890 5689 τά·

541 5782 764 5841 Videtur
812 5782 1081 5842 Andream
1135 5781 1454 5852 intelligere,
1506 5779 1688 5850 potius
1725 5792 1887 5847 quam

2018 1917 2076 1956 re
2120 1918 2184 1958 ac
2224 1919 2426 1973 pavore
2473 1905 2799 1972 incessente,
2856 1907 2910 1962 in
2936 1908 3034 1964 has
3060 1911 3312 1980 querelas
3361 1917 3541 1983 erupit
3579 1930 3599 1968 :

2017 1990 2114 2045 Hei
2159 1992 2288 2046 mihi
2329 1991 2660 2061 peccatricil
2701 2009 2822 2064 quae
2876 2005 3188 2065 quantaque
3240 1999 3402 2056 modo
3435 2015 3599 2071 passa

2015 2084 2174 2137 sum!
2211 2083 2473 2138 Putabam
2530 2085 2675 2138 enim
2710 2084 2774 2139 ad
2807 2097 3078 2156 pastorem
3125 2088 3414 2164 confugere
3490 2108 3599 2156 me,

2014 2183 2070 2229 et
2098 2191 2225 2232 ecce
2290 2175 2344 2230 in
2408 2177 2595 2248 lupum
2645 2177 2812 2234 incidi
2835 2180 3059 2248 infelix;
3090 2183 3345 2252 putabam
3395 2194 3598 2241 rectam

2015 2286 2102 2326 me
2159 2270 2349 2327 salutis
2387 2271 2530 2327 viam
2569 2284 2772 2338 tenere,
2811 2282 2865 2328 et
2897 2274 2950 2328 in
2988 2277 3241 2345 abyssum
3277 2278 3599 2348 perditionis

2016 2364 2350 2433 prazcipitata
2379 2362 2560 2432 jaceo.
2604 2364 2808 2434 Taliter
2850 2363 3157 2422 lamentans
3184 2369 3417 2432 mulier,
3471 2385 3600 2424 cou-

2013 2455 2220 2510 sultare
2272 2454 2506 2509 instituit
2561 2454 2691 2532 quid
2735 2454 3004 2525 agendum
3039 2455 3218 2520 foret,
3252 2473 3320 2512 an
3364 2468 3600 2513 retentu-

2013 2564 2072 2603 ra
2124 2547 2410 2617 imagines.
2457 2561 2525 2601 an
2552 2563 2659 2602 non
2715 2554 2996 2603 retentura
3026 2587 3042 2610 ,
3075 2556 3184 2602 tum
3207 2549 3336 2619 quid
3378 2550 3468 2618 iis,
3506 2560 3592 2604 ιιι-

2011 2650 2153 2712 pote.
2183 2641 2425 2711 pollutis,
2483 2639 2691 2696 factura
2745 2649 2911 2696 esset.
2981 2641 3214 2710 Ancipiti
3261 2658 3390 2714 ergo
3439 2644 3598 2698 dubi-

2013 2732 2257 2804 tantique
2297 2733 2400 2787 hac
2435 2747 2603 2802 super
2653 2748 2733 2797 re,
2764 2733 2909 2789 venit
2938 2732 2994 2787 in
3029 2744 3288 2799 mentem,
3329 2736 3595 2808 quidquid

2010 2827 2281 2882 acciderat
2328 2826 2555 2881 tidenter
2577 2827 2790 2896 aperire
2851 2824 3194 2897 Epiphanio,
3242 2844 3348 2884 non
3407 2832 3598 2899 procul

2013 2917 2137 2971 inde
2175 2917 2228 2971 in
2258 2916 2422 2971 domo
2453 2925 2677 2987 paterna
2711 2919 3099 2986 commoranti,
3129 2936 3290 2990 quem
3331 2922 3593 2992 praeclara

2012 3010 2339 3065 instructum
2379 3009 2580 3065 virtute
2609 3025 2717 3064 non
2768 3010 3072 3082 ignorabat.
3103 3014 3281 3080 Quare
3325 3017 3596 3071 constitu-

2011 3113 2122 3156 tam
2171 3101 2468 3157 observans
2521 3101 2733 3168 horam,
2789 3119 2951 3173 quae
2989 3105 3337 3161 sanctissima
3371 3107 3592 3178 Supbiie

2009 3192 2207 3248 divinae
2259 3193 2488 3249 ecclesia
2537 3205 2896 3247 consueverat
2924 3195 3122 3262 redire,
3151 3197 3362 3250 obviam
3399 3213 3589 3266 procc-

2007 3286 2163 3354 dens,
2217 3296 2346 3340 ante
2373 3285 2521 3356 ipsas
2542 3285 2724 3356 templi
2757 3287 2941 3341 vultas
2988 3287 3054 3342 ad
3095 3288 3258 3358 pedes
3290 3289 3341 3344 ei
3392 3290 3593 3344 accidit

2006 3389 2170 3451 atque
2241 3379 2539 3444 universa,
2609 3379 2687 3434 uti
2732 3379 2872 3434 facta
2943 3389 3131 3447 erant,
3203 3383 3587 3438 manifestavit.

2006 3472 2217 3540 Quibus
2270 3472 2496 3535 auditis,
2553 3471 2724 3525 altum
2797 3471 3157 3542 ingemiscens
3216 3474 3593 3545 lacrymasque

2007 3566 2240 3622 ubertim
2301 3565 2640 3635 prct‘undens
2675 3581 2690 3618 :
2739 3565 3058 3630 Maledictus
3091 3568 3190 3634 sis,
3230 3569 3590 3630 exclamabit,

2004 3674 2237 3730 nequam
2269 3658 2507 3726 diabole,
2560 3659 2650 3728 qui
2682 3673 2791 3713 non
2815 3674 2998 3714 cessas
3027 3658 3168 3715 filios
3199 3656 3477 3715 hominum
3510 3662 3592 3714 in-

2005 3748 2160 3804 sidiis
2213 3748 2495 3816 impetere.
2542 3745 2744 3803 Deinde
2797 3749 3028 3804 consilio
3073 3766 3257 3806 secum
3291 3751 3454 3814 inito,
3521 3753 3589 3806 ad

2005 3837 2314 3902 mulierem,
2379 3836 2550 3902 Vade,
2620 3838 2820 3908 inquit,
2881 3855 2948 3895 ac
3008 3857 3198 3896 zonam
3248 3843 3392 3898 illam
3434 3844 3591 3897 nill-

2005 3929 2110 3986 mis
2146 3927 2296 3984 trade
2329 3968 2345 3993 ,
2381 3927 2710 3998 ellychnium
2763 3945 2890 3983 vero
2915 3939 2968 3984 et
3007 3930 3312 4000 lampadem
3365 3943 3589 3988 contere

2002 4029 2058 4076 et
2108 4017 2373 4091 imagines
2420 4017 2486 4072 ad
2541 4033 2628 4072 me
2681 4017 2851 4084 atTer,
2911 4028 2966 4074 et
3017 4022 3284 4093 siquidem
3314 4027 3588 4092 permittat

2005 4112 2169 4179 Deus,
2227 4112 2342 4167 scio
2391 4112 2535 4183 quod
2565 4115 2617 4166 in
2651 4126 2736 4167 me
2776 4112 2992 4182 βεδε-ἰηιί
3020 4117 3294 4171 (Ιιειιιοηρε
3331 4121 3506 4171 anas
3535 4129 3590 4169 γι

2003 4213 2214 4275 spectra
2241 4219 2339 4260 sua
2363 4203 2677 4259 conversuri
2705 4204 2818 4260 siut
2846 4219 2860 4257 :
2903 4219 3090 4259 Verum
3132 4207 3428 4262 auxiliante
3455 4209 3590 4282 mihi

2007 4295 2239 4350 Domino
2302 4302 2490 4350 nostro
2524 4293 2650 4350 Jesu
2691 4295 2930 4361 Christo,
2970 4307 3022 4352 et
3045 4296 3291 4351 Oratione
3312 4313 3374 4352 ae
3401 4298 3587 4351 divina

2005 4388 2201 4443 virtute
2242 4388 2626 4444 illuminatoris
2657 4388 2767 4460 (47)
2798 4389 2902 4443 mei
2932 4399 3266 4459 protegente,
3295 4404 3403 4444 non
3437 4390 3593 4444 [iuit-,-

1937 4499 1982 4555 ι)
2008 4483 2075 4536 bo
2094 4483 2258 4545 mala,
2279 4482 2537 4551 quoniam
2563 4483 2677 4550 ipse
2705 4478 2915 4536 trecum
2946 4492 3030 4538 est
3075 4483 3298 4552 ubique.

1997 4567 2002 4580 ’
2078 4573 2199 4628 155.
2223 4573 2490 4627 Exsecuta
2521 4571 2716 4627 mulier
2732 4587 3068 4642 quaecunque
3093 4573 3332 4643 jusserat
3356 4571 3591 4642 Epiphao

2005 4666 2153 4730 nius,
2213 4665 2430 4721 traditis
2490 4669 2649 4720 etiam
2672 4665 2773 4736 ipsi
2802 4665 3153 4735 imaginibus,
3189 4667 3451 4721 visionem
3489 4669 3589 4721 ha-

2003 4756 2120 4812 buit
2157 4766 2313 4812 nocte
2369 4767 2584 4827 postera
2636 4773 2731 4828 per
2766 4757 3023 4827 quietem,
3083 4757 3136 4811 in
3183 4774 3287 4827 qua
3339 4757 3590 4827 ASthiop-s

2003 4847 2182 4903 nudus
2236 4847 2485 4902 veniebat
2538 4848 2603 4901 ad
2638 4848 2832 4901 ostium
2857 4848 3073 4913 domus,
3111 4858 3252 4905 tutus
3279 4854 3585 4912 ambustus.

2003 4943 2300 5010 pedemque
2327 4943 2472 4996 intro
2504 4940 2703 4996 inferre
2732 4957 2838 4995 non
2866 4958 3033 4998 ausus
3057 4985 3070 5006 ,
3096 4943 3230 5000 foris
3256 4948 3587 5001 consistebat

2002 5037 2232 5089 multum
2316 5035 2640 5089 lamentans.
2727 5035 3060 5089 Adveniebat
3137 5052 3264 5109 vero
3349 5049 3400 5091 ct
3450 5039 3585 5090 alter

2003 5126 2280 5196 lEthiups,
2307 5126 2398 5196 qui
2440 5126 2676 5196 priorem
2709 5126 3076 5196 conspicatus,
3106 5129 3581 5198 percunctabatur,

1999 5218 2272 5289 quomodo
2301 5218 2551 5288 stigmata
2589 5218 2687 5272 ista
2721 5220 2870 5274 omni
2892 5235 2956 5274 cx
2989 5231 3139 5290 parte
3163 5222 3390 5275 adustus
3419 5221 3579 5290 gere-

2000 5319 2101 5364 ret.
2148 5308 2245 5364 Cui
2274 5309 2360 5364 ille
2396 5326 2410 5364 :
2446 5308 2806 5380 Epiphanius,
2857 5313 3050 5380 inquit,
3106 5312 3421 5365 adolescens
3455 5328 3577 5381 pes-
3646 5309 3655 5318 “

1999 5404 2194 5467 simus,
2252 5402 2436 5457 docuit
2493 5404 2782 5468 miseram,
2818 5418 2938 5472 qua:
2969 5403 3187 5456 domum
3225 5404 3360 5455 hanc
3393 5403 3516 5457 iuro
3541 5405 3581 5457 it

2001 5496 2281 5550 mulierem
2352 5495 2596 5561 modum,
2642 5511 2752 5564 quo
2819 5509 2906 5549 me
2956 5494 3279 5563 graviSsimo
3325 5496 3576 5550 inccndio

1996 5634 2240 5704 angelum
2277 5649 2435 5688 suum
2472 5633 2756 5691 custodem
2797 5649 2812 5686 :
2848 5632 3064 5688 nomine
3113 5640 3294 5688 autem
3325 5649 3389 5688 ex
3423 5648 3567 5691 com-

1998 5709 2167 5773 posito
2197 5705 2486 5759 abstinere.
3505 5716 3512 5722 ’
