4088 6216
524 294 625 352 787

1580 298 2001 358 NICEPHORI
2048 296 2517 394 PRESBYTI‘ERI
2556 299 2664 356 (ΖΡ.

3653 291 3763 351 738

518 416 647 467 que.
696 405 1072 460 consentiente
1101 414 1156 462 et
1182 410 1488 464 necessaria
1521 409 1588 462 ad
1633 407 1941 462 veniticium
1971 423 2096 462 con-

2203 407 2278 477 τῷ
2327 406 2567 474 λυμεῶνι
2616 406 2683 459 τά
2735 403 3011 472 ἐπιτήδεια
3057 401 3420 472 είςνμαγείαν
3453 401 3774 473 ταράξασα.

520 494 747 560 ferente,
778 496 920 551 ultro
952 498 1227 554 admissus
1259 509 1711 554 commoraretur.
1750 498 1921 555 Jussit
1947 500 2092 555 enim

519 586 696 653 parari
749 587 1093 658 lampadem,
1144 592 1358 657 oleum,
1420 592 1787 663 ellychniutn,
1861 608 2099 659 zonam;

521 687 574 730 et
640 678 841 745 ignem,
900 695 1011 749 quo
1060 682 1200 735 sacri
1256 681 1515 750 baptismi
1580 683 1752 753 gratia
1812 683 2094 737 mulierem

518 783 779 837 exueret;
812 771 1024 842 lampas
1052 774 1270 843 quippe,
1291 790 1389 844 pro
1410 790 1566 830 saera
1627 774 1934 845 baptismali
1969 790 2097 830 con-

519 864 651 925 cha;
711 878 871 933 aqua,
921 879 1018 933 pro
1076 882 1217 935 aqua
1262 868 1406 921 illitts
1462 878 1695 933 sancta;
1764 868 1966 933 oleum,
2000 882 2096 936 pro

440 1002 449 1009 .
518 969 674 1006 sacro
733 956 887 1021 oleo;
916 956 1245 1025 cllyehnium
1280 966 1334 1011 et
1380 958 1538 1028 ignis,
1574 973 1674 1028 pro
1697 957 1870 1013 cereis
1903 973 2097 1013 accen-

519 1047 593 1097 sis
614 1062 629 1110 ;
651 1060 806 1109 zOna,
834 1062 932 1116 pro
960 1048 1045 1101 illa
1068 1063 1172 1117 qua
1203 1049 1254 1101 in
1289 1049 1617 1119 baptismate
1648 1047 1760 1120 (54)
1786 1049 1959 1104 cincta
1984 1050 2097 1103 fuc-

523 1148 625 1199 rat,
683 1137 1135 1205 deposcebantur.
1196 1139 1357 1195 llisce
1386 1156 1417 1195 a
1465 1141 1713 1207 muliere,
1758 1157 1854 1211 per
1877 1142 2095 1210 impiam

518 1229 853 1297 hypocrisim
888 1232 1152 1301 acceptis,
1214 1232 1441 1300 gratiam
1495 1250 1559 1288 ex
1596 1249 1658 1288 ea
1720 1234 2095 1303 baptismatm

514 1319 725 1388 mpulit
765 1338 779 1376 :
834 1322 1133 1392 eademque
1192 1324 1259 1378 de
1308 1338 1473 1379 causa
1534 1325 1749 1380 dicebat
1799 1324 2098 1395 Aithiups:

520 1410 631 1464 Mra
669 1430 727 1467 cs
780 1412 1010 1481 mulier;
1037 1415 1088 1469 id
1121 1426 1222 1480 est,
1265 1415 1405 1486 juris
1437 1417 1541 1471 mei
1578 1432 1659 1484 es,
1688 1432 1794 1473 non
1844 1416 2047 1472 Christi
2082 1435 2096 1470 :

459 1523 463 1528 ’
518 1505 625 1556 imo
663 1512 717 1557 et
764 1503 816 1557 in
884 1506 1207 1575 imaginibus
1265 1508 1385 1579 ejus
1419 1509 1617 1564 similia
1669 1518 1945 1579 operatus,
1978 1526 2100 1581 gra-

517 1595 644 1647 tiam
701 1593 773 1649 ab
802 1595 868 1651 iis
901 1595 1123 1667 fugavit,
1155 1599 1295 1653 clam
1347 1599 1470 1655 illas
1519 1600 1811 1655 ohlinendo
1856 1600 2099 1656 arefacta

515 1698 773 1754 stercore,
830 1696 883 1743 et
930 1690 983 1743 in
1036 1691 1339 1759 lampadem
1396 1692 1781 1761 conjiciendo:
1814 1702 1979 1759 atque
2022 1694 2097 1748 ita

516 1796 652 1848 opus
681 1796 868 1848 suum,
903 1782 977 1836 uti
1003 1782 1329 1836 oblationem
1368 1783 1420 1838 in
1450 1784 1778 1840 sacriﬁcium
1837 1785 2093 1854 ollercns,

516 1872 756 1938 pessimo
818 1870 1051 1925 darmoni
1108 1876 1467 1930 consecravit.
1532 1876 2098 1948 Adquaternosquod

514 1963 708 2016 attinet
736 1978 889 2018 zonae
915 1967 1109 2029 nodos,
1142 1966 1355 2023 vinetus
1383 1968 1450 2024 iis
1508 1970 1911 2038 astringehatur
1940 1968 2099 2025 Sata-

517 2070 637 2129 nas,
673 2070 771 2110 nec
812 2067 1021 2125 poterat
1050 2057 1222 2123 abire,
1253 2058 1357 2114 nisi
1416 2061 1701 2116 combusta
1748 2076 1917 2128 zona;
1957 2078 2098 2152 prfe-

514 2158 734 2216 repetat
794 2150 936 2203 enim
977 2149 1190 2204 mulieri
1252 2167 1465 2222 magus,
1515 2153 1660 2207 illam
1720 2153 1861 2208 intra
1918 2149 2098 2209 vestes

514 2240 855 2306 gestandam,
915 2255 1025 2309 quo
1067 2241 1277 2297 scilicet
1332 2242 1399 2296 ad
1452 2242 1668 2299 lumbos
1720 2243 2098 2301 circumferret

517 2333 842 2387 daemonem.

593 2520 717 2577 MO.
782 2521 912 2579 Post
974 2523 1087 2579 haec
1132 2523 1832 2595 Epiphaniuszblirabilis,
1900 2528 2097 2597 inquit,

512 2615 565 2666 in
633 2624 680 2668 te
732 2613 874 2670 Deus
928 2625 1032 2677 est,
1064 2615 1298 2682 Andrea,
1331 2616 1422 2685 qui
1446 2616 1582 2672 nihil
1630 2627 1682 2673 te
1715 2618 1969 2688 ignorare
2006 2635 2100 2689 pa-

513 2707 669 2762 titur.
720 2708 785 2761 At
820 2722 949 2762 vero
983 2708 1125 2762 unde
1162 2723 1494 2777 cognoscere
1536 2724 1726 2779 magus
1757 2721 1812 2766 et
1838 2726 2099 2766 enarrare

514 2800 727 2855 mulieri
762 2802 957 2868 potuit,
988 2817 1350 2871 quaecumque
1396 2818 1424 2857 a
1463 2804 1663 2858 teneris
1686 2804 1844 2861 annis
1870 2815 2099 2862 eatenus

512 2892 802 2960 gesserat?
850 2892 947 2947 Cui
990 2892 1050 2946 B.
1097 2893 1383 2949 Andreas:
1416 2895 1499 2949 An
1568 2896 1809 2965 ignoras,
1869 2898 2098 2967 spiritus

512 2985 777 3053 quosdam
832 2983 1025 3039 adesse
1059 2985 1406 3052 Christianis,
1441 2988 1533 3059 qui
1582 2987 1650 3043 ab
1689 3004 1877 3045 eorutn
1913 2992 2096 3047 lateri-

2200 494 2335 551 Εῗπε
2363 498 2471 567 γὰρ
2498 498 2635 567 αὐτῇ
2682 494 2967 563 ἑτιιμάσαι
3003 493 3296 560 κανδῆλαν,
3327 493 3419 546 καὶ
3452 491 3654 554 ἔλαιον,
3681 496 3773 545 καὶ

2200 588 2591 660 ἁπτρὸτουεον,
2623 587 2716 641 καὶ
2765 586 2961 656 ζώνην,
2994 586 3088 638 καὶ
3127 586 3257 655 πῦρ,
3289 587 3552 653 ἀφανίσαι
3593 585 3778 653 βουλί-

2203 696 2364 749 μενος
2391 679 2484 731 τοῦ
2522 680 2711 747 τιμίου
2736 676 3112 746 βαπτίσματος
3141 675 3237 745 τὴν
3268 676 3427 745 χάριν
3450 673 3547 728 ἀπ’
3566 675 3735 743 αὐτῆς
3758 690 3777 706 θ

2206 772 2238 840 ἡ
2293 770 2392 841 μὲν
2437 769 2544 840 γὰρ
2577 768 2819 838 κανδῆλα
2866 768 2988 822 ἀντὶ
3032 768 3131 837 τῆς
3190 768 3352 834 ἁγίας
3394 764 3779 835 κολυμσῖήθρας

2199 861 2436 933 ὲξῃτήθη
2469 876 2486 893 ⁸
2512 861 2570 914 τὸ
2592 861 2647 914 δὲ
2678 860 2821 931 ὕδωρ
2852 861 2974 914 ἀντὶ
3020 860 3115 913 τοῦ
3148 859 3301 928 ἁγίου
3320 858 3507 920 ὓδατος
3529 858 3778 911 ὲκείνουο

2201 954 2260 1007 τὸ
2284 953 2342 1007 δὲ
2384 952 2562 1006 ἔλαιον
2592 952 2709 1006 ἀντὶ
2736 950 2828 1006 τοῦ
2860 950 3014 1019 ἁγίου
3046 950 3227 1005 ἐλαίου
3256 966 3269 980 ·
3296 949 3357 1002 τὸ
3396 949 3451 1001 δὲ
3484 948 3782 1017 ἀπτρότου-

2202 1046 2297 1100 6ον
2341 1047 2440 1099 καὶ
2490 1047 2552 1099 τὸ
2579 1046 2691 1115 πῦρ
2719 1046 2841 1099 ἀντὶ
2879 1044 3007 1099 τῶν
3038 1042 3339 1114 λαμπάδων
3369 1041 3479 1095 τῶν
3511 1040 3783 1109 ἀναφθέν-

2199 1158 2339 1193 των·
2370 1139 2468 1210 τὴν
2510 1139 2566 1191 δὲ
2620 1137 2797 1209 ζώνην
2840 1139 2960 1191 ἀντὶ
2987 1137 3083 1207 τῆς
3141 1136 3343 1207 ζώνης,
3385 1136 3450 1205 ἦν
3493 1136 3550 1187 ἐν
3576 1134 3653 1203 τῷ
3682 1133 3782 1200 βα-

2202 1230 2790 1302 πτίσματινδιεζώσθη.
2828 1228 3012 1283 Ταῦτα
3044 1227 3223 1281 πάντα
3265 1224 3446 1280 λαϐὼν
3487 1224 3581 1278 ἀπ’
3610 1224 3781 1289 αὐτῆς

2200 1324 2228 1375 6
2269 1323 2499 1392 μάταιος
2523 1324 2580 1376 ἐν
2612 1322 2923 1392 ὑποκρίσει,
2956 1320 3052 1374 τοῦ
3085 1318 3353 1390 σωτηρίου
3399 1318 3781 1387 βαπτίσματος

2200 1417 2373 1484 αὐτὴν
2402 1416 2649 1470 ἀπέδυσε
2668 1430 2685 1446 ⁸
2712 1414 2799 1467 διά
2827 1413 2986 1469 τοῦτο
3010 1413 3105 1466 καὶ
3126 1412 3314 1479 ἔλεγεν
3338 1410 3475 1479 αὐτῇ
3507 1411 3534 1462 6
3560 1408 3783 1474 Αἰθίοψ,

2199 1510 2282 1563 ὅτι
2331 1508 2471 1579 Ἐμὴ
2501 1508 2792 1577 τυγχάνεις
2820 1507 2981 1578 γυνὴ.
3016 1504 3316 1566 τουτέστιν,
3358 1502 3465 1573 ἐμὴ
3489 1502 3783 1570 ὑπάρχεις,

2203 1601 2299 1656 καὶ
2328 1600 2451 1671 οὐχί
2491 1600 2586 1653 τοῦ
2627 1598 2890 1669 Χριστοῦ.
2940 1598 3052 1652 Ναὶ
3084 1599 3192 1668 μὴν
3218 1596 3311 1651 καὶ
3333 1597 3409 1659 είς
3439 1597 3533 1658 τὰς
3564 1595 3783 1656 εἰκόνας

2202 1696 2372 1764 αὐτῆς
2425 1693 2725 1758 ἐνεδείξατο
2772 1691 2966 1758 ταῦτα,
3018 1692 3111 1745 καὶ
3142 1691 3238 1745 ἀπ’
3282 1689 3463 1744 αὐτῶν
3490 1688 3590 1754 τὴν
3620 1688 3785 1757 χάριν

2202 1784 2408 1849 ἐδίωξε,
2455 1784 2653 1855 χρίσας
2704 1783 2981 1855 λαθραίως
3021 1782 3228 1853 κόπρον
3272 1781 3444 1852 ξηράν
3478 1780 3574 1832 καὶ
3610 1780 3668 1830 ἐν
3708 1780 3777 1846 τῇ

2200 1876 2439 1949 κανδήλῃ
2476 1876 2655 1945 βαλών
2683 1892 2698 1909 ο
2738 1878 2832 1931 καὶ
2876 1875 3021 1929 οὕτω
3065 1874 3126 1929 τὸ
3167 1874 3364 1929 ἑαυτιῦ
3412 1875 3572 1944 ἔργον
3622 1873 3784 1939 ἀφιέ-

2206 1987 2404 2041 ρωσεν,
2461 1970 2537 2033 ὡς
2592 1970 2730 2023 ίδίαν
2788 1967 3155 2040 προσαγωγὴν
3189 1969 3268 2031 είς
3298 1967 3510 2030 θυσίαν,
3555 1966 3631 2036 τῷ
3660 1966 3782 2017 ὀλε-

2201 2064 2339 2134 θρίῳ
2366 2063 2646 2131 δράκοντι.
2678 2062 2811 2130 Περὶ
2851 2062 2908 2115 δὲ
2938 2061 3047 2114 τῶν
3092 2060 3373 2131 τεσσάρων
3420 2059 3642 2129 κὸμὸων
3683 2058 3785 2125 τῆς

2201 2157 2401 2227 ζώνης,
2437 2156 2553 2208 ἐκεῖ
2572 2150 2640 2225 ἦν
2666 2155 2947 2225 δεδεμένος
2978 2156 3006 2207 6
3040 2154 3307 2218 Σατανᾶς,
3343 2153 3437 2207 καὶ
3473 2154 3664 2223 μέχρις
3692 2154 3781 2204 ὅτε

2201 2249 2383 2316 ἐκείνη
2413 2248 2512 2302 οὐκ
2559 2248 2789 2318 ἠδύνατο
2828 2248 3178 2317 ἀναχωρῆσαι
3209 2264 3225 2278 ’
3257 2246 3427 2317 ὥρισε
3476 2247 3581 2315 γάρ
3616 2243 3783 2308 αὐτὴν

2206 2340 2467 2393 ὑποκάτω
2497 2342 2684 2410 φορεῖν
2717 2339 2911 2409 αὐτὴν,
2962 2341 3050 2392 ἵνα
3080 2340 3178 2413 ἔχῃ
3219 2338 3308 2393 τὸν
3346 2338 3590 2390 Σατανᾶν
3638 2336 3786 2404 εἱλη-

2205 2431 2367 2502 μένον
2399 2431 2529 2501 περὶ
2561 2431 2660 2502 τὴν
2684 2431 2855 2502 ὀσφὺν
2892 2432 3088 2501 αὐτῆς.

2275 2522 2389 2594 ρμ’.
2438 2524 2751 2593 Ἐπιφάνιος
2800 2520 2994 2577 εἷπεν’
3040 2523 3367 2592 Θαυμαστός
3411 2522 3558 2573 ἐστιν
3595 2522 3623 2572 ὁ
3654 2517 3786 2579 Θεὸς

2201 2615 2296 2669 ἐπί
2322 2633 2405 2681 σε,
2431 2617 2514 2670 ὅτι
2543 2617 2695 2670 οὐδέν
2726 2634 2809 2670 σοι
2836 2615 3175 2687 ἀπέκρυψεν.
3210 2614 3381 2668 ΙΙὸθεν
3412 2613 3469 2665 δὲ
3493 2613 3785 2678 ἐγίνωσκεν

2201 2709 2229 2760 6
2263 2708 2459 2778 μάγος,
2492 2710 2588 2763 κοιλ⁵
2616 2704 2771 2762 εἶπεν
2795 2710 2957 2779 αὐτῇ,
2996 2709 3098 2761 ὃσα
3128 2707 3192 2760 ὲκ
3219 2706 3471 2775 νεότητος
3504 2701 3738 2772 ἔπραξεν
3766 2716 3783 2763 ;

2212 2799 2270 2852 ὐ
2304 2799 2573 2872 μακάριος
2628 2798 2787 2856 εἶπεν
2813 2818 2825 2831 ’
2869 2802 2983 2854 Οὔκ
3010 2795 3159 2863 οἶδας
3187 2799 3269 2853 ὃτι
3297 2798 3405 2850 τῶν
3438 2795 3781 2864 Χριστιανῶν

2201 2890 2501 2962 ἀχώριστοί
2528 2894 2749 2946 εἰσινόί
2786 2892 3040 2962 δαίμονες
3066 2910 3079 2958 ;
3118 2891 3207 2945 διὰ
3249 2889 3406 2943 τοῦτο
3434 2888 3527 2940 καὶ
3556 2890 3625 2939 τὰ
3647 2887 3781 2956 ἔργα

2200 2984 2380 3039 αὐτῶν
2406 2983 2765 3053 γινώσκουσιν
2786 3002 2800 3052 ;
2824 2984 2995 3038 Ὅταν
3026 2985 3135 3056 γάρ
3158 3001 3241 3047 τις
3266 2983 3452 3055 ὑπάγῃ
3480 2982 3558 3043 είς
3586 2981 3779 3049 μάγον.

514 3078 618 3130 bus
650 3093 758 3130 non
787 3080 1121 3143 recedentes,
1149 3079 1404 3149 qualibet
1461 3094 1652 3136 eorum
1685 3097 1851 3152 opera
1894 3098 2096 3154 cogno-

2203 3081 2384 3149 ἐρωτᾷ
2438 3082 2464 3133 6
2510 3080 2687 3149 μάγος
2720 3079 2811 3132 τὸν
2852 3078 3099 3133 διάϐολον
3126 3079 3217 3131 τὸν
3264 3075 3662 3131 ἀκολουθοῦντα
3702 3073 3777 3142 τῷ

513 3170 713 3224 stunt?
736 3170 964 3237 Quando
1022 3171 1185 3241 igitur
1211 3172 1277 3227 ad
1314 3188 1529 3244 magum
1580 3174 1829 3245 procedit
1861 3176 2095 3244 ﬁaliquis,

513 3265 655 3319 solet
711 3263 802 3319 hic
846 3263 1101 3318 comitem
1150 3264 1297 3319 illius
1353 3264 1654 3320 daemonem
1705 3268 2092 3337 percunctari,

514 3357 646 3426 quid
722 3358 885 3411 homo
934 3357 1037 3438 iste
1066 3372 1095 3410 a
1130 3355 1361 3425 pueritia
1391 3355 1457 3410 ad
1511 3355 1643 3410 illud
1678 3372 1851 3426 usque
1881 3366 2095 3427 tempus

509 3448 719 3516 egerit:
774 3457 829 3503 et
879 3448 1116 3513 dwmon,
1166 3446 1384 3502 invidus
1422 3446 1662 3503 hominis
1684 3463 1891 3513 comes,
1928 3463 2094 3518 opera

508 3544 629 3609 ejus
685 3550 969 3610 perspecta
1026 3539 1233 3593 habens
1298 3538 1503 3604 omnia,
1555 3554 1736 3609 mago,
1777 3554 1888 3593 non
1942 3539 2099 3596 aliter

510 3647 677 3703 quam
738 3630 890 3685 socio
948 3629 1181 3685 dzetnoni
1219 3639 1314 3685 aut
1346 3631 1871 3709 contubernalisuo,
1930 3632 2099 3690 totius

512 3741 540 3776 ν
571 3733 636 3777 tte
665 3723 861 3780 seriem
896 3722 1106 3792 pandit.
1134 3716 1607 3803 Quemadmodum
1631 3723 1777 3778 enim
1801 3726 2097 3781 multarum

435 3844 444 3853 ο
510 3831 692 3869 rerum
726 3815 900 3870 nuntii
930 3814 999 3870 ad
1031 3831 1132 3870 nos
1163 3831 1194 3870 a
1215 3814 1324 3871 Deo
1353 3816 1701 3872 destinantur
1733 3819 1906 3888 angeli
1935 3820 2098 3886 boni;

511 3914 583 3963 ita
630 3916 683 3961 et
711 3907 777 3961 ad
839 3922 1026 3979 magos
1071 3923 1201 3963 suos
1264 3906 1516 3963 deferunt
1564 3908 1691 3963 mali
1762 3927 2102 3982 quaecunque

2206 3172 2484 3241 ἐληλυθότι
2510 3171 2685 3240 λέγων
2714 3189 2729 3204 θ
2771 3173 2908 3227 Εἰπέ
2938 3191 3049 3243 μοι,
3078 3174 3129 3226 τί
3157 3172 3414 3243 ἐποίησεν
3438 3172 3501 3223 ἑκ
3532 3170 3782 3239 νεάτητος

2204 3270 2370 3337 μέχρι
2424 3268 2525 3338 τῆς
2566 3269 2745 3338 δεῦρο.
2812 3269 2869 3337 Ὀ
2912 3269 2969 3322 δὲ
3010 3268 3317 3339 άχὼριστος
3361 3265 3525 3319 αἱ,τοῦ
3564 3264 3640 3316 ὦν
3690 3265 3783 3316 καὶ

2205 3360 2383 3414 πάντα
2434 3360 2794 3431 θεασάμενος,
2833 3361 2911 3425 ὡς
2960 3352 3076 3431 ίδίῳ
3123 3359 3293 3415 αὐτοῦ
3347 3357 3658 3427 συνδαίμονι
3691 3356 3784 3408 καὶ

2208 3454 2557 3525 συγκοινωνῷ
2582 3455 2799 3508 ἅπαντα
2833 3454 3197 3523 καταγγέλλει
3231 3452 3401 3522 αὐτῷ.
3430 3452 3639 3519 Ὠσπερ
3673 3447 3783 3517 γάρ

2197 3548 2247 3599 οἱ
2303 3546 2527 3616 ἄγγελοι
2572 3549 2704 3618 ἡμῖν
2758 3547 2852 3601 τοῦ
2903 3545 3038 3601 Θεοῦ
3095 3544 3263 3599 πολλὰ
3320 3542 3781 3612 ἀπαγγέλλουσιν,

2201 3641 2346 3693 οὕτω
2394 3641 2488 3695 καὶ
2511 3641 2724 3705 τούτοις
2753 3643 2804 3697 cl
2832 3641 3087 3711 δαίμονες
3120 3642 3222 3694 ὅσα
3252 3639 3572 3692 ἐπίστανται
3594 3637 3790 3701 λεγου-

2200 3750 2305 3787 σιν.
2351 3733 2540 3788 Ταῦτα
2584 3733 2678 3788 τοῦ
2729 3733 3005 3805 μακαρίου
3046 3732 3401 3800 λαλήσαντος,
3438 3731 3725 3799 θαυμάσας
3761 3733 3791 3782 ὁ

2212 3825 2557 3894 Ἐπιφάνιος,
2600 3826 2695 3878 καὶ
2731 3827 2823 3879 τὸν
2878 3826 3264 3896 φιλάνθρωπον
3306 3824 3441 3877 Θεὸν
3487 3822 3789 3892 ὑπερὸοξα-

2203 3934 2322 3985 σας,
2352 3919 2744 3989 ἀσπασάμενος
2777 3921 2869 3972 τὸν
2894 3920 3066 3982 ὅσιον,
3098 3918 3469 3989 ἀνεχώρησεν.

511 4014 733 4059 norunt.
758 4002 1054 4076 Postquam
1080 4004 1417 4075 Epiphanius
1444 4021 1473 4060 e
1504 4004 1621 4061 viro
1678 4016 1871 4062 sancto
1941 4009 2221 4067 didicisset
2263 4014 2422 4083 vulgo
2478 4024 2586 4068 tam
2648 4015 2853 4084 ignota,
2889 4030 3082 4084 magna
3113 4012 3324 4068 deﬁxus
3379 4010 3745 4065 admiratione
3771 4050 3787 4071 ,

508 4110 563 4152 et
603 4100 1055 4169 benignissimum
1081 4101 1135 4155 in
1168 4116 1342 4171 genus
1382 4103 1611 4158 mortale
1648 4103 1942 4159 Dominum
2004 4106 2257 4165 laudibus
2299 4121 2642 4181 prosecutus,
2707 4114 2941 4166 salutato
3001 4112 3239 4176 Andrea,
3295 4111 3361 4163 ad
3403 4108 3568 4161 aliutn
3609 4123 3670 4159 sc
3699 4106 3791 4159 lo.

507 4211 633 4247 cum
670 4194 920 4249 contulit.

584 4284 711 4338 Ml.
749 4284 832 4337 Ad
890 4284 1050 4337 tinent
1088 4282 1386 4344 aliquando
1410 4284 1665 4354 vergebat
1707 4274 1918 4340 dierum
1956 4300 2095 4357 qua-

510 4377 761 4445 draginta
812 4376 1108 4445 ji-junium,
1167 4386 1222 4430 et
1271 4377 1421 4431 urbis
1480 4375 2100 4445 ConstantinOpolitanm

2279 4280 2425 4353 ρμα⁹.
2469 4281 2560 4335 Ἐν
2612 4284 2710 4353 μιᾷ
2754 4281 2936 4334 τοίνυν
2976 4281 3086 4335 τῶν
3132 4282 3359 4351 ἡμερῶν
3406 4281 3795 4357 πληρωθείσης

2203 4376 2301 4446 τῆς
2328 4377 2489 4444 ἁγίας
2517 4377 2998 4448 Τεσσαρακοστῆς,
3031 4380 3125 4431 καὶ
3156 4378 3252 4431 τοῦ
3284 4378 3522 4450 πλήθους
3547 4380 3645 4447 τῆς
3684 4379 3791 4449 βα-

512 4467 845 4521 Ιι.ιι›ἰιειοτοε
906 4467 1072 4520 ramis
1148 4466 1454 4535 palmarum
1539 4468 1823 4535 sacrisque
1879 4465 2096 4536 hymnis

2203 4469 2522 4541 σιλευούσης
2544 4470 2772 4536 πόλεως,
2815 4471 2989 4541 βαῒοις
3016 4474 3107 4524 καὶ
3146 4471 3338 4542 ὕμνοις
3380 4475 3471 4525 τὸν
3501 4474 3791 4545 Δεσπότην

518 4555 803 4609 Dominum
864 4553 1050 4609 Jesum
1113 4554 1391 4610 Christum
1470 4557 1913 4621 venerabantur;
1973 4571 2098 4611 cum

512 4650 715 4709 virum,
747 4650 918 4703 multa
966 4648 1164 4703 canitie
1206 4659 1258 4705 et
1290 4651 1476 4704 forma:
1505 4650 1768 4719 dignitate
1805 4651 2095 4720 insignem,

511 4741 778 4810 conspicit
834 4741 894 4795 Β.
953 4743 1198 4799 Andreas
1255 4744 1308 4800 in
1390 4760 1549 4800 sacro
1610 4744 1809 4799 divinae
1886 4742 2100 4813 Sophim

512 4836 745 4904 templo;
830 4837 1128 4893 comitante
1207 4839 1382 4892 virum
1452 4838 1612 4892 turba
1708 4838 2093 4894 inumerabili,

507 4929 810 4998 palmarum
874 4944 1056 4983 ramos
1110 4940 1163 4984 et
1219 4945 1434 4995 cruces,
1486 4930 1715 4999 fulguris
1778 4929 1830 4983 in
1870 4928 2094 4982 modum

508 5030 885 5087 coruscantes,
946 5034 1183 5089 tenente,
1239 5034 1293 5078 et
1346 5025 1833 5095 jucundissimum,
1881 5024 2094 5080 suavis-

507 5113 707 5167 simum
761 5129 825 5168 ac
884 5115 1119 5171 salutare
1169 5118 1342 5171 tnelos
1388 5129 1671 5187 premente
1714 5135 1728 5171 :
1770 5116 1963 5171 horum
2003 5119 2093 5172 alii

514 5204 653 5259 alios
706 5204 952 5259 modeste
979 5207 1044 5261 ad
1078 5207 1533 5277 progrediendum
1559 5208 1890 5275 excitabant,
1923 5209 2097 5262 donec

508 5297 573 5351 ad
622 5298 914 5351 amhonem
971 5308 1289 5366 perventum
1353 5311 1479 5354 est:
1522 5316 1714 5356 onmes
1766 5311 1946 5354 autem
1979 5300 2096 5370 pul-

510 5386 823 5442 chritudine
863 5388 1031 5443 faciei
1087 5392 1368 5461 conspicui
1423 5400 1581 5446 erant
1633 5408 1797 5463 quam
1830 5392 1922 5462 qui
1977 5406 2095 5444 ma-

510 5480 674 5534 xime.
735 5480 913 5537 Senex
974 5498 1104 5537 vero
1161 5483 1271 5549 ille,
1331 5499 1495 5553 quam
1532 5485 1773 5551 tenebat,
1797 5484 2089 5549 citharam,

582 5610 706 5683 (5i),
763 5612 934 5683 llujm
968 5631 1120 5670 zona:
1146 5618 1474 5670 mentionem
1518 5618 1735 5671 invenio
1775 5617 1826 5669 in
1878 5615 2091 5670 Euclio-

512 5678 652 5754 lugin
671 5678 861 5747 ϐοαί-,ξ
882 5700 1001 5754 pag.
1024 5687 1112 5749 37,
1143 5688 1230 5740 ubi
1262 5688 1465 5741 dicitur
1488 5690 1554 5741 de
1579 5701 1766 5742 recens
1783 5686 2088 5753 baptizata:

521 5767 537 5799 ι
574 5752 701 5806 l’ost
769 5762 885 5806 tlle
950 5752 1156 5823 Septem
1228 5761 1423 5813 iterum
1479 5775 1705 5823 pucrnm
1754 5752 2001 5812 deiciunt
2038 5759 2091 5812 in

2201 4562 2437 4632 Χριστὸν
2459 4561 2948 4632 άνευφημούντων,
2988 4562 3135 4633 ἑώρα
3162 4564 3189 4614 6
3216 4564 3487 4634 μακάριος
3530 4563 3793 4635 Ἀνδρέας

2199 4652 2371 4725 ἄνδρα
2422 4652 2632 4721 πολιὸν,
2678 4656 2771 4706 καί
2823 4656 2967 4707 πάνυ
3022 4656 3221 4724 ὡραῖον
3268 4658 3326 4707 ὲν
3372 4659 3437 4725 τῇ
3516 4656 3646 4725 ἁγία
3689 4658 3792 4710 τοῦ

2199 4744 2336 4799 Θεοῦ
2366 4746 2560 4817 Σοφία,
2594 4746 2736 4816 μετὰ
2766 4747 3007 4817 πλήθους
3038 4750 3452 4816 παραγεγονότα
3475 4749 3792 4821 ἀναριθμήη

2196 4854 2315 4903 του,
2340 4839 2670 4908 κρατοῦντος
2700 4838 2826 4908 βάῖα
2858 4841 2952 4891 καὶ
3000 4840 3254 4909 σταυρία,
3292 4839 3585 4909 ἀστραπῆς
3634 4839 3792 4891 διαύ-

2197 4945 2355 4997 γειαν
2386 4928 2873 4999 ὲκπέμποντα,κα“ι
2906 4928 3208 4999 ἑμελῴδουν
3243 4929 3407 4998 μέλος
3430 4928 3661 4998 τερπνὸν
3692 4932 3793 4996 καὶ

2197 5022 2296 5092 ἡδὺ
2328 5023 2423 5075 καὶ
2479 5025 2747 5093 σωτήριον
2770 5040 2784 5054 ο
2825 5022 3012 5091 ἕτερος
3042 5023 3097 5074 δὲ
3132 5022 3207 5091 τῷ
3250 5023 3423 5091 ἑτέρῳ
3458 5019 3792 5072 ὑποκελευόο

2201 5131 2351 5184 μενοι
2382 5115 2726 5185 προέϐαινον,
2759 5112 2836 5176 ὡς
2880 5116 2973 5166 ὲπί
3003 5114 3094 5167 τὸν
3136 5115 3364 5182 άμὸωνα
3398 5111 3787 5182 πορευόμενοι,

2198 5209 2376 5276 ὡραῖα
2417 5206 2485 5258 τὰ
2534 5206 2802 5276 πρόσωπα
2851 5206 3088 5276 ἔχοντες.
3154 5206 3213 5258 '0
3257 5206 3313 5258 δὲ
3352 5204 3534 5265 πολιὸς
3573 5206 3795 5265 ἐκεῖνος

2197 5301 2416 5368 κατεῖχε
2468 5296 2727 5369 κιννύραν
2791 5299 2884 5352 καὶ
2928 5300 3121 5371 ἔκρουε
3174 5298 3270 5361 τὰς
3323 5297 3522 5367 χορδάς
3560 5296 3787 5361 ὑποφωο

2198 5392 2304 5443 νῶν
2334 5393 2443 5454 τοῖς
2473 5390 2786 5461 ψάλλουσιν,
2813 5392 2954 5445 ὥστε
2986 5391 3320 5462 ἐνηχηθέντα
3363 5390 3455 5442 τὸν
3498 5390 3792 5466 μακάριρν

2198 5485 2448 5553 μεγάλως
2479 5487 2572 5539 καὶ
2601 5486 2901 5555 τερφθέντα
2926 5488 2991 5557 τῇ
3024 5486 3247 5556 θεωρία,
3280 5486 3566 5555 σκιρτῆσαι
3596 5499 3656 5534 τε
3685 5484 3789 5534 καὶ

2197 5623 2482 5699 ecclesiam
2517 5634 2573 5676 ut
2604 5624 2898 5699 abluatur,_
2936 5624 3225 5699 linteisque
3261 5642 3383 5681 eum
3412 5624 3569 5682 solvit
3600 5637 3787 5680 sacer-

2198 5696 2315 5758 dos,
2352 5703 2403 5749 et
2438 5709 2629 5750 zonam
2672 5696 2945 5765 discingit.
2978 5715 2996 5747 ι
