4088 6216
381 322 483 384 78’)

1550 337 1732 395 Vl'l‘A
1771 336 1832 395 s.
1867 337 2204 426 Annam:
2247 341 2435 402 sam.

3551 352 3656 415 790

380 433 557 486 εἰπεῖν
578 449 590 464 ο
623 433 930 508 Μνήσθητι,
971 438 1167 511 Κύριε,
1196 439 1291 496 τοῦ
1316 444 1502 510 Δαυῒδ,
1539 448 1633 500 καὶ
1660 449 1844 519 πάσης
1873 451 1962 521 τῆς

2080 463 2189 507 tam
2249 468 2372 525 apte
2445 467 2920 532 congruenterque
2970 461 3317 533 psallentium
3364 468 3654 522 concentui

386 527 693 596 πραότητος
720 529 906 583 αὐτοῦ.
952 532 1083 586 Ἰδοὺ
1110 535 1426 607 ἠκούσαμεν
1457 539 1554 609 τὴν
1582 541 1796 610 κυρίαν
1817 582 1830 603 .
1875 545 1974 614 τὴν

389 615 993 690 Κυριοπρεσβεύτριαν,
1032 623 1128 675 καὶ
1157 625 1392 698 εὕρομεν
1425 629 1615 700 αὐτὴν,
1655 633 1748 686 καὶ
1803 635 1976 704 παρό-

381 723 536 776 μοιον
560 711 660 778 τὴρν
692 711 897 780 Σοφίαν
930 715 1030 785 τὴν
1061 720 1325 789 τερπνήν.

2078 548 2356 618 pulsabat,
2402 561 2459 608 ut
2489 555 2766 612 auditione
2797 556 2943 613 illius
2977 573 3329 626 summopere
3356 559 3657 616 delectatus

2076 642 2344 713 Andreas,
2377 649 2669 704 exsultarct
2699 665 2807 720 prze
2847 630 3047 722 gaudio
3081 651 3393 723 diceretque
3437 669 3451 705 :
3490 672 3509 703 ι
3553 652 3657 706 Me-
3735 701 3738 705 .

2077 744 2282 800 mento,
2344 738 2594 806 Domine,
2629 741 2797 798 David
2862 751 2917 799 et
2957 745 3138 800 omnis
3216 743 3658 800 mansuetudinis

378 807 496 911 ejus
535 823 600 911 τι·
627 823 806 911 “ecce-
834 813 1143 870 audivimus
1208 816 1494 872 Dominam
1541 837 1665 890 quae
1713 822 2001 880 intercedit
2038 831 2180 899 apud
2237 831 2552 902 Dominum,
2617 838 3037 911 invenimusque
3074 852 3127 896 et
3178 840 3326 894 illam
3363 850 3417 895 et
3455 840 3658 910 paritrr

381 900 751 957 delectabilem
785 904 1046 976 Sophiam
1075 909 1139 964 ¹⁹.

448 994 599 1064 ρμ6’.
637 994 821 1049 Ταῦτα
871 998 1039 1052 αὑτοῦ
1082 1000 1392 1068 λαλοῦντο·,
1437 1006 1582 1068 τινὲς
1628 1007 1739 1071 ⁵τῶν
1788 1009 1969 1080 σοφῶν

379 1089 563 1140 ἐκεῖσε
610 1091 907 1159 παρόντες,
944 1091 1130 1164 ελεγον
1179 1097 1330 1168 αὐτῷ
1368 1114 1383 1129 ·
1426 1100 1572 1163 Πῶς,
1614 1100 1811 1171 ἕξηχε;
1859 1104 1970 1158 ἰδοὺ

377 1180 498 1233 οὐδὲ
531 1180 672 1234 αὐτὰ
696 1180 987 1253 ὤρθωσας.
1018 1182 1167 1258 τΑρα
1215 1188 1330 1259 ἔχει
1379 1191 1440 1244 τὸ
1471 1191 1770 1264 ψαλτήριον
1803 1197 1862 1248 ἐν
1900 1199 1966 1268 τῇ

376 1272 468 1325 τοῦ
496 1274 680 1343 στίχου
713 1279 945 1348 περιοχῇ
970 1276 1070 1347 τὴν
1106 1277 1302 1351 Κυρὰν
1325 1284 1760 1352 πρεσϐεύουσαν,
1794 1287 1882 1341 διά
1909 1288 1967 1341 σε

377 1371 875 1440 σεσημειωμένην;
909 1371 973 1424 Τί
1017 1367 1112 1426 οὖν
1137 1374 1276 1428 εἰσιν
1312 1374 1347 1428 ἃ
1391 1376 1610 1444 λαλεῖς;
1663 1379 1806 1450 Ἔφη
1831 1379 1966 1451 πρὸς

376 1458 572 1520 αὐτοὺς
613 1463 642 1512 6
693 1461 877 1525 ὅσιος⁶
907 1458 1071 1527 Οἶκος
1107 1465 1200 1519 καὶ
1249 1463 1398 1531 οἶκος
1443 1469 1580 1522 Θεοῦ
1629 1471 1960 1537 ἀνάπαυσις.

377 1550 441 1602 Ol
475 1547 532 1634 δὲ
573 1552 732 1606 τοῦτο
777 1554 1112 1622 ἀκούσαντες
1143 1558 1201 1625 ἐξ
1235 1561 1467 1634 λάγνοίας
1507 1563 1815 1634 ὲμὼκισαν,
1871 1567 1966 1621 καὶ

378 1639 757 1709 γελοιάζοντες
806 1648 1186 1719 ἀνεχώρησαν.
1238 1655 1431 1725 Ἔλεγε
1482 1657 1538 1710 δὲ
1596 1657 1770 1712 ταῦτα
1803 1663 1829 1714 6
1861 1679 1967 1730 μαι

381 1736 594 1804 κάριος,
638 1738 922 1810 θεωρήσας
977 1742 1068 1797 τὸν
1117 1745 1280 1800 Δαυῖδ
1329 1750 1466 1819 μετὰ
1505 1752 1616 1805 τῶν
1668 1755 1962 1824 προφητῶν

375 1826 555 1879 ἐκεῖσε
589 1835 1042 1901 παραγεγονότα·
1078 1837 1203 1903 Ἴδε,
1226 1816 1415 1910 φησὶν,
1445 1842 1602 1912 κύριε
1631 1845 1656 1896 ὁ
1681 1816 1862 1910 dacili,
1900 1847 1959 1900 ἓν
1994 1816 2033 1871 Β

373 1914 436 1980 ἐξ
469 1920 712 1990 ἀρχαίων
743 1925 951 1991 γενεῶν
976 1926 1181 1996 ἔλεγες,
1210 1949 1228 1982 ι
1255 1931 1401 1996 Ἕως
1424 1929 1482 1988 οὗ
1512 1933 1660 2006 εὕρω
1687 1937 1856 1992 τόπον
1879 1939 1958 2011 τῷ

376 2012 589 2082 Κυρίῳ,
627 2017 895 2087 σκήνωμα
918 2021 995 2088 τῷ
1035 2022 1155 2093 Θεῷ
1207 2023 1425 2090 Ἰακὼϐ,
1461 2046 1481 2080 ι
1511 2028 1825 2085 ἀνάπαυσιν
1865 2033 1957 2086 καὶ

375 2106 722 2176 κατοίκησιν,
779 2113 838 2164 ὲν
892 2115 1138 2182 πρώτοις
1191 2121 1291 2189 τὴν
1346 2121 1758 2190 πρεσϐεύουσαν
1817 2127 1958 2198 ὑπὲρ

375 2197 402 2263 l;
416 2195 530 2263 μῶν
552 2199 650 2268 τὴν
699 2202 944 2274 μεγάλην
976 2203 1324 2275 [Asan-own,
1385 2211 1579 2266 ἔπειτα
1609 2215 1816 2287 ταύτην
1860 2219 1958 2288 τὴν

379 2289 647 2383 μεγάλην]
693 2295 786 2383 τοῦ
832 2296 969 2349 Θεοῦ
1025 2299 1394 2372 Ἐκκλησίαν·
1431 2301 1582 2368 οἳκος
1633 2307 1740 2380 γὰρ
1772 2311 1955 2383 ἐκείνη

374 2378 530 2475 (θεοῦ,
558 2383 653 2436 καὶ
678 2380 826 2450 οἶκος
857 2388 1024 2442 αὑτοῦ
1069 2391 1234 2462 αὕτη.
1279 2393 1471 2449 Ὀποῖα
1518 2399 1575 2451 δὲ
1630 2378 1860 2472 μελῳδεί
1889 2378 1956 2475 τῇ

515 2477 688 2550 ταύτῃ
718 2479 787 2532 τὰ
819 2483 986 2554 νοητὰ
1018 2488 1439 2560 κιννυρίσματα,
1489 2493 1575 2546 ἴνα
1624 2469 1956 2568 ὲμϐλέπητεῖ

376 2565 597 2621 Τούτων
643 2571 698 2624 δὲ
765 2573 1069 2630 θεαθέντων
1137 2581 1230 2630 καὶ
1291 2581 1586 2651 λεχθέντων
1654 2585 1802 2656 παρᾶ
1859 2565 1958 2642 τοῦ

375 2658 608 2726 δικαίου,
640 2665 800 2733 ἀφεὶς
828 2668 1035 2732 εὐθέως
1064 2671 1163 2741 τὴν
1201 2673 1519 2744 ἐκκλησίαν,
1549 2676 1696 2748 ἐξῄει
1726 2678 1960 2745 ἔξω,καὶ

381 2755 600 2826 περιῄει
635 2761 715 2822 εἰς
742 2761 842 2824 τὰς
868 2761 1148 2830 πλατείας,
1177 2764 1394 2836 ψάλλων
1425 2769 1518 2822 καὶ
1553 2771 1960 2844 ὑποιζνιθυρίζων

376 2851 484 2908 τοῖς
515 2849 772 2918 χείλεσιν.
814 2867 820 2872 ‘

446 2951 596 3012 ρμγ’.
635 2947 743 3001 Καὶ
785 2955 1026 3026 συναντᾷ
1057 2954 1296 3028 πλουσίῳ
1328 2959 1434 3012 τινὶ
1468 2960 1819 3034 διερχομένῳ,
1863 2965 1960 3018 καὶ

375 3035 519 3103 λέγει
567 3040 716 3110 αὐτῷ
748 3057 762 3071 ·
809 3043 908 3107 Δός
961 3045 1054 3115 μοί
1084 3046 1139 3100 τί
1171 3065 1324 3105 ποτε.
1363 3050 1422 3105 '0
1446 3052 1502 3105 δὲ
1557 3053 1697 3125 ἔφη·
1730 3056 1956 3128 Ἐξηχε,

2143 1015 2266 1070 ΗΞ.
2306 1016 2528 1074 Talibus
2559 1020 2628 1074 ab
2656 1020 2874 1078 Andrea
2910 1023 3159 1092 prolatis,
3228 1025 3475 1080 nonnulli
3509 1041 3539 1081 e
3568 1042 3656 1080 sa-

2068 1110 2339 1178 pientibus
2389 1115 2577 1168 mutuli
2631 1114 2814 1185 hujus,
2875 1117 2968 1187 qui
3020 1115 3156 1173 forte
3195 1118 3446 1183 aderant,
3508 1119 3654 1174 dice.

2066 1200 2195 1255 bant
2260 1201 2382 1258 illi:
2419 1203 2558 1270 Quid
2613 1205 2740 1271 hoc,
2783 1208 2988 1262 stulte?
3035 1223 3212 1277 neque
3281 1209 3469 1262 isthaec
3507 1217 3657 1263 recte

2068 1296 2249 1349 nosti?
2291 1295 2565 1368 Numquid
2591 1299 2937 1364 Psalterium,
2982 1303 3034 1356 in
3085 1301 3310 1370 periodo
3343 1317 3554 1364 versus,
3591 1302 3654 1355 il-

2068 1386 2178 1452 lud,
2219 1389 2501 1445 Dominam
2556 1392 3001 1458 intercedentem,
3049 1395 3126 1448 uti
3180 1405 3236 1448 tu
3297 1394 3418 1455 vis.
3475 1393 3654 1447 conti-

2065 1481 2202 1535 net?
2259 1481 2397 1548 Quid
2446 1484 2608 1555 igitur
2642 1487 2926 1556 loqueris?
2965 1486 3175 1554 Quibus
3217 1487 3496 1541 Andreas:
3545 1486 3652 1540 Do-

2064 1588 2209 1639 mus,
2275 1575 2484 1644 iuquit,
2533 1585 2587 1631 et
2642 1577 2838 1634 domus
2923 1578 3013 1633 Dei
3080 1578 3321 1649 requies.
3391 1579 3514 1645 Quo
3577 1579 3650 1633 illi

2064 1661 2272 1731 andito,
2339 1666 2432 1722 sed
2471 1684 2577 1723 non
2609 1670 2903 1735 intellecto,
2945 1671 3235 1726 illudentes
3295 1672 3470 1740 ipsum
3497 1687 3558 1726 ac
3579 1672 3656 1726 ri-

2064 1757 2254 1814 dentes
2313 1760 2584 1815 abierunt.
2647 1760 2869 1818 Dicebat
2934 1766 3112 1818 autem
3146 1765 3257 1817 haec
3284 1764 3348 1819 Β.
3381 1764 3655 1827 Andreas,

2062 1864 2187 1902 cum
2238 1850 2447 1904 videret
2494 1851 2600 1906 illie
2649 1851 2904 1907 Davidem
2963 1869 3084 1908 eum
3127 1855 3450 1924 prophetis:
3485 1852 3651 1916 Ecce,

2061 1941 2283 1997 domine
2333 1943 2522 2008 David,
2567 1944 2633 1999 de
2683 1961 2792 2015 quo
2829 1944 2896 1998 ab
2927 1944 3165 2016 antiquis
3205 1946 3647 2016 generationibus

2061 2035 2282 2091 dicebas
2317 2054 2329 2089 :
2374 2055 2391 2088 ι
2431 2036 2614 2092 Donec
2649 2037 2922 2092 inveniam
2953 2037 3131 2092 locum
3181 2037 3434 2103 Domino,
3466 2038 3648 2092 taber-

2061 2128 2320 2191 naculum
2357 2129 2464 2185 Deo
2495 2128 2665 2185 Jaeob
2699 2132 2765 2196 ’°,
2797 2149 2816 2183 ι
2856 2131 3094 2200 requiem
3121 2130 3329 2186 scilicet
3356 2141 3409 2186 et
3440 2131 3652 2186 habita-

2061 2223 2302 2291 tionem;
2350 2238 2412 2280 ac
2449 2225 2686 2294 primum
2743 2226 3000 2296 quidem,
3061 2225 3482 2282 intercedentem
3555 2244 3650 2296 pro

2063 2316 2222 2369 nobis
2274 2333 2525 2388 magnam
2563 2306 2880 2383 Dominam,
2938 2318 3135 2373 deinde
3214 2334 3341 2373 vero
3396 2336 3645 2390 magnam

2063 2409 2200 2464 hanc
2231 2408 2525 2465 Ecclesiam
2564 2408 2694 2476 Dei;
2724 2410 2810 2463 illa
2870 2425 3104 2480 namque
3135 2411 3232 2466 Dei
3285 2412 3514 2476 domus,
3549 2414 3644 2468 sed

2062 2510 2117 2556 et
2176 2503 2290 2559 haec
2341 2511 2447 2557 est.
2488 2503 2664 2568 Quam
2723 2504 2966 2558 suaviter
3014 2516 3194 2558 autem
3252 2515 3508 2572 personat
3544 2506 3646 2559 hac

2061 2593 2175 2665 ipsa
2201 2595 2333 2649 hora
2361 2604 2555 2650 cantus
2571 2596 2819 2659 citharae,
2847 2604 2905 2650 ut
2927 2593 3179 2650 videatis.
3201 2593 3378 2666 Atque
3413 2595 3495 2650 his
3532 2605 3642 2649 tum

2061 2686 2194 2740 visis
2225 2695 2337 2740 tum
2373 2687 2760 2757 pronuntiatis,
2792 2687 2926 2743 exiit
2961 2688 3042 2741 vir
3067 2699 3320 2743 sanctus
3354 2689 3643 2743 confestim

2061 2795 2091 2834 c
2124 2779 2348 2850 templo,
2399 2779 2680 2850 obivitque
2732 2781 2939 2852 plateas
2967 2781 3206 2852 psallens
3230 2790 3283 2837 et
3315 2781 3476 2838 labiis
3515 2782 3650 2836 sub»

2063 2887 2384 2930 SUSUI‘I‘DDS.
2970 2923 2978 2930 .

2094 2957 2095 2960 “
2135 2969 2257 3024 145.
2304 2968 2539 3039 Contigit
2597 2977 2804 3035 autem,
2839 2979 2898 3025 ut
2957 2969 3109 3025 diviti
3159 2970 3376 3025 cuidam
3427 2969 3651 3025 obvia-m-

2064 3061 2236 3127 fieret,
2289 3063 2377 3116 cui
2415 3070 2470 3117 et
2495 3063 2674 3117 dixit:
2712 3061 2932 3132 Porrigo
2989 3063 3119 3117 mihi
3175 3062 3392 3117 tandem
3437 3062 3505 3116 ali
3531 3062 3640 3128 inid

375 3129 473 3182 οὐκ
504 3131 634 3200 ἔχω.
665 3134 809 3206 Ἔφη
846 3139 874 3190 ὁ
916 3139 1126 3203 δίκαιος
1150 3156 1166 3171 ·
1213 3142 1410 3207 Καλῶς
1458 3141 1615 3200 εἶπεν
1647 3147 1675 3199 6
1702 3149 1958 3219 ἀκρογω-

2064 3155 2242 3226 Stipis.
2286 3157 2356 3212 At
2407 3157 2536 3211 ille:
2573 3155 2718 3210 Nihil
2777 3129 2909 3209 mihi
2952 3167 3186 3231 'superat
3213 3197 3228 3222 ,
3281 3156 3461 3211 stulte.
3504 3155 3646 3209 [lur-

378 3225 548 3288 νιαῖος
575 3225 744 3290 λίθος,
777 3231 860 3283 ὅτι
888 3233 1164 3302 τρυμαλιὰ
1193 3235 1256 3289 οὐ
1289 3239 1460 3309 χωρεί
1487 3257 1569 3294 σε.
1601 3241 1766 3310 Λέγει
1798 3244 1944 3296 ἐκεῖ·

291 3378 302 3383 _
375 3333 462 3381 νος
485 3335 498 3349 ·
533 3320 666 3373 Σαλὲ
697 3321 785 3376 ἐπ’
811 3324 1094 3395 ἀληθείας,
1136 3328 1230 3380 καὶ
1257 3328 1372 3383 ἔστι
1411 3333 1742 3404 τρυμαλιᾶς,
1783 3335 1956 3406 πάρε-

376 3429 456 3477 τε,
508 3413 541 3485 ή
598 3417 891 3485 ἀπάγουσα
956 3421 1036 3483 εἰς
1080 3419 1180 3492 τὴν
1227 3422 1532 3492 βασιλείαν.
1580 3428 1690 3481 Καὶ
1742 3429 1905 3495 αὐτός
1935 3445 1952 3461 ⁸

377 3507 562 3579 Παχὺς
587 3507 639 3563 εί
669 3513 762 3564 καὶ
791 3511 1023 3584 λιπαρός
1043 3531 1056 3544 ·
1082 3517 1172 3569 καὶ
1198 3519 1246 3570 oi
1276 3519 1458 3583 πίονες
1489 3520 1587 3591 τῆς
1617 3522 1720 3592 γῆς
1751 3523 1820 3578 δι’
1861 3525 1960 3580 αὑ-

378 3601 472 3670 τῆς
523 3603 584 3656 οὗ
637 3604 713 3674 μὴ
763 3605 1167 3661 εἰσελεύσονται
1203 3627 1214 3639 ·
1253 3610 1373 3675 ὄνος
1416 3611 1525 3684 γὰρ
1571 3613 1842 3680 λακτίζων
1871 3619 1959 3671 ἐπ’

376 3695 590 3759 εὐθείας
621 3696 713 3750 διὰ
751 3699 944 3771 στενῆς
979 3701 1160 3773 ῥύμης
1183 3703 1366 3756 οὐκέτι
1397 3704 1958 3764 διελεύσεται.Ταῢτα

376 3787 616 3853 ἀκούσας
642 3791 670 3843 6
695 3793 974 3862 φειδωλὸς,
1003 3794 1254 3863 ἐγέλασε,
1281 3796 1372 3850 καί
1391 3814 1556 3868 φησιν
1587 3813 1602 3831 ι
1637 3800 1956 3868 Πίστευσον,

375 3883 479 3935 κᾶν
515 3882 705 3954 ἔξηχος
749 3882 818 3951 εἴ,
854 3887 1038 3951 καλῶς
1071 3889 1216 3959 ἡμᾶς
1250 3888 1503 3961 ὕϐρισας.
1540 3891 1708 3961 Λέγει
1754 3894 1903 3965 αὐτῷ
1931 3896 1959 3948 ὁ

373 3975 585 4040 δίκαιος
621 3995 635 4009 ο
678 3977 770 4042 Ei;
841 3980 1160 4053 πλησμονὴν
1213 3982 1314 4053 μέν
1367 3984 1506 4037 εἰσιν
1556 3985 1612 4037 al
1661 3969 1961 4056 μέλισσαιό

373 4067 493 4120 ἀλλ’
523 4068 682 4123 ἄλλαι
716 4071 814 4140 μέν
843 4072 980 4126 εἰσιν
1013 4074 1094 4135 είς
1126 4074 1290 4140 ίασιν,
1317 4073 1476 4128 ἄλλαι
1505 4075 1561 4129 δὲ
1588 4078 1666 4140 εἰς
1701 4079 1910 4144 ἐξίασιν
1941 4098 1956 4115 ·

375 4162 641 4228 ὡσαύτως
671 4165 726 4218 δὲ
752 4165 846 4219 καὶ
884 4166 1176 4238 μύρμηκες
1203 4182 1216 4197 ·
1251 4165 1644 4241 ἀλλ’όῦσπεροή
1692 4169 1960 4242 θάλασσα,

377 4266 470 4314 καὶ
500 4265 527 4314 6
558 4264 797 4332 δράκων,
832 4267 926 4320 καὶ
969 4269 997 4320 6
1038 4267 1172 4338 ᾅδης
1217 4270 1506 4340 ἀκόρεστοι
1550 4269 1644 4323 καὶ
1694 4270 1962 4339 ἄπληστοι

378 4355 760 4424 τυγχάνουσιν,
787 4358 930 4412 οὕτω
964 4363 1056 4413 καὶ
1087 4363 1135 4414 οί
1185 4359 1434 4415 πλούσιοί
1489 4363 1649 4420 εἰσιν.
1681 4360 1779 4435 [οὗ
1801 4362 1965 4431 δυνη-

377 4451 493 4513 θεὶς
525 4452 581 4505 δὲ
618 4454 878 4522 κερδᾶναι
915 4455 1099 4518 αὑτὸν,
1127 4456 1585 4528 ἀποδυσπετήσας
1619 4457 1963 4526 ἀνεχώρησε,

2063 3267 2184 3306 sum
2217 3249 2466 3306 Andreas
2492 3269 2506 3305 :
2537 3248 2702 3305 Recte
2747 3249 3118 3321 pronuntiavit
3146 3265 3396 3304 summus
3424 3246 3646 3319 anguli-

2061 3342 2138 3398 ris
2195 3341 2368 3413 lapis,
2423 3342 2569 3414 quod
2600 3343 2844 3399 foramen
2873 3359 3003 3398 acus
3033 3353 3084 3398 te
3119 3360 3223 3397 non
3259 3345 3422 3413 capit.
3456 3343 3519 3397 Et
3569 3349 3646 3398 ai-

2065 3445 2145 3490 ter
2181 3451 2197 3492 :
2229 3433 2310 3490 Tu
2367 3450 2496 3490 vere
2539 3437 2778 3504 stultus;
2839 3446 2892 3491 et
2942 3434 3065 3501 via,
3135 3452 3255 3505 quae
3301 3437 3367 3491 ad
3445 3437 3643 3492 caelum

2061 3526 2233 3592 ducit,
2295 3526 2540 3583 foramen
2594 3536 2698 3583 est.
2727 3527 2865 3583 Tum
2902 3538 3128 3584 sanctus
3164 3545 3178 3582 :
3211 3528 3291 3582 Tu
3322 3543 3450 3582 vero
3491 3544 3646 3584 cras-

2061 3637 2156 3678 sus
2177 3631 2231 3678 et
2261 3622 2460 3679 obesus
2487 3638 2582 3688 es;
2616 3623 2842 3693 pingues
2873 3630 3056 3677 autem
3106 3630 3263 3677 terrae
3287 3637 3383 3692 per
3436 3621 3643 3675 dictum

2062 3712 2307 3770 foramen
2344 3699 2450 3770 ιιόη
2486 3713 2819 3780 introibant;
2860 3715 3048 3770 asinus
3071 3728 3308 3783 namque
3357 3713 3647 3768 calcitrans

2064 3807 2118 3860 in
2149 3806 2234 3860 via
2268 3807 2428 3876 plana
2471 3821 2570 3877 per
2609 3806 2954 3876 angiportum
2985 3806 3172 3876 nequit
3204 3805 3462 3860 transire.
3507 3803 3645 3856 Cum

2059 3897 2181 3953 haec
2229 3898 2477 3953 audisset
2531 3898 2718 3962 dives,
2775 3898 2948 3954 eti'uso
2998 3912 3122 3952 cum
3170 3897 3281 3952 risu
3319 3914 3331 3949 :
3373 3894 3642 3957 Profecto,

2064 3992 2262 4062 inquit,
2314 3993 2438 4049 licet
2501 3991 2728 4047 insanus
2761 3991 2859 4057 sis,
2892 3991 3059 4061 probe
3105 3990 3431 4044 comitiatus
3458 4004 3516 4043 es
3550 4005 3647 4042 no-

2064 4088 2171 4146 bis.
2225 4086 2394 4141 Porro
2449 4093 2725 4141 sanctus:
2771 4088 2912 4153 Apes
2960 4083 3176 4153 quidem
3221 4081 3649 4136 admodunifre-

2065 4187 2292 4248 quentes
2337 4187 2488 4243 sunt,
2544 4177 2664 4232 alia:
2715 4184 2896 4231 tamen
2951 4171 3392 4244 ingrediuntur,
3444 4180 3645 4224 exeunt

2065 4272 2208 4338 alim,
2259 4280 2312 4326 et
2359 4270 2524 4326 simili
2556 4269 2719 4326 modo
2777 4283 2902 4324 cum
2927 4264 3172 4322 formicis
3212 4263 3412 4332 agitur.
3443 4259 3642 4315 Verum

2067 4365 2144 4418 uti
2200 4380 2372 4430 mare,
2421 4366 2608 4429 draco,
2653 4371 2708 4418 et
2776 4360 3022 4417 infernus
3083 4356 3421 4413 insatiabiles
3483 4364 3647 4425 atque

2037 4447 2418 4527 “inexplebiles
2455 4466 2613 4521 sunt,
2670 4456 2744 4511 ita
2799 4443 2854 4510 et
2917 4453 3132 4508 divites.
3173 4451 3369 4508 Verum
3406 4464 3530 4506 earn
3565 4450 3648 4501 lu-

378 4545 553 4613 λὲγων
584 4547 722 4618 πρὸς
766 4548 961 4601 ἑαυτὸν
993 4566 1008 4580 ·
1035 4547 1056 4621 ]
1095 4551 1160 4602 Ὦ
1191 4549 1466 4619 τύφλωσις
1497 4551 1609 4622 (55)
1659 4550 1837 4620 ψυχῆς
1870 4551 1962 4603 κοιί

2068 4550 2210 4604 crari
2261 4561 2386 4604 enm
2418 4564 2525 4623 non
2558 4557 2762 4620 posset,
2791 4547 3025 4604 indoluit
3057 4545 3322 4614 abiitque,
3347 4543 3419 4597 ita
3460 4557 3642 4598 secum

381 4638 645 4710 πώρωσις
681 4643 692 4693 !
728 4640 845 4703 πῶς
881 4641 1191 4711 ἰσχύσωμεν
1226 4643 1352 4696 ίδεῖν
1398 4645 1559 4713 ἡμεῖς
1585 4643 1634 4696 οἱ
1663 4642 1963 4712 ἀνελεήμο-

302 4729 310 4735 ”
379 4748 466 4791 vs;
510 4733 725 4803 Κυρίου
751 4734 829 4799 τὸ,
865 4735 1200 4804 πρόσωπονς
1233 4737 1296 4787 Ὢ
1323 4735 1426 4804 τῆς
1463 4737 1666 4805 μιαρᾶς
1699 4735 1963 4804 προαιρέ-

379 4840 537 4887 σεως,
579 4826 672 4877 καὶ
702 4819 918 4896 ψυχρᾶς
946 4827 1306 4897 συνειδήσεως
1343 4828 1357 4881 ι
1391 4828 1516 4891 Πῶς
1546 4827 1797 4899 καθάπερ
1827 4828 1966 4883 λίθοι

379 4917 584 4989 ἄψυχοι
619 4919 686 4973 τὰ
717 4919 854 4989 πρὸς
891 4921 981 4973 τὸν
1029 4921 1161 4973 Θεὸν
1202 4922 1549 4993 διακείμεθα,
1582 4923 1776 4994 καὶού
1803 4941 1968 4993 φρον-

380 5011 606 5080 τίζομεν
636 5013 684 5064 oi
717 5011 963 5076 ἐλεεινοί,
993 5013 1076 5067 ὅτι
1105 5008 1208 5068 ὦδε
1250 5014 1537 5086 γινόμεθα,
1591 5016 1686 5070 καὶ
1729 5014 1964 5086 ἀλλαχοῦ

377 5105 706 5174 ὑπάγομεν;
755 5106 866 5158 Καὶ
895 5107 1150 5180 ποταπὴν
1185 5108 1480 5177 ἀπολογίαν
1511 5109 1740 5169 θέλομεν
1783 5108 1964 5164 δοῦναι

375 5199 454 5266 τῷ
509 5198 729 5270 φοϐερῷ
765 5202 958 5269 ἐκείνῳ
1003 5201 1098 5254 καὶ
1141 5203 1631 5274 ἀπροσωπολήπτῳ
1668 5205 1913 5274 Δικαστῇ
1946 5221 1960 5270 ;

389 5291 512 5344 Ἀλλ
569 5291 920 5364 ἐπειχθῶμεν
973 5295 1071 5348 καὶ
1127 5297 1310 5366 ἡμεῖς,
1358 5295 1506 5368 ψυχή
1555 5313 1678 5366 μου,
1735 5298 1872 5367 πρὸς
1904 5295 1963 5348 τὸ

375 5385 766 5456 προκείμενον,
809 5391 905 5442 καὶ
938 5389 1102 5442 πάλιν
1147 5388 1224 5459 τῷ
1255 5388 1462 5459 μύλωνι
1515 5391 1809 5462 ἀλήθωμεν
1840 5406 1853 5420 ⁸
1899 5391 1960 5444 οὐ

449 5569 492 5601 ¹⁹
525 5567 670 5624 l’sal.
703 5585 860 5624 cxx.“
892 5613 906 5638 ,
942 5573 992 5625 l.
1070 5571 1115 5604 ³⁸
1177 5570 1310 5624 ibid.
1342 5570 1396 5624 5.

448 5729 560 5798 (53)
593 5731 689 5785 Ms.
725 5730 896 5786 Vatie.
932 5733 1045 5788 haec
1073 5732 1253 5795 latius,
1291 5731 1382 5785 sed
1414 5740 1466 5786 et
1501 5732 1810 5794 obscurius,
1838 5735 1904 5790 ita
1937 5755 1949 5792 :

381 5801 525 5869 lip’;
557 5804 726 5857 ταῦτα
752 5804 1084 5873 argum-5:31;,
1124 5805 1286 5876 μηδὲν
1310 5803 1365 5856 δὲ
1412 5803 1666 5872 κερδᾶναί
1718 5805 1959 5876 ἰσχύσας»

2064 4645 2292 4714 loquens
2325 4662 2338 4698 :
2371 4645 2411 4696 0
2465 4643 2766 4698 caecitatem
2823 4657 2886 4696 ac
2945 4639 3200 4695 duritiem
3273 4636 3478 4692 cordis!
3533 4651 3642 4705 quo

2064 4747 2220 4803 pacto
2243 4751 2340 4790 nos
2377 4736 2614 4790 immites
2642 4745 2692 4789 et
2718 4729 3178 4788 immisericordes
3198 4728 3391 4786 faciem
3427 4725 3638 4781 Domini

2067 4828 2408 4884 videbimus?
2464 4828 2508 4882 υ
2537 4827 2824 4883 consilium
2855 4825 3147 4881 scelestum
3181 4824 3195 4878 !
3235 4839 3267 4874 ο
3327 4819 3648 4876 animaefri-

2065 4939 2166 4991 gus
2196 4924 2208 4976 l
2239 4922 2360 4989 Quo
2388 4934 2547 4994 pacto
2576 4937 2685 4978 non
2723 4921 2880 4976 aliter
2913 4936 3076 4990 quam
3114 4919 3320 4988 lapides
3359 4916 3643 4970 inanimali

2067 5017 2450 5086 prosequimur
2480 5032 2600 5085 qua:
2625 5024 2814 5070 sancta
2845 5028 2908 5068 ac
2937 5012 3117 5067 divina
3167 5010 3336 5066 sunt?
3364 5007 3645 5075 Quomodo

2065 5126 2170 5164 non
2211 5110 2405 5164 melius
2460 5110 2624 5164 rebus
2652 5108 2850 5164 nostris
2899 5106 3242 5163 consulimus
3281 5103 3486 5163 miseri,
3519 5114 3643 5153 eum

2065 5204 2225 5257 modo
2287 5185 2373 5257 hic
2427 5201 2752 5257 exsistentes
2811 5200 3054 5256 sciamus
3105 5213 3213 5253 non
3244 5193 3351 5250 alio
3380 5191 3648 5248 tendere?

2063 5296 2202 5362 Quid
2241 5311 2427 5366 quzeso
2457 5295 2807 5352 causabimur
2841 5311 3026 5350 coram
3058 5291 3283 5349 terribili
3311 5289 3403 5342 illo
3429 5285 3643 5348 Iudice,

2061 5391 2154 5460 qui
2181 5389 2317 5444 citra
2343 5398 3031 5460 respectum'personarum
3080 5382 3403 5440 sententiam
3436 5381 3645 5436 laturus

2061 5737 2135 5798 ὡς
2171 5730 2252 5799 εἷς
2291 5735 2397 5789 τῶν
2434 5730 3017 5804 παρατρετραμμὲνων
3070 5729 3430 5802 άναχυδιάσκς
3482 5727 3644 5781 αὐτὸν

2073 5808 2412 5879 ἀνεχώρησε,
2450 5803 2543 5860 καὶ
2568 5805 2701 5875 πρὸς
2738 5803 2899 5857 αὑτδιν
2931 5803 3133 5872 ἔλεγεν.
