4088 6216
486 274 583 336 791

1550 285 1963 344 NICEPHORI
2013 287 2492 348 PRESBYTER!
2531 289 2639 349 Ci‘.

3639 290 3749 350 ’ῖῦέ

483 387 607 442 est?
649 385 844 444 Verum
886 389 1232 463 accingamur
1259 401 1312 447 et
1335 409 1455 458 nos,
1492 395 1672 448 anima
1709 410 1850 460 mea,
1875 395 1942 449 ad
1973 396 2060 449 illa

2171 397 2392 467 μακρὰν
2430 398 2540 467 γὰρ
2589 397 2683 450 καὶ
2735 399 2972 469 ἀπίομεν
2999 399 3231 468 ἐκεῖθεν,
3268 402 3404 454 ὅπου
3453 403 3484 471 ἡ
3535 400 3675 470 ταγὴ
3714 405 3748 471 ἡ

481 497 602 551 qua:
631 483 854 548 instant,
895 493 944 537 et
977 501 1193 540 manum
1225 487 1374 555 operi
1412 485 1800 542 admoveamus
1827 488 2016 542 iterum
2043 505 2056 542 :

483 588 590 628 ncn
650 575 794 628 enim
855 577 1080 631 multum
1142 587 1391 646 superest
1441 573 1721 647 temporis,
1779 595 1900 633 cum
1935 579 2061 634 illuc

480 665 788 719 abeundum
814 669 938 731 erit,
975 667 1064 722 ubi
1102 669 1254 722 cibus
1281 669 1626 739 gratissimus
1647 677 1700 722 et
1731 677 1888 737 potus
1929 668 2060 721 mel-

479 761 526 816 le
552 761 762 816 dulcior
785 762 1095 817 invenitur:
1129 774 1319 834 agatur
1346 763 1577 819 stolidus
1623 763 1864 833 corporis
1886 763 2057 818 nostri

477 853 698 920 asellus,
764 855 1222 924 quemadmodum
1276 857 1455 926 pullus
1503 855 1665 920 asini,
1723 855 1814 925 qui
1871 855 2050 911 Durni-

479 960 607 998 num
666 947 934 1016 portaxit;
967 948 1230 1017 eligamus
1260 956 1484 1017 operum
1527 956 1838 1001 sanctarum
1894 963 2052 1002 exer-

2167 488 2420 560 φιλτάτη,
2453 491 2550 543 καὶ
2578 491 2639 543 τδ
2697 490 2840 562 ὕδωρ
2891 491 2954 545 τὸ
2988 493 3314 563 μελίῤῥυτον
3341 508 3354 522 °
3394 493 3621 562 ἄγωμεν
3653 510 3751 545 ταο-

2167 579 2351 633 πεινὸν
2409 583 2915 652 παραπεφυρμίνον
2965 585 3201 654 ὀνάριον,
3232 585 3306 648 ὡς
3343 585 3434 638 τὸν
3488 584 3690 654 Κύριον
3721 587 3748 637 ὁ

2169 671 2387 738 πῶλος’
2422 674 2521 744 τὴν
2570 677 2951 749 πνευματικὴν
3008 677 3274 748 ἐργασίαν
3340 677 3614 747 ἑλώμεθα,
3678 676 3746 728 ἶν’

2167 764 2297 818 ὅταν
2323 765 2385 818 τὸ
2421 766 2517 836 μὲν
2571 767 2816 834 ἀφίεται,
2845 769 2995 822 τὸιδὲ
3032 770 3544 840 παραλαμϐάνεται,
3586 785 3746 822 κατοι

2169 857 2402 928 φθῶμεν
2432 862 2511 923 είς
2544 861 2854 933 ἀπάντησιν
2898 865 2994 918 τοῦ
3038 867 3246 937 Κυρίου
3293 865 3404 920 ἀπὸ
3431 866 3538 920 τῶν
3573 865 3748 932 ἁγίων

2163 950 2431 1020 ἀγγέλων.

475 1037 688 1101 citium,
740 1049 798 1092 ut
836 1055 959 1094 eum
1013 1039 1156 1092 aliud
1209 1039 1610 1103 dimittendum,
1668 1037 1814 1093 aliud
1870 1039 2241 1109 recipiendum
2273 1045 2832 1117 erit,eonspiciamur
2886 1067 2916 1105 a
2977 1052 3184 1108 sanctis
3219 1053 3426 1122 angelis
3463 1051 3516 1105 in
3554 1065 3750 1106 occur-

480 1152 600 1190 sum
647 1135 856 1188 Dcmini
879 1152 1189 1206 properare.

551 1228 673 1284 H4.
710 1228 890 1283 Finito
917 1227 1020 1282 hoc
1053 1244 1308 1284 sermone
1342 1230 1862 1287 instituiteursitare
1884 1240 1934 1286 et
1957 1230 2067 1286 cal—

481 1318 680 1371 citrarc
716 1333 730 1373 :
761 1317 1140 1387 quotl-qnipro
1177 1316 1385 1372 foribus
1448 1319 1562 1373 suis
1601 1321 1817 1390 Opiﬁcio
1865 1321 2061 1375 intenti

479 1410 760 1476 sedebant,
819 1409 1024 1480 quique
1078 1410 1906 1480 illactransibant,conspicati,
1953 1410 2067 1465 cla-

483 1501 744 1555 mahant:
804 1499 932 1572 Liga
987 1502 1223 1570 asinum,
1288 1504 1388 1574 liga
1434 1505 1692 1566 asinum;
1746 1513 1804 1557 et.
1844 1513 2066 1558 sanctus

475 1594 727 1649 similiter
761 1595 1030 1650 clamabat
1064 1614 1077 1648 :
1109 1596 1344 1665 Sepelite
1381 1596 1583 1658 asinos,
1620 1597 1861 1665 sepelite,
1889 1610 2064 1666 quan-

478 1684 772 1754 doquidem
826 1685 1060 1741 emortui
1090 1696 1252 1752 sunt;
1305 1698 1355 1740 et
1385 1685 1452 1739 ad
1487 1684 1790 1740 clamantes
1829 1699 2059 1740 conver-

2242 1227 2384 1299 ρμδ’.
2427 1228 2611 1282 Ταῦτα
2647 1231 2908 1301 εἰρηκὼς,
2945 1231 3107 1286 ἔϐαλε
3161 1234 3342 1287 σάσειν
3377 1238 3470 1290 καὶ
3500 1239 3746 1308 τρέχεινσ

2167 1319 2216 1372 οἱ
2252 1320 2308 1373 δὲ
2340 1320 2700 1392 καθεζόμενοι
2731 1324 2787 1376 ἐν
2818 1326 2938 1388 ταῖς
2964 1327 3247 1394 ἐργασίαις
3293 1329 3400 1397 πρὸ
3428 1329 3536 1383 τῶν
3571 1332 3750 1400 θυρῶν

2169 1411 2374 1473 αὐτῶν,
2428 1413 2526 1466 καὶ
2561 1416 2607 1466 oi
2651 1415 3004 1482 διοδεύοντες,
3049 1419 3343 1488 βλέποντες
3394 1422 3624 1476 σάσοντα
3650 1426 3748 1478 αὐ·

2166 1503 2279 1567 τὸν,
2318 1502 2502 1572 ἔλεγον
2528 1519 2544 1536 ο
2575 1507 2750 1576 Δῆσαι
2783 1507 2875 1559 τὸν
2902 1509 3045 1575 δνον,
3073 1509 3233 1580 δῆσαι
3266 1511 3356 1566 τὸν
3397 1513 3538 1568 δνον.
3602 1515 3660 1568 '0
3687 1516 3748 1568 δὲ

2172 1593 2443 1662 μακάριος
2497 1593 2721 1662 ἔλεγενο
2793 1598 3015 1667 Θάψατε
3079 1601 3207 1665 τοὺς
3264 1602 3456 1671 ὅνους,
3518 1605 3748 1675 θάψατε,

2169 1685 2359 1754 ἐπειδὴ
2377 1686 2857 1759 τετελευτήκασιν.
2893 1691 3084 1761 Ἔλεγε
3127 1695 3183 1748 δὲ
3229 1697 3258 1748 6
3288 1697 3434 1760 ὅσιος
3485 1699 3620 1768 πρὸς
3648 1700 3744 1752 αὐ-

479 1790 571 1828 sus
605 1773 830 1842 :bleus.
887 1775 1161 1845 inquiebat
1190 1812 1205 1838 ,
1271 1777 1492 1839 asinus,
1543 1775 1758 1831 tametsi
1781 1776 2061 1840 calcitret,

2167 1779 2314 1843 τοὺς,
2343 1780 2538 1850 ὅτιπερ
2585 1779 2646 1836 Ὀ
2688 1784 2819 1852 ἐμὸς
2865 1785 3004 1850 δνος,
3038 1787 3143 1840 κᾶν
3185 1788 3459 1862 λακτίζει,
3509 1791 3746 1854 εὐσεϐῶς

477 1867 562 1938 pie
616 1867 783 1935 vivit;
835 1876 891 1921 at
923 1877 1100 1922 vester
1125 1867 1235 1936 jam
1277 1885 1420 1923 nunc
1446 1885 1540 1938 per
1597 1878 1879 1940 peccatum
1917 1884 2066 1923 mor-

479 1971 605 2012 tuus
658 1968 711 2012 et
764 1959 1124 2028 putrelactus,
1185 1960 1436 2029 sepulcro
1469 1959 1782 2014 condetnlus
1835 1970 1938 2022 est,
1977 1977 2064 2016 'nc

478 2047 672 2103 foetore
700 2065 800 2104 suo
829 2049 1081 2106 homines
1112 2051 1337 2105 inliciat.

2163 1870 2229 1942 ξῇ
2260 1889 2273 1904 ⁸
2314 1874 2341 1925 ὁ
2374 1873 2432 1926 δὲ
2461 1873 2728 1946 ὑμέτερος
2756 1877 2856 1948 ἤδη
2887 1878 3149 1948 τέθνηκεν
3216 1880 3322 1934 ὑπὸ
3343 1883 3439 1950 τῆς
3470 1883 3742 1953 ἁμαρτίας

2167 1967 2261 2019 καὶ
2293 1967 2588 2036 σέσηπται,
2626 1973 2722 2024 καὶ
2753 1972 2891 2041 πρὸς
2921 1973 2982 2024 τὸ
3011 1974 3084 2042 μὴ
3111 1975 3296 2028 πνέειν
3337 1976 3451 2046 (56)
3497 1978 3624 2039 τοὺς
3655 1978 3741 2029 ἀν-

2167 2057 2443 2125 θρώπους,
2485 2061 2754 2116 ἐπιδέεται
2789 2063 2987 2132 ταφῆς.

1901 2191 2131 2248 CAPUT
2183 2194 2322 2248 XIX.

481 2308 808 2380 Epiphanius
847 2311 1160 2364 tentatiunes
1199 2312 1374 2364 carnis
1428 2322 1637 2380 supcrat
1679 2327 1697 2365 .'
1743 2323 1794 2364 σε
1834 2313 2050 2436 dignari
2123 2317 2319 2437 imp!th
2365 2318 2680 2372 horrendum
2733 2323 2958 2376 intuitus
3004 2326 3223 2388 exitum,
3282 2327 3631 2397 ejnspeccata
3670 2331 3734 2384 ab

1229 2399 1237 2408 κ
1911 2416 1914 2419 -
1943 2399 1994 2435 nt
2018 2401 2103 2437 rea
2135 2403 2200 2437 an
2245 2396 2308 2437 ιι.

1229 2399 1237 2408 ν
1893 2396 2103 2438 Anttt'ea
2135 2396 2308 2440 audit.

547 2499 673 2554 145.
709 2498 946 2568 Contigit
979 2513 1074 2569 per
1133 2499 1263 2552 illud
1305 2509 1538 2566 tempus,
1572 2499 1920 2570 impudicitia:
1957 2501 2064 2555 da:-

478 2604 693 2649 m'onem
759 2593 968 2660 erigere
1028 2573 1233 2644 cornua
1289 2601 1476 2644 contra
1535 2592 1943 2662 Epiphanium,
2008 2603 2064 2646 et

477 2699 674 2756 magno
729 2683 914 2738 furore
957 2695 1162 2746 aetum,
1199 2681 1439 2736 libidinis
1485 2683 1530 2736 ei
1571 2682 1718 2738 faces
1766 2682 2062 2753 subjicere.

477 2775 845 2841 Quamobrem
905 2775 1252 2829 castissimus
1318 2775 1637 2832 adolescens
1693 2775 1880 2830 dolore
1919 2775 2064 2846 angi,

477 2868 660 2921 animo
681 2867 1046 2930 consternari,
1070 2881 1131 2920 ac
1170 2876 1408 2921 metuere
1439 2882 1505 2921 ne
1542 2867 1680 2922 forte
1701 2867 2068 2922 adolescentia

479 2975 577 3023 sua
610 2958 914 3014 fmdissimo
944 2959 1144 3012 sordidi
1173 2959 1379 3028 peccati
1405 2958 1517 3012 luto
1563 2959 2062 3013 contaminaretur:

2246 2513 2386 2574 ρμε¹.
2425 2508 2634 2579 Συνέϐη
2667 2508 2723 2560 δὲ
2754 2509 2830 2579 τῷ
2862 2511 3039 2581 καιρῷ
3087 2514 3282 2584 ἐκείνῳ
3315 2517 3517 2587 ἐπᾶραι
3545 2518 3742 2588 θράσος

2165 2597 2192 2649 ὁ
2224 2598 2470 2663 διάϐολος
2533 2600 2676 2654 κατὰ
2717 2600 3059 2670 Ἑπιφανίου,
3109 2607 3202 2659 καὶ
3246 2607 3492 2671 ἐξέκαιεν
3523 2611 3686 2662 αὐτὸν
3716 2612 3741 2662 6

2169 2693 2268 2762 τῆς
2302 2695 2562 2764 πορνείας
2585 2694 2795 2757 δαίμων
2814 2697 3088 2766 χαλεπῶς,
3116 2701 3348 2773 μεγίστῃ
3375 2703 3540 2772 μανίᾳ
3569 2719 3742 2772 προσο

2167 2786 2488 2856 φερόμενος.
2562 2789 2778 2842 Ἢνιᾶτο
2821 2785 2914 2844 οὖν
2973 2793 3002 2844 6
3056 2793 3292 2861 τερπνὸς
3350 2795 3588 2858 νεανίας,
3647 2797 3741 2849 καὶ

2167 2879 2407 2949 quam
2465 2883 2805 2952 πτοούμενος
2845 2882 2918 2954 μὴ
2971 2884 3172 2955 μιανθῇ
3208 2887 3239 2956 ἡ
3271 2884 3502 2956 φιλτάτη
3553 2887 3741 2956 νεότης

2167 2972 2330 3027 αὑτοῦ
2353 2973 2430 3045 τῷ
2462 2973 2709 3046 βορϐόρῳ
2738 2977 2834 3046 τῆς
2871 2977 3190 3046 κοπρώδους
3221 2978 3488 3040 δυσωδίας
3514 2996 3527 3010 ο
3571 2977 3741 3032 πολλὰ

481 3053 606 3106 hinc
659 3062 711 3106 et
763 3051 990 3122 jejuniis
1045 3050 1350 3122 vigiliisque
1377 3055 1568 3106 crebro
1595 3067 1653 3108 se
1684 3053 1866 3117 dabat,
1916 3051 2055 3106 divi-

2170 3065 2270 3137 μέν
2322 3070 2414 3120 καὶ
2468 3070 2764 3140 ἐνήστευε,
2822 3071 2917 3124 καὶ
2967 3070 3281 3142 ἠγρύπνει,
3341 3073 3434 3125 καὶ
3477 3071 3740 3142 δάκρυσιν

479 3159 714 3214 namque
738 3143 1133 3214 cumlacrymis
1162 3144 1451 3199 invocabat
1473 3159 1628 3214 Opem
1649 3187 1661 3210 ,
1699 3153 1756 3199 ut
1785 3161 1848 3198 ne
1884 3145 2062 3218 istius-

480 3239 625 3292 modi
677 3237 874 3291 anith
934 3251 1045 3290 sua:
1104 3237 1318 3290 ruinam
1357 3235 1682 3297 incurreret.
1731 3235 1848 3290 Non
1878 3245 2057 3306 tamen

475 3329 952 3385 continuominus
990 3328 1219 3384 infestus
1252 3328 1463 3384 daamon
1513 3327 1742 3392 institit,
1769 3328 2060 3396 ingerendo

477 3439 570 3491 per
609 3421 792 3476 carnis
820 3422 1075 3477 stimulos
1124 3419 1357 3490 cogitata
1398 3433 1587 3490 prava,
1624 3418 1822 3488 quibus
1881 3419 2058 3488 ipsum

478 3515 784 3569 conabatur
824 3513 877 3566 in
948 3513 1192 3566 libidinis
1244 3526 1462 3566 casuum
1511 3510 1893 3565 miserabiliter
1957 3510 2060 3564 im-

480 3623 756 3678 mergere,
813 3616 866 3660 et
939 3605 1255 3674 praeclaram
1327 3605 1522 3659 anima:
1597 3602 2056 3674 pulchritudinem

419 3754 428 3758 _
477 3701 860 3769 exstinguere;
892 3697 1018 3753 hinc
1061 3706 1117 3752 et
1151 3698 1537 3768 phantasmata
1571 3697 1619 3754 ei
1657 3697 1804 3751 varia
1835 3697 2060 3766 objicie-

480 3793 571 3846 bat
599 3807 692 3862 per
733 3790 996 3860 quietem,
1031 3788 1280 3844 videlicet
1317 3804 1440 3843 cum
1485 3788 1802 3843 mulieribus
1856 3786 2060 3856 putidis

478 3888 656 3954 ipsum
697 3899 810 3939 rem
824 3883 1023 3938 habere
1047 3892 1100 3938 et
1127 3894 1348 3952 peccato
1378 3883 1708 3936 consentire.
1738 3881 1802 3935 At
1829 3879 2064 3950 Epipha-

478 3974 624 4038 nius,
667 3973 882 4042 quoties
919 3973 1118 4029 talibus
1147 3972 1475 4044 imaginibus
1516 3972 1959 4034 inﬂannnahatur
1993 3969 2059 4024 ad

477 4061 781 4130 libidinem,
815 4066 1007 4120 uncias
1032 4065 1142 4120 tres
1169 4065 1300 4120 salis
1328 4065 1672 4130 masticabat,
1717 4071 1908 4135 gustus
1939 4081 2062 4119 sen-

477 4172 596 4210 sum
657 4158 1002 4224 excrucians,
1055 4166 1110 4212 ct
1161 4157 1488 4213 salsedinem
1526 4159 1807 4228 aegerrime
1828 4157 2056 4212 ferens:

480 4249 864 4320 cogitabatque
920 4251 1128 4306 interea
1169 4266 1292 4306 cum
1350 4251 1560 4313 timore,
1598 4265 1664 4302 ne
1694 4250 1834 4304 forte
1861 4248 1914 4302 in
1958 4249 2060 4304 isto

478 4343 620 4399 bello
647 4340 875 4396 inferior
896 4341 1057 4398 foret.

552 4432 676 4486 146.
738 4429 878 4486 Tum
931 4448 1061 4486 vero
1119 4432 1175 4487 in
1227 4433 1435 4488 somnis
1469 4433 1818 4502 conspicuum
1871 4431 2060 4487 habuit
2091 4425 2136 4480 ῐ)

477 4527 706 4581 luxuria:
757 4526 1079 4591 drcmonem,
1121 4525 1457 4580 simillimum
1493 4527 1682 4581 lutosa:
1715 4527 1820 4590 sui,
1874 4539 2062 4580 excre-

485 4619 682 4673 mentis
737 4617 992 4672 humanis
1041 4617 1304 4684 oblitum;
1358 4619 1763 4683 stabatautem,
1797 4628 1850 4673 et
1883 4619 2056 4689 gravi-

477 4722 562 4766 ter
591 4710 868 4780 spirabat;
906 4711 982 4764 illi
1007 4725 1135 4766 rero
1163 4726 1227 4766 ex
1270 4713 1523 4782 opposito
1562 4711 2058 4781 stabatetjuvenis

477 4801 828 4867 candidatus,
863 4803 978 4872 qui,
1013 4804 1156 4872 quod
1193 4819 1358 4859 manu
1391 4805 1613 4861 tenebat
1638 4804 2055 4860 acerbissimum

477 4895 758 4967 poculum,
786 4894 1106 4952 verberibus
1135 4897 1383 4968 adigebat
1409 4897 1708 4952 dzemonem
1732 4898 1907 4965 ipsum
1929 4911 2059 4951 eva-

477 5004 664 5044 cuate.
728 4989 947 5045 Daemon
989 5007 1139 5059 vero,
1192 4991 1369 5062 impos
1397 4993 1480 5047 sui
1513 5007 1622 5061 pra:
1647 4989 1850 5051 furore.
1889 4990 2059 5043 inter-

480 5083 708 5154 rogabat
733 5083 1080 5139 candidatum
1133 5084 1556 5149 adolescentem,
1591 5100 1686 5137 eur
1724 5098 1784 5138 se
1809 5082 1874 5136 ad
1922 5081 2061 5136 hau-

479 5177 729 5231 riendum
783 5177 1047 5248 scyphum
1081 5177 1230 5232 illum
1275 5177 1536 5248 adigeret.
1571 5176 1670 5230 Cui
1705 5176 1778 5231 ita
1831 5191 2059 5244 respon-

477 5269 558 5325 dit
601 5269 742 5326 ille:
780 5271 1050 5338 Quoniam
1111 5279 1164 5324 tu
1228 5271 1487 5325 famulum
1540 5269 1756 5326 Domini
1822 5268 2059 5340 Epipha-

481 5363 630 5418 nium
653 5364 946 5421 salsedinis
967 5364 1268 5419 acrimonia
1297 5363 1518 5434 coegisti
1536 5364 1850 5418 excruciare
1881 5342 2058 5418 visee-

484 5468 543 5508 ra
605 5472 722 5522 sua,
787 5457 1098 5512 examinato
1134 5471 1290 5526 aequa
1348 5455 1572 5526 iustitiae
1615 5456 1810 5510 divinae
1853 5457 2054 5510 trutina

549 5584 662 5655 (56)
690 5589 789 5644 Ms.
844 5591 1046 5647 Mazar.
1078 5591 1244 5656 ὄζειν.

699 5660 1059 5736 _|nserehatur
1097 5665 1185 5719 hic
1219 5664 1494 5736 ἐνσθῆναι.
1633 5717 1636 5726 ,

553 5727 664 5796 (.53)
699 5729 956 5787 inscrtum
999 5745 1132 5804 erat,
1165 5727 1379 5808 βράςων
1422 5736 1519 5807 τὴν
1549 5736 1726 5805 3253's).
1779 5733 1930 5801 Quod
1963 5750 2058 5788 au-

2166 3159 2486 3211 ἐπεκαλεῖτο
2513 3159 2604 3214 τὸν
2634 3161 2790 3227 Θεὸν,
2833 3162 2909 3231 μὴ
2945 3161 3208 3232 ἐμπεσεῖν
3239 3164 3319 3225 εἰς
3347 3163 3446 3232 τὴν
3484 3163 3744 3232 τοιαύτην

2165 3251 2462 3305 ἀπώλειαν.
2499 3233 2608 3306 Kal.
2633 3252 2731 3306 οὐκ
2764 3253 3142 3322 ἀπηλλάσσετο
3174 3254 3324 3326 αὐτῷ
3349 3257 3377 3308 6
3411 3257 3743 3328 κατάρατος,

2165 3345 2260 3400 καὶ
2301 3347 2413 3408 τοῖς
2459 3348 2716 3416 πονηροῖς
2753 3345 3037 3418 λογισμοῖς
3066 3346 3151 3401 διὰ
3175 3349 3272 3417 τῆς
3308 3349 3609 3418 πυρώσεως
3641 3350 3744 3416 τῆς

2167 3438 2372 3509 σαρκὸς
2431 3439 2858 3507 ὐπανιγκὰζων,
2913 3434 3095 3496 εἷλκεν
3137 3442 3371 3512 οἰκτρῶς
3411 3445 3470 3495 ὲν
3511 3441 3588 3512 τῷ
3642 3443 3745 3510 τῆς

2164 3532 2421 3599 λαγνείας
2451 3533 2564 3604 (57)
2595 3532 2864 3603 βορϐόρῳ,
2894 3534 2986 3587 καὶ
3023 3535 3083 3586 τὸ
3121 3534 3311 3587 τούτου
3346 3534 3576 3605 ψυχικὸν
3609 3533 3747 3587 κάλ-

2163 3627 2255 3688 λος
2292 3625 2503 3690 σϐέσαι,
2538 3625 2678 3679 ὥστε
2721 3626 2818 3680 καὶ
2872 3627 3015 3680 κατὰ
3047 3629 3171 3690 τοὺς
3202 3627 3406 3692 ὕπνους
3437 3627 3747 3697 ὲφάνταιζεν

2166 3718 2329 3773 αὑτὸν
2357 3718 2771 3788 ἀναμίγνυσθαι
2803 3720 3002 3788 γύναια
3035 3719 3276 3789 δυσώδη,
3319 3720 3412 3773 καὶ
3453 3723 3517 3791 τῇ
3567 3721 3748 3790 ἀμαρ-

2165 3811 2257 3882 τίᾳ
2286 3812 2666 3880 συγγίνεσθαι.
2707 3812 2930 3875 Ὀσὰκις
2961 3812 3018 3864 δὲ
3066 3811 3398 3880 ὲφαντάζετο
3444 3814 3748 3882 ἀνισταμε-

2164 3922 2253 3969 νος
2299 3905 2447 3975 (58),
2502 3907 2653 3976 τρεῖς
2702 3905 2896 3973 ὀγκίας
2945 3905 3140 3968 amo;
3188 3905 3375 3976 ἤσθιε,
3439 3905 3750 3973 πικραίνων

2167 3999 2267 4064 τὴν
2315 3996 2592 4068 αἴσθησιν,
2632 3999 2727 4051 καὶ
2771 3997 2960 4061 δεινῶς
3009 3998 3206 4068 ἔφερεν
3258 3997 3364 4050 ὑπὸ
3395 3997 3490 4068 τῆς
3523 3983 3706 4066 ἅλμης
3732 4015 3746 4027 ·

2167 4089 2260 4142 καὶ
2323 4091 2382 4142 ἐν
2452 4089 2627 4158 τούτῳ
2706 4091 2951 4143 κατενόει
3013 4091 3104 4142 τοῦ
3173 4089 3410 4158 πολέμου
3488 4087 3750 4143 ἐλαττού-

2170 4199 2348 4249 μενον.
2705 4177 2714 4190 ’

2240 4433 2395 4497 ρμς’.
2434 4427 2536 4480 Ἷδε
2587 4428 2643 4481 δὲ
2682 4429 2820 4484 κατὰ
2866 4429 2957 4482 τὸν
2983 4430 3084 4501 τῆς
3117 4430 3375 4502 πορνείας
3401 4429 3631 4500 δαίμονα
3668 4429 3752 4494 ὡς

2164 4521 2352 4590 ὅμοιον
2386 4523 2556 4593 χοίρῳ
2604 4521 3095 4595 βεδορϐορωμένῳ,
3135 4525 3493 4595 κεχρισμένον
3533 4524 3754 4592 ἀνθρω-

2165 4615 2324 4677 πείας
2355 4615 2586 4685 κόπρου,
2637 4615 2847 4668 ἑστῶτα
2875 4619 2971 4670 καὶ
3000 4618 3346 4670 ἀποπνέοντα
3377 4632 3392 4646 ο
3435 4617 3651 4679 νεανίας
3684 4618 3749 4670 δέ

2164 4724 2246 4770 τις
2272 4708 2575 4778 λευχείμων
2595 4708 2873 4779 ἠνάγκαζε
2903 4710 3046 4762 πιεῖν
3079 4725 3094 4741 ο
3127 4711 3156 4761 6
3201 4708 3257 4761 δὲ
3286 4707 3410 4762 οὐδὲ
3446 4709 3536 4762 τὺν
3569 4708 3752 4777 θυμὶν

2163 4799 2396 4868 ἠδύνατο
2425 4802 2636 4869 φέρειν.
2677 4800 2898 4870 Ἥρώτα
2941 4800 2997 4852 δὲ
3031 4800 3059 4852 6
3091 4799 3262 4870 μέλας
3293 4801 3384 4851 τὸν
3413 4799 3749 4868 λευχείμονα

2163 4891 2338 4959 λέγων
2375 4907 2390 4921 ο
2427 4889 2595 4954 Λέξον
2631 4908 2719 4960 μοι
2751 4892 2819 4942 δι’
2849 4890 2915 4962 ἢν
2948 4890 3128 4943 αἰτίαν
3163 4890 3370 4959 βιάζεις
3405 4907 3468 4960 με
3509 4894 3651 4942 πιεῖν
3684 4892 3750 4943 τὸ

2165 4984 2420 5054 ποτήριον
2443 5000 2457 5048 ;
2501 4983 2560 5037 '0
2586 4983 2642 5037 δὲ
2664 4983 2802 5054 πρὸς
2837 4985 3000 5038 αὐτὸν
3023 4985 3126 5054 ἔφη
3154 4999 3170 5016 ο
3211 4983 3428 5054 Ἐπειδὴ
3459 4985 3522 5036 σὺ
3548 4983 3748 5053 ἐποίη-

2166 5095 2264 5140 σας
2304 5077 2399 5130 τὸν
2452 5077 2618 5131 παῖδα
2665 5077 2872 5148 Κυρίου
2913 5077 3229 5147 Ἐπιφάνιον
3261 5078 3439 5147 ἅλμην
3481 5075 3746 5146 δριμύξα-

2167 5172 2291 5224 σθαι
2321 5172 2392 5224 τὰ.
2416 5171 2568 5235 ἐντὸς
2594 5171 2785 5234 αὐτοῦ,
2818 5174 2884 5243 τῇ
2921 5170 3292 5242 δικαιοκρισία
3326 5169 3421 5224 τοῦ
3453 5167 3586 5222 θεοῦ
3611 5170 3743 5222 ἐτα-

2163 5263 2394 5333 ζόμενος
2429 5263 2562 5333 περὶ
2607 5263 2826 5330 τούτου,
2879 5262 3035 5325 δίκας
3077 5261 3172 5316 νῦν
3216 5261 3456 5332 ὀφείλεις
3507 5262 3748 5328 εἰσπραο

2162 5355 2380 5426 χθῆναι.
2410 5350 2546 5408 Eine
2571 5356 2626 5408 δὲ
2658 5355 2687 5408 6
2724 5355 2892 5426 μέλας
2919 5367 2934 5384 ⁸
2965 5355 3100 5408 Οὐαί
3127 5372 3239 5425 μοι,
3278 5354 3460 5423 Πάτερ
3481 5353 3575 5406 καὶ
3608 5368 3740 5420 προ-

2165 5449 2360 5516 στάται,
2393 5448 2476 5500 ὅτι
2508 5447 2678 5501 θέλων
2715 5447 3050 5520 θεραπεῦσαί
3089 5464 3146 5501 σε
3179 5446 3388 5510 τούτοις
3415 5447 3523 5506 τοῖς
3545 5445 3744 5506 δεινοῖς

2164 5589 2572 5645 tem'continuo
2595 5586 2843 5658 sequitur
2893 5589 3038 5659 τρεῖς
3067 5586 3282 5658 ὀγκίας,
3328 5584 3380 5639 in
3426 5581 3624 5646 .ilazr.
3661 5583 3743 5638 le-

2163 5663 2306 5730 gitur
2335 5661 2481 5732 τρεῖς
2506 5661 2750 5729 οὑγγεας.
