4088 6216
398 293 504 357 793

1572 270 1750 362 νιΤΑ
1792 304 1852 362 s.
1899 301 2227 363 mones
2271 307 2467 368 situ.

3565 313 3628 374 79
3642 312 3666 373 ι

399 407 802 478 περιπέπτωκα
836 407 849 461 ι
886 410 948 462 Ὢ
985 408 1096 480 βία,
1135 411 1181 462 ὦ
1211 410 1325 481 βία,
1363 411 1470 464 ἀπὸ
1515 412 1634 476 σοῦ,
1668 412 1978 483 Ναζαρηνὲ,

2088 415 2229 469 facto
2257 425 2369 483 tuo,
2413 433 2605 485 poenas
2634 419 2869 489 pendere
2911 421 3140 478 meritas
3173 433 3224 478 te
3251 433 3485 492 oportet.
3527 422 3665 476 Tum

396 499 590 554 καθότι
629 501 696 553 τὰ
733 502 883 566 ἐντός
922 521 1024 572 μου
1065 504 1400 574 διέπρησαςί
1451 503 1636 557 Ταῦτα
1696 504 1972 574 εἰρηκὼς,

389 592 690 662 ιδ;ξάμενος
724 594 784 647 τὺ
829 597 1110 667 ποτήριον,
1164 597 1256 669 βίᾳ
1303 597 1458 650 ἔπιεν
1502 615 1516 628 ·
1568 598 1662 651 καὶ
1713 596 1980 668 πλησθεὶς

401 686 579 756 θυμοῦ
608 687 703 740 καὶ
751 689 1085 760 ἀσυγκρίτου
1130 691 1379 762 πικρίας,
1415 690 1753 760 ὀδυνώμενος
1778 689 1987 760 ἀνεχώ-

400 795 588 847 ρησεν.
622 780 894 845 Ἐξυπνος
925 783 980 836 δὲ
1016 783 1309 854 γενόμενος
1333 787 1361 837 δ
1401 783 1721 852 Ἐπιφὰνιος
1747 783 1854 838 ἀπὸ
1885 784 1982 852 τῆς

397 868 663 940 ὁράσεως,
699 873 793 924 καὶ
825 872 1116 944 Θαυμάσας
1139 876 1218 938 είς
1249 874 1346 944 τὴν
1371 873 1465 927 τοῦ
1493 873 1629 926 Θεοῦ
1671 873 1982 944 φιλανθρω-

400 962 553 1043 πίαν,
597 964 694 1016 καὶ
733 968 961 1034 ταχεῖαν
995 965 1303 1036 ἀντίληψιν,
1333 965 1562 1034 ἐγέλασε
1589 965 1648 1018 τὸ
1689 965 1980 1036 πρόσωπον

396 1055 491 1106 τοῦ
525 1059 892 1128 παμπονήρου
920 1058 1140 1128 δαίμονι
1152 1075 1200 1120 ς.

2086 506 2376 562 diabolus:
2411 508 2523 564 lleu
2549 526 2652 572 me.
2686 521 2840 582 pater
2879 513 3242 583 princepsque
3290 512 3513 576 Satana,
3539 514 3666 580 quia

2084 598 2339 654 famulari
2377 603 2474 657 tibi
2504 604 2669 668 volui,
2710 605 2762 658 in
2806 605 2969 660 hasce
3015 605 3355 660 calamitates
3385 604 3592 658 incidi!
3635 623 3668 657 o

2083 689 2214 753 vim,
2255 706 2287 744 ο
2324 692 2636 748 violentiam
2671 704 2857 756 tuam,
2912 695 3221 751 Nazarene!
3282 695 3408 765 quia
3459 694 3669 747 viscera

2083 797 2203 836 mea
2229 784 2468 848 itan-unis
2520 788 2893 844 eombussisti.
2923 789 3054 854 Quae
3085 806 3206 844 cum
3233 789 3483 852 dixisset,
3517 796 3671 844 arre-«i

2082 885 2231 945 ptum
2254 878 2509 945 poculum
2546 880 2808 936 violenter
2829 883 3080 936 exhausit
3102 922 3116 946 ,
3145 881 3490 950 repletusqne
3525 876 3672 930 furo‘

2086 981 2144 1018 rc
2167 974 2219 1019 et
2285 966 2698 1037 incomparabili
2761 971 3158 1035 amaritudine,
3213 969 3670 1024 lamentabundns

2086 1073 2145 1112 se
2197 1059 2320 1112 inde
2358 1061 2647 1130 proripuit.
2695 1059 2822 1116 Post
2892 1063 3033 1116 hanc
3086 1063 3350 1118 visionem
3402 1059 3670 1128 evigilans

394 1145 757 1217 Epiphanius,
813 1149 904 1203 Dei
956 1149 1341 1220 benignitatem
1401 1157 1822 1220 promptumque
1849 1148 2111 1204 auxilium
2135 1151 2459 1215 admiratus,
2491 1170 2724 1223 nequam
2764 1157 3066 1209 daemonem
3107 1155 3316 1209 derisit.

473 1237 619 1308 ρμξ.
669 1240 825 1293 Μετὰ
852 1241 909 1294 δέ
941 1259 1092 1304 τινας
1124 1243 1341 1312 ἡμέρας
1373 1243 1610 1310 συναντᾷ
1643 1240 1791 1310 αὑτῷ
1818 1241 1844 1292 ὁ
1879 1257 1982 1310 μα-

400 1330 592 1400 κὰριος
634 1330 890 1398 Ἀνδρέας
927 1332 984 1383 ἔν
1027 1350 1136 1386 τινι
1190 1332 1412 1404 ἐμϐόλῳ
1445 1333 1552 1386 ἀπὸ
1583 1332 1678 1402 τῆς
1710 1330 1984 1398 συνάξεως

401 1421 767 1492 ὑποστρέφων
794 1437 806 1451 “
840 1425 933 1476 καὶ
975 1423 1312 1493 θεασάμενος
1350 1425 1532 1487 αὑτὸν,
1562 1424 1980 1492 ὑπομειδιάσας,

396 1513 499 1585 ἔφη
531 1532 543 1546 ·
575 1515 855 1584 Πρόϐατὸν
894 1519 1010 1586 εἰμι
1045 1518 1142 1587 τῆς
1184 1518 1413 1586 λογικῆς
1444 1537 1536 1571 σου
1587 1520 1845 1588 ποίμνης,
1886 1518 1980 1570 καὶ

399 1609 580 1678 ἂλμην
614 1610 816 1677 ἀγαπῶ
846 1611 940 1664 καὶ
974 1611 1139 1664 ἐσθίω
1168 1614 1226 1664 τὸ
1259 1611 1415 1673 ἅλας.
1456 1610 1644 1665 Ταῦτα
1683 1611 1922 1674 ἀκούσας
1951 1611 1978 1663 ὁ

413 1701 748 1770 Ἐπιφάνιος,
787 1705 1040 1774 μεγάλως
1076 1705 1388 1774 ἐθαύμασεν
1418 1705 1509 1758 ἐπὶ
1535 1705 1611 1776 τῷ
1637 1705 1864 1777 ῥήματι,
1888 1703 1978 1756 καί

400 1812 565 1864 φησιν
595 1813 607 1826 ·
649 1795 784 1849 Οὐδὲ
823 1797 1000 1850 ταῦτα
1029 1813 1088 1849 σε
1115 1796 1296 1859 ἔλαθε,
1329 1797 1456 1866 κὺρι
1490 1797 1518 1848 ὁ
1558 1797 1774 1866 μέγας;
1817 1794 1980 1848 Ἀλλὰ

395 1889 448 1940 τί
491 1889 574 1942 ὅτι
603 1890 748 1942 οὑτω
783 1906 852 1959 με
894 1889 1190 1952 κατέλιπες
1220 1907 1234 1957 ;
1263 1891 1357 1942 καὶ
1398 1887 1573 1961 [παρὰ
1623 1889 1820 1960 μικρὸν
1859 1890 1980 1941 ἐσα-

394 1980 562 2050 λεύθη
595 1982 662 2035 τᾶι
695 1981 1012 2052 διαδήματὰ
1050 1999 1153 2050 μου
1182 1980 1354 2053 (59)
1388 1983 1532 2051 Ἔφη
1587 1983 1614 2034 ὁ
1642 1981 1788 2043 ὅσιος
1815 1995 1828 2011 ·
1872 1979 1980 2033 Καὶ

401 2072 518 2135 πῶς
561 2075 702 2143 φανῇ
734 2072 766 2142 ἢ
804 2072 976 2144 κληθῇ
1014 2089 1095 2146 τις
1127 2072 1491 2143 στρατιώτης,
1522 2070 1616 2124 ἐὰν
1649 2071 1724 2141 μὴ
1753 2073 1865 2132 τοῖς
1891 2085 1983 2121 πο-

395 2159 606 2230 λεμίοις
627 2161 907 2232 ἐφεδρεύει
926 2164 1212 2232 γενναίως,
1236 2164 1331 2216 καὶ
1365 2160 1679 2232 συγκρούει,
1707 2161 1799 2212 καὶ
1832 2153 1978 2230 νικᾷ,

397 2253 494 2305 καὶ
526 2252 877 2323 δοκιμάζεται
912 2270 927 2321 ;
965 2253 1086 2317 Πῶς
1121 2254 1178 2308 δὲ
1217 2256 1310 2308 καὶ
1341 2253 1645 2324 [γνώσεται
1683 2252 1710 2304 ὸ
1743 2251 1980 2304 ἀντικείο

401 2362 562 2412 μενος
591 2347 751 2410 ποίας
789 2348 967 2418 ἰσχύος
990 2343 1058 2412 εἴ,
1096 2348 1192 2401 ἐὰν
1233 2348 1308 2418 μὴ
1341 2348 1552 2420 συνάρῃ
1575 2345 1810 2416 πόλεμον
1844 2344 1982 2414 μετὰ

401 2438 494 2492 σοῦ
524 2439 696 2512 (60)],
729 2441 821 2494 ἐὰν
846 2443 920 2512 μή
953 2458 1010 2496 σε
1044 2441 1125 2512 tan
1152 2440 1496 2512 συμϐαλόντα
1519 2457 1532 2505 ;
1556 2442 1665 2494 Καὶ
1697 2438 1812 2501 πῶς
1837 2439 1982 2509 2m

398 2532 616 2602 μισθὸν,
643 2533 718 2604 μὴ
752 2533 1050 2605 ὑπομείνας
1079 2534 1413 2605 πειρασμὸν,
1439 2535 1534 2586 καὶ
1563 2533 1662 2595 τὰς
1693 2529 1983 2591 ἐπιϐουλὰς

395 2624 507 2677 τῶν
550 2629 836 2695 ματαίων;
876 2628 1088 2690 Πάντες
1128 2629 1176 2680 οί
1224 2625 1429 2692 ζῶντες
1481 2623 1841 2693 ἀγωνίζονται
1878 2622 1984 2684 ἕως

397 2720 550 2773 ἐστὶν
591 2720 730 2790 ὥρα,
766 2724 859 2776 καὶ
889 2722 995 2786 ἕως
1033 2723 1150 2774 ἐστὶ
1198 2721 1411 2792 καιρὸς,
1449 2719 1747 2781 θλίϐονται,
1787 2715 1983 2785 πειρά-

399 2814 606 2882 ζονται,
645 2816 732 2868 ἵνα
765 2817 1058 2888 σήμερονῆ
1099 2815 1291 2887 αὔριον
1317 2815 1410 2868 τὸν
1446 2811 1764 2884 σωματικὸν
1792 2809 1983 2863 τοῦτον

397 2905 765 2970 ἀποθανόντες
817 2907 1071 2971 θάνατον,
1107 2906 1470 2976 συγκλείσωσί
1522 2923 1573 2958 τι
1622 2903 1828 2970 ἀγαθὸν
1855 2941 1870 2965 ν
1901 2901 1986 2954 ἵνα

399 2996 598 3066 ἔχωσιν
633 3000 690 3051 ἐν
739 3002 803 3070 τῇ
841 2999 1049 3072 φοϐερᾷ
1083 3001 1268 3072 ἡμέρᾳ
1301 2999 1400 3070 τῆς
1436 2997 1692 3071 κρίσεως.
1728 2996 1886 3048 Ὅσοι
1927 2991 1985 3045 δέ
2015 3000 2056 3062 (ζ

401 3092 510 3143 εἱσι
557 3093 767 3160 νεκροὶ,
803 3093 1020 3162 τυφλοὶ,
1055 3095 1417 3164 ἀνωφέλητοι,
1447 3092 1825 3161 ὲσκοτισμένοι
1849 3088 1987 3143 κατᾶ

400 3184 493 3237 τὸν
523 3183 631 3238 ἔσω
659 3187 974 3250 ἄνθρωπον,
1028 3181 1177 3240 οὗτοι
1211 3188 1385 3258 ἡδέως
1429 3177 1713 3252 ὑπνοῦσιν,
1743 3181 1985 3254 τρώγον-

401 3293 516 3342 τες,
577 3279 845 3345 πίνοντες,
873 3279 972 3351 τὴν
1032 3281 1217 3333 ἄνεσιν
1265 3279 1713 3343 καταδιώκουσιν,
1756 3275 1986 3346 πορνεύ-

400 3386 551 3436 ουσι,
603 3373 1113 3443 γαστριμαργοῦσι,
1167 3373 1542 3446 τραγῳδοῦσι,
1603 3368 1982 3441 κιθαρίζουσι,

404 3462 500 3514 καὶ
521 3462 589 3516 τὰ
613 3462 1012 3534 ἐπιθυμήματα
1060 3464 1160 3532 τῆς
1197 3463 1401 3534 σαρκὸς
1436 3462 1672 3524 εὐκόὶως
1721 3459 1984 3529 εἰσπράτ-

329 3587 336 3592 ο
402 3571 578 3618 τουσι,
626 3553 762 3607 Θεοῦ
807 3555 882 3625 μὴ
937 3554 1298 3625 μεμνημένοι,
1348 3554 1484 3624 μηδὲ
1544 3553 1803 3624 κρίσεως,
1851 3547 1985 3620 μηῖὲ

403 3649 854 3713 ἀνταποδόσεως,
932 3651 1071 3718 μήτε
1150 3647 1432 3719 βασιλείας
1503 3647 1783 3717 οὑρανῶνσ
1840 3640 1985 3699 οὗτοι

406 3741 637 3795 πάντοτε
689 3741 768 3812 τῷ
822 3743 1056 3808 διαϐόλῳ
1093 3743 1442 3811 συνέρχονται
1471 3741 1551 3800 εἰς
1592 3740 1660 3792 τὰ
1705 3737 1985 3808 θελήματα

402 3835 573 3890 αὑτοῦ
604 3848 620 3865 ⁶
678 3837 930 3898 κάκεῖνος
979 3835 1120 3906 ὁρῶν
1172 3833 1404 3904 ματαίαν
1438 3832 1613 3902 χαρὰν
1653 3833 1794 3884 κατὰ
1833 3830 1983 3882 τόνδε

404 3929 496 3981 τὸν
513 3928 734 3999 ’κέτμον
768 3929 998 4000 παρέχει
1027 3928 1103 3992 ὡς
1134 3927 1288 3990 ἰδίοις
1325 3925 1500 3996 φίλοις
1529 3927 1624 3978 καὶ
1657 3925 1980 3994 ὑπηρέταις.

415 4022 560 4076 Ἀλλ’
589 4024 711 4076 οιίαὶ
733 4025 799 4092 τῇ
828 4022 1004 4092 θλίψει
1034 4025 1099 4094 τῇ
1138 4020 1378 4093 μενοὺσῃ
1408 4021 1586 4082 αὐτοῖς
1614 4019 1626 4072 ί

481 4293 630 4366 ρμη⁹.
661 4295 732 4348 Sit
761 4289 875 4359 οὖν,
905 4293 1118 4358 τέκνον,
1144 4290 1202 4343 ai
1241 4289 1379 4360 βίαι,
1409 4287 1474 4350 ἂς
1503 4287 1702 4355 λέγεις,
1731 4284 1981 4355 γλυκεῖαι
2041 4354 2044 4356 γ

2016 4394 2057 4449 ι)
2086 4362 2193 4450 qua
2223 4377 2479 4447 loqueris,
2501 4373 2742 4444 jucunda
2768 4371 2924 4425 nobis
2959 4369 3083 4434 crit,
3118 4365 3161 4420 si
3201 4363 3463 4434 patienter
3498 4361 3666 4414 susti-

407 4391 539 4459 ἡμῖν
575 4388 924 4457 γενήσονται,
953 4385 1048 4438 ἐὰν
1087 4383 1471 4454 ὑπομένωμεν·
1506 4382 1600 4435 καὶ
1623 4380 1699 4444 ὡς
1737 4379 1983 4446 ἀναγκά-

407 4481 564 4544 {eoat
595 4484 675 4543 είς
703 4481 804 4548 τὴν
842 4479 1058 4548 κίνησιν
1088 4478 1181 4530 καὶ
1226 4475 1474 4546 πύρωσιν
1502 4474 1602 4542 τῆς
1633 4472 1857 4542 σαρκὸς,
1897 4470 1988 4523 καὶ

405 4576 484 4646 τῷ
502 4575 723 4645 πονηρῷ
739 4573 1147 4638 ἁντιτὰσσεσαι,
1171 4570 1264 4624 καὶ
1286 4569 1548 4638 γενναίως
1573 4557 1781 4639 φέρεις,
1799 4565 1988 4619 τοσοῦ-

403 4669 488 4721 τοί
517 4684 595 4720 σοι
625 4666 918 4719 πλέκονται
950 4665 1224 4732 στέφανοι,
1274 4661 1367 4715 καὶ
1397 4663 1424 4713 ό
1453 4657 1641 4730 μισθός
1687 4674 1780 4710 σου
1811 4655 1988 4722 αὔξει.

408 4761 499 4823 Μὴ
522 4759 614 4814 οῦν
639 4759 926 4828 ὀλιγώρει,
970 4757 1184 4819 τέκνον,
1218 4754 1356 4822 πρὸς
1390 4751 1589 4816 ταῦτα,
1627 4749 1763 4804 ἀλλὰ
1789 4749 1988 4817 καρτε-

411 4871 514 4927 ρει,
554 4854 641 4907 ἵνα
673 4853 801 4924 ἔχῃς
836 4850 1032 4920 μισθὸν
1057 4849 1154 4902 καὶ
1182 4848 1315 4918 γένῃ
1344 4844 1678 4916 κληρονόμος
1711 4842 1808 4911 τῆς
1836 4840 1990 4910 βασι-

407 4949 558 5011 λείας
583 4946 691 4999 τῶν
718 4945 988 5014 οὐρανῶν,
1021 4944 1291 5014 Σήμερον,
1329 4939 1520 5009 αὑριον
1550 4939 1576 4989 ὁ
1603 4937 1804 5005 κόσμος
1835 4927 1990 4997 οὗτος

409 5038 755 5111 παρέρχεται
777 5037 910 5088 ὡσεὶ
941 5035 1192 5089 ἐνύπνιον
1216 5029 1652 5103 ὲξεγειρομένου,
1684 5026 1760 5090 ὡς
1784 5027 1988 5088 καπνξς

407 5105 756 5202 ἀφανίζεται,
804 5131 899 5184 καὶ
955 5131 1134 5184 πάντα
1207 5129 1606 5197 παρέρχονται,
1666 5105 1762 5176 καὶ
1829 5120 1990 5192 μόνον

409 5224 768 5294 πλανώμεθα,
801 5222 1083 5292 ὑπομονὴν
1115 5222 1174 5273 ὲν
1202 5222 1317 5282 τοῖς
1345 5218 1672 5287 πειρασμοῖς
1706 5212 1827 5285 μηδ’
1854 5214 1990 5276 ὅλως

408 5319 648 5394 ἔχοντες,
696 5315 953 5380 Δκούεις,
971 5315 1083 5368 ὅτι(
1115 5311 1378 5365 Πολλαὶαί
1399 5308 1604 5379 θλίψεις
1622 5307 1987 5373 τῶνδικαίων,

321 5460 324 5462 .
410 5413 506 5464 xui
541 5414 604 5465 ἐκ
634 5410 822 5464 πασῶν
861 5408 1044 5463 αὐτῶν
1077 5407 1298 5479 ῥύσεται
1324 5403 1564 5466 αὐτοὺςὸ
1601 5400 1822 5471 Κύριος.
1859 5417 1878 5451 ›
1914 5399 1988 5452 Οὐ

408 5505 652 5574 συνεχῶς
679 5503 926 5573 ψάλλεις,
969 5520 988 5555 ι
1033 5499 1259 5568 Θλίψεις
1288 5499 1380 5552 καὶ
1413 5495 1598 5550 ὀδύναι
1627 5494 1858 5566 εὑροσὰν
1897 5509 1988 5563 με,

484 5681 596 5767 (3‘))
623 5681 719 5737 Ms.
752 5681 924 5738 Valie.
967 5680 1074 5734 ἰδοὺ
1113 5680 1308 5752 βιασας
1348 5696 1413 5750 με
1453 5680 1479 5731 ὁ
1511 5677 1743 5750 πονηρὸς
1782 5676 1992 5750 δαίμων

412 5769 786 5823 τροτηγαγεν.

2169 1243 2288 1297 H7.
2331 1244 2592 1301 Postdies
2615 1247 2821 1315 aliquot
2854 1248 3092 1300 occurrit
3124 1243 3429 1314 Epiphanio
3457 1243 3517 1295 Β.
3559 1243 3670 1295 An-

2092 1338 2252 1390 dreas
2310 1337 2364 1390 in
2407 1338 2616 1406 porticu
2643 1341 2901 1407 quadam,
2957 1353 2986 1392 a
3019 1353 3175 1393 sacro
3202 1335 3378 1390 olllcio
3414 1335 3666 1396 rediens;

2088 1443 2326 1498 cumque
2370 1429 2521 1482 illum
2578 1430 3003 1499 vidissetzEgo,
3075 1427 3286 1497 inquit,
3341 1427 3521 1496 gregis
3593 1426 3667 1477 tui

2061 1521 2204 1575 .ovis
2261 1535 2405 1584 smn,
2466 1520 2790 1574 salsedinem
2847 1536 2992 1585 amo,
3030 1529 3083 1574 ct
3109 1520 3221 1573 sale
3253 1515 3670 1572 vescor.Audiit

2047 1601 2201 1681 finec
2257 1611 2624 1681 Epiphanius,
2662 1623 2712 1667 et
2765 1613 2946 1666 audita
3003 1611 3228 1664 miratus
3271 1609 3660 1672 vehementer:

2080 1703 2268 1770 Neque
2325 1703 2437 1768 illa,
2485 1704 2682 1770 inquit,
2726 1711 2776 1755 te.
2813 1701 3108 1764 latuerunt,
3163 1715 3356 1770 magno
3407 1698 3670 1753 domine?

2084 1794 2281 1850 Verum
2330 1797 2458 1873 quid
2531 1811 2710 1850 causa:
2747 1795 2866 1859 fuit,
2903 1795 3047 1864 quod
3097 1810 3180 1847 me
3216 1794 3286 1847 ita
3333 1771 3690 1847 deseruiSti‘f

2081 1891 2472 1960 propemodum
2529 1888 2785 1945 commoti
2852 1887 3072 1941 fuerunt
3114 1901 3334 1956 gressus
3404 1885 3532 1939 mei.
3586 1884 3664 1936 Ad

2086 1983 2199 2038 haec
2235 1983 2308 2037 ita
2341 1983 2580 2038 suaviter
2618 1991 2844 2042 sanctus
2880 1998 2894 2034 :
2927 1979 3140 2034 Etenim
3161 1993 3269 2046 quo
3298 1986 3456 2047 pacto
3503 1991 3670 2044 appa-

2082 2086 2197 2132 reat
2231 2084 2324 2129 aut
2353 2075 2668 2129 nominetur
2699 2073 2898 2142 aliquis
2933 2086 3230 2142 generosus
3273 2069 3449 2134 miles,
3482 2068 3586 2121 nisi
3613 2074 3668 2118 et

2084 2167 2620 2232 hostibusinsidiari,
2644 2176 2695 2222 et
2726 2166 2941 2221 eosdem
2975 2163 3294 2234 propulsare
3325 2177 3389 2216 ac
3420 2161 3666 2222 vincere,

2083 2277 2250 2332 seque
2287 2262 2501 2316 demum
2528 2261 2664 2314 bello
2687 2261 2915 2330 probare
2959 2256 3205 2311 noverit?
3235 2253 3354 2321 Quo
3382 2261 3540 2323 pacto
3569 2266 3664 2306 ex-

2084 2351 2350 2421 ploratum
2389 2351 2604 2406 habebit
2658 2350 3025 2414 adversarius,
3064 2355 3268 2418 quanta
3318 2344 3526 2414 polleas
3551 2343 3665 2394 vir-

2085 2453 2220 2511 tute,
2277 2445 2380 2498 nisi
2436 2454 2612 2498 tecum
2665 2443 2823 2507 fuerit
2849 2440 3215 2511 congressus?
3271 2439 3389 2504 Quo
3433 2437 3668 2505 denique

2085 2545 2244 2607 pacto
2301 2537 2602 2591 mercedem
2668 2535 2912 2589 obtinere
2963 2531 3184 2602 poteris,
3240 2531 3286 2583 si
3336 2529 3666 2584 tentationcs

2088 2645 2192 2683 non
2251 2629 2597 2692 sustinueris,
2654 2643 2754 2683 nec
2827 2625 3056 2681 insidias
3114 2625 3423 2678 dwmonum
3473 2635 3666 2689 exper-
3723 2641 3735 2650 ι

2089 2734 2174 2778 tus
2203 2721 2412 2776 lueris?
2443 2720 2719 2790 Quotquot
2758 2720 2810 2772 in
2841 2717 3043 2772 mundo
3067 2717 3274 2780 vivunt,
3297 2715 3426 2767 dum
3455 2722 3668 2780 tempus

2088 2817 2288 2886 patitur
2344 2823 2575 2877 certant,
2639 2813 2947 2882 amiguntur
2973 2851 2987 2875 ,
3045 2817 3348 2871 tentantur,
3387 2814 3447 2860 ut
3486 2805 3531 2860 si
3569 2803 3666 2886 ho.-

2088 2913 2278 2967 dierna
2325 2911 2631 2966 crastinave
2670 2907 2790 2964 luce
2829 2905 3143 2959 humanitus
3209 2899 3466 2970 quiddam
3527 2873 3668 2948 forte

2091 3004 2372 3068 acciderit,
2437 3001 2694 3058 conclusa
2770 3014 2954 3053 secum
3005 2998 3144 3051 bona
3175 3008 3336 3064 opera
3357 2997 3666 3059 expertem,

2091 3115 2156 3153 ne
2176 3096 2308 3152 nihil
2337 3094 2616 3150 inveniant
2648 3092 2699 3145 in
2736 3089 3017 3146 tremendo
3043 3087 3236 3158 judicii
3279 3086 3389 3140 die.
3425 3082 3667 3148 Quicun-

2089 3205 2194 3261 que
2221 3197 2405 3243 autem
2450 3185 2674 3247 mortui,
2702 3183 2855 3247 caeci,
2910 3181 3147 3242 inutiles,
3169 3177 3408 3231 tenebris
3439 3171 3666 3227 involuti

2089 3292 2217 3338 sunt
2260 3281 2437 3352 quoad
2465 3280 2738 3334 hominem
2803 3272 3196 3337 iutcrnum,illi
3230 3269 3469 3324 suaviter
3518 3281 3667 3320 εοιιιο

2088 3393 2216 3430 num
2261 3375 2500 3444 capiunt,
2559 3370 2768 3425 deliciis
2820 3369 2871 3421 in
2919 3368 3041 3421 cibo
3083 3375 3318 3434 poluque
3383 3360 3663 3421 fruuntur,

2089 3475 2368 3523 sectantur
2389 3465 2557 3519 otium
2589 3479 2603 3520 :
2641 3458 3012 3528 impudicitiae,
3045 3456 3214 3526 gulae,
3238 3451 3517 3514 comediis,
3545 3464 3666 3502 mn-

2089 3559 2215 3614 sica:
2241 3571 2458 3625 operam
2500 3554 2667 3618 dant;
2697 3550 2964 3605 desideria
2999 3548 3182 3603 carnis
3213 3552 3458 3616 prompte
3509 3555 3666 3596 exse-

2088 3660 2350 3719 quuntur,
2409 3647 2756 3699 immemores
2807 3639 2919 3706 Dei,
2973 3638 3188 3708 judicii,
3256 3630 3666 3692 retributionis,

2088 3742 2236 3811 regni
2289 3740 2571 3794 caelorum.
2608 3736 2674 3790 lli
2719 3742 2868 3796 sunt,
2911 3732 3003 3803 qui
3055 3728 3272 3784 diabolo
3302 3725 3667 3782 adtnerentcs,

2088 3834 2289 3902 ubique
2329 3829 2590 3884 voluntati
2655 3829 2774 3895 ejus
2829 3825 3248 3894 obsequuntur:
3286 3819 3374 3872 ille
3421 3831 3549 3870 vero
3615 3813 3667 3866 id

2086 3925 2254 3993 probe
2304 3936 2660 3990 cognoscens,
2697 3919 2936 3973 vicissim
2975 3916 3158 3968 favore
3193 3926 3296 3966 suo
3336 3923 3474 3963 vano
3499 3915 3665 3974 atque

2088 4003 2238 4068 inani
2269 4011 2411 4071 illos.
2446 4021 2697 4078 tanquam
2746 4007 2948 4060 amicos
2975 4003 3313 4070 famulosque
3347 4015 3500 4062 suos,
3530 4009 3667 4064 place

2086 4101 2234 4156 venit
2273 4101 2326 4155 in
2352 4101 2452 4154 hoc
2494 4098 2716 4151 mundo.
2755 4093 2950 4148 Verum
2984 4109 3082 4155 rw,
3111 4090 3228 4143 vas!
3270 4095 3488 4156 propter
3518 4083 3664 4138 cala-

2089 4175 2362 4253 ntitatem,
2393 4205 2513 4259 qua:
2545 4189 2774 4241 miseros
2811 4184 2928 4238 illos
2954 4189 3157 4235 manet.

2157 4285 2282 4339 148.
2334 4284 2414 4336 Tu
2459 4282 2642 4350 itaque
2692 4287 2865 4331 macte
2895 4273 3100 4350 animo,
3134 4270 3236 4334 lili;
3293 4265 3570 4329 violentia,
3602 4265 3666 4319 de

2093 4471 2412 4534 nuerimus;
2450 4481 2574 4520 cum
2608 4479 2736 4520 vero
2764 4463 2829 4518 ad
2864 4475 3058 4532 pravas
3083 4456 3350 4512 motiones
3377 4451 3667 4522 impelleris

2091 4563 2400 4636 paterisque
2423 4560 2675 4615 stimulos
2710 4557 2914 4618 carnis,
2951 4553 2996 4609 si
3017 4542 3282 4607 restitrris
3315 4548 3525 4601 fortiter
3561 4545 3668 4598 ini-

2091 4658 2231 4712 mico
2263 4671 2327 4710 ac
2364 4667 2625 4724 generose
2659 4649 2973 4705 toleraret-is
3019 4645 3274 4707 insultus,
3322 4640 3540 4696 totidem
3575 4637 3666 4692 tibi

2092 4749 2402 4836 plectuntur
2448 4759 2685 4807 coronae,
2746 4751 2800 4796 et.
2833 4737 3067 4794 mercedi
3097 4745 3202 4790 tua:
3230 4734 3481 4792 cumulus
3511 4747 3666 4786 acce-

2091 4823 2180 4894 det
2229 4839 2548 4892 immensus.
2582 4835 2698 4889 Noli
2731 4835 2915 4904 igitur,
2943 4846 3066 4886 eum
3119 4829 3320 4883 talibus
3368 4823 3668 4895 itnpeteris,

2091 4932 2333 4996 oscitari,
2388 4930 2484 4986 sed
2553 4927 2729 4998 perfer
2771 4923 3120 4995 longanimis,
3176 4931 3234 4974 ut
3293 4920 3526 4988 reposita
3573 4915 3667 4970 tibi

2092 5026 2310 5094 praemia
2343 5021 2696 5091 consequaris
2715 5017 3028 5088 aliquando,
3056 5015 3230 5070 haeres
3249 5012 3398 5082 regni
3426 5007 3667 5064 coalestis

2091 5116 2290 5171 factus.
2323 5120 2330 5128 '
2358 5115 2547 5168 Serius
2583 5113 2738 5167 ocius
2771 5109 2968 5164 transit
3005 5108 3089 5162 hic
3126 5105 3383 5168 mundus,
3419 5112 3476 5156 ut
3521 5114 3668 5155 sont-

2093 5210 2246 5263 nium
2278 5204 2724 5276 expergiscentis,
2752 5201 3031 5257 evanescit
3059 5201 3134 5253 ιιιί
3163 5197 3370 5260 fumus,
3394 5203 3444 5247 et
3474 5201 3668 5247 cuncta

2093 5317 2210 5372 qua:
2253 5309 2402 5362 sunt,
2462 5305 2789 5368 praetereunt
2828 5314 2842 5350 :
2880 5311 2978 5350 nos
3032 5302 3211 5347 autem
3249 5304 3354 5344 una
3397 5287 3570 5340 solum
3613 5300 3670 5337 re

2093 5394 2411 5464 dicipitnur,
2467 5408 2590 5446 cum
2641 5392 2694 5446 in
2759 5389 3150 5445 tentationibus
3200 5395 3364 5454 atque
3426 5372 3670 5436 adversib

2095 5486 2405 5559 patientiam
2436 5486 2743 5556 abjicimus.
2792 5481 3056 5538 Audivisti
3086 5495 3228 5550 smpe
3261 5476 3404 5532 istud
3442 5474 3668 5542 Psalmi,

2166 5673 2276 5743 (60)
2307 5671 2406 5726 Ms.
2431 5672 2598 5726 Vatic.
2618 5668 2842 5743 γνώσει,
2869 5665 2962 5718 ἐὰν
2989 5664 3060 5736 μή
3087 5679 3143 5716 σε
3173 5660 3257 5734 ἴδῃ
3291 5659 3668 5734 συμϐάλλοντα

2099 5737 2332 5814 πόλεμον
2373 5748 2506 5813 μετά
2545 5741 2637 5796 τοῦ
2664 5737 2932 5794 διαϐὅλου.
