4088 6216
422 246 528 307 795

1493 245 1920 305 NlCEPllORl
1966 241 2447 303 PRESBYTERI
2486 244 2596 304 ΕΡ.

3608 243 3717 307 796

427 381 445 413 ι
492 361 671 415 Multre
729 360 1109 413 tribulationcs
1168 358 1481 427 iustorum,
1544 367 1599 412 et
1650 374 1713 412 ex
1763 356 2019 412 omnibus

2152 355 2219 407 εαὶ
2251 356 2308 409 ai
2342 354 2556 408 ἐντολαί
2588 371 2685 407 σου
2724 355 2922 426 μελέτη
2958 356 3059 427 μού
3084 357 3221 409 εἰσιν
3247 374 3260 421 ;
3291 374 3306 405 ι
3348 355 3460 407 Ούκ
3488 353 3601 425 ἴδῃς
3632 356 3718 408 ὅτι

419 454 623 522 eripuit
658 468 751 505 cos
792 449 1147 506 Dominus".
1188 470 1206 503 ι
1236 451 1430 506 Nonne
1465 452 1654 521 psallis
1680 452 2011 507 identidem:

426 560 445 593 ι
477 541 784 596 Tribulatio
811 550 861 594 et
898 542 1165 611 angustia:
1197 541 1522 596 invenerunt
1580 558 1689 603 me.
1746 542 1801 596 iu
1860 557 2017 595 man-

425 638 565 691 datis
625 637 734 691 tuis
791 636 1096 689 meditabor
1128 637 1214 689 "2
1250 656 1269 689 ο
1302 636 1495 691 Nonne
1517 637 1625 692 scis
1661 637 1955 690 luctatores
1990 649 2019 687 a

424 732 537 785 Deo
584 730 916 783 consmutos
979 744 1078 784 nos
1137 742 1259 784 esse
1315 730 1368 783 in
1418 730 1611 785 diebus
1672 728 2025 793 nostris,'ut

425 824 516 875 diu
578 831 853 889 noctuque
909 821 1213 890 vigilantes,
1261 822 1505 890 praelium
1562 836 1683 876 cum
1738 819 2026 874 daemoniis

426 912 877 967 committamus?
909 911 1140 967 Oremus
1166 914 1329 984 igitur
1353 922 1738 982 certemusque
1758 920 2027 982 praecepta

432 1005 645 1056 Domini
693 1002 1026 1070 adimplere;
1061 1018 1238 1072 neque
1282 1005 1713 1059 erubescendum
1751 1002 1846 1058 tibi
1907 1012 2033 1069 est,

433 1098 503 1149 tili
566 1097 660 1162 mi,
698 1098 842 1165 quod
897 1106 949 1150 te
982 1098 1266 1166 impugnat
1330 1099 1597 1162 diabolus,
1652 1099 1745 1153 sed
1792 1082 2033 1168 gauden-

433 1190 559 1240 dum
602 1188 782 1257 potius
817 1199 872 1243 et
917 1191 1328 1256 exsultandum,
1372 1199 1561 1261 utpote
1609 1193 1778 1260 probe
1830 1190 2025 1245 scienti

434 1291 542 1329 non
578 1292 738 1344 posse
794 1294 895 1333 nos
936 1291 1147 1349 gratum
1206 1281 1316 1335 Deo
1352 1297 1543 1351 panem
1590 1284 1725 1348 tieri,
1780 1284 1887 1337 nisi
1938 1297 2034 1352 per

434 1374 788 1422 to-ntationem
824 1370 961 1424 belle
990 1357 1249 1428 subactos
1302 1385 1467 1443 atque
1501 1384 1688 1428 coctos
1717 1392 1732 1427 :
1771 1374 2034 1442 patientia

435 1462 581 1513 enim
610 1463 767 1517 notis
813 1466 1118 1519 necessaria
1172 1474 1275 1531 est,
1306 1472 1366 1519 ut
1400 1465 1741 1519 voluntatem
1782 1462 1874 1516 Dei
1914 1477 2038 1533 per-

437 1554 706 1621 licientes,
772 1558 1283 1613 immarcescibilem
1335 1559 1522 1627 gloriae
1568 1571 1831 1611 coronam
1877 1557 2036 1612 aufe-

2125 448 2435 511 παλαιστάς
2466 449 2620 501 ἔθετο
2653 448 2681 500 6
2716 448 2849 513 Θεὸς
2878 451 2974 513 τάξ
2997 450 3215 519 ἡμέρας
3261 448 3442 518 ἡμῶν,
3492 448 3575 500 ἵνα
3615 466 3721 502 πα-

2122 540 2370 607 λαίωμεν
2396 539 2535 606 μετά
2567 539 2675 591 τῶν
2700 539 2990 608 δαιμόνων,
3023 540 3106 592 ἕνα
3133 541 3191 591 ἐν
3216 540 3376 591 νυκτλ⁵
3409 538 3504 590 καὶ
3538 537 3722 609 ἡμέρᾳ

2125 632 2527 703 γρηγορῶμεν;
2556 632 3015 703 Προσευχώμεθα,
3066 630 3468 701 ἀγωνιζώμεθα
3498 631 3724 700 πληρῶο

2128 741 2219 778 σαι
2243 724 2336 777 τοῦ
2365 725 2501 777 Θεοῦ
2523 726 2589 778 τὰ
2618 727 3023 796 προστάγματα
3048 741 3059 751 ·
3088 726 3167 787 είς
3194 724 3354 778 τοῦτο
3387 723 3723 789 οὖνγτέκνον

2128 834 2259 885 μου,
2302 817 2377 886 μὴ
2410 817 2639 888 ἐρυθρία
2662 819 2747 871 ὅτι
2777 818 3008 887 πολεμεί
3039 833 3097 868 σε
3124 818 3152 869 6
3195 815 3443 876 διάϐολος
3466 831 3478 843 ·
3528 814 3724 883 χαίριυ

2135 910 2192 963 δὲ
2231 910 2432 980 μᾶλλον
2472 912 2565 963 καὶ
2599 910 2859 978 ἀγάλλου,
2889 910 3045 973 εἰδὼς
3078 911 3165 963 ὅτι
3193 910 3288 961 ἐὰν
3318 909 3391 977 μὴ
3429 906 3727 977 ἐψηθῶμεν

2135 1004 2222 1056 διὰ
2255 1004 2363 1054 τῶν
2392 1004 2739 1072 πειρασμῶν,
2766 1003 2883 1073 Θεῴ
2912 1003 3173 1073 ἡδύτατος
3196 1002 3359 1072 ἄρτος
3383 1001 3636 1069 γενέσθαι
3661 1000 3725 1053 ού

2138 1094 2419 1163 δυνάμεθα
2443 1112 2455 1124 ·
2497 1094 2777 1163 ὑπομονῆς
2807 1095 2917 1165 γὰρ
2949 1094 3148 1163 ἔχομεν
3178 1093 3368 1163 χρείαν
3420 1091 3531 1164 [ἵνα
3553 1091 3613 1143 τὸ
3641 1091 3729 1143 θέ-

2139 1186 2291 1257 λημα
2325 1187 2416 1239 τοῦ
2454 1187 2590 1239 Θεοῦ
2640 1191 2989 1257 ποιήσαντες,
3046 1186 3405 1257 κομισώμεθα
3446 1186 3537 1238 τὸν
3586 1185 3733 1254 ἅμα·

2140 1283 2390 1352 ράντινον
2440 1283 2539 1350 τῆς
2593 1282 2753 1351 δόξης
2799 1281 3113 1354 στέφανον].
3170 1281 3357 1334 Ταῦτα
3408 1280 3647 1350 εἰρηκὼς
3704 1281 3735 1333 6

2138 1375 2286 1435 ὅσιος
2358 1372 2498 1442 πρὸς
2566 1374 2659 1427 τὸν
2739 1374 3103 1444 Ἑπιφάνιον,
3180 1376 3587 1445 εὐχαριστήσας
3654 1372 3736 1443 τῷ

2142 1466 2334 1535 Κυρίῳ
2392 1467 2487 1517 καὶ
2542 1465 2621 1535 τῷ
2661 1466 2828 1535 ὁσίῳ,
2891 1467 2973 1529 είς
3041 1466 3142 1537 τὴν
3206 1466 3324 1520 ὁδὸν
3382 1465 3546 1519 αὐτοῦ
3600 1464 3737 1517 ἀνε-

2144 1558 2415 1629 χώρησεν.

404 1666 645 1705 .lattltls.
698 1650 847 1704 Talia
912 1654 1001 1707 ubi
1058 1651 1393 1720 Epiphanius
1434 1665 1463 1705 a
1515 1661 1707 1707 saneto
1768 1650 1915 1705 dicta
1969 1662 2281 1721 exceperat,
2350 1655 2543 1724 gratiis
2614 1653 2722 1709 Deo
2786 1653 3000 1724 ipsique
3049 1654 3366 1724 persolutis,
3400 1657 3541 1711 viam
3581 1670 3741 1709 suam

444 1748 655 1815 relegit.

521 1840 643 1893 “9.
671 1838 899 1907 Jamque
931 1840 1147 1892 dommn
1177 1854 1330 1894 suam
1362 1842 1641 1911 ingressus
1675 1842 1873 1909 fuerat,
1906 1857 2031 1897 cum
2070 1849 2111 1904 Β

440 1946 567 1987 recc
598 1932 691 1984 tibi
726 1930 1044 1985 adolescens
1106 1932 1304 2002 aliquis
1344 1949 1573 2003 propere
1611 1950 1937 1999 accurrens,
1968 1936 2041 1988 ita

446 2025 624 2091 ipsum
659 2024 957 2091 alloquitur
990 2042 1003 2078 :
1036 2023 1267 2079 Domine
1320 2027 1389 2079 mi
1441 2026 1707 2097 Epiphani
1737 2069 1752 2094 ,
1806 2028 2044 2098 perdile-

452 2124 574 2168 ctus
633 2114 728 2169 tibi
790 2116 1029 2183 llapbael
1068 2118 1118 2171 in
1175 2118 1553 2188 a-gritudiuem
1593 2120 1801 2183 incidit,
1856 2119 2044 2190 jubet-

434 2224 554 2295 .que
600 2209 901 2262 renuntiari
941 2210 1055 2271 tibi,
1091 2220 1149 2266 ut
1177 2227 1235 2266 se
1293 2213 1498 2267 invisas
1532 2231 1545 2267 :
1577 2229 1806 2283 propera
1858 2214 2043 2283 igitur,

435 2302 574 2377 :quia
615 2303 687 2355 uti
723 2303 853 2355 mibi
888 2305 1216 2373 persuadeo,
1244 2308 1590 2374 superstitem
1620 2308 1709 2362 vix
1733 2319 2048 2376 reperturus

447 2410 527 2448 es.
556 2395 753 2448 Audito
782 2398 995 2461 nuntio,
1032 2397 1321 2452 confes’tim
1358 2398 1612 2467 perfusus
1646 2400 1924 2471 lacrymis,
1958 2415 2047 2454 co-

366 2525 372 2530 .
450 2487 633 2539 mitem
667 2502 724 2541 sc
775 2489 1049 2541 nuntianti
1083 2489 1354 2557 adjunxit,
1396 2491 1729 2560 domumque
1780 2492 2049 2545 amiciin-

453 2596 700 2649 gressus,
753 2597 919 2651 prope
993 2584 1192 2637 lectum
1241 2583 1931 2639 conscdit.Animadvcrso
1953 2601 2052 2638 au-

452 2683 583 2734 tem,
617 2676 864 2743 proxime
920 2676 1097 2745 ipsum
1126 2692 1157 2731 a
1210 2687 1383 2731 morte
1408 2678 1601 2732 abesse
1629 2717 1644 2742 ,
1682 2677 1909 2740 amoris.
1943 2690 2052 2746 quo

410 2769 692 2839 gsotlalem
745 2785 907 2824 suum
965 2773 1419 2840 prosequebatur,
1472 2772 1657 2839 jaculo
1682 2772 1926 2833 saucius,
1961 2772 2051 2826 diu

455 2858 800 2929 multumque
822 2862 1239 2916 deeumbentem
1272 2864 1605 2918 lamentatus
1628 2872 1733 2929 εει,
1788 2864 2051 2933 quoniam

457 2948 715 3016 diligebat
770 2951 1026 3006 multum.
1093 2948 1192 3006 L'bi
1249 2968 1373 3006 vero
1413 2953 1693 3022 paululum
1750 2968 1810 3007 se
1843 2953 2054 3007 remisit

457 3040 753 3109 Epiplianii
787 3041 965 3109 dolor,
1024 3046 1187 3115 coepit
1220 3060 1363 3117 aeger
1400 3046 1640 3100 animam
1691 3062 1851 3115 agere
1891 3057 2054 3115 atque

459 3133 669 3201 ejnlare
699 3144 805 3188 tam
835 3136 1167 3190 horrendum
1191 3138 1242 3191 in
1273 3137 1516 3204 modum,
1558 3151 1615 3193 ut
1648 3138 1842 3208 ingens
1865 3140 2053 3193 dome-

456 3230 627 3282 sticos
648 3242 860 3291 euntes,
896 3244 1001 3282 non
1029 3228 1194 3283 modo
1225 3228 1611 3299 Epiphanium,
1648 3239 1823 3284 terror
1882 3244 2052 3283 occu-

460 3330 631 3389 paret.
661 3323 1037 3392 lnterrogante
1072 3334 1254 3376 autem
1312 3323 1434 3388 hoc,
1472 3338 1570 3378 cur
1626 3331 1915 3391 tantopere
1942 3332 2059 3375 tur-

461 3412 720 3480 baretur;
757 3416 1034 3483 respirans
1059 3416 1459 3484 aliquantulum
1493 3428 1656 3484 atque
1705 3418 1926 3472 intuens
1968 3418 2054 3471 in-

463 3515 831 3575 terrogantem
860 3523 873 3558 :
903 3504 1013 3560 Heu
1046 3508 1162 3561 ine!
1201 3508 1395 3577 inquit,
1416 3508 1811 3575 iucundissime
1850 3506 2059 3574 amice,

464 3607 660 3651 cuncta
705 3613 867 3666 opera
911 3612 1026 3651 mea
1042 3594 1198 3652 bona
1231 3600 1505 3654 ύωιιιοιιεε
1533 3601 1895 3669 diripuerunt.
1921 3599 2057 3653 Nam

470 3706 593 3745 cum
618 3688 755 3743 febri
791 3700 1094 3759 prostratus
1120 3692 1390 3760 jacebam,
1415 3694 1519 3746 vidi
1552 3701 1666 3746 tum
1720 3697 1942 3765 angelos
1969 3695 2059 3749 Dei

471 3783 665 3845 bonos,
722 3793 835 3836 tum
896 3786 1070 3838 malos
1132 3784 1354 3851 inferni,
1410 3789 1593 3840 omnia
1647 3802 1741 3840 seu
1781 3797 1928 3841 recte
1963 3802 2057 3841 seu

465 3891 745 3945 perperam
771 3892 799 3930 a
822 3892 906 3931 me
929 3887 1077 3945 gesta
1104 3877 1315 3935 bilanee
1342 3878 1669 3949 appendere,
1696 3880 1901 3950 iniquis
1921 3894 2057 3948 ope-

465 3970 617 4024 ribus
641 3970 1048 4025 subsidentibus
1079 3981 1131 4025 et
1162 3972 1420 4026 leviorem
1463 3980 1609 4027 recte
1632 3974 1902 4027 laetorum
1944 3974 2061 4027 lan-

466 4079 584 4118 cem
615 4063 668 4117 in
708 4064 878 4118 altum
911 4064 1321 4120 extollentibus.
1350 4066 1526 4135 Atque
1569 4066 1693 4121 hinc
1726 4067 1789 4127 in.
1814 4068 2059 4122 animum

465 4173 633 4228 cogor
656 4156 938 4222 inducere,
960 4157 1163 4210 nullam
1196 4157 1247 4210 in
1269 4158 1475 4212 sanctis
1499 4157 1775 4226 iustorum
1812 4159 2058 4213 taberna-

467 4251 604 4303 culis
636 4250 765 4302 mibi
803 4250 985 4303 sedem
1019 4263 1233 4312 vacare,
1269 4249 1485 4303 abituro
1514 4251 1567 4303 in
1629 4250 1876 4305 [laminas
1909 4262 2061 4307 exte-

470 4342 662 4396 riores.
705 4341 823 4396 Vidi
883 4342 1108 4407 etenim,
1144 4342 1255 4395 vidi
1320 4343 1540 4411 angelos
1588 4354 1810 4400 sanctos
1869 4355 2064 4402 incesto

471 4434 745 4504 ﬂebiliqne
808 4438 961 4488 vultu
1019 4436 1144 4489 hinc
1174 4435 1448 4499 recedere,
1496 4435 1711 4490 dicente
1744 4438 1876 4491 milii
1921 4439 2064 4493 inter

471 4526 834 4582 recedendum
896 4543 1002 4579 uno
1033 4544 1049 4581 :
1082 4525 1169 4579 Vze
1198 4526 1318 4588 tibi,
1352 4529 1518 4582 miser
1560 4528 1899 4589 adolescens.
1933 4529 2060 4598 quia

471 4620 601 4672 dato
636 4617 702 4672 ad
749 4619 1039 4672 vivendum
1068 4619 1244 4688 spatio
1275 4620 1478 4677 abusus
1508 4637 1586 4675 es.
1624 4620 1726 4676 Ubi
1781 4620 1941 4675 ﬁnem
1977 4622 2083 4674 αἰο-

468 4711 571 4766 ctis
602 4711 719 4765 suis
747 4711 1083 4779 imposuerat
1116 4729 1280 4782 aeger,
1304 4712 1533 4767 furentis
1553 4714 1840 4768 adversum
1875 4728 1932 4768 se
1951 4714 2061 4768 dte-

469 4804 647 4861 monis
705 4806 961 4875 impetum
995 4806 1186 4872 sensit,
1231 4808 1468 4861 animam
1505 4808 1676 4876 ipsius
1710 4806 2060 4862 vehementer

469 4898 744 4953 turbantis
816 4914 878 4952 ac
956 4900 1400 4966 constet-nantis;
1458 4900 1740 4969 jacuitquc
1802 4900 2061 4969 deinceps

472 4991 732 5045 vcllicans
764 5007 827 5046 ac
858 4991 1105 5047 !aeerans
1127 4994 1356 5058 vultum,
1384 5002 1438 5047 et
1465 4992 1760 5047 insolentes
1792 4993 2057 5059 quosdam

467 5100 751 5138 sermones
791 5082 1043 5139 ellum-ns

544 5175 667 5229 150.
700 5174 907 5229 Interea
939 5173 1297 5246 Epiphanius,
1323 5191 1538 5229 summa
1581 5174 2064 5231 commiseratione

469 5270 667 5324 anima:
695 5269 839 5324 illius
878 5279 1072 5331 tactus,
1104 5268 1158 5323 in
1191 5275 1404 5323 secreto
1450 5268 1633 5322 cordis
1666 5268 1912 5322 conclavi
1936 5284 2060 5323 eum

615 5426 761 5486 Psal.
796 5444 989 5496 xxxui,
1023 5428 1116 5483 ΞΟ.
1192 5429 1237 5460 ’⁸
1266 5426 1412 5483 Psal.
1439 5441 1625 5492 cxvtu,
1652 5427 1779 5483 145.

516 5583 743 5700 ,((ξιιμη
769 5604 872 5644 ms.
916 5586 1091 5643 Vatic.
1130 5586 1485 5643 vitiosissime
1506 5586 1774 5655 scriptura
1809 5594 1923 5640 erat
1956 5584 2065 5638 δέει

520 5670 573 5700 ΛΥ
621 5670 716 5700 εις-

481 5670 717 5718 κλητιεις,

553 5724 664 5794 (6:!)
724 5723 860 5780 llinc
913 5728 1217 5801 incipiendo
1282 5746 1474 5804 magna
1511 5730 1703 5787 lacuna.
1753 5741 1833 5787 est
1867 5730 1918 5787 in
1958 5744 2063 5788 ins.

2215 1837 2366 1909 ρμθ¹.
2411 1837 2501 1899 Ὧς
2534 1837 2591 1891 δέ
2626 1836 2776 1890 ἔνδον
2809 1837 2975 1891 αὐτοῦ
3008 1837 3247 1905 ἐγένετο,
3282 1838 3393 1891 ἰδού
3429 1856 3515 1901 τις
3558 1841 3738 1893 νεανία

2151 1949 2280 1998 σκος
2305 1931 2614 2003 προσῆλθεν
2648 1931 2798 2001 αὐτῷ
2826 1932 3000 1999 λέγων
3026 1948 3041 1965 ο
3077 1932 3249 2002 Κύρνέ
3282 1950 3385 2000 μου
3434 1932 3747 2000 Ἐπιφάνιε,

2148 2031 2176 2082 6
2230 2027 2519 2095 ἀγαπητός
2571 2043 2668 2078 σου
2708 2025 2960 2097 Ῥαφαὴλ
3000 2028 3057 2081 ἐν
3110 2028 3371 2098 ἀσθενείᾳ
3420 2030 3743 2098 περιέπεσε,

2150 2122 2245 2174 καὶ
2277 2119 2431 2190 δηλοῖ
2446 2114 2537 2170 ’σοι
2572 2117 2724 2182 ὅπως
2753 2102 3203 2189 πκραγενόμενος
3234 2122 3505 2194 ἐπισκέψῃ
3542 2124 3702 2176 αὐτόν
3730 2138 3743 2151 ·

2153 2212 2457 2266 σπούδασον
2485 2209 2599 2273 οὖν,
2626 2212 2729 2277 ὅτι,
2758 2211 2833 2273 ὡς
2855 2212 3018 2283 δοκῶ,
3049 2214 3235 2266 οὐκέτι
3260 2212 3432 2285 θεάσῃ
3458 2216 3641 2269 αὐτόν.
3682 2216 3742 2267 Ὀ
3828 2249 3838 2257 ο

2150 2306 2206 2358 δὲ
2231 2304 2471 2368 ἀκούσας
2496 2303 2691 2369 ταῦτα,
2717 2304 2918 2366 εὐθέως
2946 2304 3251 2375 σύνδακρυς
3279 2307 3517 2374 ἐγένετο,
3539 2309 3630 2361 καὶ
3664 2308 3743 2377 τῷ

2152 2396 2423 2466 δηλάτωρι
2459 2395 2933 2466 ἐπακολουθήσας,
2967 2397 3064 2449 σὺν
3101 2398 3251 2466 αὐτῷ
3296 2398 3569 2471 ἐπορεύθη
3599 2416 3613 2429 ’
3650 2404 3747 2454 καὶ

2154 2488 2326 2541 ἐλθὼν
2384 2487 2615 2557 πλησίον
2657 2487 2821 2540 αὐτοῦ
2878 2485 3172 2556 ἐκαθέσθη,
3224 2490 3321 2541 καὶ
3376 2490 3520 2556 ἔγνω
3584 2491 3748 2544 αὐτὸν

2157 2578 2482 2649 πλησιάζειν
2515 2579 2578 2631 τὺ
2603 2578 2779 2643 τέλος,
2812 2581 2906 2632 καὶ
2940 2580 3019 2650 τῷ
3062 2579 3208 2649 βέλει
3241 2582 3476 2651 τρωθεὶς
3510 2584 3617 2651 ((il)
3649 2583 3748 2650 ταῖς

2155 2670 2405 2741 ἀγάπης,
2439 2663 2508 2742 ἧς
2542 2670 2681 2737 πρὸς
2704 2670 2868 2723 αὐτὸν
2896 2672 3184 2741 ἐκέκτητο,
3214 2658 3328 2725 ἐπὶ
3362 2673 3565 2743 πςλλὴν
3598 2672 3749 2743 ὥραν

2155 2764 2376 2837 ἐθρήνει
2430 2765 2617 2831 αὑτὸν,
2670 2764 2860 2835 ἐπειδὴ
2914 2764 3059 2818 πάνυ
3096 2766 3270 2834 ἐφίλει
3328 2766 3511 2819 αὐτόν.
3556 2767 3644 2828 Ὠς
3690 2767 3750 2820 δὲ

2161 2859 2358 2931 μικρὸν
2390 2858 2556 2928 ἀνέθη
2585 2857 2680 2911 τοῦ
2710 2858 2974 2928 ὀδυρμοῦ,
3010 2857 3215 2930 ἥρξατο
3248 2861 3457 2920 ἐκεῖνος
3479 2841 3742 2925 ’κείμενος

2160 2951 2347 3015 δεινῶς
2384 2953 2627 3021 ἀγωνιᾷν
2674 2952 2768 3004 καὶ
2822 2951 3210 3021 ὀλοφύρεσθαι,
3254 2952 3394 3005 ὥστε
3442 2951 3749 3019 φοδηθῆναι

2156 3044 2219 3098 οὐ
2256 3044 2418 3114 μόνον
2447 3042 2542 3095 τὸν
2588 3042 2928 3113 Ἐπιφάνιον,
2977 3043 3112 3097 ἀλλά
3143 3044 3237 3098 καὶ
3266 3044 3393 3107 τοὺς
3428 3046 3485 3096 ἐν
3508 3046 3571 3113 τῇ
3601 3044 3751 3112 οἰκίᾳ

2162 3135 2329 3189 αὑτοῦ
2377 3136 2757 3205 διαφέροντας.
2825 3135 3119 3206 Ἐπηρώτα
3169 3136 3224 3188 δὲ
3264 3136 3426 3190 αὑτὸν
3454 3138 3482 3188 6
3523 3136 3754 3203 Ἐπιςά·

2160 3248 2293 3295 νιος,
2323 3231 2375 3282 τί
2402 3228 2615 3291 παθὼν,
2653 3228 2812 3283 τοῦτο
2862 3230 3218 3302 διεταράχθη.
3255 3232 3473 3301 Μικρὸν
3501 3230 3546 3284 δ’
3577 3232 3653 3283 ἔτι
3694 3233 3753 3282 ὲν

2161 3320 2344 3390 ἐαυτῷ
2392 3323 2706 3391 γενόμενος,
2767 3322 2861 3375 καὶ
2910 3322 3251 3391 θεασάμενος
3284 3329 3376 3377 τὸν
3437 3324 3752 3392 Ἐπιφάνιον

2160 3414 2267 3486 Ερη
2292 3430 2306 3445 ⁶
2340 3414 2543 3485 Οἴμοιί
2583 3413 2889 3483 γλυκύτατέ
2934 3433 3037 3485 μου
3087 3415 3307 3486 ἀδελφέ,
3355 3416 3442 3470 ὅτι
3484 3417 3656 3470 πάντα
3682 3421 3753 3468 τὰ

2162 3505 2302 3576 ἔργα
2335 3506 2402 3559 τὰ
2440 3506 2793 3576 πνευματικά
2841 3507 3212 3577 καθήρττασαν
3242 3508 3290 3560 οἱ
3324 3507 3579 3576 δαίμονες
3608 3524 3623 3539 ·
3654 3525 3756 3559 κα-

2167 3600 2275 3662 θὼς
2326 3597 2434 3669 γὰρ
2473 3595 2939 3668 καταχθονίζομαί
2984 3599 3061 3668 τῷ
3119 3599 3339 3668 πυρετῷ
3398 3598 3755 3668 βαλλόμενος,

2171 3692 2490 3762 ἐθεασάμην
2518 3693 2644 3755 τοὺς
2674 3691 2946 3761 ἀγγέλους
2972 3690 3065 3744 τοῦ
3100 3691 3260 3755 Θεοῦ,
3307 3692 3402 3745 καὶ
3428 3693 3554 3757 τοὺς
3588 3710 3765 3762 ποντο-

2165 3787 2294 3856 ροὺς
2320 3785 2606 3855 δαίμονας,
2642 3785 2765 3839 καθ’
2795 3786 2877 3839 ὅτι
2912 3786 3357 3855 ἐζυγοστάτησαν
3388 3787 3457 3839 τὰ
3506 3788 3634 3855 ἐμοὶ
3659 3802 3762 3838 τιε-

2165 3879 2464 3952 πραγμένα
2498 3879 2632 3951 (ΟΞ),
2681 3880 2778 3932 καὶ
2810 3879 3253 3949 ὑπερηκόντισαν
3296 3880 3405 3932 τῶν
3440 3871 3662 3948 ἀγαθῶν
3689 3881 3765 3933 τὰ

2165 3973 2373 4041 φαῦλα.
2411 3971 2521 4025 Καὶ
2553 3972 2863 4039 πέπεισμαι
2891 3971 2975 4025 ὅτι
3003 3972 3065 4023 οὺ
3109 3972 3184 4042 μὴ
3227 3971 3645 4039 κατασκηνώσω
3678 3972 3765 4034 εἰς

2162 4066 2263 4129 τὰς
2302 4065 2581 4135 μακαρίας
2613 4063 2819 4134 σκηνάς
2848 4063 2955 4116 τῶν
2991 4064 3240 4128 δικαίων,
3274 4063 3409 4116 ἀλλά
3456 4062 3770 4115 ἀπελεύσο-

2150 4176 2269 4229 έμαι
2322 4161 2402 4221 είς
2460 4159 2521 4209 τὸ
2548 4157 2656 4229 πῦρ
2713 4157 2775 4210 τὸ
2832 4156 3132 4226 ἐξώτερον·
3163 4153 3304 4209 εἶδον
3354 4157 3461 4227 γὰρ
3511 4156 3623 4224 ἐγὼ
3676 4157 3767 4210 ὅτι

2165 4250 2505 4319 λυπηθέντες
2532 4251 2580 4302 oi
2614 4251 2760 4318 ἆγιοι
2788 4249 3011 4318 ἄγγελοι
3053 4250 3151 4301 ἀπ’
3198 4249 3331 4318 ἐμοῦ
3377 4248 3768 4318 ἀνεχώρησαν,

2171 4345 2230 4396 ἐν
2274 4344 2330 4396 δὲ
2382 4343 2461 4413 τῷ
2513 4344 2713 4406 αὐτοὺς
2765 4343 3102 4415 ὲξέρχεσθαι,
3138 4339 3219 4408 εἷς
3267 4341 3326 4409 ἐξ
3352 4345 3532 4398 αὐτῶν
3568 4342 3771 4413 εἰρηκέ

2171 4454 2296 4508 μοι·
2330 4436 2465 4490 Οὐαί
2496 4452 2581 4489 σοι
2608 4437 2619 4489 !
2652 4436 2902 4501 ταπεινὲ,
2954 4438 3037 4489 δτι
3087 4437 3273 4500 κακῶς
3302 4438 3523 4506 ἐχρήσω
3555 4436 3630 4506 τῷ
3660 4436 3772 4508 βίῳ

2092 4572 2143 4632 D
2172 4548 2286 4585 σου,
2340 4530 2428 4592 Ὠς
2460 4528 2711 4582 δὲταῦτα
2738 4530 2951 4600 εἴρηκε,
3004 4532 3258 4601 ἐμμανὴς
3300 4532 3593 4600 γενόμενος
3634 4532 3769 4583 κατ’

2172 4626 2340 4681 αὑτοῦ
2372 4627 2399 4680 6
2424 4627 2694 4690 διάϐολος,
2727 4628 3054 4697 ἐνεποίησεν
3086 4628 3144 4677 ἐν
3169 4628 3281 4687 τοῖς
3311 4625 3565 4691 ἐγκάτοις
3592 4623 3768 4677 αὑτοῦ

2171 4718 2401 4789 θόρυϐον
2469 4717 2639 4771 πολὺν
2711 4720 2807 4771 καὶ
2869 4720 3110 4789 τάραχον
3162 4734 3177 4748 ο
3219 4717 3314 4768 καὶ
3381 4711 3449 4786 ἦν
3507 4714 3770 4782 κείμενος

2168 4811 2361 4864 meo;
2402 4812 2499 4865 καὶ
2536 4812 3012 4883 σπαραττόμενος,
3050 4813 3145 4865 καὶ
3167 4809 3393 4881 ἀπρεπῆ
3421 4825 3542 4859 τινα
3580 4807 3769 4877 ληρω-

2169 4904 2453 4975 δούμενος.

2249 5170 2346 5246 ρν’.
2396 5172 2454 5226 Ὀ
2495 5173 2550 5227 δὲ
2584 5174 2903 5243 Ἐπιφάνιος
2940 5174 3311 5245 συμπαθήσας
3342 5173 3483 5241 ἄγαν
3514 5174 3579 5243 τῇ
3608 5170 3761 5241 ψυχῇ

2172 5267 2359 5335 αὐτού,
2416 5266 2803 5337 καθεζόμενος,
2857 5268 3024 5341 εὐχὴν
3084 5267 3222 5339 μετᾶ
3266 5266 3521 5336 δακρύων
3572 5266 3629 5316 ἐν
3682 5264 3766 5333 τῷ

2166 5588 2429 5646 Mazarin.
2468 5605 2585 5657 quae
2634 5589 2951 5658 producitur
2984 5603 3156 5658 tiSquc
3208 5587 3273 5643 ad
3308 5586 3421 5642 luce
3454 5585 3615 5641 verba
3654 5597 3759 5636 nu~

2168 5662 2301 5716 meti
2338 5662 2457 5727 liii,
2496 5660 2829 5731 Ἐπίσταμαι
2855 5663 2983 5733 γάρ.
