4088 6216
413 333 517 396 797

1595 341 1770 401 VI'I‘A
1817 343 1879 402 S.
1924 342 2254 403 ANDllEr‘E
2290 345 2478 405 ΒΑΗ.

3572 339 3680 401 798

424 445 662 518 κρυπτῷ
685 447 902 519 ταμείῳ
931 449 1071 520 ὑπὲρ
1093 450 1263 505 αὐτοῦ
1288 453 1364 520 τῷ
1395 453 1586 523 Κυρίῳ
1614 439 1996 527 προσφερόμεέ

2124 461 2360 532 acrymis
2386 460 2644 516 otferebat
2686 472 2872 528 preces
2895 471 3022 511 ruas
3055 454 3311 518 Domino,
3357 439 3683 522 supplicans

419 555 532 603 νος,
573 541 721 602 ὅπως
761 540 864 593 κᾶν
914 540 1010 594 τοῦ
1066 544 1681 616 παραδειγματισθῆναι
1733 547 1882 617 αὐτῷ
1919 547 1997 618 μὴ

421 635 649 701 γένηται
679 633 886 702 ἔφοδος.
928 636 988 688 Ὀ
1014 635 1071 690 δὲ
1115 638 1362 703 Σατανᾶς
1411 642 1549 708 μετά
1591 640 1700 692 τῶν
1728 639 2000 711 δαιμόνων

422 720 588 774 αὑτοῦ
653 722 834 775 ἐκεῖσε
888 724 1239 793 ἐφεδρεύων,
1289 728 1491 797 συνῆκε
1534 728 1627 782 τὸν
1681 731 2002 798 Ἐπιφάνιον

421 810 860 882 προσευχόμενον
882 829 896 844 ·
932 814 1131 883 θράσος
1158 816 1389 887 φοϐερὸν
1432 819 1460 870 6
1493 820 1880 890 κακομήχανος
1911 838 2003 874 κε-

421 913 525 972 κτη
536 905 721 974 μένος,
749 904 836 959 διὰ
859 907 920 960 τὸ
950 908 1052 978 ἤδη
1077 909 1167 961 τὸν
1194 909 1523 964 ἀσθενοῦντα
1556 911 1806 966 ὑπαίτιον
1839 913 2001 966 αὑτὸν

421 997 725 1066 πεφηνέναι
757 1013 773 1030 '
825 999 922 1053 καὶ
976 999 1344 1055 ἐϐουλεύσατο
1401 996 1849 1075 κατακρημνίσαι
1911 1003 2003 1058 τὸν

434 1089 756 1155 Ἐπιφάνιον
783 1093 850 1145 ’ἐν
895 1087 939 1160 ᾧ
983 1093 1279 1157 ἐκαθέζετο
1309 1093 1507 1167 θρόνῳ,
1541 1097 1602 1150 ἐν
1623 1095 1702 1167 τῷ
1734 1096 2003 1165 σύνεγγυς

421 1182 536 1234 δντι
569 1185 933 1256 καταρράκτῃ
953 1184 1046 1238 τοῦ
1071 1185 1395 1256 οἰκήματος.
1428 1187 1597 1249 Γνοὺς
1626 1187 1683 1240 δὲ
1726 1187 1804 1259 τῷ
1836 1188 2002 1242 πνεύ-

425 1291 555 1344 ματι
578 1275 606 1326 6
638 1277 786 1340 παῖς,
815 1277 1028 1346 ταχέως
1053 1277 1292 1341 ἀναστὰς
1311 1279 1650 1352 ἀπρονόητον
1680 1281 1780 1352 τὴν
1805 1281 2004 1351 βουλὴν

429 1366 597 1419 αὐτοῦ
643 1368 918 1439 ἐποίησεν.
982 1369 1296 1441 ’Δποτυχὼν
1349 1371 1407 1424 δὲ
1461 1373 1487 1425 6
1535 1373 1859 1445 παμμίαρτς
1905 1375 2001 1427 τοῦ

426 1458 633 1531 σκοποῦ
665 1460 855 1526 αὑτοῦ,
899 1461 1100 1532 ἤρξατο
1143 1463 1307 1518 πάλιν
1335 1463 1430 1517 τοῦ
1479 1465 2004 1536 παραδειγματίξειν

419 1551 514 1602 τὸν
538 1551 776 1604 ἐλεεινόν
808 1554 1019 1606 ἐκεῖνον
1046 1568 1061 1584 ⁸
1103 1553 1198 1607 καὶ
1231 1553 1437 1619 εὐθέως
1485 1557 1760 1627 κείμενος,
1799 1557 2004 1629 ἤρξατο

427 1642 626 1696 τίλλειν
669 1644 762 1699 τὸν
812 1645 1008 1699 ἐαυτοῦ
1050 1647 1309 1716 πώγωνα,
1338 1649 1432 1702 καὶ
1474 1651 1770 1720 μετέπειτα
1811 1651 2004 1724 ῶσπερ

425 1737 657 1802 αἰ-ίίδιον
687 1738 973 1803 φωνάζων,
1014 1740 1106 1794 καὶ
1139 1741 1300 1794 πάλιν
1335 1743 1435 1813 τὴν
1479 1743 1733 1810 γλῶσσαν
1773 1744 1876 1810 ἔξω
1914 1747 2004 1798 ἐκο

427 1830 456 1879 6
472 1829 639 1882 ἀλλων
671 1829 1021 1900 ἐσεληνίαζεν
1042 1833 1316 1900 ἀεέμνως,
1351 1837 1446 1888 καὶ
1469 1835 1629 1890 πάλιν
1652 1837 1841 1907 ῶσπερ
1858 1837 2005 1892 κύων

429 1922 684 1988 ποιμνίου
749 1923 962 1992 βαρέως
1015 1922 1229 1992 βαΰζων
1278 1926 1360 1989 είς
1415 1929 1546 1991 τοὺς
1609 1929 2006 1998 παρεστῶτας,

425 2011 569 2065 ὥστε
605 2014 909 2084 φοϐηθῆναι
947 2015 1112 2083 φόϐον
1144 2019 1320 2086 μέγαν
1357 2018 1570 2081 πάντας
1601 2020 1726 2083 τοὺς
1765 2022 2010 2091 ὁρῶντας

426 2107 551 2158 τὸν·
580 2107 778 2160 ἑαυτοῦ
827 2108 1097 2177 βαΰζοντα
1137 2111 1394 2181 δαίμονα.
1432 2112 1496 2164 Οί
1541 2111 1598 2165 δέ
1639 2113 1817 2166 ἐκεῖσε
1853 2116 2011 2186 εὑρε-

428 2198 612 2264 θέντες
661 2199 887 2272 ἠρώτων
953 2203 1045 2256 τὸν
1113 2204 1450 2274 Ἐπιφάνιον,
1499 2203 1663 2260 πόθεν
1724 2210 1803 2272 είς
1849 2209 2010 2264 αύτὶν

415 2296 686 2367 τοιαύτην
726 2296 976 2362 ἐξουσίαν
1014 2299 1210 2352 ἔλαϐεν
1253 2302 1281 2354 6
1327 2302 1596 2368 διάϐολος,
1649 2304 1735 2357 ἵνα
1783 2304 2013 2360 τοιαῦτα

428 2388 665 2460 πράττῃ.
715 2389 772 2441 ’()
813 2390 870 2444 δὲ
916 2389 1036 2444 εἷπε
1085 2393 1220 2463 πρὸς
1275 2394 1516 2458 αὐτούς·
1577 2395 1822 2465 Ἀδελφοί
1879 2415 2005 2468 μου,

427 2483 539 2550 ἐγὼ
581 2484 662 2548 είς
701 2479 865 2536 τοῦτο
903 2485 1054 2538 οὐδὲν
1098 2487 1406 2556 ἐπίσταμαι
1471 2486 1840 2556 φθέγξασθαιο
1873 2489 2012 2560 πλὴν

430 2573 786 2644 στοχάζομαι,
822 2576 904 2629 ὅτι
935 2575 1160 2647 μεγάλῳ
1186 2578 1595 2650 παραπτώματι
1625 2577 1692 2652 ἦν
1722 2599 2011 2652 συμπεπο-

427 2667 704 2736 δισμένος,
735 2669 827 2720 καὶ
849 2669 961 2721 οὐδ’
999 2669 1134 2732 ὅλως
1165 2671 1378 2740 ἀπέστη
1417 2672 1477 2736 ἐξ
1504 2671 1669 2725 αὑτοῦ
1717 2674 1880 2745 μέχρι
1912 2675 2012 2745 τῆς

426 2760 623 2828 δεῦρο,
679 2762 713 2832 ἢ
776 2762 877 2816 οὐκ
943 2762 1285 2834 ἐξήγογειλεν,
1345 2766 1376 2837 ἢ
1438 2767 1501 2820 οὐ
1547 2751 1887 2840 μετενόησε’
1924 2771 2014 2826 διὰ

430 2852 587 2905 τοῦτο
641 2855 770 2917 τοὺς
826 2855 1237 2926 ἀμετανοήτους
1291 2856 1626 2929 κληρονομεῖ
1667 2860 1696 2912 6
1748 2861 2013 2924 διάϐολος.

443 2943 530 2994 Ἐν
569 2943 637 3013 τῇ
672 2942 898 3017 τοιαύτῃ
933 2941 1026 2998 οὖν
1062 2945 1309 3010 ἐξετάσει
1338 2949 1543 3012 ἐκεῖνος
1573 2950 1665 3005 τὸν
1715 2950 1829 3023 βίον
1856 2955 2016 3007 κατέ-

432 3031 612 3084 λυσεν.

467 3050 612 3088 υσεν.

508 3133 644 3195 ρναο,
685 3129 782 3182 Ἐν
829 3130 928 3199 μιᾷ
970 3128 1063 3182 οὖν
1097 3130 1280 3202 ἡμέρα
1327 3132 1584 3205 εὑρηκὼς
1615 3137 1642 3188 6
1695 3136 2013 3206 Ἐπιφάνιος
2045 3145 2087 3201 C

434 3218 525 3271 τὸν
575 3218 845 3289 μακάριον
907 3219 1184 3289 Ἀνδρέαν,
1229 3221 1528 3292 διηγήσατο
1573 3225 1721 3295 αύτῷ
1773 3226 2015 3294 ἅπαντα,

438 3309 534 3361 καὶ
562 3310 861 3378 παρεκάλει
901 3311 1114 3380 μαθεῖν,
1153 3311 1223 3364 δι’
1252 3311 1320 3384 ἢν
1341 3314 1522 3367 αἰτίαν
1551 3312 1705 3380 οὗτος
1755 3319 1783 3372 6
1825 3336 2016 3374 ταπει-

437 3401 526 3461 νὸς
557 3402 808 3472 καθάπερ
833 3403 979 3456 κύων
1007 3402 1255 3458 ὑλακτῶν
1285 3408 1694 3474 τετελεύτηκεν.
1713 3411 2016 3486 Ἀπεκρίθη

431 3495 459 3546 6
483 3495 625 3555 ὅσιος
669 3495 807 3564 πρδς
837 3495 1001 3549 αὐτὸν
1032 3496 1127 3549 καὶ
1180 3495 1325 3566 λέγει
1352 3514 1367 3529 ο
1411 3500 1651 3565 Ἐκεῖνος
1683 3503 1710 3556 6
1739 3503 1892 3571 φίλος
1925 3523 2018 3559 σου

437 3586 625 3656 μοιχὸς
675 3583 744 3659 ἦν
785 3590 876 3641 καὶ
919 3589 1262 3659 μνησίκακος
1293 3590 1614 3660 ἄνθρωπος’
1651 3593 1756 3647 ἐῶν
1783 3597 1894 3668 γὰρ
1919 3597 2019 3668 τὴν

440 3679 636 3734 ἑαυτοῦ
668 3681 921 3750 σύμϐιον,
957 3684 1025 3752 τῇ
1081 3681 1424 3750 θεραπαινίδι
1455 3683 1621 3738 αὑτοῦ
1654 3685 1827 3751 ἀδεῶς
1862 3705 2018 3742 συνε-

439 3773 667 3842 μίγνυτο
688 3790 702 3805 ·
743 3773 988 3836 διάκονός
1021 3791 1082 3827 τε
1115 3774 1498 3845 χρηματίζων,
1532 3777 1632 3830 οὐκ
1659 3775 1881 3849 ἔφριττε
1917 3781 2018 3852 τὴν
2065 3777 2081 3795 ⁸

437 3868 677 3937 φοϐεράν
708 3866 944 3936 δύναμιν
993 3867 1094 3937 τῆς
1141 3867 1445 3938 ἀπροσίτου
1478 3867 1733 3938 θεότητος
1760 3872 1787 3922 6
1820 3871 2012 3925 ταλαί-

437 3978 624 4032 πωρος
657 3979 670 3990 ν
703 3962 796 4014 καὶ
841 3961 996 4023 εἰδὼς
1030 3960 1195 4014 αὑτὸν
1225 3961 1550 4034 ἁμαρτωλὸν
1581 3963 1678 4032 οὐχ
1720 3963 2019 4035 ἡσύχαζεν,

433 4055 570 4107 ἀλλά
597 4053 891 4125 μοιχεύων,
921 4053 1106 4124 φορῶν
1133 4053 1194 4107 τὸ
1224 4053 1488 4123 φελὼνιον
1519 4053 1684 4107 αὐτοῦ
1717 4055 2019 4123 ίεράτευεν,

436 4147 796 4216 καταφρονῶν
835 4146 945 4200 τῶν
993 4145 1280 4210 ζωοποιῶν
1330 4147 1558 4201 ἐκείνων
1609 4148 1703 4201 καὶ
1733 4149 2021 4203 ἀθανάτων

443 4238 760 4308 μυστηρίων
786 4256 800 4270 ο
847 4240 942 4291 καὶ
989 4238 1214 4302 εἴκαζεν
1249 4239 1331 4293 ὅτι
1363 4239 1547 4294 λαθεῖν
1587 4239 1702 4311 ἔχει
1731 4241 1916 4313 Κυρίῳ
1943 4241 2022 4313 τῷ

435 4331 556 4401 θεῷ
600 4331 782 4402 ἡμῶν.
847 4331 1047 4401 Ὶερεὺς
1077 4331 1190 4402 γὰρ
1224 4331 1442 4402 πόρνος,
1494 4334 1588 4386 καὶ
1617 4333 1864 4397 διάκονος
1904 4351 2024 4405 μοι·

437 4427 532 4496 χός
584 4443 642 4480 τε
697 4427 918 4496 πόρνος,
969 4427 1370 4499 ἐπικατάρατοι
1425 4428 1640 4483 ἔσονται
1699 4431 1889 4501 Κυρίῳ
1943 4429 2023 4502 τῷ

438 4519 560 4588 Θεῷ
591 4534 607 4549 ο
654 4519 790 4572 πολὺ
837 4520 946 4589 γὰρ
989 4518 1194 4586 ὀφείλει
1239 4517 1482 4589 καθαρὸς
1523 4515 1665 4575 εἶναι
1703 4523 1730 4574 6
1764 4520 1844 4592 τῷ
1879 4522 2019 4592 ἁγίῳ
2055 4503 2098 4559 D

441 4610 816 4681 θυσιαστηρίῳ
859 4612 1294 4680 παριστάμενος.
1337 4613 1408 4665 Συ
1439 4608 1764 4685 γάρλοῖδας,
1807 4615 2022 4682 τέκνον,

439 4705 522 4756 ὅτι
559 4703 588 4754 6
623 4703 755 4766 Θεὸς
807 4705 1088 4775 ῥυπαροὺς
1137 4703 1416 4774 ὑπηρέτας
1473 4705 1535 4756 ού
1591 4703 1785 4775 χρῄζει
1820 4721 1834 4736 ⁸
1875 4708 2026 4776 μισεί

438 4797 552 4865 γὰρ
599 4797 793 4863 γενεάν
833 4793 1118 4866 μοιχαλίδα
1165 4795 1259 4848 καὶ
1310 4795 1658 4866 ἀμαρτωλόν.
1723 4796 2021 4860 Είκάζουσί

439 4903 586 4950 τινες
632 4887 742 4941 τῶν
785 4888 1116 4960 ἀνθρώπων,
1147 4888 1229 4942 ὅτι
1270 4888 1439 4959 μῦθός
1469 4889 1586 4941 ἐστι
1631 4888 1699 4941 τὰ
1725 4889 1836 4942 τῶν
1881 4890 2024 4960 Χρι-

443 4983 676 5035 στιανῶν
725 4982 1108 5053 διαγγέλματα
1140 4999 1156 5016 ·
1208 4983 1332 5036 ὅθεν
1363 4984 1510 5046 τινὲς
1547 4983 1644 5036 καὶ
1676 4983 1872 5054 ἀηδίαν
1897 5001 2028 5052 φαν-

441 5076 724 5139 τάζονται,
756 5075 926 5139 λίθοις
961 5076 1148 5146 βυθοῖς
1171 5076 1612 5148 ἀμαυρούμενοι,
1657 5077 1749 5130 καὶ
1776 5076 2027 5130 ἐντεῦθεν

440 5168 615 5231 ἀδεῶς
646 5169 860 5222 ποιοῦσι
907 5169 976 5222 τά
1012 5167 1334 5239 καταθύμια
1358 5182 1373 5199 ⁶
1403 5168 1496 5222 καὶ
1525 5168 1835 5222 οὐκοίδασι
1875 5169 2027 5232 ποῖός

442 5261 592 5311 ἐστιν
646 5259 676 5312 6
727 5259 946 5331 δράκων
990 5261 1185 5330 ἄγριος
1233 5260 1330 5313 καὶ
1381 5261 1598 5331 πικρὸς,
1631 5261 1660 5313 6
1690 5258 1784 5312 τοῦ
1815 5259 2026 5330 κόσμου

442 5353 655 5423 ἄρχων,
707 5354 876 5423 φημὶ,
930 5355 957 5406 6
1004 5353 1473 5421 ἀποστελλόμενος
1522 5352 1602 5415 είς
1635 5352 1754 5416 ἐνὸς
1793 5351 2027 5406 ἑκάστου

442 5447 673 5502 θάνατον
728 5449 821 5502 τοῦ
875 5449 1106 5519 ἐρευνᾷν
1156 5448 1225 5501 τὰ
1271 5449 1484 5518 ποκηρᾶ
1530 5447 1690 5515 ἔργα,
1733 5449 1827 5500 καὶ
1872 5447 2028 5518 δίκην

439 5541 745 5611 λαμϐάνειν
794 5542 936 5614 μετά
989 5541 1098 5595 τῶν
1153 5541 1401 5610 ἀγγέλων
1446 5539 1539 5593 τοῦ
1589 5538 1725 5593 Θεοῦ
1758 5541 1888 5609 περὶ
1917 5539 2028 5593 τῶν

439 5635 892 5706 ἁμαρτησάντων
938 5626 1148 5704 ψυχῶν,
1190 5632 1292 5687 ποῦ
1331 5633 1363 5702 ἢ
1396 5632 1514 5695 πῶς
1542 5631 1680 5705 εὕρῃ
1724 5633 2026 5704 τὴνψυχὴν

443 5731 545 5797 τὴν
599 5730 659 5782 τί)
721 5731 914 5794 σκότος
969 5728 1355 5800 ﬁ‘i'arﬂkto’ajl";
1422 5726 1569 5789 ὅπως
1641 5723 2029 5800 κληρονομήσῃ

449 5824 639 5891 αὐτὴν.

2103 567 2201 621 pro
2229 553 2428 616 amico,
2468 561 2527 607 ut
2549 567 2617 607 ne
2649 552 3015 606 incesseretur
3049 546 3517 616 castigaretnrque
3572 555 3681 599 tam

2101 647 2413 700 immaniter
2447 659 2477 698 a
2514 642 2803 698 daemonio.
2857 642 2924 696 At
2956 653 3084 694 vero
3143 637 3232 692 ubi
3262 637 3522 699 Satanas,
3559 653 3684 690 cum

2106 738 2310 808 reliqua
2367 737 2674 791 daemonum
2734 735 2911 800 turba,
2945 733 2999 786 in
3047 733 3229 786 omnia
3277 729 3466 785 sedulo
3510 728 3685 782 inten-

2106 839 2215 901 tus,
2265 826 2625 896 deprehendit
2661 834 2906 878 orantem
2937 821 3297 893 Epiphanium
3358 820 3499 889 (erat
3539 819 3683 872 enim

2104 920 2231 974 mali
2268 919 2612 973 machinator
2643 918 2970 972 insolentior
2999 916 3388 982 audaciorque,
3440 913 3584 983 quod
3611 913 3686 966 illi

2099 1013 2211 1082 jam
2275 1027 2420 1064 nunc
2473 1011 2818 1080 adjudieatus
2858 1009 3130 1063 videretur
3187 1006 3352 1076 aeger)
3395 1004 3687 1060 consilium

2106 1103 2227 1158 iniit
2257 1103 2624 1173 prmcipitandi
2663 1102 2808 1170 pium
2836 1099 3238 1154 adolescentem
3271 1113 3396 1152 cum
3430 1094 3558 1150 sede
3590 1110 3689 1150 sua

2105 1197 2158 1252 in
2187 1197 2543 1267 propinquam
2598 1194 2781 1249 domui
2821 1200 3174 1247 cataractam.
3225 1190 3423 1244 Verum
3459 1187 3693 1257 Epipha-

2108 1290 2251 1352 nius,
2311 1287 2642 1358 prtecognito
2664 1285 3058 1340 machinatoris
3091 1282 3343 1345 consilio,
3402 1279 3690 1337 confestim

2107 1382 2380 1452 surgendo
2423 1379 2642 1433 irritum
2693 1387 2854 1446 atque
2885 1377 3049 1452 inane
3081 1374 3214 1428 illud
3247 1373 3396 1427 fecit.
3444 1371 3695 1440 Dejeclus

2109 1475 2290 1543 itaque
2320 1486 2416 1541 spe
2449 1485 2546 1526 sua
2575 1480 2628 1524 et
2665 1471 2879 1525 intento
2913 1449 3285 1537 nequissimus
3316 1465 3550 1524 daemon,
3576 1469 3713 1518 ειη-⁵

2110 1581 2229 1619 sum
2258 1580 2318 1618 se
2354 1567 2418 1617 ad
2449 1579 2652 1634 mgrum
2703 1562 3067 1617 divcxandutn
3096 1557 3364 1613 convertit
3392 1575 3404 1610 :
3431 1557 3525 1625 qui
3573 1571 3697 1610 mox

2111 1657 2342 1712 evellere
2387 1655 2491 1710 sibi
2545 1654 2793 1718 barbam,
2832 1663 2942 1707 tum
2968 1653 3209 1707 clamore
3249 1666 3351 1706 suo
3389 1665 3576 1704 vocem
3610 1665 3702 1703 ca-

2115 1766 2332 1821 prarum
2393 1748 2618 1811 imitari,
2677 1747 2812 1801 alias
2850 1754 3061 1799 exserta
3096 1745 3328 1813 turpiter
3364 1758 3428 1797 ex
3467 1756 3563 1796 ore
3597 1741 3702 1794 lin-

2115 1859 2219 1912 gua
2250 1841 2549 1895 lunatirutn
2608 1853 2786 1907 agere,
2810 1837 2943 1890 alias
2981 1835 3214 1904 denique
3253 1837 3429 1887 instar
3472 1833 3703 1899 pastori-

2114 1931 2375 1987 tii'canis
2431 1941 2538 1984 tam
2591 1928 2813 1982 terribili
2853 1927 2904 1980 in
2944 1935 3188 1980 astantes
3241 1925 3440 2001 latratu
3499 1923 3702 1986 furere,

2115 2036 2173 2080 ut
2207 2039 2405 2095 magno
2432 2038 2622 2078 omnes
2656 2021 3061 2088 corriperentur
3113 2027 3284 2083 metu,
3320 2016 3566 2070 videntes
3592 2015 3704 2068 da:-

2113 2133 2330 2172 monem
2358 2132 2454 2186 per
2476 2131 2547 2172 'os
2580 2114 2942 2170 adolescentis
2989 2112 3191 2166 latrare
3223 2130 3236 2166 :
3269 2110 3706 2181 pet-cunctaban-

2115 2221 2201 2265 tur
2240 2219 2422 2264 autem
2453 2225 2517 2262 ex
2565 2206 2894 2278 Epiphanio,
2924 2205 3065 2258 unde
3099 2211 3308 2256 tantum
3373 2201 3561 2254 liceret
3589 2197 3708 2251 dia-

2117 2301 2262 2368 bolo,
2296 2310 2406 2356 tattt
2441 2301 2702 2355 terribilia
2759 2296 3022 2369 patranti.
3062 2293 3274 2360 Quibus
3317 2291 3704 2361 ~l'lpiphanius:

2115 2391 2313 2449 Nescio
2360 2393 2636 2463 equidem,
2695 2390 2892 2444 fratres
2942 2388 3084 2451 mei,
3141 2385 3272 2456 quid
3323 2384 3388 2438 ad
3448 2387 3562 2436 haec
3618 2397 3708 2435 rc-

2116 2487 2301 2556 Spunsi
2324 2485 2443 2540 dem
2472 2501 2486 2549 ;
2514 2484 2619 2538 nisi
2645 2483 2787 2553 quod
2819 2481 3177 2541 exsistimem,
3206 2476 3389 2548 gravis
3420 2475 3704 2543 cujusdam

2117 2577 2344 2634 sceleris
2379 2577 2559 2644 ipsum
2594 2572 2930 2646 conscientia
2963 2570 3158 2632 teneri,
3183 2567 3327 2638 quod
3357 2567 3410 2620 in
3445 2567 3588 2619 hunc
3617 2579 3710 2617 us-

2116 2685 2223 2738 que
2257 2669 2397 2722 diem
2433 2664 2724 2722 identidem
2756 2661 3053 2717 admissum
3107 2673 3208 2714 nec
3258 2657 3570 2713 conﬁtendo
3607 2671 3708 2709 nec

2117 2761 2432 2833 pmnitendo
2497 2757 2727 2823 delevit;
2784 2769 2849 2809 ac
2885 2762 3193 2824 propterea,
3225 2750 3302 2805 uti
3365 2747 3710 2819 itnpmnitcn-

2118 2832 2200 2910 tes
2259 2853 2457 2918 solent,
2489 2850 2542 2905 in
2586 2847 2847 2904 daemonis
2881 2845 3098 2900 transiit
3147 2832 3488 2914 potestatem.
3543 2839 3712 2915 {Eget-

2119 2956 2298 3001 antem
2345 2945 2481 3000 tales
2538 2941 2682 2996 inter
2742 2939 3018 2996 cruciatus
3075 2953 3138 2992 ac
3175 2944 3443 2990 tormenta
3491 2931 3709 2989 vivendi

2121 3039 2282 3094 linem
2321 3037 2473 3093 fecit.

2194 3133 2322 3187 ibi.
2393 3129 2733 3202 Epiphanius
2794 3127 3076 3198 aliquanto
3110 3133 3234 3194 post
3271 3123 3499 3178 obviam
3535 3121 3712 3175 fat-tus

2125 3226 2186 3280 Β.
2235 3224 2488 3289 Δηὼ-σαι,
2524 3221 2768 3278 narravit
2803 3219 2852 3274 ei
2881 3220 3078 3274 seriem
3115 3217 3288 3271 totius
3327 3215 3440 3279 rei,
3483 3213 3713 3282 cupidus

2123 3335 2189 3376 ex
2221 3319 2316 3373 illo
2345 3317 2567 3372 discere
2606 3312 2962 3384 quamobrem
3021 3309 3209 3364 infelix
3254 3309 3356 3362 iste
3398 3305 3716 3360 adolescens

2121 3410 2377 3465 latrando
2435 3407 2487 3461 in
2527 3404 2750 3460 modum
2779 3404 2931 3457 canis
2985 3416 3016 3455 e
3050 3401 3188 3455 vivis
3213 3398 3463 3453 aliiisset.
3495 3394 3594 3449 Cui
3641 3395 3716 3448 ita

2122 3512 2346 3558 sanctus
2381 3517 2396 3555 :
2447 3497 2721 3554 Tuusiste
2745 3495 2969 3556 sodalis,
3015 3493 3264 3547 turnebus
3289 3497 3344 3546 et
3388 3487 3715 3558 injuriarum

2123 3593 2393 3666 impritnis
2426 3607 2632 3647 ntemor
2683 3590 2803 3644 fuit.
2863 3586 2972 3642 Sua
3017 3599 3252 3654 namque
3285 3583 3519 3652 conjuge
3551 3595 3715 3648 repu-

2123 3689 2295 3749 diata,
2333 3701 2458 3741 cum
2495 3684 2751 3739 ancillula
2783 3695 2881 3736 sua
2945 3695 3039 3748 per
3071 3693 3348 3734 summum
3391 3674 3572 3730 scelus
3603 3687 3714 3726 rem

2127 3777 2354 3843 habuit;
2390 3791 2622 3844 cumque
2668 3772 2886 3828 diaconi
2929 3770 3244 3839 fungeretur
3299 3779 3545 3829 munere,
3605 3775 3714 3816 non

2124 3869 2409 3924 exhorruit
2473 3865 2808 3922 tremendam
2842 3861 3242 3918 iuaccessibilis
3277 3857 3500 3913 Deitatis
3525 3863 3719 3925 poten-

2125 3964 2254 4016 tiam
2319 3957 2528 4023 infelix,
2581 3957 2673 4013 sed
2721 3953 2962 4026 peccatis
3025 3953 3224 4022 quibus
3270 3964 3329 4003 se
3397 3949 3714 4002 immersum

2125 4053 2340 4122 penitus
2367 4065 2476 4106 non
2504 4050 2810 4118 ignorabat,
2846 4055 3070 4114 peccata
3112 4045 3313 4098 addere
3343 4059 3449 4096 non
3492 4051 3715 4096 cessans

2125 4157 2289 4217 atque
2342 4143 2626 4199 adulti-riis
2673 4140 2880 4194 crebris
2907 4153 2964 4193 se
3024 4137 3273 4208 polluens
3295 4173 3310 4198 ,
3343 4135 3528 4187 induto
3555 4148 3714 4187 sacro

2126 4239 2293 4311 pallio
2340 4236 2585 4292 divinum
2622 4249 2825 4289 munus
2861 4232 3068 4296 obibat,
3100 4228 3247 4283 nulla
3276 4227 3716 4279 vivificorumat—

2127 4348 2235 4402 que
2289 4328 2680 4385 immortalium
2733 4323 3118 4396 mysteriorum
3201 4329 3503 4373 reterentta
3535 4333 3548 4370 :
3582 4321 3715 4387 quin

2127 4424 2294 4479 etiam
2322 4420 2672 4493 opinabatur,
2709 4417 2847 4473 clam
2885 4415 2991 4469 Deo
3025 4429 3088 4468 ac
3129 4410 3359 4466 Domino
3391 4421 3579 4462 n05ll‘0
3615 4425 3715 4464 sua

2129 4516 2358 4574 crimina
2415 4529 2555 4569 esse.
2618 4511 2884 4565 Sacerdos
2933 4508 3134 4578 quippe
3173 4512 3464 4564 scortator,
3524 4486 3716 4556 etdia-

2136 4624 2310 4663 conus
2370 4606 2581 4661 adulter
2640 4614 2805 4674 atque
2839 4602 3186 4665 fornicarius,
3241 4594 3516 4651 maledicti
3552 4589 3717 4649 erunt

2129 4698 2360 4753 Domino
2393 4699 2499 4752 Deo
2533 4713 2549 4764 ;
2581 4705 2796 4766 oportet
2833 4695 2977 4748 enim
3017 4694 3138 4746 vitae
3172 4691 3445 4760 integrum
3498 4704 3720 4757 purum-

2128 4805 2234 4859 que
2260 4805 2403 4856 esse,
2427 4789 2519 4857 qui
2545 4789 2718 4843 sacris
2739 4786 3005 4840 altaribus
3036 4791 3237 4838 astant.
3289 4780 3439 4836 Nosti
3491 4780 3715 4850 quippe,

2128 4881 2225 4949 iili,
2276 4879 2666 4948 eoinquiuatos
2730 4877 2938 4948 peccati
2965 4875 3223 4930 sordibus
3262 4871 3540 4926 ministros
3566 4869 3714 4936 τιῄίιὶ

2128 4993 2157 5030 a
2216 4973 2347 5038 Deo,
2421 4982 2609 5042 utpote
2661 4971 2969 5042 progeniem
3016 4968 3316 5021 adulteram
3369 4972 3422 5018 et
3461 4961 3719 5031 peccatri-

2128 5086 2245 5125 cem
2303 5068 2430 5124 odio
2478 5066 2697 5137 capitali
2759 5071 3140 5134 prosequente.
3200 5058 3339 5114 Sunt
3370 5066 3574 5118 tamen,
3623 5052 3713 5123 qui

2129 5168 2420 5236 opinantur
2455 5177 2611 5217 sacra
2671 5159 3108 5215 Christianorum
3175 5149 3465 5223 Evangelia
3511 5149 3719 5202 fabula-

2131 5274 2252 5314 rum
2286 5258 2404 5312 loco
2423 5254 2672 5310 habenda
2709 5269 2723 5318 ;
2765 5253 2909 5308 unde
2939 5259 2993 5306 et
3018 5248 3256 5304 morosis
3298 5239 3718 5312 cogitationibus

2132 5349 2347 5413 intenti,
2397 5347 2553 5418 quasi
2583 5349 2942 5402 subterraneo
2969 5341 3201 5398 aedificio
3229 5339 3524 5398 latitarent,
3568 5335 3719 5404 posi-

2132 5452 2186 5496 ta
2249 5443 2575 5498 verecundia
2629 5457 2694 5496 ac
2749 5441 2983 5501 timore,
3035 5434 3196 5505 genio
3246 5447 3345 5484 suo
3401 5429 3716 5497 indulgent;

2135 5532 2305 5604 ignari
2333 5532 2602 5602 profecto,
2627 5538 2865 5602 quantus
2901 5527 2971 5581 sit
3010 5539 3283 5594 quamque
3325 5521 3474 5576 ferus
3508 5531 3560 5576 et
3587 5521 3720 5574 infe-

2134 5641 2251 5683 stus
2304 5628 2514 5691 draco,
2576 5625 2867 5695 princeps.
2918 5613 3179 5688 inquam,
3255 5614 3440 5670 mundi
3514 5614 3734 5684 hujus,

2135 5722 2226 5790 qui
2278 5721 2510 5775 mittitur
2569 5718 2636 5772 ad
2666 5728 3114 5786 unumquemque
3181 5711 3604 5772 moribundum,
3659 5719 3719 5761 ut

2135 5817 2391 5870 discutiat
2415 5813 2599 5881 iniqua
2633 5825 2791 5879 opera
2818 5818 2867 5864 ct
2899 5808 2993 5865 lite
3019 5806 3311 5864 contendat
3355 5821 3478 5862 cunt
3513 5799 3718 5858 sane-lii
