4088 6216
404 315 500 380 Si}!
1585 317 1764 378 VITA
1809 318 1871 379 S.
1917 318 1983 376 Αἳ

2087 318 2248 378 ίῖΕίΕ
2289 317 2484 382 SALL

2375 119 2398 146 θ

3585 320 3700 383 $.02

417 427 563 501 Ἐγὼ
594 430 650 482 δὲ
693 428 853 482 τοῦτο
903 430 1262 501 θεασάμενος,
1311 431 1500 484 τέκνον
1534 449 1659 500 μου,
1713 433 1983 503 ὠδυνήθης

2087 432 2316 505 )ιι›ἰιιὶιιὶ
2338 428 2454 487 ‘tua:
2507 432 2799 488 insatiabili
2829 447 2937 487 non
2961 433 3183 498 suum,
3210 442 3267 489 ut
3316 448 3528 488 sacram
3559 450 3700 504 qun-

413 524 513 592 τὴν
545 519 774 591 καρδίαν
810 538 936 588 μευ,
978 522 1072 573 καὶ
1121 521 1378 574 ὠκείδισα
1411 520 1594 585 αὑτὸν,
1629 521 1758 584 ἴσως
1790 539 2005 591 σωφρο-

400 613 685 685 νισθῇ.οΕί
712 613 768 666 δὲ
801 612 1183 685 δευτερὼσεις,
1216 615 1276 667 ού
1323 613 1638 686 τριτώσεις,
1693 615 1996 677 τουτέστιν,

403 709 768 778 ἐξαιτήσομαι
833 706 1109 777 δρέπανον
1149 707 1291 760 κατὰ
1346 707 1442 760 σοῦ
1472 746 1486 772 ,
1534 708 1631 760 καὶ
1675 705 1880 776 θερίσω
1922 723 2002 763 σε.

414 801 538 869 Ἀφ’
599 795 668 872 ἦς
734 800 844 871 γὰρ
911 801 1158 871 ἀποθάνῃ
1215 801 1242 852 ὁ
1288 799 1601 869 ἄνθρωπος,
1652 799 1836 868 ούκὲτι
1894 798 2030 866 λοι-,

398 896 498 947 πον
553 894 886 963 ἁμαρτάνει,
932 892 1054 946 eius
1106 892 1334 956 δικαίως
1399 893 1676 960 πράττει·
1737 891 1996 958 λυθείσης

393 985 503 1054 γὰρ
535 986 635 1056 τῆς
683 985 863 1055 ψυχῆς
902 984 995 1037 τοῦ
1050 985 1324 1055 σώματος,
1367 986 1462 1038 καὶ
1502 983 1850 1040 κατάπαυσιν
1902 988 1992 1036 δε-

277 1080 286 1086 ’
327 1123 355 1132 -
392 1079 653 1145 ξάμενος.

2111 541 2216 594 quc
2271 525 2404 580 mihi
2444 526 2588 579 diem
2652 534 2853 580 temere
2914 536 2968 579 et
3022 525 3423 580 inconsiderate
3479 527 3700 581 violes?

2109 616 2210 672 Per
2249 633 2514 688 sponsum
2545 613 2726 675 meum
2761 619 3040 674 Christum
3084 620 3178 675 tibi
3209 619 3373 690 juro,
3412 621 3455 674 si
3504 622 3702 676 iterare

2111 708 2164 762 id
2223 722 2396 763 ausus
2455 708 2644 776 fueris,
2688 711 2812 764 faxo
2842 725 2952 766 non
2975 711 3203 780 adjicias
3239 709 3485 765 tertium.
3524 711 3701 779 Atque

2109 800 2227 854 hare
2257 802 2436 855 locuta
2466 801 2732 857 discessit.
2767 803 2880 872 Ego
2909 813 3113 868 autem,
3155 803 3246 874 qui
3285 813 3447 873 gestae
3484 803 3560 856 rei
3616 803 3702 856 in-

2102 902 2362 957 tereram,
2427 893 2496 947 illi
2569 898 2661 959 mi,
2725 905 2942 964 gravem
2997 898 3182 952 animo
3236 899 3482 951 dolorem
3553 896 3695 962 cepi,

2110 998 2284 1053 caque
2315 984 2482 1038 modo
2524 985 2724 1055 ingessi
2766 989 3007 1052 homini,
3042 989 3087 1042 si
3123 987 3263 1043 forte
3329 987 3694 1057 resipisceret.

2093 1074 2250 1141 Quod
2287 1091 2417 1131 vero
2442 1077 2658 1133 diccbat
2700 1096 2713 1134 :
2745 1079 2801 1134 Si
2840 1081 3034 1135 iterare
3056 1080 3107 1135 id
3133 1095 3304 1135 ausus
3333 1080 3526 1144 fueris,
3558 1077 3682 1132 faxo

396 1192 506 1229 non
563 1175 794 1244 adjicias
852 1175 1110 1240 tertium,
1151 1177 1490 1230 tantumdem
1540 1187 1621 1230 est
1664 1191 1729 1230 ac
1763 1175 1820 1230 ‘si
1864 1173 2130 1229 dixisset:
2165 1173 2471 1242 Exposcam
2537 1185 2731 1232 contra
2800 1188 2850 1233 te
2880 1178 3112 1242 falcem,
3180 1177 3560 1246 demetamque
3601 1164 3674 1228 te.

395 1266 753 1336 Posteaquam
810 1268 952 1320 enirn
1016 1269 1181 1321 vitam
1241 1284 1364 1322 cum
1437 1278 1609 1322 morte
1676 1267 2028 1322 commutavit
2091 1269 2277 1336 homo,
2338 1270 2472 1323 nihil

2562 1279 2646 1324 est
2713 1272 2871 1340 quod'
2936 1285 3120 1342 peccet
3162 1273 3439 1340 deinceps,
3467 1274 3540 1325 uti
3574 1285 3677 1325 nec

393 1359 535 1427 quod
594 1362 730 1414 bene
778 1368 1075 1428 operetur:
1114 1368 1300 1428 utpote
1352 1361 1444 1430 qui
1495 1360 1562 1414 ab
1614 1360 1761 1414 omni
1810 1368 1990 1414 cessat
2027 1359 2265 1428 actione,
2308 1363 2471 1416 simul
2518 1371 2682 1433 atque
2718 1365 2897 1417 anima
2940 1367 3187 1436 corporis
3223 1365 3455 1420 vinculis
3496 1364 3679 1421 soluta

393 1456 447 1508 fu
458 1452 574 1504 L‘l‘il.

465 1543 592 1615 ρνδ’.
626 1543 770 1614 Ἔφη
799 1544 934 1614 πρὸς
974 1543 1139 1599 αὐτὸν
1178 1544 1496 1618 Ἐπιεξάνιος
1519 1562 1532 1576 ·
1561 1545 1763 1615 Δέομαί
1792 1561 1909 1609 σου,
1939 1547 1987 1597 εί

395 1632 550 1707 εὗρον
580 1635 745 1704 χάριν
777 1635 1022 1688 ἐναντίον
1055 1653 1170 1699 σου,
1205 1635 1540 1704 ὰξιάγγειλὸν
1570 1653 1659 1706 μοι
1704 1637 1786 1702 τὸ,
1819 1653 1986 1690 ποτα-

2161 1541 2284 1594 ίὲἱί.
2345 1541 2423 1594 Ad
2474 1541 2590 1595 hac
2629 1539 2912 1596 :Obsecro
2937 1551 3020 1607 te,
3073 1541 3252 1613 inquit
3329 1541 3693 1613 Epiphanius.

2082 1634 2343 1696 edissere,
2395 1635 2439 1688 si
2501 1649 2607 1702 qna
2666 1635 2873 1688 valeam
2902 1635 3041 1704 apud
3076 1643 3129 1690 te
3177 1637 3371 1707 gratia,
3402 1629 3579 1704 q'ualis
3612 1643 3683 1694 sit

395 1731 468 1798 πή
502 1731 619 1780 ἐστι
671 1727 818 1798 ψυχὴ
845 1731 940 1780 τοῦ
982 1729 1294 1798 ἀνθρώπου.
1349 1729 1688 1799 Ἐπίσταμαι
1742 1728 1852 1798 γὰρ
1885 1728 1983 1781 αύ-

2090 1727 2326 1781 hominis
2377 1725 2793 1794 anima:cujus
2847 1728 3098 1796 quamvis
3157 1728 3290 1782 mihi
3353 1739 3544 1784 natura
3583 1747 3689 1786 non

397 1822 483 1883 τος
513 1821 689 1888 ἔγωγε
724 1824 921 1891 μικρὸν
951 1821 1020 1874 τὰ
1052 1826 1181 1891 περὶ
1223 1822 1414 1890 αὐτῆς,
1451 1822 1565 1874 ἀλλ’
1599 1823 1660 1874 οὐ
1713 1822 1986 1891 πληροςνο-

399 1911 606 1980 ροῦμαι
636 1911 728 1961 ἐπὶ
765 1913 877 1973 τοῖς
912 1912 1064 1980 ἐμοῖς
1103 1915 1454 1982 στοχασμοίς,
1491 1913 1614 1964 ὅσον
1643 1912 1752 1981 ἔχω
1783 1912 1986 1981 πληρο-

395 2003 708 2074 φορηθῆναι
750 2004 842 2055 ἐπὶ
869 2005 980 2066 τοῖς
1021 2005 1173 2075 παρὰ
1207 2004 1300 2058 σοῦ
1337 2021 1428 2074 μοι
1466 2005 1784 2075 λεγομένοις
1820 2003 1985 2066 θείοις

393 2095 658 2162 ῥήμασιν.
693 2095 858 2161 Λέγει
896 2093 1031 2164 πρὸς
1063 2094 1228 2148 αὑτὸν
1254 2096 1282 2147 ὁ
1324 2096 1593 2166 μακάριος
1621 2112 1636 2126 ο
1669 2096 1872 2147 Τέκνον
1901 2133 1915 2158 ,
1949 2095 1982 2160 ἠ

392 2188 535 2256 ψυχὴ
576 2186 668 2240 τοῦ
709 2187 1005 2256 ἀνθρώπου
1049 2188 1110 2240 τὸ
1163 2190 1272 2241 πᾶν
1306 2189 1489 2260 ἐκείνη
1545 2189 1793 2259 περίεστι
1821 2205 1835 2219 ο
1883 2189 1984 2258 τῆς

393 2279 506 2350 γὰρ
533 2279 735 2349 σαρκὸς
757 2280 964 2349 ταύτης
990 2281 1082 2334 τοῦ
1128 2282 1385 2352 σώματος
1432 2283 1591 2352 ἡμῶν
1621 2281 1716 2334 τοῦ
1750 2281 1980 2352 πηλίνου

390 2371 531 2442 αὕτη
569 2373 739 2436 ἐστὶν,
779 2374 889 2424 εἴτε
920 2373 1055 2442 ζωὴ,
1099 2375 1206 2426 εἴτε
1254 2374 1348 2426 καὶ
1384 2374 1524 2436 θεὸς,
1556 2374 1646 2427 ἵνα
1685 2372 1856 2435 οὕτως
1908 2372 1985 2424 εί-

395 2481 508 2527 πω,
567 2465 661 2516 καὶ
716 2465 844 2517 ἄλλο
888 2481 962 2520 τι.
1015 2467 1203 2539 Ταύτῃ
1245 2468 1351 2536 γὰρ
1405 2465 1662 2518 ἔδωκενὸ
1699 2465 1828 2526 Θεὸς
1882 2465 1981 2535 τὴν

392 2559 628 2628 δύναμιν
664 2555 952 2623 ζωοποιεῖν
982 2560 1116 2618 αὐτὸ
1149 2563 1242 2614 καὶ
1279 2561 1572 2630 κυϐερνᾷν,
1619 2560 1714 2612 καὶ
1755 2559 1982 2614 θάλπειν

389 2653 545 2717 αὐτὸ,
595 2654 685 2704 καὶ
747 2653 1044 2723 ἀναψύχειν
1099 2655 1191 2706 διὰ
1254 2655 1354 2724 τῆς
1399 2655 1649 2725 θέρμης·
1696 2655 1826 2706 ἄνευ
1871 2652 1981 2722 γὰρ

325 2757 338 2763 “
389 2745 594 2814 ταύτης
619 2747 683 2798 τὰ
709 2743 938 2814 σώματα
968 2746 1126 2816 ἡμῶν
1150 2745 1342 2816 πηλὸς,
1378 2746 1465 2798 κακ
1502 2747 1671 2810 κόνις,
1689 2745 1781 2796 καὶ
1803 2744 1980 2813 τέφρα

391 2840 759 2908 καθέστηκεν.

465 3006 594 3078 ρνε’.
639 3003 955 3074 Ἐπιςὰνιος
1002 3005 1156 3068 εἶπεν
1186 3022 1201 3038 ’
1255 3006 1591 3076 Ἐπίσταμαι
1642 3007 1710 3059 τὰ
1751 3005 1978 3059 τοιαῦτα

2092 1821 2315 1874 omnino
2360 1818 2637 1889 incognita
2698 1819 2790 1887 sit,
2846 1828 2927 1873 est
2960 1830 3137 1874 tamen
3169 1835 3267 1874 cur
3299 1823 3432 1876 meis
3459 1822 3574 1892 ipse
3602 1840 3695 1877 co-

2091 1912 2275 1982 gitatis
2307 1923 2472 1980 atque
2497 1911 3034 1966 considerationibus
3078 1912 3256 1966 minus
3318 1915 3689 1983 acquiescam,
3750 1911 3756 1915 “

2090 2003 2472 2058 eertitudinem
2501 2002 2872 2072 acquisiturus
2903 2002 3164 2072 majorem
3197 2005 3240 2058 si
3289 2007 3507 2058 accedat
3553 2021 3690 2073 pon-

2090 2095 2194 2149 dus
2237 2095 2529 2170 verborum
2589 2103 2829 2150 tuorum.
2885 2096 2982 2150 Cui
3050 2097 3130 2151 sic
3189 2097 3434 2152 Andreas
3484 2097 3690 2154 :Talis

2088 2181 2312 2235 omnino
2353 2191 2434 2235 est
2497 2182 2734 2238 hominis
2788 2183 2994 2249 anima,
3048 2186 3241 2254 lili,‘nt
3299 2188 3545 2256 carparis
3589 2204 3691 2242 no-

2091 2275 2190 2328 stri
2239 2275 2478 2328 carnalis
2528 2286 2579 2328 ct
2623 2293 2654 2329 e
2691 2277 2804 2330 luto
2832 2273 3102 2346 coinpacli
3161 2294 3256 2333 seu
3287 2281 3424 2344 vita,
3465 2283 3580 2336 sive
3608 2283 3692 2350 (ut

2089 2367 2160 2420 ita
2214 2366 2427 2437 loquar)
2465 2366 2622 2433 deus,
2656 2384 2752 2422 seu
2783 2369 2928 2422 aliud
2959 2370 3237 2439 quidpiam
3270 2386 3376 2426 non
3414 2374 3688 2438 absimile,

2088 2457 2406 2527 appellanda
2466 2458 2537 2512 sit
2577 2475 2591 2512 :
2623 2459 2699 2512 illi
2761 2470 2908 2514 certe
2943 2462 3103 2515 talem
3139 2462 3280 2517 Deus
3321 2466 3551 2517 contulit
3582 2465 3691 2518 vir-

2089 2558 2282 2614 tutem,
2311 2561 2369 2605 ut
2397 2553 2612 2619 corpori
2642 2554 2806 2606 vitam
2841 2555 3170 2624 suppeditet,
3204 2567 3260 2609 ut
3312 2557 3444 2610 illud
3477 2558 3690 2612 ratione

2086 2645 2376 2713 gubernet,
2447 2645 2628 2699 calore
2682 2656 2741 2699 ut
2795 2647 2994 2715 foveat,
3051 2648 3283 2703 fovendo
3343 2659 3406 2703 ut
3479 2661 3688 2705 recreet

2085 2746 2247 2805 atque
2273 2747 2581 2792 conservet.
2617 2739 2835 2809 Absque
2865 2741 3046 2794 anima
3083 2741 3283 2810 quippe
3310 2741 3466 2805 foret,
3497 2753 3554 2798 ut
3576 2744 3684 2813 iam

2087 2843 2313 2898 corpora
2350 2840 2530 2884 nostra
2553 2832 2606 2884 in
2648 2832 2842 2898 lutum,
2876 2833 2928 2886 in
2968 2833 3202 2901 cineres,
3235 2835 3287 2888 in
3320 2835 3508 2889 sordes
3537 2836 3682 2890 rela-

2088 2923 2366 2976 bcrcnlur.

2162 3011 2282 3064 155.
2316 3011 2619 3068 Rcsumens
2654 3013 2992 3084 Epiphanius
3033 3034 3046 3070 :
3087 3014 3272 3087 Neque
3305 3019 3418 3073 haec
3450 3019 3566 3089 ipsa
3600 3035 3687 3074 me

390 3102 485 3154 καὶ
517 3101 679 3164 αὐτός
705 3118 719 3131 ι
749 3101 864 3153 ἀλλ’
895 3101 1084 3169 ἐρωτῶ
1113 3101 1196 3164 τίς
1227 3103 1260 3172 ἡ
1292 3103 1391 3170 τῆς
1422 3101 1604 3170 ψυχῆς
1641 3101 1802 3153 οὐσία
1831 3139 1844 3163 ,
1872 3117 1975 3152 οπο-

2087 3104 2337 3172 l‘ugiunt,
2396 3105 2618 3174 inquit;
2697 3107 2828 3160 illud
2905 3116 3086 3162 autem
3147 3113 3482 3178 qurercbarn,
3565 3129 3687 3180 qua:

388 3191 536 3260 ταπὴ
589 3191 646 3242 δὲ
695 3192 727 3260 ἡ
763 3182 974 3260 ταύτης
1006 3189 1211 3262 Θεωρία
1260 3191 1370 3243 ἀπὸ
1406 3191 1503 3242 τοῦ
1536 3190 1776 3257 ἐξελθεῖν
1807 3190 1979 3260 αὐτὴν

387 3285 496 3335 ἀπὸ
560 3284 654 3336 τοῦ
695 3283 951 3353 σώματος
999 3281 1274 3354 [ποταπὸν
1318 3300 1378 3335 τε
1433 3283 1495 3335 τὸ
1548 3281 1838 3353 γνώρισμα
1880 3283 1980 3351 τῆς

391 3395 448 3430 τε
499 3379 716 3440 δικαίας
762 3378 862 3447 τῆς
914 3393 973 3429 τε
1033 3373 1364 3446 ἁμαρτω).οὖ
1419 3376 1599 3448 (64)].
1659 3376 1806 3448 Ἔφη
1844 3377 1980 3447 πρὸς

388 3469 550 3522 αὑτὸν
575 3470 602 3520 ὁ
647 3470 918 3539 μακάριος
949 3483 965 3500 ·
1007 3468 1071 3522 Ἦ
1103 3469 1262 3522 οὐσία
1289 3471 1390 3539 τῆς
1414 3468 1596 3538 ψυχῆς
1640 3469 1829 3538 νοερόν
1861 3471 1979 3520 ἐστι

394 3563 638 3631 πνεῦμα,
676 3561 912 3630 ἐλαφρόν
943 3576 1002 3613 τε
1035 3561 1131 3623 καθ.
1176 3557 1494 3628 σοφώτατον
1542 3559 1770 3629 σφόδρα,
1812 3557 1982 3628 γαλη-

390 3658 481 3708 νόν
517 3671 576 3708 τε
605 3657 700 3708 καὶ
733 3654 856 3724 ἡδὺ,
893 3653 1098 3723 ἥσυχον
1131 3655 1227 3706 καὶ
1257 3653 1588 3722 πραότατοι),
1621 3652 1981 3722 τετορνευμέ-

389 3765 479 3800 νον
511 3749 592 3810 είς
627 3747 834 3816 ἀόρατά
866 3762 987 3798 τινι
1021 3745 1178 3814 μέλη,
1213 3745 1354 3814 ὑπὲρ
1383 3745 1642 3814 διήγησιν
1671 3744 1848 3812 ὡραῖα
1885 3743 1979 3824 atat

388 3842 609 3911 ἥδιστα,
639 3838 1009 3908 πανευπρεπῆ
1043 3839 1138 3889 καὶ
1169 3837 1492 3906 καταθύμια
1547 3837 1670 3888 λίαν
1721 3835 1839 3904 Θεῷ
1883 3837 1980 3888 καὶ

389 3936 510 3995 ταῖς
565 3933 809 4004 χορείαις
858 3933 966 3984 τῶν
1017 3931 1190 3998 ἁγίων
1237 3929 1486 3997 ἀγγέλων
1541 3928 1976 3998 χρηματίζοντα.

390 4029 527 4081 Κατ’
558 4027 732 4095 ἀρχὰς
755 4025 810 4076 δὲ
843 4025 1044 4086 πάντες
1072 4023 1350 4094 ἄνθρωποι
1381 4021 1524 4092 ὑπὲρ
1554 4021 1644 4072 τὸν
1667 4019 1818 4088 ἥλιον
1847 4035 1980 4088 τρα-

389 4114 612 4180 νότερον
657 4115 1186 4184 ἁπαστράπτουσιν’
1239 4111 1596 4182 αὐξανόμενοι
1640 4111 1719 4177 δὲ,
1773 4111 1868 4162 καὶ
1909 4112 1977 4181 τῇ

385 4209 580 4278 ἡλικία
610 4207 1025 4278 προϐαίνοντες,
1055 4207 1199 4269 οἵαις
1245 4206 1439 4268 αὐταῖς
1488 4203 1830 4275 χρησόμεθα.
1865 4205 1978 4256 Οὐκ

386 4299 495 4350 εἰσὶ
541 4299 598 4350 δὲ
651 4299 870 4350 πάντων
916 4298 1022 4351 τῶν
1071 4299 1129 4350 ὲν
1183 4297 1355 4367 ἀρετῇ
1405 4296 1668 4367 βιούντων
1705 4297 1760 4348 αί
1810 4296 1978 4366 ςυχαὶ

389 4391 503 4444 ἴσαι
528 4396 592 4461 τῇ
625 4391 977 4462 λαμπρότητι
1013 4406 1025 4422 ’
1069 4390 1207 4444 ἀλλὰ
1259 4389 1444 4452 καθὼς
1474 4390 1704 4452 ἕκαστος
1736 4389 1974 4440 ἔσπευσε

386 4481 705 4554 λαμπρῧναι
758 4483 858 4552 τὴν
914 4479 1113 4534 ἑαυτοῦ
1146 4481 1349 4550 ψυχὴν,
1405 4479 1474 4531 δι’
1522 4479 1751 4546 ἀγώνων
1814 4478 1976 4532 θείων

388 4579 484 4629 καὶ
539 4579 834 4647 ὲναρὲτων.
872 4576 1022 4634 Τέως
1073 4575 1151 4638 δὲ,
1186 4572 1372 4633 καθὼς
1402 4573 1622 4644 εἴρηκα,
1664 4571 1801 4641 πρὸς
1829 4571 1858 4623 ὃ
1893 4587 1976 4633 τις

386 4670 738 4738 ἀγωνίζεται,
802 4669 1157 4739 φ;ιδρύνεται
1188 4683 1202 4698 ·
1247 4667 1343 4720 καὶ
1401 4667 1525 4720 ὅσον
1580 4664 1788 4734 ἐγγίζει
1836 4663 1977 4734 Θεῷ,

385 4763 842 4832 ἀπαστράπτεται
866 4777 879 4789 °
937 4763 1062 4815 ὅσον
1089 4778 1171 4824 τις
1207 4759 1471 4828 ὑπομένει
1503 4758 1712 4827 θλίψεις
1746 4755 1842 4810 καὶ
1883 4759 1988 4807 1:6-

385 4873 511 4917 νους
544 4855 630 4908 διὰ
671 4855 901 4924 Κύριον,
933 4855 1194 4922 ἀνάγεται
1225 4852 1550 4922 πλησιάζειν
1575 4850 1713 4920 Θεῷ,
1743 4849 1978 4918 φωτίζε-

383 4967 498 5015 ται,
542 4949 948 5018 λαμπρύνεται,
1013 4948 1226 5016 γίνεται
1282 4949 1350 5018 τῇ
1408 4945 1626 5017 μεθέξει
1676 4945 1793 5008 θεὸς
1837 4944 1982 4998 κατὰ

385 5047 548 5115 λάριν
573 5043 666 5096 τοῦ
696 5042 854 5111 ἁγίου
886 5043 1230 5112 Πνεύματος.

382 5137 529 5205 quis,
562 5143 711 5190 tanto
740 5135 1052 5190 cumulatur
1087 5134 1315 5202 gaudio;
1339 5140 1604 5201 quantum
1673 5131 1784 5185 Deo
1843 5131 2265 5200 appropinquat,

2087 3195 2434 3264 potissimum
2465 3197 2661 3250 animae
2692 3199 2997 3252 substantia
3033 3201 3144 3266 sit;
3179 3203 3354 3272 qualis
3377 3205 3681 3259 heatilicata

2086 3285 2221 3339 visio
2254 3287 2540 3355 ejus,’cuin
2563 3293 2861 3345 excesserit
2889 3309 2919 3347 e
2957 3306 3221 3362 corpore;
3272 3295 3416 3364 quod
3441 3297 3679 3366 denique

2088 3378 2407 3447 discrimen,
2472 3382 2616 3436 unde
2674 3385 2854 3448 anima
2908 3392 3208 3454 peccatrix,
3256 3391 3562 3456 undejusta
3587 3407 3684 3446 co-

2085 3472 2273 3541 gnosci
2330 3472 2522 3542 possit.
2575 3473 2977 3539 Quaastiouihus
3035 3479 3121 3533 his
3167 3480 3246 3534 sic
3292 3485 3532 3537 Ocrltt't‘il
3572 3486 3684 3538 An-

2081 3561 2242 3618 dreas
2279 3581 2292 3618 :
2321 3564 2634 3620 Sulistautia
2665 3569 2882 3634 animm,
2925 3570 3149 3638 spiritus
3182 3585 3268 3627 est
3313 3576 3678 3640 rationabilis.

2083 3656 2288 3710 moveri
2345 3658 2665 3726 perfacilis,
2714 3662 2981 3731 sapientia
3053 3668 3312 3733 praeditus
3371 3668 3680 3739 singulari.

2083 3752 2264 3818 quiete
2321 3760 2375 3806 et
2429 3753 2818 3822 tranquillitate
2849 3756 3046 3826 gaudet
3078 3797 3092 3822 ,
3139 3758 3371 3813 blandus
3425 3771 3478 3816 et
3537 3763 3684 3816 mitis

2081 3853 2183 3905 est,
2216 3853 2266 3896 et
2303 3843 2567 3899 formatus
2613 3847 2937 3916 quihusdam
2969 3850 3133 3903 veluti
3181 3866 3212 3905 e
3265 3855 3528 3920 partibus,
3581 3856 3684 3908 sub

2083 3944 2359 4001 aspectum
2415 3947 2660 3990 nostrum
2725 3953 2832 3991 non
2885 3941 3226 4005 cadentibus,
3281 3953 3518 4000 attamen
3571 3955 3678 3998 tarn

2083 4025 2343 4094 pulchris,
2387 4013 2666 4095 jucun'dis.
2706 4026 3024 4082 decentibus
3069 4039 3231 4098 atque
3271 4032 3683 4088 delectabilibus

2083 4127 2143 4170 ut
2199 4099 2380 4170 verbis
2422 4116 2694 4186 explicare
2726 4132 2886 4172 neruo
2913 4121 3104 4188 possit,
3139 4121 3474 4189 rapientibus
3517 4126 3678 4178 etiam

2083 4203 2137 4263 in
2200 4209 2616 4262 admirationem
2687 4211 2772 4262 sui
2829 4209 2998 4264 Deum
3075 4213 3251 4280 ipsum
3329 4213 3680 4283 angelusque.

2083 4301 2340 4355 Omnium
2369 4311 2548 4355 autem
2594 4303 2870 4356 hominum
2907 4305 3106 4358 anima:
3147 4305 3415 4374 principio
3465 4306 3682 4375 fulgen-

2083 4393 2248 4446 tiores
2306 4392 2462 4461 longe
2501 4401 2628 4446 sunt
2668 4392 2785 4461 ipso
2815 4393 2969 4460 sole;
3015 4395 3340 4462 procedente
3378 4411 3504 4449 vero
3525 4407 3683 4452 {etate

2011 4466 2052 4521 D
2085 4486 2219 4539 tales
2280 4485 2541 4548 evadunt,
2582 4485 2772 4551 quales
2825 4486 2926 4554 ipsi
2956 4488 3214 4557 Operibus
3259 4489 3458 4542 nostris
3487 4488 3681 4544 feceri-

2090 4591 2233 4632 mus.
2295 4574 2482 4645 Neque
2535 4577 2680 4630 enim
2734 4578 3030 4646 putandum
3058 4587 3158 4641 est,
3212 4578 3456 4632 omnium
3489 4581 3540 4632 in
3570 4581 3705 4632 vir--

2082 4668 2215 4722 tutis
2247 4669 2424 4722 stadio
2455 4668 3101 4722 decurrentiumanimas
3125 4669 3530 4737 pulchritudine
3561 4672 3681 4741 pari

2084 4765 2296 4827 nitere;
2337 4776 2684 4830 nequaquam
2724 4776 2738 4812 :
2772 4761 2864 4814 sed
2885 4763 3294 4832 proutquisque
3328 4763 3526 4817 minori
3560 4779 3681 4818 eam

2085 4851 2347 4921 majorive
2379 4853 2559 4906 studio
2594 4851 2892 4906 excoluerit
2931 4863 2985 4906 et
3013 4856 3314 4907 exercuerit
3345 4855 3398 4908 in
3423 4857 3680 4924 operibus

2084 4946 2403 5007 sanctis,'ita
2437 4953 2491 4999 et
2526 4944 2984 5014 pulchritudinem
3017 4946 3163 5000 illam
3215 4949 3428 5002 auxerit
3459 4949 3674 5000 minue-

2085 5039 2242 5092 ritve.
2286 5036 2560 5104 Quantum
2620 5039 2790 5096 enim.
2823 5047 2880 5091 ut
2914 5040 3074 5093 modo
3103 5041 3236 5108 dixi,
3287 5027 3549 5094 laboravit
3579 5041 3680 5093 ali-

2343 5139 2492 5183 tanto
2549 5129 2794 5199 splendet
2857 5131 3097 5199 lumine;
3155 5143 3361 5202 quanto
3444 5132 3676 5199 denique

381 5232 661 5299 graviores
695 5230 910 5285 labores
950 5244 1014 5284 ac
1047 5229 1422 5282 tribulationes
1451 5238 1675 5298 propter
1719 5229 2012 5282 Dominum
2053 5228 2310 5291 sustinet,
2373 5235 2526 5280 tanto
2567 5229 2791 5298 propius
2824 5243 2853 5282 a
2898 5227 3005 5283 Deo
3054 5229 3232 5291 abest,
3285 5236 3442 5281 tanto
3494 5227 3682 5296 copio-

380 5330 513 5384 siori
549 5328 754 5382 lumine
784 5327 1106 5388 illustratur,
1133 5333 1186 5379 et
1217 5327 1274 5378 lit
1326 5326 1738 5394 participatione
1767 5326 1957 5396 gratiae
1996 5327 2168 5380 sancti
2209 5323 2444 5392 Spiritus
2473 5325 2881 5394 quodammodo
2925 5327 3038 5397 ipse
3086 5328 3240 5380 deus.

456 5429 602 5492 pvg’.
635 5423 850 5491 Ὠσπερ
869 5421 924 5472 δέ
951 5420 1100 5472 ἐστιν
1123 5419 1149 5470 ὁ
1176 5417 1392 5490 σίδηρος
1428 5419 1597 5489 μέλας
1627 5421 1718 5472 καὶ
1747 5417 1978 5488 ψυχρὸς,

383 5514 646 5582 κείμενος
679 5512 735 5564 δὲ
773 5511 923 5563 ἔνδον
949 5509 1043 5562 τοῦ
1088 5510 1260 5579 πυρὸς
1293 5511 1386 5560 καὶ
1419 5508 1689 5579 χρονίζων
1717 5507 1978 5579 λαμπρύ-

382 5619 537 5660 νεται
586 5604 771 5658 πλεῖον
795 5620 808 5634 ⁸
850 5603 994 5657 οὕτω
1026 5603 1120 5656 καὶ
1171 5602 1222 5655 oi
1251 5589 1552 5671 ἄνθρωποί.
1587 5601 1705 5670 Πῦρ
1735 5601 1880 5654 ἐστιν
1923 5602 1982 5653 τὸ

2169 5415 2294 5470 156.
2323 5417 2536 5470 Etenim
2579 5419 2737 5472 sicuti
2772 5417 2995 5482 ferrum,
3041 5418 3253 5486 nigrum
3287 5415 3675 5489 frigidamque,

2091 5509 2135 5564 si
2172 5509 2224 5563 in
2258 5509 2435 5578 ignem
2467 5509 2792 5580 conjiciatur
2824 5520 2875 5565 et
2914 5509 3248 5580 aliquamdiu
3281 5520 3519 5572 maneat,
3558 5527 3674 5564 ma-

2093 5604 2176 5674 gis
2246 5602 2526 5673 magisque
2571 5605 2798 5674 ignescit
2825 5619 2889 5657 ac
2949 5605 3134 5656 rutilat
3171 5622 3184 5658 :
3217 5604 3295 5659 ita
3330 5612 3380 5660 cl
3412 5618 3537 5659 cum
3571 5605 3674 5659 ho-

458 5767 570 5833 (64)
637 5767 738 5824 Ms.
793 5767 970 5823 Vatic.
1037 5767 1257 5838 ποταπὴ
1301 5783 1361 5835 γε
1389 5767 1420 5838 ἡ
1452 5765 1774 5839 apag-.1917;
1803 5768 1893 5820 καὶ
1920 5767 1964 5818 εἰ
2009 5765 2087 5819 ἓν.
2122 5765 2221 5837 τῆς
2256 5765 2474 5829 δεκαίας
2501 5763 2682 5834 ψυχῆς
2713 5760 3030 5834 γν.ῖ›ρισμα.
