4088 6216
361 257 466 320 835

1534 263 1716 327 VITA
1749 269 1817 326 ‘S.
1858 266 2188 330 ΑΝυΙὶΕίΕ
2230 271 2425 330 S.\LI.

3539 276 3651 340 i506

362 375 572 445 Κύριος
623 371 718 443 τὴν
771 371 918 443 ζωὴν
960 371 1144 440 αὐτοῖς
1183 376 1515 452 ὲχαρίσατο’
1551 385 1954 454 προτρέπουσιν

2058 386 2182 440 dem
2214 387 2542 457 principium
2570 397 2636 442 -et
2665 387 2974 444 facultatem
3002 393 3283 460 gradiendi
3323 396 3464 449 nacti
3498 407 3650 455 sunt.

361 465 458 522 οὖν
486 468 634 537 ἡμᾶς
670 463 811 517 ὥστε
868 468 950 530 εἰς
980 464 1225 534 ἐκείνους
1269 471 1575 538 ἁνελλιπῶς
1622 475 1863 544 βαδίζειν
1897 494 1958 529 τε

364 560 461 615 καὶ
489 559 842 630 πορεύεσθαι.
889 560 951 614 Ἢ
989 561 1043 614 δὲ
1069 561 1186 627 ὁδὸς
1215 563 1398 616 αὐτῶν
1435 566 1753 636 καὶίπορεία
1785 568 1960 639 ἀρχὴν

365 653 657 722 κέκτηται,
706 653 802 706 καὶ
833 653 986 716 τέλος
1011 654 1072 707 ού
1108 657 1478 727 παραδέχεται
1511 659 1590 722 είς
1620 658 1711 711 τὸν
1741 660 1914 715 αἰῶνα
1942 676 1958 691 ο

365 744 582 798 ὲεάδσε
617 745 724 814 γὰρ
762 745 791 797 6
826 746 1254 815 πρωτόπλαστος
1280 749 1456 820 ἀρχὴν
1479 749 1589 804 τῶν
1624 751 1840 806 αἰώνων
1864 752 1961 822 τὴν

371 837 487 888 ὁδὸν
524 837 751 901 τούτων,
787 838 882 890 καὶ
911 836 1068 892 οὔπω
1098 838 1692 918 ἠδυνήθη-ὑπεξελθεῖν
1716 845 1868 916 αὐτῷ
1889 844 1958 899 δι’

368 929 516 997 ἡμᾶς
552 946 564 960 ·
614 929 918 1001 ἐπειδήπερ
954 932 1118 1002 ἡμεῖς
1157 935 1415 998 κάκεῖνος
1438 935 1498 990 ἓν
1535 939 1703 1008 ἐσμεν
1733 937 1822 991 διὰ
1859 938 1959 1009 τὴν

369 1022 533 1092 γονὴν
561 1023 654 1074 καὶ
684 1022 744 1076 τὸ
773 1016 912 1094 αἷμα
941 1040 956 1055 ο
991 1025 1094 1089 ἕως
1124 1026 1220 1080 νῦν
1251 1029 1360 1098 γὰρ
1391 1029 1442 1082 οἱ
1476 1029 1616 1083 ἑπτά
1647 1031 1841 1095 αἰῶνες
1863 1030 1957 1084 τοῦ

367 1113 580 1184 κόσμου
621 1114 834 1178 τούτου,
874 1117 922 1169 οί
955 1118 1172 1188 χρόνοις
1199 1121 1588 1192 μετρούμενοι,
1623 1125 1684 1176 ού
1729 1141 1955 1178 συνετευ

295 1261 298 1264 ,
366 1207 639 1275 λέσθησαν
670 1223 684 1237 ·
734 1209 871 1276 μετὰ
917 1209 974 1262 δὲ
1023 1209 1082 1262 τὸ
1122 1212 1396 1282 πλήρωμα
1437 1216 1637 1277 αὐτῶν.
1679 1219 1801 1270 τότε
1835 1219 1960 1288 ἀρεῖ

369 1297 590 1367 πνεῦμα
635 1299 870 1368 φοῦερὺν
905 1301 932 1351 6
979 1299 1112 1364 Θεὸς
1159 1306 1255 1356 ἐπὶ
1303 1306 1487 1360 πᾶσαν
1533 1307 1634 1378 τὴν
1688 1309 1813 1378 γῆν,
1862 1307 1960 1362 καὶ

369 1391 804 1462 συναχθήσονται
853 1393 923 1447 τὰ
965 1394 1102 1448 ὀστᾶ
1159 1397 1270 1450 τῶν
1321 1399 1667 1470 ἀνθρώπων,
1721 1402 1958 1455 ἕκαστον

369 1489 509 1555 πρὸς
563 1485 663 1556 τὴν
725 1487 1000 1558 ἁρμονίαν
1054 1489 1221 1543 αὐτοῦ
1273 1492 1368 1544 καὶ
1426 1495 1820 1564 ἐφαρμώσουσι
1863 1499 1958 1549 καὶ

373 1577 803 1648 κολληθήσονται
835 1595 848 1609 ·
888 1581 984 1635 καὶ
1011 1582 1352 1654 ἀναϐήσεται
1382 1587 1468 1639 ἐπ’
1497 1589 1637 1641 αὐτὰ
1665 1588 1836 1660 νεῦρα
1862 1591 1956 1643 καὶ

374 1670 600 1742 σάρκες,
637 1674 730 1725 καὶ
761 1672 1051 1742 δοθήσεται
1087 1675 1305 1747 ἑκάστῳ
1339 1679 1416 1749 τῷ
1468 1680 1682 1750 σώματι
1736 1684 1769 1752 ἡ
1806 1682 1954 1752 ψυχὴ

2069 479 2302 534 Domino
2364 480 2530 535 vitam
2591 480 2674 534 eis
2723 480 3030 548 tribuente;
3068 484 3359 538 hortantur
3402 502 3529 540 rem
3556 504 3654 543 nos

2065 580 2119 627 et
2177 571 2541 636 excitant,‘ut
2588 586 2684 642 per
2721 573 2811 627 illa
2845 573 3068 630 tendere
3105 592 3170 630 ac
3211 579 3463 646 prOgredi
3513 596 3656 634 nun-

2065 679 2232 742 quam
2282 665 2619 722 desinamus.
2696 664 2792 721 Via
2852 679 3034 722 autem
3065 670 3390 727 saeculorum
3453 673 3652 740 princi-

2063 758 2212 826 pium
2243 758 2460 826 quidem
2499 758 2686 824 habet,
2721 759 2928 814 exitum
2965 777 3069 815 non
3103 763 3351 818 habitura
3400 763 3453 818 in
3493 777 3658 818 aeter-

2063 865 2216 903 num.
2267 850 2430 906 Gradi
2479 855 2646 922 coepit
2692 855 2784 910 illa
2835 856 3161 911 saeculorum
3200 856 3281 910 ria
3325 857 3536 925 primus
3564 873 3658 924 ge-

2063 943 2214 998 neris
2268 943 2493 998 humani
2546 961 2765 1015 parens,
2813 948 2906 1003 sed
2964 949 3228 1003 hactenus
3259 949 3461 1002 exitum
3505 950 3658 1002 inve-

2063 1034 2184 1088 nire
2231 1037 2474 1102 nequivit
2527 1049 2750 1107 propter
2808 1054 2949 1094 nos:
2982 1056 3082 1096 nos
3140 1040 3341 1110 quippe
3366 1055 3492 1094 eum
3537 1039 3656 1107 ipso

2064 1141 2234 1181 unum
2294 1141 2508 1194 sumus,
2562 1139 2780 1199 propter
2819 1133 3230 1200 generationem
3275 1142 3330 1187 et
3362 1132 3656 1201 sanguinis

2061 1219 2536 1289 conjunctionem.
2566 1222 2645 1277 Ad
2684 1223 2788 1278 hoc
2829 1226 2973 1279 enim
3006 1241 3176 1295 usque
3199 1235 3410 1295 tempus
3444 1226 3648 1292 septem

2060 1310 2256 1364 saecula
2292 1313 2482 1366 mundi
2525 1313 2712 1384 hujus,
2754 1330 2874 1383 qua:
2897 1311 2994 1386 per
3026 1332 3202 1378 annos
3245 1326 3652 1380 mensurantur,

2060 1419 2169 1459 non
2229 1408 2592 1462 suntevoluta
2625 1424 2788 1470 :cum
2843 1425 2972 1464 vero
2999 1411 3249 1479 expletus
3299 1426 3485 1465 eorum
3524 1395 3654 1464 eur-

2059 1513 2155 1554 sus
2206 1497 2390 1565 fuerit,
2451 1510 2562 1554 tum
2610 1503 2900 1557 suscitahit
2934 1501 3202 1558 Dominus
3253 1503 3504 1571 spiritum
3539 1501 3652 1558 l'or-

2061 1589 2370 1647 midabilem
2429 1606 2594 1661 super
2643 1593 2954 1648 universam
2996 1605 3222 1659 terram,
3253 1605 3308 1649 et
3357 1610 3654 1664 congrega-

2059 1683 2264 1738 huntur
2320 1697 2449 1737 ossa
2479 1673 2784 1746 hominum,
2817 1685 2872 1738 in
2903 1700 3058 1739 suam
3095 1700 3315 1755 quoque
3364 1685 3548 1739 sedem
3584 1699 3652 1738 ac

371 1763 538 1816 αὑτοῦ
567 1765 847 1837 ἄφθαρτος
869 1767 1209 1822 ἀπολυθεῖσα
1240 1771 1348 1824 τῶν
1382 1773 1618 1842 σκηνῶν,
1641 1775 1726 1842 ἐφ’
1756 1769 1836 1838 οἷς
1861 1775 1954 1827 νῦν

2057 1775 2303 1830 ordinem
2353 1775 2784 1845 coagmentanda
2832 1784 2887 1830 et
2938 1777 3354 1846 conjungenda,
3415 1793 3651 1832 necnon

365 1854 460 1906 καὶ
511 1856 957 1911 ἀποκέκλεισται.
1021 1860 1130 1912 Καὶ
1169 1860 1292 1913 τότε
1353 1861 1609 1918 σαλπίσει
1646 1866 1673 1917 6
1722 1865 1988 1934 ἅγγελος.

365 1949 516 2017 φωνῇ
551 1949 645 2000 καὶ
698 1949 908 2019 τρόμῳ,
970 1951 1080 2004 καὶ
1111 1952 1516 2024 ἀναστήσονται
1561 1957 1614 2010 οἱ
1659 1958 1846 2027 νεκροὶ
1895 1939 1973 2011 ἐν’

366 2041 502 2108 ῥιπῇ
527 2038 832 2109 ὀφθαλμοῦ.
865 2040 976 2094 Καὶ
995 2041 1368 2113 καταϐήσεται
1390 2048 1416 2098 ὁ
1439 2047 1668 2116 Κριτής,
1699 2047 1794 2100 καὶ
1820 2048 1955 2100 άπι-

364 2128 529 2182 δώσει
563 2131 778 2202 ἑκάστῳ
808 2132 952 2186 κατὰ
998 2136 1066 2188 τὰ
1099 2134 1238 2202 ἔργα
1273 2136 1463 2189 αὐτοῦ.
1496 2139 1609 2191 Καὶ
1651 2139 1953 2210 τηνικαῦτα

365 2220 553 2275 λοιπὸν
579 2226 750 2293 ἀρχὴν
773 2225 990 2294 δέχεται
1024 2229 1051 2279 6
1075 2226 1261 2294 δγδοος
1289 2227 1444 2292 αἰὼν,
1470 2231 1566 2282 καὶ
1584 2231 1766 2295 καθώς
1790 2249 1956 2303 φησιν

362 2319 390 2368 6
409 2317 660 2386 Σολομών
685 2333 698 2347 ο
725 2338 742 2370 ι
772 2321 870 2382 Δὸς
896 2320 1089 2390 μερίδα
1106 2324 1212 2384 τοίς
1232 2323 1393 2388 ἑπτὰ,
1416 2325 1507 2376 καί
1529 2341 1592 2392 γε
1610 2327 1720 2388 τοῖς
1735 2327 1902 2381 ὀκτώ.
1929 2345 1948 2378 ι

361 2413 646 2482 Πλήρωμα
665 2412 721 2464 δὲ
753 2407 908 2477 οὗτος
939 2415 967 2467 6
998 2414 1135 2467 αἰὼν
1161 2417 1222 2482 ού
1253 2415 1521 2487 κέκτηται
1553 2433 1568 2448 °
1599 2419 1717 2485 ἄξει
1742 2419 1952 2484 suos;

358 2505 602 2568 δικαίους
636 2507 693 2558 ἐν
732 2507 1055 2579 άσυγκρίτῳ
1083 2509 1418 2582 εὐφροσύνῃ,
1455 2511 1552 2564 καὶ
1585 2511 1804 2565 κολάσει
1831 2514 1950 2584 διη-

360 2597 537 2659 νεκῶς
565 2599 692 2660 τοὺς
751 2593 1112 2668 ἁμαρτωλούς
1147 2614 1162 2630 ⁶
1196 2601 1246 2654 οἱ
1286 2601 1396 2672 γὰρ
1423 2601 1702 2674 ἄνθρωποι
1739 2595 1952 2673 ἇφθαρ·

358 2705 445 2740 τοι
476 2688 574 2742 καὶ
611 2687 869 2741 ἀθάνατοι
903 2690 1117 2744 ἔσονται
1155 2694 1294 2762 μετά
1343 2694 1441 2764 τὴν
1467 2696 1531 2747 ὲκ
1561 2696 1773 2764 νεκρῶν
1817 2698 1950 2750 ἀνά-

364 2797 581 2843 στασιν,
618 2780 878 2849 διηνεκὴς
918 2797 979 2833 τε
1024 2785 1051 2834 6
1101 2782 1456 2851 παράδεισος,
1495 2785 1594 2837 καὶ
1641 2787 1674 2855 ὴ
1723 2786 1948 2848 κόλασις

362 2873 745 2941 ἀτελεύτητος,
784 2875 879 2927 καὶ
908 2877 936 2928 ὁ
964 2875 1100 2928 αἰὼν
1141 2878 1534 2942 ἀσυντέλεστος
1571 2881 1664 2932 καὶ
1706 2880 1950 2948 ἀπέραν-

360 2985 453 3030 τος
475 2984 491 2999 ο
522 2969 656 3021 αἰὼν
691 2968 800 3039 γὰρ
831 2967 1196 3040 ἑρμηνεύεται
1232 2971 1610 3040 ὲκτεινόμενος
1644 2969 1719 3024 ῶν
1757 2971 1842 3025 ἀεὶ
1868 2973 1950 3035 είς

361 3065 462 3124 τὰς
538 3065 882 3132 ἀπεράντους
951 3063 1046 3116 καὶ
1101 3057 1511 3135 ἀπαροδεύτους
1577 3066 1950 3136 κατοικήσεις,

361 3153 541 3223 ἄκραν
574 3155 607 3225 ἦ
646 3156 923 3228 πλήρωμα
959 3154 1035 3227 μὴ
1069 3157 1408 3226 κεκτημένος
1434 3155 1495 3208 τὸ
1529 3155 1770 3212 σύνολον.

363 3259 488 3314 st's,
549 3251 744 3304 inferni

2066 1869 2249 1924 nervis
2280 1869 2650 1938 carnibusque
2678 1869 3018 1938 contegenda
3043 1887 3058 1922 :
3089 1879 3201 1924 tum
3234 1884 3333 1924 sua
3357 1870 3519 1922 etiam
3539 1869 3656 1923 cui-

2063 1972 2172 2029 que
2211 1958 2426 2028 corpori
2455 1962 2774 2013 restituetur
2807 1960 3011 2023 anima,
3040 1959 3475 2028 incorruptibilis
3507 1969 3656 2028 pest-

2064 2065 2230 2119 quam
2280 2065 2508 2105 manens
2551 2054 2731 2107 soluta
2770 2051 2871 2105 fuit
2893 2053 3250 2106 tabernaculo
3273 2067 3400 2116 suo,
3445 2054 3496 2105 in
3537 2067 3650 2121 quo

2065 2158 2210 2197 nunc
2265 2143 2475 2198 inclusa
2520 2144 2811 2199 detinetur.
2845 2143 2982 2198 Tum
3025 2154 3078 2199 et
3122 2146 3348 2215 angelus
3400 2147 3525 2200 tuba
3562 2160 3653 2199 ca-

2064 2244 2154 2290 net
2205 2250 2329 2289 cum
2389 2250 2586 2305 magno
2637 2239 2818 2291 sonitu
2873 2252 2938 2291 ac
2971 2246 3227 2301 tremore,
3261 2245 3652 2305 etresurgent

2056 2326 2120 2385 in
2173 2328 2283 2382 ictu
2340 2329 2482 2381 oculi
2552 2343 2742 2383 omnes
2769 2330 2989 2394 mortui,
3027 2339 3082 2382 et
3106 2329 3402 2383 descendet
3432 2346 3461 2382 e
3511 2330 3651 2382 caelo

2059 2419 2235 2474 Judex
2285 2420 2601 2476 redditurus
2656 2420 2947 2491 unicuique
2970 2423 3275 2477 secundum
3310 2438 3474 2492 opera
3504 2422 3648 2489 ejus.

2017 2528 2020 2529 '
2062 2512 2202 2567 Tum
2253 2528 2382 2566 vero
2445 2513 2661 2567 tandem
2694 2513 2986 2583 aliquando
3007 2514 3189 2569 saeculi
3229 2517 3406 2569 octavi
3447 2514 3651 2583 princi-

2059 2604 2208 2674 pimn
2237 2604 2412 2659 aderit
2439 2621 2454 2670 ;
2481 2607 2943 2675 quemadmodum
2971 2615 3024 2661 et
3054 2605 3312 2662 Salomon
3366 2607 3609 2678 loquitur
3633 2626 3648 2663 :

2065 2713 2084 2747 ι
2124 2695 2199 2751 Da
2224 2709 2442 2767 partem
2464 2710 2701 2767 septem,
2738 2714 2968 2753 necnon
3005 2709 3058 2752 et
3079 2709 3201 2752 octo
3227 2699 3294 2754 ’³.
3329 2718 3346 2751 ι
3381 2697 3498 2754 Hoc
3525 2716 3652 2770 por-

2059 2803 2122 2842 ro
2179 2789 2466 2856 saeculum,
2513 2805 2791 2860 nunquam
2843 2792 3266 2861 complendum,
3318 2791 3653 2862 transigetur

2059 2896 2087 2934 ιι
2137 2881 2301 2950 justis
2341 2882 2395 2936 in
2448 2883 2646 2950 gaudio
2705 2883 3138 2953 incomparabili,
3188 2901 3216 2939 a
3263 2887 3647 2955 peceatorihus

2057 2988 2186 3027 vero
2206 2974 2259 3026 in
2295 2975 2472 3042 pinnis
2495 2974 2948 3030 indesinentihus.
2993 2974 3252 3032 Homines
3277 2981 3496 3048 quippe,
3531 2987 3654 3048 post

2059 3067 2518 3124 resurrectionem
2575 3077 2914 3120 mortuorum
2969 3069 3301 3137 generalem,
3356 3071 3494 3123 mori
3555 3082 3653 3122 aut

1978 3151 2020 3208 C
2053 3157 2328 3228 exsangui
2357 3174 2463 3212 non
2491 3167 2744 3227 poterunt
2771 3175 2784 3212 :
2817 3162 3136 3229 perennabit
3163 3162 3450 3232 paradisus
3480 3163 3648 3215 emle-

835 3260 1104 3306 tormenta
1163 3267 1268 3306 non
1329 3254 1808 3318 terminabuntur,
1859 3253 2121 3308 saxulum
2163 3254 2340 3324 ipsum
2401 3255 2457 3309 in
2520 3269 2736 3309 omnem
2821 3259 3184 3311 aeternitatem
3247 3261 3364 3314 sine
3388 3260 3548 3314 modo
3585 3275 3648 3312 ac

365 3346 471 3398 line
506 3347 830 3399 extendetur
867 3362 880 3401 :
919 3345 1059 3398 αἰὼν
1095 3347 1296 3418 quippe
1327 3361 1420 3402 seu
1447 3349 1726 3412 smculuni,
1759 3346 1962 3403 Graecis
2003 3348 2304 3420 explicetur
2329 3349 2417 3402 ἀεὶ
2471 3347 2546 3402 ὢν
2605 3365 2699 3404 seu
2736 3366 2939 3419 semper
2967 3353 3250 3415 exsistam,
3293 3361 3479 3421 utpote
3507 3351 3651 3421 quod

362 3441 654 3495 terminum
692 3439 884 3501 nescit.
925 3440 1070 3510 quod
1110 3441 1482 3495 indesinenter
1512 3443 1700 3507 currit,
1733 3433 1876 3512 quod
1912 3442 1978 3496 ad
2026 3457 2306 3497 summum
2360 3442 2672 3512 pertingere
2705 3452 2801 3496 aut
2851 3446 3110 3514 compleri
3144 3446 3372 3499 omnino
3429 3445 3645 3516 nequit.

435 3529 569 3602 ρνθ³.
610 3530 931 3599 Ἐπιφάνιος
966 3525 1121 3583 εἶπεν
1147 3549 1160 3563 ·
1199 3533 1358 3584 Ποῖόν
1400 3533 1518 3584 ἐστι
1566 3533 1821 3604 δεύτερον
1851 3534 1947 3605 δηο

363 3626 690 3695 μιούργημα
742 3623 834 3676 τοῦ
882 3623 1062 3690 Θεοῦ;
1123 3623 1181 3676 ὐ
1208 3626 1354 3687 ὅσιος
1407 3626 1604 3692 λέγει’
1647 3629 1708 3680 Oi
1754 3627 1950 3689 αἱῶνε;

364 3719 584 3788 πρῶτον
620 3715 787 3769 αὐτοῦ
817 3717 1028 3786 κτίσμα
1066 3719 1374 3788 πεφήνασιν
1411 3731 1426 3744 ’
1462 3719 1654 3788 ἐπειδὴ
1681 3722 1786 3790 γὰρ
1806 3720 1952 3772 ἀσώ-

361 3812 532 3881 ματός
564 3813 713 3861 ἐστιν
733 3809 760 3860 6
778 3802 1064 3877 Ἲᾋιστος,
1092 3811 1148 3861 ὲν
1169 3809 1410 3879 πρώτοις
1434 3807 1747 3878 ἀσώματον,
1767 3810 1952 3878 νοερόν

358 3920 418 3959 τε
460 3902 554 3955 καὶ
584 3901 752 3954 ᾶῦλον
790 3899 882 3951 τὸν
916 3898 1041 3968 περὶ
1073 3899 1240 3951 αὑτὸν
1272 3897 1690 3970 ἐδημιούργησε
1724 3897 1952 3968 κόσμον.

371 3992 693 4060 Ἐπιφάνιος
721 3983 875 4041 εἶπεν
903 4003 916 4016 ·
955 3990 1021 4042 Ai
1054 3989 1161 4042 τῶν
1190 3989 1460 4060 οὐρανίων
1478 3989 1764 4059 δυνάμεων
1791 4005 1955 4060 στρας

347 4084 552 4154 σηγίαι
582 4085 646 4134 ἐκ
693 4084 823 4152 μιᾶς
864 4081 1230 4152 παρήχθησαν
1266 4083 1346 4142 εἰς
1365 4081 1456 4133 τὸν
1486 4081 1693 4150 κόσμον
1721 4077 1879 4144 εἶναι,
1917 4081 1948 4151 ἢ

356 4175 417 4227 ἓν
467 4174 590 4227 καθ’
643 4173 722 4237 ἓν,
774 4172 847 4235 ὡς
884 4174 916 4243 ἡ
951 4175 1169 4238 κτίσις;
1236 4173 1296 4226 '0
1337 4173 1483 4236 ὅσιος
1526 4168 1680 4225 εἶπεν
1716 4191 1730 4204 ·
1790 4174 1952 4225 Ἡδύ-

360 4285 493 4321 νατο
522 4271 618 4320 καὶ
651 4267 733 4320 ἐνὶ
758 4267 904 4337 λόγῳ
941 4268 1149 4329 πάντας
1179 4268 1307 4330 τοὺς
1335 4267 1448 4320 ἄνω
1467 4266 1756 4342 ¹λεγεῶνας
1783 4284 1954 4339 παρα.

2131 3533 2254 3587 159.
2283 3533 2590 3588 Resumens
2641 3534 2980 3604 Epiphanius
3011 3554 3028 3590 ι
3057 3537 3344 3602 Quodnam
3397 3540 3651 3593 alterum.

2058 3626 2170 3692 ait,
2255 3627 2351 3682 Dei
2413 3627 2593 3696 Opus?
2651 3627 2966 3697 Respondet
3027 3626 3468 3683 AndreaszJam
3539 3631 3652 3685 dix'i

2059 3720 2237 3789 primo
2264 3720 2384 3774 loco
2405 3721 2602 3775 saecula
2632 3719 2893 3788 producta
2927 3735 3084 3787 esse;
3121 3720 3250 3792 quia
3282 3722 3426 3774 enim
3456 3737 3653 3791 corpu-

2061 3813 2139 3866 ris
2176 3825 2371 3880 expers
2408 3819 2492 3866 est
2523 3811 2865 3878 Altissimus,
2907 3812 3053 3867 illam
3098 3814 3150 3866 in
3201 3814 3392 3882 primis
3442 3824 3650 3883 partem

2066 3902 2278 3966 mundi,
2337 3917 2458 3970 qua:
2487 3901 2836 3970 incorporea,
2871 3903 3249 3973 intelligihilis,
3292 3905 3496 3959 nullius
3542 3921 3654 3958 ma-

2060 3995 2208 4048 terim
2237 3993 2568 4048 admistione
2598 4003 2844 4063 gravata,
2891 3994 3103 4063 ipsique
3134 3995 3368 4050 vicinior
3400 4007 3506 4058 est,
3530 4013 3648 4052 uto-

2059 4084 2145 4139 hri
2206 4085 2393 4154 cmpit.
2447 4085 2516 4138 Et
2591 4085 2899 4155 Epiphanio
2960 4094 3257 4154 quaerente,
3315 4087 3654 4141 virtutemne

2060 4177 2362 4233 cmlestium
2405 4179 2693 4233 universus
2733 4178 3026 4244 exercitus,
3089 4181 3292 4246 pariter
3319 4193 3386 4231 an
3409 4181 3650 4244 divisim,

2062 4285 2124 4326 ut
2151 4273 2378 4344 reliquis
2408 4271 2674 4327 creaturis
2703 4270 2934 4336 factum,
2974 4270 3093 4324 alia:
3121 4271 3246 4324 aliis
3273 4273 3650 4335 succedentes,

362 4363 560 4432 στῆσαι
608 4361 687 4432 τῷ
729 4361 952 4433 φοϐερῷ
1007 4361 1183 4432 θρόνῳ
1214 4361 1311 4432 τῆς
1355 4361 1514 4434 δόξης
1548 4361 1643 4413 τοῦ
1677 4360 1812 4414 Ε)εοῦ
1852 4359 1952 4428 τῆς

2062 4365 2115 4419 in
2150 4365 2416 4419 mundum
2455 4363 2802 4418 introductus
2830 4371 3000 4428 esset,
3034 4361 3107 4414 ita
3161 4363 3416 4415 disseruit
3442 4360 3504 4413 Β.
3536 4363 3649 4415 An-

297 4461 300 4466 '
363 4455 633 4509 ἀστέκτου
666 4470 680 4484 ’
727 4455 848 4508 ἀλλ’
893 4453 1083 4524 ὥσπερ
1131 4453 1226 4507 τοῦ
1273 4454 1400 4526 τῇδε
1447 4457 1656 4525 κόσμου
1693 4453 1950 4525 ὁρώμενα

363 4551 606 4617 στοιχεῖα
635 4547 693 4600 ἓν
727 4546 854 4600 καθ’
877 4546 936 4600 ἓν
959 4547 1418 4620 ἐδημιούργησεν,
1445 4549 1588 4601 οὕτω
1613 4551 1704 4602 καὶ
1726 4550 1822 4610 τὰς
1839 4547 1950 4601 ἄνω

363 4639 702 4708 στρατηγίας
736 4637 1286 4709 τελεσιουργηθῆναι.
1317 4641 1748 4712 Δημιουργήσας
1791 4640 1847 4692 δὲ
1891 4638 1951 4691 τὸ

362 4731 722 4801 πολύμορφον
755 4731 977 4802 πνεῦμα
1009 4732 1120 4784 τῶν
1152 4730 1387 4797 αἰώνων,
1417 4733 1513 4786 ἀπ’
1537 4734 1702 4786 αὑτοῦ
1735 4733 1948 4796 ἐλαϐεν,

362 4827 438 4891 ώς
471 4825 582 4879 ἀπὸ
607 4826 710 4894 γῆς
740 4823 802 4877 τὸ
837 4824 1022 4894 σῶμα,
1061 4824 1158 4876 καὶ
1188 4824 1288 4886 τὰς
1319 4825 1626 4894 ἁχράντους
1652 4827 1745 4878 καὶ
1776 4842 1952 4878 πανα-

363 4915 491 4982 γὶας
522 4912 785 4982 δυνάμεις
808 4912 917 4964 τῶν
946 4913 1218 4983 οὐρανίων
1247 4913 1530 4983 δυνάμεων
1560 4916 1958 4986 ἀποκαταστής

366 5024 465 5069 σας
488 5007 946 5077 ἐδημιούργησεν,
977 5008 1034 5059 ὲν
1057 5011 1298 5079 πρώτοις
1329 5011 1396 5061 τὰ
1423 5009 1725 5079 Χερουϐὶμ,
1759 5011 1952 5062 ἔπειτα

362 5099 639 5167 Σεραιρὶμ,
672 5083 792 5151 εἶτα
836 5101 964 5161 τοὺς
1000 5087 1260 5169 Θρόνους,
1301 5102 1401 5164 τὰς
1435 5102 1780 5171 Κυριότητας
1806 5143 1820 5163 ,
1854 5108 1952 5167 τὰς

382 5190 606 5259 Ἀρχὰς,
640 5192 738 5252 τὰς
773 5188 1078 5256 Ἑξουσίας,
1103 5192 1205 5255 τὰς
1243 5192 1534 5263 Δυνάμεις,
1586 5194 1712 5257 τοὺς
1763 5195 1955 5263 ’Λγγέο

365 5283 490 5348 λους
523 5287 616 5336 καὶ
665 5285 1091 5355 Ἀρχαγγέλους.
1117 5285 1239 5337 Τῶν
1255 5287 1368 5340 ἄνω
1401 5289 1645 5360 ἀπείρων
1672 5290 1953 5361 μυριάδων

369 5381 462 5429 καὶ
499 5369 903 5448 χιλιάδωντῶν
937 5379 1208 5448 οὐρανίων
1239 5380 1546 5450 δυνάμεων,
1599 5383 1818 5454 Μιχαὴλ
1860 5384 1954 5436 καὶ

365 5470 634 5540 Γαϐριὴλ,
665 5469 872 5540 Οὑριὴλ
903 5471 998 5524 καὶ
1033 5471 1303 5541 Ῥαςαὴλ,
1330 5477 1423 5526 καὶ⁸
1461 5475 1707 5545 Σαμαῄλ,
1737 5477 1786 5527 οἱ
1811 5492 1954 5546 πρωο

357 5566 612 5625 τεύοντες
649 5565 756 5618 τῶν
779 5565 1089 5636 ἀσωμάτων
1113 5566 1416 5632 δυνάμεων.
1457 5567 1624 5634 Οὗτος
1655 5572 1682 5624 ὀ
1723 5570 1954 5643 Σαμαὴ).

424 5745 470 5774 ³³
500 5743 679 5800 Eet-ie.
719 5762 771 5799 xi
826 5745 881 5801 2.

2053 4456 2216 4512 dreas
2245 4475 2260 4512 :
2293 4457 2478 4511 Potuit
2532 4456 2752 4526 quidem
2801 4453 2945 4509 Deus
2996 4468 3188 4509 omnes
3238 4453 3462 4506 omnino
3490 4467 3653 4523 ange-

2052 4550 2230 4606 lorum
2301 4551 2566 4620 legiones,
2611 4550 2775 4604 verho
2827 4549 2991 4602 unico
3043 4546 3370 4616 productas,
3440 4548 3646 4600 circum

2055 4643 2396 4698 tremendum
2426 4642 2820 4697 inaccessibilis
2845 4641 3031 4711 gloriae
3056 4655 3170 4694 suae
3199 4640 3457 4694 thronum
3482 4642 3652 4695 collo-

2058 4750 2185 4790 care
2218 4735 2422 4789 simul:
2461 4743 2857 4797 verunitameu,
2889 4733 3049 4788 sicuti
3078 4748 3198 4803 qua:
3220 4733 3465 4811 videmus
3486 4751 3648 4789 mun-

2054 4828 2109 4881 di
2167 4826 2330 4898 hujus
2368 4825 2646 4882 inferioris
2679 4826 2948 4880 elementa
3009 4839 3174 4896 atque
3214 4829 3482 4898 principia
3521 4843 3649 4884 suc-

2053 4923 2266 4978 cessire
2314 4922 2535 4975 molitus
2561 4929 2676 4984 est,
2719 4921 2800 4975 sic
2830 4930 2884 4974 et
2920 4920 3212 4990 spirituum
3253 4923 3646 4993 angelicorum,

2055 5013 2149 5081 qui
2176 5011 2347 5066 caelos
2366 5011 2628 5071 incolunt,
2650 5010 2790 5065 alios
2816 5009 2938 5064 aliis
2967 5011 3300 5066 successisse
3357 5012 3645 5065 dicendum

2055 5103 2290 5160 videtur.
2325 5103 2559 5158 Condito
2582 5113 2763 5156 autem
2795 5102 2909 5168 illo,
2933 5119 3093 5174 quem
3137 5104 3379 5159 diximus
3401 5144 3416 5169 ,
3453 5103 3647 5171 Spiritu

2057 5195 2384 5250 multiformi
2437 5195 2786 5258 saeculorum,
2838 5197 3145 5267 desumpsit
3197 5198 3320 5251 inde
3367 5197 3652 5265 (quemad-

2057 5291 2278 5345 modum
2339 5304 2572 5359 corpora
2606 5289 2862 5359 formavit
2894 5303 2925 5344 e
2983 5290 3152 5359 terra)
3179 5304 3288 5359 quo
3321 5293 3649 5358 purissimos

2057 5383 2541 5453 sanctissimosque
2564 5384 2868 5439 emlestium
2908 5384 3170 5437 virtutum
3200 5381 3390 5450 genios
3411 5380 3644 5446 faceret;

2057 5493 2122 5530 ac
2150 5478 2330 5548 primo
2358 5477 2577 5545 quidem
2610 5477 2731 5531 loco
2762 5476 3130 5536 Clierubinos,
3169 5475 3364 5528 deinde
3395 5478 3647 5548 Seraphi-

2059 5586 2179 5635 nos,
2199 5581 2388 5641 postea
2403 5568 2677 5636 Thronos,
2694 5579 2806 5622 tum
2829 5565 3259 5634 Dorninationes,
3277 5565 3645 5639 Principatus,
