4088 6216
416 281 518 343 807

1474 234 1890 341 NlCEPllOIiI
1931 276 2416 338 PRESBYTERI
2454 279 2558 339 (ΣΡ.

3580 276 3687 342 808

417 391 761 450 l‘utestatcs,
831 389 1067 444 Vittntes
1095 432 1108 454 ,
1176 391 1449 460 Angelos,
1497 391 1995 460 At'chaugelosque.

2124 391 2334 461 ιπάρχει
2380 393 2408 444 6
2461 391 2658 455 Σατὰν,
2698 392 2725 443 6
2781 391 2962 461 ῥιφεὶς
3002 393 3064 446 ἐκ
3102 393 3212 445 τῶν
3260 391 3507 465 οὐρανῶν
3534 410 3547 423 ⁸
3592 396 3692 450 οὑκ

417 483 636 536 Illorum
676 499 806 537 vero
832 501 1062 537 numero
1102 482 1437 536 inlinitornm
1467 483 1778 552 spirituum.
1801 485 2007 552 primas

418 583 603 628 tenent
662 575 927 640 Michael,
989 574 1250 637 Gabriel,
1311 573 1497 638 Uriel,
1567 573 1843 642 llaphael,
1907 589 2010 628 nec

423 681 529 717 non
592 666 829 727 Samael,
889 665 983 734 qui
1035 679 1155 717 mox
1199 679 1228 719 e
1259 663 1414 718 ccelis
1465 665 1728 733 dejecttts,
1777 665 2010 718 Satanas

420 759 596 813 factus
665 769 780 823 est;
845 775 953 813 non
1015 758 1142 828 quia
1205 757 1435 810 adorare
1483 758 1752 812 Adatnutn
1810 758 2008 824 renuit,

425 854 503 907 uti
565 851 783 918 quidam
842 852 1168 906 lalzulatores
1217 849 1479 918 suspicati
1552 859 1713 914 sunt,
1780 849 2010 904 necdum

420 946 560 998 enim
609 946 870 1018 formatus
920 954 1036 996 erat
1071 943 1233 996 homo
1270 959 1282 994 :
1317 942 1409 995 sed
1445 942 1587 1008 quod
1649 940 1926 995 induxerit
1955 941 2010 994 in

425 1038 708 1100 animum,
779 1035 1045 1090 enllttCttre
1105 1034 1159 1087 in
1222 1033 1460 1086 nubibus
1513 1034 1768 1096 thronum
1825 1047 2011 1097 suum,

422 1128 766 1194 volueritqtte
797 1125 990 1178 similis
1009 1139 1132 1178 esse
1167 1124 1485 1191 Altissitno,
1515 1124 1742 1194 gloriam
1781 1125 1826 1178 ei
1859 1139 2012 1178 suam

421 1220 707 1284 inridens;
746 1219 872 1273 hinc
910 1219 1046 1270 licus
1081 1217 1256 1281 illutn,
1279 1231 1402 1270 cum
1439 1225 1553 1270 toto
1604 1215 1851 1285 ejusdem
1879 1231 2014 1274 con-

425 1311 529 1364 silii
563 1310 831 1371 exercitu,
861 1325 889 1364 e
927 1323 1145 1362 summo
1175 1308 1227 1360 in
1263 1308 1430 1361 imum
1479 1308 1810 1377 praecipitem
1845 1309 2012 1364 dedit.

421 1403 712 1457 tionstituit
763 1403 925 1469 igitur
987 1400 1128 1454 Detts
1169 1401 1389 1454 ordines
1421 1400 1739 1469 angelorum
1793 1417 2014 1470 perma-

422 1509 555 1560 gnos
579 1531 592 1558 ,
619 1509 852 1560 quorum
885 1493 1126 1546 humano
1171 1492 1518 1560 computandi
1554 1492 1714 1545 modo
1746 1506 2010 1547 numerus

425 1584 655 1638 inveniri
681 1601 785 1639 non
817 1593 993 1652 potest
1023 1623 1038 1649 ,
1086 1584 1545 1653 quemadmodum
1585 1585 1896 1652 unigenitus
1921 1586 2011 1642 Dei

426 1677 598 1731 Filius
626 1677 892 1745 passionis
925 1693 1034 1728 stne
1066 1686 1304 1744 tempore
1329 1669 1391 1725 Β.
1420 1674 1580 1728 Petro
1597 1675 1752 1739 dixit,
1778 1692 1938 1745 posse
1957 1697 2015 1736 se

2112 482 2301 550 ἐπειδὴ
2325 484 2383 536 οὑ
2422 483 2800 552 προσεκύνησε
2828 486 2920 538 τὸν
2963 485 3157 554 ’Λδὰμ,
3189 485 3373 550 καθώς
3411 503 3558 548 τινες
3595 504 3691 556 μο-

2112 573 2462 640 θο).ογοῦντες
2519 576 2884 646 ὑπειλήφασιν
2920 576 3038 645 (καὶ
3083 577 3146 648 δὴ
3177 578 3277 630 οὐκ
3306 572 3375 647 ἦν
3402 577 3694 648 ἄνθρωπος

2112 664 2193 720 ἔτι
2227 667 2530 738 πλασθεὶς),
2566 668 2701 722 ἀλλὰ
2731 671 2814 722 ὅτι
2854 671 3103 740 ἐνενόησε
3137 671 3344 740 στῆσαι·
3370 670 3459 725 τὸν
3505 671 3694 741 θρόνον

2113 761 2172 812 ἐν
2199 760 2476 829 νεφέλαις,
2527 761 2622 816 καὶ
2664 761 2882 815 ἔσεσθαι
2919 762 3106 832 ὅμοιος
3135 764 3212 835 τῷ
3261 764 3521 835 ’Υψίστῳ,
3552 765 3695 820 ὥστε

2113 852 2211 923 τὴν
2240 854 2399 920 δόξαν
2445 855 2651 924 Κυρίου
2681 856 3099 928 περιεφθὸνησε,
3154 858 3249 911 καὶ
3279 857 3368 911 διὰ
3403 859 3561 914 τοῦτο
3595 861 3696 912 αὐ-

2113 943 2206 994 τὸν
2233 943 2364 1005 Θεὸς
2399 947 2845 1014 κατεκρήμνισεν
2867 947 3076 1001 ἄνωθεν
3116 949 3268 1002 κάτω
3315 950 3414 1002 σὺν
3443 952 3592 1022 πάσῃ
3624 955 3690 1022 τῇ

2118 1035 2350 1104 στρατιᾷ
2386 1034 2573 1098 αὑτοῦ,
2611 1035 2734 1104 μεθ’
2776 1030 2850 1088 ὧν
2884 1036 3059 1091 ταῦτα
3087 1037 3466 1093 ἐϐουλεύσατο.
3503 1040 3695 1105 Τάξεις

2116 1122 2208 1179 οὖν
2240 1129 2490 1197 μεγάλας
2519 1132 2547 1183 6
2569 1130 2704 1194 Θεὸς
2736 1131 3102 1201 ὑπεστήσατο,
3143 1134 3328 1204 μέτρῳ
3363 1134 3697 1206 ἀνθρωπίιῳ

2119 1220 2196 1292 μὴ
2227 1222 2666 1293 ἀριθμουμένας,
2697 1226 2879 1290 καθὼς
2911 1221 3068 1280 εἶπεν
3115 1229 3143 1281 6
3191 1229 3487 1300 μονογενὴς
3527 1231 3699 1297 Λόγος

2115 1313 2209 1364 τοῦ
2240 1313 2376 1366 Θεοῦ
2414 1314 2494 1385 τῷ
2527 1316 2787 1386 μακαρίῳ
2818 1317 3010 1388 Πέτρῳ
3053 1321 3110 1371 ἐν
3147 1318 3224 1387 τῷ
3263 1319 3439 1388 καιρῷ
3463 1319 3558 1372 τοῦ
3593 1320 3700 1372 arci-

2123 1407 2253 1468 θους
2284 1405 2473 1472 αὑτοῦ,
2524 1408 2606 1459 ὅτι
2655 1407 2970 1478 Ἦδυνάμην
3017 1409 3236 1473 πλείους
3278 1409 3310 1480 ἢ
3360 1410 3567 1464 δώδεκα
3608 1412 3698 1465 λε-

2117 1499 2328 1565 γεῶνας
2384 1503 2740 1571 παραστῆσαι
2788 1501 3060 1569 ἀγγέλων.
3105 1503 3271 1557 Ὅθεν
3305 1497 3449 1558 οὗτοι
3511 1505 3701 1572 ἐξέπε-

2120 1608 2230 1654 σον,
2259 1591 2467 1644 ὲκεῖθεν
2493 1595 2520 1646 ὀ
2552 1592 2712 1662 χορὸς
2740 1595 2850 1646 τῶν
2883 1593 3208 1664 σωζομένων
3239 1596 3521 1664 ἀνάγεται,
3553 1601 3698 1662 ὅπως

2118 1681 2490 1752 ἀναπληρωθῇ
2545 1682 2607 1734 τὸ
2641 1682 2870 1736 δέκατον
2923 1684 3108 1753 τάγμα
3151 1685 3262 1737 τῶν
3308 1687 3557 1753 ἀγγέλων
3604 1688 3699 1740 τοῦ

423 1771 712 1837 plusquam
767 1767 1051 1822 duodecim
1085 1766 1324 1834 legiones
1372 1767 1687 1834 angelorum
1723 1768 2005 1824 exhibere.

2124 1773 2278 1827 Θεοῦ.
2308 1773 2482 1842 Δῆλον
2520 1771 2613 1829 οῦν
2636 1776 2716 1829 ὅτι
2751 1776 2983 1848 δευτέρᾳ
3023 1779 3169 1849 φορᾷ
3210 1779 3266 1830 ai
3304 1778 3418 1833 ἅνω
3467 1799 3702 1852 στρατη-

422 1861 582 1914 Νιιιιό
606 1876 730 1913 vero
767 1861 908 1912 unde
937 1858 1161 1926 Spiritus
1190 1857 1264 1910 illi
1296 1857 1512 1926 superbi
1539 1858 1880 1926 exciderunt,
1940 1877 2005 1916 eo

2116 1867 2231 1932 γίαι
2263 1865 2828 1936 ἐτελεσιουργήθησαν
2859 1867 2993 1938 (67).

422 1952 688 2013 homines,
742 1951 834 2020 qtti
885 1952 1182 2013 salt-antur,
1245 1953 1518 2005 numerosi
1576 1955 1900 2018 ascendunt.
1945 1969 2003 2013 ttt
2041 1961 2286 2015 decimus
2333 1962 2652 2032 angelorum
2699 1964 2902 2029 chorus
2969 1967 3303 2036 suppleatur.
3358 1967 3700 2024 Manifestum

423 2043 603 2109 itaque
651 2048 756 2104 est,
821 2040 1061 2094 secundo
1116 2043 1236 2094 loco
1294 2043 1585 2111 productos
1637 2060 1756 2100 esse
1779 2048 2006 2118 spiritus
2046 2053 2320 2109 cmlestes.

492 2161 614 2215 160.
667 2161 946 2226 ,Qttterenti
1015 2161 1222 2215 itertttn’
1288 2161 1612 2230 Epiphanio,
1665 2166 1793 2235 quid
1853 2183 2016 2236 porro

425 2254 566 2307 Deus
616 2254 946 2308 cnndidissvt
1004 2254 1121 2307 loco
1178 2255 1335 2307 tertio
1367 2255 1682 2332 gErebum,
1740 2262 2018 2330 respondit.

424 2345 687 2411 Andreas,
745 2353 798 2398 et
857 2344 1047 2408 chaos,
1121 2347 1374 2400 tenebras
1401 2356 1453 2400 et
1487 2363 1704 2418 aquam,
1749 2351 1927 2420 ignem
1967 2368 2021 2412 et

423 2438 698 2500 nebulas,
759 2445 813 2490 et
859 2451 1056 2490 caecam
1112 2436 1411 2490 inferorum
1492 2441 1790 2514 regionem.
1853 2443 2011 2499 Tunc

425 2527 574 2600 'aqua
611 2545 715 2583 non
755 2530 933 2584 stabat
960 2530 1203 2594 imtnola,
1239 2529 1332 2584 sed
1359 2529 1654 2586 ﬂttetuabat
1695 2543 1747 2585 et
1776 2535 2020 2605 agitaba-

425 2633 553 2676 tur:
589 2623 816 2692 Spiritus
847 2622 1042 2691 quippe
1078 2621 1314 2686 Domini,
1345 2633 1403 2676 ut
1437 2623 1679 2693 loquitur
1712 2624 2018 2696 Scriptura,

425 2717 700 2771 ferebatur
730 2729 894 2783 super
921 2729 1111 2784 aquas,
1149 2725 1407 2783 rectoque
1448 2719 1749 2785 procedens
1798 2721 2019 2774 tramite

430 2813 549 2864 illas
615 2810 852 2878 undique
885 2807 1119 2862 fovebat.
1166 2807 1353 2876 Neque
1413 2817 1596 2863 tamen
1645 2821 1802 2877 putes
1836 2811 2017 2876 illmn,

429 2900 490 2953 tle
553 2913 663 2967 quo
696 2899 782 2950 hic
833 2897 1066 2966 agimus,
1099 2896 1358 2965 Spiritum
1412 2897 1581 2954 fuisse
1627 2911 1900 2968 sanctum,
1937 2905 2016 2958 uti

429 2989 789 3060 t'||l0l'l.ltlt(l3m
843 2993 948 3042 fert
1001 2990 1290 3055 sententia,
1353 2989 1448 3044 sed
1481 3000 1532 3044 et
1564 2991 1740 3060 ipsum
1773 3006 2013 3048 creatum

2191 2173 2293 2240 ρξ’.
2343 2173 2662 2243 Ἐπιφάνιος
2697 2171 2854 2228 εἶπεν
2882 2192 2897 2207 ⁸
2934 2175 3131 2246 Τρίτον
3177 2177 3204 2227 ὁ
3245 2176 3378 2240 Θεὸς
3421 2179 3475 2230 τί
3516 2179 3705 2248 ἐποίη-

2124 2283 2257 2332 σενς
2290 2268 2432 2338 Ἔφη
2473 2269 2500 2319 ὁ
2555 2269 2701 2331 ὅσιος
2729 2283 2744 2299 ⁸
2809 2269 3096 2340 Ἐποίησεν
3134 2271 3360 2340 Ἔρεϐος
3402 2272 3495 2324 καὶ
3550 2274 3699 2342 χάος,

2126 2362 2319 2423 σκότος
2355 2363 2450 2413 καὶ
2498 2361 2664 2432 ὕδωρ,
2703 2361 2813 2432 πῦρ
2849 2366 2940 2422 καὶ
2972 2364 3223 2433 ὀμίχλην,
3267 2365 3362 2418 καὶ
3396 2367 3463 2418 τὰ
3485 2367 3705 2438 ἀφεγγῆ

2126 2451 2308 2522 χωρία
2341 2454 2450 2506 τῶν
2477 2455 2872 2524 καταχθονίων.
2907 2455 3041 2507 Τότε
3070 2454 3226 2525 ῦδωρπ
3267 2455 3367 2506 οὐκ
3408 2450 3476 2526 ἦν
3509 2457 3699 2519 ἑστὼς,

2129 2543 2268 2597 ἀλλὰ
2296 2544 2628 2614 κλυζόμενον
2661 2546 2760 2599 καὶ
2796 2546 3118 2616 κινούμενον
3142 2561 3156 2576 ⁸
3186 2546 3402 2616 πνεῦμα
3434 2548 3541 2617 γὰρ
3569 2545 3703 2602 Θεοῦ

2129 2639 2456 2708 ἐπεφέρετο,
2492 2637 2566 2702 ὦς
2595 2656 2760 2709 φησιν
2792 2641 2822 2710 ἡ
2859 2639 3072 2708 Γραφὴ,
3109 2639 3296 2693 ἐπάνω
3338 2639 3430 2694 τοῦ
3487 2639 3701 2704 ὓδατος,

2129 2731 2220 2780 καὶ
2255 2730 2572 2799 εὑθυπόρως
2605 2730 2887 2800 ἐπήγαγεν
2919 2731 3064 2799 αὑτῴ
3100 2730 3355 2795 εὐθέτως,
3388 2731 3480 2784 καὶ
3513 2733 3705 2802 περιέ-

2127 2820 2301 2874 οαλπε
2337 2823 2395 2873 τὶ
2439 2821 2660 2890 πνεῦμα
2704 2820 2885 2873 τοῦτο.
2927 2822 3063 2890 Οὐχὶ
3108 2820 3167 2873 τὸ
3214 2821 3436 2892 Πνεῦμα
3461 2821 3519 2875 τὸ
3546 2822 3704 2891 ἅγιον

2125 2910 2215 2986 ἦν,
2252 2915 2328 2986 μὴ
2359 2915 2596 2984 γένοιτο,
2637 2914 2712 2977 ὣς
2756 2931 2901 2978 τινες
2934 2913 3299 2984 ὑπειλήφασιν
3326 2932 3342 2948 ⁸
3382 2914 3597 2984 πνεῦμα
3643 2916 3703 2968 δὲ

2124 3000 2193 3076 ἦν
2239 3007 2331 3057 καὶ
2366 3005 2498 3056 αὑτὸ
2533 3005 2947 3075 διμιουργηθὲν,
2979 3005 3074 3074 ἀφ’
3123 3000 3184 3059 οὗ
3214 3008 3261 3058 oi
3303 3007 3492 3077 ἄνεμοι
3529 3007 3704 3060 ἐτελε-

433 3084 500 3135 ab
559 3082 746 3136 eodem
813 3081 1043 3146 attilice,
1102 3096 1131 3134 a
1188 3097 1296 3149 quo
1357 3081 1498 3135 renti
1569 3085 1822 3151 producti
1872 3097 2018 3142 sunt.

2131 3096 2562 3167 σιουργήθησαν.
2613 3097 2929 3166 Ἐπιφάνιος
2961 3093 3116 3150 εἶπεν
3143 3113 3157 3126 ⁸
3187 3099 3306 3161 Πῶς
3336 3099 3486 3151 ἐστιν
3529 3101 3555 3152 6
3579 3116 3704 3166 γεν-

429 3173 616 3225 Denuo
675 3170 1032 3240 interroganti
1066 3171 1386 3239 Epiphanio,
1453 3186 1563 3241 quo
1625 3183 1779 3242 pacto
1831 3173 2017 3243 Pater,

431 3267 661 3335 genitor,
709 3275 762 3320 et
817 3265 1022 3330 Filius,
1090 3266 1322 3332 genitus,
1377 3273 1430 3318 et
1478 3266 1714 3332 Spiritus
1795 3278 2018 3323 sanctus

429 3368 574 3413 esset
608 3377 621 3412 :
655 3358 728 3422 ΙιΙ,
755 3358 930 3427 ittqttit
961 3357 1225 3421 Andreas,
1257 3373 1321 3410 ex
1354 3358 1752 3424 compositione
1776 3360 2017 3415 hominis

431 3450 726 3505 bellissime
775 3450 935 3504 datur
981 3449 1228 3516 intelligi.
1287 3448 1438 3501 Mens
1503 3449 1769 3517 siquidem
1828 3460 2018 3506 nostra

431 3546 683 3606 l'at-rcm,
753 3543 892 3595 ratio
959 3539 1192 3603 Filium,
1270 3539 1515 3608 spirandi
1572 3542 2018 3611 'attraltendiqtte

431 3650 609 3688 aerem
633 3633 865 3686 facultas
889 3631 1151 3699 Spiritum
1184 3631 1474 3685 adumbrat
1501 3647 1516 3696 ;
1552 3633 2015 3701 quemadmodum

431 3725 575 3786 enim
640 3739 739 3776 sua
805 3723 1003 3792 cuique
1063 3738 1240 3788 mens,
1293 3724 1460 3777 tuenti
1515 3737 1645 3778 vero
1676 3740 1772 3779 sua
1809 3728 1945 3781 ratio
1967 3739 2020 3782 et

432 3815 796 3888 spiritualitas
817 3814 980 3880 inest,
1000 3814 1071 3867 ita
1088 3830 1253 3867 unum
1278 3829 1398 3868 cum
1423 3828 1653 3886 corpore
1677 3818 2021 3873 constituunt

433 3891 963 3960 ltntttittCttt.'Attittta
1021 3906 1221 3974 quippe
1255 3905 1660 3971 intellectualis,
1711 3910 2018 3974 rationalis,

431 4010 483 4051 et
515 3998 814 4068 spiritualis
829 4007 910 4052 est
938 4015 951 4051 :
982 4008 1033 4052 et
1065 3999 1173 4051 alia
1213 3997 1432 4068 quidem
1471 4000 1690 4065 animze,
1728 4002 1831 4056 alia
1865 4019 2020 4056 tuen-

433 4093 520 4156 tis,
592 4091 695 4144 alia
741 4091 966 4144 rationis
1030 4090 1354 4161 hypostasis,
1429 4092 1505 4145 nti
1557 4101 1736 4160 puto:
1789 4104 1845 4148 at
1891 4111 2021 4150 vero

432 4185 764 4249 substantia,
809 4195 1024 4249 natura,
1079 4184 1340 4252 operaudi
1399 4184 1501 4247 vis,
1537 4193 1700 4254 atque
1743 4187 2020 4252 voluntas,

348 4339 353 4345 _
433 4279 486 4332 iu
530 4279 595 4332 iis
647 4293 752 4330 una
804 4265 1102 4344 eademque
1137 4275 1560 4344 deprehenditur
1602 4287 1752 4332 extra
1802 4294 2020 4348 corpus.

433 4373 610 4440 Atque
662 4372 774 4423 htec
822 4371 936 4439 ipsa
979 4385 1102 4422 eum
1160 4369 1358 4422 divinis
1390 4369 1551 4424 velim
1594 4371 1783 4424 sedulo
1805 4387 2026 4440 compa-

433 4479 546 4524 r-s,
615 4472 935 4531 reperturus
997 4461 1185 4528 utique
1247 4460 1496 4528 Spiritum
1551 4476 1646 4530 pro
1698 4462 1902 4531 Spiritu
1935 4464 2018 4518 Dei

2133 4489 2225 4539 καὶ
2252 4487 2422 4555 Λόγον
2467 4487 2526 4538 τὸ

435 4564 649 4620 sancto,
683 4563 912 4622 mentem
953 4569 1080 4607 vero
1108 4569 1205 4622 pro
1225 4551 1408 4616 Patre,
1443 4554 1708 4610 rationem
1749 4573 1847 4626 pro
1893 4557 2030 4613 Filio

434 4650 552 4717 ejus
579 4648 856 4717 ttnigenito
884 4661 1042 4700 esse:
1076 4661 1170 4715 per
1190 4655 1299 4699 tres
1343 4650 1486 4700 enim
1520 4647 1840 4718 hypostases
1870 4647 2043 4706 hasce“

437 4756 580 4794 unus
639 4749 693 4793 et
745 4741 1094 4810 cognoscitur
1140 4750 1194 4795 et
1258 4740 1612 4809 prredicatur,
1675 4751 1734 4796 ut
1796 4759 1895 4812 par
1924 4753 2027 4810 est,

440 4835 608 4890 Deus.

510 4974 634 5029 liil.
668 4972 835 5028 Dictis
865 4971 1017 5027 hisee
1038 4973 1272 5028 Andrea:
1298 4973 1371 5027 ita
1401 4974 1622 5044 subiicit
1642 4972 1978 5044 Epiphanius
2010 4992 2025 5028 :

438 5069 518 5122 Au
544 5069 728 5138 itaque
760 5066 904 5120 Deus
941 5065 1234 5121 humanam
1270 5067 1433 5122 habet
1461 5067 1734 5122 fortnam?
1761 5066 1861 5122 Cui
1921 5067 2032 5122 Att-

437 5164 599 5217 dreas
632 5179 644 5214 :
674 5157 1054 5230 Nequaquam,
1117 5161 1189 5214 liii
1241 5161 1336 5225 mi,
1370 5178 1475 5216 non
1512 5161 1659 5216 enim
1704 5161 2024 5228 humanam,

441 5270 604 5325 quam
658 5256 778 5319 ais,
829 5255 1096 5324 speciem,
1151 5267 1252 5308 nec
1307 5254 1722 5308 similitudinetu
1767 5263 2030 5310 creatura:

442 5349 687 5421 cujusvis
741 5349 945 5404 habet:
980 5349 1090 5402 into
1152 5363 1328 5416 neque
1385 5347 1518 5400 vidit
1565 5346 1717 5401 illmn
1757 5348 2028 5417 quispiam

513 5549 626 5620 {76)
683 5551 1005 5619 Quanquam
1050 5547 1200 5601 locus
1249 5546 1335 5600 hic
1367 5545 1500 5620 satis
1553 5545 1780 5620 intelligi
1835 5546 2027 5620 possit,

444 5621 578 5674 ltbet
609 5618 790 5672 tamen
823 5618 886 5673 ei
922 5634 1025 5673 ms.
1062 5620 1260 5671 Mazar.
1311 5619 1560 5670 eumdem
1600 5618 1760 5685 paulo
1812 5619 2032 5670 Varian-

443 5704 552 5744 t.-m
607 5690 839 5753 adferre,
894 5699 958 5744 nt.
999 5689 1193 5754 eligas,
1240 5688 1332 5754 qui
1400 5689 1572 5757 magis
1616 5686 1833 5755 placet;
1871 5688 2031 5741 habet

442 5772 620 5817 autem
683 5758 760 5814 sic
787 5776 800 5813 :
829 5757 998 5828 Δῆλον
1053 5761 1146 5813 οὑν
1196 5759 1277 5811 ὅτι
1323 5757 1571 5828 δεύτερον
1612 5757 1823 5825 ποίημα
1856 5758 1910 5810 at!
1937 5759 2030 5813 dw-

2129 3191 2310 3260 νήτωρ
2351 3191 2560 3260 Πατὴρ,
2595 3191 2688 3245 καὶ
2719 3194 2744 3244 ὁ
2776 3191 3062 3260 γεννηθεὶς
3089 3191 3237 3258 Υἱὸς,
3272 3194 3365 3245 καὶ
3393 3193 3452 3245 τὸ
3483 3193 3704 3261 Πνεῦμα

2126 3282 2185 3333 τὸ
2217 3280 2406 3348 ἆγιον;
2463 3283 2520 3334 '0
2552 3283 2696 3346 ὅσιος
2748 3279 2902 3336 εἶπεν
2935 3299 2949 3314 ⁸
2997 3282 3089 3336 Ἐκ
3124 3285 3222 3355 τῆς
3271 3283 3366 3336 τοῦ
3410 3284 3699 3354 ἀνθρώπου

2131 3373 2435 3436 συνθέσεως
2493 3374 2609 3427 ἔστι
2663 3374 2724 3427 τὸ
2776 3379 2884 3428 πᾶν
2915 3376 3284 3429 κατοπτεῦσαι
3316 3392 3330 3406 ⁸
3368 3375 3490 3439 νοῦς
3522 3377 3628 3446 γὰρ
3675 3379 3703 3429 6

2129 3466 2338 3536 Πατὴρ,
2373 3466 2530 3534 λόγος
2565 3468 2592 3519 ὁ
2623 3465 2768 3530 Υἱὸς,
2802 3467 3030 3537 Πνεῦμα
3063 3451 3246 3538 ἐκείνη
3277 3468 3310 3537 ή
3357 3465 3602 3529 εὑπνοια,
3634 3465 3702 3517 δι’

2129 3557 2194 3631 ἧς
2224 3559 2314 3613 τὸν
2358 3560 2554 3631 αἰθέρα
2588 3562 2933 3630 ἀναπνέομεν
2960 3577 2973 3590 ⁸
3007 3560 3258 3631 καθάπερ
3307 3561 3414 3631 γὰρ
3466 3561 3590 3613 νοῦν
3617 3577 3700 3622 τις

2127 3653 2261 3705 ἴδιον
2291 3653 2578 3722 κέκτηται,
2612 3657 2639 3706 6
2668 3653 2723 3706 δὲ
2751 3653 2872 3714 νοῦς
2899 3653 3055 3721 λόγον
3090 3653 3182 3705 καὶ
3219 3651 3454 3722 πνεῦμα,
3491 3668 3704 3703 συστοι-

2128 3745 2285 3815 χοῦσι
2313 3746 2368 3798 δὲ
2407 3747 2485 3810 εἰς
2517 3745 2615 3798 ἕνα
2659 3745 2755 3799 σὺν
2799 3747 2874 3816 τῷ
2919 3745 3134 3815 σώματι
3165 3745 3453 3815 ἄνθρωπον
3484 3761 3499 3776 ⁸
3541 3747 3705 3810 scapi

2129 3839 2240 3908 γὰρ
2269 3841 2301 3908 ἠ
2333 3837 2503 3908 ψυχὴ,
2537 3839 2632 3892 καὶ
2654 3840 2872 3909 λογικὴ,
2924 3841 3020 3891 καὶ
3058 3841 3405 3908 πνευματικὴ
3433 3835 3708 3908 χρηματίά

2133 3931 2215 3994 ζει
2237 3949 2249 3963 ⁸
2285 3931 2419 4002 ἄλλη
2455 3948 2512 3982 τε
2551 3934 2582 4002 ή
2618 3931 2716 4000 τῆς
2739 3931 2914 4001 ψυχῆς
2945 3930 3264 3995 ὑπόστασις,
3293 3929 3427 3999 άλλη
3459 3947 3514 3982 τε
3551 3928 3706 3999 ήτοῦ

2129 4025 2269 4088 νοὸς,
2307 4025 2468 4096 ἑτέρα
2501 4041 2558 4078 τε
2586 4025 2617 4096 ἡ
2645 4023 2738 4077 τοῦ
2771 4025 2950 4091 λόγου,
2977 4023 3050 4086 ὠς
3077 4018 3228 4092 οἶμαι
3258 4041 3271 4055 ⁸
3311 4022 3447 4076 ἀλλὰ
3477 4023 3574 4092 μία
3597 4021 3708 4074 τῶν

2130 4117 2410 4188 ἑκατέρων
2459 4119 2491 4188 ή
2527 4118 2705 4181 οὑσία,
2752 4116 2823 4180 ὡς
2860 4117 3150 4186 πρόδηλον,
3183 4116 3275 4169 καὶ
3310 4115 3408 4186 μία
3448 4117 3481 4184 ἡ
3518 4114 3707 4183 φύσις,

2133 4214 2228 4264 καὶ
2247 4212 2385 4280 αὑτὴ
2410 4213 2503 4264 καὶ
2530 4212 2804 4282 ἐνέργεια,
2825 4212 2919 4263 καὶ
2945 4211 3001 4263 ἓν
3028 4211 3208 4264 αὐτῶν
3235 4211 3294 4263 τὸ
3327 4209 3536 4280 θέλημα
3561 4209 3710 4277 πάρ-

2131 4300 2190 4366 εξ
2219 4302 2311 4354 τοῦ
2342 4303 2751 4373 σώματο;.·Καὶ
2779 4303 2950 4356 ταῦτα
2981 4303 3179 4374 ἐρεύια
3224 4305 3317 4356 καὶ
3349 4301 3416 4354 τὰ
3443 4300 3568 4369 περὶ
3605 4299 3711 4368 τῆς

2130 4394 2416 4463 (θεότητος,
2443 4394 2535 4445 καὶ
2571 4395 2826 4464 εὑρήσεις
2861 4392 3080 4464 Πνεῦμα
3113 4391 3269 4457 Θεοῦ,
3303 4391 3427 4446 νοῦν
3461 4390 3712 4458 Πατέρα,

2531 4505 2558 4539 ν
2600 4487 2868 4556 μονογενῆ
2897 4486 3060 4540 αὑτοῦ
3109 4484 3236 4537 Υίόν
3278 4501 3291 4514 ⁸
3325 4484 3414 4536 διὰ
3451 4484 3556 4553 γὰρ
3597 4481 3714 4534 τῷν

2133 4577 2300 4646 τριῶν
2330 4578 2536 4632 τούτων
2562 4567 2913 4633 ὑποστάσέων
2946 4574 3024 4643 εἷς
3059 4578 3191 4642 Θεὸς
3238 4578 3331 4632 καὶ
3378 4578 3570 4647 ὁρᾶται
3615 4576 3716 4626 καὶ

2134 4670 2474 4740 κηρύσσεται
2509 4672 2855 4741 θεοπρεπῶς.

2210 4955 2344 5026 ρξα’.
2389 4957 2710 5025 Ἐπιφοὶνιος
2740 4953 2892 5010 εἶπεν
2919 4974 2933 4986 ⁸
2978 4954 3126 5029 Ἃρά
3149 4974 3209 5025 γε
3236 4957 3295 5010 τὸ
3326 4957 3480 5010 Θεῖον
3507 4957 3724 5026 ἀνθρω-

2136 5052 2422 5123 πόμορφόν
2451 5056 2598 5106 ἐστιν
2629 5051 2778 5124 (68);
2815 5053 2874 5104 Ὀ
2903 5054 3176 5122 μακάριος
3201 5053 3305 5121 ἔφη
3336 5066 3352 5081 ⁸
3385 5053 3475 5121 Μὴ
3507 5052 3724 5118 γένο.το

2133 5147 2323 5199 τέκνον
2345 5160 2359 5174 ⁸
2381 5146 2442 5199 οὑ
2473 5147 2580 5218 γάρ
2609 5150 2776 5213 ἐστιν,
2797 5145 2871 5208 ὡς
2899 5147 3057 5217 ἔφης,
3082 5146 3571 5218 ἀνθρωπόμορφον,
3592 5145 3721 5196 οὕτε

2131 5241 2311 5310 ὁμοιοῖ
2341 5258 2448 5294 τινι
2487 5241 2751 5311 κτίσματι
2782 5255 2796 5268 ⁸
2833 5241 2952 5294 ἀλλ’
2986 5239 3109 5293 οὕτε
3149 5241 3399 5310 ἑώρακεν
3434 5240 3595 5293 αὐτόν
3633 5253 3722 5299 τις

2132 5335 2206 5397 ὡς
2239 5333 2378 5402 ἔστι,
2403 5335 2490 5388 ἵνα
2521 5335 2619 5405 τὴν
2649 5331 2820 5388 αὑτοῦ
2857 5333 3072 5404 μορφὴν
3095 5333 3443 5403 διηγήσηται.
3489 5330 3721 5400 ὐρᾶται

2134 5541 2368 5613 θρὼπιον
2407 5543 2735 5613 στρατηγίαι
2756 5544 2917 5598 εἰσιν.

2210 5614 2320 5684 (68)
2353 5607 2487 5668 Tota
2509 5607 2875 5684 ιιωρξιιιιεεειίο
2908 5628 3032 5672 cum
3067 5610 3422 5682 responsione
3449 5623 3546 5664 sua
3579 5607 3727 5662 desi-

2133 5682 2354 5741 deratUr
2386 5687 2437 5741 in
2462 5700 2563 5740 tus.
2589 5682 2790 5738 Mazar.

3546 5839 3565 5866 κ
