4088 6216
297 349 304 356 .
364 288 472 355 809

1542 304 1722 370 VITA
1763 309 1825 376 S.
1869 309 2198 374 ANDRE/E
2239 315 2431 378 SALI.

3508 332 3611 396 810

361 401 420 456 δὲ
458 405 592 470 Θεὸς
624 407 884 473 πολλάκις
908 399 1025 474 ’τοῖς
1057 409 1333 477 ἐκλεκτοῖς
1357 413 1545 482 αὑτοῦ,
1584 420 1931 490 σχηματίζων

2043 424 2202 479 sicuti
2245 435 2347 491 est,
2410 436 2467 484 ut
2505 432 2740 501 qualiter
2791 450 2850 490 se
2876 436 3072 491 habeat
3118 440 3237 507 ejus
3263 440 3458 510 forma,
3496 463 3620 507 nar-

359 495 575 561 ἑαυτὸν,
609 499 684 561 ὡς
715 501 746 569 ἡ
776 499 1003 571 δύναμις
1031 503 1258 558 ἀπαιτεί
1288 501 1398 558 τῶν
1439 507 1782 579 βουλομένων
1811 513 1940 568 ίδεῖν

367 589 548 645 αὑτόν.
611 591 930 662 Ἐπιφοὶνιος
988 592 1183 652 εἶπενο
1234 600 1361 664 Πῶς
1411 601 1562 657 ἐστιν
1620 605 1648 658 6
1703 604 1941 677 Χριστὸς

362 681 492 746 Θεὸς
534 684 626 737 καὶ
654 685 969 755 ἄνθρωπος,
999 689 1056 742 ἔν
1083 708 1140 744 τε
1171 691 1390 763 θεότητι
1422 697 1525 749 κᾶν
1555 697 1938 770 ἀνθρωπότητι

363 775 703 844 κεκτημένος
751 777 1086 848 ὑπόστασιν;
1115 777 1195 846 εἷς
1246 784 1302 837 δὲ
1348 785 1512 840 πάλιν
1559 789 1688 853 Υἱὸς
1724 792 1940 855 διπλαῖς

367 866 478 926 ταῖς
529 865 731 934 φύσεσι
780 872 1292 942 προσαγορεύεται;
1341 877 1397 930 '0
1426 878 1614 944 Ὅσιος
1643 881 1746 951 ἔφη
1771 900 1784 914 ο
1818 901 1838 935 ι
1880 885 1939 937 Ὀ

358 956 529 1022 Λόγος
574 956 668 1010 τοῦ
719 957 879 1024 Θεοῦ,
926 961 1110 1025 καθὼς
1141 962 1246 1036 ἔφη
1311 951 1564 1034 Ἰωάννης
1593 972 1620 1023 ό
1652 971 1934 1041 Θεολόγος,

361 1046 494 1116 σὰρξ
531 1050 771 1117 ἐγένετο,
806 1052 899 1106 καὶ
935 1054 1247 1126 ἐσκήνωσεν
1278 1060 1334 1112 ὲν
1363 1058 1548 1130 ήμῖν,›
1574 1062 1674 1116 οὑκ
1715 1065 1940 1118 ἀλλοιω-

356 1135 471 1199 Bal;
519 1137 613 1190 τοῦ
669 1136 808 1193 εἶναι
848 1141 1004 1208 Θεὸς,
1048 1144 1229 1213 ἄπαγε
1266 1164 1279 1177 ·
1315 1147 1432 1201 ἀλλ’
1477 1149 1553 1204 ὢν
1601 1151 1734 1216 Θεὸς
1781 1147 1939 1218 οὗτος

356 1229 528 1297 Λόγος
583 1233 678 1284 καὶ
725 1234 1015 1306 ἄνθρωπος
1051 1239 1108 1291 ὲν
1141 1240 1373 1313 ἀληθεία
1406 1243 1645 1312 ἐγένετο,
1686 1245 1937 1316 βροτείαν

355 1321 496 1390 ἔχων
529 1323 692 1393 φύσιν
735 1327 830 1379 καὶ
862 1327 1102 1399 θέλησιν,
1135 1332 1232 1400 μία
1264 1351 1324 1387 τε
1359 1331 1427 1407 ἦν
1459 1338 1491 1408 ἡ
1523 1338 1630 1392 τῶν
1659 1339 1938 1410 ἑκατέρων

357 1414 682 1481 ὑπόστασις,
712 1418 807 1472 δύο
832 1437 890 1472 τε
933 1423 1134 1485 οὑσίαι,
1167 1422 1226 1478 ἓν
1266 1443 1329 1479 τε
1367 1429 1658 1498 πρόσωπον
1692 1433 1788 1502 τῆς
1821 1431 1940 1486 θεό-

353 1523 516 1576 τητος
547 1525 560 1537 ·
603 1511 792 1582 ἐπειδὴ
837 1515 902 1566 ἐκ
947 1515 1040 1568 τοῦ
1081 1517 1266 1570 θεῖκοῦ
1300 1520 1475 1588 Λόγου
1508 1522 1706 1591 ἐπάγει
1751 1529 1809 1577 τὸ
1837 1527 1938 1596 τῆς

355 1597 781 1671 ἀνθρωπότητος
829 1606 998 1659 αὑτοῦ
1040 1610 1340 1681 σεϐάσμιον
1392 1615 1706 1684 πρόσωπον.
1751 1614 1846 1684 Εἷς
1882 1621 1936 1674 δὲ

355 1685 480 1750 Υἱὸς
537 1691 885 1760 ὀνομάζεται,
943 1697 1130 1752 καθότι
1192 1701 1257 1753 ὲκ
1318 1702 1447 1771 μιᾶς
1495 1705 1846 1770 ὑποστάσεως
1901 1712 1934 1780 ὴ

352 1772 712 1854 ἀνθρωπότης
767 1785 929 1838 αὑτοῦ
1000 1791 1094 1843 καὶ
1153 1793 1184 1860 ἡ
1235 1768 1425 1864 θεόντης
1479 1768 1934 1867 χρηματίζουσι-[ξ
1970 1768 2010 1824 Β

351 1871 626 1945 Καθάπερ
670 1876 935 1942 πολλάκις
963 1881 1057 1934 καὶ
1100 1884 1132 1954 ἡ
1181 1883 1363 1955 ἁπαλὴ
1398 1886 1558 1953 φύσις
1601 1889 1696 1941 τοῦ
1745 1891 1936 1957 ὓδατος

350 1967 633 2034 πεπηγυῖα
676 1966 772 2020 δύο
825 1975 1198 2042 προσηγορέας
1231 1973 1466 2044 [δέχεται
1694 1979 1802 2032 Καὶ
1825 1982 1934 2052 γὰρ

348 2054 440 2106 ὅτε
473 2057 619 2109 ἐστιν
654 2057 798 2128 ὕδωρ
830 2060 1050 2126 ἰδιάζον,
1085 2064 1215 2138 μίαν
1241 2065 1352 2136 ἔχει
1383 2070 1779 2138 προσηγορίαν·
1803 2073 1933 2154 ὅταν

348 2145 406 2198 δὲ
461 2149 540 2211 είς
575 2149 748 2216 πάγος
801 2154 1124 2223 κατενεχθῇ,
1166 2155 1254 2208 ἐπ’
1314 2158 1583 2227 ἀνάγκαις
1628 2162 1725 2216 καὶ
1765 2152 1932 2233 ἄλλην

353 2241 732 2311 προσηγορίαν
783 2243 1194 2314 προσλαμϐάνει
1244 2246 1337 2300 τοῦ
1386 2249 1670 2305 καλεῖσθαι
1731 2253 1924 2321 πάγος.

348 2333 551 2384 Λοιπὸν
587 2335 814 2407 τοιούτῳ
843 2339 1031 2408 τρόπῳ
1063 2340 1158 2391 καὶ
1204 2341 1232 2392 ό
1272 2341 1404 2404 Θεὸς
1441 2344 1615 2410 Λόγος
1641 2361 1654 2375 ο
1698 2344 1804 2409 ἕως
1840 2348 1926 2399 ὅτε

345 2423 448 2474 οὑκ
474 2425 786 2496 ἐσαρκώθη,
826 2429 992 2498 ἤκουε
1023 2429 1154 2492 Θεὸς
1193 2432 1357 2502 μόνον
1390 2450 1405 2465 ο
1441 2435 1579 2504 μετὰ
1606 2437 1663 2489 δὲ
1706 2437 1766 2489 τὸ
1798 2455 1928 2508 σαρ-

351 2515 623 2582 κωθῆναι,
666 2520 759 2570 καὶ
794 2519 925 2583 Θεὸς
979 2523 1007 2574 6
1059 2522 1254 2591 Λόγος,
1310 2527 1402 2578 καὶ
1468 2525 1594 2590 Υἱὸς
1639 2528 1930 2597 ἀνθρώπου

347 2607 752 2676 ὀνομαζόμενος
797 2607 900 2682 [εἷς
959 2613 1086 2676 Υἱὸς
1125 2616 1189 2668 ἐκ
1231 2615 1322 2667 δύο
1351 2617 1567 2686 φύσεων
1597 2618 1709 2690 (Ἱο)

344 2711 452 2751 non
510 2699 644 2765 fuit,
695 2703 899 2756 audivit
965 2705 1306 2761 solummodo
1383 2709 1524 2764 Deus
1583 2727 1597 2764 :

2047 531 2169 570 rare
2198 520 2369 588 possit
2402 539 2415 574 :
2454 525 2543 576 sed
2569 527 2787 594 quando
2809 529 2995 587 electis
3032 534 3148 588 suis
3192 549 3436 606 apparet,
3475 545 3618 612 quod

2044 607 2101 662 ﬁt
2149 611 2497 679 creberrime,
2530 632 2806 689 assumpta
2867 626 3039 680 l'orma
3085 629 3210 696 alia,
3245 645 3622 700 accommodat

2044 713 2165 755 sese
2215 703 2570 762 imbecillitati
2611 710 3032 772 desiderantium
3085 733 3362 790 aspectum
3435 746 3617 789 suum.

2043 789 2330 856 Quomodo
2367 809 2569 868 autem,
2617 804 2914 878 interrogat
2952 789 3312 882 Epiphanius,
3369 821 3620 882 Christus

2043 883 2207 937 simul
2245 885 2383 942 Dens
2414 899 2495 944 est
2524 892 2707 961 homo,
2742 897 2793 950 in
2823 900 3020 957 deitate
3048 922 3174 963 vero
3205 921 3257 964 et
3284 915 3624 976 humanitate

2041 978 2315 1040 quomodo
2344 981 2702 1040 substantiam
2725 991 2936 1048 habet?
2961 996 3248 1062 Quomodo
3275 1005 3457 1064 itidem
3481 1029 3620 1071 unus

2041 1065 2305 1122 duntaxat
2352 1086 2473 1125 cum
2513 1076 2802 1145 sitFilius,
2832 1095 3079 1143 naturam
3132 1092 3331 1153 habere
3351 1100 3617 1170 dUplicem

2041 1160 2339 1216 asscritur‘?
2365 1165 2493 1229 Quae
2522 1170 2592 1222 ita
2621 1173 2780 1227 Solvit
2810 1191 3033 1236 sanctus
3051 1183 3295 1243 Andreas
3325 1209 3338 1245 :
3383 1193 3617 1255 Verbum

2039 1249 2305 1320 divinum,
2354 1259 2428 1311 uti
2458 1260 2697 1331 loquitur
2728 1280 2950 1327 sanctus
2977 1272 3218 1334 Joannes
3273 1281 3616 1358 Theologus,

2043 1343 2397 1424 calefactum
2435 1361 2514 1406 est
2545 1364 2595 1408 et
2639 1356 2902 1417 habitavit
2927 1364 2977 1418 in
3011 1369 3170 1424 nobis
3198 1373 3262 1437 “,
3288 1391 3390 1429 non
3417 1383 3620 1440 amissa

2039 1432 2258 1502 deitate,
2299 1440 2448 1494 nullo
2480 1445 2681 1514 modo;
2710 1449 2804 1504 sed
2835 1452 2924 1508 illa
2959 1466 3163 1516 retenta
3213 1462 3351 1518 idem
3386 1466 3616 1527 Verbum

2041 1542 2164 1582 vere
2192 1529 2354 1585 homo
2396 1533 2596 1590 factum
2626 1550 2729 1606 est,
2762 1547 2978 1601 mortali
3030 1565 3309 1626 assnmpta
3341 1570 3393 1614 et
3424 1575 3616 1622 natura

2039 1625 2092 1671 et
2121 1618 2394 1676 voluntate
2420 1641 2434 1689 ;
2465 1627 2748 1699 utriusque
2766 1645 2944 1691 autem
2972 1655 3078 1696 una
3096 1655 3212 1700 erat
3238 1649 3612 1723 subsistentia,

2039 1710 2356 1768 substantiae
2401 1716 2560 1784 bium,
2609 1738 2713 1776 una
2767 1725 2990 1786 Deitatis
3036 1749 3266 1803 persona
3311 1751 3614 1815 :quoniant

2039 1819 2101 1856 ex
2128 1800 2304 1859 Verbo
2335 1808 2518 1865 divino
2553 1818 2798 1882 provenit
2831 1828 3132 1883 veneranda
3172 1847 3400 1900 persona
3431 1842 3617 1899 huma-

2041 1893 2228 1950 nitatis
2261 1899 2406 1956 illius
2437 1920 2449 1956 :
2482 1917 2826 1976 nuncupatur
2881 1923 3058 1971 autem
3101 1919 3272 1978 Filius
3301 1942 3463 1996 unus,
3496 1951 3618 2000 pro-

2035 1996 2221 2054 pterea
2273 1995 2417 2060 quod
2462 1995 2513 2048 in
2551 2012 2656 2052 una
2689 2001 3036 2062 subsistentia
3069 2010 3384 2073 humanitas
3412 2024 3612 2080 divini-

2035 2091 2226 2152 tasque
2252 2086 2575 2142 consistant.
2611 2088 2700 2145 Sic
2728 2109 2830 2148 non
2859 2112 2985 2154 raro
3007 2099 3170 2159 ﬂuida
3193 2122 3346 2178 aquae
3394 2128 3610 2185 natura,

2034 2171 2083 2225 in
2151 2174 2374 2243 glaciem
2433 2177 2644 2247 durata,
2688 2181 2960 2266 duplicem
3019 2171 3613 2265 accipitnomenelatn:

2037 2281 2185 2333 tam;
2227 2284 2348 2321 nam
2380 2287 2504 2325 eum
2535 2288 2674 2342 aqua
2705 2275 3021 2347 simpliciter
3043 2295 3159 2352 est,
3212 2294 3373 2348 unico
3419 2299 3612 2356 dunta-

2037 2366 2125 2410 xat
2180 2361 2478 2428 appellatur
2531 2368 2782 2434 nomine;
2808 2386 2930 2425 cum
2968 2389 3096 2431 vero
3136 2378 3305 2448 ipsam
3333 2390 3447 2456 gelu
3479 2408 3611 2446 con-

2035 2450 2252 2520 giuciat,
2301 2469 2523 2511 necesse
2574 2464 2797 2517 omnino
2831 2476 2913 2521 est
2955 2479 3008 2524 et
3045 2472 3206 2529 aliam
3237 2481 3477 2546 proferre
3511 2501 3609 2539 no-

2041 2541 2484 2608 menclationem,
2530 2556 2583 2600 et
2639 2551 2866 2619 glaciem
2916 2573 3129 2616 vocare.
3200 2541 3399 2624 Eodem
3451 2576 3612 2642 plane

2040 2630 2201 2685 modo
2225 2648 2281 2687 se
2321 2632 2456 2690 Deus
2485 2635 2718 2695 Verbum
2757 2644 2957 2716 habet;
2999 2655 3236 2722 quandiu
3269 2630 3610 2721 incarnatum

1671 2723 1956 2781 postquam
1999 2734 2126 2775 vero
2175 2723 2517 2783 incarnatmn
2575 2731 2696 2802 fuit,
2751 2745 2806 2793 et
2864 2738 3008 2800 Deus
3081 2745 3310 2807 Verbum
3357 2767 3410 2810 et
3439 2757 3613 2818 Filius

344 2787 581 2844 hominis
642 2794 898 2861 appellari
945 2798 1159 2866 etrapit:
1210 2815 1349 2853 unus
1409 2798 1578 2856 Filius
1623 2818 1685 2857 ex
1745 2803 1958 2864 duabus
2001 2816 2237 2870 naturis.

422 2880 553 2952 ρξε’.
603 2884 914 2954 Ἐπιφάνιος
971 2883 1163 2941 εἶπεν·
1215 2889 1274 2943 '0
1313 2891 1544 2962 οὐρανὸς
1581 2895 1608 2946 6
1653 2893 1928 2966 ἐρώμενος

347 2977 534 3030 ἐπάνω
597 2978 762 3031 αὑτοῦ
798 2979 851 3031 τί
894 2980 1008 3050 ἔχει
1051 2984 1459 3051 ὲπιστεγάζον;
1511 2987 1570 3039 Ὀ
1607 2983 1795 3051 Ὅσιος
1845 2986 1924 3044 εῖ-

346 3081 446 3116 πεν
473 3082 484 3094 ·
524 3067 738 3138 Ὠσπερ
761 3069 1019 3124 ὑποκάτω
1052 3071 1119 3124 τὰ
1158 3075 1294 3144 νέφη
1321 3075 1507 3129 τοῦτον
1542 3077 1926 3146 καλύπτουσιν,

347 3158 488 3184 -E'-..
529 3161 614 3184 --.Α
671 3163 846 3184 1_.!___,
886 3168 941 3184 -ορ
1102 3168 1126 3184 αι
1217 3169 1240 3180 ~
1333 3171 1414 3184 ρει»
1583 3176 1595 3184 .
1689 3177 1698 3184 .

2747 3067 2756 3069 ι
2791 3067 2967 3091 -_----,
2997 3067 3126 3094 ,μω

2034 3105 2142 3159 quo
2171 3111 2404 3165 superne
2436 3105 2682 3170 tegatur?
2730 3107 2794 3163 Et
2818 3125 3042 3170 sanctus
3070 3117 3315 3180 Andreas

345 3158 490 3210 οὕτω
529 3161 619 3212 καὶ
667 3163 853 3216 ἐπάνω
881 3168 945 3236 τῇ
989 3168 1129 3238 φορᾷ
1171 3169 1281 3220 τῶν
1327 3171 1533 3225 ὑδάτων
1579 3176 1923 3242 ὲςτέγασται.

342 3252 510 3320 Λέγει
539 3254 642 3323 γὰρ
669 3257 694 3307 6
726 3257 886 3310 Δαυῒδ
917 3275 928 3286 ’
955 3277 973 3311 ι
1022 3260 1080 3312 '0
1104 3263 1382 3328 στεγάζων
1411 3267 1468 3320 ἐν
1492 3266 1646 3321 ὕδασι
1677 3271 1743 3323 τὰ
1766 3272 1930 3342 ὑπερ-

345 3341 427 3412 ῷα
461 3345 626 3397 αὑτοῦ
678 3347 844 3416 (71).)
889 3350 1205 3418 Ἑπιφάνιος
1236 3351 1427 3408 εἶπεν·
1461 3357 1606 3425 ’Λρα
1648 3362 1802 3413 πόσοι
1843 3364 1930 3414 οὑ-

350 3435 507 3499 ρανοὶ
537 3434 784 3489 δοκοῦσιν
815 3432 957 3493 εἶναι
982 3455 994 3470 ·
1044 3436 1124 3504 εἷς
1161 3443 1300 3496 κατὰ
1350 3445 1442 3499 τὸν
1473 3447 1734 3518 Μωῦσῆν,
1771 3449 1801 3521 ἢ
1833 3453 1926 3503 καὶ

344 3524 541 3590 ἄλλοι;
599 3527 656 3580 Ὀ
710 3529 894 3594 Ὀσιος
949 3526 1140 3585 εἶπεν·
1181 3534 1240 3586 ὐ
1293 3536 1395 3599 μὲν
1434 3540 1673 3610 Μωὺσῆς
1711 3544 1822 3606 τοῖς
1869 3545 1926 3595 ἐν

347 3618 473 3686 σκιᾷ
505 3617 694 3689 καὶτῷ
725 3619 903 3692 λύχνῳ
949 3625 1398 3696 προσηλωμένοις
1440 3629 1718 3695 Ἰουδαίοις
1749 3632 1924 3686 ταῦτα

345 3708 549 3776 ἔλεγεν,
584 3710 666 3764 ὅτι
715 3730 732 3759 σ
772 3715 830 3766 ἐν
866 3715 1008 3785 ἀρχῇ
1052 3717 1309 3788 ἐποίησεν
1333 3715 1382 3771 ’ό
1412 3719 1541 3783 Θεὸς
1582 3722 1672 3774 τὸν
1699 3724 1925 3795 οὐρανὸν

343 3803 670 3873 φαινόμενον
699 3807 794 3858 καὶ
823 3808 919 3878 τὴν
947 3812 1071 3879 γῆν,
1099 3830 1116 3860 ι
1143 3811 1238 3864 ἕνα
1277 3812 1506 3883 οὐρανὸν
1531 3816 1828 3884 σημαίνων.
1864 3817 1922 3871 Ὀ

338 3895 398 3947 δὲ
434 3897 711 3967 μακάριος
746 3899 981 3964 Παῦλος,
1012 3903 1104 3955 καὶ
1153 3905 1312 3968 αὑτὸς
1365 3905 1664 3977 νομοθέτης
1702 3907 1777 3963 ὢν
1826 3911 1925 3980 τῆς

336 3987 464 4050 νέας
497 3991 740 4059 χάριτος,
771 3992 1039 4064 ὲκὲκραγε
1073 3994 1269 4063 λέγων·
1299 3992 1358 4049 Ὀ
1401 3998 1533 4061 Θεὸς
1570 3993 1711 4052 οἶδεν
1740 4001 1923 4071 ἁρπα-

339 4078 506 4146 γέντα
554 4080 645 4132 τὸν
692 4082 938 4136 τοιοῦτον
977 4085 1268 4157 ἄνθρωπον
1308 4087 1408 4152 ἓως
1437 4089 1624 4159 τρίτου
1666 4091 1921 4160 οὐρανοῦ.

350 4174 590 4240 Ἐκεῖνος
634 4178 782 4246 λέγει
822 4180 920 4234 ἕνα
951 4187 1044 4236 τὸν
1069 4185 1297 4254 οὐρανὸν
1336 4187 1428 4239 τὸν
1463 4185 1741 4256 ὁρώμενον
1765 4201 1779 4216 ⁸
1811 4187 1838 4240 6
1867 4186 1923 4239 δὲ

356 4266 680 4334 Ἀπόστολος
715 4273 809 4325 καὶ
842 4274 933 4326 τὸν
963 4274 1242 4346 ὁρώμενον
1275 4279 1368 4330 καὶ
1395 4281 1521 4343 τοὺς
1547 4279 1621 4350 μὴ
1651 4279 1922 4351 βλεπομέ-

341 4374 486 4420 νους.
535 4362 657 4433 Χρὴ
691 4363 782 4416 οῦν
817 4366 1092 4420 πιστεύειν
1123 4367 1202 4438 τῷ
1227 4370 1332 4438 νέῳ
1367 4370 1637 4443 νομοθέτῃ
1667 4387 1680 4401 ·
1723 4373 1788 4425 τὰ
1814 4376 1922 4443 γὰρ

2109 2907 2230 2962 162.
2286 2910 2377 2966 Die
2421 2930 2607 2984 porro,
2666 2920 2741 2976 ait
2776 2925 3132 2997 Epiphanius.
3190 2939 3387 2996 cmlum
3443 2945 3606 3013 istud.

2035 3000 2179 3067 quod
2239 3007 2409 3060 oeulis
2445 3009 2717 3067 intuemur
2747 3021 2967 3091 nostris,
2996 3026 3126 3094 quid
3177 3033 3394 3089 tandem
3446 3038 3607 3094 habet.

3355 3143 3370 3180 :
3410 3129 3608 3196 Quem-

2033 3182 2322 3241 admodum
2373 3203 2578 3260 partem
2631 3201 2753 3254 coeli
2783 3203 3093 3264 inferiorem
3126 3228 3266 3291 saepe
3295 3227 3608 3291 conspectui

2031 3286 2220 3330 nostro
2275 3283 2514 3350 eripiunt
2572 3291 2746 3346 nubes
2770 3335 2786 3360 ,
2823 3295 2894 3351 ita
2958 3311 3012 3355 et
3042 3285 3168 3371 pars
3202 3309 3319 3376 ejus
3361 3318 3612 3382 superior

2031 3369 2196 3423 multa
2235 3389 2500 3444 aquarum
2556 3383 2605 3436 vi
2638 3386 2848 3443 obtecta
2908 3369 3305 3462 esu—testante
3348 3410 3607 3476 propheta

2030 3459 2194 3518 David
2229 3484 2243 3520 :
2286 3486 2303 3518 ι
2338 3468 2440 3535 Qui
2479 3474 2612 3545 tegis
2666 3481 2822 3549 aquis
2851 3459 3127 3554 superiora
3157 3492 3276 3561 ejus
3309 3459 3375 3550 "l.

2028 3554 2262 3624 phanius
2293 3576 2508 3618 rursum
2541 3584 2555 3622 :
2597 3566 2741 3635 Quor
2793 3577 2963 3631 etelos
3013 3595 3134 3636 esse
3163 3593 3340 3656 putas,
3371 3606 3609 3648 unumne

2030 3659 2152 3699 cum
2184 3647 2387 3720 Moyse,
2417 3670 2484 3709 an
2513 3666 2565 3712 et
2594 3661 2774 3729 plures
2795 3665 2817 3717 ἱ)
2840 3667 2920 3722 Ad
2945 3685 3066 3740 qua:
3096 3647 3371 3735 Sanctus:
3397 3682 3608 3754 Moyses

2027 3735 2243 3802 quidem
2275 3740 2499 3813 Judzeis,
2543 3749 2597 3803 in
2631 3752 2951 3821 ignorantia
2999 3765 3228 3836 caligine
3263 3778 3608 3832 versantibus

2030 3828 2420 3901 minimamque
2497 3839 2563 3891 ad
2633 3842 2808 3899 lucem
2898 3857 3345 3932 cmentientihus,
3420 3865 3608 3923 isthacc

2028 3917 2226 3972 cecinit
2259 3940 2272 3974 :
2304 3941 2322 3973 ι
2358 3923 2414 3977 Ιιι
2449 3927 2714 3999 principio
2744 3940 3109 3998 creavitDeus
3160 3951 3358 4005 etelum
3395 3955 3608 4012 visibilc

2027 4015 2082 4060 et
2134 4017 2353 4078 terram,
2398 4032 2417 4066 ι
2452 4018 2648 4073 coelum
2685 4039 2851 4079 unum
2882 4028 3215 4098 signiﬁcans.
3248 4037 3444 4096 Beatus
3478 4061 3607 4101 vero

2026 4097 2248 4168 Paulus,
2312 4107 2403 4174 qui
2461 4115 2514 4162 et
2553 4111 2669 4180 ipse
2699 4114 2754 4169 in
2779 4116 2893 4187 lege
2931 4137 3070 4176 nova
3098 4128 3284 4193 gratiae
3326 4131 3607 4202 legislator

2027 4191 2146 4260 fuit,
2201 4197 2339 4253 elata
2392 4215 2524 4256 voce
2579 4204 2656 4260 ita
2702 4209 3026 4268 exclamavit
3059 4231 3072 4269 :
3106 4215 3249 4273 Deus
3291 4222 3441 4275 novit
3505 4224 3606 4278 ho-

2029 4286 2226 4343 minem
2245 4291 2513 4360 ejusmodi
2534 4311 2744 4366 raptum
2763 4317 2935 4373 usque
2966 4307 3030 4360 ad
3059 4308 3276 4364 tertium
3307 4314 3504 4370 erelum
3533 4315 3601 4372 ".

2028 4377 2119 4430 llle
2165 4380 2231 4435 de
2278 4387 2419 4439 οωιο
2475 4403 2582 4442 uno
2642 4394 2785 4460 quod
2843 4397 3018 4452 oculis
3077 4409 3263 4469 patet,
3322 4404 3602 4474 loquitur;

341 4452 441 4521 τῆς
472 4453 599 4516 νέας
631 4455 853 4526 χάριτος
889 4458 1267 4530 πληροφορίας
1293 4463 1576 4533 ἀνάμεστα
1609 4465 1706 4516 καὶ
1735 4464 1917 4532 πάσης

347 4544 396 4564 1‘.
411 4546 474 4564 ,_A
491 4563 500 4564 κ
518 4545 529 4564 ι
699 4551 708 4562 ι
902 4552 915 4564 ι

2658 4452 2675 4460 -
3077 4452 3220 4469 σμ-ψ-
3249 4452 3263 4468 ν
3322 4452 3554 4473 -νἸ--ςν-
3583 4452 3602 4474 ν

2034 4467 2320 4538 Apostolus
2379 4485 2584 4544 autem,
2629 4492 2681 4534 et
2743 4483 2875 4538 illud
2904 4495 2956 4540 et
2997 4489 3132 4544 alios
3169 4492 3390 4564 insuper
3413 4498 3604 4564 ccelos,

340 4544 598 4612 ἀληθείας
626 4551 718 4600 καὶ
749 4552 1103 4622 σεμνότητος.

345 4635 500 4690 [idem
561 4639 858 4693 habeamus
931 4643 1220 4696 recentiori
1313 4645 1494 4713 potius
1570 4645 1934 4714 legislatori:

341 4729 571 4784 subnixa
597 4732 724 4796 sint,
756 4748 876 4802 qua:
904 4733 1019 4804 lege
1048 4751 1187 4789 nova
1223 4741 1777 4806 comprehenduntur.

409 4822 546 4894 ρξγ’.
613 4826 932 4894 Ἐπιςράνιος
982 4829 1084 4899 ἔφη
1121 4845 1133 4859 ·
1179 4829 1266 4881 Ἐν
1309 4828 1386 4897 τῷ
1442 4829 1656 4900 οὐρανῷ
1698 4831 1806 4882 εἰσι
1853 4832 1921 4884 τὰ

339 4919 500 4986 νοερὰ
527 4915 647 4970 θεῖα
681 4919 1093 4989 στρατεύματα,
1128 4922 1220 4974 καὶ
1249 4922 1439 4975 ἐπάνω
1483 4921 1695 4976 τούτων
1728 4926 1756 4976 ὁ
1787 4923 1919 4988 Θεός

343 5009 488 5066 ἑστιν
519 5029 532 5043 ο
573 5013 831 5080 ὑπεράνω
867 5013 924 5064 δὲ
952 5013 1044 5066 τοῦ
1075 5013 1213 5066 Θεοῦ
1242 5017 1295 5067 τί
1331 5017 1482 5068 ἐστιν
1516 5031 1531 5079 ;
1582 5016 1918 5084 ἀπάγγειλόν

338 5121 451 5175 μοι,
481 5105 809 5176 παρακαλῶ.
849 5107 908 5156 Ὀ
953 5107 1137 5169 Ὀσιος
1175 5106 1359 5174 λέγει·
1411 5108 1504 5161 Μὰ
1552 5107 1641 5160 τὸν
1682 5109 1915 5178 Ἰησοῦν,

350 5194 517 5267 δψηλᾶι
550 5199 646 5250 καὶ
676 5200 853 5268 ἄνομα
889 5179 1069 5266 λὲγεις
1101 5199 1318 5267 ἒρωτιῦν
1348 5199 1359 5250 l
1394 5198 1533 5268 πλὴν
1565 5199 1676 5270 ἐρῶ
1708 5217 1790 5252 σοι
1821 5205 1915 5256 καὶ

403 5380 632 5437 "Joan.
674 5398 730 5450 ι,
782 5384 868 5438 Η.
943 5385 989 5416 ⁸⁵
1019 5383 1163 5439 Psal.
1207 5399 1324 5449 cm,
1369 5387 1422 5442 5.

539 5566 699 5648 add-it
734 5583 837 5648 ms.
871 5565 1049 5648 Yatic.
1151 5567 1553 5648 λογισθήσεται2

400 5635 514 5723 (ἶυ)
550 5637 752 5723 ibidem
777 5639 1024 5723 legitur}.
1052 5635 1458 5723 πλουτοῦσάὼς
1490 5641 1782 5723 ηξνδειξις.

402 5703 518 5778 (7t)
551 5706 803 5761 Pluribus
829 5703 941 5762 liam
975 5709 1177 5764 dictum
1207 5725 1334 5776 ms.,
1364 5715 1456 5770 sed
1485 5703 1768 5772 obscurius
1797 5708 1908 5805 tsi;

661 5801 933 5864 ΡΑτιιοι..
974 5805 1090 5868 Gn.
1129 5805 1291 5870 CXI.

1996 4664 2118 4706 eum
2210 4659 2568 4728 eertitudinc,
2643 4667 2912 4734 Veritate,
2977 4676 3300 4732 auctoritate

1502 5389 1549 5420 ’θ
1588 5390 1632 5444 ll
1661 5392 1792 5446 Cor.
1829 5405 1930 5464 ιιι,
1959 5397 2015 5451 ‘2.

2028 4561 2120 4630 qui
2169 4579 2276 4618 non
2335 4567 2608 4638 videntur,
2656 4576 2851 4629 asserit
2901 4593 3042 4634 esse.
3101 4582 3205 4636 Par
3258 4585 3440 4657 itaque
3485 4597 3602 4656 est,

3408 4680 3604 4752 majori

2095 4831 2215 4887 163.
2277 4835 2375 4889 llic
2435 4837 2771 4910 Epiphanius
2820 4864 2834 4902 :
2881 4847 2936 4904 In
2983 4852 3143 4920 caelo,
3207 4857 3418 4929 inquit,
3473 4869 3604 4919 sint

2027 4925 2427 4984 rationabilium
2460 4934 2754 5001 spirituum
2782 4943 3076 5012 exercitus,
3107 4963 3245 5017 quos
3273 4969 3437 5024 super
3459 4955 3594 5014 υτον

2022 5018 2139 5086 ipse
2195 5009 2398 5078 eminet
2434 5042 2448 5078 :
2482 5026 2533 5078 id
2579 5029 2755 5098 capio.
2818 5031 3014 5089 Verum
3060 5009 3234 5110 supra
3281 5009 3584 5118 Deum

2023 5113 2238 5169 tandem
2300 5120 2711 5190 repet-ituriid,
2763 5129 2959 5184 amabo
2985 5138 3238 5198 te,-nunc
3263 5113 3503 5194 declara:
3536 5141 3585 5199 Et

2020 5208 2264 5266 Andreas
2295 5229 2309 5266 :
2338 5210 2440 5268 Per
2505 5213 2716 5286 Jesum,
2764 5221 2861 5288 ait,
2897 5225 3162 5285 sublimes
3197 5238 3254 5286 tu
3296 5232 3512 5302 quidem
3546 5249 3602 5294 et

2018 5554 2147 5666 Tib?
2190 5579 2286 5666 τοῦ
2325 5581 2464 5670 θεοῦ
2497 5585 2601 5670 ,διὰ
2642 5590 2708 5644 τὸ.
2749 5592 3038 5660 μοναδικὸν
3087 5596 3206 5659 ταῖς
3274 5596 3596 5670 ἐπαλλήλοις

2021 5649 2231 5715 οὐσίαις
2267 5649 2325 5705 ἓν
2347 5654 2732 5714 ἐνυπόστατον.

3130 5825 3210 5896 26
