4088 6216
507 262 647 327 811'

1578 262 1997 323 NICEPHORI
2039 264 2512 327 PRESBYTER!
2553 267 2660 329 ΟΡ.

3658 268 3763 329 8ἰὲ

499 386 840 446 portentosas
869 380 1024 447 ponis
1049 378 1376 448 qumstioues
1409 380 1419 431 ί
1455 376 1841 431 Verumtamen
1889 388 1940 430 ct
1973 378 2057 432 illa

2198 380 2349 433 αὑτό.
2390 380 2604 433 Ἐπάνω
2632 382 2848 433 πάντων
2882 379 2988 429 τῶν
3019 378 3218 447 νοερῶν
3246 378 3525 444 δυνάμεὼι
3555 381 3706 431 ἐστιν
3742 385 3761 431 ὁ

500 470 597 523 tibi
639 470 938 539 explicatas
968 470 1127 524 dabo.
1164 470 1476 523 Sublimiori
1529 469 1744 522 cunctis
1792 470 2083 523 virtutibus

499 562 855 631 intelligentia
913 562 1155 632 prmditis
1202 561 1324 615 loco
1376 562 1575 613 residet
1627 560 1788 625 Deus,
1827 562 1980 631 cujus
2017 564 2081 617 ad

501 654 782 707 dexteram
807 653 1058 708 Christas
1080 653 1340 706 Dominus
1373 651 1743 705 admirabilem
1802 653 2082 720 thronum,

497 745 669 797 instar
697 744 927 814 fulguris
959 744 1292 815 rutilantem,
1320 751 1553 814 occupat
1587 762 1600 797 :
1632 761 1695 797 ex
1740 745 1857 814 ipso
1895 752 2076 799 autem

496 850 605 892 tam
655 839 1001 891 vehementes
1054 836 1355 907 procedunt
1382 837 1604 891 luminis
1654 838 1789 892 radii
1838 846 1896 891 ut
1923 837 2086 892 caele-

495 941 609 984 stes
636 930 925 998 Spirituutu
962 929 1183 984 ordines
1210 929 1667 999 perstringantur.
1699 928 1873 998 Supra
1907 927 2076 983 Deum

493 1008 747 1092 copiosus
807 1037 921 1087 aer,
951 1022 1211 1075 electrum
1242 1022 1422 1089 specie
1464 1037 1585 1087 sua,
1620 1022 1857 1075 candore
1889 1021 2069 1076 nivem

496 1117 765 1177 referens,
818 1114 871 1167 in
895 1113 1127 1169 sublime
1154 1113 1497 1172 extenditur;
1527 1114 1619 1168 sed
1668 1114 1760 1167 illo
1792 1113 2078 1169 sublimior

499 1204 692 1259 Deus:
744 1214 798 1261 et
861 1222 1051 1261 rursus
1106 1206 1157 1259 in
1208 1205 1553 1260 altitudinem
1635 1204 1955 1261 immensam
2028 1212 2082 1259 et

496 1300 878 1362 latitudinem,
946 1300 1135 1369 pelago
1192 1298 1499 1353 vastissimo
1561 1314 1779 1368 parem,
1841 1312 1933 1353 aer
1989 1297 2078 1352 ille

494 1393 852 1457 dilfunditur;
907 1392 1077 1446 sedet
1104 1392 1189 1446 hic
1223 1392 1425 1461 ubique
1474 1390 1637 1446 Deus.
1674 1390 1965 1457 Caeterum,
1999 1390 2077 1445 ﬁli

494 1482 589 1545 mi,
649 1496 1034 1551 quamcunque
1084 1480 1134 1533 in
1168 1489 1375 1551 partem
1416 1480 1715 1534 altitudinis
1762 1480 1919 1534 istius
1942 1494 2076 1535 cou-

494 1576 690 1645 icceris
749 1575 965 1640 oculos,
1025 1573 1233 1627 nullum
1302 1587 1531 1641 usquam
1586 1571 1729 1625 acris
1782 1571 2073 1625 terminum

493 1670 823 1740 assequeris,
854 1668 931 1721 uti
966 1683 1062 1721 nec
1097 1668 1270 1736 ipsius
1303 1665 1629 1719 Divinitatis.
1662 1665 1906 1734 Abyssus
1931 1666 2074 1719 enim

2194 471 2346 535 Θεὸς,
2386 472 2480 523 καὶ
2517 472 2582 523 ἐκ
2635 469 2823 536 δεξιῶν
2855 470 3016 522 αὐτοῦ
3065 468 3302 538 κάθηται
3336 473 3363 522 ό
3396 470 3630 537 Χριστὸς
3676 475 3762 525 ἐτιι

2195 561 2385 632 Θρὸνου
2415 560 2672 630 φοϐεροῦ,
2713 560 2787 623 ὡς
2823 559 3080 629 ἀστραπὴ
3116 560 3551 629 χρηματίζοντος
3577 576 3590 590 ·
3626 562 3753 614 ἁπο-

2194 652 2335 723 φορὰ
2357 653 2413 706 δὲ
2445 652 2651 723 φοϐερὰ
2676 650 2912 722 φοϐεροῦ
2944 652 3125 719 φωτὸς
3148 650 3243 704 ἀπ’
3279 651 3443 705 αὐτοῦ
3472 653 3738 723 ὲκπορεύε

2189 763 2281 798 ται
2311 746 2650 816 διαστρέφων
2692 744 2760 798 τὰ
2802 744 3030 815 οὐράνια
3070 744 3350 813 τάγματα.
3391 743 3679 814 Ὑπεράιω
3713 748 3760 797 δὲ

2188 838 2284 891 τοῦ
2328 836 2463 891 Θεοῦ
2517 838 2666 889 ἐστιν
2701 837 2809 908 ἀὴρ
2839 835 3029 908 ὥσπερ
3060 837 3344 907 ήλεκτρος,
3390 837 3581 899 λευκὸς
3629 839 3761 890 ὡσεὶ

2190 928 2342 999 χιὼν,
2366 928 2462 982 καὶ⁵
2495 929 2656 992 αὐτὸς
2678 928 2880 998 ὑπάγει
2917 930 2995 992 είς
3024 928 3158 998 ὕψος
3188 928 3531 999 ἀπλήρωτον,
3556 933 3650 985 καὶ
3678 934 3749 984 ἐπ

2189 1020 2339 1091 αὐτῷ
2369 1023 2401 1091 ἡ
2429 1020 2653 1091 Θεότης,
2686 1019 2782 1074 καὶ
2819 1018 2983 1072 πάλιν
3020 1020 3219 1087 ὑπάγει
3250 1022 3328 1081 είς
3372 1020 3506 1090 ὕψος
3534 1021 3757 1092 φοϐερὸν

2186 1110 2284 1164 καὶ
2328 1110 2529 1181 ἀχανὲς
2578 1110 2816 1179 πέλαγος
2865 1113 2892 1163 ὁ
2930 1109 3034 1180 ἀὴρ
3068 1110 3296 1179 ἐκεῖνος,
3332 1113 3426 1164 καὶ
3466 1115 3524 1164 ἐν
3555 1112 3703 1183 αὑτῷ
3727 1116 3759 1175 ἡ

2187 1201 2409 1273 Θεότης.
2452 1202 2680 1267 Λοιπὸν,
2733 1202 2946 1265 τέκνον,
3002 1200 3277 1272 πλήρωμα
3321 1204 3422 1256 οὐκ
3475 1204 3623 1257 ἔστιν
3668 1205 3761 1258 τοῧ

2184 1294 2355 1365 ’ὕψους
2391 1295 2625 1360 ἐκείνου,
2662 1297 2766 1349 κᾶν
2796 1298 2949 1351 ἐνθεν
2997 1299 3111 1371 ἴδῃς
3147 1298 3179 1369 ἢ
3218 1296 3432 1351 ἐκεῖθεν
3478 1298 3538 1350 τὸ
3567 1298 3760 1381 ,αὐτόο

2181 1388 2358 1455 ἄκραν
2407 1386 2515 1458 γάρ
2560 1405 2690 1441 ποτε
2732 1390 2831 1460 οὐχ
2873 1390 3130 1460 εὑρήσεις
3176 1390 3268 1442 τοῦ
3309 1390 3471 1460 ἀέρος
3512 1392 3604 1443 καὶ
3654 1393 3756 1460 τῆς

2181 1479 2415 1549 ἀοράτου
2449 1479 2703 1551 θεότητος
2723 1496 2736 1511 ·
2771 1481 3148 1553 ἄϐυσσονκ(72)
3177 1481 3518 1535 ἐπικαλεῖται
3540 1483 3636 1554 τὴν
3660 1484 3761 1553 τῆς

2189 1570 2457 1643 Θεότητος
2488 1573 2727 1643 φοϐερὰν
2757 1574 2947 1628 οὐσίαν
2973 1591 3033 1627 τε
3059 1576 3153 1629 καὶ
3192 1576 3481 1646 ἀστραπὴν
3508 1578 3600 1629 καὶ
3625 1579 3761 1628 έπαο

2178 1663 2451 1735 πὸῥρητον
2476 1663 2734 1734 θεότητα.
2786 1666 3111 1735 Ἐπιφάνιος
3139 1665 3289 1734 λέγει
3315 1678 3334 1697 ⁸
3377 1667 3547 1720 Πόθεν
3584 1666 3762 1721 ταῦτα

493 1766 752 1835 abyssum
816 1762 1056 1824 inrorat,
1086 1759 1342 1812 videlicet
1364 1756 1702 1811 admirabilis
1743 1756 1994 1811 essentia:
2018 1770 2067 1810 at

2184 1754 2271 1807 ἐπ’
2299 1754 2555 1825 εὐθύτητι
2584 1755 2727 1809 οὓτω
2760 1755 3050 1824 γινώσκεις
3081 1756 3174 1809 καὶ
3196 1755 3395 1826 λέγεις,
3430 1756 3503 1817 ὡς
3526 1756 3759 1810 πάντοτε

493 1856 719 1926 fulgoris
744 1853 1029 1916 Deitatem,
1056 1850 1207 1905 nulla
1229 1850 1472 1905 oratione
1500 1849 1897 1920 explicandam.
1921 1846 2077 1904 Talia

492 1955 798 2016 loquentem
835 1942 1063 1997 miratus
1090 1940 1426 2012 Epiphanius
1460 1957 1476 1994 :
1508 1940 1656 1995 Unde
1705 1942 1825 2008 tibi,
1877 1942 2072 2012 inquit,

492 2051 671 2089 rerum
732 2036 961 2089 istarum
1013 2045 1121 2088 tam
1159 2044 1410 2104 prompta
1442 2033 1635 2088 notitia
1657 2043 1710 2087 et
1756 2033 2069 2102 explicatio,

492 2129 647 2199 quasi
698 2143 912 2198 semper
960 2126 1012 2180 in
1040 2128 1106 2181 iis
1138 2126 1538 2196 cognoscendis
1579 2134 1829 2180 versatus
1877 2126 2076 2181 esses?

2182 1848 2323 1902 αὐτὰ
2352 1849 2715 1920 ἐπιστάμενος
2753 1864 2768 1914 ;
2818 1849 2880 1902 '0
2916 1849 3104 1913 Ὅσιος
3161 1849 3438 1919 ἀπεκρίθη
3465 1868 3477 1882 ·
3511 1841 3691 1922 ᾯτινι
3733 1853 3763 1904 ὀ

2183 1941 2316 2004 Θεὸς
2344 1943 2469 2005 τοὺς
2500 1941 2722 2011 νοεροὺς
2747 1942 2944 2007 αὐτοὺς
2973 1942 3286 2013 ὀφθαλμοὺς
3308 1941 3760 2012 ἀποκαλύψειιιαὶ

2183 2035 2436 2101 φωτίσει,
2472 2035 2646 2088 πολλὰ
2684 2036 2875 2106 βλέπει
2907 2036 3001 2088 καὶ
3043 2036 3167 2106 ὁρᾷ,
3214 2035 3361 2105 ἅπερ
3406 2038 3499 2089 καὶ
3545 2034 3762 2105 βλέπων

2180 2125 2458 2189 ἐξίσταται
2502 2126 2636 2198 (75).

492 2216 723 2288 Reponit
757 2218 839 2270 vir
883 2226 1147 2270 sanctus:
1176 2214 1315 2267 Cum
1347 2213 1534 2268 oculos
1561 2215 1757 2268 mentis
1781 2214 2067 2268 interiores
2106 2217 2381 2284 aperuerit
2422 2224 2585 2287 atque
2625 2216 3015 2272 illuminavcrit
3055 2218 3291 2288 cuipiam
3336 2218 3498 2283 Deus,
3525 2218 3759 2287 plurima

492 2309 576 2363 ille
631 2320 684 2360 et
743 2306 883 2360 videt
933 2314 985 2359 et
1013 2303 1317 2373 cognoscit,
1349 2312 1402 2357 et
1455 2303 1835 2374 cognoscendo
1872 2304 2226 2372 obstupescit.

1890 2418 2122 2477 CAPUT
2168 2419 2313 2475 XXI.

1066 2534 1259 2591 Varias
1284 2533 1587 2604 Scriptura:
1620 2548 1924 2607 natumque
1964 2536 2305 2607 pluruomeua
2328 2542 2556 2607 explicat
2596 2541 2894 2613 Epiphanio
2924 2547 3185 2600 Andreas.

560 2658 683 2715 164.
709 2657 851 2713 Hinc
884 2654 949 2711 ad
982 2654 1089 2710 alia
1115 2653 1404 2709 deﬂectens
1428 2653 1763 2724 Epiphanius
1787 2669 1805 2707 :
1827 2653 1953 2719 Qui,
1980 2657 2074 2719 ait,

489 2755 632 2809 istud
662 2749 1046 2822 explicandum
1076 2758 1183 2813 est,
1209 2749 1354 2817 quod
1369 2748 1502 2802 dicit
1526 2744 1790 2801 Dominus
1816 2765 1829 2801 :
1854 2745 2073 2813 «Orate,

492 2857 553 2901 ut
583 2860 691 2900 non
741 2844 833 2899 ﬂat
871 2842 995 2911 fuga
1031 2852 1210 2896 vestra
1246 2842 1298 2895 in
1347 2840 1530 2895 hieme
1556 2840 1638 2894 vel
1687 2839 2063 2895 Sabbato"7o

2256 2658 2383 2729 ρξδῆ
2440 2660 2755 2729 Ἑπιφάνιος
2810 2661 3002 2730 λέγει’
3043 2662 3176 2717 Τίνα
3222 2664 3375 2719 λύσιν
3416 2667 3530 2739 ἔχει
3562 2670 3621 2723 τὸ
3653 2671 3759 2726 ὑπὸ

2177 2750 2273 2804 τοῦ
2313 2752 2522 2822 Κυρίου
2556 2753 2847 2825 εἰρημένον
2879 2770 2893 2786 ο
2928 2775 2947 2809 ι
2980 2755 3245 2827 Εὔχεσθε,
3281 2759 3366 2812 ἵνα
3416 2762 3490 2831 μὴ
3541 2766 3573 2833 ἠ
3606 2768 3754 2838 φυγὴ

2176 2844 2329 2912 ὑμῶν
2356 2844 2582 2915 γένηται
2614 2847 2906 2915 χειμῶνος,
2943 2849 3078 2919 μηδὲ
3102 2851 3434 2924 Σαϐϐάτῳ;ι
3475 2856 3533 2907 '0
3562 2858 3753 2925 Ἄγιος

488 2937 753 3005 Quoniam
782 2973 798 2999 ,
852 2933 1031 3002 inquit
1084 2931 1370 2995 Andreas,
1422 2931 1931 3000 perspicacissimus
1976 2930 2067 2985 Dei

2176 2928 2327 2988 εἶπεν
2361 2952 2375 2966 ο
2430 2936 2648 3009 Ἐπειδὴ
2680 2939 2795 3011 εἴδη
2842 2942 2870 2993 ὁ
2923 2940 3098 3011 μέγας
3139 2943 3417 3013 ὀφθαλμὸς
3460 2948 3487 2999 ὀ
3521 2951 3754 3015 προῖδὼν

489 3027 710 3090 oculus,
745 3024 837 3095 qui
873 3032 982 3077 tam
1016 3022 1118 3077 sub
1145 3030 1423 3091 aspectum
1457 3023 1730 3088 cadentia,
1765 3037 1925 3092 quam
1957 3038 2066 3077 non

2176 3026 2238 3079 τὰ
2269 3028 2444 3097 ὁρατὰ
2472 3030 2567 3083 καὶ
2594 3031 2662 3083 τὰ
2688 3030 2898 3100 ἀόρατα
2929 3032 3004 3095 ὡς
3036 3034 3415 3107 προγνὼστης,
3451 3040 3532 3091 ὅτι
3565 3040 3754 3110 μέλλει

489 3120 784 3184 cadentia,
838 3118 1042 3171 dudttm
1102 3127 1230 3171 ante
1287 3114 1572 3186 cognoscit
1624 3130 1687 3170 ac
1747 3117 2060 3186 prospicit,

2184 3116 2544 3192 Ἰερουσαλὴμ
2576 3121 3068 3191 παραδίδοσθαιεὶς
3102 3129 3290 3197 χεῖρας
3317 3130 3426 3183 τῶν
3466 3107 3752 3200 Ῥωνμαέων

488 3212 615 3265 illud
646 3224 864 3280 quoque
911 3208 1274 3279 providebat,
1320 3205 1439 3261 fore
1493 3216 1553 3261 ut
1598 3206 1899 3263 Jerusalem
1953 3218 2064 3262 tra-

487 3298 704 3356 deretur
734 3301 788 3353 in
831 3313 1028 3354 manus
1074 3296 1447 3352 Romanorum
1476 3336 1491 3361 ,
1531 3297 2061 3367 objucredulitatem

486 3411 638 3451 suam
683 3393 929 3449 funditus
980 3392 1313 3455 evertenda;
1366 3390 1495 3445 hinc
1546 3392 1691 3445 istud
1744 3392 2060 3446 vaticinium

486 3488 731 3555 protulit.
786 3486 922 3539 Nam
972 3485 1017 3539 si
1073 3484 1199 3553 fuga
1249 3483 1305 3536 in
1345 3481 1643 3536 Sabbatum
1688 3490 1784 3536 aut
1830 3483 2060 3537 hiemem

486 3580 807 3643 incidisset,
871 3590 1025 3630 more
1079 3590 1180 3629 suo
1233 3574 1473 3643 jacentes
1520 3590 1616 3644 per
1667 3573 1960 3629 Sabbatum
2009 3576 2060 3629 in

486 3670 725 3740 grabatis
753 3666 956 3733 Judaei,
1003 3666 1146 3720 unde
1176 3680 1275 3720 nec
1318 3680 1539 3735 surgere
1569 3668 1699 3736 ipsis
1740 3681 1839 3721 nec
1876 3666 2060 3737 fugam

491 3775 777 3832 capessere
810 3759 891 3815 fas
922 3767 1039 3825 est,
1076 3759 1314 3814 hostium
1348 3774 1544 3813 manus
1576 3760 1894 3826 neutiquam
1932 3775 2061 3815 eva-

490 3861 618 3914 dere
649 3855 953 3927 potuissent
983 3873 997 3909 :
1026 3870 1094 3909 ne
1117 3862 1298 3908 autem
1330 3853 1383 3907 in
1416 3854 1647 3908 hiemem
1680 3853 1805 3925 fuga
1830 3854 2056 3920 incidat,

490 3953 629 4015 ideo,
673 3957 881 4015 putem,
912 3961 1073 4000 orare
1097 3946 1273 4015 jubet,
1310 3946 1453 4015 quod
1486 3945 1683 4015 frigore
1722 3953 1851 3999 tunc
1879 3948 2057 3999 omnia

488 4043 699 4113 rigeant
743 4050 794 4094 et
824 4048 1035 4093 montes
1084 4039 1217 4091 invii
1261 4038 1410 4091 sint:
1444 4040 1585 4107 quod
1622 4037 1668 4090 si
1698 4038 1865 4090 etiam
1907 4039 2058 4109 fuge-

487 4136 618 4198 rint,
665 4131 874 4186 nullum
915 4130 1006 4183 ubi
1042 4130 1246 4183 lateant
1295 4142 1572 4183 recessum
1614 4128 1885 4182 inventuri
1928 4131 2058 4197 sint,

486 4224 810 4293 prohibente
889 4220 942 4273 id
1002 4220 1177 4274 hieme
1262 4218 1315 4271 in
1372 4217 1647 4272 montibus
1708 4217 2059 4275 inclementer

487 4320 761 4371 smvieute.
812 4311 1003 4366 Exitus
1047 4321 1227 4365 autem
1274 4310 1683 4379 prmdictioncm
1718 4308 1922 4365 Christi
1970 4328 2061 4367 ve-

480 4425 599 4462 ram
630 4408 793 4460 fuisse
827 4405 1098 4458 cumulate
1142 4402 1275 4457 satis
1301 4402 1710 4471 comprobavit;
1737 4403 1882 4472 quod
1907 4404 2053 4457 enim

2174 3214 2254 3275 εξς
2313 3214 2538 3284 ἄπειρον
2600 3215 2879 3286 ἐξάλειψιν
2932 3217 3019 3271 διὰ
3089 3220 3187 3289 τὴν
3246 3223 3504 3277 ἀπιστίαν
3547 3225 3750 3290 αὐτῶν,

2173 3305 2508 3376 προείρηκεν
2558 3306 2743 3371 αὐτοῖς
2767 3309 2941 3363 ταῦτα
2973 3326 2987 3342 ο
3028 3310 3108 3364 ὅτι
3146 3313 3244 3364 ἐὰν
3282 3315 3509 3385 γένηται
3543 3319 3574 3387 ἡ
3605 3322 3750 3388 φυγὴ

2172 3397 2352 3452 αὐτῶν
2384 3400 2442 3450 ἐν
2467 3399 2755 3471 Σαϐϐάτῳ,
2780 3403 2920 3457 κατὰ
2951 3402 3009 3456 τὸ
3030 3403 3148 3468 ἔθος
3173 3406 3351 3458 αὐτῶν
3386 3410 3441 3460 ὲν
3471 3411 3580 3471 τοῖς
3609 3410 3750 3462 Σάϐ-

2179 3484 2337 3536 ϐασιν
2382 3484 2474 3537 ἐπὶ
2514 3486 2789 3556 κράϐατον
2821 3490 3083 3559 κείμενοι,
3136 3496 3231 3545 καὶ
3273 3496 3577 3562 ἀναστῆναι
3628 3516 3746 3561 πως

2173 3574 2251 3645 μὴ
2276 3574 2493 3644 ἔχοντες
2528 3579 2622 3631 καὶ
2655 3583 2865 3649 φυγεῖν,
2917 3583 3086 3653 ἄρδην
3118 3586 3486 3654 ἐμπεσοῦνται
3518 3590 3596 3650 είς
3627 3593 3747 3658 χεῖ-

2173 3684 2268 3737 ρας
2296 3670 2405 3723 τῶν
2445 3671 2655 3743 ἐχθρῶν
2686 3691 2699 3705 ’
2733 3677 2791 3728 ἐν
2831 3676 2908 3747 τῷ
2939 3679 2994 3731 δὲ
3044 3681 3294 3750 χειμῶνι,
3337 3676 3511 3750 οἶμαι,
3564 3681 3650 3735 διὰ
3683 3683 3749 3734 τὸ

2170 3760 2339 3829 κρύος
2382 3766 2473 3817 καὶ
2494 3765 2580 3817 διὰ
2620 3767 2679 3818 τὸ
2702 3767 2902 3822 ἄϐατον
2927 3770 3034 3823 τῶν
3063 3772 3254 3841 ὀρέων,
3301 3774 3382 3825 ὅτι
3424 3774 3471 3825 εί
3506 3774 3600 3827 καὶ
3643 3776 3750 3843 φῦ-

2168 3870 2332 3924 γωσι,
2373 3857 2476 3909 ποῦ
2514 3858 2695 3929 ἔχουσι
2730 3861 3023 3932 κρυϐῆναι,
3052 3863 3177 3932 βίας
3207 3864 3377 3936 οὔσης
3408 3866 3611 3935 πολλῆς
3649 3866 3748 3918 τοῦ

2168 3949 2436 4019 χειμῶνος
2487 3952 2544 4003 ἐν
2593 3956 2706 4017 τοῖς
2762 3954 2985 4026 opas-tv;
3022 3957 3095 4009 Τὸ
3132 3957 3187 4009 δὲ
3223 3956 3423 4028 ἀληθὲς
3468 3959 3744 4028 ὴνοίξατο,

2175 4040 2358 4104 καθὼς
2389 4044 2573 4107 αὐτοῖς
2604 4048 2994 4117 προφητεύσας
3034 4049 3355 4119 ἀπεφήνατο
3384 4066 3398 4082 ο
3426 4046 3547 4103 εἷπε
3606 4051 3746 4122 γὰρ,

2166 4129 2248 4181 ὅτι
2291 4132 2471 4197 Λίθος
2495 4134 2590 4186 ἐπὶ
2618 4135 2790 4189 λίθον
2811 4136 3022 4191 ἐνθάδε
3042 4140 3153 4206 οὐχ
3187 4139 3599 4209 εὑρεθήσεται,
3646 4145 3750 4195 καὶ

2167 4225 2387 4290 ἐγένετο
2418 4226 2611 4290 οὕτως.
2642 4230 2797 4282 Marci
2825 4249 2977 4293 τινας
3012 4233 3120 4300 γὰρ
3161 4236 3386 4303 καιροὺς
3432 4234 3600 4286 ἐλθὼν
3632 4235 3748 4287 ἀπὸ

2178 4313 2396 4385 Ῥώμης
2416 4314 2849 4387 [Οὐεσπασιανὸς
2875 4322 2968 4375 καὶ
2998 4323 3196 4388 Τῖτοςό
3218 4323 3409 4377 τούτου
3436 4325 3546 4388 υίὸς
3573 4326 3743 4397 (74η,

2167 4406 2306 4457 κατὰ
2346 4409 2405 4459 τὸ
2432 4407 2585 4478 ῥῆμα
2618 4411 2821 4480 Κυρίου
2853 4414 3026 4466 πάντα
3067 4414 3249 4479 αὐτοῖς
3280 4415 3348 4468 τὰ
3376 4415 3520 4468 δεινὰ
3550 4417 3751 4467 ἐπετέ-

481 4502 693 4553 dixerat
714 4538 727 4563 ,
776 4498 1011 4565 lapidem
1046 4510 1208 4563 super
1237 4493 1467 4562 lapidem
1495 4491 1619 4546 istic
1648 4507 1754 4546 non
1783 4496 2057 4562 reperien-

2176 4506 2337 4562 teaev,
2368 4500 2469 4551 ὅσα
2506 4501 2691 4563 αὐτοῖς
2719 4505 2746 4553 ὁ
2770 4507 3115 4576 Δημιουργὸς
3157 4506 3589 4578 προεκηρύξατο.

480 4597 658 4655 dum,
719 4593 794 4643 ita
855 4590 1028 4658 patuit
1070 4595 1267 4642 eventu
1324 4606 1337 4642 :

1397 4589 1557 4644 annis
1608 4591 1874 4660 siquidem
1934 4603 2055 4661 post
2094 4594 2339 4663 aliquot,
2401 4598 2696 4656 adveniens
2746 4599 2923 4656 Roma
2990 4602 3357 4674 Vespasianus
3447 4620 3569 4660 cum
3623 4606 3750 4660 filio

481 4686 603 4737 'l'ito
630 4724 643 4746 ,
698 4682 951 4734 universa
978 4719 992 4743 ,
1042 4694 1163 4747 quae
1204 4679 1533 4735 vaticinatus
1584 4691 1702 4735 erat
1754 4682 2049 4748 Dominus,
2092 4688 2230 4739 mala
2267 4703 2431 4755 super
2456 4704 2549 4744 eos
2587 4691 2821 4747 induxit.

556 4773 686 4826 165.
733 4770 893 4825 Aliud
947 4771 1138 4824 iterum
1185 4768 1526 4841 Epiphanius
1566 4788 1581 4825 :
1623 4774 1758 4837 Quid
1796 4775 1899 4829 sibi
1942 4776 2055 4828 vult

468 4865 614 4919 'illud
658 4862 991 4933 PrOphetze:
1042 4879 1061 4911 ι
1102 4860 1226 4915 Dies
1278 4863 1384 4915 dici
1436 4873 1647 4917 eructat
1689 4866 1950 4930 verbum,
2000 4876 2055 4920 et

486 4974 593 5012 nox
650 4958 795 5011 nocti
854 4955 1142 5009 annuntiat
1197 4955 1479 5009 scientiam
1507 4957 1575 4986 ’τ’
1608 4956 1631 5008 ?
1667 4975 1684 5006 ι
1743 4957 2057 5028 Respondet

483 5050 730 5105 Andreas
762 5066 776 5103 :
818 5049 920 5102 Adi
950 5046 1245 5102 Iordanem
1271 5087 1287 5113 ,
1338 5057 1653 5116 reperturus
1689 5050 1874 5120 utique
1906 5070 2056 5121 qum-

484 5142 575 5197 siti
608 5142 683 5195 tui
726 5140 1076 5195 solutionem.
1126 5139 1248 5192 Dies
1280 5142 1422 5192 enim
1455 5136 1613 5192 Pater
1641 5149 1722 5193 est
1746 5180 1762 5202 ,
1812 5144 2057 5197 testimo-

487 5237 636 5289 nium
688 5233 979 5303 perbibens
1045 5228 1212 5296 Filio;
1272 5230 1729 5299 quemadmodum
1782 5243 1834 5288 et
1889 5233 2058 5293 Filius

560 5370 604 5401 "'
638 5367 826 5422 Matth.
854 5381 999 5429 xxiv,
1036 5362 1128 5418 20.
1204 5363 1273 5393 "'
1312 5363 1457 5417 Psal.
1489 5379 1643 5431 xvm,
1675 5366 1731 5422 5.

556 5482 666 5553 (τε)
720 5477 1238 5553 Ibideqyadditur:
1284 5478 1596 5551 ’Λπόκρισιν
1638 5481 1695 5535 δὲ
1754 5484 1917 5538 πάλιν
1958 5485 2047 5538 διὰ

484 5548 583 5621 τὴν
612 5548 1079 5621 ἐπίϐασιν-διδούς.

560 5623 669 5695 (Ῑᾷ)
694 5618 1005 5695 _h_ls.__Va_iic.
1040 5618 1603 5695 interjicitcwoditq:
1638 5638 1744 5677 non
1769 5625 1947 5695 capio.

559 5689 669 5759 (Ἠ)
693 5689 969 5744 Ms.Vatic.
993 5705 1086 5758 per
1102 5691 1490 5760 turpissimam,
1509 5689 1815 5751 socordiam
1836 5689 2046 5766 vocem,

2236 4779 2364 4849 ρξε’.
2436 4783 2755 4851 Ἐπι-ράνιος
2802 4778 2957 4837 εἶπεν
2984 4799 2998 4815 ⁸
3035 4785 3099 4839 Τί
3146 4781 3302 4838 εἶπεν
3343 4787 3371 4838 ὀ
3414 4787 3743 4858 Προφήτης,

2162 4890 2179 4921 ι
2224 4872 2436 4942 Ἡμέρα
2476 4878 2541 4945 τῇ
2589 4877 2773 4947 ἡμέρᾳ
2804 4877 3092 4947 ερεύγεται
3117 4878 3292 4949 ῥῆμα,
3328 4882 3419 4932 καὶ
3453 4880 3549 4943 νὺξ
3578 4885 3746 4934 νυκτὶ

2160 4964 2489 5032 ἀναγγέλλει
2519 4968 2721 5034 γνῶσιν
2746 4986 2761 5035 ;
2794 4988 2811 5020 ι
2835 4969 2892 5021 ’0
2912 4970 3191 5041 Μακάριος
3218 4972 3349 5042 ἔφη’
3377 4973 3636 5040 Ἐγγισον
3659 4976 3745 5044 τῷ

2169 5057 2431 5131 Ἰορδάνῃ,
2456 5063 2548 5114 καὶ
2590 5063 2847 5133 εὑρήσεις
2875 5066 2931 5117 τὸ
2953 5065 3311 5137 ζητούμενον.
3343 5065 3592 5138 [Ἡμέρα
3625 5073 3742 5138 γὰρ

2158 5149 2185 5200 ὁ
2234 5150 2421 5221 Πατὴρ
2475 5154 2769 5225 μαρτυρῶν
2820 5156 2899 5227 τῷ
2946 5156 3059 5227 Υίῴ
3108 5157 3269 5229 (75)]
3308 5157 3491 5221 καθὼς
3542 5159 3659 5226 φῶς
3712 5165 3740 5213 ὁ

2163 5238 2286 5302 Υἱὸς
2312 5242 2339 5291 ὁ
2372 5240 2764 5314 βαπτιζόμενος
2792 5261 2805 5275 ο
2841 5247 2991 5316 ῥῆμα
3034 5247 3097 5300 τὸ
3141 5249 3200 5301 ἐν
3252 5248 3423 5317 μέσῳ,
3461 5248 3519 5298 τὸ
3576 5247 3739 5315 ἄγιῦί

2154 5501 2222 5609 gin
2265 5490 2700 5545 chrrationem?
2743 5492 2975 5550 habebat
3040 5493 3335 5568 Ἀντίοχος.
3376 5498 3597 5554 Rectius
3623 5515 3737 5555 ms.

2211 5574 2351 5609 azar.

2211 5574 2351 5613 928E.

2154 5629 2353 5769 ήμὲγρξζ).
2400 5628 2543 5687 Idem
2586 5632 2696 5689 :Ei
2750 5634 2849 5704 μὲν
2898 5635 3007 5706 γὰρ
3046 5636 3229 5703 καθὼς
3278 5636 3395 5709 φῶς
3456 5641 3484 5694 ὁ
3538 5639 3732 5711 Ilotth
