4088 6216
446 237 551 301 815

1501 212 1920 278 ΝΙΟΕΡΙΙΟΙΠ
1964 204 2445 270 PRESBYTERI
2470 202 2589 261 ΕΡ.

3588 185 3695 248 816

453 346 847 404 surrectionem
885 335 1203 394 conscensis
1238 331 1392 387 cu‘elis
1421 329 1487 382 ad
1520 328 1805 381 dexteram
1840 321 2019 374 Patris
2050 370 2054 380 ,

2157 312 2537 382 ωνΑγλωσσῶν
2582 307 2676 361 ἐπὶ
2714 307 2837 367 τούς
2874 302 3225 364 ἀποστόλους.
3276 296 3586 366 Κεφάλαιον
3637 296 3695 348 δέ

2481 403 2486 404 ,
2646 399 2659 404 _
2777 398 2799 404 _
2875 395 2961 404 ,λ
3028 393 3081 404 ..
3307 390 3319 404 .
3356 387 3374 404 ς
3492 387 3506 404 ε
3584 385 3674 404 ..-

451 442 781 500 collocatus,
819 448 943 488 cum
990 428 1193 484 tonitru
1244 434 1298 479 et
1364 435 1498 478 sono
1544 414 1844 471 vehementi
1896 427 2021 466 san-

453 545 598 589 etum
646 528 911 600 Spiritum
934 525 986 577 in
1004 518 1203 590 "specie
1246 517 1555 585 linguarum
1591 510 1876 577 ignearum
1918 502 2023 555 mi-

2132 408 2248 459 ἐστι
2300 404 2408 457 τῶν
2441 398 2840 468 εὐαγγελιστῶν
2865 396 2892 446 ὁ
2924 393 3204 460 Θεολόγσς,
3237 390 3329 444 καὶ
3356 387 3547 449 λευκὸς
3584 385 3704 438 Ἰπ-

2135 516 2236 562 πος
2258 497 2608 566 ὀνομάζεται,
2640 494 2735 546 καὶ
2771 490 2895 553 Υἱὸς
2930 489 3177 559 βροντῆς.

646 575 984 600 Ἴσα-πη
1054 575 1068 590 ,
1330 575 1358 585 ν
1619 575 1634 577 _

458 628 585 684 serit
622 636 788 693 super
819 615 1095 688 apostolos
1130 630 1146 668 :
1183 618 1346 680 caput
1380 613 1557 660 autem
1596 597 2054 669 evangelistarum
2094 594 2429 662 reliquorum
2470 586 2719 643 Joannes
2767 592 2886 648 cst,
2940 581 3034 651 qui
3068 589 3130 635 .ct
3174 577 3370 647 Equus
3411 575 3569 629 albus
3598 610 3613 633 ,
3654 578 3711 621 cl

454 722 626 776 Filius
656 714 882 771 tonitrui
915 709 1243 781 appellatur.

526 817 650 869 168.
706 811 944 877 Fulgura
987 803 1184 860 deinde
1234 798 1377 854 unde
1414 795 1754 866 promicant,
1800 798 1855 844 et
1904 800 2026 857 quae

457 910 672 963 illorum
728 898 1073 958 substantia,
1124 909 1249 949 cum
1317 896 1587 960 quaereret
1639 881 2020 953 Epiphanius,

456 1002 528 1055 ita
566 994 849 1066 respondit
886 990 947 1044 Β.
972 988 1258 1041 Andreas:
1292 982 1559 1051 Siphones
1590 975 1870 1030 attrahunt
1909 980 2023 1025 tum

459 1090 757 1149 marinam,
791 1091 907 1136 tum
938 1074 1285 1137 fluviatilem,
1313 1082 1424 1125 tum
1455 1067 1753 1138 palustrem
1782 1076 1979 1131 aquam
2009 1076 2023 1124 ;

458 1177 755 1250 repletique
802 1171 1104 1226 ascendunt
1135 1164 1202 1219 ad
1247 1158 1604 1233 capacissima
1659 1152 2025 1225 receptacula,

460 1286 519 1327 se
564 1270 712 1338 ipsos
741 1264 852 1318 illic
879 1254 1195 1317 evacuaturi
1227 1270 1241 1308 :
1280 1261 1634 1323 posteaquam
1667 1261 1796 1300 vero
1838 1242 2031 1312 imple-

461 1372 656 1419 verunt
692 1356 913 1420 omnia,
957 1350 1242 1407 discedunt
1285 1344 1428 1409 alio,
1460 1342 1671 1411 ibique
1717 1345 2034 1391 constanter

462 1461 801 1526 permanent.
834 1448 1029 1502 Postea
1075 1442 1257 1513 fulgur
1281 1478 1295 1504 ,
1346 1436 1491 1507 quod
1525 1430 1882 1501 receptaculis
1914 1428 2034 1482 istis

464 1542 867 1613 quodammodo
902 1544 1095 1610 praeest
1125 1544 1179 1589 et
1230 1532 1577 1587 securitatem
1613 1530 1852 1593 praestat,
1886 1533 2035 1573 com-

465 1642 707 1712 plectens
735 1636 787 1689 in
821 1649 880 1688 se
921 1642 1137 1686 onmem
1187 1636 1421 1693 aquam,
1470 1614 1743 1672 consumit
1770 1608 2032 1682 quidquid
2070 1639 2109 1695 Β

468 1735 544 1788 illi
592 1731 730 1784 forte
756 1742 819 1781 ex
856 1722 992 1778 mari
1030 1715 1323 1785 salsuginis
1358 1710 1669 1767 sordiumve
1714 1705 2034 1773 permistum

467 1835 572 1881 est.
602 1823 737 1877 Tum
772 1817 996 1886 angelus
1026 1810 1236 1865 Domini
1267 1804 1607 1861 descendens
1627 1838 1641 1865 ,
1675 1803 2038 1855 sacrosanctae

471 1915 653 1970 crucis
700 1908 937 1965 ostendit
989 1905 1228 1974 lignum,
1277 1907 1333 1952 et
1371 1894 1713 1949 dulcedinem
1766 1889 1821 1942 in
1869 1899 2040 1956 aquas

472 2008 594 2060 illas
619 2000 847 2056 inducit.
881 1996 1125 2062 Denique
1159 1990 1360 2058 fulgur,
1395 1985 1540 2055 quod
1568 1982 1703 2045 dixi,
1730 1977 2040 2051 praecedens

476 2097 759 2157 tonitrua,
808 2088 1007 2145 desiuit
1040 2087 1092 2139 in
1139 2081 1449 2138 conflictum
1494 2075 1755 2138 nubium,
1812 2071 2045 2137 illasque

475 2196 735 2257 expurgat
803 2192 855 2237 et
894 2185 1216 2249 praeparat,
1278 2183 1333 2227 et
1378 2168 1550 2225 sicubi
1612 2165 1750 2220 forte
1806 2161 2044 2216 rariores

480 2282 700 2348 reperit,
753 2275 805 2328 in
844 2281 1246 2328 statunt'suum
1282 2264 1402 2317 illas
1436 2256 1714 2328 componit
1761 2272 1774 2309 :
1827 2250 2046 2307 creber-

477 2375 614 2427 rime
664 2383 791 2423 vero
847 2365 1009 2420 etiam
1079 2358 1355 2430 egreditur
1417 2353 1476 2408 in
1528 2364 1655 2405 aera
1687 2386 1703 2415 ,
1763 2355 2047 2414 terrasque

482 2464 686 2520 lumine
712 2474 812 2515 suo
844 2474 907 2513 ac
935 2454 1223 2527 splendore
1255 2450 1497 2504 illustrat
1523 2462 1536 2499 :
1566 2458 1675 2497 non
1705 2454 1829 2495 raro
1859 2439 2047 2498 etiam,

482 2559 575 2614 ubi
619 2551 913 2611 accesserit
966 2543 1344 2603 vehementior
1394 2540 1670 2609 impetus,
1726 2532 1924 2587 fulmen
1970 2529 2051 2599 ip-

482 2666 601 2705 sum
659 2646 726 2700 ad
764 2656 962 2699 terram
1022 2635 1316 2710 pertingit,
1368 2640 1434 2687 -et
1498 2625 1767 2700 quidquid
1835 2621 2049 2676 obviam

484 2754 704 2795 nactum
750 2735 948 2796 fuerit,
1005 2730 1260 2784 violentia
1306 2723 1447 2794 ignis
1493 2720 1579 2775 sui
1615 2719 1909 2780 adustum,
1961 2725 2053 2780 pe-

484 2834 632 2888 nitus
662 2826 933 2884 consumit
966 2840 979 2877 :
1024 2823 1105 2876 vis
1132 2819 1278 2874 enim
1314 2816 1461 2869 illius
1488 2807 1843 2867 comburendi
1881 2803 2054 2857 multo

487 2925 667 2980 acrior
694 2929 776 2974 est
804 2932 967 2988 quam
1000 2912 1146 2983 ignis
1174 2906 1434 2963 nostratis
1455 2944 1469 2970 ,
1519 2901 1768 2958 fortassis
1799 2906 1854 2952 et
1897 2896 2056 2950 inex-

2210 778 2344 848 ρξη’.
2386 775 2703 844 Ἐπιφάνιος
2745 767 2896 824 εἶπεν
2925 787 2937 801 ·
2992 766 3161 822 Πόθεν
3193 767 3224 835 ἡ
3264 765 3519 836 ἀστραπὴ
3553 765 3706 836 ἐξέρ.

2136 888 2290 941 χεται
2322 885 2337 932 ;
2372 868 2465 918 καὶ
2498 866 2580 927 τίς
2628 865 2662 934 ἡ
2702 861 2905 930 ταύτης
2946 858 3102 912 οὐσία
3137 874 3151 922 ;
3195 856 3253 909 '0
3282 858 3465 919 Ὀσιος
3499 852 3655 908 εἶπεν
3691 872 3705 884 ο

2137 964 2197 1016 Οί
2236 961 2467 1027 σίφωνες
2528 957 2791 1023 ἀνάγουσι
2829 953 2923 1007 καὶ
2953 951 3247 1020 θαλάσσης,
3285 950 3381 1002 καὶ
3423 953 3703 1019 ποταμῶν,

2132 1055 2227 1107 καὶ
2252 1052 2458 1116 λιμνῶν
2484 1049 2671 1113 ὐδατα,
2706 1048 2802 1101 καὶ
2830 1046 3144 1115 γεμίζοντες
3178 1044 3403 1106 ἑαυτοὺς
3446 1044 3704 1112 ἀνέρχον-

2130 1161 2241 1207 ται,
2293 1144 2388 1196 καὶ
2437 1139 2685 1195 κενοῦσιν
2735 1138 3077 1200 ὲαυτούςείς
3122 1136 3221 1198 τὰς
3264 1135 3372 1187 τῶν
3417 1135 3707 1208 Θησα·.ρῶν

2133 1234 2406 1295 ἀϐύσσους
2430 1248 2444 1262 ·
2480 1231 2574 1284 καὶ
2599 1231 2726 1283 ὅταν
2753 1228 3022 1297 γεμίσωσι
3049 1226 3278 1290 πάντας,
3307 1225 3605 1277 διίστανται
3628 1227 3711 1288 είς

2133 1329 2229 1389 τάς
2255 1325 2543 1387 συστάσεις
2572 1322 2771 1387 αὐτῶν,
2796 1321 2889 1373 καὶ
2918 1320 3229 1387 διαμένουσι
3260 1318 3711 1386 πάγιοι.Ἔπειτα

2133 1420 2166 1489 ἡ
2200 1416 2455 1486 ἀστραπὴ
2480 1413 2744 1484 ἀσφάλειά
2771 1416 2885 1466 ἑστι
2908 1410 3019 1463 τῶν
3036 1409 3322 1479 θησαυρῶν
3343 1410 3478 1461 ὲκείπ.
3490 1426 3586 1472 ων,
3612 1409 3711 1462 καὶ

2137 1510 2350 1579 συνέχει
2393 1512 2450 1561 ἐν
2478 1509 2646 1576 ἑαυτῇ
2675 1506 2793 1559 ὅλον
2829 1504 2890 1557 τὸ
2919 1504 3082 1568 ὕδωρ,
3116 1503 3209 1555 καὶ
3238 1502 3514 1554 κατεσθίει
3543 1503 3711 1556 αὐτοῦ

2145 1604 2327 1654 πᾶσαν
2363 1600 2461 1669 τὴν
2511 1599 2690 1667 ἀλμην
2723 1596 2813 1649 καὶ
2844 1595 2936 1649 τὸν
2966 1594 3158 1666 ρὖον,
3207 1597 3255 1647 εί
3283 1594 3391 1663 ἄρα
3434 1596 3550 1646 ἐστὶ
3604 1594 3713 1647 ἀπὸ

2140 1695 2445 1765 θαλάσσης·
2521 1693 2616 1745 καὶ
2665 1690 2993 1759 κατέρχεται
3047 1687 3278 1756 ἄγγελος
3334 1688 3562 1757 Κυρίιυ,
3618 1691 3713 1740 καὶ

2141 1787 2396 1857 ἐμφαίνει
2445 1786 2504 1838 τὸ
2541 1784 2698 1851 ξύλον
2744 1781 2838 1835 τοῦ
2886 1781 3074 1852 τιμίου
3111 1777 3371 1852 σταυροῦ,
3421 1780 3513 1834 καὶ
3555 1795 3716 1832 κατα-

2141 1880 2424 1949 γλυκαίιιει
2464 1880 2531 1931 τὰ
2567 1876 2734 1930 ὕδατα
2767 1876 2949 1927 ἐκεῖνα
2975 1891 2985 1904 ·
3015 1872 3109 1926 καὶ
3150 1872 3335 1926 λοιπὸν
3379 1876 3411 1942 ἡ
3459 1873 3715 1941 ἀστραπὴ

2143 1969 2328 2039 ἐκείνη
2354 1968 2754 2039 προπορεύεται
2774 1959 2876 2037 τῆς
2917 1965 3166 2035 βροντῆς,
3192 1963 3417 2016 τελοῦσα
3441 1967 3519 2026 είς
3540 1964 3714 2033 ὁρμὴν

2144 2063 2254 2115 τῶν
2289 2064 2346 2114 ἐν
2374 2060 2628 2129 νεφέλαις
2658 2058 2915 2128 ἀγωγῶν,
2947 2058 3039 2111 καὶ
3068 2055 3432 2127 προκαῠαίρει
3464 2056 3556 2107 καὶ
3580 2071 3716 2125 προ-

2146 2154 2423 2225 ετοιμάζει
2452 2168 2467 2184 ο
2500 2154 2594 2207 καὶ
2620 2155 2668 2205 εί
2699 2153 2841 2224 λάχῃ
2875 2151 3135 2223 ἀραίωμα
3167 2150 3425 2218 νειξελῶν,
3462 2151 3716 2217 συντίθη-

2123 2264 2236 2331 Ισιν
2268 2247 2346 2308 είς
2380 2244 2673 2316 εὐὈύτητα.
2712 2243 3038 2306 Πλειστάκις
3061 2242 3116 2295 δὲ
3146 2244 3239 2295 καὶ
3277 2241 3498 2312 ἔρχεται
3523 2244 3599 2305 εἰς
3629 2243 3716 2294 τὸν

2149 2339 2308 2408 ἀέρα,
2349 2337 2439 2390 ἐπὶ
2472 2339 2569 2407 τῆς
2602 2337 2707 2407 γῆς
2749 2335 3066 2404 αὐγάζουσα
3110 2337 3205 2389 καὶ
3237 2337 3516 2403 φέγγουσα
3544 2352 3555 2367 ο
3591 2335 3716 2387 πολ-

2150 2433 2306 2494 λάκις
2334 2431 2389 2507 ξὲ
2421 2431 2468 2482 εἰ
2498 2430 2645 2482 ἔστιν
2673 2429 2928 2493 πλούσιος
2963 2431 2994 2499 ή
3042 2429 3185 2499 ὁρμὴ
3217 2429 3407 2497 αὐτῆς,
3459 2429 3719 2495 φαίνουσα

2154 2517 2345 2587 φθάνει
2378 2519 2471 2570 καὶ
2506 2518 2668 2588 μέχρι
2696 2517 2798 2587 τῆς
2826 2520 2928 2587 γῆς
2965 2518 3370 2589 ἀστράπτουσα,
3423 2517 3515 2570 καὶ
3558 2519 3663 2569 πᾶν
3695 2517 3722 2567 6

2154 2628 2204 2663 τι
2235 2610 2588 2678 ἐπιλάϐηται,
2626 2610 2841 2681 δαπανᾷ
2871 2611 2966 2664 καὶ
2998 2611 3269 2681 ὲμπιπρᾷ.
3317 2611 3580 2673 Καύσεως
3616 2611 3723 2678 γάρ

2156 2702 2389 2773 δύναμιν
2414 2703 2526 2773 ἔχει
2568 2705 2625 2757 ἐν
2657 2706 2823 2775 ἑαυτῇ
2856 2704 3169 2775 ὑπερτέραν
3198 2705 3290 2757 τοῦ
3332 2706 3574 2771 ἐπιγείου
3620 2721 3725 2755 πυ-

2160 2796 2252 2865 ρός
2280 2813 2295 2828 ο
2336 2798 2465 2859 ἴσως
2490 2798 2632 2868 φημὶ
2659 2798 2755 2851 καὶ
2779 2798 2877 2867 τῆς
2908 2799 3171 2852 ἀσῦέστου
3201 2800 3492 2861 κολάσεως.
3532 2799 3650 2851 Ὅτι
3670 2799 3725 2850 δὲ

2157 2887 2341 2951 ὁΘεὸς
2377 2889 2471 2941 καὶ
2492 2890 2698 2959 ταύτην
2731 2889 2829 2959 τὴν
2855 2892 3143 2963 ἀστραπὴν
3172 2890 3261 2944 διὰ
3308 2892 3498 2961 χρείαν
3529 2891 3726 2962 βροχῆς

489 3012 827 3084 stinguibilis
866 3005 1088 3063 inferni.
1134 3002 1291 3057 Nunc
1322 3012 1453 3053 vero
1494 2994 1641 3067 quod
1688 2993 1830 3046 Deus
1864 2988 2052 3045 istius-

2157 2982 2505 3084 παρήγαγεν,
2538 2984 2637 3036 οὐκ
2662 2974 2790 3053 ἐμὸς
2817 2986 2844 3037 6
2873 2983 3049 3051 λόγος,
3082 2986 3289 3051 τέκνον,
3325 2983 3458 3036 ἀλλά
3481 2985 3574 3036 τοῦ
3595 2986 3729 3055 Προ-

488 3108 635 3163 modi
662 3105 891 3167 fulmen,
918 3114 1042 3154 cum
1070 3109 1222 3165 aqua:
1243 3089 1470 3163 penuria
1494 3088 1795 3150 laboratur,
1826 3080 2053 3146 inducit,

490 3216 595 3255 non
622 3214 687 3253 ex
722 3210 842 3251 meo
876 3193 1099 3248 cerebro
1128 3192 1443 3259 prornanat,
1471 3182 1544 3236 fili
1573 3180 1669 3245 mi,
1703 3179 1797 3232 sed
1829 3190 1893 3230 ex
1928 3172 2059 3226 Pro-

489 3293 665 3362 pheta:
700 3303 864 3363 sensu
897 3284 1130 3341 dicentis
1162 3297 1177 3334 :
1226 3296 1245 3330 ι
1287 3275 1525 3344 Fulgura
1567 3271 1621 3325 in
1661 3268 1897 3339 pluviam
1933 3263 2060 3318 fecit

490 3359 634 3438 Deus
659 3359 728 3449 ³ο,
760 3398 778 3432 ι
820 3388 872 3434 et
903 3376 1149 3437 alterius,
1182 3369 1272 3439 qui
1306 3368 1421 3420 ait:
1465 3383 1482 3416 ι
1516 3359 1856 3416 Fulminibus
1886 3368 2059 3424 aquas

491 3447 720 3543 dirigit,»
751 3480 805 3526 et
856 3466 1147 3523 tonitribus
1206 3460 1415 3531 pluvias
1466 3453 1813 3522 nubibusqne
1859 3447 2061 3501 imbres

492 3539 787 3638 spargit”.
829 3578 848 3612 ι
886 3560 1152 3613 Caeterum
1189 3550 1493 3607 substantia
1537 3542 1782 3599 fulminis
1823 3556 1890 3596 ex
1942 3539 2063 3609 igne

494 3657 701 3713 cmlesti
734 3659 949 3708 constat
982 3666 995 3701 :
1036 3641 1491 3716 quemadmodum
1522 3636 1667 3694 enim
1717 3632 1897 3688 radios
1932 3643 2062 3685 suos

494 3751 575 3801 sol
633 3744 838 3803 habet,
891 3738 1090 3808 quibus
1142 3730 1511 3803 splendescit,
1563 3726 1636 3780 ita
1693 3723 1874 3793 fulgur
1924 3720 2065 3791 ignis

496 3834 710 3897 .etcrni,
742 3832 832 3902 qui
866 3843 1032 3897 super
1072 3827 1479 3880 firmamentum
1520 3814 1759 3878 exsistit,
1808 3810 2065 3881 splendor

497 3938 601 3984 est.
631 3926 870 3992 Denique
898 3920 1056 3974 velim
1101 3915 1305 3986 cogites
1363 3912 1541 3980 ignem
1576 3908 1727 3962 illum
1760 3903 2063 3966 cmlcstem,

499 4036 659 4090 quem
720 4016 867 4070 Elius
914 4011 1181 4082 precibus
1242 4005 1359 4060 suis
1416 4015 1583 4071 super
1639 3999 1789 4066 ligna
1834 4001 2064 4065 parata,

500 4128 664 4183 super
696 4108 1114 4166 holocaustum,
1147 4112 1309 4167 super
1347 4093 1659 4150 sacerdotes
1682 4084 2023 4144 confusiOnis
2051 4124 2065 4149 ,

499 4217 553 4260 et
591 4204 862 4258 delatores
900 4193 1120 4249 Jezabel
1162 4191 1378 4246 caelitus
1424 4184 1657 4240 accersit
1689 4199 1705 4238 :
1754 4176 2068 4235 istiusmodi

503 4298 645 4351 enim
704 4293 845 4363 ignis
899 4288 1100 4357 fulgor,
1154 4279 1452 4338 materialis
1500 4286 1556 4331 et
1594 4288 1727 4329 vere
1774 4270 2064 4334 exsistens,

501 4390 703 4442 fulmen
731 4399 851 4439 esse
874 4379 1175 4435 consuevit.

574 4478 699 4534 109.
732 4475 895 4529 Facta
939 4471 1213 4525 mentione
1244 4465 1385 4518 liliae
1421 4478 1435 4514 :
1482 4458 1659 4523 Num,
1717 4453 1894 4522 inquit
1938 4450 2068 4520 Epi-

502 4565 785 4638 phanius,
846 4573 975 4612 vera
1031 4562 1294 4617 narrant,
1354 4550 1447 4620 qui
1497 4548 1665 4602 Etiam
1720 4546 1777 4600 in
1834 4543 2070 4598 nubibus

506 4662 697 4713 dicunt
729 4667 893 4709 curru
922 4664 1021 4704 suo
1066 4647 1306 4703 tonitrua
1339 4650 1392 4694 rt
1424 4639 1651 4694 fulmina
1678 4636 1965 4707 excitare,
2018 4640 2072 4686 et

508 4748 765 4822 prosequi
804 4740 1136 4799 draconem?
1178 4737 1556 4807 Nequaquam,
1600 4731 1675 4785 fili
1726 4729 1819 4793 mi,
1859 4725 2072 4795 reponit

508 4843 753 4899 Andreas
779 4877 794 4903 ,
839 4838 971 4908 quin
1024 4835 1133 4887 imo
1177 4840 1434 4885 extremae
1464 4825 1749 4881 dementiae
1774 4828 1858 4876 est
1887 4818 2073 4873 istius-

513 4935 658 4991 modi
694 4926 1120 4986 narratinnculis
1144 4937 1304 4977 aures
1334 4921 1607 4990 praebere;
1645 4912 1892 4967 homines
1916 4923 2074 4961 naru-

512 5043 619 5098 que
666 5032 841 5079 mente
870 5019 1011 5088 capti
1045 5018 1173 5071 talia
1220 5011 1429 5069 cerebri
1478 5010 1563 5064 sui
1606 5005 1795 5060 deliria
1828 4999 2080 5055 conseri.

512 5092 960 5193 pserunt.-Quale
1000 5120 1054 5167 et
1077 5110 1233 5173 illud,
1278 5106 1424 5176 quod
1453 5101 1765 5156 fabulantur
1806 5092 2078 5157 nonnulli,

511 5188 785 5269 tibristum
817 5207 1144 5267 Dominum,
1175 5203 1513 5268 inspectante
1546 5192 1860 5247 Judaeorum
1895 5188 2073 5249 turba,

515 5322 546 5360 e
599 5306 713 5359 luto
758 5294 984 5356 finxisse
1034 5294 1298 5357 aviculas,
1345 5301 1571 5355 easque,
1632 5292 1920 5352 postquam
1968 5279 2074 5332 vita

518 5395 783 5464 inspirata
813 5398 999 5453 esset,
1056 5388 1109 5440 in
1144 5396 1323 5438 aerem
1356 5377 1626 5447 proiectas
1656 5373 1900 5427 avolasse
1933 5385 1946 5434 ;
1992 5378 2074 5421 at-

515 5463 623 5556 que
646 5487 788 5545 istud
818 5524 835 5551 ,
868 5485 1045 5539 nivem
1070 5493 1166 5549 pro
1191 5474 1366 5531 farina
1389 5468 1627 5525 habitam
1657 5464 1850 5520 fuisse.
1876 5463 2077 5528 Quem-

587 5645 629 5675 ³⁰
671 5642 815 5699 Psal.
852 5658 1066 5708 cxxxrv,
1101 5641 1154 5695 7.
1249 5638 1290 5671 ³¹
1331 5634 1450 5694 Job.
1484 5650 1667 5702 xxxvi,
1703 5634 1792 5689 Ξῖ.

2095 4378 2142 4433 D

2160 3077 2331 3179 ιρήτρυ
2355 3092 2369 3109 ·
2406 3095 2423 3128 ‹
2448 3076 2759 3179 ’Δστρακπάς
2790 3077 2953 3147 γὰρ,›
2989 3078 3176 3147 φησὶν,
3212 3096 3231 3129 ι
3262 3080 3289 3130 6
3313 3076 3443 3141 Θεὸς
3474 3080 3551 3141 είς
3578 3078 3726 3129 ὐετὶν

2158 3168 2434 3238 ἐποίησεν.
2466 3187 2483 3219 ι
2518 3170 2625 3221 Καὶ
2642 3168 2827 3238 ἕτερος
2851 3172 3132 3238 προφήτης
3150 3169 3348 3237 λέγει’(
3379 3170 3511 3231 Ταῖς
3533 3172 3732 3241 ἀστρα-

2159 3263 2291 3322 παῖς
2320 3265 2347 3313 6
2377 3262 2725 3315 κατευθύνων
2747 3263 2813 3314 τὰ.
2842 3262 3031 3329 ὕδατα,
3063 3263 3156 3316 καὶ
3183 3264 3302 3324 ταῖς
3336 3264 3727 3334 ὲπιὸροντῄσε-

2165 3370 2249 3405 σιν
2274 3354 2301 3405 ὁ
2328 3367 2713 3425 κατασπειρων
2744 3356 2821 3414 είς
2854 3355 3107 3424 βρόχους,
3141 3355 3233 3407 καὶ
3263 3356 3382 3417 ταῖς
3404 3356 3652 3424 νεφέλαις
3672 3356 3731 3407 τὸ

2158 3445 2477 3514 -ὖμϐρισμα,
2505 3463 2537 3495 υ)
2578 3445 2737 3498 Ἐστι
2783 3446 2838 3498 δὲ
2887 3446 2984 3516 τῆς
3017 3448 3307 3518 ἀστραπῆς
3343 3450 3502 3502 οὐσία
3543 3451 3607 3501 ὲκ
3639 3450 3732 3501 τοῦ

2161 3539 2415 3607 οὐρανίου
2452 3538 2644 3605 πυρός.
2671 3538 2883 3608 Ὥσπερ
2913 3540 2969 3592 δὲ
2992 3541 3019 3593 6
3050 3541 3201 3612 ἥλιος
3232 3542 3344 3610 ἔχει
3376 3545 3477 3605 τάς
3504 3545 3730 3604 ἀκτῖνας

2178 3626 2520 3699 ἀπαύγασμα
2538 3628 2720 3695 αὐτοῦ,
2743 3630 2884 3683 οὕτω
2939 3631 3032 3683 καὶ
3064 3634 3096 3701 ἡ
3122 3632 3375 3704 ἀστραπὴ
3400 3634 3739 3703 ἀπαύγασμα

2165 3726 2279 3777 ἐστι
2310 3724 2403 3778 τοῦ
2435 3725 2656 3779 αἰωνίου
2688 3726 2873 3795 πυρὸς,
2900 3727 3019 3796 ἦτοι
3053 3725 3147 3779 τοῦ
3180 3728 3362 3781 ἐπάνω
3391 3728 3483 3782 τοῦ
3506 3727 3743 3800 στερεῶ-

2168 3838 2336 3892 ματος
2370 3822 2823 3892 χρηματίζοντος.
2868 3821 3147 3891 Οὐράνιον
3189 3822 3245 3875 δὲ
3285 3823 3397 3893 πῦρ
3434 3825 3612 3877 ἐκεῖνο
3646 3842 3742 3894 μοι

2166 3915 2297 3978 νόει,
2355 3914 2490 3985 ὅπερ
2550 3913 2737 3976 Ἠλίας
2786 3916 3065 3984 προσευχῇ
3124 3916 3440 3984 κατήγαγεν
3494 3917 3587 3967 ἐπὶ
3639 3917 3744 3978 τάς

2171 4005 2432 4074 σχίδακας
2478 4004 2573 4056 καὶ
2615 4004 2675 4055 τὸ
2726 4002 3105 4073 ὁλοκαύτωμα,
3155 4004 3249 4057 καὶ
3288 4005 3413 4066 τούς
3451 4005 3615 4075 ἱερεῖς
3643 4004 3748 4075 τῆς

2166 4094 2449 4164 αἰσχύνης,
2483 4093 2579 4146 καὶ
2604 4094 2730 4155 τοὺς
2756 4094 2997 4163 μηνυτὰς
3017 4093 3116 4164 τῆς
3132 4094 3400 4159 Ἰεζάϐελσ
3434 4095 3620 4147 τούτου
3647 4095 3747 4147 τοῦ

2171 4193 2345 4263 πυρὸς
2384 4194 2733 4261 ἀπαύγασμα
2788 4193 3034 4262 πέφυκεν
3071 4195 3104 4264 ἠ
3138 4192 3418 4265 ἀστραπὴ,
3469 4193 3654 4246 ἔνυλὸν
3686 4208 3749 4245 τε

2171 4286 2266 4338 καὶ
2294 4286 2649 4337 ἐνυπὸστατοι
2664 4324 2675 4337 .

2251 4468 2381 4539 ρξο⁹.
2427 4469 2740 4538 Ἐπιφάνιος
2773 4464 2927 4523 εἶπεν
2958 4485 2971 4500 ο
3003 4466 3147 4540 Ἄρα
3175 4468 3531 4540 ἀληθεύουσιν
3562 4469 3610 4523 οἱ
3656 4471 3755 4523 λέ-

2177 4579 2383 4631 γοντες,
2413 4562 2493 4615 ὅτι
2527 4564 2554 4614 ὁ
2585 4563 2870 4633 προφήτης
2914 4561 3108 4624 ’Ἠλίας
3160 4563 3326 4625 ἐστὶν,
3361 4564 3386 4614 ὁ
3432 4562 3507 4630 τῷ
3538 4560 3753 4630 ἅρματι

2182 4654 2422 4723 βροντῶν
2458 4653 2549 4706 καὶ
2596 4654 2927 4724 ἀστράπτων
2961 4653 3018 4705 ὲν
3052 4655 3171 4716 ταῖς
3217 4653 3407 4721 νεφέλς
3424 4670 3493 4716 ις,
3540 4652 3631 4704 καὶ
3667 4654 3757 4705 ὅτι

2172 4745 2447 4814 ’δράκοντα
2496 4745 2731 4810 διώκει;
2788 4745 2856 4798 ’⁸0
2908 4746 3096 4813 ’Ἄγιος
3151 4742 3329 4812 λέγει’
3366 4745 3457 4816 Μὴ
3516 4746 3754 4811 γένοιτο,

2182 4838 2371 4889 τέκνον
2410 4853 2552 4906 μου⁹
2582 4838 2816 4907 ἐσχάτης
2867 4836 2976 4905 γάρ
3027 4836 3211 4896 ἀνοίας
3268 4834 3426 4887 τοῦτο
3475 4837 3591 4886 ἐστι
3657 4840 3758 4886 καί

2181 4923 2318 4992 ἀκοῇ
2348 4925 2757 4993 παραδέξασθαι
2789 4941 2803 4955 ’
2845 4925 3121 4995 ἀιθρωποι
3147 4927 3251 4995 γάρ
3287 4924 3671 4994 φρενοῦλαόἇς
3694 4921 3761 4987 ἐξ

2180 5013 2387 5075 οἰκείας
2442 5014 2680 5073 διανοίας
2712 5014 2885 5066 ταῦτα
2935 5014 3346 5085 συνεγράψαντο
3372 5030 3385 5045 ο
3423 5013 3609 5083 ῶσπερ
3655 5014 3757 5065 καὶ

2179 5104 2360 5169 τοῦτο,
2388 5106 2467 5157 ὅτι
2492 5108 2558 5157 τά
2599 5106 2859 5174 στρουθία
2879 5108 2905 5159 ὁ
2934 5107 3167 5176 Χριστὸς
3200 5106 3441 5158 ἐναντίον
3471 5105 3576 5157 τῶν
3623 5102 3759 5155 Ἰου-

2185 5197 2346 5251 δαίων
2386 5199 2447 5250 ἐκ
2487 5197 2656 5268 πηλοῦ
2682 5198 3046 5264 διαπλάττων,
3080 5201 3161 5261 είς
3193 5199 3284 5251 τὸν
3338 5199 3474 5268 ἀέρα
3523 5195 3759 5265 ἀπέρρι-

2188 5306 2346 5355 πτεν,
2398 5290 2680 5359 ἐμφυσῶν,
2712 5290 2808 5343 καὶ
2863 5292 3124 5343 ἐπέταντο
3151 5307 3164 5322 ·
3199 5288 3293 5342 καὶ
3349 5289 3510 5343 πάλιν
3545 5289 3577 5356 ἡ
3620 5286 3760 5355 χιὼν

2185 5379 2409 5449 ἀλευρος
2454 5381 2841 5450 ἐχρημάτιζεν.
2885 5380 3099 5450 Ὥσπερ
3143 5379 3199 5432 δὲ
3232 5380 3404 5431 ταύτά
3468 5381 3584 5429 ἐστι
3621 5376 3762 5446 ψεῦο

2186 5474 2294 5539 δος,
2326 5470 2466 5525 ιύτω
2500 5476 2593 5527 καὶ
2647 5475 2786 5528 αὐτά
2815 5473 3005 5541 ψεύδος
3035 5470 3668 5543 καθεστήκασιν,οὸπόσα
3708 5475 3757 5527 οἱ
