4088 6216
409 353 514 416 817

1567 367 1741 427 νιΤΑ
1785 372 1848 431 S.
1889 371 2216 433 ΑΝ-ΟΗΕίΕ
2257 377 2454 438 SAM.

3537 389 3645 454 818

412 462 678 536 αίρετικοὶ
708 463 1060 531 νοθεύσαντες
1086 468 1452 540 ὲδογμάτισαν
1519 475 1784 539 ἀλλΰκοτα
1848 478 1863 548 Ῐ
1893 482 1978 532 xui

2091 484 2384 538 admodum
2439 487 2552 541 haec
2621 497 2798 543 autem
2841 490 3120 557 Splendide
3165 495 3386 550 mentita
3413 537 3428 560 ,
3479 500 3559 553 sic
3597 511 3652 552 et

412 553 518 625 χρὴ
546 553 720 608 ταῦτα
755 557 930 610 πάντα
951 559 1271 632 Χριστιανὸν
1300 565 1375 634 μὴ
1400 567 1805 636 παραδέχεσθαι
1823 569 1984 641 (78,].

419 643 609 709 Ἢλίας
635 645 729 700 οὖν
760 650 837 710 εἰς
866 650 1130 721 οὐρανοὺς
1163 655 1262 708 οὐκ
1292 657 1481 722 ἀνὲὄη,
1510 657 1584 728 μὴ
1606 659 1835 727 γένοιτο,
1863 662 1985 715 οὔτε

410 735 501 788 ἐπὶ
536 737 787 807 ἅρματος
817 740 1107 805 καθέζεται
1131 759 1144 774 ⁸
1175 748 1336 818 χάριν
1366 748 1422 801 δὲ
1453 749 1564 821 ἔχει
1592 753 1682 804 ἐπὶ
1713 753 1804 808 τὸν
1834 754 1987 808 ὑετὸν

410 825 504 879 τοῦ
547 830 888 898 παρακαλεῖν
925 832 1014 885 τὸν
1060 833 1218 899 Θεὸν,
1254 837 1401 901 ὅπως
1443 840 1502 893 ὲν
1548 841 1726 912 καιρῷ
1775 844 1986 915 ἀνύδρῳ

410 916 587 970 Σίδωσι
620 923 685 990 τῇ
717 924 783 990 γῇ
814 922 988 976 ὑετόν
1017 925 1135 978 ἐπεὶ
1167 945 1184 977 ι
1220 929 1410 993 Οὐδεὶς
1430 930 1767 1003 ἀναϐέϐηκεν
1791 937 1868 998 είς
1895 936 1985 989 τὸν

408 1009 652 1079 οὐρανὶν,
678 1015 724 1066 εί
759 1014 832 1085 μὴ
861 1016 890 1068 6
924 1019 987 1071 ὲκ
1011 1017 1103 1072 τοῦ
1137 1021 1368 1091 οὐρανοῦ
1396 1025 1659 1089 καταϐὰς,
1691 1029 1718 1079 6
1746 1028 1872 1090 Υίὺς
1889 1029 1982 1082 τοῦ

408 1101 717 1171 ἀνθρώπου,
771 1107 798 1158 6
847 1106 923 1161 ὢν
962 1110 1019 1162 ἐν
1065 1111 1144 1182 τῷ
1173 1114 1406 1185 οὐρανῷ.
1433 1135 1452 1168 ι
1489 1112 1658 1180 Οὗτος
1701 1120 1757 1172 δὲ
1812 1121 1876 1190 ζῇ
1924 1124 1980 1174 ἐν

412 1196 578 1263 σαρκὶ
612 1196 707 1248 xui.
738 1196 886 1252 ἔστιν
916 1201 1008 1254 ἐπὶ
1045 1203 1171 1273 γῆς,
1209 1206 1310 1258 κᾶν
1339 1208 1516 1272 οὐδείς
1549 1213 1698 1264 ἐστιν
1724 1214 1751 1264 ὀ
1783 1213 1982 1282 γνωρί-

409 1282 518 1347 ζων
549 1287 731 1342 σύτόν.
766 1293 838 1361 Ζῇ
872 1291 927 1344 δὲ
956 1293 1155 1366 Ἑνὼχ,
1191 1301 1284 1352 xui.
1314 1303 1374 1353 ἐν
1415 1303 1565 1374 μέσῳ
1601 1305 1812 1358 πολλῶν
1845 1312 1979 1358 ἀνα-

409 1378 726 1447 στρέφεται.
765 1384 855 1436 xui.
893 1386 1068 1451 οὐδείς
1111 1392 1256 1443 ὲστιν
1284 1394 1310 1445 6
1340 1393 1624 1461 γινώσκων
1673 1399 1855 1453 αὐτόν.
1903 1401 1977 1471 Ζῇ

408 1468 462 1520 δὲ
491 1473 583 1540 καὶ
617 1473 644 1522 6
681 1473 1090 1550 Εὑαγγελιστὴς
1132 1481 1409 1553 Ἰωάννης,
1462 1489 1555 1540 xui.
1594 1487 1742 1542 ἔστιν
1775 1493 1853 1552 είς
1888 1468 1979 1546 τὸν

409 1559 633 1629 κόσμον,
661 1562 848 1633 ὥσπερ
887 1570 1236 1640 μαργαρίτης
1276 1573 1334 1625 ἐν
1365 1576 1516 1646 μέσῳ
1550 1575 1814 1651 βορϐόρου
1847 1582 1979 1651 ἀφε-

408 1652 544 1718 θεὶς,
577 1653 672 1708 τοῦ
706 1651 846 1711 εἶναι
879 1661 936 1712 ὲν
967 1665 1128 1733 σαρκὶ
1167 1667 1258 1718 ἐπὶ
1282 1668 1378 1735 τῆς
1407 1669 1528 1738 γῆς,
1562 1671 1984 1744 ἀντιπρόσωπος.

411 1748 594 1818 Ἰησοῦ
630 1753 866 1822 Χριστοῦ
921 1757 1013 1810 τοῦ
1049 1758 1431 1823 ἐξιλάσκεσθαι
1477 1766 1632 1835 ἡμῶν
1663 1767 1759 1830 τὰς
1791 1771 1976 1841 ἀμαρ-

2091 576 2190 630 ista
2229 592 2256 629 a
2307 579 2538 633 veritate
2576 580 2911 636 alienissima
2961 593 3128 650 sunt,
3175 595 3230 639 et
3269 586 3339 641 ab
3382 588 3654 644 htereticis

2089 666 2396 736 prodigiose
2466 671 2766 724 adulterata
2837 683 3002 739 atque
3064 678 3343 742 conficta,
3408 679 3654 747 adeoque

2087 757 2398 813 Christiano
2447 762 2674 816 cuilibet
2727 764 3041 833 neutiquam
3093 768 3447 823 admittenda.
3500 772 3655 825 Absit

2087 848 2273 917 igitur,
2307 860 2402 905 aut
2433 851 2486 905 iu
2515 854 2684 907 cmios
2712 855 3010 922 invectum,
3061 868 3152 912 aut
3181 859 3234 912 in
3270 876 3432 915 etn'ru
3462 862 3654 915 etiam-

2086 940 2451 996 nutn‘sedere
2501 942 2670 995 Eliam
2702 985 2716 1008 ,
2770 947 3018 1001 dicamus
3072 965 3086 1000 :
3140 948 3189 1002 id
3249 950 3654 1010 verius,istbac

2085 1028 2226 1096 apud
2259 1027 2427 1084 Deum
2464 1033 2700 1103 gaudere
2738 1039 3112 1104 prmrogativa,
3141 1049 3196 1092 ut
3230 1049 3470 1110 tempore
3497 1044 3655 1096 sicci—

2078 1119 2211 1173 tatis
2254 1128 2452 1173 terram
2499 1120 2704 1175 aridam
2740 1125 2918 1192 pluvia
2964 1127 3302 1194 impertiatur
3355 1148 3366 1182 :
3416 1147 3433 1178 ι
3481 1129 3654 1183 Nemo

2084 1209 2284 1278 quippe
2331 1211 2382 1262 in
2429 1211 2627 1264 cmlum
2663 1215 2928 1279 ascendit,
2977 1217 3080 1270 nisi
3116 1217 3207 1284 qui
3259 1219 3538 1274 descendit
3585 1223 3653 1275 de

2083 1298 2240 1364 cmlo,
2299 1297 2470 1355 Filius
2521 1301 2779 1368 hominis,
2828 1306 2920 1374 qui
2974 1316 3055 1360 est
3087 1307 3138 1359 in
3177 1309 3404 1362 c-mlo".
3448 1329 3466 1360 ι
3506 1310 3652 1366 Elias

2084 1402 2235 1451 vero,
2292 1389 2514 1448 indutus
2559 1407 2800 1458 carnem,
2860 1395 2989 1449 vivit
3035 1397 3088 1450 iu
3123 1408 3303 1464 terra;
3357 1417 3516 1453 nemo
3547 1414 3649 1463 est,

2081 1480 2174 1550 qui
2207 1480 2382 1549 ipsum
2421 1486 2739 1552 cognoscit:
2775 1485 2901 1540 \‘ivit
2934 1496 2986 1541 et
3019 1487 3222 1552 Euoch,
3265 1501 3317 1543 et
3359 1492 3649 1546 multorum

2082 1582 2332 1628 versatur
2380 1576 2432 1629 iu
2482 1578 2682 1643 medio,
2715 1595 3024 1650 quanquam
3088 1583 3342 1638 omnibus
3398 1585 3646 1652 ignotus:

2082 1665 2210 1720 vivit
2238 1666 2664 1736 deniquectiam
2707 1668 2947 1725 Joannes
2974 1673 3301 1741 evangelista
3339 1675 3389 1728 in
3425 1676 3648 1736 mundo.

2080 1755 2240 1811 sicuti
2272 1758 2559 1825 margarita
2590 1757 2641 1811 in
2675 1757 2853 1813 medio
2882 1760 3016 1824 luto,
3042 1762 3119 1816 sic
3148 1772 3204 1816 ut
3235 1779 3340 1816 non
3371 1777 3648 1834 appareat,

412 1839 547 1904 τίας,
581 1844 674 1894 καὶ
701 1843 796 1896 τοῦ
824 1846 1193 1918 ἀποστρέφειν
1220 1854 1319 1922 τὴν
1367 1855 1580 1910 δικαίαν
1612 1858 1781 1929 ὀργὴν
1812 1860 1978 1914 αὑτοῦ

2083 1850 2336 1914 latitans,
2401 1863 2459 1904 ut
2509 1850 2562 1904 in
2624 1865 2788 1906 carne
2838 1861 2962 1907 ante
3014 1852 3203 1908 faciem
3262 1855 3390 1909 Jesu
3447 1858 3649 1911 Christi

408 1927 506 2023 τῂν
535 1932 653 1984 καθ’
675 1935 850 2004 ἡμῶν,
885 1939 1122 2009 ὁπηνίκα
1145 1945 1423 2018 πληθυνθῇ
1448 1949 1514 2002 τὰ
1539 1927 1694 2019 ἡμιῦν
1722 1927 1980 2023 πλημμε·

408 2021 623 2091 λήματα
644 2024 735 2079 τοῦ
760 2029 1058 2102 ἀπαλεῖψαι
1081 2034 1223 2104 ἡμᾶς
1255 2035 1341 2090 διὰ
1369 2037 1469 2102 τάς
1499 2039 1775 2112 ἁμαρτίας
1799 2021 1978 2113 ἡμῶν.

407 2114 606 2168 Πολλοὶ
634 2113 730 2171 οῦν
769 2120 877 2173 τῶν
920 2122 1144 2178 δικαίων
1176 2125 1474 2183 ἐθεάσαντο
1518 2131 1700 2198 αὐτὸν,
1733 2134 1852 2187 ἀλλ’
1882 2136 1981 2190 οὔκ

408 2207 764 2280 suavi-putauit
798 2213 961 2269 αὐτὸν
993 2215 1080 2270 διὰ
1115 2218 1174 2270 τὸ
1197 2218 1426 2275 ἄπιστον
1450 2224 1543 2276 καὶ
1568 2224 1862 2295 περίεργον
1880 2226 1981 2297 τῆς

407 2299 758 2372 ἀνθρωπίνης
803 2305 1107 2372 ἀσθενείας.
1139 2309 1303 2365 Ὅθεν
1338 2314 1388 2364 οἱ
1434 2317 1583 2384 τρετς
1631 2311 1777 2369 οὗτοι
1838 2317 1978 2382 ζῶσι

411 2394 578 2466 μέχρι
612 2396 714 2477 ’τῆς
747 2400 1081 2467 συντελείας,
1116 2404 1208 2456 καὶ
1235 2405 1354 2457 τότε
1400 2407 1538 2476 μετά
1577 2407 1670 2460 τοῦ
1711 2409 1980 2480 Ἀντιχρί-

406 2501 532 2537 στου
567 2487 950 2554 παλαίσαντες,
986 2493 1301 2564 νικήσουσιν
1358 2497 1541 2564 αὑτὸν,
1579 2500 1672 2551 καὶ
1705 2498 1847 2551 οὕτω
1889 2499 1980 2552 τὸν

406 2573 498 2627 τοῦ
535 2579 838 2648 μαρτυρίου
871 2582 1136 2652 στέφανον
1165 2586 1521 2656 ἀναδήσανται
1552 2592 1699 2661 παρά
1741 2591 1976 2662 Χριστοῦ

407 2667 504 2722 τοῦ
545 2669 678 2727 Θεοῦ

479 2958 574 3022 ρο’.
610 2951 796 3006 Ταῦτα
828 2954 927 3024 μὲν
953 2953 1144 3019 οὕτως.
1177 2957 1310 3026 Περὶ
1345 2957 1401 3011 δὲ
1425 2958 1519 3012 τοῦ
1550 2960 1724 3015 καίειν
1752 2964 1979 3036 δράκον-

406 3061 472 3098 τα
499 3047 532 3114 ἡ
574 3045 850 3117 ἀστραπὴ,
889 3047 987 3099 οὐκ
1016 3049 1368 3117 ἀμφιϐάλλω,
1401 3050 1600 3121 ἀληθὲς
1636 3057 1745 3124 γάρ
1785 3057 1932 3110 ἐστιν
1959 3072 1972 3086 ·

2082 1941 2403 2011 deprecetur
2437 1958 2535 2012 pro
2593 1945 2828 2012 peccatis
2879 1946 3118 2011 nostris,
3167 1947 3481 2016 iustamque
3532 1949 3652 2017 ejus

2084 2031 2348 2088 adversus
2400 2049 2500 2088 nos
2558 2035 2899 2090 iracundiam
2954 2046 3201 2103 avertat,
3251 2039 3470 2108 quando
3503 2040 3648 2093 deli-
3720 2063 3728 2071 -

2081 2134 2291 2180 ctorum
2318 2136 2629 2181 nostrorum
2663 2129 2930 2198 completo
2971 2145 3200 2185 numero
3240 2131 3520 2186 deleturus
3554 2148 3653 2186 nos

2082 2217 2134 2270 in
2173 2225 2369 2272 terram
2416 2219 2616 2273 veniet.
2656 2219 2804 2273 Multi
2837 2219 3056 2286 quidem
3092 2230 3406 2276 sanctorum
3451 2223 3650 2276 intueri

2083 2307 2231 2362 illum
2271 2319 2626 2373 meruerunt,
2666 2311 2757 2366 sed
2792 2311 2909 2364 aliis
2941 2321 3164 2381 propter
3191 2313 3523 2368 infirmitatis
3555 2314 3652 2367 hu-

2083 2416 2256 2456 mante
2309 2403 2746 2458 incredulitatem
2791 2403 3275 2472 curiositatcmque
3323 2419 3429 2459 non
3478 2408 3651 2458 mani-

2081 2495 2369 2549 festaruut.
2443 2495 2618 2564 Atque
2692 2495 2746 2548 bi
2812 2504 2936 2552 tres,
2992 2495 3060 2548 ad
3119 2497 3649 2552 cousuutu'iatioucm

2081 2587 2272 2645 saeculi
2296 2588 2527 2644 vivendo
2560 2587 2909 2657 pertingcnt,
2961 2588 3473 2658 quando}prarlium
3525 2605 3648 2644 cum

2079 2677 2417 2732 Antichristo
2495 2676 2937 2741 committentes,
2990 2678 3214 2731 victoria
3265 2679 3531 2747 petituri,
3587 2696 3651 2736 ac

2081 2770 2315 2841 gloriosa
2359 2769 2603 2842 martyrii
2657 2783 2856 2824 corona
2913 2784 2944 2824 a
2993 2768 3213 2826 Christo
3267 2771 3496 2826 Domino
3548 2772 3647 2827 do.-

2083 2863 2245 2919 nandi
2282 2874 2427 2918 sunt.

2157 2955 2278 3009 ΠΟ.
2313 2956 2488 3024 Atque
2519 2955 2854 3026 illaquidem
2881 2954 3048 3012 itase
3073 2958 3305 3023 habent,
3355 2959 3430 3013 uti
3465 2959 3650 3014 hacth

2081 3063 2186 3101 nus
2237 3048 2476 3103 diximus
2497 3064 2523 3100 .:
2571 3049 2752 3117 quoad
2787 3047 3078 3104 draconem
3134 3065 3302 3115 vero,
3357 3051 3499 3119 quod
3541 3052 3649 3104 ful-

407 3136 520 3190 ἀλλ’
554 3138 652 3208 οὐχ
685 3142 712 3193 6
744 3143 896 3208 ἅγιος
936 3139 1122 3204 Ἠλίας
1175 3144 1506 3213 ἀστράπτων
1560 3147 1726 3212 ἐστὶν,
1781 3147 1898 3201 ἀλλτ
1947 3149 1976 3204 6

2084 3139 2228 3193 mine
2279 3140 2416 3194 ictus
2468 3139 2598 3194 dare
2649 3155 2841 3211 poenas
2895 3151 3156 3212 cogatur,
3209 3143 3645 3208 nullus/dubito;

408 3233 636 3301 ἄγγελος
676 3235 908 3306 Κυρίου,
943 3237 970 3288 ὁ
999 3237 1079 3298 είς
1123 3235 1283 3289 τοῦτο
1341 3240 1693 3308 τεταγμένος.
1748 3242 1974 3312 Δράκων

407 3323 464 3374 δὲ
502 3324 710 3376 ἐκεῖθεν
744 3325 956 3394 γίνεται
983 3342 996 3356 ·
1034 3327 1230 3398 θεωρεῖ
1250 3330 1276 3381 6
1295 3327 1502 3399 δαίμων
1529 3331 1654 3394 τοὺς
1675 3333 1847 3402 ὄφεις,
1880 3336 1976 3386 xui.

412 3413 515 3486 [εἰς
546 3411 657 3468 οἷον
686 3417 890 3486 ἀρέσθη
917 3418 1027 3486 (79)
1055 3416 1096 3488 ],
1129 3419 1262 3471 ὅπου
1294 3419 1464 3484 ἐστὶν,
1505 3422 1831 3493 εἰσέρχεται,
1883 3426 1976 3480 καὶ

409 3505 615 3572 γίνεται
645 3507 920 3576 σύμφυτος
950 3507 1113 3561 αὑτοῦ
1149 3510 1243 3563 καὶ
1273 3509 1674 3580 συνανάτροςρος
1703 3515 1798 3565 καὶ
1841 3531 1974 3583 συγ-

411 3598 716 3667 κακοῦργος
745 3615 759 3628 ο
795 3600 891 3652 xui.
925 3601 1312 3666 προϐαίνοντος
1340 3601 1434 3653 τοῦ
1469 3603 1684 3674 καιροῦ,
1732 3605 1977 3676 ἀπεργά-

411 3688 561 3752 ζεται
585 3693 611 3739 6
637 3691 845 3760 δαίμων
873 3692 964 3744 τὸν
1000 3692 1472 3763 δφιννφαντασμὸν
1497 3697 1670 3765 μέγαν
1700 3700 1791 3752 καὶ
1817 3700 1978 3767 φοϐε-

413 3782 506 3850 ρὸν
539 3782 633 3834 καὶ
664 3782 890 3853 θρασὺν,
925 3786 1017 3838 καὶ
1048 3787 1218 3839 κακὸν
1252 3786 1480 3858 σφόδρα,
1517 3789 1610 3842 καὶ
1651 3791 1712 3842 οὐ
1746 3793 1976 3860 χωρίζε-

408 3892 499 3928 ται
523 3873 689 3928 αὐτοῦ
723 3875 782 3928 τὸ
814 3877 1056 3945 σύνολον,
1093 3877 1230 3930 ἀλλὰ
1267 3879 1420 3948 μένει
1451 3883 1510 3933 ὲν
1541 3881 1689 3953 αὐτῷ
1721 3882 1978 3953 βλάπτων

415 3965 686 4036 μεγάλως.
727 3966 1015 4021 Ἐντεῦθεν
1044 3969 1072 4021 6
1099 3969 1222 4038 ὄφις
1259 3970 1468 4036 γίνεται
1501 3972 1742 4042 δράκων,
1787 3973 1977 4044 θηρίον

409 4060 608 4128 πικρὸν
660 4058 755 4110 καὶ
810 4057 1173 4123 ἑξωλέστατον
1228 4060 1342 4132 [καὶ
1398 4063 1509 4116 ἔστι
1561 4063 1659 4132 μὲν
1701 4064 1797 4118 xui.
1847 4066 1978 4119 αὐτὸ

409 4149 535 4202 καθ’
562 4149 725 4202 ἑαυτὸ
772 4150 943 4204 κακὸν
974 4149 1135 4223 (80)],
1172 4153 1288 4205 ἀλλ’
1323 4153 1564 4208 ἐνδύεται
1610 4156 1704 4209 καὶ
1744 4156 1835 4208 τὸν
1865 4157 1978 4212 διάτ

417 4239 593 4304 ϐολον,
620 4242 715 4294 xui.
739 4243 950 4309 γίνεται
978 4243 1198 4296 διπλοῦν
1243 4245 1304 4298 τὸ
1353 4247 1521 4298 κακὸν
1572 4247 1714 4300 κατὰ
1762 4248 1856 4301 τὸν
1896 4249 1981 4301 λέ-

411 4347 576 4398 γοντα
608 4349 624 4364 ο
659 4325 830 4400 Εὗρεν
868 4335 896 4384 6
931 4334 1179 4396 Σατανᾶς
1224 4334 1317 4387 τὸν
1359 4335 1624 4393 διάϐολον.
1676 4339 1843 4392 Ὅταν
1885 4335 1979 4393 οῦν

409 4423 663 4496 δῖανοηθῇ
700 4426 727 4477 6
759 4425 1032 4494 διάϐολος,
1065 4431 1092 4482 6
1140 4426 1198 4479 ὲν
1241 4426 1318 4497 τῷ
1347 4426 1489 4496 ὄφει,
1524 4427 1762 4495 ἐξελθεῖν
1790 4431 1979 4485 ὲκ-τοῦ

2081 3241 2165 3287 est
2205 3231 2349 3286 enim
2385 3232 2600 3287 veritati
2649 3247 2948 3289 consonum
3004 3252 3032 3290 :-
3082 3242 3476 3291 attamen-Anon
3534 3235 3646 3288 Elia

2081 3321 2397 3379 moderante
2433 3333 2487 3379 et
2529 3325 2809 3395 iaculante
2858 3325 3121 3393 fulmina,
3165 3328 3260 3382 sed
3311 3328 3501 3397 angelo
3545 3327 3647 3379 Do-

2081 3416 2216 3470 mini
2251 3416 2317 3471 ad
2359 3417 2464 3472 hoc
2495 3417 2799 3487 designato.
2827 3418 2966 3472 Audi
3009 3434 3142 3474 vero
3191 3419 3446 3476 draconis
3487 3421 3651 3488 origi-

2080 3522 2226 3562 nem.
2257 3507 2579 3577 Conspectis
2607 3508 2816 3565 daamon
2853 3511 3218 3579 serpentibus,
3267 3524 3649 3580 quemcunque

2078 3601 2195 3655 vult
2227 3600 2566 3672 ingreditur,
2622 3617 2749 3659 cum
2796 3603 3000 3674 illoque
3037 3603 3201 3659 unius
3245 3604 3649 3674 quodammodo

2078 3704 2286 3750 naturae
2318 3697 2394 3760 fit,
2424 3705 2560 3752 'cum
2600 3696 2692 3751 illo
2743 3698 3004 3751 malitiam
3050 3713 3205 3752 suam
3239 3699 3645 3753 communicat:

2081 3786 2408 3854 procedente
2438 3795 2621 3838 autem
2658 3794 2905 3854 tempore
2928 3824 2944 3850 ,
2980 3795 3252 3856 spectrum
3285 3787 3410 3842 inde
3451 3787 3651 3842 format

2080 3877 2447 3937 immensum,
2499 3875 2762 3941 terribile,
2810 3876 2986 3930 audax
3048 3887 3210 3944 alque
3272 3878 3648 3944 vaferrimum,

2081 3980 2110 4019 a
2153 3978 2260 4035 quo
2310 3980 2407 4019 nec
2453 3966 2520 4020 ad
2571 3966 2740 4020 latum
2777 3982 3010 4036 unguem
3057 3967 3343 4024 discedens
3391 3980 3650 4026 constans

2081 4057 2257 4112 incola
2291 4098 2306 4122 ,
2365 4058 2472 4112 late
2530 4058 2840 4112 vastitatem
2884 4072 2949 4112 ac
2997 4057 3256 4113 damnum
3312 4060 3656 4116 circuniferu

2081 4145 2221 4202 Hinc
2259 4149 2477 4202 tandem
2523 4164 2748 4219 serpens
2791 4149 2879 4204 ille
2914 4150 2974 4203 fit
3011 4150 3175 4204 draco
3201 4190 3220 4215 ,
3274 4150 3386 4204 fera
3429 4152 3655 4207 immitis

2079 4252 2136 4296 et
2170 4240 2408 4294 maxime
2445 4240 2779 4309 perniciosa,
2811 4256 2932 4310 quae
2971 4241 3188 4309 quidem
3234 4255 3301 4295 ex
3345 4242 3503 4295 insita
3545 4243 3649 4296 sibi

2081 4344 2276 4385 natura
2333 4331 2468 4384 satis
2504 4331 2706 4394 noxia,
2763 4345 2857 4400 per
2902 4331 3291 4386 iubabitantem
3346 4331 3650 4386 daemonem

2083 4425 2246 4494 duplo
2293 4425 2616 4479 malitiosior
2669 4424 2765 4488 fit,
2817 4439 2884 4478 ex
2921 4434 3102 4479 mente
3137 4425 3304 4490 illius,
3355 4426 3444 4495 qui
3477 4426 3650 4480 dicit:

411 4515 616 4584 φωλεοῦ
657 4517 823 4570 αὑτοῦ
854 4517 949 4571 τοῦ
979 4517 1200 4589 βλάψαι,
1233 4521 1264 4593 ἢ
1319 4522 1582 4576 ἀπολέσαι
1631 4521 1976 4592 ἀνθρώπους,

2085 4512 2304 4582 Reperit
2352 4513 2584 4568 Satanas
2624 4514 2924 4571 diabolum.
2976 4514 3206 4580 Quando
3257 4515 3422 4586 igitur
3477 4517 3652 4570 visum

410 4608 607 4677 θεωρεῖ
634 4611 661 4661 6
688 4609 821 4673 Θεὸς
852 4609 1081 4677 ἀνωθεν,
1115 4613 1208 4666 καὶ
1260 4614 1335 4684 μὴ
1371 4614 1540 4667 θέλων
1594 4615 1846 4682 γενέσθαι
1880 4632 1976 4672 κατ

408 4701 527 4764 κον,
559 4699 705 4754 νεύει
757 4701 834 4772 τῷ
876 4703 1094 4773 ἀγγέλῳ
1139 4705 1238 4773 τῆς
1294 4705 1600 4776 ἀστραπῆς,
1635 4707 1729 4759 καὶ
1776 4705 1978 4768 εὐθέως

408 4791 640 4861 ἄρχεται
674 4793 817 4846 κατά
845 4793 937 4846 τοῦ
960 4794 1254 4865 δράκοντος
1285 4795 1532 4867 βροντᾷν,
1585 4796 1678 4850 καὶ
1715 4796 1978 4850 ἀποστέλο

406 4882 489 4935 λει
518 4887 612 4938 τὸν
635 4886 846 4954 σίφωνα
875 4887 975 4955 τῆς
1005 4887 1318 4958 ἀστραπῆς,
1360 4887 1456 4941 καὶ
1478 4887 1765 4941 κατακαίει
1793 4887 1974 4941 αὐτόν.

419 4976 480 5026 Ὅ
515 4976 574 5028 δὲ
601 4976 870 5041 διάϐολος,
902 4977 932 5030 6
968 4976 1028 5030 ὲν
1052 4978 1130 5048 τῷ
1163 4979 1304 5047 ὕφει.
1335 4978 1845 5050 ὑπερασπιζόμενος
1878 4978 1980 5032 αὐ-

403 5065 516 5131 τὸν,
571 5068 720 5138 αἴρει
775 5069 941 5122 aut-60
969 5070 1027 5122 ὲν
1063 5071 1142 5139 τῷ
1169 5071 1315 5140 ἀέρι,
1352 5071 1447 5124 xui.
1485 5070 1676 5139 φεύγει
1727 5069 1974 5124 ἀπὸτοῦ

404 5158 637 5229 φοϐεροῦ
675 5159 842 5229 φόϐου
875 5161 972 5214 xui.
1020 5163 1225 5231 τρόμου
1277 5165 1375 5232 τῆς
1402 5163 1710 5232 ἀστραπῆς.
1755 5162 1976 5229 Φεύγων

404 5251 461 5305 δὲ
506 5253 837 5320 ἀγωνίζεται
865 5257 945 5318 εἰς
975 5255 1265 5325 ἄνθρωπον
1289 5256 1799 5326 ἀποκρεμασθῆναι,
1829 5257 1978 5320 ὅπως

403 5345 432 5397 6
464 5345 598 5410 Θεὸς
638 5348 956 5418 φειδόμενος
987 5345 1082 5399 τοῦ
1113 5346 1425 5417 ἀνθρώπου,
1460 5345 1635 5417 ἀφεθῇ
1673 5348 1925 5411 κάκεῖνος
1960 5364 1974 5380 ο

471 5542 516 5574 ³⁸
553 5538 716 5595 Joan.
745 5555 826 5604 ut,
863 5541 946 5594 15.

443 5703 588 5771 ιν(78)
628 5703 730 5757 Ms.
794 5701 970 5760 Vatic.
1033 5706 1117 5758 ἵνα
1161 5703 1473 5766 ἐπίστασαι,
1510 5741 1524 5764 ,
1577 5705 1670 5756 καί
1725 5703 1827 5772 χρὴ
1877 5704 1978 5765 πᾶς

402 5774 734 5839 Χριστιανὸς
763 5773 868 5828 τῶν
908 5776 1163 5830 τοιούτων
1179 5772 1635 5843 ἀποστρέφεσθαι.

2084 4617 2168 4660 est
2190 4606 2446 4669 dmmoni,
2477 4616 2785 4678 serpentem
2819 4606 3097 4673 incolenti,
3130 4609 3346 4678 prodire
3372 4624 3402 4663 e
3432 4608 3660 4664 latebris

2085 4698 2222 4762 suis,
2277 4698 2590 4752 hominibus
2646 4699 2876 4754 nocendi
2926 4715 2990 4754 ac
3046 4699 3322 4754 interitum
3384 4698 3657 4755 inferendi.

2085 4805 2286 4856 causa;
2329 4791 2380 4845 id
2429 4791 2740 4860 speculatus
2788 4793 3023 4862 desuper
3062 4793 3242 4859 Deus,
3291 4807 3400 4847 non
3442 4793 3651 4862 patiens

2084 4882 2150 4936 ad
2203 4881 2408 4936 exitum
2445 4881 2670 4952 perduci
2720 4883 2926 4938 nefaria
2980 4882 3370 4939 machinatoris
3402 4883 3655 4948 consilia,

2084 4973 2274 5044 angelo
2316 4974 2529 5028 fulmini
2562 4974 2851 5044 praefecto,
2881 4991 2943 5029 ea
2977 4975 3157 5029 statim
3185 4975 3373 5029 divino
3401 4983 3528 5029 nutu
3567 4975 3652 5026 in.

2085 5067 2272 5121 dicat:
2315 5067 2362 5122 is
2395 5074 2577 5122 autem
2618 5069 2881 5122 continuo
2927 5075 3119 5122 contra
3164 5067 3458 5124 draconem
3509 5067 3662 5149 ciere.

2088 5161 2348 5226 tonitrua,
2383 5161 2631 5214 emittere
2667 5160 2911 5216 fulminis
2940 5163 3252 5232 siphonem,
3281 5169 3358 5219 ,et
3398 5159 3545 5214 omni
3587 5175 3649 5212 ex

2087 5262 2240 5322 parte
2266 5251 2500 5306 flammis
2528 5252 2706 5321 ipsum
2741 5253 3022 5308 infestare.
3051 5252 3187 5307 Tum
3223 5266 3349 5306 vero
3377 5249 3652 5312 diabolus,

2087 5345 2356 5412 serpentis
2389 5343 2589 5404 incola,
2620 5345 2991 5402 imminentem
3026 5344 3392 5401 calamitatem
3424 5341 3653 5412 propul-

2162 5701 2270 5775 (79)
2314 5701 2538 5775 ibidem,
2571 5700 2708 5775 ὅπου
2742 5697 2909 5775 ἐστηίντ
2985 5767 2994 5775 ,
3233 5766 3244 5775 .
3304 5766 3324 5775 -

2162 5766 2272 5842 (80)
2315 5771 2536 5837 Ibidem,
2573 5770 2752 5822 οὐκ-ὲν
2782 5769 2864 5841 τῷ
2892 5767 3155 5838 ὑπάρχειν
3189 5766 3332 5839 αὑτῷ
3365 5768 3577 5824 xxx/1V..-
