4088 6216
489 395 597 462 819

1561 407 1987 471 NICEPHORI
2028 402 2504 468 PRESBYTERI
2547 404 2650 468 ΟΡ.

3585 351 3594 358 ”
3639 395 3748 458 820

491 520 736 579 saturus,
766 512 819 568 in
844 514 1078 571 sublime
1101 532 1160 572 se
1193 518 1366 584 tollit;
1400 534 1464 574 ac
1494 534 1588 589 per
1617 535 1796 575 aerem
1832 521 2066 591 fugiens,

2175 520 2291 572 ἀλλ’
2326 517 2483 581 είδὼς
2535 519 2563 570 ὁ
2610 516 2678 568 τὰ
2719 515 3006 585 ἀπόρρητα
3057 507 3418 579 ἐπιστάμενος
3469 505 3605 570 Θεδς
3655 509 3752 560 τὸν

493 602 739 658 terribile
768 619 831 659 ac
874 605 1172 662 violentum
1223 608 1407 678 fulgur
1455 609 1695 664 declinat
1733 629 1748 665 :
1793 611 1937 664 inter
1985 609 2070 663 l'u-

492 695 749 762 giendum
806 711 972 763 vero,
1033 699 1086 752 id
1143 702 1394 756 studiose
1438 702 1587 772 agit,
1635 712 1692 756 ut
1745 701 1943 757 alicubi
2001 715 2066 754 ex

493 789 714 844 homine
757 805 1062 861 suspensus
1112 802 1365 857 maneat,
1397 810 1532 863 quo,
1571 808 1792 863 parcere
1819 793 2070 865 cupiente

496 879 606 933 Deo
665 879 906 946 homini,
955 882 1059 952 ipsi
1110 899 1330 952 quoque
1382 894 1654 952 parcatur.
1714 884 1910 939 Verum
1977 886 2068 954 qui

494 969 867 1026 occultissima
903 987 1135 1042 qumque
1169 975 1427 1043 perspicit
1467 972 1648 1038 Deus,
1697 975 1917 1043 cognito
1975 991 2071 1027 nc-

497 1062 802 1119 t‘andissimi
856 1065 1083 1134 spiritus
1140 1064 1408 1132 consilio,
1463 1068 1554 1122 dat
1603 1068 1817 1137 signum
1873 1067 2066 1135 angelo

494 1155 774 1224 praedicto,
806 1157 994 1213 dicens
1028 1176 1041 1213 :
1076 1159 1230 1213 Tolle
1267 1169 1320 1214 et
1355 1160 1592 1215 amicum
1645 1161 1852 1230 pariter
1880 1171 1932 1214 et
1965 1159 2068 1214 ini-

493 1249 696 1302 micum
733 1265 749 1314 ;
787 1249 839 1304 id
898 1259 1028 1317 est,
1082 1251 1524 1320 quandoquidem
1594 1252 1736 1320 apud
1794 1252 2065 1305 hominem

488 1341 692 1407 justum
725 1341 826 1396 sibi
862 1343 1070 1411 asylum
1104 1345 1377 1413 quazsierit
1407 1343 1777 1413 nequissimus
1801 1385 1817 1409 ,
1861 1351 2071 1396 utrum-

489 1449 597 1500 que
623 1448 802 1488 crema
835 1452 848 1489 :
884 1434 1148 1490 famulum
1189 1451 1290 1504 ego
1328 1451 1508 1491 meum
1545 1436 1666 1490 dein
1696 1433 2067 1487 consolatione

489 1525 756 1596 dignabor
804 1531 1134 1599 copiosiore.
1213 1529 1457 1600 Denique
1510 1531 1822 1597 ubicunque
1877 1527 2070 1596 depre-

2172 609 2376 663 axmt’w
2409 607 2503 660 τοῦ
2531 607 2786 674 ματαίου,
2812 607 2981 656 ἔδωκε
3027 603 3254 671 σημεῖον
3277 599 3353 668 τῷ
3379 599 3598 668 ἀγγέλῳ
3645 600 3750 667 τῆς

2172 700 2461 771 ἀστραπῆς
2491 700 2669 769 φήσας
2705 715 2718 728 ·
2751 692 2921 766 *Αρον
2963 693 3118 762 φίλον
3169 693 3265 744 σὺν
3309 689 3488 761 ἐχθρῷ
3516 707 3530 721 ο
3590 691 3752 743 τοὺτ-

2173 795 2341 857 ἐστιν,
2385 794 2468 846 ὅτι
2512 793 2616 846 κᾶν
2661 793 2741 854 είς
2786 790 2939 858 ἆγιον
2994 784 3306 857 προσφύγῃ,
3347 783 3552 838 καῦσον
3587 784 3756 836 αὐτὸν

2178 888 2274 938 σὺν
2301 884 2470 954 αὐτῷ,
2506 884 2598 936 καὶ
2629 881 2740 951 ἐγὼ
2760 881 2852 933 τὶν
2876 879 3062 932 δοῦλόν
3091 895 3193 943 μου
3219 877 3464 938 πλείονος
3493 893 3643 945 παρα
3656 893 3761 943 μυ-

2176 974 2296 1036 θίας
2326 973 2655 1044 ἀξιώσομαι.
2687 972 2888 1026 Λοιπὸν
2929 971 3066 1023 ὅπου
3113 968 3396 1039 καταλάϐῃ
3430 967 3611 1027 αὑτὸν,
3647 968 3759 1017 xiv

2175 1067 2271 1119 ἐπὶ
2295 1066 2534 1137 δένδρον,
2568 1065 2674 1119 κᾶν
2712 1065 2806 1118 ἐπὶ
2838 1062 3085 1133 κάμπου,
3134 1060 3235 1114 κᾶν
3267 1062 3324 1112 ὲν
3355 1059 3522 1128 οἰκίᾳ,
3555 1058 3658 1111 κᾶν
3696 1059 3757 1110 ἐν

2174 1159 2360 1229 πλοίῳ,
2397 1159 2503 1212 κᾶν
2547 1160 2640 1210 ἐπὶ
2691 1155 2966 1225 ἀνθρώπῳ
3013 1152 3361 1225 προσφεύγῃ,
3410 1154 3528 1205 ἐκεῖ
3585 1151 3750 1204 αὑτὸν

2174 1250 2446 1302 πατάσσει
2483 1248 2577 1300 καὶ
2628 1247 2904 1318 τεφρόνει,
2938 1243 3030 1297 καὶ
3078 1243 3176 1314 τὴν
3216 1243 3376 1311 φύσιν
3422 1241 3587 1294 αὑτοῦ
3639 1241 3758 1294 δια·-

2175 1340 2413 1410 φθείρει·
2438 1339 2528 1393 τὸν
2556 1339 2612 1392 δὲ
2637 1339 2882 1392 Σατανᾶν
2911 1336 3132 1404 δεσμοῖς
3165 1333 3380 1396 ἀλύτοις
3411 1333 3752 1395 ὑποϐάλλων,

2171 1435 2238 1504 τῇ
2289 1433 2544 1502 ἀστραπῇ
2590 1429 2885 1484 κατακαίει
2935 1427 3098 1498 μέχρι
3148 1426 3249 1497 τῆς
3290 1427 3597 1490 συντελεέας
3649 1427 3754 1492 τῆς

2177 1527 2564 1598 πληρεστάτης
2591 1525 3021 1586 ἀνταποδόσεως.

488 1620 1054 1677 Ιιςιιιίθιοὶιιιτειοοιιειιι
1100 1625 1459 1693 angelus,seu
1524 1624 1577 1676 in
1637 1620 1849 1687 arbore,
1891 1621 2002 1676 sive
2041 1621 2068 1675 i:

2171 1635 2367 1690 ’θηῖυον
2428 1619 2482 1673 in
2517 1619 2722 1683 domo.
2811 1620 2866 1674 ill
2929 1621 3164 1690 navigio,
3221 1620 3274 1673 in
3321 1619 3572 1678 homine;
3624 1614 3754 1668 istic

489 1717 665 1786 ipsum
695 1718 950 1787 percutit,
984 1719 1038 1773 in
1071 1719 1281 1774 cineres
1319 1719 1550 1788 redigit,
1597 1728 1650 1772 et
1705 1725 1958 1771 naturam
1996 1717 2215 1786 penitus
2286 1714 2586 1785 disperdit;

2661 1713 2924 1768 Satanam
3006 1730 3133 1770 vero
3197 1713 3403 1768 catenis
3478 1709 3611 1765 solvi
3658 1723 3778 1761 ιιε-ί

487 1815 616 1868 sciis
647 1816 1000 1869 constrictum
1024 1853 1040 1880 ,
1072 1815 1135 1880 ad
1172 1827 1478 1870 extremum
1513 1831 1686 1886 usque
1709 1814 1900 1886 judicii
1937 1814 2079 1869 diem
2119 1813 2243 1882 igne
2287 1811 2550 1865 fulmineo
2593 1812 2890 1880 torquebit.

562 1910 689 1963 ΠΙ.
729 1909 1109 1980 lnterloquens
1149 1913 1346 1966 iterum
1378 1912 1716 1981 Epiphanius
1748 1929 1761 1965 :
1798 1911 1923 1976 Nix,
1967 1911 2064 1973 ait,
2102 1916 2141 1970 Β

488 2013 651 2068 φησι
703 2001 936 2056 subinde
987 2018 1018 2057 e
1067 2004 1206 2058 coelo
1254 2004 1430 2059 delabi
1464 2005 1870 2074 conspicimus,
1925 2003 2067 2057 unde

489 2089 740 2154 albescit,
772 2101 864 2145 aut
898 2091 1041 2147 unde
1064 2095 1370 2149 concrescit
1395 2095 1447 2148 in
1477 2095 1715 2150 ﬂoccos?
1757 2094 2068 2165 Respondet

489 2180 740 2237 Andreas
773 2199 786 2236 :
823 2183 877 2237 In
917 2193 1195 2254 comperto
1224 2193 1305 2240 est.
1330 2227 1344 2250 ,
1391 2201 1531 2254 aqua
1563 2186 1617 2241 in
1648 2186 1888 2241 nubibus
1933 2187 2066 2242 resi-

489 2274 686 2341 dente,
733 2275 890 2346 jussu
927 2275 1018 2331 Dei
1071 2292 1101 2331 e
1147 2277 1492 2334 ﬁrmamento
1538 2279 1756 2350 prodire
1790 2279 2070 2349 spiritum,

489 2368 705 2423 laneum
756 2367 1048 2423 candorem
1107 2383 1219 2438 pra:
1265 2355 1325 2424 se
1377 2368 1676 2437 terentem;
1729 2387 1962 2441 eumque
2011 2371 2065 2426 in

493 2459 667 2514 nubes
712 2473 852 2528 aqua
901 2457 1136 2514 refertas
1173 2460 1456 2530 delapsum
1485 2500 1500 2524 ,
1553 2460 1856 2515 albedinem
1911 2476 2066 2515 suam

490 2561 617 2600 cum
671 2545 769 2601 illa
811 2548 1220 2603 communicare
1261 2566 1274 2602 :
1318 2565 1384 2604 eo
1438 2549 1550 2604 fere
1591 2551 1772 2614 modo,
1822 2565 1930 2620 quo
1977 2565 2066 2604 ros

490 2653 672 2694 ceram
715 2639 954 2693 dealbat.
988 2638 1107 2694 Jam
1149 2656 1280 2696 vero
1309 2657 1450 2712 aqua
1487 2643 1574 2697 illa
1624 2659 1718 2713 per
1757 2657 1939 2698 aerem
1979 2643 2068 2698 dc-

490 2732 722 2797 labeus‘,
770 2749 873 2788 non
907 2734 1088 2787 tenuis
1114 2746 1164 2788 et
1201 2735 1420 2788 minutae
1453 2736 1696 2804 guttulae,
1733 2736 1908 2804 qualis
1945 2743 2068 2806 post

493 2835 653 2874 suum
691 2836 758 2876 ex
801 2821 1066 2876 immensa
1116 2823 1240 2876 οωιὶ
1293 2823 1577 2877 altitudine
1623 2825 1949 2879 descensum
2014 2827 2065 2879 in

491 2922 634 2965 terra
671 2913 1038 2980 conspicitur,
1073 2915 1168 2967 sed
1199 2915 1418 2982 copiosa
1451 2917 1855 2984 conjunclaqtte
1887 2932 2065 2970 massa

490 3012 608 3066 est;
672 3017 796 3072 quae
854 3004 993 3056 inter
1045 3003 1346 3058 cadendum
1407 3007 1606 3061 multas
1666 3008 1717 3060 in
1774 3009 2066 3076 particulas

491 3094 698 3156 divisa,
751 3095 966 3148 tandem
1021 3096 1086 3150 ad
1145 3111 1245 3152 nos
1304 3098 1572 3167 pervenit.
1625 3098 1920 3154 Considera
1980 3101 2066 3153 hic

494 3195 676 3238 autem
709 3184 1086 3241 admirandam
1118 3186 1206 3241 Dci
1237 3190 1532 3257 potentiam
1562 3207 1576 3256 ;
1616 3192 1907 3261 qumnpdo,
1944 3206 2064 3244 cum

494 3275 595 3344 ipsi
660 3277 906 3342 libuerit,
948 3277 1112 3333 faciat
1152 3256 1387 3349 pluviam
1425 3281 1476 3334 in
1518 3283 1746 3336 rotunda
1783 3256 2062 3336 densatam
2094 3256 2134 3312 ε

494 3384 684 3435 grana,
714 3383 835 3438 quae
865 3371 1184 3440 grandinem
1229 3373 1500 3440 appellare
1531 3373 1938 3435 consuevimus,
1973 3373 2066 3426 de-

492 3459 728 3515 cidere:
789 3462 1098 3529 quomodo,
1151 3477 1273 3516 cum
1338 3462 1438 3532 ipsi
1502 3462 1757 3526 libuerit,
1818 3464 2062 3518 eamdem

493 3550 732 3618 pluviam
785 3550 985 3604 formet
1027 3551 1080 3604 in
1112 3551 1327 3605 mollem
1364 3552 1540 3606 nivem
1564 3590 1580 3614 ,
1615 3567 1776 3620 quam
1813 3553 1949 3606 lanae
1985 3553 2064 3607 si-

493 3641 676 3692 milem
725 3640 1063 3695 descendere
1117 3641 1170 3694 in
1222 3651 1422 3694 terram
1478 3643 1847 3714 conspicimus
1882 3662 1895 3698 :
1927 3661 2065 3714 quo-

495 3728 658 3782 modo
684 3729 940 3798 denique,
971 3744 1094 3783 cum
1125 3730 1366 3796 libuerit,
1394 3732 1579 3803 jubeat
1605 3750 1800 3804 aquam
1835 3737 2068 3790 transire

493 3819 546 3870 iu
579 3818 830 3888 glaciem,
888 3829 940 3874 et
997 3822 1138 3876 hanc
1187 3822 1382 3877 iterum
1435 3825 1488 3879 in
1526 3839 1744 3895 aquam.
1801 3825 2064 3883 Mirabilis

495 3926 729 3979 namque
765 3911 818 3965 in
850 3912 932 3966 his
964 3915 1220 3970 omnibus
1244 3925 1327 3970 cst
1361 3915 1642 3973 Dominus.

573 4003 689 4058 £12.
723 4003 786 4059 Et
819 4004 1153 4075 Epiphanius
1179 4047 1195 4072 ,
1243 4022 1366 4062 mox
1401 4009 1560 4063 aliam
1595 4011 1888 4080 subjiciens
1917 4028 2066 4082 quae-

492 4095 721 4150 stionem
755 4113 768 4149 :
803 4094 1107 4160 Quomodo.
1143 4097 1351 4167 inquit,
1384 4099 1848 4169 interpretandum
1909 4111 2067 4170 putas

493 4190 638 4259 quod
673 4189 806 4243 dicit
855 4187 1177 4258 Propheta:
1214 4208 1232 4240 ι
1271 4189 1409 4255 Quia
1458 4192 1598 4245 calix
1647 4192 1698 4244 in
1747 4207 1910 4246 manu
1964 4193 2068 4248 Do-

497 4283 630 4336 mini
680 4281 786 4335 viui
845 4283 976 4336 meri
1014 4282 1208 4350 plenus
1260 4283 1440 4338 misto.
1465 4283 1526 4337 Et
1557 4284 1836 4340 inclinavit
1865 4301 1931 4340 ex
1965 4286 2067 4341 hoc

500 4373 552 4426 in
600 4375 703 4429 hoc
729 4392 742 4429 :
773 4382 1148 4430 verumtamen
1194 4375 1292 4429 faex
1323 4375 1440 4439 ejus
1475 4391 1580 4429 non
1621 4383 1704 4430 est
1740 4377 2017 4431 exinanita
2047 4393 2066 4432 :

495 4468 685 4522 bibent
752 4483 946 4523 omnes
986 4479 1296 4537 peccatores
1335 4480 1492 4524 terrae
1541 4470 1624 4523 “1'
1660 4489 1678 4522 ι
1729 4469 2064 4526 Solutionem

494 4572 626 4610 vero
659 4558 733 4610 ita
770 4557 954 4610 statim
996 4558 1181 4612 subdit
1230 4559 1475 4613 Andreas
1515 4575 1531 4613 :

495 4647 629 4700 dixit
661 4665 674 4700 :
717 4665 736 4698 ι
776 4647 833 4700 Si
860 4647 984 4716 quis
1030 4649 1178 4712 sitit,
1219 4651 1397 4704 veniat
1436 4651 1501 4706 ad
1537 4669 1642 4716 me,
1684 4667 1737 4708 et
1769 4655 2005 4710 bibat”.
2042 4675 2060 4708 ι

496 4736 650 4791 Calix
708 4737 872 4806 igitur
919 4746 1004 4793 est
1051 4738 1210 4794 Jesus
1261 4741 1552 4808 Christus,
1597 4759 1758 4799 verus
1811 4745 1953 4800 Deus
2007 4755 2062 4801 et

501 4831 686 4883 homo.
717 4829 867 4884 Calix
926 4830 1322 4886 humanitatem
1364 4833 1546 4898 illius,
1595 4836 1779 4890 vinum
1831 4853 2064 4901 merum,

497 4921 726 4989 simplex
788 4920 1015 4978 Deitatis
1064 4922 1302 4978 Verbum
1354 4925 1664 4980 adumbrat.
1734 4929 1874 4981 Nam
1925 4930 2066 4984 sicut

495 5018 681 5069 vinum
721 5031 826 5071 non
863 5024 1080 5071 tenetur
1110 5019 1213 5072 nisi
1257 5020 1310 5072 in
1349 5035 1510 5087 vase;
1545 5021 1623 5075 sic
1665 5021 1871 5088 absque
1901 5037 2064 5076 carne

491 5125 597 5183 pou
629 5118 815 5180 posset
851 5110 942 5164 Dei
975 5111 1237 5180 sapientia
1268 5112 1561 5167 invisibilis
1591 5129 1712 5166 cum
1753 5114 2064 5170 hominibus

488 5203 773 5256 visibiliter
823 5203 1158 5258 conversari.
1201 5204 1260 5257 lu
1317 5219 1482 5258 tnanu
1531 5205 1712 5274 itaque
1763 5203 1937 5261 Patris
1982 5221 2063 5262 est

545 5382 602 5431 .“
646 5383 790 5436 l‘snl.
829 5396 1015 5445 Lxxnv,
1051 5380 1106 5436 9.
1181 5382 1224 5414 ⁸⁵
1263 5380 1420 5438 Joau.
1461 5397 1554 5444 vn,
1591 5383 1676 5438 57.

563 5562 789 5636 (81)]ιιι
843 5565 1047 5620 mutavi
1077 5605 1090 5629 ,
1149 5567 1273 5618 licet
1304 5579 1408 5618 ms.
1445 5563 1619 5618 Yatic.
1663 5567 1882 5636 καιρὸν,
1924 5568 2059 5624 Maz.

493 5635 743 5696 σκληρῶν
777 5635 988 5691 habeat.

561 5699 674 5778 (8?)
717 5699 988 5778 Prolixius
1024 5707 1252 5778 hiems.
1305 5703 1488 5778 Yatic.
1534 5704 1743 5778 Νοητὸν
1794 5707 1900 5778 γάρ
1947 5712 2060 5762 ἐστι

491 5768 550 5845 τὸ
565 5768 753 5845 γόημα
773 5786 784 5796 ·
817 5774 1074 5845 ποτήριόν
1108 5777 1271 5845 ἐστιν⁴
1287 5775 1496 5842 Ἰησοῦς
1523 5781 1550 5830 ὁ
1577 5768 1779 5843 Κῦριος
1806 5768 1834 5830 ὅ
1861 5768 2061 5842 τέλειος

492 5837 808 5904 ἄνθρωπος,
849 5837 992 5904 οἶνος
1049 5837 1288 5912 ἄκρατος
1331 5837 1363 5898 6
1405 5837 1575 5915 Λόγος
1626 5837 1723 5915 τῆς
1765 5837 2056 5914 θεότητοςί

2247 1912 2380 1977 ροα’.
2432 1904 2754 1973 Ἐπιφάνιος
2783 1899 2938 1958 εἴπεν
2971 1921 2984 1934 ·
3034 1905 3091 1958 ’0
3123 1901 3256 1974 χιὼν
3284 1904 3310 1955 ὁ
3360 1900 3654 1971 φερόμενος
3689 1902 3754 1950 ἐκ

2169 1998 2264 2051 τοῦ
2297 1995 2532 2067 οὐρανοῦ
2593 1996 2759 2048 πόθεν
2790 1995 3158 2059 λευκαίνεται,
3190 1995 3221 2066 ἢ
3265 1995 3427 2048 πόθεν
3477 1995 3754 2063 πήσσεται

2170 2092 2250 2154 είς
2281 2089 2434 2160 χιόνα
2470 2086 2964 2158 μεταπεμπόμενος
2991 2103 3005 2153 ;
3068 2087 3127 2142 '0
3158 2087 3350 2156 ’Ἄγιος
3379 2081 3533 2139 εἶπεν
3558 2101 3573 2116 ο
3613 2085 3756 2152 Πρό-

2169 2182 2325 2252 δηλόν
2374 2181 2548 2244 ἐστιν,
2603 2178 2686 2232 ὅτι
2729 2178 2808 2232 ἔτι
2862 2177 2954 2232 τοῦ
3006 2178 3199 2242 ὕδατος
3239 2181 3294 2230 ὲν
3327 2180 3449 2242 ταῖς
3498 2177 3753 2243 νεφέλαις

2173 2270 2635 2344 χρηματίζοντος,
2691 2271 2977 2343 ἐξέρχεται
3029 2271 3093 2324 ὲκ
3135 2270 3230 2323 τοῦ
3271 2266 3651 2338 στερεώματος
3689 2269 3752 2319 τὸ

2170 2363 2385 2433 πνεῦμα
2409 2363 2601 2418 λευκὸν
2627 2363 2760 2418 ὡσεὶ
2789 2364 2956 2436 ἔριον,
2984 2362 3283 2433 προστάξει
3308 2361 3466 2428 Θεοῦ,
3501 2362 3596 2414 καὶ
3617 2358 3754 2434 asta

2177 2455 2465 2509 ἐπιπίπτει
2484 2458 2604 2518 ταῖς
2633 2455 2886 2526 νεφέλαις
2915 2453 3011 2509 τοῦ
3038 2453 3229 2518 ὕδατος
3259 2452 3584 2522 ἀναμέστοις
3615 2468 3751 2521 χρη-

2172 2545 2552 2618 ματιζούσαις,
2594 2547 2689 2600 καὶ
2717 2546 2988 2600 λευκαίνει
3022 2547 3082 2598 τὸ
3111 2545 3253 2615 ὖίωρ
3276 2545 3434 2613 ἄγαν,
3469 2544 3528 2596 ὃν
3551 2543 3758 2614 τρόπον

2172 2638 2270 2690 καὶ
2325 2637 2416 2689 τὸν
2471 2636 2640 2706 κηρὸν
2679 2635 2790 2707 (81)
2827 2635 3100 2706 ήδρόσος.
3147 2635 3572 2705 Κατερχόμενον
3602 2633 3661 2685 δὲ
3691 2633 3760 2684 τὸ

2169 2727 2313 2798 ὕδωρ
2341 2728 2431 2782 διὰ
2469 2727 2562 2781 τοῦ
2594 2727 2776 2797 ἀέρος,
2812 2727 2911 2796 οὐχ
2941 2723 3054 2778 οἷον
3083 2727 3146 2798 δὴ
3177 2727 3271 2778 ἐπὶ
3303 2727 3403 2796 τῆς
3428 2727 3531 2796 γῆς
3557 2724 3753 2795 θραύει

2167 2821 2520 2888 λεπτότατον,
2559 2821 2801 2875 τοιοῦτον
2833 2822 2897 2874 ἐκ
2935 2819 3028 2872 τοῦ
3072 2818 3242 2889 ὕψους
3273 2819 3484 2873 ἐκείνου
3524 2819 3617 2872 τοῦ
3653 2833 3750 2886 φο-

2169 2912 2330 2982 ϐεροῦ
2363 2913 2425 2964 ἐκ
2452 2912 2545 2964 τοῦ
2576 2913 2736 2983 ἀέρος
2769 2912 3122 2982 κατέρχεται,
3160 2911 3295 2965 ἀλλὰ
3330 2909 3801 2979 μεγεθέστερονοτι

2167 3004 2568 3074 κατερχόμενον
2601 3003 2657 3056 δὲ
2684 3005 2764 3068 είς
2791 3004 2961 3057 πολλὰ
2990 3004 3258 3072 τμήματι
3319 3002 3601 3073 μερίζεται
3630 3002 3753 3054 δια-

2171 3095 2452 3164 χεόμενον.
2485 3096 2632 3166 ’Όρα
2659 3096 2714 3149 δὲ
2739 3095 2876 3148 θεοῦ
2909 3095 3144 3164 φρικτὴν
3178 3094 3432 3164 δύναμιν,
3465 3095 3582 3156 πῶς
3619 3094 3748 3145 ὅταν

2168 3187 2296 3258 δόξῃ
2327 3187 2500 3257 αὐτῷ,
2528 3189 2675 3240 ποιεῖ
2719 3186 2817 3258 τὴν
2845 3186 3048 3258 βροχὴν
3081 3186 3270 3257 ὥσπερ
3305 3187 3506 3239 κόκκον
3558 3201 3752 3253 στρογ-

2170 3281 2418 3351 γυλοειδῆ
2455 3282 2547 3333 ἐπὶ
2581 3283 2681 3352 τῆς
2732 3280 2835 3350 γῆς
2872 3280 3261 3350 κατέρχεσθαι,
3309 3280 3336 3333 ὃ
3375 3279 3618 3349 χάλαζαν
3651 3295 3745 3329 κα-

2170 3373 2284 3426 λεῖν
2346 3373 2618 3444 εἰώθαμεν
2646 3390 2659 3403 ·
2695 3373 2782 3426 ὅτε
2815 3373 2873 3427 δὲ
2901 3374 3027 3446 δόξῃ
3061 3373 3234 3444 αὐτῷ,
3267 3375 3413 3426 ποιεῖ
3445 3372 3613 3442 αὐτὴν
3642 3369 3743 3439 φύς

2170 3482 2254 3540 σιν
2313 3464 2530 3535 ἁπαλὴν
2585 3467 2742 3536 χιόνα
2802 3467 2990 3536 ὥσπερ
3030 3466 3197 3536 ἔριον,
3249 3465 3344 3518 καὶ
3399 3463 3573 3525 οὕτως
3613 3461 3750 3514 αὐτὸ

2171 3557 2475 3626 καταφέρει
2499 3557 2592 3610 ἐπὶ
2617 3558 2715 3627 τῆς
2739 3561 2864 3628 γῆς.
2896 3557 3064 3612 Πάλιν
3096 3557 3331 3623 κελεύει,
3360 3557 3452 3609 καὶ
3480 3552 3748 3624 μετατρέ-

2172 3663 2340 3700 πεται
2375 3648 2436 3699 τὸ
2469 3647 2610 3715 ὕδωρ
2643 3650 2722 3710 είς
2757 3649 2952 3716 πάγος,
2989 3647 3082 3700 καὶ
3130 3647 3293 3702 πάλιν
3339 3646 3400 3700 τὸ
3448 3647 3618 3713 πάγος
3663 3661 3748 3707 εις

2171 3737 2334 3808 ὕδωρ.
2365 3738 2690 3807 Θαυμαστὸς
2723 3739 2830 3826 γ.ἁρ
2859 3741 3004 3792 ἐστιν
3045 3740 3124 3802 είς
3154 3739 3327 3792 ταῦτα
3359 3741 3386 3791 ὁ
3415 3739 3635 3808 Κύριος.

2241 4011 2371 4084 ροϐ⁰.
2391 4013 2709 4082 Ἐπιφάνιος
2733 4009 2888 4066 εἶπεν
2916 4031 2930 4043 ·
2960 4015 3024 4067 Τί
3056 4015 3405 4086 spuma-35:”
3433 4017 3553 4068 Ὀτι
3585 4022 3751 4088 ποτή-

2177 4121 2291 4173 ριον
2317 4106 2376 4156 ἐν
2404 4105 2551 4174 χειρὶ
2595 4104 2826 4173 Κυρίου,
2864 4104 3008 4157 οἴνου
3041 4103 3281 4174 ἀκράτου
3326 4103 3530 4174 πλῆρες
3584 4107 3751 4176 κερά-

2172 4212 2376 4265 σματος
2418 4215 2436 4246 ι
2457 4195 2550 4249 καὶ
2571 4195 2778 4249 ἔκλινεν
2796 4196 2858 4247 ἐκ
2884 4194 3077 4247 τούτου
3110 4196 3190 4257 εἰς
3215 4193 3541 4264 τοῦτο,πλὴν
3568 4198 3593 4247 ὁ
3612 4213 3753 4267 τρυ-

2169 4287 2295 4355 γίας
2353 4287 2517 4340 αὐτοῦ
2585 4289 2684 4341 οὐκ
2751 4286 3058 4357 ἐξεκενὼοη
3093 4301 3109 4318 ⁸
3150 4285 3365 4341 πίονται
3433 4287 3632 4350 πάντες
3702 4290 3754 4341 οἱ

2174 4379 2488 4449 ἁμαρτωλοὶ
2520 4379 2620 4448 τῆς
2647 4380 2786 4449 γῆς;
2820 4399 2838 4432 ι
2887 4381 2944 4432 Ὀ
2970 4381 3161 4447 ’Ἄγιος
3199 4375 3353 4434 εἶπεν
3385 4398 3400 4412 ·
3442 4381 3502 4432 '0
3541 4379 3752 4450 Κύριος

2173 4473 2328 4544 ἡμῶν
2367 4473 2590 4544 εἴρηκεν
2615 4490 2629 4504 ⁸
2667 4491 2687 4525 t
2729 4473 2786 4526 '0
2844 4474 3012 4546 διψῶν
3045 4476 3291 4546 ἐρχέσθω
3321 4476 3454 4546 πρός
3505 4493 3594 4544 με,
3650 4492 3754 4528 και

1589 4561 1847 4616 Dominus
1884 4571 2068 4617 noster

2176 4564 2423 4617 πινέτω.»
2451 4564 2742 4636 [Ποτήριον
2769 4565 2860 4620 οῦν
2895 4569 3043 4621 ἐστιν
3059 4566 3263 4638 Ἰησοῦς
3284 4570 3311 4620 ὁ
3345 4568 3577 4639 Χριστὸς
3609 4567 3748 4629 Θεὸς

2171 4657 2382 4718 τέλειος
2414 4657 2509 4710 καὶ
2537 4657 2844 4728 ἄνθρωπος.
2910 4661 3175 4732 Ποτήριον
3203 4663 3236 4730 ὴ
3265 4659 3621 4730 ἀνθρωπὸτης
3649 4660 3750 4710 ad.

2171 4747 2265 4802 τοῦ
2298 4763 2312 4779 ⁶
2369 4744 2508 4812 οἶνος
2586 4749 2822 4817 ἄκρατος
2868 4753 2896 4804 ὁ
2939 4753 3113 4822 Λόγος
3166 4754 3266 4822 τῆς
3320 4753 3570 4820 θεότητος
3619 4753 3749 4804 ἄδοο

2170 4841 2259 4904 λος
2285 4841 2420 4911 (8‘2).
2455 4841 2473 4912 ]
2516 4842 2677 4895 ’Λνευ
2703 4843 2810 4914 γὰρ
2840 4844 3066 4912 ἀγγείου
3100 4847 3126 4898 ὁ
3152 4840 3296 4909 alvo;
3324 4846 3383 4898 οὐ
3411 4848 3705 4914 κατέχεται
3733 4861 3750 4877 ο

2170 4933 2341 4996 οὕτως
2367 4936 2463 4988 καὶ
2493 4935 2620 4989 ἄνευ
2660 4936 2861 5005 σαρκὸς
2885 4937 2918 5006 ἡ
2944 4935 3037 4990 τοῦ
3073 4936 3207 4990 Θεοῦ
3241 4938 3402 5006 σοφία
3433 4935 3751 5005 ἀνθρώποις

2172 5027 2572 5098 προσομιλῆσαι
2607 5029 2817 5094 ὁρατῶς
2861 5029 2972 5101 (85)
3008 5031 3106 5083 οὐκ
3136 5031 3410 5100 ἠνέσχετο.
3477 5030 3562 5081 Ἐν
3603 5033 3748 5096 χειρι

2167 5114 2260 5170 οὖν
2290 5119 2502 5189 Πατρὸς
2530 5123 2556 5173 ὁ
2588 5121 2713 5184 Υἱὸς
2738 5120 2833 5173 τοῦ
2860 5121 3151 5191 ἀνθρώπου
3187 5138 3198 5152 '
3232 5122 3390 5183 αὐτός
3413 5121 3519 5189 γὰρ
3550 5117 3705 5170 εἶπεν
3735 5135 3749 5148 ·

2175 5228 2193 5258 ι
2221 5210 2423 5279 Πάτερ,
2450 5211 2527 5272 είς
2557 5211 2740 5281 χεῖράς
2761 5229 2854 5264 σου
2883 5212 3225 5283 παρατίθημι
3247 5212 3305 5264 τὸ
3326 5210 3542 5278 πνεῦμά
3566 5228 3692 5277 μου.
3729 5230 3746 5260 ι

2172 5571 2394 5644 ᾷιπλοῦς
2424 5573 2531 5642 γὰρ
2551 5569 2618 5644 ἦν
2648 5577 2675 5628 ὁ
2705 5574 3005 5644 Λόγοςτῆς
3033 5575 3286 5643 θεότητος
3308 5614 3321 5636 ,
3359 5577 3447 5628 καὶ
3467 5574 3612 5644 θεὸς
3648 5578 3743 5626 καῖ

2171 5642 2455 5714 ᾄνθρωπος
2493 5642 2586 5696 καὶ
2633 5645 2838 5714 Κύριος
2880 5643 3121 5710 Ἰησοῦς*
3161 5642 3422 5714 ποτήριον
3462 5643 3531 5714 ἦν
3574 5647 3604 5713 ἠ
3648 5648 3740 5696 ἀν-

2173 5709 2459 5800 θρώτξότης
2502 5714 2666 5767 αὐτοῦ
2694 5709 2900 5780 (οἶνος
2940 5709 3180 5784 ἄκρατος
3224 5709 3410 5780 ἄδολος
3460 5709 3495 5788 ἦ
3545 5709 3740 5784 θεότης

2170 5800 2359 5836 αυτου.

2169 5913 2172 5917 λ
2241 5852 2350 5916 (83)
2393 5851 2494 5909 Ms.
2522 5868 2684 5910 sensu
2714 5853 2992 5910 contrario
3020 5853 3180 5910 habet
3211 5855 3482 5919 ἀοράτως.
