4088 6216
430 349 548 414 821

1615 362 1802 423 'vrm
1845 363 1906 422 s.
1945 363 2280 428 annum
2320 369 2512 431 SALI.
2608 354 2618 368 τ

3594 367 3698 432 822

440 460 513 516 Τὸ
537 461 614 527 δὲ,
649 461 892 533 «Πλῆρες
909 463 1307 536 κεράσματος,ι
1332 468 1426 538 ὅλη
1455 469 1488 540 ἡ
1521 469 1820 538 Θεότης,τδ
1841 472 2013 542 γλυκὺ

2129 474 2290 534 Filius
2317 481 2598 545 hominis;
2660 482 2777 551 ipso
2829 482 3089 537 dicente:
3131 499 3147 532 ι
3180 481 3359 540 Pater.
3402 482 3453 535 in
3506 498 3696 536 manus

438 554 716 623 κέρασμα,
759 554 820 606 τὸ
867 555 1160 625 εὐφραῖνον
1185 557 1284 622 τὰς
1320 559 1552 629 καρδίας
1578 562 1736 631 ἡμῶν
1767 563 1876 616 τῶν
1922 581 2017 618 πι-

441 646 746 698 στευόντων
787 648 868 710 εἰς
908 647 1073 704 αὐτὸν
1102 666 1114 680 ⁸
1143 648 1357 721 πλήρης
1390 651 1498 723 γὰρ
1526 653 1792 727 Θεότητος
1841 657 2016 726 ἀκράο

439 753 564 800 του,
589 736 756 806 ἤγουν
785 739 973 792 ἀδόλου
1013 742 1045 810 ἡ
1077 740 1437 814 ἀνθρωπότης
1464 744 1653 799 αὐτοῦ.

512 1026 645 1088 ρογ’.
673 1020 746 1073 τὸ
766 1020 841 1083 δὲ,
881 1040 899 1072 ι
921 1023 1172 1078 Ἐ’κλινεν
1198 1027 1260 1080 ὲκ
1306 1025 1498 1081 τούτου
1524 1029 1605 1092 εἰς
1635 1029 1844 1098 τοῦτο,ι
1887 1027 2018 1103 ἦλθε

439 1110 742 1179 σαρκωθεὶς
783 1116 862 1176 είς
917 1113 979 1166 τὸ
1017 1115 1171 1180 ἔθνος
1210 1117 1320 1170 τῶν
1363 1115 1654 1186 Ἰουδαίων,
1689 1119 1777 1176 τνα
1807 1121 1894 1176 διὰ
1923 1124 2020 1194 τῆς

438 1202 917 1276 ὲνανθρωπήσεως
962 1209 1127 1263 αὑτοῦ
1171 1211 1420 1282 γνωρίσῃ
1454 1213 1552 1284 τὴν
1585 1213 1736 1267 ἔνδον
1779 1215 2020 1288 ἄκρατον

436 1296 685 1373 θεότηταο
724 1298 818 1370 [δι’
841 1295 908 1373 ἧς
958 1302 1184 1374 ἐποίησε
1223 1308 1425 1376 σημεῖα
1462 1306 1557 1360 καὶ
1585 1309 1786 1381 τέρατα
1815 1309 2023 1382 ἔμπρο-

445 1391 571 1441 σθεν
599 1391 781 1445 αὐτῶν
814 1409 827 1423 ·
865 1395 1065 1448 ἐκεῖνοι
1095 1395 1151 1449 δὲ
1190 1398 1372 1469 φθόνῳ
1405 1395 1751 1470 βαλλόμενοι,
1790 1402 1975 1470 ἔλεγον
2002 1420 2017 1434 ⁸

452 1480 546 1533 Ἐκ
576 1482 815 1550 μαγείας
849 1488 997 1538 ποιεῖ
1025 1488 1164 1542 αὑτά
1198 1488 1310 1559 (84)
1426 1487 1562 1544 Εῐτα
1614 1491 1739 1545 ἰδὼν
1770 1496 1794 1546 ὁ
1832 1495 2021 1568 Πατὴρ

438 1572 519 1626 ὅτι
551 1573 841 1628 ἀπιστοῦσι
872 1578 950 1648 τῷ
984 1581 1266 1648 μονογενεῖ
1291 1581 1458 1634 αὑτοῦ
1488 1581 1624 1654 Υἰῷ,
1654 1585 1749 1639 καὶ
1778 1586 1859 1638 ὅτι
1895 1587 2022 1640 sea-

441 1661 694 1716 νατωσαν
718 1665 878 1718 αὐτόν
898 1683 912 1698 ο
944 1667 1109 1731 αὐτὸς
1139 1670 1166 1722 ὁ
1197 1669 1255 1722 ἐν
1278 1674 1342 1741 τῇ
1368 1673 1513 1743 χειρὶ
1551 1672 1718 1726 αὑτοῦ
1745 1674 1806 1726 τὸ
1838 1676 2020 1746 ποτή-

2120 581 2245 629 tuas
2277 577 2601 631 commendo
2630 579 2881 647 spiritum
2929 592 3108 632 meum
3141 577 3207 630 ".
3254 594 3272 627 ι
3311 576 3468 642 Quod
3515 586 3694 629 autem

2118 662 2362 720 dicitur:
2401 666 2581 722 «Calix
2609 669 2804 738 plenus
2829 669 3056 733 misto,»
3097 667 3339 735 intellige
3364 674 3530 720 totam
3570 665 3695 719 Dei~

2119 763 2331 821 tatem,
2382 774 2506 828 quae
2552 775 2720 815 suave
2773 761 2997 815 mistum
3052 772 3182 823 est,
3225 758 3368 828 quod
3401 757 3697 812 .exhilarat

2119 848 2591 904 cordavhominum
2634 852 2684 903 in
2721 851 2890 905 Deum
2924 851 3262 906 credentium
3299 868 3313 904 :
3350 849 3509 917 plena
3544 864 3698 901 nam-

2118 956 2226 1010 que
2260 957 2425 996 mera:
2453 957 2518 997 ac
2551 944 2820 1012 simplicis
2854 943 3078 1000 Deitatis
3106 943 3416 999 humanitas
3443 942 3564 1011 ejus
3591 950 3694 995 est.

2193 1031 2317 1087 173.
2368 1031 2522 1099 Quod
2572 1034 2771 1090 deinde
2816 1036 3166 1105 subjungitur
3222 1053 3236 1088 :
3291 1033 3608 1088 declinavit
3633 1048 3693 1083 ex

2121 1123 2225 1178 hoc
2263 1125 2320 1180 in
2371 1125 2549 1189 huc,»
2591 1129 2664 1181 ita
2699 1136 2860 1182 sonat
2909 1146 2922 1182 :
2960 1127 3119 1183 Venit
3145 1143 3240 1198 per
3263 1125 3695 1180 incarnationem

2122 1216 2187 1270 ad
2219 1227 2432 1284 gentem
2460 1217 2742 1275 Judaicam
2767 1260 2784 1287 ,
2817 1229 2876 1274 ut
2906 1220 2986 1274 sic
3024 1220 3280 1274 latentem
3307 1218 3456 1272 intus
3490 1231 3696 1270 meram

2121 1309 2490 1376 divinitatem;
2531 1327 2628 1381 per
2659 1328 2822 1383 quam
2857 1315 3108 1384 patrabat
3143 1314 3296 1379 signa
3332 1327 3396 1366 ac
3429 1310 3696 1379 prodigia.

2121 1416 2305 1456 coram
2352 1404 2488 1473 ipsis
2531 1417 2718 1461 notam
2747 1407 2972 1462 faceret.
3010 1407 3083 1462 At
3118 1406 3234 1471 illi,
3269 1405 3470 1459 invidia
3500 1405 3699 1456 stimu-

2123 1491 2243 1561 lati,
2271 1495 2371 1549 arti
2397 1500 2625 1566 magica:
2655 1498 2769 1553 hzec
2800 1498 3148 1553 attribuenda
3181 1497 3453 1551 dicebant.
3506 1494 3699 1548 Postea

2124 1596 2250 1635 cum
2283 1584 2751 1642 animadverteret
2781 1589 2965 1655 Pater,
3000 1587 3052 1642 in
3081 1586 3402 1642 inﬁdelitate
3428 1585 3548 1640 illos
3579 1599 3692 1653 per-

2127 1673 2324 1730 sistere
2346 1716 2360 1738 ,
2409 1663 2658 1734 nolentes
2688 1679 2799 1734 ullo
2824 1680 2985 1734 modo
3015 1680 3174 1734 ﬁdem
3206 1679 3466 1734 adhibere
3508 1676 3700 1747 unige-

349 1760 353 1763 ’
443 1769 557 1822 ριον
590 1755 835 1821 κρατῶν,
867 1758 1036 1828 ἤγουν
1066 1759 1166 1830 τὴν
1193 1763 1354 1833 χάριν
1385 1762 1571 1830 αὑτοῦ,
1601 1767 1666 1819 ἐκ
1707 1764 1802 1819 τοῦ
1835 1766 2022 1831 ἔθνους

2129 1765 2242 1820 nilo
2270 1764 2408 1822 Filio
2435 1783 2558 1836 suo,
2588 1768 2700 1823 imo
2727 1779 2783 1825 et
2814 1778 3045 1826 mortem
3083 1771 3131 1826 ei
3166 1769 3511 1825 machinatus
3540 1783 3700 1833 esse;

441 1845 549 1897 τῶν
611 1846 888 1902 Ἰουδαίων
957 1844 1104 1923 ἦρε,
1159 1857 1254 1907 καὶ
1331 1854 1625 1926 Ῥωμαίοις
1683 1860 2022 1930 παρέδωκεν.

443 1938 625 2007 «Πλὴν
681 1939 708 1990 ό
754 1942 984 2009 τρυγίας
1041 1940 1234 2014 [ἠγουν
1291 1946 1351 1999 τὸ
1403 1946 1633 2018 ἔσχατον
1683 1952 1781 2021 τῆς
1831 1950 2022 2023 ὀργῆς]

441 2029 606 2082 αὑτοῦ
635 2029 734 2083 οὐκ
762 2029 1121 2106 ὲξεκενώθη.»
1157 2035 1379 2091 ’Ἑκλινε
1413 2041 1473 2093 τδ
1498 2041 1830 2110 Εὑαγγέλιον
1861 2043 2026 2098 αὑτοῦ

442 2120 505 2170 ὲκ
551 2119 661 2172 τῶν
723 2116 993 2175 Ἰουδαίων
1030 2125 1110 2186 είς
1161 2126 1227 2178 τὰ
1279 2124 1594 2198 Οεοφόρητα
1637 2128 1790 2200 ἔθνη,
1826 2130 2032 2200 ὁμοίιος

442 2213 567 2273 τοὺς
593 2213 931 2278 ἀποστόλους
960 2216 1054 2270 καὶ
1079 2217 1140 2270 τὸ
1172 2219 1443 2287 πανάγιον
1465 2219 1694 2291 Πνεῦμα
1723 2239 1737 2254 ο
1763 2224 1858 2277 καὶ
1882 2225 2026 2278 ᾶπα-

450 2317 549 2355 σαν
576 2303 676 2372 τὴν
703 2304 864 2375 χάριν
890 2304 984 2359 καὶ
1017 2308 1220 2376 γνῶσιν
1255 2310 1363 2364 τῶν
1392 2311 1771 2367 θεοπνεύστων
1796 2313 2028 2384 Γραφῶν

445 2394 715 2462 ἐκένωσεν
744 2397 825 2460 είς
862 2398 1029 2468 ἡμᾶς.
1074 2401 1220 2473 Πλὴν
1251 2405 1278 2455 ό
1309 2405 1541 2476 τρυγίας
1569 2405 1738 2460 αὑτοῦ
1774 2407 1876 2460 οὐκ
1915 2407 2029 2473 ἐξε-

447 2487 704 2559 κενώθηο
739 2487 931 2560 ὥσπερ
979 2493 1010 2563 ὴ
1066 2494 1269 2563 τρυγία
1324 2495 1420 2550 τοῦ
1466 2499 1611 2552 οίνου
1645 2500 1703 2553 ὲν
1755 2500 1896 2570 πίθῳ
1929 2500 2028 2554 οὐκ

445 2581 786 2648 ἐκκενοῦται,
806 2583 960 2663 ,οὕτω
986 2585 1046 2639 τὸ
1081 2587 1319 2658 γράμμα
1351 2589 1412 2643 τδ
1445 2592 1674 2660 νομικὸν
1738 2593 2029 2666 ἁνενέργη-

444 2670 536 2723 τόν
570 2673 687 2724 ἔστι
745 2675 840 2726 καὶ
874 2675 1247 2748 ἀνωφέλητον.
1284 2679 1498 2750 Τρυγία
1532 2682 1641 2752 γὰρ
1674 2683 1706 2750 ή
1745 2682 1902 2747 ἐλπὶς
1921 2685 2029 2738 τῶν

373 2760 383 2815 ἶ
461 2763 725 2819 Ἰουδαίων
752 2765 898 2818 ἐστίν
925 2783 950 2801 ον
975 2767 1055 2820 ἔτι
1079 2769 1191 2838 γὰρ·
1211 2770 1360 2842 πάσῃ
1397 2774 1463 2842 τῇ
1485 2775 1554 2843 γῇ
1583 2773 2044 2844 σκορπισθέντες..

449 2856 698 2911 πίνουσιν
726 2861 784 2912 ὲν
813 2861 880 2932 τῇ
907 2862 1110 2933 τρυγίᾳ
1139 2863 1237 2935 τὴν
1264 2863 1496 2937 πλάνην,
1514 2866 1922 2937 προσδοκῶντες
1939 2869 2030 2923 τὸν

355 2985 362 2988 -
447 2948 841 3022 ’Ἀντίχριστον⁹
921 2979 925 2984 -

525 3234 646 3305 906'.
701 3237 1024 3306 Ἐπιφάνιος
1048 3238 1198 3307 λέγει
1222 3254 1236 3269 ·
1264 3237 1400 3294 Εἰπέ
1430 3257 1546 3311 μοι,
1570 3243 1892 3314 παρακαλῶ,
1932 3262 2025 3297 που

449 3327 941 3401 ταπὴνέρμηνείαν
961 3330 1185 3402 βεϐαίαν
1202 3329 1317 3402 ἔχει
1344 3332 1439 3385 καὶ
1469 3331 1652 3400 τοῦτο,
1680 3352 1699 3387 ι
1732 3334 2028 3407 Κτηνὼδης

449 3420 718 3493 mw,qu
751 3423 903 3493 παρὰ
932 3421 1034 3484 σοι,
1055 3423 1211 3491 κάγὼ
1239 3422 1327 3478 διὰ
1361 3423 1564 3488 παντὸς
1595 3424 1737 3492 μετὰ
1761 3442 1891 3493 σου;
1926 3445 1944 3477 ι
1965 3427 2025 3480 '0

451 3512 742 3584 Μακάριος
770 3510 928 3568 εἶπεν
954 3529 969 3545 ·
1011 3513 1104 3567 Ἐκ
1147 3513 1445 3584 προσώπου
1480 3515 1574 3568 τοῦ
1605 3515 1845 3586 Χριστοῦ
1879 3517 2030 3586 λέγει

445 3608 478 3659 ὀ
505 3605 818 3677 Προφήτης,
861 3605 949 3659 διὰ
980 3606 1040 3659 τὸ
1081 3606 1337 3674 γενέσθαι
1369 3606 1655 3678 ἄνθρωπον
1682 3609 1774 3664 τὸν
1795 3610 1892 3665 σὺν
1924 3612 2033 3666 Πα-

447 3699 537 3767 τρὶ
558 3699 686 3752 ὄντα
714 3699 884 3752 ἀῖδιον
904 3699 1081 3767 Λόγον
1115 3700 1210 3754 καὶ
1237 3700 1369 3755 Θεόν
1391 3715 1411 3731 ⁸
1446 3701 1734 3772 ἄνθρωπος
1765 3704 1876 3774 γὰρ
1907 3706 2030 3759 ὀνο-

451 3791 684 3862 μάζεται
718 3793 915 3861 κτῆνος
947 3791 1084 3846 Θεοῦ
1117 3792 1358 3862 λογικόν.
1400 3793 1554 3848 Ἐπεὶ
1580 3793 1673 3848 οὖν
1709 3797 1738 3850 ὁ
1772 3796 1900 3860 Υἱὸς
1935 3796 2028 3851 τοῦ

446 3882 586 3936 Θεοῦ
636 3885 854 3952 ἐγένετο
905 3885 1200 3956 ἄνθρωπος
1255 3885 1503 3954 τέλειος,
1549 3885 1700 3955 λέγει
1748 3890 1888 3959 πρὸς
1939 3888 2031 3942 τὸν

450 3979 692 4048 Πατέρα,
710 3980 771 4032 Et
805 3979 900 4033 καὶ
927 3979 1239 4051 ἄνθρωπος,
1259 3982 1447 4053 φησιν,
1473 3981 1742 4054 ἐγενήθην
1776 3981 1928 4053 παρὰ
1947 3982 2033 4037 σοὶ

448 4073 543 4128 ἔπ’
572 4075 818 4144 ἐσχάτων
862 4073 972 4129 τῶν
1007 4073 1234 4145 ἡμερῶν
1275 4073 1516 4140 τούτων,
1559 4072 1696 4129 ἀλλὰ
1719 4074 1786 4145 τῇ
1815 4072 2032 4145 θεότητί

451 4167 570 4236 ειμι
617 4166 910 4228 διαπαντὸς
950 4167 1091 4235 μετὰ
1130 4165 1246 4219 σοῦ.
1297 4165 1617 4234 Ἑπιφάνισς
1666 4159 1864 4220 εἶπενο
1894 4166 2032 4220 Τίνα

450 4259 746 4330 ἑρμηνείαν
776 4259 888 4328 ἔχει
907 4259 966 4312 τὸ
1001 4257 1166 4329 ῥηθὲν
1196 4258 1300 4312 ὑπὸ
1320 4257 1415 4311 τοῦ
1447 4258 1657 4329 Κυρίου
1683 4300 1699 4326 ,
1725 4277 1745 4311 ι
1772 4258 1865 4331 Μὴ
1900 4258 2032 4328 βατ-

452 4350 787 4420 τολογήσητε
838 4350 898 4402 ἐν
925 4353 1047 4413 ταῖς
1096 4351 1430 4421 προσευχαῖς
1464 4350 1638 4421 ὑμῶν,
1688 4349 1898 4416 ἀλλ’ὡς
1921 4350 2032 4405 ὲδι-

449 4443 706 4514 δάχθητε,
747 4442 890 4496 οὕτω
930 4443 1358 4514 προσεύχεσθε;›
1402 4443 1460 4496 '0
1490 4442 1778 4515 Μακάριος
1830 4443 1980 4515 λέγει
2013 4462 2028 4478 ⁸

450 4537 779 4603 Βαττο).ογία
808 4537 972 4602 ἐστὶν,
999 4537 1126 4590 ὅταν
1145 4555 1230 4600 τις
1263 4537 1434 4601 ἑστὼς
1465 4541 1522 4591 ἐν
1556 4541 1622 4610 τῇ
1655 4543 1935 4613 προσευχῇ
1966 4539 2028 4596 οὐ

449 4629 619 4696 λέγει’
650 4628 847 4699 Κύριε,
885 4630 1158 4699 ἥμαρτον,
1193 4629 1550 4702 συγχώρησόν
1593 4649 1708 4701 μοι,
1737 4633 1830 4685 καὶ
1878 4632 2033 4706 ἐλέη-

456 4723 547 4775 σόν
598 4739 686 4792 με,
747 4721 842 4775 καὶ
892 4722 962 4774 τὰ
1009 4722 1222 4786 τούτοις
1272 4721 1435 4791 ὅμοια
1462 4737 1478 4754 ⁶
1510 4722 1628 4776 ἀλλ’
1658 4723 1782 4777 ἀντὶ
1821 4723 2029 4778 τούτων

451 4813 603 4881 λέγει
644 4813 723 4884 τῷ
769 4812 920 4884 Θεῷσ
962 4813 1153 4884 Κύριε,
1187 4814 1526 4887 μερίμνησόν
1572 4831 1666 4884 μοι
1696 4817 1891 4884 φαγεῖν
1933 4816 2030 4870 καὶ

452 4907 600 4958 πιεῖν
636 4906 729 4959 καὶ
778 4905 1051 4972 πλουτεῖν,
1107 4906 1196 4960 ἵνα
1253 4906 1536 4978 χαίρωμαι
1599 4909 1678 4969 εἰς
1733 4907 1885 4961 τόνδε
1935 4907 2028 4962 τὸν

450 4998 678 5068 κόσμον,
716 4999 1042 5068 σωματικῶς
1071 4998 1358 5053 ἀπολαύων
1386 4997 1486 5066 τῆς
1512 4998 1778 5069 σαρκικῆς
1810 4998 2024 5070 ἡδονῆς.

449 5090 622 5144 Τοῦτό
660 5093 779 5144 ἐστι
813 5091 1158 5162 βαττολογία,
1191 5093 1286 5145 καὶ
1316 5091 1385 5147 τὰ
1410 5090 1619 5154 τούτοις
1651 5091 1832 5159 ὃμοια.
1875 5091 1934 5145 Ὀ
1966 5091 2025 5147 at

449 5167 582 5245 Θεὸς
627 5182 727 5235 οὐκ
784 5183 977 5252 ἀγαπᾷ
1007 5181 1179 5244 οὕτως
1212 5183 1361 5250 ἡμᾶς
1397 5181 1803 5254 προσεύχεσθαι
1833 5222 1848 5248 ,
1890 5181 2027 5234 ἀλλὰ

447 5273 633 5342 ζητεῖν
686 5275 905 5344 πρῶτον
953 5274 1052 5344 τὴν
1103 5272 1382 5341 βασιλείαν
1432 5273 1527 5326 τοῦ
1573 5271 1732 5340 Θεοῦ,
1783 5273 1879 5328 καὶ
1922 5273 2040 5345 τὴν.

448 5366 802 5436 δικαιοσύνην
841 5364 1031 5430 αὑτοῦ,
1059 5366 1153 5418 καὶ
1179 5365 1351 5418 ταῦτα
1377 5368 1556 5420 πάντα
1589 5365 2027 5434 προσνιθέτεται

447 5459 602 5528 ἡμῖν.

2129 1871 2288 1925 quem
2347 1872 2514 1912 manu
2551 1859 2773 1914 tenebat
2825 1860 3093 1928 calicem,
3131 1860 3388 1930 gratiam,
3451 1861 3700 1928 inquam,

2128 1959 2304 2012 suam,
2334 1957 2546 2020 agente
2567 1949 2793 2006 Judalca
2818 1951 3089 2016 ablatam,
3118 1950 3476 2007 transtulitad
3505 1949 3702 2003 Roma-

2129 2051 2252 2092 nos.
2283 2056 2301 2090 ι
2332 2039 2724 2098 Verumtamen
2749 2041 2906 2110 facim
2933 2042 3050 2098 sive
3076 2052 3384 2098 extremum
3417 2042 3512 2096 ira:
3536 2040 3701 2103 illius.

2135 2145 2272 2184 inon
2297 2131 2732 2188 est-exinanitazr
2761 2133 3115 2204 Evangelium
3147 2132 3366 2203 quidem
3407 2147 3593 2196 suum,
3625 2132 3704 2184 uti

2128 2231 2182 2278 et
2234 2225 2516 2294 apostolos
2566 2236 2620 2281 et
2671 2226 2934 2296 Spiritum
2983 2237 3238 2282 sanctum
3297 2242 3328 2280 ι
3379 2223 3580 2279 Judznis
3637 2225 3704 2278 ad

2131 2325 2320 2384 gentes
2347 2356 2362 2380 ,
2409 2317 2501 2371 illa
2530 2317 2784 2388 accipere
2819 2328 3041 2388 paratas
3066 2361 3081 2387 ,
3127 2317 3325 2374 deferri
3357 2317 3558 2380 voluit;
3589 2331 3704 2371 om-

2133 2423 2368 2476 nemque
2393 2411 2624 2478 gratiam
2660 2418 2712 2464 et
2742 2410 3128 2480 inspiratarum
3160 2410 3422 2464 divinitus
3457 2407 3705 2478 Scriptu-

2132 2515 2314 2554 rarum
2353 2500 2766 2572 intelligentiam
2797 2503 2852 2556 in
2902 2518 3001 2559 nos
3043 2503 3283 2558 cﬂ‘udit:
3331 2511 3703 2556 verumtamen

2132 2591 2234 2651 faex
2280 2592 2400 2663 ejus
2443 2610 2552 2649 non
2597 2604 2681 2650 est
2710 2595 3010 2651 exinanita.
3043 2595 3515 2663 Quemadmodum
3558 2596 3703 2648 enim

2132 2683 2232 2740 faex
2284 2703 2406 2756 quae
2452 2688 2505 2740 in
2553 2688 2690 2743 cado
2740 2697 2823 2744 est
2875 2703 2984 2743 non
3018 2689 3372 2756 exhauritur,
3408 2689 3486 2743 sic
3536 2689 3705 2758 legale

2133 2779 2357 2834 verbum
2385 2780 2575 2835 inutile
2601 2781 2740 2852 ipsis
2765 2791 2817 2837 et
2848 2781 3095 2838 ineiIicax
3127 2790 3333 2838 manet.
3361 2782 3482 2838 Faax
3508 2781 3705 2852 quippe

2131 2886 2277 2939 spes-
2312 2880 2398 2926 est
2445 2869 2764 2928 Judzeorum
2823 2893 2840 2931 :
2889 2890 3017 2930 nam
3054 2877 3111 2930 in
3151 2875 3463 2946 praesentia.
3490 2891 3705 2946 ququ

2131 2977 2229 3032 per
2255 2963 2444 3018 orbem
2475 2965 2792 3021 universum
2825 2966 3104 3037 dispersi,
3143 2983 3208 3022 ex
3253 2966 3386 3024 faece
3427 2969 3706 3024 illaerro-

2135 3071 2248 3108 rem
2305 3057 2576 3114 hauriunt
2612 3059 3042 3127 crassissimum,
3087 3063 3518 3132 quoadventum
3552 3063 3707 3118 Auti-

2049 3145 2095 3207 C
2128 3147 2320 3204 chr-isti
2357 3151 2518 3205 anxie
2551 3161 2896 3222 exspectant.

2206 3240 2331 3297 m.
2389 3241 2526 3310 Quis
2583 3252 2799 3309 autem,
2851 3243 3051 3315 quaerit
3111 3258 3278 3315 porro
3323 3245 3706 3316 Epiphanius,

2133 3331 2292 3388 istius
2344 3333 2445 3388 loci
2498 3333 2774 3403 genuinus
2812 3347 3010 3390 sensus
3055 3343 3188 3390 est:
3228 3353 3250 3389 ι
3289 3331 3359 3390 Ut
3402 3334 3704 3402 iumentum

2134 3423 2308 3480 factus
2344 3441 2464 3480 sum
2515 3427 2656 3497 apud
2699 3435 2785 3490 te,
2835 3434 2890 3481 et
2935 3441 3035 3496 ego
3079 3440 3298 3497 semper
3343 3435 3520 3483 tecum
3558 3429 3644 3480 “‘I
3683 3448 3705 3482 ι

2132 3518 2386 3574 Persona:
2429 3517 2673 3585 Christi,
2721 3518 2799 3574 ait
2832 3529 3059 3577 sanctus
3087 3520 3334 3577 Andreas
3359 3558 3378 3586 ,
3434 3521 3560 3577 istic
3603 3521 3708 3577 loci

2134 3612 2468 3667 mentionem
2514 3611 2648 3668 facit
2689 3613 2958 3686 Propheta
2989 3631 3004 3669 :
3034 3616 3162 3686 quia
3205 3629 3402 3684 nempe
3445 3614 3568 3678 ille,
3615 3618 3708 3685 qui

2134 3706 2500 3774 sempiternus
2539 3722 2664 3761 cum
2703 3707 2864 3762 Patre
2897 3707 3041 3763 Deus
3082 3706 3440 3780 divinumque
3469 3706 3706 3764 Verbum

2132 3804 2249 3861 est,
2287 3797 2582 3852 humanam
2635 3798 2812 3853 induit
2860 3808 3112 3854 naturam
3161 3800 3386 3868 :;homo
3441 3800 3706 3870 siquidem

2129 3885 2442 3955 jumentum
2478 3884 2595 3952 Dei,
2625 3887 2835 3942 ratione
2866 3889 3178 3957 praeditum,
3210 3887 3534 3958 appellatur;
3572 3891 3706 3944 Cum

2131 3977 2302 4048 igitur
2353 3977 2525 4032 Filius
2576 3976 2671 4032 Dei
2723 3979 2999 4049 perfectus
3048 3979 3212 4034 homo
3262 3983 3438 4037 iactus
3476 3983 3584 4045 sit,
3635 3983 3708 4037 ita

2133 4069 2537 4140 quodammodo
2573 4069 2789 4125 Patrem
2821 4071 3120 4140 alloquitur
3170 4089 3186 4125 :
3239 4070 3482 4126 Tametsi
3527 4082 3710 4128 extre-

2134 4163 2240 4217 mis
2275 4161 2427 4217 hisce
2463 4162 2800 4232 temporibus
2842 4161 3008 4216 homo
3042 4161 3218 4217 factus
3257 4177 3378 4216 sum
3411 4177 3593 4216 coram
3634 4173 3706 4227 te,

2135 4254 2495 4311 nihilominus
2525 4255 2737 4310 ratione
2766 4255 3066 4310 divinitatis
3099 4269 3313 4322 semper
3343 4263 3521 4307 tecum
3561 4271 3704 4310 sum.

2133 4345 2336 4403 lterum
2378 4347 2766 4417 Epiphanius:
2812 4348 2916 4414 Qui
2967 4347 3229 4417 explicas,
3284 4346 3500 4416 inquit,
3546 4348 3705 4402 istam

2137 4437 2351 4494 Domini
2385 4439 2710 4494 sententiam
2757 4455 2772 4494 :
2816 4457 2834 4491 ι
2877 4438 3108 4494 Orantes
3151 4447 3332 4492 autem
3369 4437 3535 4493 nolite
3570 4439 3707 4492 man

2134 4540 2247 4586 tum
2279 4532 2459 4602 loqui;
2510 4532 2605 4588 sed
2638 4532 2712 4586 uti
2748 4531 2894 4587 docti
2925 4533 3078 4596 estis,
3114 4530 3190 4585 ita
3222 4539 3374 4584 orate
3405 4531 3492 4583 '7?
3519 4549 3535 4580 ι
3569 4532 3707 4583 Mul-

2131 4623 2420 4694 tiloquium
2479 4635 2606 4691 est,
2662 4625 2878 4696 reponit
2932 4625 3219 4689 Andreas,
3272 4639 3398 4679 cum
3455 4622 3579 4692 quis
3636 4623 3705 4677 ad

2131 4717 2402 4772 orandum
2437 4725 2656 4787 paratus
2682 4757 2698 4782 ,
2755 4731 2862 4771 non
2896 4716 3029 4772 dicit
3065 4733 3079 4769 :
3127 4715 3352 4771 Domine
3376 4756 3393 4783 ,
3443 4715 3702 4786 peccavi;

2131 4808 2346 4864 dimitte
2373 4807 2569 4863 delicta
2602 4823 2753 4873 mea,
2805 4817 2859 4863 et
2897 4807 3162 4862 miserere
3202 4807 3348 4872 mei,
3394 4815 3556 4876 atque
3599 4805 3701 4858 alia

2132 4901 2221 4956 his
2250 4900 2490 4965 similia;
2523 4899 2619 4955 sed
2654 4909 2844 4956 contra
2893 4899 2975 4956 sic
3005 4898 3174 4953 Deum
3213 4897 3549 4966 alloquitur:
3596 4896 3704 4948 Do-

2134 4994 2316 5060 mine,
2367 5009 2556 5050 curam
2606 5008 2732 5064 gere
2770 4993 2916 5060 mei,
2963 5001 3023 5048 ut
3065 4991 3228 5056 cibo,
3277 4999 3408 5060 potu
3437 5028 3452 5054 ,
3503 4987 3704 5042 divitiis

2133 5084 2429 5150 abundem,
2461 5094 2520 5139 ut
2552 5085 2722 5140 vitam
2765 5085 2819 5140 in
2852 5085 2954 5140 hoc
2983 5084 3191 5140 mundo
3226 5083 3346 5138 laete
3382 5077 3699 5148 transigam,

2134 5190 2192 5235 ut
2243 5179 2431 5234 carnis
2482 5177 2854 5246 voluptatibus
2903 5177 3141 5234 amuam.
3204 5175 3309 5230 Ista
3361 5181 3417 5227 et
3470 5171 3700 5224 istorum

2134 5272 2334 5328 similia
2368 5271 2775 5342 multiloquium
2808 5281 2955 5328 sunt.
2983 5271 3130 5326 Deus
3165 5284 3293 5322 sane
3326 5280 3434 5320 non
3466 5263 3572 5317 isto
3600 5277 3724 5316 nos,

2135 5362 2298 5417 modo
2328 5365 2614 5419 instituere
2643 5364 2942 5418 orationem
2973 5361 3109 5424 vult,
3138 5359 3230 5414 scd
3267 5357 3502 5426 primum
3533 5353 3700 5421 quaeri

2137 5470 2359 5524 regnum
2399 5455 2490 5509 Dei
2525 5465 2576 5511 et
2617 5455 2884 5526 justitiam
2916 5455 3059 5523 ejus,
3094 5461 3147 5508 et
3193 5451 3306 5504 lucc
3351 5447 3538 5502 omnia
3565 5445 3705 5516 adji-

2131 5549 2345 5602 cientnr
2379 5549 2558 5604 nobis.

523 5641 568 5673 ³⁸
611 5637 744 5694 Luc.
781 5655 939 5702 κιιιι,
973 5640 1061 5695 ιδ.
1141 5636 1184 5667 ³⁸
1227 5637 1369 5691 Psal.
1401 5651 1574 5703 Lxx-I,
1602 5637 1691 5690 23.
1773 5638 1816 5669 ³⁷
1861 5638 2048 5695 Matth.
2077 5656 2152 5707 vr,
2182 5645 2233 5698 7.

524 5763 876 5836 (Sillterum
912 5778 1016 5836 ms,
1051 5760 1248 5836 Vati_c._,
1297 5759 1494 5836 ἐκείνοι
1543 5757 1895 5836 ἠπίστησαν,
1942 5761 2027 5814 ἐπι

2129 5781 2164 5816 πε
2201 5767 2398 5836 σημεῖα
2472 5764 2563 5816 καὶ
2598 5761 2798 5828 τέρατα
2868 5756 3181 5828 ἔμπροσθεν
3253 5756 3466 5812 αὐτῶν·
3499 5756 3702 5809 ἐκεῖνοι

455 5830 722 5889 ὑπέλαϐον
752 5836 815 5888 ἐκ
854 5832 1083 5902 μαγείας
1119 5831 1278 5886 αὐτὸν
1309 5830 1482 5886 ταῦτα
1521 5831 1902 5898 πεποιηκέναι.
