4088 6216
391 356 501 419 8'25

1592 365 1767 429 VITA
1809 367 1868 428 S.
1913 367 2246 430 ANDREIE
2289 367 2484 432 SALI.

3527 379 3646 443 826

395 466 424 516 ὁ
449 465 621 534 Λόγος
667 466 758 520 τοῦ
785 468 920 521 Θεοῦ
964 470 1088 534 τοὺς
1136 471 1334 536 αἰῶνας
1380 473 1592 545 συνέχει
1614 491 1630 507 ο
1663 477 1712 528 εί
1745 476 1820 547 μὴ
1857 478 1963 548 γὰρ

2077 483 2306 549 positum
2342 484 2536 539 deinde
2578 485 2838 540 saeculum
2885 493 2989 542 est.
3038 483 3380 542 Manifestum
3419 497 3500 544 est
3547 491 3650 562 igi-

396 557 558 620 αῦτὸς
607 557 759 628 ἐτέθη
811 557 1074 630 θεμέλιος,
1128 563 1363 634 οὐδαμοῦ
1406 560 1550 636 εἶχον
1610 565 1866 620 σύστασιν
1899 569 1967 621 τὰ

396 649 669 718 κτίσματα
715 650 915 706 πάντα.
963 654 1124 722 Λέγει
1159 656 1266 726 γὰρ
1313 657 1340 708 ὁ
1395 658 1688 721 ἀπόστολος
1737 661 1966 725 Παῦλος,

396 737 479 789 ὅτι
514 755 532 789 ι
581 738 670 791 Ἐν
710 741 879 810 αὐτῷ,
929 743 1024 796 καὶ
1080 748 1158 807 εἰς
1195 746 1355 799 αὐτὸν
1390 749 1457 802 τὰ
1492 749 1668 803 πάντα
1718 750 1966 822 ἐκτίσθη.

396 829 487 882 καὶ
514 829 581 881 δι’
604 831 824 885 αὑτοῦ.»
861 832 934 885 Τὸ
959 835 1078 904 μὲν,
1117 855 1136 888 ι
1172 838 1229 889 ἐν
1260 838 1462 908 αὐτῷ,›
1506 841 1652 908 λέγει
1682 842 1844 895 αὑτὸν
1877 844 1967 896 Θε-

397 918 613 986 μέλιον·
641 921 699 973 τὸ
719 920 794 987 δὲ,
834 941 851 974 ι
880 922 946 975 δι’
977 924 1164 988 αὑτοῦ,
1198 946 1216 978 ι
1256 929 1605 998 σημαίνειὸτι
1635 933 1661 984 ὁ
1694 933 1865 1001 Λόγος
1895 932 1969 986 ὢν

395 1008 485 1060 τοῦ
521 1012 754 1082 Πατρὸς,
805 1015 863 1080 ἐξ
907 1015 1070 1070 αὑτοῦ
1105 1020 1197 1071 τοῦ
1216 1020 1425 1091 Πατρὸς
1467 1023 1724 1092 ἐξήρχετο
1773 1025 1970 1096 appea-

397 1116 560 1166 στως,
592 1105 683 1155 καὶ
717 1104 824 1158 τῶν
877 1110 1190 1177 κτισμάτων
1221 1109 1318 1181 τὴν
1371 1111 1587 1180 ποίησιν
1643 1114 1929 1182 εἰργάζετο
1951 1129 1964 1144 ·

354 1197 357 1200 ’
396 1193 536 1246 ὥστε
567 1194 730 1257 αὐτὸς
757 1193 824 1267 ἦν
855 1201 949 1254 καὶ
976 1201 1242 1271 θεμέλιος,
1289 1207 1379 1258 καὶ
1411 1206 1612 1269 κτίζων
1646 1208 1737 1259 ἐπὶ
1769 1207 1964 1260 ἐαυτοῦ

352 1282 357 1293 ⁷
393 1287 460 1338 τέι
498 1287 809 1356 σύμπαν-ια’
839 1291 999 1356 αὐτὸς
1030 1293 1134 1364 γάρ
1163 1296 1308 1348 ἐστιν
1341 1297 1373 1366 ἡ
1406 1296 1662 1358 σύστασις
1701 1298 1807 1350 τῶν
1839 1300 1968 1368 ὁρα-

393 1375 502 1429 τῶν
538 1379 630 1429 καὶ
671 1379 779 1432 τῶν
819 1383 1061 1448 ἀοράτων
1088 1400 1101 1413 ·
1138 1384 1225 1438 διὰ
1258 1385 1416 1439 τοῦτὸ
1452 1405 1604 1456 φησι,
1647 1407 1664 1439 ι
1709 1389 1822 1459 Πρὸ
1874 1389 1966 1442 τοῦ

396 1467 589 1529 αἰῶνος
645 1467 972 1538 ἐθεμελίωσέ
1023 1489 1090 1541 με
1115 1487 1129 1502 ⁸
1167 1493 1189 1529 ι,
1218 1476 1312 1527 καὶ
1343 1476 1369 1526 ὁ
1412 1477 1736 1542 Ἀπόστολός
1765 1496 1925 1548 φησιν
1953 1496 1966 1510 ο

399 1574 418 1606 ι
457 1557 724 1621 Ἕκαστος
772 1561 826 1612 δὲ
858 1561 1103 1630 βλεπέτω
1149 1565 1264 1629 πῶς
1313 1567 1673 1636 ἐποικοδομεῖ,
1724 1571 1969 1638 Θεμέλιον

395 1650 504 1718 γὰρ
559 1651 708 1720 παρὰ
745 1653 836 1705 τὸν
876 1655 1128 1724 κείμενον
1176 1659 1363 1730 ἕτερον
1405 1663 1686 1735 κτισθῆναι
1717 1665 1775 1718 οὐ
1808 1665 1971 1720 δύια-

393 1756 504 1806 ται,
537 1742 594 1803 ὃς
625 1745 771 1796 ἐστιν
819 1745 1025 1815 Ἰησοῦς
1060 1749 1314 1819 Χριστός.
1351 1771 1371 1803 ι

396 1841 500 1886 tem
550 1834 768 1902 videat,
822 1837 939 1901 ait,
979 1845 1251 1909 quomodo
1321 1845 1761 1913 superaedilicet:

394 1924 445 1978 id
487 1928 630 1994 quod
673 1929 910 1998 positum
938 1941 1055 1995 est,
1085 1930 1244 1987 Jesus
1278 1935 1526 1992 Christus
1557 1938 1628 1993 ‘°.
1663 1957 1684 1991 ι

467 2024 599 2095 ροη⁹.
645 2027 958 2096 Ἐπιφάνιος
984 2028 1132 2098 λέγει
1153 2046 1166 2060 ⁸
1199 2031 1323 2094 Πῶς
1347 2035 1440 2085 καὶ
1465 2035 1520 2087 ἐν
1550 2037 1723 2108 τούτῳ
1757 2039 1973 2109 ’Ἄρειος
2010 2047 2048 2100 υ

393 2120 787 2190 κατεστράφης
843 2121 903 2174 Ὀ
937 2122 1127 2190 ’Λγιος
1178 2120 1367 2178 εἶπενε
1410 2127 1644 2181 Ἀκούων
1701 2130 1729 2181 ὁ
1787 2132 1968 2196 ἄθλιος

391 2211 471 2271 τὸ,
494 2228 512 2260 ι
546 2209 601 2262 Ὀ
632 2210 832 2282 Κύριος
866 2211 1045 2265 ἐκτισέ
1073 2230 1192 2282 με,›
1231 2215 1330 2269 οὐκ
1355 2216 1574 2287 ἐνόησεν
1601 2220 1682 2271 ὅτι
1710 2222 1838 2291 περὶ
1865 2221 1969 2291 τῆς

394 2302 811 2376 ἀνθρωπότητος
840 2305 929 2358 τοῦ
960 2306 1088 2359 Υἱοῦ
1121 2306 1211 2360 τοῦ
1241 2308 1376 2362 Θεοῦ
1401 2310 1570 2378 λέγει,
1602 2311 1712 2365 ἀλλ’
1746 2313 1969 2382 ἐνόησεν

393 2401 475 2452 ὅτι
524 2401 774 2471 περὶτῆς
824 2402 1073 2474 Οεότητος
1105 2405 1270 2459 αὑτοῦ
1315 2407 1473 2461 τοῦτο
1503 2409 1696 2480 ἐλέχοη
1723 2428 1737 2442 ο
1769 2413 1864 2464 καὶ
1892 2407 1968 2464 οἷ-

397 2510 498 2563 μαι¹
528 2494 889 2564 συναπαχθεῖς
918 2501 982 2568 τῇ
1009 2499 1404 2570 φρενοὸλαϐείᾳ
1435 2503 1540 2554 τῶν
1567 2502 1856 2571 δαιμόνων,
1889 2507 1969 2567 εἰς

393 2586 579 2641 ἄνοιαν
634 2589 887 2652 ἐξέπεσεν
913 2598 925 2610 ⁹
969 2594 1027 2645 οὺ
1077 2594 1186 2664 γὰρ
1225 2596 1443 2663 ἐφρόνει
1485 2596 1577 2648 τὸν
1611 2595 1842 2667 Χριστὸν
1891 2598 1970 2651 δι-

395 2680 558 2733 πλοῦν
608 2678 768 2746 εἶναι,
821 2684 952 2737 Θεὸν
989 2687 1084 2740 καὶ
1136 2687 1443 2755 ἄνθρωπον,
1481 2689 1615 2740 ἀλλὰ
1663 2691 1967 2759 μοναπλοῦν

393 2772 582 2826 τοῦτον
634 2775 985 2844 στοιχειώσας
1029 2778 1123 2831 καὶ.
1169 2779 1313 2833 δεινὰ
1344 2781 1690 2846 φαντασθεὶς,
1721 2784 1814 2844 ,είς
1853 2782 1969 2834 κτί-

399 2882 511 2935 σμα
541 2868 634 2919 καὶ
658 2867 870 2938 ποίημα
910 2869 967 2920 τὸ
990 2869 1140 2922 Θείον
1173 2871 1508 2941 κατήγαγεν.

469 3145 596 3220 ροθ’.
636 3147 946 3219 Ἐπιφάνιος
963 3147 1116 3204 εἶπεν
1141 3167 1156 3182 ο
1185 3150 1248 3202 Τί
1278 3150 1447 3221 λέγει,
1477 3171 1494 3202 ι
1538 3150 1594 3203 '0
1627 3152 1778 3215 Θεὸς,
1809 3154 1864 3205 ἐν
1891 3153 1968 3224 τῷ

381 3242 620 3310 ,ὀιόματί
669 3257 760 3293 σου
795 3241 966 3294 σῶσόν
999 3259 1090 3310 με,
1124 3243 1215 3294 καὶ
1263 3243 1318 3294 ἐν
1352 3246 1418 3312 τῇ
1467 3244 1688 3313 δυνάμει
1721 3262 1814 3296 σου
1843 3262 1968 3312 κρι-

399 3335 510 3393 νεῖς
543 3350 644 3401 με;
685 3352 703 3384 ι
748 3334 806 3386 '0
839 3335 1105 3403 μακάριος
1135 3333 1239 3406 ἔφη
1270 3353 1285 3369 ο
1334 3335 1398 3388 'll
1439 3337 1615 3406 κρίσις
1643 3335 1780 3403 αῦτη
1811 3338 1971 3388 καῢο-

2078 574 2188 633 tur,
2223 567 2456 624 Verbum
2504 572 2747 626 divinum
2789 574 2974 628 omnia
3018 575 3243 629 omnino
3271 578 3466 631 saecula
3496 594 3650 634 eom-

2073 660 2258 727 plecti.
2311 661 2464 728 Quod
2517 665 2563 719 si
2618 667 2794 735 ipsum
2846 668 3110 720 rationem
3165 666 3495 721 fundamenti
3542 685 3649 722 non

2030 793 2034 798 .
2075 750 2336 818 haberet,
2387 754 2498 822 jam
2526 769 2626 807 ncc
2660 756 2920 810 haberent
2948 765 3211 811 creaturae
3240 757 3529 821 universae,
3563 758 3652 811 tibi

2074 843 2458 898 consisterent.
2515 847 2654 900 Dicit
2689 849 2886 918 quippe
2934 849 3216 918 apostolus
3245 847 3450 903 Paulus
3480 867 3496 903 :
3538 867 3556 900 ι
3593 848 3652 903 In

2078 934 2198 1002 ipso
2233 944 2286 990 et
2337 952 2433 1005 per
2489 937 2667 1005 ipsum
2732 950 2912 994 creata
2964 950 3093 995 sunt
3143 942 3324 994 omnia
3361 942 3428 995 ³³.
3461 960 3479 992 ι
3551 938 3654 995 Ubi

2075 1025 2219 1093 quod
2271 1025 2515 1082 dicitur:
2560 1047 2579 1080 ι
2629 1031 2679 1083 in
2725 1031 2880 1100 ipso,
2937 1031 3236 1107 {Verbum
3286 1049 3408 1086 esse.
3463 1031 3654 1086 funda-

2075 1125 2313 1170 mentum
2341 1157 2355 1181 ,
2416 1120 2619 1174 indicat
2653 1138 2668 1187 ;
2724 1123 2854 1176 illud
2904 1132 3085 1176 autem
3119 1141 3134 1178 :
3175 1143 3194 1176 ι
3237 1140 3332 1192 per
3388 1125 3588 1193 ipsum.
3629 1141 3648 1175 ι

2075 1217 2473 1264 commonstrat
2533 1212 2699 1280 quod,
2756 1229 2878 1268 cum
2914 1213 3146 1268 Verbum
3188 1213 3364 1268 Patris
3419 1217 3526 1270 sit.
3589 1229 3653 1267 ex

2078 1296 2196 1364 ipso
2231 1296 2390 1352 Patre
2429 1302 2564 1355 citra
2619 1307 3025 1372 corruptionem
3063 1307 3309 1365 exiverit,
3368 1319 3656 1372 rerumque

2079 1391 2324 1444 omnium
2366 1395 2694 1449 creationem
2731 1396 3048 1465 pi-rl'ecerit;
3091 1400 3225 1451 adeo
3268 1409 3324 1450 ιιι
3373 1400 3548 1465 ipsum
3585 1398 3656 1449 sit

2076 1493 2129 1536 et
2182 1484 2593 1540 fundamentum
2655 1498 2708 1543 ct
2741 1492 2994 1544 conditor
3043 1494 3473 1544 universorum:
3529 1505 3653 1541 eum

2076 1576 2252 1645 ipsum
2287 1587 2392 1632 tam
2441 1595 2559 1648 quae
2599 1581 2874 1645 videntur,
2917 1598 3078 1651 quam
3110 1599 3231 1652 qua:
3266 1598 3374 1636 non
3404 1582 3654 1634 videnlur

2072 1679 2340 1724 Sustentet
2397 1672 2602 1726 omnia.
2668 1674 2808 1728 Hinc
2873 1676 3132 1728 dicitur:
3185 1695 3203 1726 ι
3255 1676 3392 1728 Ante
3453 1673 3655 1728 szecula

2073 1757 2320 1815 fundavit
2354 1779 2454 1817 me.
2503 1781 2521 1814 ι
2561 1763 2625 1816 Ει
2667 1765 2961 1834 Apostolus
3001 1785 3014 1821 :
3053 1784 3073 1817 ι
3119 1765 3508 1835 Unusquisque
3552 1778 3653 1815 au-

1834 1847 2248 1908 l‘undamentum
2319 1856 2462 1908 enim
2533 1856 2680 1912 aliud
2725 1873 2887 1912 nemo
2942 1865 3118 1927 potest
3173 1872 3411 1928 ponere,
3460 1864 3654 1925 printer

2148 2043 2270 2099 178.
2319 2043 2546 2112 Moxque
2592 2043 2930 2114 Epiphanius
2965 2059 2981 2098 :
3023 2043 3313 2110 Quomodo
3345 2050 3526 2096 autem
3559 2059 3655 2114 per

2073 2136 2253 2190 locum
2315 2137 2631 2204 pra'dictum
2671 2137 2969 2192 subversus
3029 2146 3114 2191 est
3160 2136 3366 2190 Arius?
3413 2137 3482 2190 Et
3535 2137 3655 2189 An-

2071 2229 2230 2283 dreas
2264 2245 2280 2287 :
2325 2228 2488 2283 Miser
2520 2230 2607 2283 ille
2632 2269 2646 2293 ,
2683 2245 2806 2283 cum
2842 2231 3124 2284 audisset:
3169 2207 3190 2280 ἱ
3226 2229 3488 2283 Dominus
3519 2243 3654 2282 con-

2071 2319 2208 2374 didit
2251 2336 2370 2385 me,
2415 2340 2434 2372 ι
2475 2336 2582 2374 ιιοη
2630 2322 3109 2384 animadvertetis,
3146 2321 3213 2373 de
3247 2320 3484 2374 humana
3528 2317 3651 2372 Filii

2073 2412 2164 2465 Dei
2213 2422 2409 2466 natura
2445 2414 2493 2467 id
2531 2413 2932 2482 intelligendum
2960 2427 3102 2477 esse,
3159 2411 3344 2465 deitati
3377 2410 3651 2480 applicare

2072 2507 2259 2562 voluit.
2293 2511 2470 2574 Atque
2498 2520 2599 2573 ego
2629 2505 2848 2573 quidem
2902 2505 3037 2557 mihi
3081 2503 3385 2573 persuadeo
3412 2541 3426 2565 ,
3474 2501 3653 2554 homi-

2072 2613 2193 2651 nem
2239 2596 2506 2650 diabolica
2549 2594 2730 2648 furore
2759 2603 3069 2660 correptum
3095 2631 3111 2657 ,
3152 2592 3204 2644 in
3243 2591 3391 2644 hanc
3427 2589 3651 2642 demen-

2071 2690 2200 2744 tiam
2252 2687 2506 2742 incidisse
2530 2727 2543 2749 ,
2581 2688 2707 2755 quia
2737 2686 3006 2754 duplicem
3035 2684 3087 2738 in
3117 2684 3337 2736 Christo
3370 2690 3646 2737 naturam.

2072 2783 2366 2836 humanam
2401 2780 2607 2834 scilicet
2647 2793 2711 2832 ac
2737 2778 2997 2838 divinam,
3035 2775 3318 2827 admittere
3349 2787 3605 2825 recusans
3630 2810 3646 2834 ,

2074 2887 2234 2926 unam
2265 2870 2678 2938 simplicemque
2712 2869 2977 2921 duntaxat
3006 2867 3352 2919 statuendam
3387 2879 3482 2931 per
3524 2875 3650 2930 gra-

2074 2982 2189 3020 vem
2223 2965 2528 3019 illusionem
2559 2962 2741 3016 docuit
2762 3001 2776 3026 ,
2817 2960 3101 3016 referendo
3128 2958 3390 3014 Deitatem
3423 2958 3474 3008 in
3501 2954 3650 3007 ordi-

2073 3072 2192 3110 llt‘lll
2241 3066 2634 3110 creaturarum.

2145 3149 2265 3202 179.
2337 3147 2400 3199 Et
2463 3144 2797 3214 Epiphanius
2857 3161 2872 3198 :
2943 3143 3082 3208 Quid
3149 3140 3250 3195 sibi
3309 3139 3423 3192 vult
3463 3135 3644 3191 illud:

2080 3260 2096 3293 ι
2139 3239 2302 3304 Deus,
2339 3239 2393 3292 in
2432 3239 2653 3292 nomine
2701 3247 2791 3291 tuo
2825 3236 3032 3290 salvum
3068 3251 3153 3288 me
3187 3234 3268 3287 iac
3297 3271 3312 3294 ,
3360 3240 3410 3285 et
3456 3231 3506 3283 in
3539 3231 3651 3282 vir-

2076 3345 2186 3388 tute
2254 3343 2343 3385 tua
2399 3331 2582 3400 judica
2636 3345 2720 3382 me
2755 3328 2841 3381 “7
2875 3345 2892 3378 ι
2935 3327 3178 3380 Andreas
3222 3325 3297 3377 ait
3330 3341 3344 3376 :
3372 3321 3645 3375 Judieium

399 3422 520 3494 λική
578 3426 694 3476 ἐστι
754 3426 936 3493 πάσης
1014 3425 1453 3496 ἀνθρωπότητος,
1521 3426 1718 3496 μᾶλλον
1765 3427 1820 3479 δὲ
1871 3429 1969 3497 τῆς

2077 3426 2167 3478 hic
2204 3425 2490 3492 generale,
2531 3421 2674 3491 quod
2713 3420 2969 3473 omnibus
3003 3416 3279 3484 impendet
3313 3412 3648 3475 hominibus,

411 3517 738 3586 Ἐκκλησίας
789 3517 1024 3586 ὑπάρχει
1067 3518 1202 3586 πρὸς
1240 3519 1329 3570 τὸν
1358 3517 1488 3570 Θεὸν
1534 3520 1566 3588 ἡ
1600 3518 1974 3589 παράκλησιςο

402 3608 501 3678 βοᾷ
529 3610 636 3677 γάρ
669 3607 806 3678 αῦτη
846 3609 932 3661 διὰ
963 3609 1228 3678 στόματος
1259 3609 1348 3662 τοῦ
1402 3611 1688 3679 Προφήτου
1724 3612 1860 3680 πρὸς
1885 3611 1977 3664 τὸν

403 3701 686 3770 ’λ’ψιστον,
737 3701 1005 3768 λέγουσιν
1051 3701 1109 3754 '0
1142 3703 1295 3767 Θεὸς,
1345 3702 1500 3768 δίκην
1545 3703 1654 3772 ἔχω
1711 3706 1848 3773 μετὰ
1882 3705 1976 3757 τοῦ

400 3792 646 3845 διαὸόλου
687 3794 778 3844 καὶ
826 3793 934 3846 τῶν
987 3792 1439 3848 εἰδώλων...αὑτοῦ
1477 3811 1490 3825 ·
1527 3799 1823 3848 καταπονεϊ
1870 3795 1978 3864 γὰρ

401 3885 682 3952 τυραννῶν
731 3903 797 3955 με
826 3889 890 3956 τῇ
944 3889 1176 3958 πονηρία
1211 3888 1399 3954 αὐτοῦ,
1447 3889 1561 3942 ἀλλ’
1599 3889 1718 3942 ἐλσέ
1766 3905 1981 3958 σαρκω-

403 3978 538 4040 οεὶς,
588 3979 920 4049 ὀνομάσϐητι
972 3979 1178 4046 Ἰησοῦς
1230 3981 1488 4051 Χριστὸς,
1528 3983 1624 4031 καὶ
1671 3983 1976 4033 πιστεύσω·

403 4070 460 4121 ἐν
492 4068 570 4136 τῷ
597 4069 816 4134 ὀνόματί
867 4085 960 4121 σου
998 4069 1167 4132 σῶζόν
1199 4057 1286 4138 με,
1325 4069 1614 4138 πλήρωσὸν
1667 4085 1760 4120 σου
1804 4070 1980 4122 πᾶσαν

404 4155 735 4226 οἰκονομίαν,
786 4155 1124 4226 θανατώῡητι
1178 4155 1246 4208 δι’
1290 4157 1412 4226 ἐμὲ,
1443 4156 1726 4226 ἐγέρθητι,
1778 4159 1980 4227 ἀναλήο-

407 4250 589 4317 (pO-qu,
629 4248 851 4302 κάθισον
885 4251 947 4301 ἐκ
993 4249 1185 4312 δεξιῶν
1216 4248 1310 4300 τοῦ
1353 4249 1586 4319 Πατρὸς,
1623 4249 1836 4319 πέμψον
1892 4268 1981 4319 μοι

404 4341 492 4392 τὸν
529 4341 886 4411 Παράκλητον
918 4341 1005 4394 διὰ
1035 4343 1142 4393 τῶν
1185 4343 1499 4394 ἀποστόλων
1533 4360 1650 4405 σου,
1682 4345 1774 4410 καὶ
1802 4341 1981 4403 λύσεις

404 4432 502 4502 τὴν
549 4433 702 4501 δίκην
753 4451 876 4500 μου,
920 4433 1245 4496 καταϐαλεῖς
1295 4435 1364 4486 τὰ
1405 4434 1618 4500 εἴδωλα,
1675 4433 1983 4504 συντρίψας

406 4525 530 4587 τοὺς
569 4525 808 4594 βωμοὺς,
861 4525 1126 4588 κωλύσεις
1173 4527 1271 4588 τὰς
1327 4527 1556 4598 αἰσχρὰς
1593 4527 1804 4590 ουσίας,
1856 4530 1984 4578 ἀπο-

406 4615 594 4677 δίδαξις
630 4634 719 4685 μοι
760 4618 826 4669 τὰ
861 4617 988 4686 ἔθνη
1038 4618 1106 4670 τὰ
1140 4618 1461 4688 ὑπουράνια,
1495 4621 1587 4672 καὶ
1627 4622 1684 4671 ἐν
1725 4622 1791 4689 τῇ
1826 4617 1984 4671 διανά-

410 4722 500 4774 μει
560 4723 652 4758 σου
690 4710 894 4777 κρινεῖς
932 4725 1020 4778 με,
1087 4711 1386 4778 διακρινεῖς
1441 4728 1532 4781 μοι
1576 4711 1755 4778 ἀγαθὰ
1813 4714 1870 4764 ἐν
1919 4714 1983 4782 τῇ

2080 3515 2349 3584 intelligas
2395 3513 2521 3566 licet
2555 3528 2569 3563 :
2606 3511 2710 3564 nisi
2745 3509 2900 3563 malis
2939 3523 3150 3561 mecum
3205 3505 3383 3559 dicere.
3408 3541 3423 3566 ,
3461 3516 3654 3572 pri-ca-

2080 3608 2280 3663 tionem
2320 3605 2464 3659 illam
2509 3601 2768 3658 Ecclesia:
2796 3616 2915 3656 esse
2942 3641 2956 3664 ,
3006 3601 3070 3652 ad
3114 3599 3278 3651 Deum
3324 3595 3650 3650 altissimum

2080 3701 2371 3754 clamantis
2405 3714 2498 3767 per
2527 3712 2587 3752 os
2611 3697 2886 3766 prophetm
2924 3711 2938 3747 :
2979 3692 3185 3753 Viden',
3217 3705 3250 3745 o
3292 3689 3452 3752 Deus,
3488 3700 3650 3755 quam

2078 3807 2277 3860 anceps
2305 3792 2436 3844 mihi
2465 3805 2588 3842 cum
2623 3788 2859 3852 diabolo,
2903 3801 2986 3838 me
3017 3798 3332 3854 oppressam
3366 3779 3654 3850 tyrannide

2080 3885 2221 3939 male
2250 3883 2569 3945 multaturo,
2599 3894 2834 3948 cumque
2877 3877 3038 3931 idolis
3067 3877 3186 3943 ejus
3227 3882 3499 3928 certamen
3541 3868 3656 3925 sit?

2080 3977 2163 4031 Tu
2194 3991 2322 4028 vero
2345 3989 2466 4043 age,
2500 3987 2718 4026 carnem
2755 3971 2975 4022 inclutus
3005 3969 3294 4020 humanam
3329 3967 3434 4026 huc
3464 3962 3649 4015 adsis:

2081 4067 2456 4122 dulcissimum
2493 4062 2620 4116 Jesu
2663 4061 2862 4115 Christi
2907 4073 3126 4119 nomen,
3176 4059 3226 4109 in
3260 4073 3368 4124 quo
3405 4056 3562 4107 iidem
3599 4061 3655 4108 et

2083 4160 2333 4214 ﬁduciam
2374 4171 2588 4210 onmem
2624 4168 2904 4220 reponam,
2938 4166 3178 4205 assume.
3213 4146 3266 4200 In
3307 4148 3526 4199 nomine
3564 4154 3656 4198 tuo

2083 4255 2230 4309 salva
2279 4267 2403 4316 tne;
2453 4248 2712 4319 quidquid
2751 4247 2804 4299 in
2837 4260 3001 4300 carne
3025 4243 3275 4298 obiturus
3311 4255 3392 4304 es,
3422 4240 3658 4307 adiniple

2083 4345 2270 4409 ocius;
2319 4358 2415 4411 pro
2464 4356 2547 4394 me
2599 4346 2826 4392 mortem
2859 4338 2972 4399 ohi,
3025 4351 3053 4388 a
3108 4332 3338 4387 mortuis
3388 4344 3656 4397 resurge,

2085 4437 2317 4493 ascende
2367 4435 2660 4496 incretos,
2703 4431 2768 4485 ad
2828 4431 3104 4484 dexteram
3155 4425 3334 4479 Patris
3391 4421 3655 4486 conside,

2086 4531 2228 4585 unde
2273 4539 2325 4584 et
2366 4527 2569 4597 Spiritu
2611 4526 2884 4596 paracleto
2933 4539 3026 4592 per
3077 4519 3354 4589 apostolos
3403 4526 3524 4569 tuos
3573 4528 3659 4567 me

2087 4622 2298 4691 imperti
2343 4639 2356 4675 :
2407 4623 2480 4673 ita
2531 4617 2746 4672 tandem
2799 4616 3042 4685 prmlium
3097 4621 3343 4666 nostrum
3397 4605 3655 4668 dirimes,

2091 4712 2233 4766 idola
2275 4710 2517 4777 dejicies.
2560 4723 2681 4761 aras
2725 4706 3085 4765 comminues,
3120 4703 3294 4769 turpia
3338 4707 3391 4752 et
3433 4694 3657 4767 profana

405 4797 674 4866 διακρίσει
700 4801 992 4867 γινώσκειν
1032 4818 1112 4864 σε,
1145 4803 1237 4853 καὶ
1263 4803 1358 4864 τὰς
1390 4803 1610 4866 ἐντολάς
1641 4821 1733 4856 σου
1768 4806 1974 4875 τηρεῖν,

2085 4804 2354 4859 sacriﬁcia
2399 4801 2698 4871 impedias.
2747 4798 2947 4853 subdcs
2993 4796 3126 4850 mihi
3179 4802 3368 4863 gentes
3401 4805 3520 4858 qua:
3561 4787 3662 4841 sub

409 4890 503 4940 καὶ
540 4889 833 4956 φυλάσσειν
887 4893 1025 4958 μετὰ
1072 4893 1165 4946 σοῦ
1197 4894 1383 4963 ζωκρέι
1412 4895 1523 4964 (87)
1561 4895 1977 4964 προστάγματα.

2087 4896 2224 4950 caelo
2258 4902 2386 4948 sunt
2413 4934 2426 4958 ,
2469 4905 2523 4945 et
2551 4892 2605 4944 in
2642 4892 2842 4944 virtute
2875 4887 3258 4958 tuajudicahis
3289 4891 3375 4939 me
3403 4901 3417 4938 :
3452 4879 3663 4951 judicio

411 4993 503 5037 tuo
540 4985 670 5038 mihi
729 4985 864 5040 bona
903 4988 1144 5045 tribues.
1181 4997 1236 5040 ut
1279 4989 1330 5041 in
1376 4988 1582 5057 judicio
1637 4997 1728 5043 tuo
1773 5003 2099 5060 cognoscam
2162 5000 2232 5054 te,
2265 4997 2321 5042 ut
2361 5002 2572 5042 servent
2642 4985 2901 5040 salutaria
2939 4982 3194 5038 mandata
3261 4991 3390 5045 tua,
3424 4985 3478 5033 et
3502 4987 3666 5028 exse-

409 5095 550 5151 quar
579 5095 771 5136 omnes
799 5082 1131 5136 voluntates.

482 5177 591 5244 ρπ’.
622 5171 832 5245 Ὀνομα
883 5174 973 5226 οῦν
1018 5175 1224 5245 Ἰησοῦς
1251 5177 1277 5227 ὁ
1320 5174 1552 5246 Χριστός
1576 5192 1590 5207 ·
1648 5173 1898 5244 δύναμις,
1924 5173 1984 5225 τὸ

414 5269 641 5339 Πνεῦμα
691 5270 751 5321 τὸ
786 5270 960 5336 ἅγιον.
1017 5270 1179 5339 Ζητεί
1229 5268 1321 5322 οῦν
1361 5269 1656 5338 Ἐκκλησία
1706 5269 1839 5338 πρὸς
1893 5268 1982 5320 τὸν

412 5361 655 5432 Πατέρα,
704 5361 973 5429 λέγουσα·
1015 5361 1072 5413 Ὀ
1115 5361 1269 5425 Θεὸς,
1304 5364 1360 5412 ἐν
1421 5360 1499 5430 τῷ
1546 5360 1764 5431 Χριστῴ
1807 5359 1980 5432 Ἰησοῦ

488 5549 533 5583 ³⁸
573 5551 734 5604 llum.
767 5565 842 5613 xl,
875 5547 964 5603 '56.
1041 5549 1084 5580 ⁸⁸
1128 5549 1146 5604 l
1188 5547 1312 5603 Cor.
1349 5562 1432 5612 ιιι,
1464 5545 1554 5598 10.

1628 5544 1674 5574 ⁸⁸
1715 5542 1861 5599 Psal.
1894 5558 2018 5607 Llll,

2166 5170 2286 5225 l80.
2331 5167 2536 5224 Nomen
2587 5168 2770 5236 itaque
2836 5173 2919 5218 est
2949 5161 3116 5234 _Jesus
3171 5159 3455 5224 Christus;
3490 5153 3663 5209 virtus

2091 5278 2222 5318 vero
2246 5301 2261 5327 ,
2307 5244 2542 5332 Spiritus
2587 5270 2831 5316 sanctus.
2878 5257 2968 5312 Sic
2999 5253 3229 5324 appellat
3255 5251 3416 5322 igitur
3448 5247 3664 5302 Patrem

2090 5365 2353 5412 aeternum
2408 5354 2642 5412 Ecclesia
2674 5393 2688 5419 ,
2742 5353 2930 5408 dicens
2973 5366 2989 5404 :
3038 5350 3078 5402 Ο
3111 5347 3292 5412 Deus,
3347 5343 3402 5397 in
3441 5339 3666 5396 Christo

2053 5543 2106 5597 51

492 5732 603 5803 (87)
645 5735 840 5802 Σωκρὰ
866 5735 1131 5788 salutaria
1162 5731 1319 5795 verti,
1350 5728 1606 5803 quamvis
1631 5742 1818 5781 vocem
1849 5727 1987 5780 hanc
2025 5728 2153 5785 alibi
2186 5740 2456 5800 nusquam
2492 5719 2786 5780 invenerim
2816 5735 2828 5772 :
2900 5731 3000 5774 nec
3071 5713 3213 5774 enim
3243 5711 3506 5786 aptiorem
3539 5723 3668 5766 sem

421 5798 544 5858 sum
585 5798 714 5859 dare
746 5798 793 5859 ei
833 5806 979 5872 potui
1023 5824 1034 5860 :
1079 5805 1226 5861 deest
1263 5811 1439 5856 tamen
1474 5799 1525 5854 in
1565 5798 1764 5854 Mazar.
