4088 6216
459 338 563 398 827

1507 343 1931 406 NICEPHORI
1971 348 2443 412 PRESBYTER!
2485 349 2594 412 C'P.

3617 349 3734 417 823‘

457 447 586 504 Jcsu
621 450 832 506 salvum
867 468 951 507 me
987 453 1092 519 fac,
1123 463 1177 510 et
1227 457 1282 510 in
1325 466 1514 512 sancto
1551 457 1756 528 Spiritu
1793 470 1888 514 tuo
1933 461 2040 514 lar-

2165 467 2320 520 ιῶσόν
2352 485 2441 534 με,
2483 469 2577 523 καί
2608 468 2685 539 τῷ
2716 469 2996 538 Πνεύματί
3044 485 3137 522 σου
3163 468 3241 539 τῷ
3285 467 3426 538 ἁγίῳ
3455 467 3726 537 διάκρισιν

458 543 574 610 gire
628 543 758 596 mihi
801 544 1216 601 discretionem.
1270 547 1542 603 Discretio
1600 567 1839 620 namque
1891 568 2046 608 com-

458 645 727 690 monstrat
757 636 960 692 homini
996 653 1213 693 omnem
1251 641 1395 694 viam
1437 646 1634 696 bonam
1659 687 1672 710 ,
1706 660 1808 701 nec
1838 645 2046 715 patitur

458 726 636 794 ipsum
674 742 703 781 a
753 738 900 782 recto
947 731 1048 785 viae
1098 733 1319 787 tramite
1364 734 1638 788 aberrare.
1700 735 1795 790 llla
1845 738 2049 807 princi-

456 833 575 886 pem
626 820 768 874 inter
795 831 1027 876 czeteras
1072 824 1304 879 virtutes
1356 826 1536 881 locum
1572 828 1812 895 obtinet;
1863 839 2048 900 utpote

457 925 518 963 ex
552 927 655 979 qua
711 913 995 979 cluat-itas,
1047 931 1112 970 ex
1159 919 1433 973 charitate
1488 936 1619 975 vero
1668 923 2046 978 misericordia

461 1006 724 1060 nasi-itur.
804 1006 898 1060 llla
954 1009 1190 1078 denique
1240 1027 1402 1065 omne
1456 1028 1593 1080 opus
1654 1015 1855 1068 bonum
1923 1033 2048 1084 pro-

459 1095 628 1162 durit,
661 1115 724 1152 ac
757 1100 809 1152 in
835 1102 1026 1169 primis
1058 1102 1278 1170 quidem
1313 1103 1698 1173 benignitatem
1729 1122 1855 1176 erga
1886 1110 2045 1175 alios,

456 1201 571 1244 tum
609 1194 952 1247 aversionem
987 1211 1050 1248 ac
1081 1197 1506 1251 detestationem
1533 1200 1825 1267 scelerum,
1867 1201 2052 1254 humi.

457 1283 667 1338 litatem
704 1299 924 1354 quaque
971 1301 1102 1341 suos
1152 1289 1526 1356 exaltantem,
1576 1305 1764 1359 pacem
1814 1292 2048 1361 denique

458 1387 509 1432 et
573 1380 1076 1433 mansuetudinem.
1135 1379 1228 1433 llla
1285 1381 1403 1451 ipsa
1475 1382 1737 1436 discretio
1813 1380 2048 1450 Spiritus

459 1472 632 1526 sancti
671 1473 826 1539 quasi
885 1488 1040 1528 mens
1074 1484 1190 1539 est;
1227 1490 1347 1543 quae
1381 1491 1506 1529 cum
1545 1477 1711 1531 semel
1757 1477 1809 1530 in
1858 1477 2044 1531 animo

459 1562 701 1616 IIOminis
750 1561 990 1632 recepta,
1034 1567 1157 1620 istic
1184 1567 1288 1620 sibi
1322 1568 1504 1622 sedem
1538 1567 1774 1636 delegit,
1827 1569 2049 1623 suavis-

460 1657 598 1710 sime
630 1657 794 1712 allicit
840 1659 1130 1715 facultates
1164 1661 1313 1715 illius
1344 1660 1677 1729 spirituales.
1709 1661 1848 1726 Quid
1889 1675 2052 1723 porro

459 1757 542 1801 est
575 1749 834 1804 discretio
875 1752 1010 1804 illa?
1049 1751 1371 1806 attendesis.
1409 1751 1679 1817 Expendit
1704 1767 1859 1821 aequa
1896 1752 2050 1806 lance

459 1842 758 1910 cogitatum
819 1859 981 1897 omne

461 1944 515 1986 et
554 1935 793 1988 residere
825 1935 879 1988 in
923 1937 1109 1989 animo
1149 1943 1203 1988 et
1233 1936 1570 1990 exsecutioni
1622 1936 1887 2003 mandari,
1919 1951 2046 2005 per-

2151 575 2241 626 μοι
2265 559 2527 628 δώρησαι.
2565 560 2629 612 Ἡ
2656 559 2764 630 γὰρ
2793 559 3062 630 διάκρισις
3090 558 3323 612 δεικνύει
3347 559 3425 627 τῷ
3457 555 3727 631 ἀνθρώπῳ

2150 652 2330 703 πᾶσαν
2362 650 2480 703 ὁδὸν
2518 651 2750 721 ἀγαθὴν,
2792 655 2885 706 καὶ
2931 653 3028 706 οὐκ
3055 653 3120 723 ἑᾷ
3161 652 3324 704 αὐτὸν
3355 652 3413 704 ἑν
3443 648 3548 722 ὀδῷ
3592 650 3727 705 ὑπο-

2150 742 2534 802 σκελίζεσθαι·
2590 743 2866 816 πρωτεύει
2917 743 3026 815 γὰρ
3081 744 3300 797 πάντων
3360 744 3468 796 τῶν
3519 744 3728 813 ἀρετῶν

2149 834 2323 904 α’ύτη·
2355 837 2418 888 ἑκ
2446 834 2649 905 ταύτης
2688 836 2799 905 γὰρ
2825 837 3084 900 γεννᾶται
3127 835 3159 903 ή
3198 834 3409 905 ἀγάπη,
3454 835 3518 888 ἐκ
3543 835 3599 888 δὲ
3630 837 3730 903 τῆς

2151 929 2370 997 ἀγάπης
2419 930 2450 998 ἡ
2501 929 2881 1000 ἐλεημοσύνη·
2917 928 3057 982 ὥστε
3107 928 3139 998 ἡ
3189 927 3462 996 διάκρισις
3509 924 3728 994 φυτεύει

2151 1023 2334 1073 πᾶσαν
2389 1021 2776 1091 ἀγαθοεργίαν,
2809 1021 3114 1091 προχέουσα
3144 1018 3362 1089 πρῶτον
3386 1018 3598 1088 καρπὸν
3631 1017 3730 1085 τὴν

2151 1113 2420 1179 εὐποιίαν,
2477 1113 2668 1167 ἔπειτα
2714 1115 2811 1182 τὴν
2861 1113 3121 1178 ἀκακίαν,
3166 1113 3262 1165 καὶ
3315 1108 3412 1181 τὴν
3474 1109 3728 1178 ύιζκοποιδν

2149 1207 2499 1269 ταπείνωσιν,
2529 1207 2629 1275 τὴν
2658 1205 2903 1276 εἰρήνην,
2937 1205 3030 1275 τὴν
3069 1204 3373 1276 πραότητα.
3415 1202 3482 1255 Ἦ
3521 1203 3733 1271 διάκρι-

2152 1315 2235 1361 σις
2264 1297 2377 1366 γὰρ
2425 1297 2548 1357 νοῦς
2614 1298 2727 1350 ἐστι
2759 1295 2850 1349 τοῦ
2903 1295 3056 1364 ἁγίου
3092 1295 3435 1364 Πνεύματος,
3468 1293 3561 1346 καὶ
3604 1294 3733 1346 ὅταν

2151 1388 2376 1458 χωρηθῇ
2405 1388 2483 1450 είς
2510 1389 2749 1442 διάνοιαν
2777 1387 3068 1458 ἀνθρώπου
3097 1386 3189 1438 τοῦ
3225 1387 3428 1456 μένειν,
3460 1384 3736 1454 ήδυτέρως

2151 1479 2319 1532 αὐτοῦ
2355 1481 2502 1532 ποιεῖ
2541 1481 2651 1540 τοῖς
2696 1479 3079 1550 αἰσθητηρίοις
3121 1481 3234 1542 τοῖς
3267 1480 3479 1549 νοητοῖς
3526 1478 3737 1530 διακεί·

2155 1571 2299 1626 σθαι.
2363 1569 2428 1624 Τί
2477 1570 2532 1624 δέ
2582 1572 2698 1624 ἑστι
2751 1571 3061 1642 διάκριτις;
3113 1570 3411 1642 [ἄκουε-ον’
3455 1569 3736 1638 Διάκρισῐς

2153 1661 2326 1735 ἑστιν]
2356 1666 2386 1733 ή
2431 1661 2574 1716 ἇπαν
2614 1663 2792 1734 νόημα
2827 1663 3261 1731 ζυγοστατοῦσα,
3296 1663 3391 1714 καὶ
3429 1661 3552 1714 ὅσον
3584 1661 3740 1726 ὑγιὲς

2153 1753 2310 1828 εὕρῃ,
2341 1755 2557 1808 δίδωσιν
2585 1757 2834 1826 κατέχειν
2863 1756 2962 1826 τὴν
2992 1757 3230 1810 διάνοιαν
3257 1754 3350 1806 καὶ
3383 1755 3554 1807 ποιεῖν
3573 1768 3588 1784 ο
3615 1754 3742 1805 ὅσον

1045 1861 1057 1896 :
1117 1844 1374 1913 quodque
1442 1845 1664 1899 salubre
1753 1819 2044 1915 comperit,

2165 1819 2456 1914 ιε’έὰθριν,
2493 1819 2750 1914 mpm?
2789 1846 2887 1914 τῆς
2919 1819 3166 1907 ’διανοίας
3211 1844 3307 1897 καὶ
3343 1841 3632 1910 σφενδόνης
3659 1842 3744 1894 δί-

2156 1953 2261 2006 κην
2299 1938 2516 2006 μακρὰν
2550 1937 2903 2007 ἀπορρίπτει.

464 2028 672 2082 mittit:
704 2029 851 2100 quod
899 2045 1031 2085 vero
1082 2032 1309 2086 noxium
1369 2031 1727 2103 putidumque
1761 2041 1889 2097 est,
1947 2032 2175 2104 expellit
2235 2047 2301 2087 ex
2331 2033 2556 2099 animo,
2596 2042 2652 2087 ct
2725 2044 2983 2101 tanquam
3065 2032 3232 2088 funda
3296 2034 3505 2105 jacttnn
3550 2029 3754 2104 procul-

462 2124 692 2180 etcutit.

535 2223 660 2278 181.
720 2221 1060 2293 Epiphanius
1119 2235 1300 2281 autem
1363 2227 1702 2298 interrogare
1733 2227 2040 2298 'pergeus:

465 2312 641 2378 Quid,
699 2312 917 2382 inquit,
969 2325 1193 2370 sanctus
1239 2315 1442 2372 Paulus
1473 2325 1747 2372 assertum
1787 2319 1902 2373 vult
1953 2333 2050 2389 per

467 2403 597 2457 illud
643 2421 659 2458 :
713 2420 732 2455 ι
790 2401 962 2459 Omne
1016 2415 1293 2473 peccatum
1325 2417 1478 2463 extra
1528 2423 1728 2478 corpus
1781 2421 1912 2474 est;
1955 2408 2049 2478 qui

465 2504 647 2550 autem
698 2494 1006 2551 fornicatur
1029 2537 1043 2563 ,
1091 2499 1147 2552 in
1180 2514 1380 2569 corpus
1412 2515 1569 2554 suum
1603 2511 1792 2570 peccat
1810 2499 1897 2554 “'1'
1933 2519 1952 2554 ι
1987 2501 2056 2555 Et

466 2590 802 2657 respondens
847 2591 1092 2647 Andreas
1129 2610 1141 2646 :
1175 2589 1350 2648 Omne
1414 2593 1559 2648 aliud
1593 2605 1876 2664 peccatum
1907 2635 1920 2657 ,
1957 2594 2057 2659 ait,

465 2681 523 2734 in
552 2683 735 2738 anima
776 2693 1064 2747 versatur,
1109 2696 1337 2757 excepta
1383 2687 1789 2752 fornicatione,
1840 2702 1963 2756 qua!
1993 2687 2060 2741 ad

467 2789 672 2843 corpus
704 2778 898 2830 attinet
934 2795 946 2831 :
998 2795 1064 2831 ex
1095 2778 1264 2832 latere
1297 2779 1442 2832 enim
1478 2780 1669 2833 Adami
1707 2779 1940 2833 formata
1971 2786 2053 2832 est

469 2868 688 2935 mulier,
736 2881 793 2924 ut
824 2874 931 2924 duo
967 2887 1136 2925 unum
1182 2885 1385 2941 corpus
1431 2871 1631 2926 forent.
1667 2872 1843 2927 Omne
1891 2871 2054 2940 igitur

465 2969 752 3028 peccatum
785 2972 936 3016 extra
975 2977 1174 3032 corpus
1209 2975 1290 3018 est
1324 2978 1343 3017 :
1383 2979 1502 3026 seu,
1537 2964 1615 3018 uti
1656 2963 1769 3034 jam
1805 2963 2052 3029 utemini,

468 3069 579 3106 non
616 3067 866 3121 corpore,
899 3056 995 3109 sed
1041 3058 1261 3124 anima,
1317 3057 1411 3111 sed
1451 3067 1633 3113 mente
1659 3097 1674 3121 ,
1717 3057 1809 3113 sed
1859 3056 2052 3128 spiritu

2239 2229 2390 2296 ρπαθ.
2434 2221 2752 2290 Ἐπιφάνιος
2777 2217 2929 2275 εἷπεν
2949 2237 2963 2252 ’
2997 2223 3062 2276 Τί
3089 2222 3236 2290 λέγει
3275 2225 3302 2277 6
3331 2223 3484 2292 ἅγιος
3507 2224 3742 2290 Παῦλος.

2158 2318 2243 2372 ὅτι
2285 2335 2305 2369 ι
2345 2317 2503 2370 Πᾶσα
2545 2315 2787 2386 ἀραρτία
2818 2315 2972 2378 ἑκτὸς
3003 2315 3095 2368 τοῦ
3120 2316 3369 2386 σώματος
3399 2319 3544 2370 ἑστιν
3564 2334 3577 2348 ν
3630 2320 3655 2371 6
3682 2318 3748 2372 δὲ

2163 2411 2444 2482 πορνεύων
2483 2411 2567 2473 εἰς
2597 2411 2658 2463 τὸ
2705 2409 2836 2463 ίδιον
2870 2411 3032 2480 σῶμα
3077 2411 3415 2481 ἁμαρτάνεις
3457 2432 3475 2464 ι
3516 2413 3658 2483 Ἔφη
3717 2416 3746 2465 6

2165 2506 2372 2565 ’Ὀσιος⁸
2405 2504 2562 2556 Πᾶσα
2593 2502 2724 2572 ἄλλη
2752 2502 2996 2572 ἁμαρτία
3027 2502 3232 2574 ψυχική
3265 2507 3436 2556 ἑστιν·
3465 2506 3496 2574 ἠ
3525 2506 3578 2557 δὲ
3606 2522 3749 2574 mp-

2158 2596 2276 2648 νεία
2341 2594 2630 2664 σωματικὴ
2696 2595 2880 2646 ἐστιν’
2941 2594 3004 2646 ἐκ
3057 2594 3163 2665 γὰρ
3209 2595 3308 2665 τῆς
3362 2595 3602 2665 πλευρᾶς
3648 2597 3746 2649 τοῦ

2173 2680 2354 2751 Ἀδὰμ
2390 2679 2714 2752 ᾠκοδομήθη
2748 2682 2780 2751 ἡ
2818 2682 2977 2753 γυνὴ,
3009 2681 3150 2736 ὥστε
3180 2684 3229 2735 οί
3258 2683 3351 2737 δύο
3387 2685 3445 2738 ἓν
3480 2685 3636 2755 σῶμα
3669 2689 3746 2739 εἰ·

2162 2789 2266 2827 σιν.
2310 2773 2464 2826 Πᾶσα
2515 2770 2608 2826 οὖν
2647 2774 2890 2845 ἁμαρτία
2943 2776 3101 2840 ἐκτὸς
3158 2775 3251 2829 τοῦ
3308 2777 3562 2845 σώματος
3605 2780 3745 2842 ἑστι,

2159 2865 2437 2917 τουτέστιν
2483 2863 2544 2917 ού
2602 2864 2680 2935 τῷ
2740 2864 2956 2936 σώματι
3007 2866 3262 2938 πράττει,
3314 2867 3451 2920 ἀλλὰ
3481 2872 3546 2939 τῇ
3577 2868 3761 2939 ψυχῇ..

2162 2954 2256 3008 καὶ.
2288 2954 2364 3023 τῷ
2393 2953 2493 3017 νοῒ,
2531 2956 2627 3008 καὶ
2658 2954 2734 3026 τῷ
2766 2953 3060 3025 πνεύματι,
3089 2955 3164 3018 ὡς
3197 2957 3467 3028 προέφην.
3502 2959 3611 3011 Καὶ
3637 2957 3746 3027 γὰρ

2164 3034 2532 3114 ἑκ’στὸματος
2574 3043 2673 3114 τὴν
2703 3044 2899 3114 ἡδονὴν
2949 3043 3258 3116 καρποῦται
3289 3048 3317 3099 6
3358 3045 3620 3115 ψεύστης,
3652 3047 3684 3117 ἢ
3719 3049 3748 3101 6

471 3147 856 3202 committitur.
899 3149 1110 3203 Etenim
1158 3159 1214 3204 et
1265 3151 1534 3216 mendax,
1586 3163 1641 3207 et
1687 3151 1964 3222 pt-rjurus.
2007 3157 2061 3206 et

2165 3135 2449 3206 ἐπίορκος,
2484 3134 2517 3206 ἢ
2551 3137 2580 3190 6
2632 3135 2955 3201 κατάλαλος,
2985 3136 3018 3208 ἢ
3055 3136 3085 3189 6
3138 3136 3336 3206 ἑτέραν
3373 3136 3499 3190 τινά
3524 3135 3747 3208 ἀνομίαν

473 3239 632 3294 fama;
675 3239 865 3295 aliena:
892 3241 981 3311 qui
1031 3242 1288 3310 detrahit,
1343 3254 1436 3299 aut
1472 3245 1617 3299 aliud
1652 3244 1930 3314 quidpiam
1965 3258 2061 3311 pa-

468 3337 580 3383 trat
621 3330 847 3387 sceleris
873 3372 890 3398 ,
943 3348 1010 3387 ex
1054 3334 1238 3388 verbis
1287 3335 1406 3389 suis
1452 3335 1690 3404 aliquam
1729 3335 1873 3404 capit
1906 3335 2062 3388 volu-

471 3431 674 3489 ptatem
718 3437 731 3474 :
786 3421 937 3476 solus
993 3421 1290 3476 fornicator
1341 3437 1572 3492 corpore
1621 3438 1725 3477 suo
1778 3432 2059 3493 peccatum

470 3511 709 3579 perficit.
744 3511 1221 3578 Quemadmodum
1261 3523 1440 3567 autem
1488 3529 1604 3575 sus,
1631 3514 1725 3584 qui
1777 3514 2058 3568 volutatur

471 3607 528 3656 in
571 3619 764 3669 caluo,
815 3621 924 3658 non
957 3604 1279 3674 coinquinat
1309 3605 1546 3660 interius
1593 3619 1814 3660 carnem
1857 3620 2073 3672 suam,

467 3695 568 3746 sed
599 3693 847 3754 exterius,
880 3694 1146 3747 duntaxat
1196 3693 1388 3764 pellem
1444 3696 1699 3750 sordibus
1757 3711 1821 3752 ac
1872 3695 2068 3752 fmtore

478 3785 653 3840 inficit
683 3803 696 3840 :
731 3785 805 3840 ita
842 3794 900 3840 et
945 3787 1247 3843 fornicator
1275 3828 1295 3854 ,
1341 3790 1435 3860 qui
1478 3790 1534 3844 in
1574 3789 1849 3843 cubilibus
1897 3798 2064 3858 atque

474 3878 841 3948 impudicitiis
886 3889 1149 3950 perpetuo
1180 3891 1470 3948 versatur,
1519 3897 1722 3952 corpus
1766 3883 1970 3951 pariter
2015 3891 2070 3935 et

474 3971 721 4024 animam
755 3970 900 4026 fuade
935 3973 1341 4028 commaculat:
1375 3975 1567 4045 sicque
1607 3975 1892 4028 dtentouiis
1923 3975 2066 4028 invi-

473 4063 732 4118 sibilibus
766 4064 1064 4120 ludibrium
1099 4081 1164 4121 ac
1201 4067 1346 4123 risus
1396 4069 1474 4122 fit.
1532 4069 1800 4122 Cmterum
1838 4067 2060 4137 quando

475 4154 540 4208 in
593 4169 791 4224 corpus
826 4172 986 4211 suum
1037 4166 1262 4226 peccat,
1315 4173 1428 4213 non
1477 4175 1638 4213 suum
1689 4159 2070 4212 tantummodo

473 4261 689 4317 corpus
717 4288 732 4314 ,
781 4248 875 4303 sed
927 4249 1180 4304 mulieris
1209 4249 1374 4304 etiam
1413 4265 1650 4320 quacum
1695 4258 1921 4320 peccat,
1960 4259 2076 4305 tur-

477 4337 625 4404 piter
679 4347 1031 4409 conspurcat.
1099 4341 1229 4396 Viro
1273 4343 1365 4412 qui
1433 4357 1702 4407 uxorem,
1754 4350 1808 4396 et
1859 4341 2074 4396 mulieri

473 4445 608 4500 qua:
636 4434 894 4486 maritum
930 4431 1133 4509 habent
1161 4473 1176 4498 ,
1221 4434 1498 4504 proprium
1545 4447 1748 4504 corpus
1788 4449 1899 4488 non
1944 4443 2072 4488 est:

2167 3228 2536 3298 ἐργαζόμενος
2559 3244 2573 3258 ο
2612 3226 2774 3296 μόνον
2805 3227 2861 3280 δδ
2900 3229 2930 3280 6
2961 3227 3242 3298 πορνεύων
3275 3227 3356 3299 τῷ
3392 3228 3507 3299 ἰδίῳ
3537 3228 3746 3299 σώματι

2165 3319 2409 3372 συντελεῖ
2452 3318 2552 3390 τὴν
2599 3318 2901 3390 ἁμαρτίαν.
2940 3320 3150 3390 ’Ὠσπερ
3198 3322 3226 3374 6
3265 3323 3470 3390 χοῖρος,
3492 3320 3621 3373 ὅταν
3655 3337 3757 3372 κυο-

2164 3410 2319 3481 λισθῇ
2355 3414 2413 3464 ἑν
2447 3410 2710 3482 βορϐόρῳ,
2744 3411 2806 3464 ού
2833 3411 2902 3464 τὰ
2930 3411 3076 3465 ἔνδον
3121 3412 3289 3467 αὐτοῦ
3322 3413 3562 3482 μολύνει,
3615 3411 3762 3468 ἀλλὰ..

2163 3503 2262 3574 τὴν
2301 3502 2405 3568 ἔξω
2427 3503 2593 3556 αὑτοῦ
2628 3503 2810 3560 πᾶσαν
2842 3503 3004 3574 δορὰν
3032 3505 3328 3574 σικχαντὴν
3354 3505 3450 3558 καὶ
3481 3503 3756 3576 βρωμώδη

2167 3597 2542 3666 ἀπεργάζεται
2569 3612 2584 3626 ο
2620 3595 2768 3651 οὓτω
2840 3597 2935 3650 καὶ
2978 3599 3007 3650 6
3051 3597 3356 3668 πορνεύων,
3405 3598 3609 3661 κοίταις
3655 3599 3755 3650 καὶ

2165 3689 2476 3757 ἀσελγείαις
2507 3689 2698 3744 ἑαυτὸν
2757 3689 3131 3760 ἀναμιγνύων,
3163 3690 3456 3760 σικχαντὺν
3497 3689 3658 3742 αὑτοῦ
3692 3689 3760 3742 τὸ

2171 3782 2331 3851 σῶμα
2391 3783 2486 3836 καὶ
2527 3781 2626 3854 τὴν
2683 3782 2862 3855 ψυχὴν
2919 3782 3391 3854 ἀπεργαζόμενος,
3442 3776 3600 3844 οὗτος
3658 3798 3761 3834 που

2173 3877 2388 3946 ρεύεται
2444 3877 2652 3944 γέλοιον
2703 3878 2814 3940 τοῖς
2860 3876 3116 3948 ἀοράτοις
3161 3876 3412 3947 δαίμοσιν
3462 3874 3763 3944 ἀναφαινό-

2174 3985 2354 4038 μενος.
2393 3968 2593 4022 Λοιπὸν
2637 3967 2716 4030 εἰς
2751 3967 2814 4020 τὸ
2851 3966 2981 4021 ἴδιον
3022 3967 3185 4038 σῶμα
3230 3961 3562 4037 ἀμαρτἀνει,
3605 3964 3766 4034 μιαί-

2169 4076 2276 4112 νων
2326 4060 2460 4113 αὑτό
2483 4076 2497 4090 ·
2530 4061 2631 4112 οὐκ
2661 4060 2795 4116 αὐτὸ
2826 4059 2880 4116 δὲ
2931 4062 3113 4130 μόνον,
3164 4059 3303 4114 ἀλλά
3329 4075 3392 4127 γε
3447 4057 3542 4111 καὶ
3572 4056 3635 4109 τὸ
3661 4057 3767 4126 τῆς

2171 4153 2433 4221 γυναικος
2476 4155 2559 4217 εἰς
2591 4153 2619 4206 ὃ
2653 4152 3069 4225 περιπλέκεται.
3118 4152 3281 4224 ’Δνὴρ
3311 4153 3544 4221 γυναῖκα
3595 4149 3769 4220 ἔχων,

2171 4247 2267 4298 καὶ
2297 4251 2436 4318 γυνὴ
2464 4247 2694 4315 νόμιμον
2721 4246 2890 4318 ἄνδρα
2925 4246 3144 4317 ἔχουσα,
3194 4249 3293 4300 οὐκ
3323 4245 3506 4316 ἔχουσι
3533 4245 3601 4296 τὰ
3634 4245 3770 4297 sau-

2173 4339 2284 4392 τῶν
2309 4341 2540 4410 σώματα
2564 4341 2673 4394 ίδια
2693 4355 2710 4370 ⁸
2734 4339 2831 4393 τοῦ
2860 4341 3054 4412 ἀνδρὸς
3078 4340 3186 4411 γὰρ
3212 4341 3273 4394 τὸ
3302 4338 3462 4410 σῶμά
3521 4338 3636 4390 ἑστι
3661 4337 3774 4408 τῆς

2176 4427 2432 4496 γυναικὸς
2461 4428 2647 4494 αὐτοῦ,
2691 4429 2786 4482 καὶ
2831 4429 2934 4497 τῆς
2989 4430 3250 4496 γυναικός
3284 4433 3398 4483 ἐστι
3433 4427 3528 4482 τοῦ
3568 4428 3774 4497 ἀνδρὸς

484 4521 585 4576 viri
614 4524 813 4593 quippe
845 4538 1048 4594 corpus
1081 4526 1311 4582 arbitrio
1349 4527 1541 4583 uxoris
1577 4527 1797 4592 subest;
1829 4534 1882 4580 et
1910 4525 2061 4580 simi-

2170 4520 2357 4588 αὐτῆς,
2407 4518 2545 4573 ὥστε
2576 4519 2760 4574 οὐκέτι
2818 4521 2926 4575 εἰσὶ
2993 4519 3108 4587 δύο,
3139 4521 3274 4574 ἀλλά
3308 4520 3447 4592 σὰρξ
3472 4520 3586 4590 μία.
3636 4518 3782 4573 Ἐἀνι

475 4613 614 4668 «liter
650 4614 901 4668 mulieris
929 4630 1130 4686 corpus
1165 4616 1218 4670 in
1248 4627 1515 4688 potestate
1547 4617 1725 4672 mariti
1752 4627 1854 4681 est,
1875 4627 1928 4672 ut
1961 4633 2068 4673 non

483 4705 730 4774 amplius
773 4704 882 4759 duo
923 4706 1031 4759 sint
1055 4747 1069 4772 ,
1123 4708 1216 4762 sed
1251 4723 1359 4763 una
1392 4726 1541 4764 caro.
1573 4708 1628 4764 Si
1666 4708 1860 4763 mulier
1888 4709 2070 4778 itaque

484 4793 811 4857 fornicatur,
845 4795 899 4849 in
935 4811 1137 4866 corpus
1170 4799 1351 4852 mariti
1384 4807 1573 4868 peccat
1604 4817 1618 4854 :
1655 4799 1700 4855 si
1736 4814 1867 4854 vero
1899 4798 2073 4852 mari-

481 4895 578 4943 tus
603 4926 617 4952 ,
655 4895 842 4957 peccat
883 4889 936 4943 in
982 4905 1182 4961 corpus
1223 4907 1425 4958 suum,
1457 4893 1604 4962 quod
1652 4901 1736 4948 est
1778 4907 1951 4957 uxor;
1997 4891 2076 4946 sic

478 4988 544 5034 «et
576 4979 716 5034 alter
764 4979 819 5034 in
871 4982 1096 5037 alterius
1139 4993 1369 5053 peccant
1411 5000 1662 5053 corpora,
1704 4982 1926 5053 quando
1966 4999 2077 5037 non

482 5087 552 5128 se
585 5072 760 5143 ipsos,
806 5076 902 5129 sed
953 5076 1162 5130 alienos
1210 5078 1500 5143 adatuant;
1543 5086 1732 5146 utpote
1777 5077 1870 5145 qui
1915 5077 2078 5130 ambo

485 5166 797 5223 maritalem
836 5176 1013 5222 torum
1061 5171 1208 5239 turpi
1293 5170 1500 5240 flagitio
1544 5171 1930 5223 dehonestant.
1962 5168 2080 5223 llac

491 5258 661 5328 igitur
701 5259 768 5315 de
813 5275 980 5317 causa
1009 5302 1026 5328 ,
1083 5281 1102 5315 ι
1136 5263 1311 5318 Omne
1347 5272 1628 5334 peccatum
1668 5272 1821 5318 extra
1877 5277 2078 5333 corpus

492 5360 576 5405 est
621 5369 635 5405 :
689 5351 782 5423 qui
831 5363 1011 5409 autem
1058 5354 1384 5422 fornicatur,
1417 5357 1469 5410 in
1515 5371 1715 5426 corpus
1761 5372 1922 5412 suum
1955 5372 2080 5426 pec-

491 5449 614 5505 cat;
660 5462 680 5496 ι
737 5459 802 5498 ac
851 5446 1121 5502 sordescit
1167 5463 1366 5518 corpus
1412 5449 1572 5518 ejus.
1624 5449 1797 5504 instar
1846 5450 1962 5504 suis
2025 5449 2080 5503 in

493 5538 739 5589 stercore
771 5538 999 5593 volutati
1027 5579 1042 5606 ,
1086 5549 1142 5594 et
1175 5541 1357 5594 anima
1395 5543 1568 5596 instar
1597 5540 1858 5596 daemonis
1889 5540 2081 5594 ftetcre

496 5623 685 5691 incipit
721 5644 734 5680 :
781 5644 1020 5701 cumque
1072 5643 1266 5689 cmtera
1305 5645 1530 5704 peccata
1583 5633 1823 5690 tenebris
1857 5632 2084 5704 quibus-

2179 4609 2273 4666 οὖν
2308 4613 2338 4675 ἡ
2373 4611 2512 4683 γυνὴ
2538 4611 2836 4683 πορνεύσῃ,
2867 4613 2945 4676 είς
2976 4613 3035 4666 τὸ
3061 4613 3220 4682 σῶμα
3245 4612 3340 4665 τοῦ
3374 4611 3564 4683 ἀνδρὸς
3585 4610 3778 4680 ἀμαρ-

2180 4705 2331 4758 τάνει
2355 4720 2369 4734 ·
2407 4704 2503 4757 ἑὰν
2527 4704 2590 4758 δὲ
2627 4707 2654 4758 6
2689 4705 2829 4777 ἀνὴρ
2864 4705 3187 4776 ἁμαρτήσῃ,
3220 4705 3300 4768 είς
3337 4703 3399 4758 τὸ
3439 4704 3567 4756 ῐδιον
3602 4703 3773 4772 σῶμα

2179 4797 2279 4866 τῆς
2318 4797 2581 4864 γυναικὸς
2616 4798 2959 4868 ἁμαρτάνει·
2995 4796 3168 4862 οὓτως
3199 4797 3292 4852 οὖν
3335 4799 3416 4860 είς
3450 4795 3518 4848 τὰ
3552 4793 3774 4849 ἑαυτῶν

2183 4889 2416 4959 σώματα
2441 4891 2870 4961 ἁμαρτάνουσιν,
2889 4890 3127 4961 ὁπηνίκα
3151 4891 3250 4960 οὐχ
3270 4889 3476 4943 ἑαυτῶν
3507 4888 3770 4959 ὲρῶνται,

2181 4981 2318 5035 ἀλλά
2347 4981 2455 5035 τῶν
2483 4982 2801 5050 ἀλλοτρίων,
2835 4983 2911 5046 ὡς
2937 4982 3237 5054 ἀμφότεροι
3271 4982 3372 5052 τὴν
3416 4979 3560 5034 ίδίαν
3576 4979 3773 5050 κοίτην

2184 5076 2509 5145 μιαίνοντες.
2549 5076 2650 5130 Διά
2681 5076 2841 5130 τοῦτο
2875 5077 2986 5147 γὰρ
3032 5079 3180 5131 πᾶσα
3211 5075 3452 5148 ἁμαρτία
3479 5073 3633 5136 ἐκτὸς
3669 5073 3770 5126 τοῦ

2183 5167 2437 5239 σώματός
2489 5171 2637 5222 ἑστιν
2663 5185 2678 5201 ·
2712 5170 2743 5223 6
2785 5169 2843 5222 δὲ
2898 5169 3178 5240 πορνεύων
3207 5170 3286 5232 είς
3316 5169 3377 5222 τὸ
3430 5167 3560 5220 ίδιον
3604 5164 3772 5235 σῶμα

2180 5263 2508 5334 ἁμαρτάνει,
2560 5262 2750 5335 ὥσπερ
2781 5264 2963 5333 χοῖρος
3011 5264 3068 5315 ἑν
3098 5263 3291 5333 κόπρῳ
3327 5258 3775 5326 κυλινδούμενος,

2187 5357 2279 5408 καὶ
2307 5354 2517 5424 γίνεται
2563 5353 2730 5409 αὑτοῦ
2784 5355 2846 5406 τὸ
2881 5354 3042 5424 σῶμα
3075 5351 3386 5423 σικχαντὺν,
3413 5352 3508 5404 καὶ
3529 5347 3770 5420 ἀζομένη

2185 5447 2331 5518 ψυχὴ
2393 5447 2580 5510 αὐτοῦ,
2623 5446 2814 5516 ὥσπερ
2845 5447 3102 5516 δαίμονος
3121 5464 3134 5477 ·
3162 5447 3257 5499 καὶ
3287 5445 3438 5498 πᾶσα
3467 5443 3564 5514 μὲν
3590 5443 3781 5512 ἀμαρ-

2187 5541 2277 5591 τία
2310 5539 2500 5602 δεινῶς
2529 5539 2628 5610 τὴν
2654 5539 2833 5610 ψυχὴν
2885 5537 3122 5608 ζοφώδη,
3160 5538 3192 5607 ἡ
3226 5536 3283 5590 δὲ
3327 5533 3555 5607 πορνεία
3591 5532 3776 5589 δυσῶ-

2185 5631 2272 5694 δες
2299 5631 2392 5684 καὶ
2430 5631 2656 5700 αἰσχρὸν
2680 5630 2741 5683 τὸ
2768 5631 2932 5702 σῶμα
2955 5629 3355 5701 ἀπεργάζεται.

491 5709 621 5764 dam
670 5712 956 5774 involvunt
995 5725 1277 5797 animam,
1317 5727 1610 5786 fornicatio
1658 5727 1882 5797 insuper
1931 5735 2084 5797 turpe
2123 5723 2482 5796 foetidumqne
2520 5723 2682 5780 efficit
2722 5739 2937 5794 corpus.

583 5800 624 5832 ιε
663 5800 682 5853 ι
717 5802 843 5858 Cor.
878 5824 966 5872 γι.
1006 5813 1092 5869 18.
