4088 6216
400 355 506 414 8‘29

467 461 610 534 ρπβ¹.
658 462 975 530 Ἐπιφάνιος
998 460 1178 517 εἶπενθ
1212 466 1343 519 Τίνα
1373 465 1521 532 λέγει
1546 468 1606 520 τὺ
1635 469 1965 536 Εὑαγγέλιον
2000 478 2039 530 Α

399 557 702 628 μαμωνᾶν;
755 555 812 609 '0
864 557 1054 624 ’Ἄγιος
1099 553 1286 610 εἶπεν·
1323 560 1603 627 Μαμωνᾶς
1643 563 1787 613 ἐστιν
1815 563 1843 613 6
1891 559 1967 613 ῶν

397 647 650 716 τελώνης,
686 649 782 699 κα.)⁵
828 647 1032 717 ἅρπαξ,
1076 649 1169 702 καὶ
1204 650 1557 718 πλεονέκτης,
1606 653 1633 704 6
1666 651 1967 704 κατεσθίων

395 740 492 801 τὰς
525 739 704 801 οἰκίας
750 737 860 792 τῶν
910 741 1095 811 χηρῶν
1129 743 1222 794 καὶ
1270 743 1518 810 ὀρφανῶν
1568 743 1790 807 ἀδίκως,
1829 744 1966 796 κατᾶ

395 830 712 883 δυναστείαν
747 831 958 892 τούτοις
1009 833 1353 901 ἐπεμϐαίνων
1378 849 1391 862 ·
1428 835 1520 886 καὶ
1572 836 1838 904 μαμωνᾶς
1885 834 1971 888 λέ-

397 939 550 990 γεται
587 927 613 976 6
643 925 742 993 τῆς
769 925 1078 990 πλεονεξίας
1105 927 1334 995 δαίμων,
1364 928 1390 978 6
1419 929 1498 988 είς
1528 926 1586 978 τὸ
1615 926 1787 990 πάθος
1813 927 1971 980 τοῦτο

395 1013 572 1070 ὠθῶν.
611 1015 671 1070 Ὀ
714 1015 1029 1083 Ἑπιφάνιος
1059 1018 1208 1085 λέγει
1231 1035 1244 1048 ο
1281 1018 1345 1070 Τί
1376 1019 1524 1086 λέγει
1552 1019 1612 1071 τδ
1639 1019 1930 1089 εἰρημένον
1952 1033 1966 1048 ·

399 1126 416 1158 ι
458 1109 519 1162 ΟΞ
553 1108 657 1161 υἰοί
692 1126 784 1161 σου
827 1109 902 1172 ὡς
935 1111 1165 1178 νεόφυτα
1197 1109 1392 1162 ἐλαιῶν
1416 1111 1602 1180 κύκλῳ
1630 1112 1726 1180 τῆς
1758 1109 1969 1180 τραπέοο

395 1200 495 1269 ζης
531 1218 665 1266 acu;
716 1220 734 1253 ι
779 1202 838 1254 Ὀ
872 1202 1154 1272 Μακάριος
1198 1197 1389 1254 εἷπενυ
1429 1202 1652 1270 Βλέψον,
1717 1201 1969 1270 ἀγαπητέ

398 1311 521 1363 μου,
554 1295 634 1354 εἰς
668 1295 734 1348 τὰ
777 1294 911 1363 ἆγια
943 1295 1297 1366 θυσιαστήρια
1337 1297 1392 1346 ἐν
1421 1298 1485 1365 τῇ
1545 1296 1663 1366 ὥρᾳ
1705 1296 1799 1364 τῆς
1842 1313 1969 1364 φρι-

394 1384 529 1452 κτῆς
574 1383 935 1455 λειτουργίας,
987 1385 1083 1437 καὶ
1118 1384 1306 1439 θέασαι
1336 1385 1521 1455 κύκλῳ
1548 1386 1648 1455 τῆς
1689 1386 1970 1455 τραπέζης

302 1475 306 1478 ’
394 1474 518 1538 τοὺς
549 1477 698 1538 υἰοὺς
729 1475 823 1529 τοῦ
873 1475 1008 1528 Θεοῦ
1047 1476 1184 1542 μετὰ
1240 1477 1844 1547 λαμπάδωνέστῶτας,
1894 1477 1971 1540 ὼς

393 1566 629 1633 νεόφυτα
686 1565 882 1620 ἐλαιῶν
912 1568 970 1619 ὲν
1028 1566 1354 1635 ἀμπελῶνι*
1399 1568 1526 1628 τοὺς
1580 1567 1970 1635 νεοφωτίστους

393 1657 538 1725 λέγω
573 1660 631 1711 ἐν
660 1661 725 1730 τῇ
758 1658 876 1728 ὥρᾳ
907 1659 1004 1728 τῆς
1038 1660 1368 1730 ἱερουργίας,
1406 1659 1593 1730 ὥσπερ
1621 1662 1796 1731 ὡραῖα
1829 1660 1970 1727 φυτὰ

394 1751 870 1819 μεταφυτευθέντα
901 1753 1010 1806 ἀπὸ
1039 1753 1262 1816 σκότους
1299 1755 1379 1816 είς
1421 1753 1558 1821 φῶς.
1597 1753 1831 1817 Τούτους
1859 1755 1969 1825 γὰρ

391 1841 529 1912 ἔχων
555 1846 582 1896 6
607 1845 898 1915 Προφήτης
930 1846 1068 1898 κατᾶ
1099 1844 1244 1909 νοῦν,
1283 1845 1458 1899 ταῦτα
1491 1847 1734 1916 εἴρηκεν.

1566 355 1746 415 ΥΙΤΑ
1787 357 1848 414 S.
1895 355 2224 416 ANDRExF.‘
2260 356 2450 417 ΒΑΗ.

3539 361 3644 423 830

2145 471 2267 524 182.
2300 468 2638 538 Epiphanio,
2674 477 2796 538 post
2831 469 2940 523 haec
2987 469 3377 539 intcrrOganti,
3440 472 3560 538 quis
3591 475 3642 526 in

2074 560 2363 629 Biangclio
2409 561 2623 614 dicatur
2671 577 2766 630 per
2817 575 3163 624 mammona,
3199 561 3488 630 respondet
3532 563 3648 616 An-

2071 653 2230 706 dreas
2250 696 2265 720 ,
2315 667 2381 707 eo
2410 654 2628 707 nomino
2652 653 2836 706 vi-nire
2860 654 3204 722 publicanos,
3237 668 3484 722 rapaces,
3518 669 3648 706 ava-

2073 761 2198 806 ros,
2243 761 2448 815 eosque.
2480 761 2690 807 omnes.
2728 750 2821 814 qui
2855 747 3142 800 vidttarum
3177 761 3238 800 ac
3273 746 3649 815 orphanorum

2073 837 2358 891 facultates
2392 839 2590 905 injuste
2625 839 2880 891 auferunt
2910 847 2963 891 et
2995 839 3308 897 absumunt.
3341 838 3518 906 iisque
3548 839 3649 892 sibi

2072 928 2362 996 dignitates
2407 939 2567 996 atque
2615 929 2840 995 impcria
2885 939 3222 998 comparant.
3276 926 3436 981 Vertit
3485 931 3649 981 etiam

2072 1024 2259 1076 eodem
2305 1022 2525 1075 nomine
2562 1023 2771 1074 d:emon
2825 1023 3106 1080 avaritiat,
3161 1021 3255 1088 qui
3306 1021 3524 1073 sordida
3564 1021 3652 1073 di-

2071 1113 2327 1166 vitiarum
2385 1112 2684 1182 cupiditate
2737 1115 2985 1167 homines
3039 1113 3365 1164 inﬂammat.
3413 1111 3649 1164 Rursum

2072 1207 2335 1271 quierenli
2371 1204 2692 1273 Epiphanio,
2739 1206 2835 1274 qui
2873 1213 3017 1258 esset
3052 1203 3464 1271 intelligendum
3511 1202 3651 1254 istud

2072 1295 2374 1352 Psalmistae
2413 1298 2692 1351 oraculum
2730 1311 2743 1349 ι
2787 1317 2804 1347 ι
2847 1295 2965 1349 Filii
3001 1296 3074 1348 tui
3112 1295 3251 1348 sicut
3294 1294 3520 1345 novella:
3553 1293 3652 1343 oli-

2073 1405 2263 1442 varum
2317 1390 2370 1442 in
2425 1389 2656 1442 circuitu
2703 1403 2905 1442 mensze
2961 1396 3064 1440 tuae
3099 1387 3166 1448 ⁸³,
3208 1405 3226 1436 ι
3270 1397 3490 1438 rursum
3549 1385 3653 1435 tale

2073 1496 2396 1549 responsum
2434 1481 2582 1534 dedit
2621 1481 2810 1534 beatus
2858 1482 3101 1534 Andreas
3145 1496 3159 1533 :
3202 1478 3376 1532 Flecte
3424 1478 3650 1538 oculos,

2072 1575 2431 1638 charissima,
2481 1589 2603 1628 cum
2649 1582 3058 1628 sacrosanctum
3096 1573 3274 1626 missae
3321 1569 3651 1624 sacriﬁcium

2072 1666 2389 1735 peragitur.
2420 1666 2486 1718 ad
2523 1679 2736 1718 sacrum
2769 1666 2970 1726 altare;
3007 1672 3055 1716 et
3095 1663 3304 1731 respice
3333 1661 3384 1714 in
3417 1658 3655 1713 circuitu

2075 1773 2280 1811 mensae
2323 1757 2465 1814 ﬁlios
2511 1756 2642 1820 Dei,
2682 1757 3026 1824 lampadibus
3069 1754 3392 1816 instructos,
3446 1750 3522 1802 uti
3557 1763 3656 1801 no-

2073 1848 2242 1901 vellas
2289 1848 2556 1902 olivarum
2609 1846 2662 1900 in
2717 1847 2873 1898 vinea
2925 1845 3326 1905 consistentes;
3381 1856 3513 1904 eos,
3567 1841 3655 1891 in.

391 1952 590 2005 quant,
624 1938 717 2007 qui
756 1946 1001 1993 recenter
1029 1953 1126 2010 per
1156 1955 1376 1994 sacrum
1414 1941 1684 2009 baptisma
1728 1950 1971 2009 tempore
2009 1941 2268 1995 sacrificii
2299 1942 2490 2004 divini,
2529 1943 2703 1995 instar
2766 1940 3073 2009 plantarum
3135 1936 3630 2006 pulcherrimarum

393 2033 641 2086 translati
699 2030 920 2087 fuerunt
965 2050 992 2087 a
1049 2035 1289 2089 tenebris
1341 2034 1407 2088 ad
1460 2035 1659 2088 lucem.
1701 2033 1779 2088 llli
1829 2034 2158 2101 enimsunt,
2194 2051 2331 2104 quos
2397 2033 2583 2088 animo
2611 2033 2868 2088 versabat
2912 2030 3226 2101 Propheta,
3273 2045 3397 2083 cum
3457 2039 3655 2080 oracu-

391 2127 501 2179 lum
537 2127 680 2180 istud
722 2126 969 2194 protulit.

464 2228 612 2291 ρπγ’.
658 2222 976 2290 Ἐπιφάνιος
1022 2217 1215 2274 εἶπεν·
1250 2223 1384 2276 Τίνα
1430 2223 1724 2294 ἑρμηνείαν
1774 2222 1886 2294 ἔχει
1912 2222 1973 2274 τὸ
2005 2227 2049 2285 Β

389 2313 496 2366 ύπδ
537 2312 631 2366 τοῦ
681 2313 906 2366 Ἡσαΐου
955 2315 1279 2384 εἰρημένον·
1324 2333 1342 2365 ι
1377 2315 1441 2367 Ol
1485 2315 1542 2366 δὲ
1592 2313 1777 2382 νεκροὶ
1825 2311 1972 2382 ζωὴν

389 2407 447 2458 ού
482 2407 556 2474 μὴ
593 2404 797 2468 ἴδωσιν,
843 2405 964 2458 οὐδὲ
1021 2407 1202 2476 ἰατροὶ
1263 2406 1324 2458 οὐ
1369 2405 1442 2476 μὴ
1481 2406 1903 2475 ἀναστήσωσιν;
1946 2421 1964 2454 ι

394 2497 657 2567 ’ἰσχυρῶς
689 2497 798 2566 γὰρ
834 2498 967 2567 ἡμῖν
1002 2496 1281 2550 πείθουσιν
1313 2496 1606 2566 αἱρετικῶν
1636 2496 1847 2556 παῖδες,
1879 2494 1968 2546 λέ-

388 2604 576 2656 γοντες
629 2588 702 2658 μὴ
749 2585 891 2640 εἶναι
966 2589 1267 2641 ἀνάστασιν
1315 2587 1548 2656 νεκρῶν.
1591 2588 1648 2640 Ὀ
1679 2587 1968 2656 Μακάριος

387 2671 574 2748 λέγει·
620 2679 680 2732 Ὀ
711 2680 847 2744 Ζεὺς
873 2681 967 2734 καὶ
1004 2679 1300 2746 Ἀπόλλων,
1334 2680 1429 2732 καὶ
1470 2682 1498 2732 6
1538 2679 1768 2750 Ἑρμῆς,
1817 2679 1909 2730 καὶ
1938 2679 1966 2730 6

388 2773 615 2842 Κρόνος,
654 2772 686 2841 ή
721 2772 869 2842 ’Πρα
899 2773 994 2824 καὶ⁹
1044 2773 1077 2842 ἡ
1112 2773 1398 2842 Ἄρτεμις,
1439 2771 1535 2823 καὶ
1583 2772 1692 2833 πᾶς
1720 2772 1747 2822 6
1791 2770 1965 2824 κατάο

388 2861 542 2928 λογςς
573 2863 682 2916 τῶν
707 2862 962 2925 εἰδώλων,
991 2864 1175 2931 νεκροὶ
1208 2862 1564 2933 ὀνομάζονται
1599 2861 1692 2915 καὶ
1732 2860 1959 2929 τυφλοί·

387 2953 607 3018 τοίτους
635 2958 743 3024 γὰρ
793 2955 1019 3024 νεκροὺς
1075 2955 1340 3007 ἀποκαλεῖ
1379 2957 1406 3008 ὁ
1439 2955 1732 3025 Προφήτης
1757 2969 1772 2984 ·
1825 2952 1962 3006 λίθοι

389 3046 493 3117 γὰρ
523 3050 615 3099 καὶ
647 3046 844 3117 χρυσὸς
876 3046 970 3100 καὶ
997 3045 1258 3118 -ἇργυρος
1294 3047 1419 3101 οὔτε
1449 3047 1672 3116 ἔζησαν,
1716 3045 1839 3099 οὔτε
1869 3046 1965 3116 ζή-

388 3155 572 3191 σονται
603 3141 661 3191 το
693 3137 912 3192 σύνολον
932 3153 950 3170 ⁸
983 3137 1166 3208 ἄψυχα
1197 3141 1307 3210 γὰρ
1332 3140 1504 3192 ταῦτα
1543 3141 1637 3192 καὶ
1667 3138 1836 3209 νεκρὰ
1872 3156 1968 3191 πε-

388 3230 658 3296 φύκασινο
711 3231 791 3283 διὸ
835 3232 929 3285 καὶ
959 3231 1008 3282 οἰ
1041 3230 1303 3302 Ἕλληνες
1355 3230 1430 3293 ὡς
1479 3231 1684 3302 ἰατροῖς
1731 3230 1851 3284 οὖσι
1907 3229 1968 3283 τδ

387 3322 584 3388 δοκεῖν,
607 3322 974 3394 πλανώμενοι.
1000 3323 1211 3386 τούτοις
1234 3325 1630 3395 προσήρχοντο,
1657 3325 1850 3387 θυσίας
1875 3323 1973 3377 αύ-

388 3417 500 3478 τοϊς
528 3415 878 3478 ’σπένδοντες.
918 3416 1111 3469 Αὐτῶν
1147 3413 1240 3470 οὖν
1274 3416 1487 3487 βλέπων
1516 3419 1543 3470 6
1585 3418 1878 3486 Προφήτης
1910 3416 1972 3469 τὸ

388 3506 597 3577 ἄψυχόν
645 3524 787 3577 φημι
834 3508 927 3561 καὶ
961 3507 1286 3577 ἀναίσθητον
1335 3507 1446 3560 τῶν
1488 3505 1742 3571 εἰδώλων,
1777 3505 1853 3569 ὡς
1887 3506 1971 3559 ἰαο

2151 2217 2740 2286 183.1teruniqurerit
2791 2213 3126 2284 Epiphanius
3178 2231 3191 2267 :
3239 2211 3380 2278 Quid
3435 2213 3651 2266 laudent

2076 2313 2207 2367 illud
2246 2321 2362 2373 est,
2393 2311 2535 2380 quod
2574 2309 2744 2362 Isaias
2778 2305 3152 2375 pronuntiavit
3201 2320 3217 2357 :
3262 2323 3277 2354 ι
3323 2303 3518 2356 Μοιτυί
3561 2316 3659 2356 au-

2076 2413 2182 2458 tem
2215 2404 2382 2457 vitam
2418 2417 2525 2455 non
2585 2399 2880 2461 videbunt,
2935 2411 3112 2465 neque
3167 2395 3362 2448 medici
3425 2395 3659 2448 suscita-

2075 2496 2272 2549 buntur
2293 2493 2382 2545 “‘i
2413 2512 2430 2544 ι
2473 2491 2833 2545 Vehementer
2855 2489 3000 2543 enim
3035 2497 3305 2542 conantur
3330 2489 3657 2557 persiiadcre

2071 2586 2230 2642 nobis
2267 2585 2648 2639 lmreticorum
2684 2591 2983 2637 sectatores
3043 2582 3172 2646 :uon
3231 2579 3345 2634 fure
3416 2591 3659 2632 mortuu-

2080 2696 2201 2734 rum
2241 2675 2721 2732 resurrectionem.
2753 2675 2932 2742 Atque
2965 2675 3159 2728 iterum
3193 2672 3472 2741 respondit
3507 2686 3658 2740 qua:-

2068 2772 2208 2827 renti
2237 2772 2428 2826 beatus
2464 2771 2710 2825 Andreas
2746 2767 3023 2840 :Jupiter,
3060 2769 3288 2840 Apollo,
3332 2766 3656 2831 Mercurius,

2067 2864 2358 2925 Saturnus,
2390 2859 2554 2926 Juno,
2587 2862 2776 2926 Diana,
2808 2869 3115 2929 caeteraque
3141 2859 3401 2913 falsorum
3428 2858 3656 2912 deorum

2068 2956 2250 3018 turba,
2281 2954 2482 3008 morttti
2515 2955 2775 3022 caecique,
2808 2953 2884 3006 uti
2926 2963 3075 3018 sunt,
3105 2951 3185 3006 sic
3211 2961 3264 3004 ct
3305 2952 3654 3020 appellantur

2069 3066 2097 3102 a
2131 3048 2432 3117 propheta;
2458 3046 2666 3116 lapides
2689 3045 2890 3116 quippe
2933 3054 2985 3100 et
3017 3060 3210 3098 aurum
3238 3054 3290 3098 et
3331 3054 3652 3113 argentum,

2072 3155 2248 3209 neque
2291 3139 2546 3192 vixerunt
2577 3154 2816 3208 unquam
2869 3153 3045 3206 neque
3098 3139 3307 3191 victura
3361 3146 3490 3190 sunt
3542 3152 3658 3187 (illl°

2073 3230 2237 3291 nino,
2287 3245 2410 3283 cum
2467 3240 2519 3282 et
2556 3228 2852 3282 inanimata
2891 3236 2944 3280 ct
2984 3227 3091 3280 vita
3144 3241 3369 3294 prorsus
3395 3225 3662 3278 destituta.

2074 3323 2204 3378 sint.
2242 3320 2380 3376 llinc
2433 3330 2486 3376 et
2520 3321 2784 3390 gentiles,
2823 3318 3026 3388 quibus
3068 3318 3142 3371 dii
3179 3317 3267 3370 isti
3318 3317 3658 3370 medicorum

2077 3416 2198 3471 loco
2232 3422 2419 3482 erant,
2459 3414 2690 3482 turpiter
2717 3412 2926 3482 decepti
2961 3419 3124 3474 sunt,
3168 3425 3293 3465 cum
3340 3410 3461 3462 illus
3490 3424 3655 3462 rene-

2083 3507 2258 3562 raturi
2309 3515 2366 3561 et
2416 3506 2706 3562 sacriﬁciis
2768 3503 3092 3558 honoraturi
3147 3511 3526 3557 accesserunt.
3575 3500 3656 3553 Ad

387 3605 538 3672 τροῐς
567 3601 976 3671 προσεπέλαζον
1015 3601 1083 3653 τι
1113 3599 1444 3669 πλανώμενα
1487 3599 1637 3669 ἔθνη,
1671 3598 1812 3653 οὕτω
1850 3616 1966 3661 πως

2076 3599 2242 3655 hosce
2271 3600 2436 3671 igitur
2467 3600 2576 3655 vita
2605 3612 2880 3666 sensuque
2913 3603 3160 3650 carentes
3191 3593 3322 3648 deos
3358 3607 3452 3646 seu
3489 3592 3660 3656 idola,

388 3695 520 3764 περὶ
565 3693 746 3746 αὐτῶν
781 3693 1206 3764 τροπωσὰμενος
1248 3692 1351 3763 ἔφη
1383 3693 1412 3744 6
1459 3693 1782 3762 Προφήτης·
1821 3692 1884 3744 Ui
1913 3689 1969 3742 δὲ

387 3787 572 3856 νεκροὶ
601 3786 744 3857 ζωὴν
788 3787 848 3839 ού
903 3785 977 3857 μὴ
1039 3786 1243 3850 ἴδωσιν,
1283 3787 1579 3851 τουτέστιν,
1614 3786 1662 3837 οἰ
1704 3783 1816 3837 θεοὶ
1861 3783 1970 3835 τῶν

399 3879 692 3947 Ἑλλήνιον,
721 3880 770 3932 οἰ
814 3877 1004 3933 λίθινοι
1045 3879 1140 3932 καὶ
1184 3879 1407 3944 ξύλινοι,
1441 3879 1676 3949 ἀργυροῖ
1711 3876 1806 3930 καὶ
1840 3892 1972 3945 χρυ-

389 3975 490 4033 σοῖ,
544 3974 641 4024 καὶ
683 3971 998 4042 ὀστράκινοι
1043 3973 1140 4024 καὶ
1171 3971 1384 4040 χαλκοῖ,
1417 3969 1516 4041 ὕλη
1564 3968 1734 4039 νεκρὰ
1779 3969 1966 4030 ὄντες·

386 4067 509 4120 οἰτε
561 4066 758 4133 ἰατροὶ,
806 4065 854 4116 οἰ
913 4064 1095 4117 αὐτῶν
1132 4063 1360 4129 ζώδονες
1388 4063 1527 4134 (88),
1575 4062 1680 4116 ὑπὸ
1728 4059 1968 4132 Χριστοῦ

388 4157 784 4224 συντριϐέντες,
815 4156 1000 4210 οὐκέτι
1027 4157 1448 4228 ἀναστήσονται.

466 4444 605 4517 ρπὸ’.
654 4443 968 4512 Ἐπιφάνιος
1000 4436 1184 4494 εἶπενο
1215 4440 1280 4492 Τί
1307 4436 1622 4511 ἐρμηνεύει,
1661 4455 1679 4488 ι
1717 4435 1880 4490 Λίθον
1909 4435 1969 4488 ὃν

389 4537 799 4607 ἀπεδοκίμασαν
837 4536 886 4588 οἰ
934 4533 1371 4603 οἰκοδομοῦντες,
1425 4527 1578 4594 οὗτος
1622 4531 1855 4600 ἐγενήθη
1888 4531 1968 4589 εἰς

390 4633 631 4700 κεφαλὴν
661 4631 860 4697 γωνίας
886 4645 901 4693 ;
944 4647 962 4679 ι
1019 4628 1077 4679 Ὀ
1107 4627 1294 4693 ’Ἄγιος
1330 4621 1481 4677 εἶπεν
1501 4641 1516 4654 ·
1563 4623 1621 4674 Ὅ
1643 4623 1788 4683 λίθος
1818 4613 1971 4678 οὗτος

390 4727 419 4779 6
461 4729 530 4795 X;
551 4726 693 4788 ιστὸς
717 4727 862 4778 ἐστιν
888 4741 902 4755 ’
937 4721 1353 4790 ἀπεδοκιμάσθη
1385 4719 1441 4772 δὲ
1472 4717 1575 4770 ὑπὸ
1596 4714 1971 4787 γραμματέων

389 4821 484 4872 καὶ
520 4818 909 4889 πρεσϐυτέρων
941 4817 1032 4870 τοῦ
1076 4814 1204 4868 λαοῦ
1239 4815 1348 4867 τῶν
1394 4811 1686 4869 Ἰουδαίων.
1725 4809 1818 4860 καὶ
1848 4809 1971 4876 ἐγέ-

2075 3710 2216 3765 quos
2269 3695 2508 3764 deceptae
2541 3707 2603 3746 ac
2633 3691 2834 3746 delusae
2889 3700 3080 3758 gentes
3130 3703 3255 3741 cum
3311 3688 3663 3740 veneratione

2075 3787 2337 3852 adibant,
2391 3785 2698 3854 respiciens
2754 3787 3057 3854 propheta.
3117 3781 3192 3834 ita
3241 3779 3658 3848 pronuntiavit:

2077 3879 2271 3934 Μοτιυὶ
2309 3887 2514 3935 autem.
2546 3877 2597 3929 id
2642 3884 2749 3936 est,
2784 3876 2857 3928 tlii
2893 3875 3170 3943 gentium,
3206 3873 3402 3942 lapidei
3426 3912 3441 3937 ,
3474 3871 3664 3942 lignei.

2073 3971 2340 4043 argentei,
2377 3961 2574 4034 aurei,°
2596 3967 2820 4024 testacei
2871 3975 3036 4036 atque
3064 3967 3196 4021 :enei
3224 4006 3240 4030 ,
3270 3982 3392 4020 cum
3433 3966 3664 4020 materia

2074 4066 2300 4135 spiritus
2328 4050 2576 4131 expertes
2611 4063 2740 4126 sint,
2762 4060 2924 4114 vitam
2953 4075 3057 4113 non
3088 4059 3346 4112 videbunt
3375 4078 3387 4112 :
3417 4075 3517 4112 nec
3547 4073 3664 4111 me-

2075 4157 2187 4213 dici
2213 4198 2228 4224 ,
2275 4157 2351 4212 dii
2381 4156 2595 4210 scilicet
2629 4154 2792 4207 iidetn
2823 4192 2838 4216 ,
2883 4167 3022 4220 quos
3057 4161 3114 4204 ut
3146 4151 3266 4202 vine
3311 4152 3530 4203 datores
3565 4164 3662 4202 co-

2074 4251 2226 4315 lunt,
2257 4264 2286 4302 ο
2315 4248 2536 4302 Christo
2567 4244 2792 4301 contriti
2819 4283 2832 4306 ,
2871 4244 2983 4298 ullo
3021 4257 3260 4311 unquam
3295 4249 3537 4308 tempore
3569 4256 3662 4293 re-

2075 4347 2506 4402 suscitabunlur.

2146 4438 2274 4494 184.
2322 4436 2494 4491 Porro
2527 4450 2651 4489 cum
2682 4435 2889 4490 diceret
2935 4430 3292 4502 Epiphanius,
3331 4431 3494 4484 Istum
3525 4428 3664 4481 mihi

2076 4535 2258 4589 locum
2306 4533 2663 4598 interpretare
2699 4546 2713 4582 :
2748 4527 3063 4596 «Lapidem,
3115 4540 3275 4593 quem
3335 4521 3662 4590 reprobate-

2075 4634 2201 4680 runt
2223 4622 2582 4686 aedificantes,
2618 4621 2706 4674 hic
2741 4619 2916 4673 factus
2949 4627 3032 4672 est
3063 4617 3114 4669 in
3149 4624 3308 4682 caput
3331 4613 3514 4682 anguli
3543 4612 3647 4675 “,3

2077 4717 2226 4772 illam
2265 4717 2416 4770 dedit
2451 4713 2956 4782 interpretationem
2993 4709 3188 4761 beatus
3219 4705 3464 4760 Andreas
3497 4722 3510 4758 :
3555 4703 3658 4756 La-

2076 4813 2158 4882 pis
2191 4813 2292 4866 iste
2333 4811 2588 4864 Christus
2620 4817 2701 4861 est
2727 4846 2741 4869 ,
2794 4805 2885 4874 qui
2942 4803 3263 4872 t'cprobatus
3302 4817 3330 4853 a
3369 4799 3578 4854 Scribis
3602 4807 3660 4851 ct

389 4930 512 4965 νετο
544 4911 753 4980 κεφαλὴ
785 4911 884 4977 τῆς
923 4908 1254 4978 Ἐκκλησίας
1288 4905 1395 4958 τῶν
1428 4904 1616 4967 ἐθνῶν,
1664 4904 1784 4973 ἥτις
1814 4900 1971 4968 λέγε-

2081 4903 2394 4958 senioribus
2421 4899 2601 4969 potiuli
2629 4897 2841 4950 Judaici
2865 4937 2879 4960 ,
2918 4895 3093 4948 iactus
3133 4893 3236 4945 fuit
3271 4903 3436 4961 caput
3477 4892 3660 4944 Eccle-

1410 4996 1432 5010 η

389 5023 479 5059 ται
531 5006 744 5071 γωνίαο
788 5001 958 5069 γωνία
1011 4999 1066 5052 δὲ
1115 4998 1355 5066 λέγεται,
1407 4996 1489 5048 ὅτι
1524 4995 1584 5047 οὐ
1634 4995 1693 5046 τὸ
1729 4995 1840 5046 πᾶν
1873 4995 1966 5045 τοῦ

392 5100 599 5167 κόσμου
657 5098 736 5158 εἱς
786 5095 876 5147 τὸν
916 5091 1152 5163 Χριστὸν
1207 5092 1588 5151 πεπίστευκεν,
1626 5086 1761 5140 ἀλλὰ
1815 5085 1968 5153 μόλις

393 5193 457 5242 τὰ
487 5191 730 5259 ἐπίσημα
754 5187 928 5257 γωνία
951 5187 1330 5252 ἀπεικασμένα
1349 5183 1456 5234 τῶν
1487 5181 1750 5252 Ἑλλήνων
1775 5179 1967 5240 ἐθνῶν,

393 5281 590 5342 οἶτινές
633 5283 799 5348 ἐσμεν
824 5279 984 5347 ἡμεῖς
1008 5279 1053 5328 οἱ
1081 5274 1420 5344 Χριστιανοί.
1458 5273 1771 5340 Ἐπιφάνιος
1793 5266 1965 5322 εἶπεν·

392 5372 457 5424 Τί
491 5373 812 5442 ἑρμηνεύει,
847 5389 866 5422 ι
915 5371 1064 5422 Ἐκεῖ
1103 5365 1410 5434 ἑξανατελῶ
1459 5366 1624 5434 κέρας
1677 5365 1756 5434 τῷ
1786 5363 1969 5426 Δαυῒδ,

389 5467 667 5535 ἡτοίμασα
701 5463 896 5533 λύχνον
928 5463 1005 5534 τῷ
1033 5459 1252 5534 Χριστῴ
1289 5476 1388 5528 μου
1410 5477 1422 5524 ;
1447 5477 1464 5508 ›
1491 5457 1547 5510 '0
1576 5457 1859 5528 Μακάριος
1885 5457 1973 5509 λέ-

467 5648 512 5678 ⁴⁸
553 5647 693 5703 Pstl.
729 5661 929 5708 cxxut,
965 5645 1018 5701 5.
1100 5645 1140 5677 ⁵⁸
1180 5645 1284 5700 lsa.
1317 5659 1478 5709 nm,
1526 5641 1608 5695 14.

2079 4997 2172 5051 siac
2212 4995 2496 5063 gentium:
2536 5007 2655 5060 qua!
2703 4988 2936 5058 angulus
2989 4985 3310 5055 appellatur,
3366 4995 3652 5053 propterea

2074 5089 2218 5158 quod
2276 5102 2382 5138 non
2436 5086 2744 5143 universus,
2784 5098 2886 5143 qua
2937 5087 3103 5146 patet,
3161 5076 3309 5130 orbis
3351 5115 3365 5137 ,
3416 5075 3507 5128 sed
3565 5075 3649 5125 vix

2076 5177 2374 5239 notabilis,
2436 5177 2480 5228 si
2541 5190 2664 5227 cunt
2729 5180 2836 5224 tuta
2900 5169 3206 5237 gentilitate
3257 5173 3649 5232 comparetur,

2077 5286 2230 5340 pars,
2273 5284 2394 5340 qua:
2444 5282 2509 5320 ex
2568 5265 2724 5318 nobis
2761 5259 3093 5317 Christianis
3144 5258 3539 5314 constituitur,
3597 5253 3648 5306 iu

2077 5364 2352 5420 Christum
2384 5360 2696 5414 crediderit.
2732 5358 2870 5412 Tum
2908 5357 3065 5410 istius
3101 5365 3317 5422 quoque
3351 5348 3450 5402 luci
3499 5344 3651 5400 Psal-

2081 5472 2294 5509 lilOi‘Ulil
2322 5471 2334 5507 :
2365 5472 2380 5504 ι
2421 5453 2494 5508 ibi
2533 5450 2814 5508 suscitabo
2839 5464 3006 5504 cornu
3044 5443 3232 5508 Dax'id,
3263 5440 3446 5512 paravi
3477 5441 3658 5495 lucer-

1689 5639 1734 5671 “
1775 5638 1912 5694 Psal.
1946 5653 2109 5705 (λιιι,
2139 5639 2230 5694 9.5.

475 5807 587 5865 tSh‘)
629 5804 901 5859 Similiter
934 5804 1204 5870 Σὼδονες,
1245 5803 1359 5858 ritu.-
1412 5801 1656 5871 datures,
1698 5803 1804 5860 dici
1853 5800 2126 5871 conjecto.
