4088 6216
439 283 539 347 831

1496 287 1918 347 NICEPHORI
1961 284 2439 348 PRESBYTER!
2473 285 2583 345 ΕΡ.

3570 273 3682 336 832

439 409 565 448 nam
621 393 835 450 Christo
897 398 1118 462 meo“,
1182 415 1200 447 ι
1252 395 1672 466 explicationem
1726 395 2001 464 ﬂagitante

2112 413 2187 463 γει
2207 412 2220 426 ⁸
2253 396 2435 465 Κέρας
2469 395 2566 463 μὲν
2600 393 2628 444 6
2654 390 2785 454 Θεδς
2811 389 3107 454 ἐξανέτειλε
3137 385 3212 457 τῷ
3244 382 3405 438 Δαυῖδ
3428 422 3441 447 ,
3477 381 3682 452 πρόδη-

439 484 744 556 Epiphanio
764 527 778 550 ,
815 487 954 542 hanc
979 488 1260 557 subjnnx‘it
1293 489 1484 542 beatus
1512 488 1754 541 Andreas
1779 504 1792 541 ε
1815 485 1998 540 Cornu

392 651 397 656 ~
438 577 654 646 quidem
687 579 967 633 suscitavit
1002 579 1142 632 Deus
1177 578 1393 643 Davidi,
1439 592 1668 647 nempe,
1697 586 1756 632 ut
1785 581 1998 647 perspi-

437 682 600 722 cuum
645 678 756 734 est,
804 668 1078 724 Christum
1130 685 1194 722 ex
1237 670 1550 724 beatissima
1597 669 1842 740 Virgine.
1895 669 2003 724 Lu-

2106 487 2196 538 λον
2233 489 2295 538 ὲκ
2326 487 2423 556 τῆς
2466 485 2626 552 ἁγίας
2660 482 2940 554 Παρθένου
2979 480 3070 533 τὸν
3112 477 3347 548 Χριστόν
3368 493 3382 506 ·
3411 475 3602 544 λύχνον
3629 474 3690 526 δὲ

2111 578 2407 649 ἡτοίμασεν
2439 580 2466 630 6
2507 577 2697 647 Πατὴρ
2726 574 2835 628 τῶν
2869 571 3170 642 οἰκτιρμῶν
3203 570 3278 638 τῷ
3319 565 3542 636 Χριστῷ
3588 566 3686 617 καὶ

2107 669 2222 737 Υίῷ
2249 668 2439 733 αὑτοῦ,
2471 667 2562 720 τὸν
2600 667 2870 737 μακάριον
2926 663 3179 732 Ἰωάννην
3208 661 3314 712 τὸν
3351 657 3663 728 Πρόδρομον

441 776 657 816 cernam
694 777 824 816 vero
868 762 1080 831 paravit
1111 760 1270 816 Pater
1311 761 1816 816 inisericordiarum
1872 760 2088 814 Christo
2119 760 2260 814 Filio
2328 775 2466 824 suo,
2532 758 2786 813 videlicet
2850 757 3068 812 beatum
3112 753 3468 807 Prodromum
3515 745 3690 800 Joatr

437 867 584 908 nem.

510 946 630 1000 185.
687 945 929 1018 Denique
975 957 1128 1019 rogat
1181 949 1522 1020 Epiphanius
1567 953 1732 1003 istius
1770 949 1998 1003 solutio-

439 1049 558 1088 nem
586 1037 865 1090 sententiae
893 1056 907 1091 :
947 1056 965 1090 ι
998 1037 1391 1092 Testimonium
1440 1037 1653 1091 Domini
1697 1039 1850 1092 ﬁdele
1870 1077 1885 1101 ,
1914 1054 1998 1092 Sa-

440 1125 698 1193 pientiam
747 1136 1012 1195 praestans
1045 1128 1288 1198 parvulis
1311 1128 1377 1181 ".
1419 1147 1438 1179 ι
1469 1128 1726 1198 lllamqne
1767 1130 1817 1182 in
1858 1130 2001 1183 hunc

442 1218 660 1271 modum
685 1218 832 1272 dedit
859 1221 1105 1274 Andreas
1127 1237 1142 1275 :
1163 1219 1400 1289 Spiritus
1430 1231 1649 1275 sanctus
1681 1220 1748 1275 de
1779 1220 2020 1274 Domino-

438 1305 567 1361 Jesu
625 1307 845 1362 Christo
897 1311 1268 1364 testimonium
1328 1310 1616 1378 perhibet,
1665 1314 1737 1366 ita
1791 1326 2008 1364 asseve-

443 1407 596 1452 rante
631 1399 750 1467 ipso
791 1399 1020 1454 Domino
1054 1402 1336 1470 discipulis
1381 1401 1498 1454 suis
1533 1417 1546 1453 :
1586 1419 1605 1452 ι
1643 1400 1777 1454 Cum
1821 1413 2003 1455 autent

445 1493 649 1545 venerit
681 1489 1020 1559 Paraeletus,
1049 1509 1210 1563 quem
1249 1509 1349 1562 ego
1385 1494 1596 1548 mittam
1628 1494 1784 1549 vobis
1821 1510 1851 1548 a
1900 1493 2004 1547 Pa-

443 1591 560 1646 tre,
596 1583 859 1653 Spiritum
895 1587 1142 1640 veritatis
1167 1625 1181 1649 ,
1231 1602 1391 1655 quem
1425 1585 1661 1639 mundus
1697 1602 1800 1638 non
1833 1595 2005 1654 potest

443 1676 860 1744 aceipere,quia
897 1691 1004 1729 non
1035 1677 1175 1729 videt
1197 1692 1340 1741 eum,
1370 1677 1460 1729 ille
1487 1677 1852 1754 testimonium
1885 1693 2006 1745 per-

444 1767 647 1820 hibebit
687 1767 753 1820 de
796 1767 965 1821 me“.
1019 1787 1036 1818 ι
1100 1768 1251 1822 Unde
1297 1768 1574 1836 perspicue
1621 1751 1803 1838 patet,
1855 1771 2000 1839 quod
2037 1745 2071 1798 Β

442 1857 574 1920 dixi,
606 1857 974 1910 testimonium
1017 1857 1226 1911 Domini
1269 1856 1531 1925 Spiritum
1568 1868 1816 1913 sanctum
1859 1873 2001 1912 csse.

443 1945 586 2001 Idem
625 1947 1160 2012 bellissimcimlicat,
1190 1947 1330 2017 quod
1370 1949 1420 1999 in
1461 1945 1700 2001 Jordane
1729 1959 2003 2018 peractum

440 2049 521 2092 est
555 2040 868 2107 mysterium
898 2055 911 2092 :
942 2039 1065 2094 istic
1091 2040 1233 2092 enim
1262 2078 1276 2104 ,
1327 2038 1406 2091 uti
1447 2048 1498 2092 et
1530 2041 1582 2092 in
1632 2049 1814 2094 monte
1848 2039 2005 2111 .Tha-

443 2129 607 2183 boreo
634 2170 648 2194 ,
685 2130 823 2184 idem
855 2140 1078 2185 sanctus
1113 2130 1347 2201 Spiritus
1377 2133 1746 2187 testimonium
1772 2134 1840 2188 de
1871 2135 2006 2189 Filio

440 2219 598 2272 dixit.
651 2219 921 2286 Quoniam
956 2220 1139 2291 itaque
1185 2222 1556 2276 testimonium
1596 2222 1806 2277 Domini
1843 2241 2010 2279 voca-

439 2321 526 2364 tur
555 2312 791 2380 Spiritus
842 2292 1065 2368 saucius
1093 2355 1108 2380 ,
1165 2314 1350 2368 licebit
1397 2318 1746 2384 parvulorum
1789 2319 2009 2374 nomine

442 2403 717 2470 apostolos
749 2403 1049 2472 intelligere
1095 2422 1108 2458 :
1156 2405 1249 2474 qui
1287 2406 1439 2474 prius
1478 2421 1641 2475 quam
1676 2408 1850 2461 sancti
1886 2409 2009 2477 Spi-

437 2491 574 2544 ritus
613 2491 782 2561 gratia
810 2493 1149 2547 corroborati
1196 2505 1414 2560 essent,
1469 2505 1651 2548 mente
1701 2511 1764 2550 ac
1807 2498 2011 2552 virtute

438 2584 647 2650 parvuli
709 2593 902 2646 erant,
967 2594 1151 2654 utpote
1208 2585 1500 2639 admodum
1549 2586 1878 2655 imperfecti.
1941 2588 2012 2643 At

437 2689 569 2728 vero
623 2688 746 2727 cum
796 2685 919 2744 post
973 2676 1274 2745 gloriosum
1336 2675 1549 2731 Domini
1619 2693 1905 2733 ascensum
1953 2679 2011 2733 in

444 2767 727 2820 cu‘naculo
773 2769 1120 2821 considerent
1165 2769 1418 2838 apostoli,
1456 2769 1793 2825 descendens
1841 2769 2009 2824 Para-

441 2857 614 2910 cletns
653 2856 890 2927 Spiritus
942 2858 1176 2913 reddidit
1222 2860 1507 2926 homines,
1555 2860 1763 2931 pridem
1830 2862 2013 2917 illitte-

440 2959 589 2999 ratos
645 2963 708 3000 ac
737 2950 1060 3016 piscatores,
1089 2950 1344 3004 omnibus
1378 2952 1665 3006 rhetorica:
1695 2965 1854 3021 atque
1881 2955 2014 3008 alia-

443 3055 563 3092 rum
616 3042 812 3095 artium
867 3043 1092 3098 scientia
1136 3060 1298 3115 quam
1343 3046 1816 3101 excellentissimis
1853 3047 2009 3118 longe

443 3131 800 3202 sapientiores
820 3173 835 3200 ,
866 3134 1012 3188 nulla
1038 3151 1138 3204 pro
1170 3137 1295 3190 dato
1325 3137 1825 3192 munere'mercede
1858 3154 2005 3194 rece~

443 3235 554 3292 pta,
595 3236 790 3294 praeter
832 3225 1254 3282 sincerissimam
1299 3230 1460 3283 iidem
1504 3239 1666 3297 atque
1703 3229 1887 3298 gloria:
1919 3231 2004 3284 di—

443 3316 584 3369 vinae
635 3317 986 3372 desiderium.
1034 3317 1220 3373 Potest
1261 3335 1480 3388 quoque
1537 3320 1678 3373 dicta
1738 3321 2007 3374 sententia

444 3405 634 3460 referri
664 3413 727 3462 ad
765 3409 1015 3478 parvulos
1048 3409 1181 3465 istos
1204 3449 1222 3476 ,
1256 3409 1348 3478 qui
1383 3408 1551 3463 ramis
1583 3410 1884 3478 palmarum
1924 3410 2010 3463 in-

2179 942 2315 1016 ρπε’.
2334 943 2648 1010 Ἐπιφάνιος
2672 937 2822 994 εἶπεν
2842 955 2858 971 ο
2884 938 3014 991 Τίνα
3043 937 3197 990 λύσιν
3229 937 3358 1005 ἔχει,
3398 955 3418 986 ‹
3454 937 3518 989 Ἥ
3545 953 3689 1006 μαρ,

2104 1036 2264 1105 τυρία
2315 1035 2530 1104 Κυρίου.
2552 1033 2738 1103 πιστὴ.
2764 1032 3055 1100 σοφίζουσα
3106 1033 3307 1100 νήπια;
3342 1030 3458 1082 ›--Ὀ
3496 1032 3700 1097 Ἀγιοςν

2111 1127 2245 1196 ἔφη·
2280 1126 2354 1178 Τὸ
2385 1124 2607 1193 Πνεῦμα
2639 1123 2701 1176 τὸ
2731 1122 2886 1189 ἅγιόν
2929 1123 3045 1173 ἐστι
3089 1120 3152 1172 τὸ
3199 1118 3512 1188 μαρτυροῦν
3557 1120 3687 1189 περὶ

2110 1219 2204 1270 τοῦ
2253 1218 2460 1287 Κυρίου
2504 1213 2678 1286 Ἰησοῦ
2723 1211 2995 1284 Χριστοῦ·
3048 1211 3209 1272 αὑτὸς
3261 1212 3370 1276 γὰρ
3399 1212 3427 1262 6
3479 1209 3688 1278 Κύριος

2112 1308 2260 1376 λέγει
2295 1311 2404 1370 τοῖς
2443 1307 2713 1377 μαθηταῖς
2744 1303 3154 1358 αὑτοῦ-(Ὅταν
3183 1301 3240 1354 δὲ
3279 1300 3405 1370 ἔλθῃ
3435 1302 3463 1353 6
3501 1299 3689 1370 Παρά-

2111 1400 2326 1467 κλητος,
2367 1400 2426 1452 ὃν
2455 1399 2562 1467 ἐγὼ
2606 1397 2804 1466 πέμψω
2835 1397 2965 1465 ὑμῖν
3004 1395 3153 1463 παρά
3183 1393 3276 1447 τοῦ
3313 1391 3522 1461 Πατρός
3553 1408 3684 1461 μου,

2111 1494 2171 1544 τὸ
2193 1491 2416 1559 Πνεῦμα,
2439 1491 2534 1559 τῆς
2573 1489 2846 1557 ἀληθείας,
2879 1488 2906 1541 ὃ
2952 1487 2980 1540 6
3013 1486 3214 1554 κόσμος
3245 1485 3305 1537 οὑ
3336 1484 3559 1538 δύναται
3588 1484 3686 1536 λα-

2114 1586 2248 1645 ϐεῖν,
2284 1583 2367 1636 ὅτι
2402 1583 2463 1633 οὑ
2505 1581 2702 1650 θεωρεῖ
2735 1579 2886 1640 αὑτὸ,
2922 1580 3128 1641 ἐκεῖνος
3176 1577 3516 1648 μαρτυρήσει
3554 1576 3686 1644 περὶ
3785 1637 3790 1639 _

2111 1677 2266 1747 ἐμοῦ.
2305 1695 2324 1728 ι
2355 1675 2607 1746 Δηλονότι
2639 1675 2672 1743 η
2703 1671 2975 1744 μαρτυρία
3008 1670 3212 1742 Κυρίου
3262 1671 3322 1722 τὺ
3373 1669 3604 1738 Πνεῦμαι
3624 1668 3706 1721 t6:-

2111 1769 2262 1836 ἆγιόν
2303 1771 2470 1820 ἐστιν.
2503 1767 2576 1819 Τὸ
2604 1765 2734 1818 αὑτὸ
2763 1763 2949 1834 ἐνόησε
2977 1763 3071 1816 καὶ
3094 1763 3238 1816 τδιὲν
3283 1761 3519 1830 Ἰορδᾶινῃ
3579 1777 3684 1828 μυ-

2111 1863 2363 1930 σ-τῆριονο
2404 1860 2519 1911 ἐκεῖ
2543 1858 2652 1926 γὰρ
2683 1860 2711 1910 ὁ
2756 1856 3110 1926 Παράκλητος
3139 1853 3232 1908 τὸν
3282 1853 3408 1906 Υίὺν
3447 1851 3686 1922 ἐμαρτύ-

2111 1970 2291 2022 ρησεν,
2353 1950 2614 2012 ὡσαύτως
2670 1951 2764 2002 καὶ
2819 1950 2876 2001 ὲν
2924 1948 3002 2020 τῷ
3047 1946 3331 2016 Θαεωρίῳ.
3389 1946 3542 1998 Ἐπεὶ
3593 1939 3711 1997 οὑν-

2109 2043 2383 2113 μαρτυρία
2433 2041 2636 2110 Κυρίου
2667 2041 2727 2092 τὸ
2761 2040 2981 2109 Πνεῦμα
3032 2037 3092 2090 ea
3136 2039 3290 2106 ἅγιον
3331 2036 3705 2104 όνομάζεται,.

2107 2133 2284 2198 ἔξεστι
2315 2132 2504 2202 νοῆσαι
2557 2133 2726 2202 νήπια
2765 2132 2890 2193 τοὺς
2925 2130 3277 2192 ἀποστόλους,
3326 2129 3522 2190 οἵτινες
3581 2125 3688 2194 πρὸ
3735 2172 3738 2175 .

2106 2223 2198 2276 τοῦ
2232 2221 2566 2287 δέξασθαιτὸ
2596 2221 2818 2290 Πνεῦμα
2862 2220 2922 2273 τὸ
2963 2220 3118 2288 ἅγιον
3179 2220 3360 2289 νήπιοι
3405 2221 3524 2278 ταῖς
3554 2233 3689 2286 φρε-

2110 2317 2194 2368 σὶν
2242 2317 2560 2384 ἐτύγχανον,
2615 2312 2705 2367 διὰ
2745 2315 2806 2366 ea
2851 2312 3062 2375 ἀτελεῖς
3109 2310 3332 2373 τούτους
3389 2310 3683 2380 ὑπάρχειν.

2114 2409 2240 2460 Ὀτε
2267 2404 2360 2461 οὖν
2399 2406 2559 2478 ἐν.τῷ
2591 2404 2826 2476 ὑπερῴῳ
2856 2404 2992 2474 μετὰ
3035 2404 3137 2473 τὴν
3185 2389 3451 2472 σωτήριον
3481 2400 3686 2466 ἀναληο

2109 2501 2200 2568 ψιν
2247 2499 2565 2565 ἐκαθέζωιτο
2628 2500 2679 2551 οἱ
2722 2497 3029 2560 ἀπόστολοι,
3079 2495 3172 2548 καὶ
3213 2493 3490 2547 κατελθὼν
3519 2495 3546 2545 6
3574 2493 3688 2546 Πα-

2115 2594 2420 2662 ρακλητος,
2490 2593 2613 2654 τοὺς
2674 2588 2862 2660 πρώην
2914 2587 3311 2658 ἀγραμμάτους
3370 2586 3465 2638 καὶ
3520 2586 3687 2646 ἁλιεῖς

2113 2685 2458 2753 ὑπάρχοντας
2524 2682 2865 2752 σοφωτέρους
2910 2680 3151 2750 ρητόρων
3177 2680 3271 2732 καὶ
3303 2677 3554 2731 ἁπάντων
3578 2676 3714 2728 τῶν-

2113 2775 2171 2825 ἐν
2214 2775 2471 2844 φρονήσει
2520 2771 2947 2842 θαυμαζομένων
2999 2769 3296 2834 ἀπέδειξεν,
3358 2767 3508 2820 οὐδὲν
3554 2781 3689 2835 παρι

2115 2866 2294 2919 αὑτῶν
2327 2867 2406 2926 είς
2443 2863 2784 2934 ἀντιμισθίαν
2812 2862 3124 2931 δεξάμενος,
3157 2859 3190 2928 ἢ
3237 2859 3416 2912 πίστιν
3461 2858 3688 2926 εἱλικρι-

2114 2956 2377 3026 νεστάτην
2408 2959 2500 3010 καὶ
2531 2954 2714 3008 πόθον.
2742 2954 2972 3007 Δύναται
3004 2953 3060 3005 δὲ
3093 2953 3120 3003 ὁ
3145 2951 3299 3018 λόγος
3326 2952 3401 3013 εἰς
3425 2950 3493 3002 τὰ
3519 2949 3689 3017 νήπια

2115 3049 2298 3100 ἐκεῖνα
2332 3046 2722 3118 ἀναςέρεσθαι,
2756 3030 2905 3113 amp
2942 3043 3077 3112 μετᾶ
3131 3041 3298 3112 βαῒων
3341 3039 3708 3101 ὑπαντῶντα,-

2111 3139 2205 3191 τὸν.
2233 3137 2433 3205 Κύριον
2477 3137 2755 3206 εὐφήμουν
2794 3135 2889 3186 καὶ
2920 3132 3166 3197 ἐδόξαζον
3192 3149 3206 3163 ο
3241 3133 3334 3185 καὶ
3380 3133 3486 3202 γὰρ
3517 3133 3565 3184 οἱ
3600 3147 3685 3183 σο-

2115 3231 2207 3298 φοὶ
2253 3230 2346 3282 καὶ
2379 3231 2426 3281 οἱ
2469 3229 2816 3299 γραμματεῖς
2863 3227 2922 3278 οὑ
2973 3228 3209 3296 συνῆκαν
3261 3225 3482 3296 ποιῆσαι
3509 3223 3708 3286 τοῦτο.-

2117 3318 2226 3372 τῶν
2256 3318 2681 3386 ὲλαχιστοτάτων
2737 3317 2944 3388 νηπίων
2987 3314 3090 3368 ὑπὸ
3133 3315 3226 3369 τοῦ
3259 3316 3413 3384 ἁγίου
3444 3313 3688 3382 Πνεύμα-

2116 3427 2207 3474 τος
2238 3408 2616 3478 σοφισθέντων.
3310 3399 3318 3405 ’

443 3503 634 3554 structi
669 3511 1015 3556 occurrentes
1065 3502 1332 3570 Domino,
1401 3502 1586 3568 multis
1632 3503 1787 3558 illum
1829 3505 2121 3575 praeconiis
2178 3505 2469 3561 laudarunt
2523 3515 2686 3576 atque
2751 3508 3104 3562 extulerunt:
3137 3521 3235 3562 nec
3261 3507 3406 3560 enim
3433 3503 3692 3573 sapienti-

443 3593 550 3647 bus
591 3597 770 3662 populi
815 3610 879 3649 ae
928 3595 1122 3650 scribis
1162 3597 1292 3649 illud
1352 3597 1543 3668 agendi
1591 3597 1823 3658 facultas
1869 3600 2011 3672 fuit,
2089 3603 2236 3674 quod
2283 3603 2370 3659 isti
2443 3603 2647 3659 nullius
2709 3603 3084 3660 aestimationis
3138 3604 3396 3674 parvuli,

447 3699 637 3741 sancto
667 3688 862 3755 edocti,
895 3689 1129 3760 gloriose
1160 3692 1367 3760 operati
1395 3702 1544 3747 sunt.

521 3816 642 3870 186.
709 3813 841 3868 Tant
897 3813 1104 3883 prolixo
1158 3815 1210 3870 in
1265 3819 1489 3872 multam
1550 3827 1762 3874 noctem
1813 3820 2013 3876 detenti

446 3904 716 3972 colloquio
751 3904 992 3960 Andreas
1021 3915 1181 3977 atque
1211 3906 1545 3977 Epiphanius
1573 3951 1588 3974 ,
1631 3910 1844 3964 tandem
1878 3911 2013 3966 alter

3486 3598 3711 3671 Spiritu.

2195 3816 2352 3889 ρπς⁹.
2387 3817 2574 3872 Ταῦτα
2606 3816 2700 3871 τοῦ
2751 3816 3021 3888 μακαρίου
3061 3815 3306 3886 Ἀνδρέου
3363 3815 3502 3883 μετὰ
3543 3818 3696 3871 Ἐπι-

2120 3913 2310 3981 φανίου
2361 3912 2737 3982 ὁμιλήσαντος,
2791 3909 3028 3979 ἑσπέρας
3074 3909 3175 3980 ἤδη
3232 3907 3455 3978 βαθείας
3500 3909 3691 3977 οὔσης,

445 4001 512 4053 ab
543 4001 710 4053 altero
744 3999 1116 4054 discesserunt
1150 4017 1164 4055 :
1209 4008 1262 4056 et
1296 4001 1631 4071 Epiphanius
1664 4003 1880 4073 quidem
1915 4003 2009 4058 ἀοι

2115 4003 2208 4071 ἀφ’
2236 4004 2444 4056 ἑαυτῶν
2479 4005 2833 4074 ἀνεχώρησαν
2855 4019 2869 4034 ο
2906 4003 2998 4056 καὶ
3036 4003 3064 4055 6
3111 4004 3211 4071 μὲν
3254 4002 3570 4072 Ἐπιφὰνιος
3610 4005 3693 4065 εἰς

447 4107 594 4145 mum
643 4105 703 4146 se
757 4107 910 4146 suam
958 4091 1226 4157 contulit,
1286 4093 1568 4149 admirans
1621 4110 1744 4148 cum
1791 4104 2009 4162 stupore

2113 4095 2204 4166 τον
2235 4091 2381 4148 οἷκον
2410 4094 2577 4148 αὑτοῦ
2613 4094 2907 4165 ἐπορεύθη,
2938 4097 3175 4165 φρίττων
3225 4095 3318 4148 καὶ
3354 4093 3703 4164 ξενιζόμενος

447 4184 614 4235 animi
655 4183 972 4252 sapientiam
1023 4191 1186 4252 atque
1219 4184 1670 4252 intelligentiam,
1721 4200 1843 4255 quae
1880 4201 2009 4255 pro-

2113 4185 2212 4255 τὴν
2243 4185 2431 4253 σοφίαν
2466 4185 2558 4238 καὶ
2599 4186 2699 4255 τὴν
2739 4185 2953 4237 σύνεσιν
2990 4185 3088 4254 τὴν
3119 4183 3442 4251 ἐξελθοῦσαν
3473 4187 3555 4246 ,ἐκ
3580 4183 3691 4236 τῶν

447 4281 690 4327 cesserat
744 4287 806 4326 ex
857 4288 950 4326 ore
1006 4271 1148 4326 beati
1198 4273 1341 4339 viri;
1384 4284 1543 4343 atque
1597 4275 1670 4329 ita
1729 4276 2009 4344 reputabat

2112 4277 2335 4348 χειλέων
2368 4276 2459 4329 τοῦ
2487 4277 2774 4348 Μακαρίου
2803 4293 2816 4307 °
2850 4276 2998 4346 ἔλεγε
3028 4277 3133 4348 γὰρ
3168 4278 3248 4330 ὅτι
3284 4277 3402 4330 Ἐπ’
3430 4275 3690 4343 ἀληθείας

446 4383 633 4422 secum
667 4382 730 4422 ac
760 4368 1116 4437 loquebatur,
1152 4369 1268 4422 ﬁeri
1305 4369 1454 4422 nullo
1498 4369 1654 4423 modo
1703 4385 1866 4439 posse
1891 4410 1906 4436 ,
1951 4379 2008 4424 ut

2112 4367 2285 4429 οὐδεὶς
2330 4365 2550 4419 δύναται
2606 4366 2776 4419 ταῦτα
2818 4364 2989 4427 οὑτως
3034 4366 3093 4418 ὲν
3123 4364 3378 4434 εύθύτητι
3410 4362 3606 4425 λαλεῖν,
3643 4363 3692 4413 εί

444 4459 567 4528 quis
609 4469 714 4513 tam
748 4461 965 4512 dextere
1007 4474 1073 4514 ac
1101 4468 1463 4529 congruenter
1510 4475 1651 4515 vera:
1685 4461 1846 4529 ﬁdei,
1899 4471 2005 4516 tam

2117 4453 2256 4527 μ.ὴῇ
2308 4458 2336 4509 6
2382 4457 2512 4518 Θεὸς
2559 4456 2674 4526 μετ’
2716 4456 2882 4510 αὑτοῦ
2906 4471 2922 4488 ο
2974 4455 3002 4508 6
3043 4455 3098 4508 δὲ
3131 4455 3398 4525 μακάριος
3439 4451 3693 4516 Ἀνδρέας

444 4554 695 4606 abstrusa
737 4551 788 4604 in
841 4551 1073 4606 medium
1127 4552 1407 4622 proferat,
1462 4555 1567 4609 nisi
1608 4556 1862 4624 praesenti
1911 4570 2009 4625 ope

2113 4550 2276 4602 πάλιν
2305 4550 2446 4602 κατὰ
2478 4549 2540 4601 τὸ
2594 4547 2824 4618 σύνηθες
2871 4550 2929 4601 ἐν
2975 4550 3087 4610 τοῖς
3129 4547 3229 4617 τῆς
3257 4547 3449 4610 νυκτὸς
3483 4546 3700 4614 ἀγῶσιν.

447 4643 540 4697 Dei
571 4643 816 4711 adjutus.
848 4642 1048 4698 Beatus
1088 4659 1218 4698 vero
1251 4645 1497 4702 Andreas
1538 4659 1858 4704 consuetum
1903 4648 2008 4703 sibi

2113 4641 2486 4712 ὲπησχολεῖτο,
2519 4640 2587 4695 τὰ
2617 4640 2676 4705 ἐξ
2707 4640 2862 4704 ἔθους
2895 4638 3280 4711 ἐργαζόμενος.

446 4751 654 4791 morem
694 4735 986 4799 obtinens,
1025 4737 1540 4804 exercitationibus,
1595 4756 1734 4810 quas
1774 4751 2013 4810 tempore

443 4837 715 4885 nocturno
742 4828 896 4884 obire
928 4829 1161 4896 solebat,
1191 4846 1311 4886 sese
1339 4832 1597 4887 accinxit.

1836 4974 2064 5032 CAPUT
2108 4977 2300 5031 XXIII.

513 5108 871 5180 Impurissimi
902 5113 1191 5182 peccatoris
1216 5129 1354 5166 mors
1389 5111 1576 5181 infelix
1599 5120 2010 5234 prccntonsltrara
2036 5113 2297 5254 Andri-ear,-
2328 5123 2375 5168 et
2419 5115 2576 5184 hujus
2602 5115 2794 5169 eximia
2831 5129 2955 5185 erga
2985 5113 3226 5168 inimicos
3256 5112 3488 5166 charitas
3519 5112 3619 5180 pira

1765 5199 1848 5236 nm
1879 5199 1971 5236 ter:
2004 5200 2143 5237 mam
2172 5195 2366 5239 estata.

1765 5195 1971 5236 muttcrt
2004 5195 2366 5239 mamlestata.

520 5323 641 5379 187.
684 5325 1039 5382 Beatissimus
1095 5327 1276 5396 itaque
1323 5327 1604 5391 Andreas,
1669 5328 1859 5384 ludens
1909 5330 2012 5382 ali-

444 5416 668 5481 quando
701 5432 851 5472 more
884 5419 1118 5474 hominis
1163 5435 1267 5472 non
1311 5420 1443 5474 satis
1477 5420 1562 5475 sui
1603 5423 1864 5490 compotis
1889 5459 1903 5482 ,
1959 5422 2010 5473 in

443 5503 816 5562 anihulationc
849 5511 1092 5578 porticus
1113 5513 1361 5580 publicae,
1393 5528 1512 5582 quae
1534 5513 1832 5582 appellatur
1863 5511 2012 5566 Man-

520 5699 563 5730 “
603 5699 947 5767 PS:ti.(;x.\M,
989 5709 1070 5762 l7.
1148 5709 1188 5742 ⁸⁷
1227 5709 1370 5766 Psal.
1409 5724 1572 5775 xvttt,
1605 5709 1656 5764 8.

2194 5327 2336 5397 ρπζ’.
2381 5329 2468 5380 Ἐν
2501 5329 2598 5397 μιᾷ
2628 5323 2720 5380 οὑν
2745 5326 2850 5380 τῶν
2888 5324 3108 5396 ἡμερῶν
3133 5324 3223 5378 τοῦ
3254 5323 3688 5389 Μακαριωτάτου

2123 5419 2407 5482 παίζοντος
2433 5421 2488 5470 ὲν
2513 5419 2588 5488 τῷ
2620 5419 2907 5489 περιπάτῳ
2933 5419 3025 5472 τοῦ
3054 5417 3312 5487 δημοσίου
3345 5414 3573 5486 ὲμεόλου
3597 5411 3692 5466 τοῦ

2123 5511 2416 5580 λεγομένου
2468 5509 2809 5582 Μαυριανοῦ,
2854 5510 3008 5580 ἔτυχε
3083 5508 3176 5563 τοὺ
3227 5505 3476 5577 γενέσθαι
3527 5503 3692 5561 αὑτὸν

1736 5709 1776 5741 δε
1817 5705 1978 5762 Joatt.
2006 5723 2092 5773 xv,
2127 5707 2216 5775 ‘26;
2252 5721 2362 5777 XIV,
2400 5707 2475 5764 l7.
