4088 6216
391 209 502 275 833

1570 225 1754 289 VITA
1794 229 1857 294 S.
1899 232 2229 298 ANDREiE
2265 239 2456 304 SALL

3541 268 3649 332 834

376 329 497 382 ἐπὶ
523 329 620 399 τὴν
658 329 864 400 λιθίνην
911 331 1138 405 πόρταν,
1181 333 1514 390 ἐκνεύσαντα
1544 338 1644 408 τῆς
1693 340 1940 412 δημοσίας

2042 375 2052 409 ι
2085 349 2225 404 riani
2255 350 2390 422 (89),
2435 361 2600 418 atque
2637 355 2761 412 inde
2787 357 3077 420 deﬂectens
3101 404 3116 430 ,
3146 367 3285 427 forte
3332 374 3543 434 devenit
3577 383 3646 436 ad

395 415 504 474 Ἦν
547 420 602 474 δέ
643 422 676 492 ἡ
727 422 932 492 ἡμέρα,
967 424 1091 479 καθ’
1126 425 1192 496 ἦν
1246 425 1341 479 τοῦ
1395 428 1630 498 μεγάλου
1693 433 1970 504 μάρτυρος

394 510 606 580 Θύρσου
657 513 688 582 ἡ
733 513 824 566 διὰ
883 515 1086 588 Κύριον
1118 518 1426 572 ἐπετελεῖτο
1470 523 1715 591 ἄθλησις.
1760 526 1846 589 Ὡς
1876 525 1970 582 οὖν

396 601 630 673 εἴρηται,
686 603 911 674 πλησίον
956 607 1055 677 τῆς
1083 608 1291 677 λιθίνης
1335 610 1540 681 πόρτας
1583 615 1836 680 γενέσθαι
1872 621 1969 673 αύ-

393 693 502 755 τὸν,
542 695 663 764 ὁρᾷ,
700 695 792 747 καὶ
841 696 949 750 ίδοὺ
987 697 1273 769 ἄνθρωπός
1313 719 1396 766 τις
1423 705 1486 756 ἐκ
1517 705 1612 758 τοῦ
1663 711 1967 780 μαρτυρίου

387 780 481 832 τοῦ
524 780 710 849 ’Λγίου
769 784 1145 856 ὑποστρέφων,
1196 791 1361 861 ἀπῄει
1395 794 1475 856 είς
1511 797 1610 861 τὴν
1653 798 1832 852 οὶκίαν
1866 801 1965 853 αύ-

386 871 480 924 1:05
510 886 522 899 '
549 868 620 942 ἦν
651 874 705 926 δὲ
731 873 850 938 ὅλος
882 877 1049 946 μέλας
1088 881 1184 933 καὶ
1205 881 1458 955 ζοφώδης
1488 900 1501 913 ·
1536 886 1742 955 πλῆθός
1767 907 1825 941 τε
1853 890 1966 944 δαι-

388 963 568 1030 μόνων
613 964 924 1036 ἔμπροσθεν
959 969 1124 1023 αὑτοῦ
1153 973 1247 1025 καὶ
1292 974 1516 1030 ὄπισθεν
1560 981 1960 1048 πορευομένων,

384 1053 479 1106 καὶ
525 1057 832 1124 κατεγέλων
865 1060 1175 1129 τραγῳδίαν
1205 1065 1327 1119 τινά
1374 1067 1503 1138 περὶ
1535 1069 1697 1123 αὑτοῦ
1723 1088 1736 1101 ·
1773 1071 1964 1142 ὀρχού-

387 1163 538 1215 μενοι
575 1148 632 1201 δὲ
687 1149 913 1216 ἔλεγονο
973 1148 1141 1216 Οὗτος
1197 1156 1334 1219 τέως
1389 1157 1548 1229 ἡμῶν
1596 1162 1761 1216 ἐστιν.
1793 1165 1855 1215 Οί
1903 1165 1958 1217 δὲ

381 1239 561 1292 λοιποὶ
599 1241 1118 1313 ἀνταποκρινόμενοι
1155 1247 1290 1316 πρὸς
1337 1249 1436 1320 τὴν
1480 1252 1802 1322 κατάληξιν,
1847 1255 1960 1308 ἔλε-

381 1345 476 1396 γον
501 1344 515 1359 ·
564 1331 694 1384 Ἰδοὺ
743 1333 1075 1406 κερδάνομεν
1101 1338 1262 1391 αὐτὸν
1286 1341 1575 1412 ὁμόσωμον
1612 1347 1706 1397 καὶ
1733 1347 1958 1417 ὁμότροο

381 1439 502 1484 πον,
549 1425 643 1477 καὶ
680 1425 780 1478 οὐκ
809 1426 957 1479 ἐστιν
984 1429 1300 1501 ἀντίρρησις
1327 1435 1452 1502 περὶ
1506 1435 1670 1489 αὑτοῦ
1703 1437 1913 1503 οὐδενός
1939 1455 1952 1468 ⁶

380 1511 499 1574 ὅλος
518 1513 624 1582 γὰρ
655 1515 814 1583 ἡμῶν
841 1520 1007 1571 ἐστιν.
1041 1519 1226 1573 Ταῦτα
1256 1522 1353 1592 μὲν
1375 1524 1562 1592 ἔλεγον
1602 1522 1728 1594 περὶ
1763 1529 1949 1595 αὑτοῦ,

378 1605 472 1656 καὶ
502 1604 636 1658 ἄλλα
664 1607 855 1671 πολλὰ,
881 1608 918 1662 ἃ
954 1611 1053 1664 οὐκ
1081 1611 1202 1677 ἐξὸν
1243 1616 1498 1685 γράφειν,
1526 1618 1620 1670 καὶ⁵
1650 1612 1834 1674 εἷλκον
1861 1621 1951 1674 τὸν

2073 450 2285 508 portam
2345 443 2661 512 Lapideam.
2724 449 3024 518 Agebatur.
3071 467 3248 514 autem
3307 463 3468 533 dies,
3533 487 3645 542 quo

2073 546 2300 600 magnus
2319 535 2520 590 Christi
2550 548 2754 611 martyr
2776 541 3018 613 Thyrsus
3040 547 3150 618 (90)
3173 560 3644 617 consumniavcrat
3681 557 3684 560 ’

2070 633 2345 679 certamen
2389 631 2656 700 martyrii.
2707 633 2802 686 Illo
2841 636 3005 706 igitur
3042 641 3129 694 die
3175 644 3237 696 ad
3265 656 3474 713 portam
3501 690 3516 714 ,
3558 655 3636 706 uti
3678 701 3686 722 ς

2070 713 2272 768 dictum
2301 725 2404 784 est,
2439 719 2728 788 Lapideam
2777 716 3040 784 accedens
3068 733 3333 799 Andreas,
3375 744 3641 809 conspicit

2070 799 2348 859 hominem
2381 810 2715 877 quemdam,
2753 830 2781 868 e
2824 823 3110 875 memorati
3159 830 3411 897 martyris
3445 835 3640 903 templo

2066 897 2457 965 egredientem,
2495 903 2714 958 domum
2757 923 2878 962 sese
2910 913 3178 979 conferre,
3214 921 3360 973 omni
3398 939 3460 976 ex
3492 937 3639 993 parte

2066 986 2281 1054 nigrum
2330 1006 2394 1046 ac
2430 995 2831 1053 tenebricosum
2870 1017 2885 1055 :
2926 1004 3118 1074 ingens
3165 1010 3439 1069 hominem
3475 1022 3634 1074 turba

2062 1074 2368 1131 dwmonum
2417 1086 2791 1152 praecedebat,
2830 1095 3162 1161 sequebatur
3210 1100 3429 1171 ingens;
3465 1123 3635 1177 eaque

2062 1165 2364 1225 deridendo
2399 1183 2452 1227 et
2481 1176 2770 1235 saltitando
2799 1199 2904 1237 non
2944 1187 3117 1244 lectam
3149 1207 3282 1248 sane
3312 1201 3631 1268 tragoediam

2059 1271 2226 1325 agens
2277 1263 2620 1321 exclamabat
2680 1286 2694 1322 :
2748 1270 2845 1326 llic
2904 1287 3102 1334 nostrae
3161 1287 3322 1340 modo
3380 1295 3631 1356 pmestati

2059 1350 2314 1406 subditus
2349 1365 2450 1410 est.
2505 1357 2716 1423 Quibus
2763 1365 2854 1419 alii
2901 1371 3085 1425 statim
3163 1379 3505 1437 suecinetttes
3552 1399 3634 1436 re-

2057 1442 2398 1508 spondebant
2455 1449 2679 1506 :‘Ecce
2728 1455 2924 1523 illum,
2986 1465 3233 1522 moribus
3262 1485 3327 1523 ac
3386 1470 3630 1528 foeditate

2059 1531 2219 1609 nobis
2265 1534 2601 1594 simillimum
2658 1544 3030 1606 lucrifecimus
3076 1571 3091 1608 :
3140 1572 3239 1612 nec
3286 1572 3368 1615 est
3400 1564 3491 1632 qui
3526 1579 3630 1619 no-

2058 1622 2268 1686 biscum
2332 1627 2400 1683 de
2456 1632 2563 1686 ulla
2623 1636 2795 1702 ipsius
2856 1653 3008 1709 parte
3053 1651 3382 1707 contendere
3432 1657 3628 1711 ausit:

377 1695 610 1750 ἐλεεινὸν
663 1699 1122 1771 εὐφραινόμενοι·
1173 1703 1482 1772 γνὼσαντες
1532 1709 1640 1776 γάρ
1691 1704 1832 1780 ἦσαν
1883 1715 1940 1782 τῇ

380 1783 561 1807 ..Κ---..
621 1787 736 1807 1.-.!5,
825 1793 846 1807 φ
977 1791 990 1807 I
1038 1793 1049 1807 ι
1150 1794 1162 1807 ο
1220 1795 1233 1807 ι
1361 1795 1382 1806 δ
1478 1797 1490 1807 ι
1814 1802 1823 1807 .
1866 1802 1882 1807 -
1927 1804 1933 1807 .

2055 1725 2200 1772 totus
2253 1721 2472 1791 quippe,
2537 1738 2775 1794 quantus
2828 1746 3063 1801 quantus
3121 1751 3223 1807 est,
3287 1756 3468 1800 noster
3525 1759 3626 1804 est.

375 1783 562 1855 αὔριον
619 1787 875 1858 ἐκδημεῖν
931 1791 1094 1846 αὐτὸν
1138 1794 1245 1846 ἀπὸ
1294 1795 1386 1849 τοῦ
1426 1797 1699 1866 σώματος,
1740 1802 1834 1854 καὶ
1860 1802 1950 1856 διά

373 1878 529 1930 τοῦτο
565 1880 926 1949 ηὐφραίνοντο
961 1885 1041 1947 είς
1071 1887 1168 1956 τὴν
1203 1886 1478 1941 ἀπώλειαν
1505 1891 1693 1946 αὐτοῦ.
1736 1913 1746 1922 ·

373 1974 611 2045 bantque
666 1977 935 2033 misellum
1000 1981 1273 2037 hominem
1332 1987 1740 2055 exsultabundi,
1795 1993 1919 2061 quia
1964 2009 2228 2054 noverant
2274 2000 2393 2057 lucc

371 2077 477 2130 quc
506 2065 756 2121 interitus
801 2067 965 2138 hujus
1016 2069 1233 2124 illorum
1269 2075 1526 2141 gaudium
1570 2077 1696 2132 fuit.

447 2214 592 2278 ρπη⁹.
641 2209 701 2261 Ὀ
744 2210 800 2263 δὲ
852 2211 1136 2282 Μακάριος
1184 2215 1376 2282 ἑστὼς,
1409 2219 1482 2284 ὡς
1527 2217 1632 2276 εἶδε
1665 2225 1858 2294 ταῦτα,
1893 2233 1950 2281 ἐν

370 2295 516 2368 λύπῃ
547 2298 786 2364 ἐγένετοο
822 2300 936 2371 ᾔδει
965 2304 1072 2372 γὰρ
1101 2306 1183 2358 ὅτι
1221 2305 1368 2372 ἅπαξ
1398 2311 1730 2381 κερδάνωσιν
1760 2317 1944 2383 αὑτὸν,

368 2386 445 2448 ὡς
498 2387 558 2452 ἐξ
597 2390 763 2458 αὐτῆς
811 2393 910 2460 τῆς
953 2396 1082 2456 νέας
1129 2397 1346 2467 ἡλικίας
1385 2405 1803 2476 πορνοκάπηλος
1855 2406 1944 2481 ἧν,

362 2479 716 2548 αίμομιξίαις
745 2483 839 2534 καὶ
869 2485 1179 2554 ἀσελγείαις
1207 2489 1482 2559 σχολάζων
1503 2511 1517 2526 ο
1546 2496 1607 2548 τὸ
1635 2497 1691 2548 δὲ
1725 2500 1943 2553 πάντων

366 2573 570 2640 χεῖρον,
596 2574 674 2625 ὅτι
715 2575 806 2626 καὶ
834 2577 914 2638 είς
940 2577 1037 2646 τὴν
1072 2577 1336 2650 βδελυρὰν
1380 2584 1486 2636 τῶν
1520 2587 1825 2659 Σοδομιτῶν
1852 2593 1942 2645 αἵ-

371 2680 522 2732 ρεσιν
561 2665 589 2716 ὁ
635 2664 815 2730 ἄθλιος
853 2668 1202 2737 ἐπεμαίνετο,
1251 2672 1388 2726 ἀλλὰ
1447 2676 1583 2747 μήτε
1643 2681 1942 2752 ἐκκλησίαν

366 2738 672 2823 γνωρίζων,
707 2758 817 2809 εἴτε
868 2762 1172 2828 κοινωνίαν,
1214 2763 1322 2816 εἴτε
1360 2766 1524 2837 εὐχὴν
1556 2771 1771 2824 πώποτε
1797 2775 1944 2842 δεξά-

368 2861 548 2914 μενος,
611 2849 726 2902 ἀλλ’
771 2849 892 2903 οὔτε
947 2871 998 2906 τι
1047 2856 1158 2908 τῶν
1211 2861 1601 2928 πνευματικῶν
1652 2865 1938 2934 ἠπίστατο,

362 2937 500 2990 ἀλλά
539 2939 714 2993 πάντα
744 2945 1003 3013 σαρκικὰ,
1043 2947 1220 3000 πάντα
1261 2949 1552 3019 δαιμονικά
1579 2971 1594 2986 ·
1622 2958 1798 3011 πάντα
1831 2961 1939 3030 γάρ

360 3028 430 3081 τὰ
465 3031 632 3083 αὑτοῦ
674 3033 882 3098 άσωτα,
931 3039 1026 3091 καὶ
1054 3039 1221 3104 δεινά,
1259 3044 1350 3094 καὶ
1389 3047 1655 3100 σατανικά
1690 3028 1940 3121 ἐχρημάλ-

360 3120 530 3188 τιζεν,
563 3124 743 3178 πάντα
779 3127 868 3179 τὸν
917 3127 1030 3198 βίον
1062 3131 1226 3184 αὑτοῦ
1261 3136 1398 3202 μετὰ
1435 3139 1672 3207 πορνῶν,
1719 3145 1812 3194 καὶ
1841 3161 1938 3213 με·

355 3211 622 3280 θυόντων,
654 3219 747 3270 καὶ
793 3220 1113 3290 κιθαρῳδῶν
1143 3223 1459 3294 ἀνήλισκεν,
1495 3231 1713 3296 τούτους
1742 3235 1940 3304 τερπό-

271 3305 294 3327 ⁶
361 3321 542 3374 μενος.
597 3305 682 3370 Ὠς
713 3307 768 3361 δὲ
819 3311 1110 3381 ἐπορεύετο
1141 3312 1169 3364 ό
1219 3315 1448 3381 ἐλεεινὸς
1478 3321 1570 3373 ἐπὶ
1605 3321 1702 3393 τὴν
1759 3327 1937 3380 οἰκίαν

357 3395 546 3460 αὑτοῦ,
576 3397 942 3471 ἠκολούθησεν
984 3405 1012 3456 ὁ
1055 3405 1274 3469 Δίκαιος
1304 3408 1552 3476 ὄπισθεν,
1594 3412 1763 3466 θέλων
1808 3417 1934 3471 ίδείν

357 3487 461 3540 Ι1τοῦ
493 3490 679 3558 μένει·
711 3493 804 3544 καὶ
837 3492 912 3556 ὡς
940 3493 1136 3559 ἔμαθε,
1165 3498 1229 3566 τῇ
1290 3498 1553 3570 ἐπαύριον
1597 3499 1758 3574 ἦλθεν
1788 3508 1845 3558 ἐν
1868 3512 1931 3580 τῇ

356 3579 524 3650 οἰκίᾳ,
574 3581 854 3654 πόρρωθεν
901 3585 1094 3650 ἑστὼς,
1141 3587 1469 3659 βουλόμενος
1518 3594 1645 3648 ἰδεῖν
1694 3597 1764 3650 τὰ
1795 3579 1932 3670 ουμέ

359 3675 531 3730 σάντα
575 3676 740 3746 αὐτῷ.
771 3672 911 3750 Εὗρε
977 3679 1033 3752 δέ
1077 3681 1240 3735 αὑτὸν
1285 3685 1343 3736 ἐν
1380 3688 1445 3754 τῇ
1486 3687 1674 3754 παγίδι
1711 3689 1803 3741 τοῦ
1833 3690 1930 3742 θα-

356 3769 512 3822 νάτου
571 3768 932 3841 ζωγρηθέντα
977 3775 1070 3826 καὶ
1101 3775 1378 3844 κείμενον,
1421 3779 1514 3829 καί
1560 3795 1679 3831 τινα
1707 3779 1930 3850 ἄσχημα

352 3858 448 3928 ἔθη
478 3862 896 3931 εἰσπράττοντα.
927 3859 1108 3917 Ἦσαν
1132 3865 1187 3918 δὲ
1212 3868 1328 3919 ἐκεῖ
1363 3867 1601 3922 πλεῖστοι
1629 3871 1735 3923 τῶν
1762 3873 1928 3937 ἰδίων,

351 3950 511 4021 χάριν
561 3954 905 4024 ἐπισκέψεως
969 3956 1313 4026 ἐληλυθότες,
1369 3961 1463 4012 καὶ
1521 3961 1698 4032 ἕτεροι
1746 3965 1930 4019 πολλοὶ

351 4045 656 4112 ἱστάμενοι,
711 4045 976 4116 ἐθρήνουν
1036 4050 1222 4102 αὐτόν.
1291 4051 1444 4104 Ἐπεὶ
1497 4053 1552 4104 δέ
1606 4071 1727 4106 τινα
1781 4057 1929 4110 δεινὰ

349 4135 643 4205 ἐκεκράγει
697 4139 790 4190 καὶ
837 4141 1058 4210 αἰσχρὰ,
1100 4142 1198 4193 οὐκ
1227 4143 1409 4208 αὐτὸς,
1454 4144 1570 4196 ἀλλ’
1596 4147 1623 4197 ό
1659 4148 1930 4218 κερδήσας

349 4227 516 4281 αὑτὸν
550 4228 819 4293 διάϐολος.
860 4231 1113 4302 Ἐθεώρει
1150 4234 1210 4287 δὲ
1250 4235 1276 4286 ὁ
1306 4237 1520 4298 Δίκαιος
1550 4237 1641 4290 τὸν
1685 4239 1928 4295 Σατανᾶν

349 4316 541 4389 ὥσπερ
572 4320 698 4390 μῦς,
745 4323 876 4376 ποτὲ
904 4323 960 4377 δὲ
1007 4326 1081 4388 ὡς
1119 4325 1322 4398 ὅφις,ἢ
1355 4328 1429 4391 ὡς
1467 4329 1650 4398 ἔχιδνα
1693 4333 1921 4402 ἐκχέειν,

2055 1807 2233 1877 Atque
2274 1814 2387 1867 lnec
2429 1816 2680 1885 quident,
2717 1831 2912 1890 praeter
2942 1828 3047 1882 alia
3086 1832 3338 1898 plurima,
3375 1853 3496 1904 qua:
3542 1841 3630 1897 hic

2053 1897 2362 1958 describere
2391 1906 2524 1961 nihil
2560 1911 2784 1980 attinet,
2811 1897 3098 1983 jactabant
3121 1923 3412 1993 d.emones,
3449 1947 3630 2002 rapta-

2442 2015 2661 2073 postera
2735 2025 2765 2064 e
2801 2026 3028 2081 corpore
3071 2019 3430 2089 migraturum
3465 2045 3480 2094 ;
3519 2031 3628 2085 sic-

2125 2233 2247 2288 188.
2293 2236 2454 2294 Stans
2498 2241 2683 2313 itaque
2711 2247 2956 2305 Andreas
2989 2261 3042 2306 et
3075 2260 3477 2328 contemplatus
3529 2267 3626 2321 tri-

2051 2332 2133 2377 ste
2180 2332 2548 2397 speetaculum
2579 2374 2593 2397 ,
2643 2353 2893 2408 magnam
2926 2344 3109 2399 animo
3143 2353 3459 2408 mmstitiam
3487 2374 3621 2412 con-

2050 2415 2193 2484 cepit
2227 2433 2392 2472 :now
2411 2431 2499 2476 rat
2534 2425 2702 2490 enim,
2732 2428 2843 2496 jam
2884 2433 3096 2501 pridem
3139 2444 3393 2506 potestati
3421 2445 3624 2504 damno.

2050 2521 2178 2559 nnm
2235 2511 2488 2567 traditum
2545 2515 2736 2584 fuisse,
2781 2523 2922 2589 quod
2971 2525 3082 2594 jam
3143 2528 3268 2586 inde
3321 2549 3350 2587 a
3395 2535 3623 2606 juvenili

2049 2609 2204 2654 aetate
2259 2602 2310 2656 in
2361 2604 2611 2675 lupanari
2664 2627 2912 2680 versans,
2971 2615 3426 2682 fornicationibus
3456 2641 3621 2698 atque

2049 2689 2378 2748 incestuosis
2409 2696 2724 2756 libidinibus
2762 2704 2921 2760 tinent
2970 2709 3177 2765 nullum
3229 2714 3619 2790 imposuisset;

2046 2785 2302 2852 quodque
2333 2787 2710 2846 detestandum
2755 2798 2968 2866 magis,
3014 2801 3065 2854 in
3103 2804 3390 2862 nefandam
3442 2812 3620 2867 Sodo-

2047 2873 2302 2930 mitarum
2358 2879 2602 2936 hazresiin
2656 2900 2719 2940 ac
2764 2890 2966 2945 rabiem
3020 2892 3207 2952 furore
3259 2908 3366 2954 tam
3423 2903 3618 2962 insano

2048 2965 2326 3021 ferebatur
2377 2972 2580 3037 miser,
2640 2986 2696 3030 ut
2755 2995 2929 3050 neque
2977 2987 3259 3044 ceclesiam
3296 3009 3394 3048 nec
3428 3012 3616 3055 sacros

1969 3046 2010 3101 C
2045 3065 2219 3111 uetus
2245 3062 2574 3126 precationis
2605 3081 2770 3122 causa
2808 3087 3047 3142 unquam
3083 3080 3288 3146 adiret,
3323 3102 3423 3141 nec
3450 3091 3613 3145 ullam

2043 3161 2224 3202 rerum
2262 3151 2626 3220 spiritualium
2653 3201 2666 3222 ,
2707 3166 3006 3220 carnalium
3047 3185 3172 3226 vero
3218 3184 3272 3228 et
3318 3177 3616 3237 diabolica-

2042 3253 2162 3292 rutn
2211 3243 2455 3297 omnium
2491 3249 2781 3305 maximam
2832 3255 3055 3314 haberet
3095 3265 3344 3320 notitiam
3379 3286 3394 3324 :
3429 3277 3612 3329 omnia

2039 3330 2184 3384 enim
2210 3373 2222 3393 ,
2260 3349 2380 3402 quin
2416 3339 2711 3406 actitabat,
2761 3345 3062 3414 libidinem,
3096 3357 3434 3424 nequitiam.
3487 3377 3612 3432 pec-

2037 3430 2218 3474 catum
2273 3425 2527 3493 olebant;
2601 3439 2766 3487 totam
2813 3437 2975 3492 vitam
3042 3458 3163 3497 cum
3214 3448 3448 3514 scortis,
3486 3468 3607 3506 cum

2039 3513 2371 3577 temulentis,
2401 3533 2524 3574 cum
2551 3521 2897 3595 citharoedis,
2947 3547 3177 3602 quorum
3214 3545 3611 3600 consuetudine

2037 3599 2432 3672 delectabatur,
2482 3617 2860 3674 consumebat.
2887 3599 3186 3681 Abeuntem
3231 3630 3393 3700 igitur
3441 3635 3604 3690 mise-

2034 3707 2154 3745 rum
2195 3695 2340 3751 hunc
2371 3697 2593 3755 domum
2625 3720 2779 3760 suam
2813 3725 2951 3776 pone
2987 3727 3206 3773 secutus
3229 3730 3312 3775 est
3339 3724 3604 3793 Andreas,

2034 3784 2432 3843 observaturus
2471 3807 2580 3860 quo
2621 3796 2675 3849 in
2719 3798 2840 3854 loco
2873 3803 3208 3863 domicilium
3249 3828 3408 3868 suum
3441 3818 3604 3874 habe-

2034 3885 2114 3926 ret
2142 3891 2154 3928 :
2185 3878 2330 3944 quod
2364 3880 2456 3933 ubi
2485 3883 2782 3952 didicisset,
2813 3892 2970 3946 rediit
2995 3900 3182 3952 eodeni
3211 3908 3458 3973 sequenti
3482 3910 3597 3975 die;

2032 3977 2194 4036 atque
2238 3972 2454 4028 eminus
2501 3977 2846 4046 consistens,
2894 3987 3024 4053 quid
3063 3990 3423 4053 obventurum
3458 4010 3603 4057 esset

2031 4063 2522 4129 contemplabatur.
2571 4066 2791 4139 Reperit
2841 4088 3020 4132 autem
3063 4081 3114 4136 in
3155 4087 3345 4151 primis
3396 4090 3597 4160 ipsum,

2031 4152 2224 4220 laqueo
2254 4154 2365 4224 jam
2415 4160 2606 4214 mortis
2664 4166 3045 4238 constrictum,
3108 4176 3286 4243 turpia
3348 4184 3596 4248 quaedam

2030 4242 2229 4311 quibus
2258 4261 2573 4305 assueverat
2596 4256 2987 4324 exprimentem
3011 4279 3025 4315 :
3049 4242 3249 4333 reperit
3273 4279 3324 4322 et
3350 4271 3601 4342 frequen-

2031 4342 2135 4388 tctn
2174 4346 2282 4390 tam
2315 4341 2746 4412 propinquorum
2773 4387 2787 4410 ,
2834 4351 2924 4417 qui
2961 4352 3165 4409 visendi
3197 4374 3359 4416 causa
3391 4365 3598 4419 conﬂu-

354 4413 450 4463 καὶ
480 4413 630 4484 ἐξῄει
668 4417 730 4467 ἐκ
764 4415 857 4468 τοῦ
913 4418 1180 4486 στόματος
1231 4421 1417 4484 αὐτοῦ,
1461 4424 1554 4474 καὶ
1583 4424 1800 4494 κράζων
1837 4425 1925 4479 διὰ

2315 4399 2331 4406 -
2418 4399 2433 4409 .
2529 4399 2545 4412 .
2774 4399 2787 4410 .
2840 4399 2924 4417 τ.-
2970 4399 3164 4409 .--ν-η..
3199 4399 3359 4416 ...η-ε...
3391 4399 3597 4419 υκαι..-

2042 4437 2258 4492 rerant,
2317 4445 2480 4500 quam
2521 4434 2753 4491 aliorum
2788 4442 2998 4496 turbam
3026 4483 3040 4508 ,
3083 4461 3272 4502 omnes
3314 4455 3597 4510 moribun-

352 4501 464 4553 τῶν
486 4504 733 4572 ὀργάνων
767 4505 863 4558 τοῦ
895 4508 1150 4575 ἐλεεινοῧ,
1178 4512 1308 4562 ποτὲ
1342 4511 1440 4581 μὲν
1467 4513 1541 4576 ὡς
1565 4515 1756 4583 γάττα,
1792 4518 1922 4570 ποτὲ

351 4594 409 4646 δὲ
441 4593 515 4658 ὡς
549 4599 714 4661 κύων,
765 4598 798 4668 ἢ
833 4598 907 4661 ὡς
938 4601 1138 4682 χοῖρος.
1187 4601 1360 4669 Ἀφίει
1401 4604 1456 4656 δὲ
1487 4605 1583 4676 τὴν
1631 4610 1788 4677 χεῖρα
1820 4609 1923 4661 αὐ·

347 4685 445 4738 τοῦ
481 4688 538 4739 ἐν
565 4687 643 4756 τῷ
670 4690 943 4761 ἁφεδρῶνι
983 4690 1169 4754 αὑτοῦ,
1218 4695 1313 4761 τῆς
1345 4693 1546 4764 κόπρου
1590 4697 1753 4748 αὐτοῦ
1789 4698 1921 4751 ἀπο-

348 4781 671 4848 γευόμενοςο
706 4786 814 4836 ἀπὸ
841 4785 949 4854 γὰρ
973 4785 1066 4838 τοῦ
1097 4785 1292 4838 πολλοῦ
1324 4789 1512 4841 κλόνου
1542 4791 1740 4859 ἠρέμει
1769 4793 1826 4845 ἐν
1852 4797 1918 4864 τῇ

345 4872 442 4924 τοῦ
500 4871 729 4926 θανάτου
784 4877 1164 4945 προσεγγίζων
1199 4881 1363 4948 τομῇ.
1416 4879 1602 4943 Οὕτως
1632 4878 1725 4934 οὗν
1773 4885 1800 4936 ὀ
1831 4903 1924 4938 τα-

348 4959 626 5034 λαίπωρος
673 4968 1343 5037 παραδειγματιζόμενος,
1395 4973 1487 5022 καὶ
1526 4971 1756 5042 αἰσχύνη
1809 4979 1922 5039 τοῖς

357 5055 485 5105 πᾶσι
527 5055 734 5120 φανεὶς,
771 5058 967 5128 πικρὸν
993 5058 1053 5112 τὸ
1081 5060 1230 5122 τέλος
1259 5060 1609 5130 ἀπηνέγκατο
1639 5081 1653 5096 ο
1691 5065 1783 5117 καὶ
1814 5067 1922 5134 γὰρ

348 5141 473 5197 οὔτε
503 5146 772 5210 ἐξέκλινεν
804 5150 836 5220 ὴ
879 5149 1026 5220 ψυχὴ
1065 5149 1227 5204 αὑτοῦ
1270 5149 1511 5217 πώποτε,
1541 5153 1656 5205 ἀλλ’
1691 5153 1920 5223 ὀρθοδα-

426 5347 533 5416 (89)
577 5351 674 5406 Ms.
702 5349 903 5420 Vane,
931 5351 997 5402 τὰ
1022 5350 1304 5420 Μαριανοῦ
1332 5367 1346 5404 :
1376 5352 1535 5407 male.
1558 5353 1913 5413 Seribendum

349 5431 467 5472 erat
507 5419 851 5489 Μαυριανοῦ.
895 5419 1234 5506 Agit-autem
1278 5423 1345 5476 de
1399 5423 1502 5506 hoc
1547 5427 1699 5506 urbis
1739 5437 1912 5506 tractu

349 5507 454 5562 seu
473 5489 672 5556 palatio
705 5489 977 5560 Cangius',
1019 5492 1109 5546 lib.
1142 5505 1208 5558 tt,
1242 5506 1364 5562 cap.
1402 5493 1500 5558 lti,
1544 5498 1610 5552 de
1657 5496 1915 5555 Domibus

347 5559 773 5643 ittsig‘nibus'kn.
808 5559 894 5616 52.
1225 5633 1255 5643 η

420 5628 533 5688 (90)
560 5632 616 5688 ὃ.
655 5631 899 5694 ΤΙιγι-δυε
931 5644 1137 5705 martyr
1157 5633 1352 5689 colitur
1385 5634 1443 5688 lt
1465 5637 1629 5693 rem
1659 5636 1912 5694 Deccmb.

2033 4518 2162 4572 dum
2196 4519 2450 4576 lamentis
2483 4533 2536 4578 et
2572 4527 2880 4594 planctibus
2924 4548 3313 4606 prosequentes
3345 4559 3360 4595 :
3397 4547 3600 4614 reperit

2030 4607 2263 4678 denique
2303 4623 2355 4664 et
2410 4611 2664 4670 Satanam
2691 4656 2706 4682 ,
2745 4621 2836 4688 qui
2876 4637 2972 4691 per
2998 4630 3180 4694 argroti
3229 4643 3431 4701 organa
3458 4607 3596 4691 ἰον-

2027 4699 2238 4753 ribilem
2281 4711 2443 4772 atque
2485 4705 2782 4764 absurdum
2823 4713 3114 4771 clamorem
3154 4721 3352 4788 ciebat,
3391 4730 3595 4800 quique

2024 4793 2185 4845 modo
2233 4798 2402 4850 muris
2430 4834 2446 4858 ,
2486 4801 2646 4854 modo
2693 4807 2920 4874 anguis,
2979 4809 3143 4864 modo
3179 4816 3376 4883 viperae
3412 4827 3597 4890 specie

2025 4895 2120 4948 per
2149 4897 2211 4937 os
2242 4887 2459 4951 exibat,
2511 4904 2572 4943 ac
2615 4893 2844 4948 multum
2885 4900 3226 4969 vociferans,
3274 4923 3419 4962 nunc
3449 4911 3591 4977 fclis,

2025 4988 2170 5028 nunc
2204 4983 2356 5048 canis
2381 5019 2395 5042 ,
2435 4996 2579 5036 nunc
2610 4986 2758 5053 porci
2801 5003 2985 5043 vocem
3023 4997 3398 5052 aemulabatur.
3444 4996 3591 5056 Non-

2025 5081 2304 5136 nunquam
2341 5088 2558 5129 manum
2592 5093 2747 5132 suam
2778 5083 2832 5134 in
2865 5095 3104 5141 secretas
3134 5093 3379 5161 corporis
3411 5105 3594 5163 partes

2027 5160 2348 5230 imntittcns,
2382 5179 2628 5226 extracta
2669 5173 2795 5229 inde
2829 5186 3073 5234 stercora
3106 5196 3200 5236 ore
3230 5185 3585 5253 degustabat:

2026 5378 2054 5417 a
2085 5365 2308 5446 φηθεὶς,
2341 5387 2371 5454 a_
2401 5371 2607 5430 Latinis
2640 5394 2766 5454 vero
2795 5379 2864 5434 28
2884 5380 3149 5454 Januarii,
3181 5387 3400 5454 quando
3432 5389 3498 5444 de
3525 5407 3591 5446 eo

2024 5440 2232 5520 egimus
2271 5455 2296 5520 ε.
2326 5448 2445 5511 ejus
2489 5457 2665 5500 autem
2712 5449 3025 5520 Martyrium
3079 5440 3277 5508 mettica
3326 5440 3593 5516 collocant

2026 5509 2077 5558 in
2114 5505 2447 5597 ‘llelegianis,
2479 5531 2614 5597 quas
2639 5523 2816 5597 anles,
2854 5505 2978 5597 'vieo
3011 5524 3343 5597 toti_nomen
3376 5528 3586 5597 dantes,

2027 5578 2077 5628 in
2113 5578 2226 5664 turi)
2250 5578 2536 5666 Theodosii
2567 5588 2698 5645 sitas
2731 5578 2897 5645 tui-sse
2926 5591 3084 5646 docet
3113 5578 3369 5667 Cangitts,
3400 5601 3491 5656 lii).
3528 5578 3586 5670 tt;

2025 5662 2145 5714 cup.
2182 5662 2231 5714 ἐ),
2263 5669 2312 5705 ιι.
2353 5662 2407 5706 ὃ.
