4088 6216
483 240 592 300 835
1545 218 1966 285 NICEPHORI
2009 213 2481 278 PRESBYTERI
2520 213 2628 270 Cl’.
3619 195 3730 259 833

477 349 592 418 jam
621 345 760 400 enim
799 358 908 413 prae
942 339 1285 396 Vehementia
1319 335 1700 392 eoncussionis
1733 339 1895 384 tantae
1928 341 2059 380 eon-
2088 368 2096 389 Α

2200 321 2327 374 οὖσα
2373 320 2510 389 πρὸς
2561 319 2650 370 τὸν
2682 316 2928 384 πυθμένα
2981 311 3072 366 τοῦ
3110 311 3235 382 ᾅδου
3277 308 3627 376 παρεγένετο,
3675 309 3731 358 ἐν

2200 414 2213 418 _
2309 414 2420 418 __
2583 411 2592 418 .
2708 409 2719 418 .
2800 408 2821 418 ..
2920 406 2942 418 -
3119 403 3200 418 Α.
3305 400 3527 418 ...μμ

482 441 743 499 licuerat,
776 432 1045 503 angustiis
1073 428 1262 484 vicinae
1293 427 1485 480 mortis
1515 435 1832 492 oppressus.
1865 420 2043 484 Atque

2200 414 2228 483 ξ)
2266 414 2470 480 αἰωνίῳ
2500 411 2678 462 σκότει
2706 408 2882 460 ἐκεῖσε
2915 403 3271 474 δεσμευθείσα
3295 400 3553 466 ὀξύτατα.

482 535 588 590 hoc
632 532 793 586 modo
825 531 989 584 miser
1023 528 1110 580 ille
1138 565 1152 587 ,
1211 521 1585 593 praesentibus
1647 518 1899 570 omnibus
1933 512 2239 582 exemplum
2284 507 2624 564 confusionis
2709 501 3057 572 propositus,
3100 496 3297 553 acerbo
3375 491 3592 550 laudent
3631 491 3731 544 ﬁne

475 630 650 681 vitam
690 621 1038 686 terminavit,
1082 619 1272 673 anima
1315 631 1584 685 nusquam
1631 612 1708 667 ad
1772 607 2093 664 diverticula
2128 605 2470 668 deﬂectente,
2505 603 2598 658 sed
2633 609 2777 654 recta
2845 602 3167 666 preperaute
3195 593 3261 645 ad
3299 589 3616 644 barathrum
3654 589 3732 640 il;-

478 723 647 785 t't-rui,
681 722 768 776 ubi
807 722 860 775 in
891 717 1239 785 sempiternis
1269 714 1509 768 tenebris
1536 720 1590 766 et
1621 707 1851 763 vinculis
1880 705 2357 760 indissolubilibus
2397 710 2760 772 perennatura
2795 704 2933 748 erat.

564 816 689 871 189.
733 814 962 882 Sepulto
1005 812 1130 867 dein
1185 809 1488 870 cadavere,
1522 810 1912 860 convenerunt
1955 800 2060 852 fre-

488 917 724 980 quentes
769 907 835 960 ad
886 919 1112 960 uxorem
1147 899 1452 959 demortui,
1503 894 1824 950 consolandi
1861 905 2063 956 causa;

492 1016 726 1070 cumque
752 998 1016 1054 incideret
1047 1010 1230 1050 sermo
1265 993 1334 1046 de
1365 989 1592 1060 perditis
1629 986 1775 1040 illius
1807 985 1916 1038 vita
1953 997 2065 1061 mo_-

495 1096 792 1162 ribusque,
841 1090 962 1144 aliis
1014 1087 1238 1157 quidem
1293 1081 1672 1138 dictitantihus
1722 1088 1834 1132 tam
1885 1076 2070 1131 effusae

498 1189 673 1255 ipsum
717 1179 1034 1253 petulantiae
1071 1177 1276 1239 fuisse,
1315 1183 1374 1228 ut
1411 1172 1454 1225 si
1496 1185 1658 1240 quam
1694 1167 1834 1222 forte
1877 1165 2074 1220 mulie-

502 1293 612 1333 rem
635 1317 649 1340 ,
699 1275 813 1328 sive
841 1273 1125 1340 innuptam
1152 1307 1167 1331 ,
1197 1281 1292 1322 seu
1315 1264 1685 1335 prostitutam
1709 1303 1724 1325 ,
1756 1275 1853 1314 seu
1885 1256 2074 1311 matri-

501 1369 685 1424 monio
728 1368 975 1436 junctam
1028 1359 1377 1428 conspicatus
1424 1365 1606 1420 esset,
1659 1368 1765 1408 non
1815 1350 2073 1419 etIugerct

501 1477 700 1516 manus
741 1457 978 1514 hominis
1007 1451 1325 1515 libidinosi,
1375 1449 1552 1518 quoad
1597 1443 2072 1514 intemperantiam

502 1568 659 1607 suam
695 1548 1024 1604 diabolieaiu
1053 1548 1360 1614 explesset;
1397 1541 1519 1596 aliis
1551 1554 1703 1601 vero,
1734 1545 2074 1607 nugatorem,

503 1649 788 1716 loquacem
840 1654 892 1698 et
915 1643 1222 1696 adulterum
1253 1637 1518 1704 insignem
1549 1631 1719 1685 fuisse
1745 1627 2078 1683 contenden—

503 1744 691 1807 tibus;
722 1739 942 1794 tandem
981 1752 1120 1790 uxor
1148 1737 1264 1803 ipsa
1293 1744 1522 1785 narrare
1557 1727 1816 1792 instituit,
1843 1739 2075 1794 quomo~

2200 1734 2311 1771 τοτε
2357 1715 2654 1784 ἐκκλησίαν
2700 1710 3016 1780 ἐγνώρισεν,
3047 1708 3170 1761 οὕτε
3213 1706 3578 1779 προσηύξατο,
3625 1723 3650 1756 ο

505 1837 576 1888 do
610 1849 641 1887 a
674 1830 1008 1886 matrimonii
1034 1829 1116 1881 sui
1155 1825 1454 1896 primordio
1484 1835 1762 1890 nunquam
1801 1819 1989 1889 pedem
2021 1816 2074 1869 in

506 1923 795 1979 ecclesiam
826 1921 1104 1975 intulisset
1124 1957 1139 1981 ,
1170 1930 1448 1986 nunquam
1483 1914 1786 1968 orationem
1825 1909 2076 1974 fudisset,

508 2029 788 2084 nunquam
823 2013 1054 2067 frontem
1097 2026 1260 2064 cruce
1299 2011 1588 2078 signasset,
1623 2003 2081 2062 communicasset

507 2121 792 2176 nunquam
835 2121 850 2158 :
894 2103 1167 2173 quomodo
1207 2101 1441 2170 denique
1473 2100 1614 2169 apud
1659 2104 1841 2152 scorta
1879 2108 2081 2164 perno-

509 2209 657 2252 ctare
688 2196 1064 2252 consnevisset
1097 2213 1112 2250 :
1147 2194 1202 2247 Si
1240 2193 1459 2264 quando
1502 2200 1682 2245 autem
1737 2189 1864 2242 inde
1902 2201 2084 2240 rever-

505 2299 712 2347 tentem
747 2305 870 2359 ego,
906 2288 1216 2357 inquiebat,
1269 2285 1352 2339 vel
1397 2283 1619 2338 verbulo
1661 2279 2082 2349 interpellarent,

505 2380 797 2435 confestim
827 2379 1080 2449 expedito
1109 2379 1161 2430 in
1205 2385 1367 2446 caput
1399 2390 1581 2428 meum
1622 2371 1814 2427 infelix
1863 2369 2082 2434 baculo,

513 2471 832 2525 Verberibus
875 2469 1064 2523 saevire
1108 2483 1212 2521 non
1250 2465 1508 2520 desinens
1532 2503 1547 2529 ,
1586 2461 1848 2534 quidquid
1881 2467 2089 2531 potetat

514 2564 777 2618 molestia:
820 2576 883 2616 ac
925 2560 1127 2614 doloris
1171 2558 1458 2614 inferebat.
1514 2556 1649 2609 Cum
1705 2554 1921 2608 interim
1969 2566 2087 2606 sera

517 2663 763 2708 actorum
798 2650 1116 2721 paenitentia
1153 2650 1304 2702 illum
1337 2648 1598 2702 subiisset
1635 2646 1836 2700 nudius
1874 2644 2086 2706 tertius,

518 2748 866 2815 venissetque
893 2749 958 2797 ad
992 2759 1075 2798 me
1103 2743 1346 2805 cubitum
1372 2780 1387 2805 ,
1420 2743 1643 2810 jamque
1673 2754 1777 2792 una
1802 2737 2090 2791 dormituri

520 2841 993 2900 decumbere-inus,
1031 2837 1192 2888 soli-to
1231 2833 1654 2886 mansuetiorem
1701 2840 1881 2890 nacta,
1928 2825 2092 2880 variis

517 2930 662 2996 coepi
700 2926 1092 2979 monitionibus
1129 2939 1361 2992 urgere:
1398 2933 1508 2975 ttnn
1540 2919 1926 2988 interroganti,
1963 2917 2091 2987 quid

523 3020 627 3074 sibi
661 3019 966 3074 faciendum
1001 3015 1339 3077 mandarem,
1372 3012 1630 3083 respondi
1665 3031 1680 3067 :
1727 3011 1793 3067 Ut
1817 3013 1938 3066 lucc
1970 3026 2093 3065 era-

2241 795 2381 864 ρπθ’.
2408 796 2682 862 ταφέντος
2721 786 2812 843 οὖν
2836 787 2928 841 τοῦ
2957 785 3206 852 σώματος
3236 781 3422 842 αὑτοῦ,
3454 781 3549 833 καί
3571 798 3734 833 τινων

2170 885 2636 956 παραγενομένων
2665 879 2800 948 πρὸς
2847 879 2945 946 τὴν
2976 878 3210 944 γυναῖκα
3240 873 3404 926 αὑτοῦ
3437 872 3595 941 χάριν
3628 889 3733 923 πα-

2176 977 2468 1049 ραμυθίας,
2505 971 2859 1041 καθεζόμενοι
2895 969 3107 1022 ἐκίνουν
3152 967 3310 1032 λόγον
3345 965 3474 1034 περὶ
3502 963 3591 1016 τοῦ
3620 964 3737 1033 βίου

2177 1068 2364 1132 αὐτοῦ,
2412 1067 2596 1128 ὁποῖος
2636 1059 2705 1124 ἦν
2752 1061 3021 1132 χαλεπός·
3057 1062 3150 1113 καὶ
3187 1060 3234 1111 οἱ
3279 1057 3379 1128 μὲν
3423 1057 3627 1125 ἔλεγον,
3656 1055 3736 1108 ὅτι

2171 1163 2302 1214 ὅπου
2333 1162 2567 1228 γυναῖκα
2615 1157 2899 1220 ἐθεάσατο,
2939 1153 3050 1206 εἴτε
3090 1152 3325 1220 ἄγαμον,
3370 1153 3480 1202 εἴτε
3533 1149 3736 1200 παλλα-

2173 1253 2316 1313 κίδα,
2343 1252 2450 1304 εἴτε
2485 1247 2776 1318 ὕπανδρον,
2804 1247 3007 1309 εὐθέως
3045 1247 3106 1299 οὐ
3139 1245 3320 1314 διέδρα
3362 1243 3470 1296 ἀπὸ
3499 1241 3602 1294 τῶν
3632 1257 3730 1311 χει·

2177 1344 2287 1416 ρῶν
2328 1341 2516 1407 αὑτοῦ,
2553 1343 2746 1411 μέχρις
2787 1340 2855 1393 ἂν
2890 1338 2984 1392 τοῦ
3026 1337 3275 1391 διαόόλου
3326 1335 3423 1406 τὴν
3453 1333 3743 1402 ἐπιθυμίαν

2175 1409 2468 1506 εἰργάσατο
2493 1451 2507 1466 ο
2539 1409 2688 1487 ἄλλοι
2717 1433 2921 1500 ἔλεγον,
2953 1433 3036 1486 ὅτι
3067 1428 3306 1500 φλύαρος
3329 1425 3417 1500 ἦν,
3445 1430 3537 1481 καὶ
3567 1409 3745 1494 γλωτ-

2181 1530 2374 1598 σώδης,
2422 1527 2516 1579 καὶ
2546 1526 2734 1598 μοιχὸς
2764 1525 2987 1594 σφόδρα.
3029 1525 3093 1576 ’11
3115 1524 3171 1576 δὲ
3201 1523 3338 1592 γυνὴ
3366 1519 3527 1574 αὐτοῦ
3557 1519 3743 1590 διηγή-

2182 1643 2310 1679 σατο
2341 1623 2470 1694 περ)⁹
2511 1619 2701 1684 αὑτοῦ,
2722 1620 2802 1671 ὃτι
2843 1618 2937 1685 ἀφ’
2970 1609 3029 1669 οὗ
3061 1615 3390 1684 συνεζεύχθη
3428 1610 3574 1681 αὐτῷ
3601 1612 3745 1663 ούδέο

3656 1703 3750 1756 ΰτε

2189 1810 2418 1878 σταυρὸν
2449 1810 2529 1870 είς
2557 1807 2616 1859 τὸ
2640 1808 2928 1875 πρόσωπον
2959 1801 3124 1855 αὐτοῦ
3155 1801 3429 1864 ἐποίησεν,
3461 1795 3582 1850 οὔτε
3609 1797 3746 1848 ὲκοι-

2186 1901 2445 1976 νώνηὰεν,
2487 1901 2600 1956 ἀλλ’
2655 1899 2741 1953 ἀεὶ
2778 1894 3206 1964 διανυκτερεύων
3244 1896 3322 1955 εἰς
3367 1892 3435 1944 τὰ
3482 1893 3712 1960 πορνεῖα
3740 1905 3752 1919 ο

2188 1999 2322 2052 εἰδὲ
2368 1995 2556 2049 ἐνθάδε
2608 1993 2844 2060 ἐγένετο,
2882 1991 2915 2060 ἢ
2949 1987 3097 2052 ἅπαξ
3136 2004 3190 2039 τι
3229 1984 3486 2053 ἐλάλησα,
3525 1984 3623 2053 τὴν
3654 1982 3751 2053 ρἀ

2180 2091 2311 2144 ὁδον
2334 2089 2398 2142 ἐκ
2424 2087 2517 2141 τοῦ
2543 2083 2908 2154 ἀτυχεστάτου
2940 2098 3041 2152 μου
3065 2079 3313 2148 σώματος
3342 2077 3571 2138 ούδόλως
3601 2075 3752 2128 κατέ-

2191 2197 2377 2251 φερεν,
2414 2177 2549 2232 ἀλλὰ
2581 2178 2759 2230 πάντα
2787 2173 2934 2227 δεινά
2975 2189 3065 2242 μοι
3102 2169 3516 2240 κατειργὰζετο.
3557 2169 3643 2221 Ἐν
3676 2162 3752 2229 οἷς

2191 2277 2256 2344 τῇ
2299 2271 2404 2341 πρὸ
2453 2271 2580 2341 χθὲς
2627 2267 3026 2335 ςκατανυγὲντος
3077 2262 3241 2319 αὑτοῦ
3274 2263 3407 2332 (91),
3462 2261 3556 2316 καὶ
3601 2264 3658 2314 ὲν
3691 2264 3754 2329 τῇ

2194 2367 2348 2436 κλίνῃ
2408 2381 2510 2434 μου
2566 2362 2850 2432 γεγονότος
2901 2359 3036 2430 πρὸς
3086 2374 3175 2428 με,
3230 2355 3612 2427 ἡμερωθείσης
3658 2355 3756 2422 τῆς

2192 2457 2368 2525 ψυχῆς
2401 2451 2587 2513 αὑτοῦ,
2636 2450 2710 2512 ὼς
2753 2446 3142 2516 ὲκαθεύδομεν,
3186 2444 3439 2514 ἠρξάμην
3493 2440 3755 2494 νουθετείι

2193 2549 2378 2601 αὐτόν.
2426 2546 2693 2606 Κάκεῖνος
2726 2542 2832 2612 ἔφη
2884 2556 2998 2610 μοι,
3052 2539 3160 2591 Καὶ
3189 2537 3240 2589 τί
3288 2535 3463 2597 θέλεις
3517 2536 3758 2602 ποιήσω,

2197 2643 2316 2696 εἱπὲ
2353 2656 2464 2708 μοι.
2507 2639 2665 2705 Λέγω
2703 2634 2886 2700 αὐτῷ’
2931 2632 3082 2685 Θέλω
3133 2631 3218 2684 ἵνα
3263 2631 3330 2701 τῇ
3365 2627 3554 2700 αὔριον
3601 2626 3757 2679 aus),

2197 2733 2378 2802 θωμεν
2405 2734 2487 2794 είς
2511 2731 2599 2783 τὸν
2626 2728 2779 2796 ἆγιον
2829 2725 3058 2795 Θύρσον,
3112 2723 3300 2777 καθότι
3348 2723 3491 2776 ἐστὶν
3513 2725 3547 2793 ὴ
3577 2721 3679 2790 μνή
3692 2737 3760 2790 μττ

2198 2826 2385 2887 αὐτοῦ,
2424 2826 2517 2877 καὶ
2545 2824 2631 2876 ἵνα
2665 2824 2935 2892 μείνωμεν
2957 2822 3136 2874 ἐκεῖσε
3168 2821 3236 2889 τῇ
3257 2819 3394 2886 -ἀγὶᾳ
3432 2813 3761 2885 λειτουργίᾳ,

2197 2919 2345 2981 ὅπως
2376 2919 2803 2988 κοινωνήσαντες
2832 2915 2939 2968 τῶν
2968 2911 3248 2977 ζωοποιῶν
3277 2909 3371 2963 τοῦ
3406 2907 3640 2982 Χριστοῦ
3669 2924 3762 2975 μυ-

2203 3008 2464 3078 στηρίων,
2494 3008 2589 3059 καὶ
2614 3003 2972 3074 φωτισθέντες
2999 2999 3372 3071 ἁγιασθῶμεν,
3404 2997 3639 3060 ταπεινὲ,
3675 2996 3762 3048 καὶ

524 3113 668 3166 stitia
702 3111 1069 3164 concedamus
1099 3123 1204 3161 una
1237 3109 1302 3162 ad
1337 3107 1508 3162 sancti
1537 3104 1731 3176 Thyrsi
1753 3143 1768 3169 ,
1798 3103 1954 3174 cujus
1983 3118 2090 3157 tne-

2203 3099 2334 3170 γένῃ
2377 3097 2701 3168 Χριστιανὸς
2745 3095 2848 3149 κᾶν
2907 3093 3034 3165 μίαν
3077 3090 3322 3163 ἡμέραν·
3370 3091 3464 3144 καὶ
3501 3091 3626 3150 ἴσως
3657 3088 3762 3140 Κύ-

529 3205 699 3255 nioria
737 3200 996 3256 solemnis
1029 3201 1236 3270 agitur,
1278 3207 1337 3253 ut
1372 3199 1492 3254 istic
1527 3207 1882 3252 sacrosancto
1919 3195 2098 3250 missae

525 3293 798 3348 sacriﬁcio
833 3291 1169 3356 intersimus,
1208 3300 1266 3344 ut
1295 3290 1571 3346 salutifera
1597 3289 1805 3344 Christi
1845 3287 2097 3358 mysteria

525 3387 1033 3449 eommunicemus,
1091 3395 1143 3437 et
1200 3384 1370 3452 gratia
1427 3382 1611 3436 divina
1672 3381 1928 3434 illustrati
1971 3396 2100 3433 san-

525 3478 672 3532 ctius
730 3478 993 3544 reliquam
1060 3475 1224 3526 vitam
1282 3474 1693 3540 transigainus,
1753 3481 1809 3524 ut
1865 3472 2099 3539 denique

529 3569 750 3621 tandem
783 3567 1073 3635 aliquando
1101 3566 1179 3617 vel
1219 3566 1378 3618 unico
1412 3565 1499 3618 die
1527 3564 1902 3619 Christianum
1938 3576 2102 3630 agas:

2204 3206 2318 3258 ριος
2368 3191 2396 3240 ὁ
2435 3187 2565 3251 Θεὸς
2623 3185 2851 3256 ἐμϐαλεῖ
2899 3186 2977 3246 εἰς
3011 3185 3069 3236 σὲ
3120 3182 3209 3236 τὸν
3261 3181 3422 3252 φόϐον
3460 3180 3642 3243 αὐτοῦ,
3677 3177 3764 3232 καὶ

2204 3281 2510 3353 σπουδάσῃς
2545 3277 2926 3344 ἀπαλλαγῆναι
2956 3277 3061 3328 τῶν
3107 3275 3621 3345 προημαρτημένων
3655 3288 3766 3333 σου,

2203 3373 2490 3444 ἑπικτίσῃς
2533 3373 2587 3424 δὲ
2623 3372 2716 3423 καὶ
2749 3371 2885 3440 ἔργα
2931 3368 3297 3437 δικαιοσύνης,
3345 3369 3439 3420 καὶ
3481 3365 3620 3418 οὕτω
3679 3363 3767 3414 δυ-

2205 3467 2501 3536 νησώμεθα
2544 3464 2805 3518 εἰσελθεῖν
2851 3466 2928 3530 εἰς
2962 3464 3060 3532 τὴν
3103 3463 3268 3532 ζωήν.
3309 3463 3364 3513 Ὀ
3407 3461 3464 3514 δὲ
3520 3457 3769 3512 συνέθετὲ

2212 3581 2300 3633 μοι
2335 3563 2478 3616 οὕτω
2503 3564 2743 3632 ποιῆσαι.

529 3660 784 3714 fortassis
819 3660 1084 3725 benignus
1123 3657 1382 3711 Dominus
1410 3658 1701 3711 salutarem
1733 3657 1815 3708 sui
1844 3657 2092 3708 timorem
2136 3656 2318 3709 animo
2359 3666 2453 3711 tuo
2505 3656 2854 3709 immissurus
2880 3663 2999 3717 est,
3075 3669 3184 3724 quo
3253 3653 3601 3716 stimulatus,
3649 3649 3776 3705 vitae

533 3755 821 3822 praeteritae
847 3751 1044 3804 delicta
1075 3751 1311 3820 expiare,
1351 3751 1572 3819 insuper
1603 3762 1652 3804 et
1677 3749 1907 3818 justitiae
1937 3765 2099 3818 opera
2140 3765 2395 3805 exercere
2473 3752 2727 3818 studeas;
2777 3762 2836 3807 ut
2879 3750 2961 3806 sic
3000 3752 3161 3806 ambo
3236 3751 3299 3805 ad
3353 3752 3516 3803 vitam
3568 3746 3780 3816 ingredi

528 3857 790 3902 aeternam
826 3862 1155 3901 mereamur.
1184 3845 1308 3901 llzee
1344 3847 1434 3899 ille
1463 3859 1579 3897 mea
1608 3844 1812 3897 monita
1849 3859 1906 3897 se
1936 3859 2100 3912 opere
2141 3846 2537 3915 completurum
2575 3848 2800 3915 recepit.

607 3938 730 3993 I90.
793 3937 862 3993 Ut
909 3954 1036 4008 ergo
1085 3939 1296 4005 illuxit,
1360 3937 1537 3991 sancti
1595 3935 1853 4006 martyris
1905 3934 2103 4004 'l‘hyrsi

536 4032 798 4100 templum
830 4031 1122 4096 adivimns,
1160 4030 1522 4100 ingressique,
1551 4044 1651 4098 ego
1688 4043 1807 4082 mox
1838 4042 1996 4081 orare
2021 4027 2104 4080 in-

536 4123 713 4189 stitui,
746 4123 833 4176 ille
863 4121 1043 4175 omnia
1074 4121 1331 4184 irridere;
1363 4137 1469 4174 non
1504 4119 1855 4172 inclinatione
1891 4118 2106 4187 capitis,

539 4211 696 4280 quasi
739 4223 1030 4274 oraturus,
1084 4218 1335 4263 sanctum
1379 4217 1673 4278 martyrem
1716 4208 1955 4278 dignari;
2003 4221 2108 4262 non

2285 3942 2388 4006 pk'.
2449 3939 2668 4008 Πρωΐας
2703 3937 2756 3990 δὲ
2806 3937 3124 4006 γενομένης,
3175 3935 3550 4006 ἐπορεύθημεν
3597 3937 3655 3988 ἐν
3706 3937 3785 4005 ’τῷ

2215 4027 2504 4095 πανσέπτῳ
2535 4026 2646 4096 ναῷ
2682 4025 2775 4079 τοῦ
2809 4027 2962 4093 ἁγίου
2997 4027 3271 4096 μάρτυρος
3315 4026 3546 4094 Θύρσου,
3581 4026 3676 4077 καὶ
3707 4027 3788 4089 ὡς

2215 4117 2535 4188 εἰσήλθομεν
2568 4118 2734 4182 ἔνδον,
2775 4117 2910 4185 ἐμοῦ
2943 4119 3407 4188 προσευχομένης,
3452 4119 3636 4170 ἵστατο
3670 4135 3789 4185 μω-

2217 4211 2406 4273 κίζων,
2459 4209 2553 4260 καὶ
2583 4208 2704 4261 οὔτε
2753 4211 2854 4277 τὴν
2908 4209 3151 4276 κεφαλὴν
3179 4209 3388 4263 ἔκλινεν
3416 4211 3497 4269 εἰς
3544 4210 3604 4261 τὸ
3652 4211 3790 4276 γόνυ

545 4303 842 4372 imaginem
888 4303 1062 4356 sancti
1091 4307 1366 4367 salutare;
1403 4302 1497 4356 sed
1526 4300 1772 4354 remissis
1816 4299 2096 4354 consistert

2226 4302 2312 4354 τοῦ
2359 4301 2734 4370 προσκυνῆσαι
2783 4301 2860 4371 τῷ
2902 4301 3044 4370 ἁγίῳ
3076 4303 3337 4372 μάρτυρι,
3368 4301 3484 4354 ἀλλ’
3521 4303 3641 4354 οὗτε
3682 4304 3792 4374 τὴν

544 4394 796 4447 manibus
823 4431 839 4456 ,
879 4404 1042 4464 atque
1086 4395 1354 4457 irridere,
1398 4393 1473 4446 uti
1525 4393 1728 4447 dictum
1773 4400 1894 4456 est,
1939 4392 2113 4453 alios,

539 4500 731 4554 preces
765 4501 893 4538 suas
925 4484 1038 4537 Deo
1069 4485 1384 4538 olierentes.
1435 4485 1504 4536 At
1549 4497 1686 4552 ego,
1737 4481 1884 4535 finita
1931 4474 2117 4549 preca-

543 4579 692 4631 tione
745 4593 894 4639 mea,
933 4578 996 4629 ad
1046 4576 1226 4645 ipsum
1271 4590 1573 4629 conversa:
1618 4574 1755 4640 Quid
1795 4574 1886 4627 hic
1935 4583 2114 4634 astas,
2182 4582 2185 4584 '

545 4670 802 4737 inquam,
845 4667 1054 4732 infelix,
1087 4683 1192 4721 non
1226 4667 1385 4721 aliter
1423 4682 1585 4736 quam
1629 4669 1848 4720 brutum
1881 4663 2119 4719 animal?

542 4771 645 4810 cur
704 4758 893 4810 saltem
955 4757 1251 4812 Dominiea:
1301 4760 1480 4812 crucis
1533 4759 1748 4828 signum
1803 4758 1963 4811 fronti
2014 4766 2118 4809 tua:

545 4865 656 4902 non
694 4850 995 4918 imprimis?
1025 4849 1162 4915 Quid
1198 4853 1270 4904 ita
1303 4867 1477 4906 vanus
1514 4866 1577 4904 ac
1614 4851 1873 4919 profanus
1899 4847 2117 4902 Judaeu-

546 4957 669 4994 rnm
703 4953 756 4996 te
785 4958 934 4996 more
972 4943 1026 4994 in
1061 4944 1182 4996 loco
1217 4958 1376 4998 sacro
1414 4943 1595 5012 geris?
1633 4942 1689 4995 Si
1735 4941 1914 4995 minus
1947 4942 2117 4994 Deum

549 5037 734 5098 times,
767 5036 1018 5090 homines
1050 5036 1243 5089 saltem
1274 5053 1552 5101 reverere;
1583 5036 1780 5089 accede
1815 5035 1998 5103 igitur,
2046 5043 2119 5097 et,

551 5142 610 5184 ut
641 5141 688 5184 te
726 5130 946 5196 monui,
979 5130 1168 5183 adora.
1203 5128 1342 5183 Tum
1389 5131 1478 5184 ille
1507 5147 1518 5182 :
1552 5127 1788 5182 Ostende
1811 5168 1824 5193 ,
1863 5129 1958 5192 ait,
1993 5128 2120 5198 quid

545 5225 793 5275 adorem.
837 5221 905 5274 Et
951 5223 1159 5276 ostendi
1197 5239 1296 5290 ego
1340 5223 1702 5275 venerandam
1749 5223 1920 5274 sancti
1979 5238 2122 5273 mar-

547 5317 685 5385 tyris
739 5317 950 5369 iconem
983 5353 999 5379 ,
1056 5316 1241 5367 dicens
1278 5330 1293 5367 :
1330 5311 1483 5367 Hanc
1526 5313 1713 5365 adora.
1765 5312 1976 5378 Quibus
2035 5315 2123 5366 ille

627 5499 738 5568 (9|)
779 5497 880 5553 Ms.
911 5496 1089 5552 Vatic.
1125 5497 1462 5565 interponit:
1496 5495 1585 5566 Τῷ
1617 5497 2004 5568 δικαίῳίαύτού
2029 5497 2122 5548 καὶ

555 5567 728 5636 νοερῷ
768 5569 976 5636 ὄμματι
1010 5569 1336 5636 φαινόμενος
1376 5585 1388 5620 :
1423 5582 1542 5636 qua!
1579 5571 1632 5622 in
1672 5585 1773 5621 IIIS.
1813 5567 1948 5621 Maz.
1981 5570 2125 5619 desi-

551 5637 815 5689 derantur
858 5654 872 5689 :
910 5640 998 5691 ubi
1054 5649 1230 5692 tamen
1266 5654 1389 5692 mox
1423 5639 1613 5705 ingens
1661 5641 1841 5693 hiatus
1886 5657 1917 5693 υ
1953 5640 2123 5692 currit

2219 4393 2490 4462 σφραγῖδα
2522 4393 2614 4444 τοῦ
2672 4391 2852 4459 τιμίου
2884 4392 2977 4445 καὶ
3030 4391 3295 4456 ζωοποιοῦ
3343 4392 3570 4462 σταυροῦ
3621 4394 3680 4444 ὲν
3710 4396 3793 4464 τῷ

2217 4485 2497 4556 προσώπῳ
2527 4484 2800 4554 ἐποίησεν,
2832 4485 2864 4555 ἢ
2899 4483 2996 4554 τὴν
3026 4487 3208 4538 εἰκόνα
3254 4485 3346 4538 τοῦ
3391 4486 3570 4556 Ἀγίου
3601 4489 3794 4540 ἀσπά-

2213 4564 2436 4639 ⁸σοισθοιι,
2465 4577 2581 4629 ἀλλ’
2615 4579 2797 4630 ἵστατο
2827 4579 3243 4648 κεχαλασμένας
3275 4580 3412 4650 ἔχων
3437 4583 3536 4642 τὰς
3575 4583 3793 4650 χεῖρας,

2219 4672 2316 4723 καὶ
2371 4670 2625 4738 μωκίζων
2672 4672 2797 4733 τοὺς
2851 4673 3319 4742 προσευχομένους
3375 4673 3512 4742 Θεῷ.
3585 4675 3671 4735 Ὠς
3737 4677 3797 4728 δὲ

2219 4761 2442 4814 ἐτέλεσα
2473 4761 2572 4832 τὴν
2603 4760 2787 4831 εὐχὴν,
2824 4765 3124 4833 στραφεῖσα
3155 4765 3297 4832 λέγω
3327 4765 3460 4833 πρὸς
3490 4764 3652 4818 αὐτόν
3672 4781 3684 4794 ·
3727 4767 3797 4820 Τί

2220 4853 2438 4906 ἴστασαι
2480 4851 2671 4924 ὥσπερ
2702 4853 2890 4917 ζώδιον
2943 4855 3169 4926 ἄψυχον,
3221 4857 3555 4927 ταλαίπωρε,
3607 4858 3699 4910 καὶ
3735 4862 3795 4912 οὐ

2220 4950 2396 5009 ποιεῖς
2434 4946 2532 5000 κᾶν
2563 4949 2660 5017 τὴν
2703 4949 2974 5016 σφραγῖδα
3002 4950 3093 5002 τοῦ
3143 4952 3413 5004 Δεσπότου
3445 4953 3580 5004 Θεοῦ
3614 4955 3670 5003 ὲν
3714 4955 3795 5022 τῷ

2221 5039 2499 5110 προσώπῳ
2531 5056 2647 5104 σου,
2685 5038 2818 5092 ἀλλὰ
2861 5041 3140 5104 παντελῶς
3161 5042 3531 5112 ὲματαιώθης,
3566 5045 3793 5109 ἐλεεινὲ,

2223 5131 2317 5183 καὶ
2353 5130 2540 5181 ἵστασο
2575 5129 2763 5199 ὥσπερ
2812 5129 3098 5196 Ἰουδαῖος
3131 5132 3193 5183 ού
3225 5133 3380 5199 φοόεῖ
3418 5132 3480 5183 σὺ
3523 5132 3607 5184 τὸν
3634 5131 3792 5192 Θεὸν,

2224 5219 2325 5273 κᾶν
2348 5222 2473 5283 τοὺς
2495 5220 2814 5290 ἀνθρώπους
2843 5223 3182 5292 αἰσχύνθητι,
3203 5227 3295 5278 καὶ
3319 5225 3599 5296 πορευθεὶς
3624 5227 3796 5293 πράσα

2224 5313 2377 5376 ευξαι
2402 5311 2474 5374 ὡς
2504 5309 2658 5366 εἶπόν
2689 5329 2792 5367 σοι.
2835 5316 3004 5382 Λεγέι
3061 5317 3305 5378 ἐκεῖνος’
3341 5317 3456 5369 Τίνι
3493 5318 3798 5387 προσεύξο-

2229 5505 2349 5565 post
2383 5497 2481 5550 has
2514 5511 2699 5559 voces,
2736 5497 2830 5549 καὶ
2861 5496 3084 5550 ὄπισθεν
3111 5514 3173 5549 πε
3187 5497 3512 5566 ρευομὲνων,
3537 5509 3704 5562 usque
3728 5495 3797 5546 ad

2229 5563 2466 5619 int-diqu
2520 5583 2668 5620 llttlll.
2706 5567 2799 5620 191
2839 5577 2892 5619 et
2926 5570 3037 5623 lnee
3071 5563 3228 5623 verba
3261 5585 3274 5622 :
3318 5563 3413 5621 Ἓν
3459 5563 3536 5630 οἷς
3567 5570 3632 5636 τῇ
3667 5581 3799 5634 προ-

2230 5638 2321 5699 1οὲ
2336 5656 2353 5699 ς
2388 5641 2784 5699 κατανυγέντος
2816 5638 3004 5690 αὑτοῦ.
