4088 6216
400 253 493 317 337

1557 255 1730 316 V'ITA
1774 256 1835 318 S.
1880 250 2210 318 ANDREE
2254 259 2451 320 ΞΛΜ.

3530 248 3647 327 '83s

352 386 517 468 ’pat,
571 367 744 432 δείξόν
792 385 906 437 μοι.
954 367 1093 437 Ἐγὼ
1145 370 1201 423 δὲ
1247 369 1422 434 ἔδειξα
1471 372 1620 442 αὐτῷ
1664 374 1758 426 τοῦ
1810 377 1954 442 άγέον.

2075 377 2295 441 auditis,
2333 386 2648 433 exsecratus
2675 378 2970 448 imaginem
3004 393 3018 432 :
3053 377 3204 443 Qum,
3241 379 3439 449 inquit,
3473 381 3525 435 in
3559 384 3648 437 illa

389 463 667 530 μάρτυρος
697 457 798 530 τὴν
832 461 1023 528 τιμίαν
1053 461 1259 525 εἰκόνα,
1285 463 1522 530 φήσασα,
1543 463 1758 516 Ἐνθάδε
1796 469 1966 534 προσ-

385 552 560 614 ευξαι.
621 549 707 612 Ὡς
767 548 824 602 δὲ
881 550 1048 602 ταῦτα
1093 551 1346 620 ἤκουσεν,
1392 553 1707 618 scaenam
1751 557 1848 626 τὴν
1895 557 1970 609 εἰ·

390 643 546 706 κύνα,
600 643 692 696 καί
724 659 932 710 φησιν⁹
963 642 1075 696 Καὶ
1122 644 1205 707 τίς
1255 647 1287 714 ἡ
1331 645 1533 715 ταύτης
1589 646 1820 716 δύναμις
1869 666 1968 701 πε-

389 731 612 798 ρίεστιν,
656 731 848 801 ἀψύχῳ
874 731 1033 802 οὔσῃ,
1068 736 1162 787 καὶ
1191 735 1524 806 ἅναιεθήτω,
1555 739 1760 806 ματαία
1791 739 1969 809 πλάνη

398 820 505 872 τῶν
558 822 944 892 άναισϐήτων;
981 824 1044 876 Τί
1081 824 1189 893 γάρ
1238 825 1439 893 ὠφελεῖ
1490 827 1653 897 αὕτη,
1689 831 1780 881 Σοὶ
1805 831 1968 898 λέγω,

2079 468 2248 522 virtus
2279 469 2455 537 inestf,
2489 485 2612 539 quae
2641 471 2756 539 ipsa
2789 487 2911 525 cum
2946 471 3053 524 vita
3084 485 3358 539 sensuque
3392 473 3647 528 destituta

2075 558 2167 619 sit,
2199 558 2369 610 nihilo
2401 561 2648 616 saniores
2677 575 2774 614 vos
2802 559 3031 626 turpiter
3061 559 3303 628 decipit?
3333 559 3471 625 Quid
3501 567 3646 615 enim

2077 644 2344 713 profuerit
2375 646 2473 714 ipsi
2502 647 2646 701 istud
2674 667 2686 702 :
2725 648 2844 702 Tibi
2881 649 3025 711 dico,
3059 648 3261 717 paries,
3297 649 3491 717 adjnva
3527 652 3647 706 me?

2076 736 2253 804 Atque
2298 736 2384 791 his
2425 736 2588 792 dictis
2612 777 2625 801 ,
2661 748 3044 794 consternatus
3082 739 3267 794 animo
3297 739 3587 796 confestim
3619 757 3648 796 e

2079 829 2281 897 templo
2313 843 2371 883 se
2399 829 2605 883 cursim
2639 831 2863 898 recepit.

394 915 560 981 τοῖχε,
595 914 865 985 βοήθησον
902 932 1023 985 μοις
1060 916 1229 969 Τοῦτο
1263 917 1499 987 είρηκὼς
1525 921 1554 972 ὁ
1579 921 1872 983 πανάθλιος
1899 919 1992 973 καὶ
2021 918 2296 989 θροηθεὶς,
2323 919 2595 988 δρομαίως
2620 921 2718 990 τῆς
2746 921 3040 990 ἐκκλησίας
3069 920 3235 990 ἐξῄει.

455 1011 600 1077 ριιακ
645 1009 788 1076 Ἐγὼ
815 1008 872 1062 δὲ
903 1009 1201 1079 φοϐηθεῖσα
1233 1012 1331 1081 τὴν
1367 1014 1444 1075 εἰς
1469 1012 1558 1066 τὸν
1577 1014 1765 1080 Ἀγιον
1801 1013 1965 1082 βλασ-

381 1101 616 1169 φημίαν,
647 1101 905 1170 ἠρξάμην
950 1102 1292 1170 παρακαλεῖν
1321 1104 1411 1156 τὸν
1442 1105 1632 1172 Ἀγιον
1669 1106 1961 1174 φείσασθαι

380 1191 476 1245 τοῦ
512 1192 866 1263 μιαρωτάτου
893 1193 994 1260 τὴν
1022 1194 1408 1264 ἀναισθησίαν,
1445 1198 1544 1250 καὶ
1600 1197 1678 1266 μὴ
1723 1197 1960 1251 ἀποδοῦ-

381 1300 468 1337 ναι
495 1283 646 1353 αὐτῷ
675 1283 774 1354 τὴν
801 1283 1158 1354 βλασφημίαν
1189 1288 1357 1340 αὑτοῦ
1385 1305 1400 1320 ο
1431 1287 1528 1341 καὶ
1556 1288 1756 1356 αἴφνης
1779 1290 1960 1356 ἅρπαι-

381 1375 572 1442 γὲντος
599 1375 692 1428 τοῦ
724 1377 846 1441 νοός
898 1395 996 1447 μου
1027 1379 1107 1442 ὡς
1145 1380 1281 1450 πρὸς
1313 1381 1412 1450 τὴν
1444 1381 1631 1434 εἰκόνα
1676 1381 1771 1434 τοῦ
1817 1382 1956 1451 μάρ-

379 1480 562 1536 τυρος,
585 1468 769 1521 ἀκούω
790 1469 1054 1540 λεγούσης
1085 1473 1220 1542 πρός
1245 1490 1310 1541 με
1327 1490 1341 1504 ο
1377 1472 1517 1539 Ἐγὼ
1537 1473 1637 1542 μὲν
1661 1473 1956 1542 συμπαθῶ,

380 1559 498 1611 ἀλλ’
527 1561 557 1613 ὁ
595 1560 723 1624 Θεὸς
758 1562 1007 1632 ὠργίσθη
1051 1564 1221 1633 αὐτῷ,
1266 1565 1358 1618 καὶ
1390 1566 1490 1618 οὐκ
1527 1567 1778 1636 ἀνέχεται
1801 1580 1816 1594 ⁸
1856 1565 1957 1619 αὖ·

375 1667 504 1723 ριον
558 1652 665 1721 γὰρ
716 1653 970 1707 ἐκέλευσε
1025 1654 1451 1726 ριζοτομηθῆναι
1485 1656 1668 1718 αὐτὸν,
1716 1657 1803 1711 ἵνα
1835 1657 1956 1722 ἑξο-

2143 1012 2268 1066 191.
2313 1013 2423 1080 Ego
2467 1028 2615 1076 vero,
2663 1024 2884 1082 propter
2931 1017 3074 1069 illam
3118 1019 3171 1070 in
3205 1028 3452 1073 sanctum
3497 1036 3644 1075 mar-

2069 1111 2239 1173 tyrem
2273 1103 2664 1172 blasphemiam
2706 1107 2994 1171 exterrita,
3032 1111 3281 1176 precibus
3317 1112 3494 1180 ipsum
3528 1114 3644 1181 pla-

2069 1208 2198 1248 care
2234 1193 2471 1260 institui,
2501 1195 2837 1262 supplicans,
2871 1205 2928 1249 ut
2969 1199 3234 1265 parcitum
3267 1200 3492 1254 insaniae
3526 1217 3643 1255 ma-

2067 1281 2157 1335 riti
2189 1282 2368 1346 vellet,
2416 1291 2471 1337 et
2497 1285 2720 1338 meritas
2750 1299 2847 1352 pro
2890 1285 3227 1355 blasphemia
3273 1303 3462 1356 poenas
3499 1289 3640 1344 irro-

2065 1389 2194 1445 gare
2233 1375 2635 1442 supersederct,
2667 1391 2788 1431 cum
2834 1377 3040 1445 subito,
3083 1379 3304 1449 abrepta
3333 1391 3528 1446 ,ntente
3571 1383 3640 1436 ad

2065 1466 2355 1536 imaginem
2402 1470 2678 1539 martyris,
2717 1471 2800 1525 sic
2829 1487 3041 1526 mecum
3076 1473 3384 1543 loquentem
3414 1477 3637 1530 audivi:

2064 1555 2176 1626 Ego
2213 1557 2432 1628 quidem
2477 1561 2956 1617 commiseratione
3006 1565 3107 1618 viri
3154 1566 3229 1618 tui
3283 1575 3494 1636 tangor,
3543 1568 3637 1622 sed

2063 1653 2153 1720 qui
2184 1652 2284 1720 ipsi
2312 1653 2662 1708 vehementer
2688 1658 3010 1710 succensuit
3035 1656 3198 1722 Deus,
3222 1668 3424 1713 tantum
3457 1664 3640 1717 scelus

381 1741 641 1813 λοθρευοῇ
674 1745 738 1796 ἐκ
765 1745 869 1812 γῆς
893 1747 952 1798 τὸ
982 1747 1329 1816 μνημόσυνον
1355 1748 1540 1812 αὑτοῦ,
1569 1750 1662 1801 κοιλ⁵
1689 1748 1954 1816 γνώσεται

2065 1758 2171 1798 non
2222 1745 2364 1799 sinet
2403 1745 2726 1815 impunitum
2761 1765 2775 1801 :
2820 1762 2942 1802 cras
2981 1753 3125 1804 enim
3163 1751 3425 1807 radicitus
3463 1755 3638 1808 excidi

377 1833 548 1904 sui;
598 1837 846 1906 ἀσϐέστῳ
875 1839 1030 1907 πυρὶ,
1063 1838 1148 1891 ὅτι
1202 1839 1409 1909 ἀληθής
1443 1843 1589 1893 ἐστιν
1632 1842 1666 1910 η
1697 1841 1821 1907 δόξα
1846 1842 1956 1895 τῶν

378 1925 472 1979 τοῦ
500 1925 636 1980 Θεοῦ
667 1928 907 1997 γνησίων
940 1929 1113 1997 φίλων
1139 1946 1196 1985 τε
1231 1930 1322 1984 καὶ
1359 1932 1674 2002 μαρτύρων.
1708 1933 1861 1986 Μετὰ
1898 1933 1955 1985 δὲ

378 2019 481 2087 τὴν
509 2019 606 2090 τῆς
649 2018 803 2082 θείας
853 2019 1197 2091 λειτουργίας
1235 2021 1498 2076 ἀπόλυσιν
1540 2021 1690 2074 ἔνδον
1725 2024 1985 2092 γενομέ-’

383 2127 478 2180 νης
511 2127 638 2180 μου,
671 2102 830 2179 εὗρον
860 2111 1026 2164 αὑτὸν
1076 2111 1262 2182 λάϐρῳ
1310 2113 1531 2183 πυρετῷ
1578 2116 1953 2186 συνεχόμενον,

381 2204 474 2254 καὶ
501 2204 556 2254 ὲν
584 2205 651 2272 τῇ
680 2202 838 2272 κλίνῃ
877 2201 1152 2272 κείμενον,
1185 2203 1260 2266 ὡς
1308 2205 1610 2273 ἑωράκατε.
1645 2207 1815 2260 Τοῦτο
1856 2210 1960 2277 τῆς

382 2295 638 2362 γυναικὸς
684 2293 851 2348 αὐτοῦ
909 2295 1220 2365 εἰρηκυίας,
1277 2297 1478 2366 τρόμος
1535 2297 1692 2350 ἔλαϐε
1747 2299 1956 2364 πάντας

380 2387 506 2448 τοὺς
558 2388 736 2441 ἐκεῖσε
787 2387 1134 2460 εὑρεθέντας,
1177 2389 1270 2442 καὶ
1304 2389 1526 2456 ἔλεγον·
1569 2391 1776 2453 Ὄντως
1825 2390 1958 2454 Θεὸς

379 2479 442 2533 οὐ
478 2477 906 2548 μυκτηρίζεται·
951 2478 1042 2532 καὶ
1085 2479 1194 2550 γὰρ
1231 2479 1565 2549 ἀδιάψευστά
1615 2483 1752 2534 εἰσιν
1789 2482 1954 2536 αὑτοῦ

379 2573 452 2622 τὰ
479 2568 841 2639 δικαιώματα,
877 2571 972 2624 καὶ
1015 2570 1086 2622 τὰ
1117 2569 1384 2642 κρίματα,
1414 2572 1507 2624 κα)⁹
1541 2572 1703 2634 αὐτὸς
1741 2572 1956 2626 ἁποδώ-

382 2676 462 2712 σει
497 2660 712 2729 ἑκάστῳ
741 2660 882 2712 κατὰ
921 2661 990 2714 τὰ
1019 2660 1155 2729 ἔργα
1186 2661 1374 2716 αὑτοῦ.
1427 2662 1615 2715 Ταῦτα
1665 2662 1789 2732 μὲν,
1818 2665 1958 2732 ἀγα·

383 2751 567 2820 πητοὶ,
597 2751 659 2802 οὐ
694 2751 855 2820 μόνον
881 2752 988 2804 ἀπὸ
1015 2752 1106 2804 τοῦ
1141 2753 1414 2823 μακαρίου
1441 2754 1655 2806 ἐκείνου
1685 2755 1953 2822 στόματος

380 2843 475 2894 τοῦ
511 2843 733 2896 Δικαίου
764 2844 997 2912 ἤκουσα,
1030 2843 1162 2896 ἀλλὰ
1187 2844 1280 2895 καὶ⁵
1307 2843 1414 2896 ἀπὸ
1439 2843 1539 2911 τῆς
1574 2845 1830 2911 γυναικὸς
1861 2844 1953 2896 τού

379 2935 726 3006 ταλαιπώρου
766 2934 997 2989 ἐκείνου.
1044 2937 1156 2988 Καὶ
1189 2935 1298 3005 γάρ
1327 2935 1596 3003 ὠφελείας
1642 2936 1822 3006 χάριν,
1862 2937 1956 2988 καὶ

380 3026 473 3080 τοῦ
506 3027 694 3080 ἕνεκεν
739 3025 832 3080 τοῦ
863 3027 1147 3097 φοϐεῖσθαι
1191 3027 1280 3080 τὸν
1335 3026 1559 3098 Κύριον,
1593 3027 1687 3081 καὶ
1733 3027 1956 3096 φεύγειν

379 3117 466 3171 ἀεὶ
491 3118 588 3188 τὴν
619 3120 897 3189 πορνείαν,
931 3119 1028 3173 καὶ
1054 3119 1152 3188 τὴν
1187 3120 1458 3189 μοιχείαν,
1500 3121 1594 3174 καὶ
1623 3120 1722 3191 τὴν
1761 3121 1955 3190 μέῦην,

379 3210 475 3265 καὶ
507 3211 689 3274 ζητεῖν
749 3213 807 3263 ἐν
858 3211 1011 3263 νυκτί
1045 3228 1104 3263 τε
1161 3212 1252 3263 καὶ
1305 3212 1490 3281 ἡμέρᾳ
1526 3211 1624 3282 τὴν
1668 3213 1816 3280 παρὰ
1862 3212 1956 3265 τοῦ

377 3302 584 3370 Κυρίου
633 3302 911 3373 βοήθειαν,
961 3302 1056 3354 καὶ
1109 3302 1183 3372 μὴ
1235 3304 1594 3370 καταφρονεῖν
1639 3303 1747 3354 τῶν
1784 3304 1956 3370 ἁγίων

383 3393 706 3464 μαρτύρων,
767 3394 859 3446 καὶ
916 3394 1026 3446 τῶν
1077 3395 1276 3461 τιμίων
1311 3392 1576 3462 λειψάνων
1612 3395 1812 3460 αὐτῶν,
1860 3397 1955 3448 καὶ

377 3485 489 3539 τῶν
527 3487 745 3539 σεπτών
779 3486 1029 3539 εἰκόνων.

457 3677 600 3748 ριιὲἵ.
635 3677 769 3730 ﬂare
817 3677 873 3730 δὲ
927 3675 1358 3746 περιπατοῦντος
1407 3675 1502 3729 τοῦ
1552 3676 1728 3730 Ὀσίου
1769 3681 1827 3732 ἐν
1873 3681 1950 3750 τῷ

374 3770 618 3840 δημοσίῳ
648 3771 798 3839 φὸρῳ
824 3768 1050 3838 πλησίον
1101 3767 1196 3820 τοῦ
1227 3768 1424 3832 κίονος,
1455 3768 1514 3819 ὃν
1542 3770 1569 3820 ὁ
1613 3772 1670 3822 ἐν
1709 3773 1952 3840 μακαρίᾳ

373 3865 442 3932 τῇ
486 3863 678 3932 μνήμη
708 3861 1120 3922 Κωνσταντῖνος
1144 3861 1171 3912 ὁ
1203 3861 1260 3912 ἐν
1289 3860 1464 3929 ἁγίοις
1506 3860 1756 3929 βασιλεὺς
1789 3860 1950 3930 ἕστη-

373 3971 490 4019 σεν,
533 3957 590 4006 ἐν
619 3949 664 4022 ᾧ
711 3971 843 4024 φασι
872 3954 965 4007 καὶ
998 3955 1122 4015 τοὺς
1152 3952 1363 4022 τιμίους
1391 3953 1575 4022 ἥλους,
1622 3954 1746 4014 τοὺς
1788 3955 1846 4006 ὲν
1875 3953 1950 4023 τῷ

372 4047 626 4116 ζωοποιῷ
656 4047 892 4116 Χριστοῦ
925 4043 1138 4116 σώματι
1174 4045 1543 4116 ὲμπαρέντας,
1573 4047 1630 4097 ὲν
1653 4045 1729 4114 τῷ
1765 4045 1950 4100 ἐπάνω

371 4142 564 4195 τούτου
599 4141 871 4210 ἱσταμένῳ
898 4139 1179 4209 ἀνδριάντι
1213 4139 1594 4208 ἐςαιδρύνατο,
1633 4140 1766 4208 πρὸς
1791 4137 1947 4202 δόξαν

377 4234 477 4302 μὲν
506 4232 662 4295 Θεοῦ,
700 4234 910 4302 σκέπην
939 4224 1122 4286 τεκαὶ
1151 4231 1522 4300 φυλακτήριον
1555 4231 1653 4298 τῆς
1694 4230 1944 4299 βασιλευ-

374 4325 539 4394 ούσης
593 4325 821 4391 πόλεως,
858 4327 951 4378 καὶ
998 4326 1105 4379 ἰδοὺ
1152 4324 1288 4394 γυνή
1324 4340 1431 4386 τις,
1459 4321 1624 4394 τιμίῳ
1663 4323 1945 4392 Πνεύματι

2053 1834 2219 1905 jussit
2273 1837 2547 1890 hominem
2598 1837 2864 1907 impium,
2911 1850 2970 1894 ut
3001 1856 3070 1894 ne
3113 1844 3377 1898 ntcmoria
3413 1845 3634 1914 quidem

2056 1929 2177 1997 ejus
2208 1940 2426 1998 superet
2468 1929 2522 1982 in
2555 1930 2736 1998 terris,
2779 1932 3110 2002 tandemque
3146 1935 3198 1987 in
3229 1933 3449 1990 flamma
3480 1936 3637 1990 inex-

2056 2021 2361 2091 stinguibili
2394 2031 2725 2090 cognoscat,
2757 2024 2900 2078 veris
2929 2025 3017 2078 Dei
3049 2025 3244 2080 amicis
3287 2041 3350 2081 ac
3383 2028 3636 2098 martyri-

2057 2113 2160 2168 bus
2201 2127 2384 2167 veram
2433 2128 2655 2169 manere
2697 2114 2923 2185 gloriam
2958 2116 3012 2170 in
3047 2116 3223 2172 caelis.
3268 2117 3394 2172 Post
3426 2120 3544 2174 haec
3575 2120 3640 2174 ti—

2057 2200 2172 2254 uito
2200 2201 2472 2256 sacriﬁcio
2514 2203 2736 2265 divino,
2765 2203 2988 2258 domum
3024 2221 3270 2276 regressa
3305 2207 3485 2262 invei
3515 2224 3636 2264 ma-

2059 2294 2262 2357 ritum,
2299 2292 2540 2348 febribus
2566 2295 2853 2348 acerrimis
2892 2305 3223 2362 correptum,
3257 2298 3311 2351 iu
3344 2300 3516 2366 lecto;
3556 2304 3634 2356 uti

2056 2399 2156 2438 vos
2186 2399 2403 2454 quoque
2432 2400 2556 2438 cum
2589 2385 2820 2440 vidistis.
2857 2385 3008 2441 Talia
3055 2399 3314 2443 narrante
3359 2392 3458 2444 viri
3495 2408 3634 2446 uxo-

2058 2488 2135 2537 re,
2173 2485 2375 2530 tremor
2419 2476 2616 2530 invasit
2651 2462 2878 2543 omn'es,
2925 2479 3018 2547 qui
3066 2480 3310 2543 aderant,
3347 2480 3632 2536 dicentes:

2063 2564 2198 2619 Vere
2247 2563 2392 2619 Deus
2427 2581 2534 2619 non
2573 2566 2874 2631 irridetur,
2928 2569 3087 2637 cujus
3143 2569 3454 2626 infallibiles
3505 2583 3634 2628 sunt

2054 2656 2472 2725 justilicationes
2511 2665 2567 2709 et
2608 2655 2818 2726 judicia
2845 2697 2861 2722 ,
2904 2661 3172 2714 reddituri
3221 2663 3517 2732 unicuique
3545 2681 3633 2720 se-

2057 2747 2296 2799 cundum
2341 2761 2502 2814 opera
2549 2749 2693 2816 ejus.
2749 2749 2924 2818 Atque
2967 2751 3190 2818 isthaac,
3249 2753 3628 2823 dilectissimi,

2061 2853 2169 2890 non
2215 2846 2424 2891 tantum
2462 2854 2526 2892 ex
2564 2839 2722 2893 beato
2766 2842 2940 2895 sancti
2982 2844 3212 2898 Andreae
3251 2859 3385 2908 ore,
3427 2848 3522 2901 sed
3564 2861 3630 2914 ex

2061 2929 2174 2996 ipsa
2207 2946 2424 2998 quoque
2459 2931 2694 2986 hominis
2736 2933 2974 2988 defuncti
3013 2936 3242 3006 conjuge
3283 2953 3465 2991 coram
3498 2940 3630 2993 tnilti

2057 3022 2238 3074 audita
2285 3023 2438 3076 vobis
2485 3023 2777 3088 enarravi,
2829 3034 2885 3077 nt
2924 3026 3050 3079 inde
3099 3027 3343 3081 fructum
3393 3029 3629 3098 aliquem

2005 3105 2025 3122 ⁴
2060 3114 2336 3180 rapientes
2359 3152 2374 3177 ,
2409 3115 2462 3167 in
2496 3117 2692 3170 timore
2727 3117 2816 3170 Dei
2860 3118 3040 3171 vivere
3069 3121 3339 3187 pergatis;
3380 3129 3436 3172 ut
3463 3123 3631 3174 forni-

2057 3206 2364 3270 cntionem,
2408 3208 2775 3273 adulterium,
2823 3208 3197 3262 temulentiam
3247 3212 3426 3265 ubivis
3479 3212 3630 3266 loco-

2057 3311 2175 3349 rum
2231 3313 2447 3366 semper
2498 3299 2756 3369 fugiatis,
2812 3301 2991 3354 utdiu
3042 3312 3314 3373 noctuque
3365 3306 3624 3358 auxilium

2055 3391 2360 3460 implore-tis
2393 3392 2661 3456 divinum,
2711 3394 2946 3463 denique
2989 3403 3046 3448 ιιι
3098 3407 3319 3450 sanctos
3365 3410 3626 3468 martyres

2052 3496 2360 3549 eoi-umque
2407 3484 2746 3537 venerandus
2797 3484 3055 3553 reliquias
3107 3491 3160 3538 et
3205 3485 3472 3554 imagines
3518 3500 3625 3539 non

2053 3575 2391 3642 tlespiciatis.

2125 3671 2245 3724 l92.
2281 3670 2676 3726 Obambulabat
2702 3669 2995 3739 aliquando
3025 3671 3268 3726 Andreas
3295 3671 3349 3725 in
3379 3671 3500 3725 foro
3525 3687 3624 3740 pu-

2053 3763 2194 3813 ldico
2244 3771 2465 3830 propter
2515 3764 2847 3824 columnam,
2902 3779 3067 3832 quam
3127 3765 3296 3819 beata:
3348 3764 3624 3817 memoria:

2049 3851 2446 3905 Constantinus
2466 3891 2480 3914 ,
2525 3854 2818 3920 imperator
2849 3855 3232 3910 sanctissimus
3258 3896 3270 3916 ,
3334 3857 3620 3910 sublimem

2049 3945 2245 4007 erexit,
2271 3944 2689 4012 impositatnque
2745 3945 3010 3999 columnae
3057 3956 3288 4000 statuant
3322 3949 3434 4017 (92)
3463 3963 3625 4002 vene-

2050 4037 2234 4090 randis
2273 4038 2462 4098 clavis,
2497 4035 2699 4104 quibus
2733 4035 3003 4090 vivificutn
3037 4038 3239 4090 Christi
3264 4052 3464 4106 corpus
3496 4055 3625 4106 per-

2048 4143 2226 4184 tusum
2283 4128 2404 4194 fuit,
2455 4129 2654 4184 dcitur
2701 4131 3093 4196 exornavisse,
3131 4130 3195 4183 ad
3251 4131 3476 4197 gloriam
3527 4132 3621 4187 Dei

2047 4223 2532 4291 defensionemque
2573 4231 2628 4276 et
2655 4223 3121 4277 conservationem
3170 4223 3329 4289 regia:
3358 4223 3619 4279 civitatis.

2048 4313 2188 4370 Ecce
2234 4325 2410 4368 autem
2467 4314 2663 4368 mulier
2707 4315 2984 4384 qnzndam,
3023 4329 3052 4368 a
3102 4311 3304 4382 Spiritu
3341 4315 3524 4368 divino
3567 4316 3620 4368 in

374 4417 509 4470 Θεοῦ
557 4417 980 4488 φαιδρυνομένη,
1015 4419 1071 4468 ἐν
1117 4417 1373 4468 ἐκστάσει
1407 4415 1696 4485 γενομένη,
1744 4417 1947 4469 διανοι-

2056 4408 2311 4462 exstasim
2347 4419 2498 4477 rapta
2518 4447 2530 4469 ,
2586 4407 2789 4476 apertis
2817 4407 3014 4460 animae
3049 4407 3222 4460 oculis
3249 4407 3515 4476 conspicit
3545 4409 3624 4460 vi-

374 4512 578 4577 γέν-των
611 4511 720 4562 τῶν
757 4510 1005 4579 ψυχικῶν
1035 4509 1204 4578 αὐτῆς
1253 4508 1535 4577 ὀμμάτων,
1565 4510 1666 4579 ὁρᾷ
1696 4511 1786 4560 ττιν
1828 4513 1948 4564 Μα-

375 4603 565 4672 κάρων
598 4601 1004 4670 περιπατοῦντα
1033 4601 1199 4671 μέσον
1232 4603 1325 4654 τοῦ
1367 4603 1625 4674 πλήθους,
1657 4602 1729 4665 ὡς
1762 4604 1951 4656 στῦλον

374 4696 548 4763 πυρὸς
578 4694 1040 4758 ἑξαστράπτοντκ,
1084 4696 1174 4746 καὶ
1209 4694 1282 4757 ὡς
1316 4695 1522 4764 βολίδας
1552 4696 1722 4765 πυρὸς
1754 4697 1832 4758 εἰς
1863 4698 1951 4750 τὴν

373 4788 512 4854 ἀέρα
549 4785 852 4854 ἐπαφιέντκ
891 4786 988 4838 καὶ
1014 4787 1343 4852 αὐγάζοντα.
1369 4785 1522 4848 Τινὲς
1551 4787 1606 4839 δὲ
1638 4790 1810 4858 μωροὶ
1849 4789 1952 4840 ἐδί-

373 4879 534 4931 δοσαν
590 4877 738 4947 αὐτῷ
789 4880 1039 4941 κόσσους,
1079 4879 1226 4932 ἄλλοι
1281 4879 1337 4930 δὲ
1385 4879 1524 4931 κατᾶ
1576 4879 1669 4931 τοῦ
1725 4879 1947 4948 αὐχένος

376 4972 642 5022 ἔτυπτον·
685 4971 782 5021 καὶ
830 4969 1014 5022 πολλοὶ
1057 4970 1348 5040 βλέποντες
1379 4970 1539 5022 αὐτὸν
1578 4969 1945 5040 άηδιζύμενοι,

375 5062 560 5116 Eur/0v
587 5077 600 5090 ·
636 5060 830 5128 Κύριε,
862 5060 992 5128 μηδὲ
1038 5060 1234 5130 ἐχθρὸν
1264 5061 1356 5112 ἐὰν
1399 5059 1628 5129 ἔχωμεν,
1659 5062 1747 5112 ἵνα
1777 5059 1947 5123 οὕτως

374 5155 523 5224 αὐτῷ
555 5153 925 5222 συμϐέϐηκεν.
960 5153 1116 5214 Τινὲς
1151 5150 1410 5220 ζοφώδεις
1444 5153 1536 5203 καὶ
1575 5151 1801 5218 μέλανες
1829 5153 1946 5205 δαί-

376 5265 532 5315 μονες
560 5245 998 5316 ἐπακροώμενοι,
1023 5245 1247 5296 lim-503v
1276 5244 1722 5312 περιπατοῦντες,
1741 5245 1943 5313 ἔλεγον·

371 5341 478 5392 Ναὶ
513 5342 541 5392 ὁ
585 5340 714 5402 Θεὸς
749 5336 1128 5391 εἰσακοῦσεται
1161 5335 1257 5404 HT;
1305 5336 1471 5405 εὐχῆς
1525 5337 1700 5406 ὑμῶν,
1743 5338 1836 5390 καὶ
1871 5335 1947 5408 μὴ

448 5492 563 5562 (Μ)
605 5493 864 5562 Cangius,
906 5491 999 5545 lib.
1036 5488 1379 5562 t,rcap.‘9.i,
1422 5504 1587 5557 agens
1637 5491 1701 5545 de
1750 5490 1941 5559 majori

372 5558 748 5630 ad'palatium'
783 5565 923 5624 foro,
955 5561 1098 5630 quod
1137 5558 1206 5612 ab
1242 5558 1488 5628 Augusta
1523 5569 1693 5615 matre
1753 5558 1940 5630 Augu-

371 5629 564 5687 sanum
641 5633 814 5688 voluit
880 5629 1288 5685 Constantinus.
1336 5629 1642 5699 appellari,
1696 5629 1944 5688 meminit

371 5712 568 5760 crcctte
606 5704 806 5760 ibidem
844 5701 1110 5759 columna:
1153 5700 1579 5772 porphyreticze,
1625 5709 1677 5757 et
1708 5705 1936 5773 desuper

2057 4520 2176 4557 rum
2217 4505 2431 4557 beatum
2478 4516 2574 4569 per
2620 4501 2826 4555 medias
2860 4500 3210 4554 deambulare
3260 4501 3471 4567 turbas,
3514 4517 3626 4556 non

2051 4597 2213 4650 aliter
2255 4611 2415 4664 quam
2465 4595 2777 4649 columnam
2823 4594 2947 4663 igne
2993 4603 3372 4648 coruscantem
3401 4632 3414 4657 ,
3457 4605 3509 4648 et
3535 4595 3626 4664 ja-

2055 4690 2176 4743 cuia
2225 4689 2390 4756 ignita
2433 4705 2529 4757 per
2575 4701 2753 4742 acrem
2805 4687 2914 4740 late
2947 4686 3306 4741 emittentem.
3341 4688 3405 4739 At
3448 4686 3627 4740 insani

2053 4781 2274 4849 quidam
2304 4790 2466 4848 caput
2493 4779 2804 4848 collumque
2834 4780 2953 4847 ejus
2982 4779 3226 4847 colaphis
3252 4780 3467 4849 egregie
3495 4796 3626 4834 one-

2055 4874 2278 4935 rabant;
2312 4873 2452 4939 quod
2485 4871 2612 4936 alii,
2659 4873 2842 4926 tristes
2882 4883 2935 4924 et
2986 4871 3334 4940 indignantes
3359 4911 3372 4931 .
3409 4872 3627 4940 conspi-

2053 4965 2159 5017 cati
2192 4983 2207 5015 t
2245 4963 2491 5026 Domine,
2525 4963 2874 5032 inquiebant,
2908 4978 3040 5027 non,
3075 4964 3120 5017 si
3150 4979 3312 5031 quem
3345 4963 3627 5016 inimicum

2049 5055 2346 5117 habemus,
2399 5064 2504 5108 tam
2560 5055 2795 5124 indignis
2848 5069 2973 5108 cum
3023 5055 3141 5124 ipso
3185 5063 3381 5124 agatur
3425 5055 3627 5107 modis.

2050 5145 2183 5212 Qua:
2213 5147 2375 5200 verba
2424 5148 2717 5211 daemones,
2770 5147 2860 5215 qui
2905 5161 3044 5215 pone
3086 5147 3440 5200 ambulabant
3487 5154 3626 5196 ιιιηυο

2051 5241 2195 5295 brosi
2245 5240 2525 5310 nigrique,
2568 5237 2850 5292 audientes
2890 5257 2903 5291 :
2951 5238 3026 5290 lta
3077 5253 3243 5301 sane,
3287 5235 3624 5303 inquiebant,

2048 5330 2301 5385 exaudiet
2354 5345 2541 5400 preces
2615 5341 2821 5385 vestras
2872 5329 3055 5391 Deus,
3104 5344 3213 5382 non
3265 5327 3628 5380 suscitaturus

2049 5488 2316 5557 imposita:
2364 5498 2554 5542 statuae
2605 5488 2777 5556 ipsius
2833 5485 3047 5539 Helenre
3102 5504 3114 5539 :
3163 5487 3248 5540 cui
3286 5487 3626 5542 crediderim

2048 5563 2289 5614 inclusos
2334 5561 2519 5615 clavos
2561 5557 2873 5628 Dominicos
2909 5557 3109 5620 fuisse,
3151 5561 3341 5612 saitcm
3375 5574 3437 5611 ex
3475 5562 3614 5628 Vulg.

2055 5631 2373 5695 traditione,
2408 5630 2588 5700 quoad
2622 5637 2800 5683 statua
2831 5627 2920 5681 illa
2955 5630 3120 5680 stetit.
