4088 6216
355 322 453 388 841

1512 332 1686 393 VlTA
1728 334 1787 389 S.
1824 324 2154 392 'AN‘DBE/E
2195 334 2386 393 SALL

3482 337 3590 397 812

357 440 519 492 τοῦτο
549 438 657 509 γὰρ
702 440 871 509 δνομα
924 442 1089 512 αὐτῇ,
1135 442 1231 495 καὶ
1271 441 1463 512 μηδενὶ
1502 441 1633 494 αὐτὸ
1679 440 1926 512 ἐξείπῃς,

2052 446 2182 499 iulsa
2249 446 2370 499 fuit.
2423 446 2560 499 Cum
2616 456 2794 499 autem
2851 446 2925 499 illi
2975 448 3057 499 \ir
3106 455 3330 500 sanctus
3380 446 3594 500 obviam

358 533 464 594 ἓως
489 532 552 584 οῦ
581 532 928 600 διελεύσομαι
954 535 1014 587 ὲν
1042 538 1193 604 τόπῳ
1231 534 1435 605 σκηνῆς
1460 534 1785 603 θαυμαστῆς
1824 535 1929 597 ’ἐως

359 622 455 675 τοῦ
484 623 631 674 οτκου
680 623 775 676 τοῦ
823 623 981 678 Θεοῦ.
1033 625 1099 677 Ἦ
1123 625 1178 677 δὲ
1213 626 1351 695 πρὸς
1384 626 1545 679 αὑτὸν
1594 620 1747 677 εἶπεν
1771 639 1787 654 ο
1817 625 1931 677 Κα-

361 713 472 774 κῶς
503 714 563 765 οὐ
594 712 734 765 θέλω
761 730 777 745 ο
809 717 858 768 εἰ
899 716 957 769 δὲ
989 715 1082 768 καὶ
1142 716 1353 785 θελήσω
1385 718 1491 769 τινὶ
1542 713 1931 785 διηγήσασθαι,

359 805 421 857 οὐ
451 804 708 873 δύναμαι.
733 806 883 876 τίμιε
926 808 1149 879 φωστὴρ
1181 810 1277 861 καὶ
1309 808 1532 867 ὲκλεκτὲ
1562 809 1763 877 Κυρίου
1795 824 1933 859 παν-

362 895 640 963 θαύμαστε
665 912 681 928 ο
716 897 996 967 κωλύομαι
1032 899 1138 968 γὰρ
1170 899 1387 968 ἀοράτῳ
1415 898 1667 967 δυνάμει,
1694 899 1788 950 καὶ
1816 899 1929 950 είσ-

362 986 582 1055 έρχεται
639 989 840 1058 τρόμος
890 992 970 1053 είς
1034 992 1103 1043 τα
1158 993 1291 1045 ὀστᾶ
1333 1009 1459 1060 μου,
1510 990 1606 1043 καὶ
1655 992 1711 1043 ὲν
1743 991 1868 1059 ἐμοὶ
1897 990 1930 1058 ἡ

363 1078 519 1147 ἰσχύς
555 1097 658 1149 μου
689 1082 1041 1152 ταράττεται.

2034 537 2211 591 factus
2237 545 2383 591 esset
2415 537 2707 604 aliquando
2742 554 2757 590 :
2794 537 2937 592 Cave
2976 538 3089 601 sis,
3130 538 3241 601 ait,
3279 553 3310 591 ο
3362 538 3593 590 ltarbara

2037 625 2129 694 (id
2156 625 2300 679 enim
2338 626 2551 679 mulieri
2592 640 2786 679 nomen
2821 627 2995 695 erat),
3040 643 3106 681 ne
3142 628 3229 682 cui
3263 643 3385 695 quae
3417 626 3595 681 vidisti

2031 718 2292 787 mysteria
2329 717 2558 778 reveles,
2592 718 2766 772 donec
2801 733 3096 786 pervenero
3130 717 3183 771 in
3220 719 3395 771 locum
3427 720 3601 791 taber-

2036 807 2216 861 naculi
2276 806 2612 862 admirabilis
2648 845 2663 866 .
2718 824 2892 876 usque
2937 807 3003 861 ad
3050 810 3271 862 dommn
3323 807 3440 861 Dei.
3498 808 3600 864 Cui

2039 897 2279 951 vicissim
2307 896 2545 951 Barbara
2584 915 2598 950 :
2642 897 2782 952 Malo
2814 914 2933 953 meo
2958 902 3146 955 edocta
3177 909 3444 955 secretum
3486 916 3604 955 ser-

2040 1004 2142 1050 vo,
2182 990 2264 1040 vir
2308 990 2635 1051 venerande,
2688 990 2794 1044 Deo
2831 993 3032 1054 electe,
3078 1002 3134 1046 et
3172 1007 3337 1061 supra
3383 992 3603 1045 modum

2041 1079 2425 1135 admirabilis:
2462 1081 2608 1149 quod
2653 1083 2701 1137 si
2752 1083 2911 1136 etiam
2960 1084 3129 1138 libido
3172 1084 3244 1137 sit
3285 1085 3563 1137 revelamli
3589 1125 3604 1145 ,

368 1171 600 1241 [acultas
646 1189 750 1228 non
782 1174 967 1240 adest;
1006 1175 1297 1244 prohibeor
1322 1176 1465 1230 enim
1499 1177 1546 1229 vi
1615 1175 1848 1245 quadam
1887 1173 2169 1239 invisibili,
2226 1184 2460 1229 tremore
2516 1174 2749 1244 quodam
2809 1177 2996 1230 intima
3024 1192 3145 1231 ossa
3172 1192 3290 1232 mea
3312 1179 3604 1236 subeunte,

359 1265 676 1334 viribusque
705 1266 953 1335 corporis
988 1265 1389 1322 deﬁcientibm.

1755 1384 1983 1441 CAPUT
2019 1383 2204 1438 XXIV.

364 1497 753 1570 Epipltuniusa
812 1501 1096 1556 tentatione
1132 1503 1305 1556 carnis
1356 1502 1656 1558 liberatus:
1696 1506 1808 1558 visa
1850 1504 2078 1571 Deipara
2126 1517 2397 1576 protegens
2448 1507 2746 1575 populum:
2797 1509 2991 1576 impuri
3038 1509 3266 1564 hominis
3316 1510 3608 1580 hypocrisis

1868 1586 2082 1630 retecta.

438 1684 585 1760 pkg'.
618 1686 840 1749 Τούτοις
872 1692 983 1753 τοῖς
1015 1689 1326 1760 τεραστίοις
1346 1689 1441 1744 τοῦ
1474 1689 1776 1761 θαυμασίου
1810 1692 1932 1744 Ἀν-

2106 1692 2233 1749 196.
2276 1693 2413 1746 Dum
2456 1693 2656 1747 talibus
2707 1692 2938 1763 aliisque
2969 1694 3233 1765 prodigiis
3271 1694 3610 1749 admirabilis

363 1778 519 1848 δρέου
567 1777 999 1847 διαπρέποντος,
1066 1779 1268 1850 συνέϐη
1332 1780 1640 1851 Ἐπιφανίῳ
1704 1781 1938 1853 πόλεμος

364 1868 597 1939 χαλεπὸς
639 1868 738 1937 τῆς
785 1870 1040 1940 πορνείας
1060 1885 1076 1901 ⁶
1104 1870 1379 1943 φθονήσας
1410 1872 1518 1941 γὰρ
1569 1872 1721 1943 αύτῷ
1752 1873 1781 1926 ὁ
1814 1875 1937 1926 ὲπιο

366 1962 673 2031 κατάρατος
727 1961 1001 2026 Σατανᾶς,
1050 1964 1454 2035 ἑκατόνταρχον
1506 1962 1737 2034 δαίμονα
1797 1965 1930 2017 ἀπέ-

366 2053 575 2106 στειλεν
620 2052 791 2122 αὐτῷ,
842 2053 991 2117 ὅπως
1035 2057 1104 2126 τῇ
1142 2053 1287 2126 λύπῃ
1315 2054 1577 2126 ἀφανίσῃ,
1643 2054 1734 2109 καὶ
1766 2054 1938 2127 ἐξάρῃ

366 2148 429 2202 ἐκ
485 2145 587 2219 γῆς
618 2145 676 2197 τὸ
732 2145 1084 2216 μνημόσυνον
1131 2146 1322 2200 αὐτοῦ.
1364 2147 1424 2200 ὐ
1474 2142 1568 2201 οὖν
1611 2147 1934 2215 Ἐπιφάνιος

365 2241 506 2311 ἄγαν
562 2237 854 2311 διδαχθεὶς,
881 2234 1065 2307 ἀηδῶς
1114 2232 1256 2307 εἶχε,
1300 2237 1516 2308 πικρῶς
1565 2237 1943 2308 συνεχόμενος,

366 2334 462 2386 καὶ
489 2334 541 2386 τί
572 2333 767 2404 δρᾶσαι
798 2331 874 2403 μὴ
905 2332 1068 2405 ἔχων,
1118 2330 1207 2383 διὰ
1243 2331 1303 2384 τὸ
1343 2330 1745 2399 λίανηὲπελθείν
1794 2328 1944 2400 αύτῷ

366 2426 465 2477 καὶ
506 2424 922 2494 σννταράσσειν,
957 2423 1329 2495 ἀναζητήσας,
1361 2416 1491 2494 εὗρε
1539 2424 1629 2477 τὸν
1665 2424 1943 2494 μακάριον

380 2517 638 2587 ’Λνδρέαν
667 2534 681 2549 ’
730 2519 824 2571 καὶ
855 2517 1072 2571 ἅπαντα
1100 2515 1248 2587 αὐτῷ
1291 2516 1653 2585 ἀναθέμενος,
1697 2516 1946 2586 παρεκά-

367 2610 451 2664 λει
485 2609 872 2680 ἀπαλλαγῆναι
907 2610 1006 2678 τῆς
1038 2610 1242 2680 πικρᾶς
1275 2608 1589 2679 τυραννίδος
1618 2607 1716 2661 τοῦ
1760 2606 1946 2660 διαδό-

368 2705 485 2770 λου,
535 2705 630 2759 καὶ
664 2703 740 2774 μὴ
773 2703 1057 2767 παντελῶς
1100 2702 1485 2772 παροραθῆναι
1524 2699 1619 2754 τοῦ
1659 2699 1733 2771 μὴ
1770 2699 1947 2753 εἰσελ-

371 2797 485 2851 θεῖν
555 2799 635 2859 είς
686 2795 1040 2866 πειρασμόν·
1099 2793 1290 2856 δεινῶς
1338 2794 1448 2864 γὰρ
1493 2792 1649 2862 ἔλεγε
1714 2792 1947 2863 πάσχειν

370 2889 480 2942 ἀπὸ
510 2886 608 2957 τῆς
634 2885 729 2940 τοῦ
762 2886 1016 2956 δαίμονος
1042 2883 1378 2956 προσϐολῆς.

2040 1782 2269 1837 Andreae
2310 1782 2483 1837 virtus
2536 1782 2709 1853 magis
2752 1783 2803 1836 in
2858 1783 2974 1837 dies
3027 1786 3396 1853 splendescit,
3448 1801 3612 1853 grave

2044 1875 2244 1929 bellum
2290 1874 2593 1943 Epiphanio
2639 1885 2843 1929 motum
2895 1874 2996 1930 l'uit
3022 1875 3091 1929 ab
3131 1875 3514 1945 intemperanti
3553 1876 3614 1930 li-

2044 1967 2248 2023 bidine.
2287 1964 2606 2022 Maledictus
2653 1981 2888 2037 namque
2933 1966 3200 2034 Satanas,
3245 1967 3463 2023 invidia!
3511 1969 3613 2023 sti-

2043 2058 2205 2114 mulis
2250 2069 2440 2124 actns,
2491 2058 2781 2127 quemdam
2823 2073 2853 2113 e
2893 2058 3237 2113 daemonibus
3271 2054 3385 2113 Suis
3418 2070 3611 2114 centu-

2043 2150 2252 2206 rionem
2288 2151 2550 2206 adversus
2588 2149 2987 2206 adolescentem
3024 2152 3289 2214 immittit,
3320 2159 3379 2205 ut
3414 2151 3612 2206 immo—

2040 2244 2161 2301 dica
2195 2246 2316 2313 ejus
2350 2243 2590 2297 animum
2637 2242 2863 2297 tristitia
2914 2242 3071 2297 laedat
3106 2243 3537 2312 memoriamque
3584 2260 3615 2297 e

2041 2335 2203 2390 terris
2237 2332 2471 2389 auferat.
2510 2334 2687 2401 Hujus
2717 2334 2881 2403 igitur
2906 2344 3166 2404 expertus
3193 2336 3450 2404 impetum
3487 2334 3614 2403 Epi-

2040 2427 2313 2497 phanius,
2360 2427 2619 2481 maestitia
2651 2436 2703 2480 et
2749 2426 2915 2480 animi
2954 2427 3315 2481 amaritudine
3357 2426 3610 2481 conficie-

2048 2527 2241 2586 batur;
2280 2534 2513 2589 cumque
2541 2518 2675 2572 nihil
2704 2532 2892 2572 contra
2925 2518 3130 2573 validas
3162 2517 3367 2572 inimici
3391 2532 3613 2587 aggres-

2048 2611 2232 2666 siones
2262 2619 2314 2664 et
2345 2610 2785 2665 terriculamenta
2823 2608 3047 2664 haberet
3087 2607 3324 2679 praesidii
3347 2648 3362 2673 ,
3413 2607 3614 2677 reperit

2052 2701 2299 2766 tandem,
2356 2710 2644 2771 postquam
2697 2700 2788 2753 diu
2839 2702 3160 2771 quassisset,
3196 2699 3256 2752 Β.
3303 2698 3654 2779 Andream;

2049 2806 2211 2861 quem
2258 2803 2347 2854 et,
2384 2801 2570 2860 aperto
2606 2791 2760 2861 prius
2799 2792 2996 2845 anima:
3027 2792 3197 2847 totius
3235 2800 3379 2844 statu
3406 2829 3420 2853 ,
3457 2804 3613 2859 opem

2048 2880 2290 2953 ﬂagitat;
2332 2881 2585 2935 videlicet
2625 2890 2682 2935 ut
2711 2882 2903 2936 acerba
2930 2881 3196 2936 daemonis
3227 2867 3516 2953 tyrannide
3549 2879 3614 2932 li-

372 2982 631 3045 beratus,
679 2996 785 3035 non
823 2982 1197 3036 succumberet
1235 2978 1554 3045 tentationi;
1597 2993 1731 3034 neve
1764 2975 2066 3048 despiceret
2134 2990 2193 3031 se
2223 2984 2559 3045 precantem,
2611 2985 2665 3031 et
2730 2975 3084 3047 gravissimos
3148 2978 3350 3032 diaboli
3382 2977 3617 3033 insultus

375 3077 761 3131 sustinentem.

451 3169 589 3238 ριν,ζῆ
624 3169 685 3219 '0
713 3165 769 3227 δὲ
813 3163 1120 3233 Μακάριος,
1149 3165 1319 3226 ὅντως
1364 3166 1423 3216 ὲν
1470 3162 1699 3234 ἀληθείᾳ
1731 3161 1861 3229 ἡδύς
1886 3177 1944 3213 τε
1974 3168 2016 3224 C

376 3263 468 3313 καὶ
497 3257 968 3327 συμπαθέστατος,
1016 3254 1295 3322 οἰκτείρας
1342 3252 1526 3317 αὑτὸν,
1556 3253 1631 3314 ὡς
1681 3252 1773 3305 ἅτε
1811 3254 1945 3318 γνή-

378 3373 493 3407 σιον
525 3356 733 3415 τέκνον,
768 3350 921 3419 λέγει
951 3350 1088 3419 πρὸς
1119 3348 1283 3401 αὐτόν
1313 3363 1326 3376 ·
1353 3349 1556 3400 Τέκνον
1585 3346 1945 3414 γλυκύτατον,

377 3450 608 3516 ἔπαρσις
657 3447 789 3514 ἡμῖν
831 3442 1067 3510 ἐγένετο,
1114 3441 1211 3493 καὶ
1239 3439 1322 3492 διὰ
1363 3438 1518 3491 τ-ιῦτο
1551 3438 1792 3506 ἀπελύθη
1829 3436 1950 3490 καθ’

378 3538 534 3607 ἡμῶν
563 3537 590 3587 ὁ
614 3536 847 3604 δράκων,
879 3534 1023 3592 ὅπως
1061 3530 1380 3598 γνωσόμεθα
1414 3530 1513 3596 τὴν
1552 3527 1759 3582 ἑαυτῶν
1796 3528 1949 3579 εὐτέ-

377 3632 528 3680 λειαν
555 3642 566 3655 ·
600 3628 692 3679 καὶ
738 3624 818 3676 ὅτι
863 3622 1014 3674 οὐδὲν
1063 3623 1207 3673 ἐστιν
1247 3623 1279 3687 ἡ
1312 3621 1459 3687 ἰσχὺς
1490 3617 1645 3687 ἡμῶν
1687 3617 1823 3686 πρὸς
1856 3613 1951 3683 τὴν

381 3720 645 3788 πονηρίαν
674 3716 766 3768 τοῦ
796 3716 1034 3776 Σατανᾶ,
1069 3712 1202 3763 ἀλλὰ
1228 3711 1288 3762 τὸ
1310 3712 1415 3763 πᾶν
1439 3708 1534 3761 τοῦ
1561 3706 1791 3776 φοῦεροῦ
1817 3705 1949 3757 Θεοῦ

382 3815 552 3873 ἐςτιν,
594 3810 698 3861 εἴτε
730 3808 875 3873 νίκη,
939 3806 1046 3856 εἴτε
1094 3801 1303 3869 ἀνδρία,
1355 3802 1461 3853 εἴτε
1514 3797 1812 3867 προσευχὴ,
1843 3795 1951 3846 εἴτε

382 3904 626 3974 νηστεία,
663 3901 770 3953 εἴτε
801 3898 985 3967 ἕτερον
1024 3894 1220 3963 εὑρεθῇ
1265 3894 1320 3944 ὲν
1352 3894 1502 3960 ἡμῖν,
1538 3889 1715 3942 πάντα
1755 3886 1955 3953 δωρεαὶ

383 4000 657 4067 πεφύκασι
698 3991 808 4065 [τοῦ
844 3988 1049 4057 ἀγαθοῦ
1076 3987 1210 4040 Θεοῦ
1243 3989 1371 4055 ἡμῖν
1394 4001 1407 4014 ’
1448 3984 1607 4045 αὐτὸς
1639 3981 1748 4050 γὰρ
1777 3975 1952 4040 εἷπεν,

388 4096 468 4147 ὅτι
496 4110 513 4142 ι
530 4092 693 4142 ’Ἄνευ
712 4084 842 4154 ἐμοῦ
868 4084 1097 4135 δύνασθε
1115 4082 1286 4133 ποιεῖν
1303 4077 1479 4130 οὐδέν·
1497 4095 1515 4125 ι
1547 4075 1638 4128 καὶ
1654 4075 1734 4126 ὅτι
1759 4091 1777 4122 ι
1803 4073 1956 4124 Πᾶσα

380 4180 693 4248 δικαιοσύνη
726 4175 1014 4246 ἀνθρώπου
1055 4174 1128 4234 ὡς
1170 4172 1336 4240 ῥάκος
1365 4166 1788 4236 ἁποκαθημένης
1822 4163 1958 4216 ἐνὼ-

389 4295 510 4330 πιον
538 4274 741 4342 Κυρίου
762 4269 871 4338 (95)
887 4266 956 4338 ›].
980 4265 1095 4319 Νῦν
1121 4261 1233 4326 οῦν,
1256 4262 1440 4314 τέκνον
1468 4276 1593 4330 μου,
1616 4257 1724 4325 ἐγὼ
1746 4255 1959 4308 διατάτο

387 4366 550 4436 τομαί
578 4382 680 4425 σοι,
718 4360 812 4414 καὶ
839 4360 872 4427 ἡ
919 4355 1134 4425 ὑπακοή
1174 4370 1273 4422 μον
1304 4352 1462 4423 ἔργον
1514 4349 1735 4403 ἁνύσει·
1772 4347 1959 4415 αῦριον

392 4460 500 4525 γὰρ
531 4452 881 4522 πορευθῶμεν
922 4450 979 4499 ὲν
1014 4445 1091 4512 τῷ
1126 4443 1236 4513 ναῷ
1274 4444 1431 4509 ἁγίου
1479 4441 1752 4510 μάρτυρος
1796 4438 1961 4490 Ἀκα-

2122 3157 2245 3212 197.
2284 3156 2531 3212 Andreas
2576 3166 2755 3209 autem
2781 3195 2796 3215 .
2838 3171 2962 3211 vere
3008 3158 3219 3216 beatus.
3270 3175 3393 3214 vere
3433 3161 3617 3216 suavis

2053 3258 2105 3302 et
2138 3248 2471 3306 misericors.
2510 3245 2870 3317 Epiphanium
2894 3287 2908 3311 ,
2950 3263 3056 3302 non
3092 3264 3249 3302 secus
3280 3265 3440 3318 quam
3491 3266 3615 3320 pro-

2055 3342 2230 3409 prium
2264 3340 2430 3394 ﬁlium
2464 3340 2775 3401 miseratus,
2809 3338 2887 3403 ita,
2914 3340 3203 3409 alloquitur
3232 3360 3245 3395 :
3280 3341 3618 3397 Charissime

2056 3430 2171 3493 tili,
2235 3440 2517 3500 propterea
2577 3431 2719 3500 quod
2769 3432 2950 3486 animo
3007 3431 3132 3485 elati
3169 3430 3393 3497 fuimus,
3442 3435 3619 3502 erupit

2054 3531 2239 3574 contra
2300 3536 2399 3577 nos
2438 3523 2603 3576 draco
2642 3522 2919 3576 infernalis
2973 3532 3032 3576 ut
3072 3524 3282 3593 cognita
3325 3525 3620 3594 exiguitate

2056 3624 2241 3666 nostra
2270 3653 2285 3677 ,
2338 3612 2733 3675 coniiteamur,
2783 3614 2958 3668 nullas
3000 3628 3119 3667 esse
3170 3615 3312 3667 vires
3360 3624 3573 3670 nostras
3602 3656 3613 3678 ,

2056 3702 2101 3757 si
2144 3718 2267 3757 cum
2325 3702 2657 3771 nequissimo
2686 3700 2886 3755 Satana
2927 3703 3342 3773 depugnandum
3380 3704 3485 3767 sit,
3523 3705 3622 3759 sed

2056 3796 2239 3848 omnia
2274 3774 2578 3847 admirabili
2638 3794 2746 3846 Deo
2781 3804 2966 3848 nostro
3026 3804 3246 3865 accepta
3300 3795 3489 3850 referri
3522 3796 3620 3849 de-

2058 3887 2219 3950 bere;
2255 3887 2367 3940 sive
2400 3886 2543 3938 enim
2572 3886 2853 3939 vincamus
2891 3887 3102 3942 hostem
3125 3926 3140 3946 ,
3176 3902 3268 3941 seu
3303 3889 3622 3943 resistamus

2060 3975 2308 4039 viriliter,
2340 3988 2436 4027 seu
2468 3972 2830 4037 orationibus,
2863 3974 3108 4042 jejuniis,
3149 3975 3337 4029 aliisve
3365 3977 3470 4044 piis
3497 3992 3625 4045 ope-

2061 4065 2212 4119 ribus
2239 4078 2525 4130 vacemus,
2567 4064 2747 4118 omnia
2782 4062 3157 4134 benignissimi
3189 4064 3278 4118 Dei
3309 4067 3476 4119 nostri
3510 4083 3628 4120 mu—

2063 4172 2165 4209 nus
2216 4165 2361 4210 sunt.
2396 4156 2511 4224 Ipse
2534 4156 2677 4209 enim
2704 4154 2839 4208 dicit
2867 4176 2878 4209 :
2908 4174 2926 4206 ι
2963 4154 3091 4209 Sine
3140 4171 3224 4210 me
3271 4157 3402 4209 nihil
3474 4168 3628 4227 pote-

2064 4250 2164 4300 stis
2193 4247 2367 4302 iacere
2393 4247 2474 4311 ‘9;
2510 4265 2528 4298 ι
2560 4256 2633 4309 et,
2660 4266 2677 4298 ι
2701 4246 2888 4301 Omnis
2916 4245 3120 4315 iustitia
3149 4245 3386 4300 hominis
3408 4256 3465 4300 ut
3492 4262 3627 4315 pan-

2065 4353 2171 4391 nus
2198 4346 2543 4391 menstruales
2568 4351 2749 4391 coram
2786 4336 3016 4390 Domino
3043 4348 3123 4390 est
3145 4338 3210 4390 '°.
3238 4354 3258 4388 ›
3280 4335 3627 4407 Nnncigitnr,

2069 4430 2138 4483 (ili
2175 4430 2286 4491 mi,
2341 4428 2591 4497 praecipio
2640 4427 2771 4491 tibi,
2803 4436 2857 4481 et
2895 4428 3199 4481 nbedientia
3233 4438 3322 4482 tua
3379 4427 3626 4482 eli‘ectum

542 4506 614 4597 ὲνι
633 4544 711 4612 τῷ
760 4506 1119 4604 ’ὲπτασκάλῳ
1147 4506 1283 4605 (Dii),
1320 4506 1498 4584 εκεῖσε
1528 4506 1637 4598 γὰρ
1667 4506 1950 4593 ἕλεύσοίιαι

2064 4522 2235 4587 dabit,
2297 4532 2353 4575 ut
2394 4523 2513 4574 luce
2558 4522 2793 4575 crastina
2835 4520 2901 4573 ad
2950 4535 3162 4574 sacram
3214 4521 3389 4576 sancti
3446 4521 3626 4575 Acacii

391 4637 550 4705 κάγὼ
606 4634 876 4703 πνεύματι
926 4630 1058 4699 πρὸς
1108 4627 1287 4687 αὑτὸν,
1330 4625 1424 4675 καὶ
1454 4622 1638 4674 λοιπὸν
1662 4616 1958 4687 ἀμφότεροι

388 4725 767 4798 δεηθησόμεθα
816 4722 951 4792 μετά
992 4716 1204 4786 πικρῶν
1235 4711 1504 4782 δακρύων,
1540 4714 1686 4771 ὅπως
1721 4708 1958 4776 συντύχῃ

393 4822 519 4889 περὶ
557 4818 746 4869 τούτου
794 4812 871 4882 τῷ
906 4806 1274 4878 φιλανθρώπῳ
1317 4806 1412 4856 καὶ
1463 4800 1652 4870 ἀγαθῷ
1699 4800 1962 4869 Δεσποτῃ.

393 4909 503 4963 Καὶ
526 4903 639 4959 οἶδα
662 4906 742 4957 ὅτι
775 4903 873 4954 οὐκ
913 4898 1175 4966 ἁποτύχει
1198 4897 1226 4947 ὁ
1266 4892 1685 4965 μεγαλομάέιτυς
1713 4890 1846 4961 πρὸς
1876 4889 1968 4940 τὸν

383 5001 596 5069 ’Κύριον
626 4997 713 5049 διὰ
762 4994 860 5064 τὴν
892 4990 1150 5060 γενναίαν
1183 4987 1413 5056 ἄθλησιν
1446 4985 1541 5038 καὶ
1579 4982 1669 5034 διὰ
1699 4981 1760 5034 τδ
1790 4982 1969 5050 τίμιον

392 5084 554 5159 αἷμα,
584 5088 611 5140 ὃ
654 5086 793 5155 ὑπὲρ
821 5087 919 5153 τῆς
966 5081 1190 5149 ἀγάπης
1233 5075 1399 5131 αὐτοῦ
1437 5074 1730 5145 προθύμως
1764 5072 1964 5139 ἐξέχεε,

393 5183 485 5233 καὶ
513 5180 719 5247 γίνεται
746 5174 901 5246 ἡμῶν
926 5174 987 5226 τὸ
1009 5168 1346 5240 καταθύμιον
1371 5167 1503 5239 παρ’
1532 5164 1697 5218 αὑτοῦ
1723 5165 1816 5217 καὶ
1839 5164 1969 5215 ἁνα-

468 5356 516 5388 ⁸⁸
546 5354 707 5413 Joan.
739 5368 826 5420 xv,
860 5354 912 5407 5.
988 5352 1036 5384 ’θ
1077 5350 1179 5404 Isa.
1209 5362 1356 5411 LXIV,
1384 5345 1441 5401 6.

468 5513 584 5599 (95.5)
627 5511 732 5596 ξιξ,
759 5508 1087 5574 Vatic.,xal
1116 5509 1150 5575 ἡ
1190 5499 1680 5621 προθυμεαᾶμῶν.
1892 5568 1902 5578 ⁸

468 5586 579 5621 tum
620 5586 831 5621 Lam...-
882 5589 1105 5621 sanatus
1154 5577 1383 5621 Aeacius
1432 5587 1448 5620 ι
1544 5585 1611 5621 an
1661 5584 1690 5621 a
1734 5566 1902 5621 Gra‘CI

379 5584 392 5607 ‘
466 5566 582 5652 i965
620 5566 1105 5652 Coliturﬂsanetus
1138 5566 1452 5652 tAt-a'cius'i
1482 5566 1611 5652 Maii
1656 5584 1690 5646 .a
1734 5566 1958 5652 Grafcis.

394 5671 422 5706 ι
458 5641 665 5707 Latinis
692 5656 723 5706 8
760 5650 883 5705 Maii
917 5667 930 5700 :
968 5650 1034 5701 de
1065 5648 1225 5712 cujus
1255 5643 1307 5694 in
1341 5642 1441 5693 ista
1470 5641 1703 5712 ecclesia
1732 5651 1963 5712 corpore

399 5730 521 5776 vide
559 5738 680 5792 quae
731 5725 797 5774 ad
838 5721 980 5771 hunc
1028 5707 1168 5771 diem
1222 5712 1457 5766 diximus
1486 5752 1497 5773 ,
1557 5719 1607 5761 et
1663 5707 1964 5775 Cangium,

720 5824 987 5879 ιἈτιιυι..
1036 5814 1152 5871 (in.
1199 5806 1360 5871 CXI.

2070 4614 2322 4683 martyris
2353 4612 2521 4666 :edem
2557 4613 2610 4666 in
2639 4613 2956 4681 Ileptascalo
2981 4628 3194 4682 pergas,
3231 4628 3338 4681 quo
3365 4620 3417 4667 et
3445 4628 3544 4682 ego
3574 4613 3628 4666 in

2068 4703 2260 4770 spiritu
2288 4703 2524 4765 veniam,
2554 4702 3085 4771 supplicabimusque
3112 4702 3274 4755 ambo
3304 4717 3427 4757 cum
3457 4702 3634 4771 lacry-

2066 4794 2171 4848 mis
2200 4801 2393 4848 sancto
2425 4793 2690 4861 martyri,
2736 4802 2794 4843 ut
2828 4794 2969 4859 quod
3019 4811 3047 4848 a
3105 4809 3190 4848 me
3241 4794 3381 4862 petis
3428 4794 3633 4847 bench-

2066 4886 2207 4936 cium
2237 4923 2252 4947 ,
2306 4883 2421 4951 ipse
2452 4882 2546 4936 tibi
2599 4883 2667 4934 ab
2700 4880 2903 4949 optimo
2933 4883 3208 4950 nostrique
3251 4880 3631 4937 amantissimo

2066 4976 2297 5029 Domino
2329 4981 2713 5044 consequatur.
2746 4972 2975 5035 Constat
3002 4988 3128 5027 vero
3162 4974 3291 5028 mihi
3316 5014 3332 5037 ,
3374 4988 3627 5042 magnum

2067 5069 2212 5122 hunc
2266 5076 2557 5137 martyrem
2612 5065 2880 5133 repulsam
2934 5078 3043 5118 ‘non
3104 5064 3240 5120 ferre
3277 5081 3305 5119 a
3359 5064 3627 5125 Domino,

2068 5159 2193 5229 quia
2213 5172 2475 5227 generoso
2492 5154 2793 5210 certamine
2813 5157 3107 5224 pretiosum
3130 5156 3446 5226 sanguinem
3468 5169 3626 5207 suum

2064 5492 2161 5547 lib.
2194 5506 2269 5555 tv,
2300 5505 2424 5561 cap.
2455 5491 2510 5555 6,
2551 5507 2605 5543 n.
2637 5490 2692 5544 ἓ.
2732 5490 3090 5561 lleptasralon
3116 5502 3283 5561 vero,
3322 5486 3458 5542 alias
3484 5502 3632 5561 voce

2066 5571 2323 5630 corrupta
2349 5559 2671 5622 l’aschalon,
2701 5558 2824 5614 erat
2858 5564 2911 5614 in
2948 5577 2984 5630 χ,
3009 5558 3157 5612 urbis
3194 5559 3449 5628 liegione,
3478 5559 3631 5628 juxta

2068 5629 2293 5696 Navale,
2325 5632 2398 5684 uti
2438 5632 2610 5685 habes
2642 5632 2733 5682 lib.
2770 5647 2810 5695 ι,
2838 5646 2888 5683 c.
2922 5629 3010 5695 17,
3040 5645 3188 5682 llllttl.
3224 5631 3278 5687 τὶ.

3124 5794 3191 5851 27
