4088 6216
367 365 478 429 845

1541 370 1719 431 VITA
1762 372 1826 432 S.
1865 373 2201 432 ANDBEJ“.
2236 373 2425 433 SAL].

3520 367 3633 432 846

367 475 532 530 αὐτὸν
574 475 668 529 τοῦ
707 474 1030 545 ἐπιταχῦναι
1059 477 1155 548 τὴν
1183 477 1390 549 δέησιν.
1423 479 1572 531 Θέλω
1602 482 1730 550 γὰρ,
1772 497 1932 550 μεγα-

2061 482 2208 537 iesiit
2243 499 2256 536 :
2295 491 2343 535 et
2392 479 2731 550 Epiphanius
2771 476 3102 548 singularem
3136 474 3310 530 sancti
3364 479 3627 548 martyris

372 569 650 638 λομὰρτυς
679 568 776 620 τοῦ
803 568 1040 638 Χριστοῦ
1069 571 1415 640 ἡγαπημένε,
1445 572 1534 625 ἵνα
1571 572 1632 624 τὸ
1655 575 1763 626 πᾶν
1796 574 1957 643 μέχρι

372 659 728 731 μεσονυκτίου
761 662 1082 731 κατεργάσῃ
1119 661 1199 732 τῷ
1223 661 1400 732 δούλῳ
1427 679 1546 724 σου,
1591 666 1685 716 καὶ
1711 665 1837 716 εἱδῶ
1860 683 1955 718 σου

367 752 433 805 τὸ
454 746 794 819 γλυκύτατον
835 755 1148 822 πρόσωπον,
1193 754 1300 807 κᾶν
1323 755 1382 806 ἐν
1417 755 1606 824 ὁράσει
1651 755 1754 825 τὴν
1783 756 1956 825 χαρὰν

373 846 461 897 καλ
495 843 593 912 τὴν
627 843 908 912 ἀντίληψιν
938 843 1184 914 κομίξων
1216 861 1329 914 μοι.
1370 846 1554 899 Ταῦτα
1595 847 1834 918 εἰρηκὼς
1863 849 1957 902 καὶ

370 935 763 1004 ἀσπασάμενος
789 937 888 1005 τὴν
920 937 1096 1008 θήκην
1125 937 1220 989 τοῦ
1254 939 1554 1008 μάρτυρος,
1583 939 1954 1010 ἀνεχώρησεν.

2055 574 2196 642 apud
2248 571 2415 625 Deum
2460 570 2755 638 potentiam
2808 569 3144 630 admiratus,
3188 567 3528 635 supplicabat
3579 569 3630 624 ci

2056 666 2272 731 denuo,
2310 674 2367 717 ut
2394 673 2642 717 votorum
2676 676 2904 717 suorum
2935 673 3161 728 compos
3189 657 3374 721 ﬁeret,
3407 658 3630 712 dicens:

2057 757 2247 824 Magne
2281 768 2487 828 martyr
2516 766 2570 811 et
2600 757 2830 810 multum
2861 755 3082 810 Christo
3113 755 3338 816 dilecte,
3390 769 3524 824 rogo
3558 762 3631 816 te,

2058 859 2114 903 ut
2158 850 2580 918 pollicitationes
2629 857 2749 902 tuas
2804 856 2932 902 ante
2966 847 3142 902 noctis
3178 849 3414 901 medium
3451 846 3636 901 solvas

2058 940 2189 995 mihi
2245 939 2451 992 famulo
2502 949 2634 1002 tuo,
2695 951 2748 993 et
2803 939 3180 994 dulcissimam
3237 938 3430 994 faciem
3481 947 3630 992 tuam

371 1024 662 1079 videndam
721 1024 1029 1089 exhibeas,
1084 1025 1218 1080 mihi
1277 1028 1468 1081 saltem
1531 1045 1629 1097 per
1686 1029 1954 1083 visionem
1996 1030 2276 1100 suppetias
2337 1029 2539 1085 ferens.
2591 1029 2768 1099 Atque
2805 1032 2919 1085 inec
2984 1040 3275 1098 precatus,
3325 1039 3378 1085 et
3420 1045 3632 1085 sacram

371 1119 632 1190 martyris
657 1132 879 1187 capsam
907 1127 1201 1174 veneratus
1221 1161 1234 1186 ,
1271 1134 1302 1173 c
1332 1121 1532 1188 templo
1565 1122 1840 1176 discessit.

442 1213 508 1266 α’.
555 1212 645 1277 Ὠς
674 1213 733 1266 δὲ
777 1211 950 1284 εἰσῄει
993 1214 1054 1266 ἐν
1091 1214 1172 1284 τῷ
1232 1216 1452 1269 κοιτῶνι
1496 1215 1685 1276 αὐτοῦ,
1739 1216 1951 1269 ἐτέλεσε

369 1307 470 1377 τὴν
499 1307 728 1376 ὲννάτην
757 1305 906 1376 ὥραν
939 1306 1038 1376 τῆς
1085 1308 1299 1371 νυκτὸς,
1335 1309 1430 1360 καὶ
1458 1308 1652 1379 μικρδν
1692 1306 1953 1377 ὰφυπνώ-

374 1416 590 1463 σαντος,
616 1399 718 1470 ὁρᾷ
740 1398 946 1462 εὐθέως
972 1399 1125 1470 ὄχλον
1147 1401 1270 1452 τινὰ
1296 1403 1594 1454 ἐπιστάντα
1622 1400 1770 1468 αὐτῷ
1794 1401 1850 1451 ἐν
1875 1398 1955 1467 τῷ

372 1489 592 1543 κοιτῶνι
624 1488 791 1542 αὐτοῦ
834 1487 1224 1558 λευκοφὸρους,
1267 1491 1364 1542 καὶ
1395 1490 1573 1559 ἕτεροι
1619 1489 1952 1561 ἀληθινὰῌ)

376 1579 688 1652 φοροῦντες
712 1579 877 1649 μέσον
890 1579 946 1633 δὲ
969 1578 1150 1632 αὐτῶν
1172 1582 1200 1633 ὁ
1223 1581 1432 1650 μάρτυς
1464 1581 1739 1646 'Axixtog,
1763 1579 1912 1633 ὥσπε
1923 1597 1952 1651 ρ

377 1673 723 1744 μαργαρίτης
747 1671 1095 1742 ἀστράπτων,
1119 1673 1240 1725 νέου
1271 1673 1602 1743 φαιδρότητα
1630 1674 1820 1744 ἔχοντα
1839 1672 1955 1742 ὴλί-

2130 1209 2255 1265 Ξθθ.
2314 1208 2412 1263 Ubi
2453 1225 2581 1264 vero
2617 1219 2739 1279 post
2779 1211 2892 1264 haec
2927 1210 3151 1265 domum
3203 1225 3552 1281 regressus,
3580 1215 3637 1270 in

2059 1303 2226 1360 cubili
2259 1318 2320 1358 se
2355 1305 2783 1371 composuisset,
2825 1313 2880 1356 et
2914 1319 3059 1356 nona
3099 1303 3370 1372 persoluta
3395 1343 3410 1368 ,
3442 1305 3638 1363 leniter

2060 1394 2520 1457 indormisceret,
2581 1393 2866 1462 conspexit
2926 1393 3071 1448 illico
3116 1404 3298 1450 astare
3340 1395 3482 1451 lecto
3535 1413 3639 1454 suo

2059 1485 2276 1540 turbam
2320 1484 2594 1552 geminam
2625 1526 2640 1549 ,
2694 1484 2855 1539 aliam
2888 1486 3145 1552 candidi,
3182 1487 3343 1542 aliam
3381 1489 3502 1545 ﬂavi
3540 1505 3638 1546 co-

2058 1578 2191 1631 loris
2239 1585 2418 1633 vestes
2459 1579 2705 1632 indutam
2757 1595 2772 1632 :
2827 1593 3060 1647 quorum
3122 1580 3362 1635 medium
3416 1592 3639 1639 sanctus

2060 1670 2290 1725 Aeacius
2337 1669 2619 1724 obtinebat
2675 1669 2855 1723 locum
2886 1706 2902 1731 ,
2953 1670 3128 1724 instar
3161 1671 3384 1728 unionis
3423 1672 3637 1743 fulgen-

373 1782 507 1832 κων,
541 1766 635 1818 καὶ
682 1765 781 1834 τὴν
817 1766 916 1834 μὲν
953 1763 1203 1832 γενειάδα
1256 1764 1458 1833 ἀρτίως
1510 1765 1955 1830 καταστέφουσαν

2062 1764 2296 1827 tissimi,
2328 1762 2558 1832 juvenili
2609 1762 2903 1818 admodum
2952 1762 3271 1833 ﬂorentique
3302 1771 3464 1819 astate
3506 1781 3638 1821 con-

371 1860 466 1910 τὸν
496 1858 676 1926 τίμιον
702 1855 960 1923 πώγωνα,
994 1856 1086 1908 καί
1111 1872 1246 1926 φησι
1304 1857 1441 1926 πρὸς
1464 1859 1555 1908 τὸν
1591 1856 1908 1925 Ἐπιφάκιον
1933 1872 1947 1886 ο

377 1951 622 2004 Ἤκουσα
651 1952 747 2020 τῆς
780 1951 961 2019 φωνῆς
993 1966 1110 2015 σου,
1139 1950 1234 2002 καὶ
1263 1944 1416 2001 εἷπον
1445 1949 1522 2018 τῷ
1551 1949 1797 2020 Δεσπότῃ
1827 1949 1954 2019 περὶ

373 2041 433 2095 οὗ
468 2041 694 2111 ἐδεήθης
729 2058 839 2109 μοι,
893 2041 989 2094 καὶ
1030 2041 1220 2110 εἴρηκέ
1260 2057 1350 2109 μοι
1399 2039 1621 2109 ποιῆσαι
1675 2041 1813 2110 μετὰ
1856 2040 1950 2092 σοῦ

371 2136 472 2188 ὅσα
513 2133 582 2186 ἂν
604 2134 884 2202 βούλωμαι
909 2149 924 2164 ⁸
954 2134 1049 2185 καὶ
1098 2132 1166 2185 δι’
1198 2133 1331 2201 ἐμοῦ
1367 2134 1396 2184 ὁ
1449 2133 1652 2201 Κύριος
1700 2133 1953 2202 βοήθειαν

374 2226 607 2296 παρέχει
636 2241 739 2288 σοι,
787 2219 884 2277 οἷαὶ
913 2224 1106 2294 πτήξει
1132 2225 1160 2276 δ
1204 2222 1404 2274 θλίΰων
1433 2239 1493 2275 σε
1530 2221 1769 2293 δράκων.
1811 2221 1874 2277 '0
1895 2224 1952 2276 δέ

375 2335 578 2390 φησιν·
632 2317 737 2370 Ναὶ
763 2359 778 2384 ,
824 2317 982 2387 κύριε
1021 2333 1145 2385 μου.
1187 2318 1296 2370 Καὶ
1351 2316 1555 2380 εὐθέως
1597 2317 1699 2386 ὁρᾷ
1760 2316 1952 2380 σκεῦος

375 2409 613 2482 χρυσοῦν
648 2409 1011 2480 προσενεχθὲν
1047 2409 1214 2479 αὐτῷ,
1240 2407 1361 2478 ἔχον
1387 2408 1602 2470 εἰκόνας
1633 2406 1952 2479 [τέσσαρας,

377 2503 510 2572 μίαν
548 2499 668 2573 μὲν]
701 2502 795 2554 τοῦ
825 2501 1094 2554 Δεσπότου
1131 2491 1387 2569 Χριστοῦ,
1417 2499 1586 2564 ἄλλην
1627 2499 1726 2568 τῆς
1759 2499 1952 2552 Θεοτό-

373 2612 498 2656 κου,
529 2592 869 2664 ἑκατέρωθεν
896 2592 951 2645 δὲ
980 2591 1258 2663 Χεραυὸὶμ
1285 2594 1382 2643 καὶ
1405 2589 1686 2660 Σεραφίμ·
1719 2589 1866 2642 ἔνδον
1895 2592 1954 2642 ἐν

373 2685 450 2757 τῷ
484 2687 668 2741 σκεύει
703 2682 840 2747 εἶδός
889 2700 942 2736 τι
972 2684 1044 2747 ὡς
1095 2681 1430 2754 π’δρῤακίζον
1465 2681 1542 2752 (‘2)
1578 2679 1777 2744 εὐῶδες
1823 2683 1953 2750 σφοο

374 2781 501 2851 δρα.
533 2781 638 2832 Καὶ
664 2777 851 2848 ὥσπερ
880 2780 936 2830 ὲν
975 2778 1278 2847 ἁγιάσματι
1306 2778 1464 2830 τοῦτο
1499 2777 1658 2846 μίξας
1691 2778 1783 2830 καὶ
1817 2776 1953 2829 x16:-

377 2886 498 2937 σας,
536 2871 738 2925 δέδωκε
779 2871 855 2940 τῷ
893 2870 1194 2939 Ἐπιφανίῳ
1238 2867 1475 2939 εἰρηκὼς
1527 2867 1678 2938 αύτῷ
1703 2885 1716 2899 ·
1748 2869 1952 2940 Εἰρήνη

375 2981 483 3029 σοι,
537 2966 630 3018 καὶ
678 2962 989 3033 ἀνεχώρησε
1045 2963 1142 3015 σῦν
1180 2965 1330 3034 πάσῃ
1376 2964 1442 3031 τῇ
1501 2962 1715 3032 συνοδίᾳ
1767 2961 1950 3017 αὑτοῦ.

377 3054 648 3118 Σπασθεὶς
677 3051 791 3120 οὖν,
824 3054 1054 3118 ἔξυπνος
1098 3055 1331 3121 ἐγένετο,
1366 3054 1462 3106 καὶ
1509 3058 1850 3125 κατανοήσας
1891 3057 1956 3108 τὰ

375 3147 646 3218 ὁραθέντα
673 3147 845 3216 αὐτῷ,
873 3141 1000 3217 εὗρε
1027 3146 1087 3198 τὸ
1107 3132 1288 3214 ἐστόμα
1319 3145 1485 3199 αὐτοῦ
1509 3145 1584 3209 ὡς
1612 3147 1732 3211 μέλι
1755 3146 1951 3215 γλυκὺ,

378 3241 474 3293 καὶ
504 3239 748 3301 ἐκτείνας
779 3239 876 3308 τὴν
923 3239 1080 3307 χεῖρα
1107 3235 1272 3290 αὐτοῦ
1301 3237 1437 3306 πρὸς
1477 3237 1539 3290 τὸ
1579 3237 1710 3307 ῦψος
1741 3236 1833 3292 τοῦ
1861 3240 1954 3292 ού-

379 3331 569 3401 ρανοῦ,
608 3332 1006 3401 ἀπευχαριστεί
1033 3327 1113 3398 τῷ
1147 3327 1266 3398 Θεῷ
1307 3327 1385 3397 τῷ
1417 3328 1720 3399 οἰκτίρμονι
1749 3331 1840 3382 καὶ
1873 3331 1955 3400 τῷ

378 3427 520 3496 ἁγίῳ
544 3426 782 3497 μάρτυρι

2057 1861 2285 1930 spicuus
2309 1901 2321 1925 ,
2360 1875 2671 1930 quanquam
2705 1875 2858 1928 gena:
2901 1858 3012 1927 jam
3048 1858 3217 1912 barba
3248 1860 3443 1914 decora
3474 1861 3640 1914 vesti-

2060 1962 2266 2008 rcntur.
2327 1953 2389 2006 Et
2427 1967 2728 2007 convi-rsus
2783 1951 2849 2004 ad
2904 1951 3270 2022 Epiphanimn
3321 1969 3338 2006 :
3405 1952 3636 2014 Audivi.

2059 2047 2278 2111 aiebat,
2341 2061 2528 2100 vocem
2568 2055 2758 2111 tuam,
2817 2056 2872 2101 ct
2923 2049 3153 2118 exposui
3195 2048 3422 2103 Domino
3457 2047 3640 2119 qualis

2056 2150 2202 2196 esset
2261 2141 2556 2210 postulatio
2616 2151 2707 2194 tua
2761 2158 2775 2194 :
2852 2141 3006 2210 isque
3057 2141 3270 2210 copiam
3329 2139 3460 2194 mihi
3512 2137 3640 2194 fecit

2058 2233 2347 2302 prastandi
2403 2249 2744 2303 quaecunque
2785 2233 3010 2288 voluero
3054 2234 3314 2287 benelicla
3370 2233 3488 2287 tibi.
3524 2233 3640 2288 Au-

2060 2327 2247 2380 xilium
2288 2327 2472 2396 itaque
2511 2325 2726 2380 Domini
2769 2341 2864 2395 per
2897 2341 2984 2379 me
3019 2335 3221 2396 praesto
3256 2326 3352 2379 tibi
3393 2327 3537 2388 erit.
3584 2337 3640 2380 ct

2059 2420 2443 2474 contremiscet
2468 2419 2533 2472 ad
2565 2420 2887 2473 memoriam
2919 2421 2995 2474 lui
3023 2421 3191 2474 draco
3219 2421 3308 2475 ille
3333 2420 3637 2484 infernalis,

2061 2511 2155 2579 qui
2208 2521 2261 2562 te
2313 2509 2578 2563 tractemus
2631 2510 3022 2564 consternavit.
3084 2511 3184 2564 Cui
3251 2509 3636 2580 Epiphanius:

2063 2601 2174 2666 ita,
2222 2615 2447 2671 quzcso,
2499 2603 2749 2665 domine,
2798 2605 2870 2656 ita
2913 2601 3029 2655 ﬁat.
3081 2601 3314 2672 Moxque
3351 2603 3496 2658 videt
3541 2617 3640 2659 vas

2061 2707 2287 2746 aureum
2322 2693 2388 2746 ad
2428 2707 2487 2747 se
2517 2692 2740 2756 deferri,
2775 2702 3013 2762 quatuor
3041 2693 3373 2762 imaginibus
3411 2695 3639 2763 insigni-

2063 2793 2178 2839 tum
2199 2824 2215 2846 ,
2251 2800 2358 2840 una
2386 2785 2604 2856 quidem
2631 2786 2907 2841 Christum
2941 2785 3231 2840 Dominum
3260 2826 3275 2851 ,
3309 2788 3478 2842 altera
3518 2787 3640 2858 ejus

2063 2877 2290 2932 Matrem
2327 2917 2342 2942 ,
2420 2878 2544 2934 aliis
2615 2893 2748 2933 vero
2801 2879 3060 2949 utrinque
3133 2878 3508 2934 Cherubinnm
3577 2893 3642 2934 ae

2067 2971 2426 3040 Scraphinum
2458 2972 2841 3027 referentibus.
2875 2971 2931 3024 lu
2967 2972 3084 3042 ipso
3114 2985 3244 3027 vase
3282 2972 3466 3028 nescio
3509 2969 3639 3040 quid

2063 3061 2167 3114 ruii
2202 3061 2404 3138 coloris
2454 3061 2741 3116 videbatur
2766 3103 2781 3128 ,
2817 3065 3040 3116 odorem
3086 3076 3218 3117 sane
3252 3061 3637 3116 admirandum

2059 3153 2374 3208 exhalans:
2416 3153 2561 3222 quod
2613 3163 2838 3208 sanctus
2888 3154 3122 3209 Aeacius
3161 3154 3542 3207 comminuens
3588 3161 3641 3205 et

2059 3246 2422 3300 commiscens
2456 3246 2813 3300 sanctiﬁcavit
2840 3288 2856 3310 ,
2900 3246 3159 3315 deditque
3207 3244 3545 3314 Epiphanio,
3587 3249 3641 3298 et

2059 3336 2250 3391 dixit:
2312 3335 2421 3391 Pax
2495 3338 2625 3404 ubi;
2669 3349 2725 3393 et
2769 3337 2954 3393 statim
3010 3351 3134 3392 cum
3181 3336 3328 3391 Omni
3381 3334 3641 3390 comitatu

2060 3443 2163 3484 suo
2212 3431 2455 3485 evanuit.
2508 3429 2647 3486 ltinc
2675 3431 2942 3486 excitatus
2979 3443 3009 3484 e
3048 3444 3242 3484 somno
3283 3425 3642 3498 Epiphanius.

378 3541 504 3582 cum
540 3525 898 3595 pcrpenderet
925 3523 1111 3577 animo
1140 3529 1380 3587 ostenta,
1415 3521 1682 3591 comperit
1704 3537 1767 3576 os
1799 3533 1958 3579 auum
2003 3527 2197 3583 mellea
2270 3529 2559 3585 dulcedine
2626 3528 2926 3592 infectum;
2977 3538 3030 3582 et
3071 3527 3302 3580 sublatis
3344 3527 3397 3580 in
3442 3525 3641 3580 caelum

359 3616 653 3684 'mauibus,
681 3621 882 3690 gratias
907 3618 1248 3681 misericerdi
1279 3618 1388 3672 Deo
1420 3628 1475 3672 et
1501 3627 1693 3672 sancto
1722 3621 1947 3690 martyri
1991 3624 2270 3692 persolvit.
3197 3612 3208 3623 “

449 3719 552 3775 61'.
592 3718 748 3771 Οῦτω
777 3718 851 3786 (5)
874 3719 928 3770 δὲ
960 3715 1294 3783 ἀπαλλαγεὶς
1352 3713 1447 3766 τοῦ
1479 3712 1718 3783 πονηροῦ
1745 3715 1954 3768 ἐκείνου

377 3813 639 3883 πολέμου,
680 3813 747 3882 τῇ
796 3809 1060 3879 ἐπαύριον
1106 3807 1364 3872 ἀναστὰς,
1418 3804 1564 3874 αἴρει
1603 3805 1722 3874 μεθ’
1759 3803 1954 3858 ἑαυτοό

375 3905 470 3958 ἕνα
497 3905 605 3957 τῶν
635 3902 838 3956 παίδων
866 3902 958 3954 τοῦ
986 3902 1192 3970 πατρὸς
1221 3898 1409 3959 αὑτοῦ,
1444 3897 1538 3949 καὶ
1584 3896 1857 3967 ἐπορεύθη
1898 3897 1957 3949 ἐν

375 3992 453 4066 τῷ
489 3995 773 4066 σεϐασμίῳ
798 3995 934 4063 οἴκῳ
972 3993 1068 4046 τοῦ
1099 3991 1396 4064 μάρτυρος,
1422 3989 1532 4042 Καὶ
1577 3988 1642 4058 δὴ
1666 3989 1740 4051 ὡς
1787 3987 1958 4059 εἰσῄει

376 4093 524 4147 ἔνδον
563 4094 703 4161 μετὰ
731 4089 1171 4159 ἑξομολογήσεως
1202 4088 1298 4140 καὶ
1321 4085 1532 4156 χύσεως
1561 4082 1835 4151 δακρύων,
1862 4081 1959 4136 αὖ·

378 4184 460 4248 θις
486 4183 545 4237 δὲ
578 4183 774 4254 θεωρεῖ
812 4180 1246 4251 ὀφθαλμοφανῶς
1277 4179 1368 4231 τὸν
1399 4175 1494 4229 τοῦ
1539 4174 1776 4246 Χριστοῦ
1803 4174 1959 4228 ἀθλο-

380 4277 566 4347 φόρον,
595 4273 968 4345 ἠμφιεσμένον
994 4273 1219 4342 χλαῖναν
1246 4269 1506 4340 ἀληθινὴν
1534 4269 1630 4321 καὶ
1674 4265 1957 4320 καθυπανο

379 4368 578 4432 mima,
628 4367 723 4418 καὶ
771 4366 842 4418 τὰ
890 4365 984 4418 ὑπ’
1025 4363 1189 4416 αὐτοῦ
1239 4361 1625 4432 προσαγόμενα
1673 4359 1959 4429 δεχόμενον

2133 3719 2260 3774 201.
2308 3717 2420 3774 lloc
2457 3719 2614 3772 modo
2643 3718 2965 3788 gravissima
3006 3715 3180 3770 hostis
3211 3714 3432 3784 pessimi
3467 3721 3643 3768 tenta-

2068 3815 2212 3866 tione
2253 3813 2516 3868 liberatus
2542 3853 2556 3876 ,
2594 3817 2730 3864 nene
2775 3826 2933 3865 mane
2964 3825 2994 3862 e
3039 3810 3175 3863 lecto
3217 3823 3276 3862 se
3308 3807 3637 3877 proripiens,

2065 3900 2358 3954 comitante
2405 3915 2514 3954 uno
2558 3918 2587 3954 e
2642 3901 2882 3969 paternis
2934 3898 3185 3959 famulis,
3237 3897 3302 3949 ad
3352 3902 3640 3966 augustam

2065 3993 2240 4048 Sancti
2284 3992 2544 4065 martyris
2583 3993 2751 4046 :cdem
2795 3991 2925 4043 abiit
2959 4009 2972 4044 :
3015 4007 3178 4060 quam
3213 3991 3264 4042 in
3296 3989 3643 4044 confessione

2066 4085 2243 4140 laudis
2275 4084 2508 4139 ubertim
2545 4083 2851 4152 lacrymans
2888 4084 3193 4150 ingressus.
3241 4095 3460 4134 rursum
3503 4095 3641 4134 con-

2064 4177 2225 4248 spicit
2268 4177 2472 4232 oculari
2528 4177 2725 4230 intuitu
2771 4179 3023 4230 emndem
3061 4173 3267 4229 Christi
3322 4183 3639 4242 martyrem,

2064 4270 2402 4323 circumdata
2439 4266 2561 4322 ﬂavi
2599 4269 2797 4322 coloris
2838 4268 3126 4337 chlamyde
3164 4281 3178 4320 :
3215 4265 3308 4334 qui
3357 4265 3411 4318 in
3444 4278 3642 4318 occur-

2069 4377 2186 4416 sum
2223 4373 2520 4430 properans
2553 4359 2838 4429 Epiphanii
2867 4401 2882 4422 ,
2939 4371 2994 4414 et
3025 4371 3366 4428 qnmcunque
3409 4357 3454 4411 is
3493 4365 3638 4410 attu-

384 4461 522 4530 μετὰ
555 4458 756 4528 πολλῆς
806 4457 982 4528 χαρᾶς
1009 4457 1104 4508 καὶ
1152 4454 1460 4525 προθυμίας
1504 4453 1733 4521 λέγοντα
1768 4450 1916 4520 αύτῷ
1941 4465 1955 4482 ·

2071 4453 2207 4506 lerat
2239 4468 2462 4505 munera
2489 4450 2718 4520 benigne
2743 4462 3056 4521 acceptans,
3089 4452 3257 4504 multo
3287 4463 3411 4503 cum
3443 4447 3640 4519 gaudio

384 4554 554 4606 Πάλιν
580 4550 887 4620 ἐπεθύμουν
917 4549 976 4602 σὲ
1005 4547 1222 4618 βλέπειν
1249 4542 1354 4602 ὧδε
1385 4547 1698 4618 ἐρχόμενον.
1727 4538 1773 4596 ὦ
1815 4543 1960 4596 Ἐπι-

381 4647 561 4716 φάνιε,
608 4642 797 4696 καθότι
843 4641 1046 4708 γλυκὺς
1088 4642 1115 4691 ὁ
1149 4638 1310 4701 πόθος
1357 4639 1464 4691 τῶν
1519 4637 1791 4706 θεοφόδων
1828 4635 1959 4705 ἡμῖν

380 4739 492 4800 τοῖς
515 4736 689 4804 φίλοις
721 4731 961 4803 Χριστοῦ
990 4731 1128 4797 ἄγαν
1154 4729 1546 4794 καταφαίνεται
1573 4746 1586 4759 ο
1619 4726 1680 4780 ού
1707 4726 1958 4778 τοσοῦτον

381 4833 490 4900 γὰρ
521 4827 836 4898 τερπόμεθα
866 4827 1138 4896 προσευχῇ
1175 4824 1270 4877 καὶ
1314 4823 1458 4893 ψυχῇ
1499 4824 1588 4877 καὶ
1635 4823 1830 4894 καρδία
1859 4825 1958 4892 τῆς

381 4922 538 4992 ὑμῶν
575 4920 888 4982 διαθέσεως,
921 4918 1044 4969 ὅσον
1077 4918 1111 4986 ἡ
1143 4916 1286 4981 ἄγαν
1315 4915 1654 4984 προαίρεσις.
1695 4915 1786 4965 Διὸ
1822 4914 1958 4966 θέλω

381 5013 472 5066 ἵνα
500 5009 880 5079 ὲπισυχνάζων
907 5007 1096 5060 ἐνθάδε
1125 5005 1286 5076 ἔρχῃ,
1315 5009 1412 5070 τῆς
1438 5005 1576 5074 ἐμῆς
1606 5007 1960 5074 μεμνημένος

381 5104 562 5173 φιλίας
629 5099 824 5169 ἔσομαί
854 5115 936 5152 σοι
964 5098 1074 5170 γὰρ
1110 5096 1322 5167 βοηθὸς,
1361 5095 1457 5149 καὶ
1505 5095 1959 5166 συμπορεύσομαί

384 5209 466 5245 σοι
496 5193 678 5254 πάσας
721 5191 818 5253 τὰς
849 5189 1062 5260 ἡμέρας
1108 5190 1207 5257 τῆς
1238 5186 1384 5256 ζωῆς
1434 5187 1494 5238 ὲν
1538 5185 1832 5256 πνεύματι,
1865 5185 1960 5238 καὶ

456 5389 531 5456 (ι)
580 5385 861 5456 Ἀληθινὸς
904 5402 1057 5440 verus
1096 5381 1314 5454 quidem
1353 5397 1416 5436 ac
1454 5381 1709 5456 genuinus
1753 5381 1958 5456 passim

384 5452 661 5525 redditur;
699 5452 845 5518 inter
874 5458 1087 5512 colores
1115 5452 1317 5507 'tamen
1345 5493 1360 5514 ,
1381 5465 1477 5525 Aut
1529 5452 1616 5505 hic
1666 5454 1957 5525 accipitur,

383 5531 596 5584 videtur
645 5520 787 5582 idem
819 5543 941 5583 esse
971 5527 1116 5597 quod
1147 5525 1340 5597 ﬂavus.
1369 5522 1528 5597 Certe
1561 5520 1961 5597 apud_Diosco-

285 5645 288 5648 .
383 5603 560 5655 ridem
585 5639 602 5665 ,
635 5600 730 5654 lib.
764 5613 778 5652 I
807 5637 823 5661 ,
853 5591 1106 5667 capfitil
1138 5591 1155 5659 ,
1187 5597 1253 5648 de
1281 5593 1549 5667 Cydoneis
1577 5608 1675 5667 seu
1705 5591 1963 5667 Cotoneis

382 5662 632 5738 agentem
654 5711 669 5734 ,
704 5662 940 5736 ἀληθινᾶ
973 5666 1118 5736 μῆλα
1153 5662 1410 5738 specialia
1443 5662 1692 5738 qumdam
1726 5662 1845 5738 ejus
1871 5677 1962 5738 ge:

384 5730 532 5793 naris
583 5730 741 5809 poma
775 5730 1066 5809 dicuntur}
1120 5730 1229 5790 non
1285 5730 1563 5809 aliunde}
1592 5739 1650 5786 ut
1682 5730 1959 5799 arbitror)

386 5825 552 5880 quam
584 5803 669 5864 ὀὶ)
743 5811 957 5864 intensa
1015 5808 1278 5876 plenaque
1354 5803 1652 5870 ilavedine,
1698 5812 1957 5872 tanquam

2065 4553 2117 4599 ct
2147 4542 2316 4598 animi
2347 4542 2630 4597 alacritate
2659 4543 2710 4594 in
2739 4544 2851 4596 haec
2878 4542 3037 4595 verba
3069 4541 3321 4611 prorupit
3350 4556 3364 4592 :
3392 4539 3641 4607 Impense

2065 4633 2351 4705 cupiebam
2402 4647 2618 4688 rursum
2653 4644 2706 4688 te
2752 4634 2859 4687 huc
2907 4632 3297 4700 ingredientem
3341 4629 3558 4691 videre,
3607 4643 3642 4680 ο

2065 4724 2366 4796 Epiphani;
2403 4725 2661 4794 quoniam
2691 4725 2961 4779 desideria
2991 4723 3293 4778 timentium
3321 4719 3488 4776 Deum
3521 4734 3644 4790 per-

2065 4834 2228 4888 quam
2261 4818 2504 4888 jucunda
2539 4817 2792 4871 accidunt
2827 4816 2986 4870 nobis
3015 4815 3218 4870 Christi
3266 4813 3500 4871 amicis:
3549 4828 3645 4866 nc-

2063 4925 2170 4980 quc
2204 4911 2350 4964 enim
2383 4915 2532 4963 tanta
2569 4907 2728 4962 nobis
2760 4909 3012 4977 voluptas
3041 4923 3105 4962 ex
3135 4908 3381 4962 oratione
3423 4915 3478 4961 et
3518 4919 3646 4957 cor-

2067 5003 2152 5057 dis
2183 5002 2463 5070 animique
2510 5000 2682 5056 vestri
2720 5000 3125 5069 explicatione,
3172 5008 3377 5067 quanta
3427 5012 3492 5051 cx
3549 5011 3642 5050 ar-

2066 5094 2215 5149 denti
2244 5093 2519 5149 desiderio
2536 5101 2590 5146 et
2616 5099 2765 5148 recta
2791 5093 3092 5147 intentione
3111 5103 3416 5161 promanat.
3440 5090 3642 5156 Quam-

2065 5185 2251 5240 obrem
2283 5185 2427 5248 volo,
2473 5193 2534 5237 ut
2563 5181 2816 5237 amicitia:
2848 5193 2984 5238 meae
3026 5195 3306 5252 nunquam
3335 5181 3638 5241 immemor,

2066 5385 2242 5455 magis
2280 5384 2518 5454 genuino
2549 5400 2739 5456 eorum
2771 5385 2952 5440 colore
2978 5426 2993 5448 ,
3047 5385 3193 5456 quod
3241 5383 3369 5436 hinc
3401 5380 3467 5456 ad
3515 5379 3640 5436 talis

2064 5451 2266 5510 coloris
2285 5451 2476 5509 'vestes
2504 5455 2713 5510 traduci
2741 5471 2838 5523 per
2868 5451 3239 5524 metaphoram
3269 5451 3466 5521 potuit.

2139 5527 2216 5597 (Ξ)
2259 5525 2607 5596 Πυρῤακίζον
2661 5520 2758 5593 per
2796 5520 3178 5597 conjecturam,
3212 5520 3366 5577 verto
3422 5520 3639 5590 tufam,

2064 5596 2188 5651 cum
2214 5610 2278 5651 ea
2313 5611 2418 5649 vox
2447 5597 2577 5650 alibi
2613 5597 2850 5651 necdum
2883 5596 3102 5649 inventa
3133 5596 3231 5650 sit.

2136 5666 2214 5736 (5)
2258 5663 2396 5720 Ilinc
2426 5667 2736 5736 incipiendo
2783 5675 2899 5719 tota
2946 5679 3182 5733 sequens
3216 5663 3455 5736 narratio
3492 5663 3641 5719 deli-

2066 5733 2286 5794 deratur
2309 5738 2362 5791 in
2398 5754 2502 5792 ms.
2528 5735 2756 5802 Mazar.,
2791 5751 2969 5807 usque
3001 5737 3066 5792 ad
3098 5752 3252 5792 num.
3279 5733 3402 5790 203.
