4088 6216
518 356 620 418 8ιῖ

1571 351 1991 413 NlCEPlIORl
2030 352 2505 413 PBESBYTE'H
2553 353 2661 414 (ΣΡ.

3656 346 3762 411 8i8

518 474 621 524 hoc
670 468 930 537 templum
976 466 1218 522 Studiose
1247 465 1615 535 ’l‘reqnerttes;
1653 476 1706 520 et
1743 479 1836 520 ero
1868 465 2071 532 adjutor

2189 466 2284 538 ἔσῃ
2316 467 2465 535 ἐμὸς,
2495 468 2577 519 δτι
2609 465 2721 535 ἐγὼ
2755 466 3024 535 πεφίληκά
3059 482 3139 528 σε,
3180 464 3274 517 καὶ
3302 463 3507 534 ἐθέμην
3539 480 3597 515 σε
3624 459 3761 517 εἶναι

516 564 608 617 tibi
633 604 646 625 ,
694 572 745 615 et
777 561 1079 614 comitabor
1109 572 1159 614 te
1195 561 1246 613 in
1280 560 1472 630 spiritu
1497 598 1511 623 ,
1549 572 1876 627 quocunque
1918 555 2045 608 ieris
2067 592 2081 618 ,

511 654 768 709 omnibus
821 653 1011 705 diebus
1064 653 1184 704 vita:
1236 660 1375 716 luat;
1430 666 1585 704 meus
1618 649 1835 718 (quippe
1882 646 1991 700 eris
2026 655 2081 698 tu

510 760 723 813 semper
748 785 762 807 ,
793 744 920 812 quia
956 744 1265 811 egoamavi
1299 754 1385 807 te,
1429 754 1482 796 et
1524 743 1576 794 in
1610 754 1899 794 numerum
1953 737 2083 790 inti-

510 850 720 887 morum
784 849 1032 887 meorum
1054 843 1119 886 *te
1171 834 1337 888 ascivi
1374 852 1387 887 :
1427 834 1552 887 hinc
1591 843 1645 886 et
1686 847 1883 885 nomen
1927 837 2078 883 tuum

508 921 595 974 hic
644 921 709 973 ad
742 922 1019 974 sinistram
1078 920 1181 974 sub
1232 920 1465 973 amboue
1514 935 1676 973 manu
1733 918 1950 987 prepria
1984 918 2082 971 de-

821 1013 1085 1068 Dominus
1135 1015 1279 1068 enim
1321 1029 1506 1068 curam
1534 1014 1676 1068 mihi
1731 1013 1808 1066 tui
1868 1010 2233 1067 demandavit.
2269 1014 2543 1068 Adesdum
2622 1014 2940 1083 frequenter
2971 1011 3101 1077 huc,

506 1015 697 1083 scripsi
751 1031 765 1067 ε

504 1122 690 1161 amore
719 1107 941 1173 dignum
981 1117 1031 1161 te
1068 1116 1310 1175 praestes.

572 1202 698 1254 202.
733 1201 846 1254 Tali
879 1201 1065 1254 audito
1112 1216 1399 1269 sermone,
1441 1200 1662 1255 astabat
1697 1184 2032 1270 Epip‘ha‘nius
2054 1240 2070 1264 ,

504 1292 907 1359 quodammodo
933 1292 1237 1361 perculsus,
1268 1293 1375 1346 lixo
1411 1294 1463 1346 iu
1495 1304 1743 1348 sanctum
1783 1302 2071 1363 martyrem

504 1386 700 1437 obtutu
736 1384 958 1437 intuens
994 1400 1008 1439 :
1043 1400 1203 1453 quem
1236 1386 1591 1439 considerans
1614 1385 1888 1455 quispiam
1917 1400 1947 1438 e
1974 1385 2080 1438 mi-

508 1474 693 1528 nistris
724 1475 985 1539 ecclesiaa,
1027 1487 1151 1529 ante
1182 1476 1469 1529 ambonem
1502 1486 1744 1544 perstare
1769 1476 2075 1541 immotum,

505 1566 559 1617 in
608 1565 967 1633 eamdemque
1026 1566 1205 1618 locmu
1262 1566 1529 1619 irretortis
1574 1566 1750 1618 oculis
1790 1565 2072 1633 aspicere,

503 1662 697 1707 emota:
752 1655 950 1708 mentis
999 1654 1273 1708 hominem
1326 1670 1383 1707 se
1441 1654 1623 1708 videre
1667 1655 2075 1721 arbitrabatur,

502 1743 821 1812 dicebatque
872 1759 977 1796 non
1031 1743 1150 1797 sine
1207 1744 1415 1797 doloris
1446 1758 1611 1797 sensu
1659 1761 1675 1799 :

502 1831 773 1887 formosus
800 1834 1039 1901 juvenis,
1086 1849 1251 1903 quam
1288 1835 1579 1887 immature
1624 1849 1654 1888 a
1700 1836 1901 1890 mentis
1945 1835 2074 1890 sede

498 1925 742 1993 ἀρῇ-ειυς
786 1927 910 1978 est!
951 1924 1256 1996 Postquam
1304 1942 1433 1981 vero
1469 1942 1499 1980 e
1541 1936 1834 1995 conspectu
1876 1927 2077 1997 eripuit

497 2031 618 2069 Sese
663 2016 855 2069 beatus
888 2028 1114 2085 martyr,
1164 2020 1333 2087 coepit
1370 2017 1703 2086 Epiphanius
1740 2019 1899 2072 obire
1934 2028 2075 2072 tem-

498 2108 679 2173 plum,
726 2122 922 2176 preces
967 2108 1034 2162 ad
1086 2109 1381 2163 bonitatem
1431 2111 1670 2164 divinam
1707 2110 1932 2164 lundere
1962 2125 2071 2164 non

498 2211 720 2250 cessans
749 2216 760 2248 :
796 2208 909 2251 tum
940 2198 1122 2252 divino
1155 2199 1428 2254 sacriﬁcio
1456 2199 1731 2253 celebrato
1765 2199 2074 2268 divinisque

498 2287 771 2356 mysteriis
806 2298 1102 2356 perceptis,
1145 2291 1315 2342 multo
1344 2290 1585 2359 repletus
1610 2289 1806 2358 gaudio
1846 2289 2070 2344 recessit

498 2378 642 2443 inde,
676 2388 895 2447 repente
931 2379 1169 2433 oblatum
1203 2380 1375 2433 sancti
1408 2381 1663 2451 martyris
1697 2390 1979 2450 aspectum
2016 2389 2071 2434 et

497 2485 737 2539 praesens
801 2470 1106 2525 subsidium
1162 2471 1463 2527 admirans.
1523 2471 1614 2527 Sic
1674 2474 1842 2541 igitur
1898 2472 2097 2527 hostis.

498 2563 718 2631 pessimi
781 2563 1279 2618 machinationibus
1332 2564 1643 2630 liberatus,
1702 2564 2073 2619 intercedente

498 2655 697 2711 eilicaci
731 2657 1049 2724 mediatore,
1109 2658 1269 2713 beato
1323 2661 1539 2713 Andrea
1569 2660 1636 2729 (is
1654 2661 1809 2714 enim
1840 2659 2077 2729 Epipha-

498 2748 642 2801 uimn
675 2747 1014 2804 familiariter
1037 2751 1729 2807 commendaveratsaucto
1768 2752 2065 2823 martyri),

499 2839 732 2906 primum
764 2841 964 2908 gratias
991 2843 1251 2909 persolvit
1284 2842 1394 2897 Deo
1418 2880 1435 2905 ,
1469 2855 1582 2896 tum
1608 2854 1798 2897 sancto
1844 2844 2067 2908 Acacio,

500 2925 730 2995 denique
767 2930 909 2983 lideli
957 2932 1256 2986 balvatoris
1302 2932 1508 2987 fatuulo
1541 2936 1771 2989 Andreas
1810 2951 1823 2987 :
1853 2944 1907 2988 et
1937 2948 2068 2989 con-

500 3019 728 3073 tinuavit
768 3037 833 3075 ex
877 3022 969 3076 illo
1003 3034 1245 3094 tempore
1283 3027 1477 3080 crebro
1523 3028 1757 3081 invisere
1808 3025 2175 3080 venerandum
2245 3024 2502 3095 martyris
2568 3026 2872 3094 templum,

2191 557 2319 610 ῐδιον
2350 557 2471 625 ἐμοὶ
2499 557 2868 627 πεφιλημένον
2894 572 2907 585 ο
2945 556 3066 608 ὅθεν
3100 556 3193 607 καὶ
3225 555 3285 606 τὸ
3314 554 3483 623 ὖνομά
3508 569 3601 604 σου
3636 554 3763 605 ἰδο-

2190 646 2385 716 χείρως
2431 646 2647 716 ἔγραψα
2680 645 2867 698 ἐνθάδε
2919 644 2977 709 ἐξ
3020 642 3325 714 ἀριστερῶν
3374 643 3629 695 ὑποκάτω
3667 642 3760 693 τοῦ

2189 738 2439 806 ἇμὸωνος
2465 754 2480 769 ·
2505 737 2534 788 6
2560 738 2670 807 γὰρ
2696 736 2899 805 Κύριος
2928 735 3192 806 παρέθετό
3222 751 3280 787 σε
3306 734 3429 803 ἐμοὶ
3450 732 3544 785 τοῦ
3567 733 3764 799 ἐπιμε-

2188 827 2397 879 λεῖσθαί
2433 845 2548 881 σου.
2582 822 2723 880 Ἧκε
2753 824 2845 882 οῦν
2889 827 3243 897 συχνοτέρως,
3281 826 3426 887 ὅπως
3469 821 3761 891 ἀγαπηθῇ

2187 918 2312 971 ἀλλε
2320 921 2582 987 πάλληλα.

3179 1021 3239 1065 ut
3304 1009 3563 1079 deinceps
3593 1021 3759 1077 porro

2251 1197 2355 1267 σβ’.
2396 1198 2555 1261 Ὠςδὲ
2576 1199 2747 1253 ταῦτα
2768 1199 2964 1269 ἤκουεν
2987 1196 3128 1266 ὁρῶν
3148 1199 3176 1249 6
3208 1196 3543 1265 Ἐπιφάνιος,
3564 1197 3753 1257 ,ἵστατο

2182 1288 2384 1351 ἐννεὸς,
2419 1288 2600 1359 τρανῷ
2659 1289 2736 1358 τῷ
2789 1288 3062 1359 βλέμματι
3103 1285 3313 1356 βλέπων
3358 1286 3448 1337 τὸν
3480 1285 3750 1353 μάρτυρα.

2183 1379 2290 1432 Καί
2316 1372 2398 1442 τις
2450 1380 2552 1431 τῶν
2578 1380 2677 1447 τῆς
2722 1378 3015 1448 ἐκκλησίας
3059 1378 3201 1447 ὁρῶν
3232 1375 3391 1428 αὐτὸν
3423 1376 3589 1439 ὀξέως
3629 1378 3754 1427 Eva-

2182 1469 2559 1524 ποσκοποῦντα
2607 1471 2713 1540 πρὸ
2741 1470 2833 1522 τοῦ
2878 1469 3151 1538 ἄμϐωνος,
3197 1467 3375 1532 ἔδοξεν
3408 1468 3598 1538 ἐξηχον
3628 1468 3754 1537 βλέ-

2179 1577 2340 1624 πειν,
2403 1561 2497 1613 καὶ
2542 1559 2788 1611 ἐλυπεῖτο
2839 1558 3049 1626 λέγων’
3089 1558 3193 1610 Ἴδε
3251 1559 3381 1610 ποία
3429 1557 3613 1625 νεότης
3658 1558 3758 1609 τοῦ

2179 1651 2403 1721 ὡραίου,
2433 1650 2525 1702 καὶ
2544 1649 2993 1720 παρατρέπεταιι
3028 1648 3157 1699 Ὅτε
3188 1644 3281 1701 οὖν
3308 1650 3335 1700 ὁ
3382 1647 3588 1717 μάρτυς
3619 1649 3758 1700 ἀπέ-

1737 1744 1877 1799 Ecce
1911 1759 2071 1814 quam
2107 1777 2149 1831 Β
2180 1757 2300 1809 στη,
2332 1739 2495 1811 αὐτὸς
2527 1739 2583 1792 δὲ
2625 1738 2842 1810 περιῄει
2872 1737 3055 1809 κύκλῳ
3083 1738 3179 1790 τοῦ
3217 1737 3346 1791 ναοῦ
3378 1743 3757 1809 προσευχόμε-

2176 1848 2286 1894 νος,
2316 1831 2410 1883 καὶ⁵
2434 1830 2530 1900 τῆς
2551 1830 2645 1882 τοῦ
2675 1829 2808 1881 Θεοῦ
2836 1829 3171 1899 ἀγαθότητος
3199 1829 3473 1899 δεόμενος.
3497 1832 3758 1899 Λειτουρ-

2174 1919 2366 1988 γηθεὶς
2400 1918 2493 1971 οὖν
2532 1921 2736 1982 ἐκεῖσε,
2774 1919 2868 1972 καὶ
2907 1919 3017 1971 τῶν
3051 1917 3146 1970 τοῦ
3188 1917 3323 1971 Θεοῦ
3370 1919 3583 1989 δωρεῶν
3618 1921 3757 1972 ἀπο-

2175 2010 2400 2076 λαύσας,
2437 2011 2576 2080 μετά
2614 2011 2813 2081 πολλῆς
2845 2013 3020 2081 χαρᾶς
3080 2010 3418 2081 ἀνεχώρησε,
3453 2011 3757 2080 θαυμάζων

2175 2103 2275 2171 τὴν
2328 2105 2553 2171 ταχεῖαν
2604 2102 2788 2170 σχέσιν
2840 2103 2934 2154 καὶ
2974 2102 3259 2171 ἀντίληψιν
3306 2102 3398 2154 τοῦ
3451 2103 3756 2173 μάρτυρος.

2176 2193 2362 2255 Οὕτως
2397 2189 2491 2245 οῦν
2540 2191 2878 2260 ἀπαλλαγεὶς
2924 2191 3018 2245 τοῦ
3054 2192 3292 2261 πονηροῦ
3331 2193 3541 2244 ἐκείνου
3587 2192 3750 2243 πολέ-

2178 2303 2279 2356 μου
2318 2284 2407 2339 διὰ
2463 2284 2573 2337 τῶν
2605 2284 2907 2354 πρεσϐειῶν
2944 2283 3039 2337 τοῦ
3072 2283 3237 2336 καλοῦ
3275 2283 3492 2352 μεσίτου
3528 2286 3619 2334 τοῦ
3650 2302 3757 2351 μα-

2177 2378 2373 2449 καρίου
2422 2376 2675 2449 ’Δνδρέου
2704 2375 2822 2446 (καὶ
2853 2376 2961 2446 γὰρ
2990 2376 3150 2438 αὐτὸς
3180 2372 3248 2446 ἦν
3281 2376 3429 2446 αὐτῷ
3460 2376 3751 2427 οἰκειωσά-

2178 2488 2337 2541 μενος
2390 2470 2698 2540 παραθέσαι
2732 2470 2809 2539 τῷ
2842 2470 3123 2540 μάρτυρι),
3168 2470 3383 2541 πρῶτον
3431 2468 3752 2539 ηὑχαρίστει

2178 2563 2320 2633 Θεῷ,
2365 2563 2558 2616 ἔπειτα
2592 2561 2669 2633 τῷ
2715 2563 2854 2634 ἁγίῳ
2898 2563 3157 2630 Ἀκακίῳ,
3202 2565 3297 2615 καὶ
3337 2561 3479 2615 οὕτω
3524 2562 3600 2632 τῷ
3654 2561 3750 2615 τοῦ

2178 2656 2429 2726 Σωτῆρος
2459 2654 2751 2726 θεράποντι
2789 2654 3032 2725 Ἀνδρέᾳ.
3064 2655 3288 2707 Ἐκτοτε
3320 2649 3415 2707 οῦν
3454 2651 3753 2723 ἑσύχναζεν

2175 2752 2202 2801 ὀ
2245 2748 2558 2817 Ἐπιφάνιος
2603 2747 2679 2816 τῷ
2730 2747 3010 2817 σεϐασμίῳ
3052 2748 3270 2817 τεμένει
3308 2746 3402 2799 τοῦ
3451 2744 3747 2816 μάρτυρος,

2177 2840 2361 2912 σχέσει
2395 2843 2492 2895 καὶ
2545 2840 2695 2910 πόθῳ
2748 2840 2927 2910 πολλῷ
2978 2839 3265 2894 ἀπολαύων
3322 2838 3587 2907 διηνεκῶς
3636 2827 3748 2891 τῶν

2171 2934 2371 3003 τιμίων
2397 2931 2562 2985 αὑτοῦ
2597 2931 2926 3002 πρεσϐειῶν.

2953 3022 3226 3080 desiderio
3285 3023 3591 3093 all‘ectuque
3627 3030 3744 3079 ma‘

498 3124 606 3181 gno
649 3113 1097 3169 intertessionem
1133 3118 1279 3171 illius
1316 3121 1659 3172 continenter
1690 3113 1987 3187 implorans
2016 3127 2070 3172 et
2109 3118 2387 3173 obtinens.

568 3204 693 3261 205.
740 3208 1026 3265 Matutinis
1068 3211 1363 3281 aliquando
1390 3213 1561 3267 ﬁnitis
1604 3213 1854 3284 hymnis,
1886 3212 1954 3266 ad
1984 3228 2072 3267 sa-
2097 3222 2140 3275 ο

497 3312 647 3352 cram
682 3314 903 3369 eapsam
941 3303 1017 3373 (4)
1056 3305 1108 3357 in
1147 3304 1488 3371 Blachernis,
1520 3306 1752 3359 contulit
1786 3318 1906 3358 sese
1936 3303 2065 3357 illuc

498 3397 685 3450 beatus
714 3395 981 3456 Andreas.
1012 3410 1108 3464 per
1135 3398 1273 3448 viam
1302 3410 1455 3449 more
1485 3410 1585 3449 suo
1613 3394 1845 3456 ludens;
1878 3393 2065 3446 aderat

499 3497 621 3537 vero
659 3482 857 3537 ibidem
893 3485 1062 3536 etiam
1105 3482 1480 3552 Epiphanius,
1524 3498 1634 3538 uno
1669 3485 1935 3538 duntaxat
1982 3482 2065 3535 la-

500 3574 643 3625 mulo
671 3588 770 3625 suo
805 3574 1134 3637 comitatus;
1176 3585 1231 3627 et
1260 3590 1288 3628 e
1317 3575 1713 3630 consuetudine
1755 3590 1852 3629 sua
1890 3577 2065 3643 persi-

495 3662 669 3715 stebat
715 3663 823 3715 illic
848 3702 863 3727 ,
922 3672 1082 3731 prout
1122 3665 1376 3718 alacritas
1416 3666 1582 3719 animi
1618 3665 1762 3719 vires
1806 3666 2070 3735 suppedi-

499 3756 662 3823 tabat,
691 3756 851 3810 modo
874 3756 938 3809 ad
973 3756 1205 3811 mediam
1240 3767 1475 3824 noctem,
1499 3757 1659 3811 modo
1687 3757 1753 3811 ad
1783 3757 2067 3827 sequentis

492 3850 599 3905 diei
634 3849 955 3903 diluculum.
995 3847 1226 3919 Jamque
1271 3850 1404 3904 hora
1458 3849 1632 3904 noctis
1682 3861 1874 3919 quarta
1918 3848 2068 3903 labe-

500 3943 677 4008 batur,
716 3957 839 3995 eum
879 3941 1163 4009 perspicue
1196 3942 1439 3996 intuetur
1470 3941 1643 3995 oculis
1674 3944 1797 4009 suis
1820 3942 2069 3994 Andreas

502 4038 825 4095 matronam,
859 4040 1081 4085 statura:
1110 4032 1400 4086 admodum
1435 4047 1707 4102 procerae,
1746 4032 1983 4085 femineo
2015 4034 2068 4083 in

503 4119 681 4175 oabitu
724 4136 754 4175 a
807 4137 950 4191 regia
974 4134 1133 4190 porta
1163 4125 1476 4187 adventare,
1512 4124 1685 4177 multo
1717 4125 2069 4177 circumstre-

500 4222 659 4284 pente
699 4214 998 4279 comitatu;
1029 4230 1165 4283 quos
1199 4216 1339 4269 inter
1367 4216 1695 4270 Venerabilis
1733 4213 2068 4270 Prodromus

502 4313 553 4358 et
593 4301 844 4357 Tonitrui
885 4304 1025 4359 (ilius
1059 4306 1310 4375 utrinque
1343 4305 1485 4360 latus
1518 4308 1806 4375 stipantes,
1847 4323 2067 4361 manum

502 4397 752 4452 tenebant
790 4415 802 4449 :
837 4406 1148 4475 sanctorum
1183 4398 1323 4451 albis
1363 4398 1677 4452 indutorum
1708 4400 1949 4453 vestibus
1980 4399 2068 4453 alii

504 4488 638 4541 viam
671 4487 930 4555 praeibam
959 4526 974 4549 ,
1005 4486 1097 4539 alii
1137 4488 1367 4556 hymnus
1412 4498 1464 4541 et
1507 4489 1716 4542 cantica
1767 4488 2068 4557 spiritualia

502 4574 842 4629 modulantes
896 4575 1391 4643 subsequebantur.
1463 4576 1597 4631 Cum
1652 4589 1832 4632 autem
1882 4594 2066 4648 perve-

502 4666 673 4719 nisset
705 4664 816 4717 haec
852 4679 1047 4733 pompa
1100 4682 1269 4736 usque
1301 4668 1364 4719 ad
1398 4668 1679 4723 ambonem
1710 4709 1724 4736 ,
1769 4670 1958 4725 abiens
1994 4671 2061 4724 ad

504 4753 863 4823 Epiphaniam
912 4756 1197 4810 Andreas:
1256 4755 1464 4824 Vrden’,
1507 4760 1821 4829 inquiebat,
1874 4762 2061 4815 mundi

504 4845 782 4899 Dominam
810 4857 865 4899 et
897 4845 1152 4917 Reginam
1173 4850 1195 4901 ?
1218 4851 1318 4914 Qui
1352 4861 1405 4904 et
1439 4852 1797 4920 respondebat
1824 4870 1837 4905 :
1870 4850 2058 4917 Video,

504 4935 661 4991 Pater
700 4937 769 4990 mi
807 4939 1124 5008 spiritualis.

570 5026 696 5082 204.
728 5029 865 5083 Tum
904 5044 1031 5085 vero
1064 5040 1296 5101 utroque
1330 5034 1542 5087 vidente
1573 5033 1855 5089 inclinavit
1888 5035 2061 5105 popli-

502 5130 580 5172 tes
611 5133 740 5174 suos
768 5118 1016 5186 Domina,
1052 5132 1104 5175 et
1142 5123 1404 5191 prolixam
1442 5138 1574 5177 sane
1607 5126 1909 5179 orationem
1939 5141 2061 5194 pcr-

500 5209 710 5274 texuit,
763 5210 1111 5265 manantibus
1157 5210 1383 5265 ubertim
1423 5213 1676 5282 laerymis
1717 5229 1812 5284 per
1849 5214 2060 5269 divinas

501 5311 549 5353 rt
581 5302 1038 5357 ineontaminatas
1063 5303 1210 5356 illius
1241 5318 1407 5368 genas
1439 5322 1453 5358 :
1485 5305 1730 5360 oratione
1756 5320 1934 5361 autem
1961 5308 2059 5361 hac

507 5391 647 5446 inita
675 5392 742 5446 ad
778 5401 1189 5448 sacrosanctum
1226 5394 1461 5449 accessit
1489 5397 1680 5463 altare,
1711 5414 1808 5466 pro
1839 5402 2055 5468 populo,

440 5532 443 5541 ,
513 5482 589 5547 pri
629 5484 1056 5549 circumstabat,
1122 5500 1312 5553 preces
1362 5486 1542 5540 denuo
1592 5486 1804 5542 lusura.
1849 5488 2057 5553 Quibus

502 5583 688 5625 rursus
714 5573 901 5639 ﬁnitis,
924 5574 1348 5644 pulcherritnum
1376 5577 1722 5645 pulcherrimi
1752 5579 1942 5645 capitis
1971 5583 2053 5634 sui

2247 3209 2348 3280 σγ’.
2391 3212 2621 3265 Ἀΰπνου
2651 3211 2953 3279 δοξολογίας
2987 3213 3118 3266 ποτὲ
3152 3213 3571 3284 ἐπιτελουμένης
3594 3217 3649 3268 ὲν
3678 3218 3742 3287 τῇ

2170 3304 2300 3374 ἁγίᾳ
2326 3304 2468 3373 σορῷ
2489 3306 2552 3373 τῇ
2584 3301 2718 3374 οὔσῃ
2750 3305 2807 3355 ὲν
2838 3303 3188 3374 Βλαχέρναις,
3232 3304 3399 3376 ἀπῄει
3426 3307 3454 3357 ὁ
3479 3306 3743 3376 μακάριος

2181 3396 2434 3466 Ἀνδρέας
2468 3396 2646 3448 ὲκείσε
2669 3395 2737 3448 τὰ
2778 3395 2837 3459 ἐξ
2868 3396 3021 3460 ἔθους
3053 3398 3221 3449 ποιῶν
3248 3413 3261 3427 ο
3291 3401 3472 3469 παρῆν
3498 3398 3554 3451 δὲ
3592 3399 3744 3451 Ἐπι-

2170 3489 2376 3556 φάνιος,
2413 3489 2508 3540 καὶ
2553 3483 2634 3552 εἷς
2664 3488 2771 3541 τῶν
2811 3490 3018 3543 παίδων
3062 3491 3224 3543 αὑτοῦ
3264 3490 3383 3561 μετ’
3415 3490 3577 3545 αὐτοῦ
3600 3507 3614 3519 ·
3648 3474 3743 3544 κσ.ὶ

2169 3581 2306 3649 ἔχων
2361 3576 2514 3650 ἦθος,
2553 3580 2761 3645 ἵστατο,
2815 3580 2891 3644 ὡς
2941 3582 2973 3651 ἠ
3033 3583 3307 3652 προθυμία
3340 3584 3492 3635 τόνον
3544 3583 3740 3644 ἐδίδου,

2169 3672 2300 3723 ποτὲ
2359 3672 2456 3741 μὲν
2509 3672 2669 3741 μέχρι
2721 3672 3098 3741 μεσονυκτίου,
3155 3676 3283 3726 ποτὲ
3331 3675 3385 3727 δὲ
3434 3675 3535 3737 ἕως
3574 3676 3744 3745 πρωῒ.

2168 3764 2447 3832 Τετάρτης
2495 3763 2585 3816 οῦν
2619 3763 2766 3833 ὥρας
2812 3765 2909 3835 ῆδη
2964 3764 3133 3835 οὔσης
3177 3767 3273 3836 τῆς
3321 3768 3537 3833 νυκτὸς,
3583 3769 3687 3840 ὁρᾷ
3718 3770 3746 3820 6

2172 3854 2441 3924 μακάριος
2510 3854 2761 3925 Ἀνδρέας
2834 3856 3265 3924 ὀφθαλμοφανῶς
3337 3858 3747 3931 μεγεθεστάτην

2172 3948 2396 4013 σφόδρα,
2444 3946 2893 4017 παραγενομένην
2934 3950 2991 3999 ὲν
3037 3938 3328 4016 γυναικείῷ
3379 3949 3455 4018 τῷ
3501 3952 3747 4020 σχήματι

2169 4036 2275 4087 ἀπὸ
2300 4036 2407 4086 τῶν
2442 4035 2739 4105 βασιλικῶν
2784 4038 2922 4105 μετὰ
2956 4038 3186 4106 φοὸεροῦ
3213 4039 3449 4108 ὀψικίου,
3474 4041 3530 4092 ὲν
3564 4035 3642 4101 οἷς
3674 4036 3749 4113 ἧν

2170 4128 2264 4178 καὶ
2302 4127 2329 4178 ὁ
2376 4128 2553 4196 τίμιος
2586 4128 2917 4197 Πρόδρομος.
2963 4130 3056 4182 καὶ
3095 4132 3122 4182 6
3170 4132 3267 4200 τῆς
3321 4131 3551 4201 βροντῆς
3604 4133 3747 4195 υἱὸς,

2171 4218 2510 4287 ἑκατέρωθεν
2546 4221 3025 4290 χειροκρατοῦντες
3058 4222 3245 4290 αὐτῆς,
3298 4223 3393 4276 καὶ
3417 4222 3560 4291 ἅγιοι
3614 4225 3750 4277 πολ-

2169 4312 2251 4364 λο)⁸
2280 4312 2600 4382 λευκοφόροι
2648 4312 3076 4383 προεπορεύοντο
3118 4314 3286 4383 αὐτῆς
3310 4331 3323 4345 ·
3358 4317 3406 4368 οἱ
3450 4315 3507 4368 δὲ
3534 4318 3751 4385 ἐπηκο-

2170 4403 2392 4456 λούθουν
2433 4407 2570 4473 μετὰ
2600 4405 2872 4475 ύμνῳδίας
2913 4408 3005 4459 καὶ
3038 4406 3297 4476 ᾀσμάτων
3330 4409 3746 4479 πνευματικῶν.

2182 4495 2270 4557 Ὠς
2299 4493 2390 4546 οῦν
2442 4491 2570 4563 ἦλθε
2614 4495 2838 4565 πλησίον
2865 4499 2956 4549 τοῦ
2985 4498 3255 4567 ἀμϐωνος,
3292 4499 3457 4571 ἀπῄει
3507 4502 3535 4552 6
3588 4502 3747 4567 ὅσιος

2102 4575 2143 4627 [θ
2170 4595 2303 4657 προς
2347 4589 2436 4640 τὸν
2474 4590 2785 4657 Ἐπιφάνιον
2819 4590 2992 4659 λέγων
3013 4607 3027 4620 ·
3069 4591 3231 4663 Ὁρᾷς
3265 4594 3361 4666 τὴν
3397 4596 3607 4665 Κυρίαν
3641 4601 3745 4651 καὶ

2168 4680 2462 4733 Δέσποιναν
2508 4681 2600 4733 τοῦ
2650 4682 2886 4752 κόσμου,
2926 4682 2984 4737 Ὀ
3025 4683 3081 4737 δέ
3126 4703 3323 4758 φησιν’
3372 4688 3502 4755 Ναὶ,
3552 4692 3746 4762 Πάτερ

2170 4787 2273 4839 μου
2297 4774 2647 4841 πνευματικέ.

2237 5040 2334 5094 σδ’.
2368 5043 2475 5095 Καὶ
2500 5043 2703 5097 τούτων
2743 5046 3014 5115 ὁρώντων,
3049 5049 3276 5103 κλίνασα
3302 5053 3367 5103 τὰ
3397 5054 3599 5120 γόνατα
3638 5059 3738 5108 aria-

2165 5128 2287 5197 τῆς,
2339 5130 2433 5182 ἐπὶ
2468 5131 2668 5203 πολλὴν
2710 5132 2862 5204 ὤραν
2917 5139 3277 5208 προσηύχετο,
3330 5141 3557 5212 δάκρυσι
3613 5149 3736 5211 ραι-

2166 5236 2330 5273 νουσα
2378 5222 2440 5273 τὸ
2484 5222 2713 5287 θεοειδὲς
2755 5226 2928 5295 αὐτῆς
2963 5228 3059 5281 καὶ
3106 5232 3374 5299 ἄχραντον
3418 5236 3735 5301 πρόσωπον.

2164 5312 2319 5365 Μετὰ
2354 5312 2410 5364 δὲ
2443 5315 2503 5365 τὸ
2535 5300 2956 5385 προσεύξασθαι,
2996 5321 3204 5390 προσῆν
3234 5323 3327 5374 ἐπὶ
3350 5323 3409 5375 τὸ
3439 5300 3737 5395 θυσιαστή-

2148 5419 2302 5471 ριον,
2351 5403 2577 5474 δεομένη
2621 5409 2797 5460 ἐκεῖσε
2844 5411 2983 5480 ὑπὲρ
3029 5410 3123 5464 τοῦ
3161 5415 3526 5482 περιεστῶτος
3575 5415 3733 5472 λαοῦ.

2165 5492 2293 5544 Ὅτε
2342 5493 2435 5547 οῦν
2487 5496 2789 5566 ἀπηύξατο,
2827 5502 2884 5552 τὸ
2912 5503 3177 5574 μαφόριον
3218 5506 3411 5577 αὐτῆς,
3461 5508 3599 5578 ὅπερ
3638 5510 3735 5563 ἐπὶ

2161 5580 2261 5649 τῆς
2309 5586 2687 5655 παναχράντου
2728 5588 2899 5659 αὐτῆς
2946 5591 3188 5663 κορυφῆς
3220 5591 3436 5662 ἑφερεν,
3463 5593 3542 5657 ὠς
3590 5590 3735 5659 εἶδος

568 5719 644 5787 μ)
683 5721 759 5773 Ea
792 5738 951 5790 capsa
986 5729 1322 5785 coudehatur
1359 5748 1513 5785 sacra
1565 5734 1730 5786 vestis
1777 5734 2037 5803 Deiparaz,
2074 5748 2125 5789 et
2161 5737 2358 5792 lesturu
2393 5742 2573 5803 agitur
2605 5743 2635 5794 '2
2667 5741 2820 5797 Julii.
