4088 6216
389 271 492 332 849

1545 294 1718 353 VITA
1761 297 1814 354 S.
1858 298 2187 362 ANDREAE
2222 306 2411 371 SALI‘.

3502 313 3631 376 850?

361 385 649 454 ἀστραπῆς
698 387 961 459 ὑπάρχον,
1008 393 1100 445 καὶ
1138 394 1506 463 ἀποτυλέξισα
1560 404 1617 468 ἐξ
1661 406 1828 475 αὐτῆς
1865 410 1916 478 τῇ

2035 416 2241 481 velum,
2273 422 2416 490 qttod
2462 421 2642 487 fulgur
2686 423 2976 488 splendore
3005 422 3272 486 anteibat,
3304 423 3623 478 detractum

360 474 541 545 ὡραῖα
582 478 1036 555 σεμνότητιλταῖς
1088 490 1486 557 παναχράντοις
1530 494 1716 561 χερσὶν
1765 495 1933 565 αὐτῆς

359 564 622 627 λαϐοῦσα,
658 568 798 636 μέγα
825 570 921 625 καὶ
946 573 1178 645 φοϐερὸν
1207 577 1475 648 ὑπάρχον,
1508 581 1694 635 ἐπάνω
1727 564 1933 648 παντδς

358 654 452 707 τοῦ
476 657 656 709 ἐκεῖσε
680 657 915 723 ἑστῶτος
954 662 1086 716 λαοῦ
1121 666 1441 721 διεπέτασεν
1462 687 1475 701 ο
1507 670 1644 741 ὅπερ
1676 672 1767 724 ἐπὶ
1811 675 1904 726 ἰκα

355 746 453 808 νάς
502 747 648 818 ὠρας
678 748 866 821 ἑώρων
914 755 962 807 οἱ
1009 754 1301 824 θαυμάσιοι
1360 760 1615 831 ὑπεράνω
1656 763 1748 816 τοῦ
1797 763 1927 817 λαοῦ

357 835 715 906 ἐκτεταμένον
739 840 831 893 καὶ
860 842 1098 911 αὐγάζον
1118 845 1280 911 δόξαν
1310 849 1514 918 Κυρίου
1537 851 1611 913 ὡς
1638 852 1923 924 ἦλεκτρον.

354 925 563 997 Μέχρις
596 924 691 983 οὖν
732 925 799 1002 ἦν
826 932 943 986 ἐκεῖ
971 936 1004 1003 ἡ
1036 935 1310 1007 ὑπεραγία
1341 940 1624 1005 Θεοτόκος,
1669 943 1931 999 ἐϐλέπετο

354 1020 577 1072 κάκεῖνο
606 1040 621 1054 ·
660 1023 798 1090 μετά
830 1024 885 1077 δὲ
915 1026 975 1078 τὸ
1005 1027 1357 1101 ἀναχωρῆσαι
1387 1033 1576 1103 αὐτὴν,
1609 1035 1791 1093 οῦκέτι
1835 1055 1925 1089 τε·

352 1108 547 1161 θέατοσ
600 1112 814 1177 πάντως
839 1115 949 1185 γάρ
975 1112 1109 1188 ἦρεν
1147 1120 1278 1173 αὐτὸ
1321 1122 1441 1191 μεθ’
1475 1124 1698 1192 ἑαυτῆς,
1744 1126 1840 1197 τὴν
1868 1128 1925 1179 δὲ

350 1199 510 1269 χάριν
539 1202 747 1275 ἀφῆκεν
771 1208 883 1269 τοῖς
912 1204 1062 1261 οὖσιν
1091 1210 1223 1264 ἐκεῖ.
1258 1213 1447 1266 Ταῦτα.
1476 1214 1574 1283 μὲν
1612 1216 1771 1278 αὐτὸς
1818 1215 1921 1271 εἶδε

351 1293 439 1342 καὶ
470 1292 684 1363 ἑώρακε
718 1299 1021 1364 μεσιτείαις
1073 1302 1165 1354 τοῦ
1195 1302 1454 1373 θεοφόρου
1487 1307 1696 1377 Πατρός
1719 1323 1733 1339 ·
1760 1308 1922 1371 αὐτὸς

348 1384 457 1453 γὰρ
499 1388 817 1457 παρρησίαν
841 1390 998 1460 ἔχων,
1034 1393 1131 1461 τῆς
1175 1394 1341 1448 αὐτοῦ
1378 1398 1609 1466 θεωρίας
1639 1399 1921 1470 ἐχαρίζετο

352 1475 652 1540 μεσιτεύων
678 1478 847 1547 αὐτῷ,
875 1484 967 1534 καὶ
999 1484 1278 1553 πανταχοῦ
1304 1488 1470 1542 αὑτοῦ
1500 1491 1918 1561 π’ροῖστάμενος,

348 1561 500 1630 δὺξαν
530 1566 725 1639 εὐκλεῆ
756 1569 902 1642 αὐτῷ
942 1573 1307 1630 ὲναπετίθετο.

2038 506 2138 560 sibi
2172 507 2382 564 decenti
2413 527 2534 565 eum
2572 514 2836 580 gravitate
2863 512 3159 582 explicuit;
3210 519 3606 581 extensumque

2036 596 2196 667 longe
2226 599 2440 669 lateque
2486 602 2828 659 nitidissimis
2863 606 3114 658 manibus
3164 612 3355 658 tenens
3383 645 3397 667 ,
3439 620 3627 672 supra-

2036 700 2252 742 omnem
2273 692 2453 759 pepuli
2474 692 2595 747 istic
2624 695 2934 764 congregati
2966 702 3166 750 ctetum
3191 693 3453 764 expandit
3486 713 3498 748 :
3533 694 3607 747 id.

2036 791 2143 845 que
2174 778 2246 833 ita
2278 794 2605 850 expansum,
2637 785 2807 854 gloria
2843 784 3056 839 Domini
3087 785 3261 839 instar
3290 785 3475 839 electri
3502 802 3603 839 un-

2034 867 2200 937 dique
2251 870 2581 940 ell‘ulgente,
2631 878 3033 944 conspexerunt
3098 876 3200 929 viri
3260 876 3627 931 admirabiles»

2035 955 2368 1027 Epiphanius
2403 969 2456 1015 et
2485 962 2767 1026 Andreas;
2800 976 3199 1033 conspexerunt
3231 974 3419 1019 autem
3444 967 3606 1035 longo

2032 1048 2164 1102 satis
2204 1058 2444 1119 tempore
2472 1091 2485 1113 .
2533 1053 2783 1110 videlicet
2815 1057 3056 1125 quandiu
3103 1057 3225 1111 istic
3255 1058 3600 1112 sanctissima

2033 1138 2125 1193 Dei
2175 1140 2419 1197 Genitrix
2470 1145 2646 1198 adfuit
2691 1163 2707 1200 :
2755 1158 2878 1216 post
2929 1148 3086 1215 cujus
3144 1148 3447 1204 discessum
3512 1163 3604 1204 ve-

2026 1230 2136 1282 ltnn
2181 1247 2399 1301 quoque
2436 1235 2607 1289 videri
2640 1237 2844 1303 desiit,
2882 1238 3045 1293 simul
3084 1254 3206 1293 cum
3264 1241 3378 1308 ipsa
3428 1240 3605 1293 subla-

2028 1330 2175 1385 tum,
2208 1324 2394 1379 relicta
2429 1328 2790 1395 praisentibus
2825 1330 3081 1384 omnibus
3110 1331 3279 1400 gratia
3316 1330 3600 1400 singulari.

2025 1412 2203 1483 Atque
2236 1415 2337 1470 hac
2365 1417 2620 1486 dignatus
2653 1430 2737 1474 est.
2786 1420 2996 1475 visione
3024 1420 3360 1490 Epiphanius
3381 1461 3393 1483 ,
3426 1421 3594 1475 inter-

2026 1504 2365 1560 venientibus
2413 1509 2581 1562 divini
2628 1509 2801 1565 Patris
2857 1511 3087 1566 Andreae
3139 1513 3392 1581 precibus
3446 1530 3458 1564 :
3512 1512 3598 1564 hie

2023 1592 2168 1647 enim
2196 1609 2258 1648 ea
2284 1596 2423 1663 apud
2458 1611 2687 1665 superos
2714 1600 2949 1668 pollebat
2989 1601 3160 1668 gratia
3192 1610 3352 1671 atque
3380 1602 3596 1666 tidueia,

349 1664 490 1765 utnet
522 1658 697 1728 ipsum
724 1677 816 1730 per
845 1663 1292 1721 intercessionem
1318 1683 1466 1723 suam
1492 1686 1715 1727 suarum
1747 1676 2015 1733 visionum
2084 1658 2399 1754 participem
2473 1658 2671 1745 faceret
2703 1658 2727 1757 ξ
2753 1694 2911 1762 cujus
2989 1658 3191 1765 ubique
3254 1658 3369 1748 erat
3413 1695 3463 1747 in
3498 1712 3609 1748 an-

348 1748 535 1802 xiliuut
584 1762 905 1822 promptus,
951 1765 1006 1810 et
1050 1757 1276 1823 gloriam
1326 1760 1581 1831 inclytam
1613 1767 1910 1833 pluritnum
1953 1748 2339 1843 antplifieabat.

417 1859 514 1917 σε’.
547 1864 768 1918 Ἀλλοτε
801 1867 854 1919 δὲ
886 1870 1049 1923 πάλιν
1088 1872 1183 1925 τοῦ
1235 1877 1510 1945 μακαρῖου
1548 1878 1605 1931 ὲν
1632 1881 1708 1949 τῷ
1741 1883 1916 1937 Ἰππο-

2095 1894 2221 1949 205.
2270 1897 2417 1951 Alias
2464 1914 2587 1952 cum
2625 1901 2705 1953 vir
2749 1900 2938 1955 beatus
2974 1900 3208 1955 hominis
3242 1918 3427 1971 parum
3479 1905 3617 1958 sani'

344 1954 551 2024 δρομὶῳ
599 1957 882 2022 παίζοντος
911 1962 1050 2014 κατά
1100 1963 1158 2016 τὸ
1209 1965 1401 2029 εἰωθὸς
1447 1968 1618 2039 αὐτῷ,
1670 1971 1762 2024 καί
1802 1991 1922 2027 τινα

346 2045 557 2115 ἄθεσμα
584 2047 659 2110 ὼς
699 2048 857 2117 δῆθεν
887 2052 1321 2122 εἰσπράττοντος,
1352 2059 1401 2109 ol
1444 2059 1565 2112 λαοὶ⁵
1610 2062 1919 2131 βλέποντες,

344 2138 392 2188 οἱ
422 2138 520 2206 μὲν
567 2138 857 2205 ἐθλίϐοντο,
884 2144 933 2195 οἱ
963 2143 1018 2196 δὲ
1062 2147 1460 2211 μυσαττόμενοι
1509 2152 1917 2221 ἀνεθεμάτιζον,

346 2228 438 2277 καὶ
504 2229 820 2297 κατηρῶ-ιτο
858 2231 1005 2301 αύτῷ
1048 2234 1123 2297 ὡς
1174 2237 1371 2306 πικρὸν
1415 2238 1644 2309 δαίμονα
1703 2244 1917 2313 ἔχοντα.

349 2312 439 2378 Εἷς
467 2316 524 2370 δέ
566 2336 649 2381 τις
698 2320 806 2372 τῶν
850 2323 1101 2390 μεγάλων
1130 2324 1494 2397 διερχόμενος,
1547 2331 1682 2390 ἰδὼν
1736 2312 1917 2403 αὐτὸν,

345 2405 659 2472 ὲϐδελύξατο
687 2412 846 2464 αὑτὸν
871 2413 968 2465 καὶ
998 2416 1314 2471 ἐνέπτυσεν.
1358 2419 1415 2473 Ὀ
1449 2423 1503 2475 δὲ
1538 2424 1795 2495 θεράπων
1820 2431 1916 2483 τοῦ

345 2500 582 2567 Χριστοῦ
613 2503 705 2554 ἐπὶ
740 2503 939 2574 πολλὴν
970 2504 1120 2575 ὤραν
1172 2512 1454 2580 προσέχων
1484 2515 1669 2579 αὑτὸν,
1706 2520 1799 2572 καὶ
1828 2539 1921 2573 κα-

341 2593 612 2658 τανοήσας
633 2594 699 2645 τὰ
727 2594 915 2655 αὐτοῦ,
942 2595 1087 2664 λέγει
1119 2600 1251 2669 πρὸς
1294 2602 1457 2656 αὐτύν
1484 2621 1499 2635 ·
1528 2607 1702 2674 Δόλιε,
1739 2612 1916 2681 μοιχὲ,

343 2680 877 2751 ὲκκλησιεμπαῖκτα,
922 2689 950 2740 ὀ
979 2691 1203 2764 ἀφορμῇ
1232 2693 1331 2762 τῆς
1361 2696 1680 2766 ἐκκλησίας,
1708 2703 1785 2773 τῷ
1813 2705 1919 2759 Σα-

343 2773 479 2841 τανᾷ
521 2773 796 2843 ὀρθρίζεις
838 2776 947 2857 ἀπὺ
990 2785 1343 2850 μεσονυκτίου
1386 2788 1767 2859 ἐγειρόμενος·
1820 2796 1918 2849 οὐκ

345 2862 452 2917 ἰδοὺ
482 2865 715 2935 ἔφθασεν
740 2868 771 2939 ἡ
799 2868 931 2941 ρόγα
961 2872 1038 2943 (5)
1063 2890 1179 2942 σου,
1206 2874 1292 2927 ἵνα
1315 2876 1460 2951 λήψῃ
1483 2881 1623 2934 καθὰ
1649 2884 1911 2954 ἔπραξας,

340 2955 524 3009 λαθεῖν
552 2959 787 3028 νομίζων
821 2962 899 3032 τῷ
928 2964 1143 3036 φοὸερῷ
1168 2962 1433 3041 ὀφθαλμῷ
1457 2970 1551 3026 τοῦ
1586 2972 1869 3039 ὲτάζοντος
1898 2993 1912 3041 ;

343 3045 526 3099 Ταῦτα
543 3049 746 3114 ἐκεῖνος
773 3052 1030 3116 ἀκούσας,
1061 3060 1355 3128 πτερνίσας
1383 3062 1474 3115 τὸν
1503 3064 1691 3132 ἵππον,
1719 3066 1917 3137 ἀνεχώο

348 3155 545 3207 ρησεν·
578 3142 672 3195 καὶ
720 3142 829 3213 γὰρ
868 3147 1260 3219 χαρτουλάριος
1292 3153 1400 3205 τῶν
1449 3154 1694 3224 πλοΐμων
1744 3158 1911 3229 ὲχρηο

346 3229 590 3298 μάτιζεν,
623 3233 730 3287 ἀπὸ
776 3236 1099 3307 ’Δμάστρων
1146 3241 1485 3312 ὁρμώμενος.
1533 3247 1672 3300 Μεθ’
1702 3251 1911 3319 ἡμέρας
1937 3231 1981 3290 c

341 3319 434 3376 οὖν
485 3342 629 3388 τινας
676 3326 816 3397 νόσῳ
855 3329 1135 3403 δεινοτάτῃ
1179 3336 1479 3403 συσχεθεὶς,
1527 3338 1668 3391 κατά
1720 3342 1916 3410 μικρδν

342 3415 540 3484 ἧρξατο
570 3418 1029 3489 ταλαιπωρεῖσθαι
1061 3423 1138 3493 (8)
1163 3438 1176 3452 ⁸
1206 3424 1451 3495 ἀπῄεσαν
1477 3424 1570 3481 οὖν
1594 3430 1699 3483 ἀπὸ
1719 3432 1916 3501 ἔκκλη-

343 3508 461 3569 σίας
492 3511 569 3571 εἰς
602 3511 918 3580 ἐκκλησίαν,
956 3516 1049 3567 καὶ
1074 3516 1181 3569 ἀπὸ
1234 3519 1419 3589 ἰατροῦ
1456 3522 1535 3584 εἰς
1577 3522 1781 3591 ἰατρον,
1818 3526 1914 3576 καὶ

340 3596 439 3648 οὐκ
463 3593 529 3666 ἦν
552 3598 613 3650 τὸ
645 3598 974 3670 ζητούμενον

2027 1993 2243 2049 partes,
2285 1998 2344 2041 ut
2380 1989 2569 2062 solitus
2608 2000 2760 2054 erat,
2800 1991 2850 2043 in
2887 1991 3260 2060 llippodromo
3293 2002 3506 2062 ageret,
3544 2004 3597 2044 et

2023 2071 2204 2141 aliqua
2242 2076 2427 2131 minus
2458 2059 2654 2132 decora
2684 2080 3087 2145 committeret;
3126 2082 3472 2149 prtesentium
3504 2081 3594 2133 alii

2022 2165 2475 2223 exeruciahantur
2524 2169 2751 2235 animo,
2812 2170 2902 2224 alii
2961 2171 3381 2238 indignabantur
3432 2180 3605 2239 atque.

2022 2258 2444 2315 exsecrabantur
2475 2262 2772 2328 hominem,
2805 2276 2857 2317 ct
2890 2262 3192 2316 maledictis
3225 2263 3594 2323 incessebant;

2022 2350 2189 2405 veluti
2223 2367 2251 2403 ει
2288 2357 2524 2420 pessimo
2555 2353 2799 2407 daamone
2834 2354 3129 2406 incessum.
3167 2353 3406 2407 Transiit
3457 2353 3595 2407 forte

2022 2440 2184 2494 etiam
2215 2458 2356 2496 unus
2388 2442 2586 2509 aliquis
2616 2458 2644 2495 e
2680 2442 3045 2510 magnatibus,
3081 2441 3171 2511 qui
3203 2442 3472 2495 Andream
3506 2442 3589 2493 in-

2022 2529 2214 2596 tuitus,
2251 2532 2521 2585 conviciis
2557 2531 2837 2601 impetere,
2872 2546 3179 2599 conspuere
3210 2540 3264 2584 et
3316 2531 3588 2586 exsecrari

2022 2622 2204 2687 εωρίι.
2234 2619 2405 2685 Quem
2434 2619 2638 2674 Christi
2687 2620 2923 2674 famulus
2960 2621 3173 2674 diutino
3214 2629 3457 2690 tempore
3507 2630 3588 2675 at-

2023 2722 2167 2766 tente
2210 2712 2483 2782 aspiciens
2510 2752 2524 2775 ,
2554 2721 2608 2765 et
2637 2711 2894 2767 interiora
2919 2713 3273 2767 considerans
3294 2753 3307 2775 ,
3352 2713 3424 2765 ita
3458 2712 3591 2764 allo-

2020 2804 2207 2873 quitur
2239 2822 2252 2858 :
2288 2803 2655 2858 Fraudulente
2679 2843 2694 2867 ,
2739 2804 2973 2870 adulter,
3000 2804 3242 2859 ecclesia:
3267 2804 3490 2874 profane
3526 2805 3589 2857 il-

2020 2895 2207 2961 lusor,
2252 2896 2343 2965 qui
2380 2905 2643 2964 praetextu
2678 2896 2824 2949 illam
2863 2896 3247 2965 frequentandi
3272 2904 3293 2959 ,'
3321 2897 3430 2965 jam
3465 2895 3591 2949 inde

2020 2998 2048 3037 a
2080 2983 2255 3039 media
2294 2996 2449 3040 nocte
2477 2996 2831 3055 experrectus
2854 3027 2866 3048 .
2899 2986 3114 3041 Satana:
3144 2986 3333 3054 vigilas
3360 3002 3374 3051 ;
3410 2999 3591 3037 nonne

2019 3071 2203 3129 vides?
2249 3072 2448 3131 Verum
2480 3076 2784 3130 altendesis
2808 3115 2823 3140 ,
2874 3086 3117 3145 paratam
3156 3076 3459 3129 mercedem
3491 3075 3584 3127 tibi

2020 3174 2166 3219 tuam
2194 3180 2350 3231 esse,
2386 3181 2549 3235 quam
2592 3179 2751 3236 prout
2796 3167 3056 3221 laborasti
3085 3166 3353 3235 accipies,
3391 3165 3588 3218 misere

2014 3256 2271 3323 deceptus
2330 3258 2586 3326 opinione
2643 3269 2732 3313 tua
2762 3298 2776 3322 ,
2830 3274 3056 3327 sperans
3093 3272 3253 3328 posse
3294 3272 3456 3324 Opera
3495 3264 3585 3308 tua

2022 3347 2362 3415 perspicaees
2389 3347 2600 3402 Judicis
2627 3349 2816 3404 oculos
2843 3349 3029 3403 latere.
3063 3348 3183 3402 llaec
3217 3348 3307 3403 ille
3337 3346 3584 3407 audiens,

2022 3436 2256 3492 subditis
2280 3454 2420 3507 equo
2465 3439 2768 3493 calcaribus
2792 3481 2806 3503 ,
2852 3456 2882 3493 e
2911 3439 3135 3508 vestigio
3168 3454 3227 3493 se
3258 3438 3383 3491 inde
3412 3438 3588 3506 prori-

2021 3526 2165 3594 puit;
2224 3537 2335 3581 erat
2390 3536 2573 3583 autem
2634 3528 2999 3583 chartularius
3054 3527 3129 3598 (6)
3191 3525 3584 3594 navigationis,

2020 3614 2287 3671 Amastris
2316 3616 2393 3686 (7)
2453 3617 2738 3674 oriundus.
2786 3616 2902 3672 Non
2944 3616 3444 3671 naultiellluxerunt
3470 3613 3585 3667 dies

340 3706 463 3743 cum
519 3692 605 3747 hic
658 3693 772 3762 ipse
816 3695 870 3749 in
916 3698 1299 3767 gravissimum
1348 3702 1596 3758 incidens
1625 3707 1869 3759 morbum
1897 3747 1911 3771 ,
1948 3709 2094 3764 brevi
2161 3720 2402 3783 tempore
2451 3712 2587 3767 febri
2629 3723 2855 3769 exustus
2905 3715 2971 3768 ad
3057 3721 3296 3767 extrema
3338 3711 3586 3765 redactus

337 3792 421 3837 est
455 3802 469 3837 :
499 3785 745 3857 itumque
785 3792 969 3844 statim
1009 3792 1111 3846 fuit
1136 3796 1204 3847 ab
1243 3797 1468 3851 ecclesia
1502 3798 1555 3851 in
1589 3800 1899 3866 ecclesiam,
1940 3819 1972 3858 a
2020 3805 2230 3860 medico
2297 3809 2364 3861 ad
2432 3808 2739 3874 medicum;
2784 3824 2884 3863 nec
2924 3818 3101 3863 tamen
3158 3809 3394 3878 uspiam,
3439 3804 3583 3874 quod

340 3882 705 3943 quarreliatur,
736 3882 1014 3937 inventum
1056 3896 1138 3939 est
1169 3888 1489 3943 remedium.

413 3966 521 4032 σις’.
555 3970 764 4033 Νυκτὸς
800 3972 857 4025 δὲ
887 3974 1074 4045 οὔσης,
1104 3978 1287 4047 βλέπει
1339 3981 1367 4032 ὁ
1391 3981 1534 4041 ὅσιος
1568 3981 1793 4052 πλησίον
1815 3984 1909 4037 τοῦ

338 4060 485 4111 οἴκου
532 4061 696 4114 αὑτοῦ
730 4063 958 4131 ἄγγελον
1005 4068 1230 4138 Κυρίου,
1266 4071 1341 4133 ὡς
1390 4072 1497 4123 ἀπὸ
1544 4072 1766 4142 δυσμῶν
1802 4092 1908 4127 πα-

342 4153 702 4222 ραγενόμενον
732 4155 817 4207 διὰ
872 4157 965 4209 τοῦ
995 4160 1171 4230 ἀέρος,
1204 4161 1261 4223 ὃς
1290 4157 1357 4231 ἦν
1402 4161 1647 4231 πύρινος,
1681 4164 1906 4234 ἀγρίους

341 4243 479 4311 ἔχων
500 4246 620 4306 τοὺς
659 4246 989 4316 ὀφθαλμοὺς,
1021 4252 1111 4304 καὶ
1136 4254 1169 4320 ἡ
1200 4253 1311 4305 ἰδέα
1357 4253 1450 4306 τοῦ
1484 4253 1775 4323 προσώπου
1807 4258 1905 4309 αὐ»

340 4335 433 4387 τοῦ
465 4339 540 4397 ὡς
570 4337 700 4409 πῦρ,
730 4339 870 4393 mei
915 4342 971 4393 ὲν
1000 4342 1190 4412 δρυμῷ
1219 4344 1417 4413 φλέγον
1462 4347 1557 4398 καὶ
1589 4346 1788 4417 βρύχον
1814 4348 1905 4400 τοῦ

342 4427 641 4498 ἐξαλεῖψαι,
678 4433 896 4500 κρατῶν
942 4435 999 4486 ἐν
1036 4438 1101 4505 τῇ
1131 4439 1276 4505 χειρὶ
1322 4439 1485 4491 αὐτοῦ
1522 4440 1723 4511 ρἁδον,
1748 4439 1909 4510 πύριέ

2085 3982 2212 4036 206.
2256 3981 2376 4036 Jam
2414 3998 2522 4038 nox
2552 3984 2867 4053 ingruerat,
2913 3998 3036 4037 cum
3071 3995 3292 4039 sanctus
3319 3988 3584 4055 Andreas,

2016 4089 2123 4128 non
2166 4074 2353 4143 procul
2383 4090 2410 4126 a
2443 4074 2607 4127 domo
2640 4074 2885 4142 praedicti
2919 4074 3022 4128 viri
3044 4113 3058 4137 ,
3108 4077 3372 4143 conspicit
3418 4094 3555 4148 auge

2017 4167 2127 4220 lum
2174 4167 2388 4220 Domini
2422 4168 2490 4221 ab
2522 4168 2805 4222 occidente
2852 4183 2946 4236 per
2976 4182 3101 4221 aera
3144 4166 3433 4234 advolare;
3470 4180 3586 4222 erat

2016 4268 2195 4312 autem
2227 4260 2453 4328 angelus
2492 4259 2735 4327 undique
2761 4259 3150 4321 inflammatus,
3184 4268 3237 4314 et
3270 4268 3423 4315 torvo
3457 4276 3587 4314 oeu-

2013 4347 2185 4402 lorum
2225 4349 2417 4403 obtutu
2470 4338 2539 4404 ac
2583 4349 2726 4405 facie
2770 4350 3012 4405 referens
3050 4351 3264 4421 ignem,
3301 4352 3477 4420 qualis
3504 4353 3585 4404 vel

2012 4437 2202 4491 silvam
2229 4439 2538 4501 incendere.
2573 4452 2623 4495 et
2651 4441 3012 4510 cum.crepitu
3044 4440 3097 4494 in
3133 4441 3349 4497 cineres
3392 4450 3579 4511 posset

342 4533 452 4581 νον,
483 4519 577 4570 καὶ
619 4520 817 4589 ἤρχετο
856 4524 949 4574 ἐπὶ
993 4525 1082 4576 τὸν
1111 4521 1258 4578 οἶκον
1295 4526 1387 4578 τοῦ
1419 4527 1655 4581 ἐλεεινοῦ
1700 4528 1909 4582 ἐκείνου

2022 4529 2280 4600 redigere.
2338 4531 2599 4587 Gestabat
2634 4548 2971 4588 veronnanu
3014 4534 3216 4605 virgam
3267 4534 3574 4600 ardentem,

340 4610 728 4678 ἀπειλούμενος
762 4614 1011 4683 ὲκριζοῦν
1037 4616 1127 4667 καὶ
1154 4616 1222 4667 τὰ
1247 4616 1491 4686 θεμέλια.
1531 4620 1656 4672 Ὅτε
1689 4618 1782 4674 οὖν
1814 4623 1908 4673 ἐπὶ

341 4704 430 4754 τὸν
478 4703 803 4758 ἀσθενοῦντα
863 4707 1100 4774 ἐγένετο,
1150 4709 1337 4762 ἀκούει
1380 4715 1561 4781 φωνῆς
1610 4711 1798 4781 ὥσπερ
1849 4713 1909 4777 ἐξ

342 4795 509 4862 ὕψους
549 4795 811 4866 λεγούσης
839 4815 851 4828 ·
885 4799 1016 4868 Δέρε
1060 4800 1149 4852 τὸν
1186 4801 1520 4871 ἐμπαίκτην,
1561 4802 1653 4855 τὸν
1699 4803 1908 4872 σοδομί-

339 4902 460 4952 την,
506 4886 598 4937 τὸν
635 4888 843 4957 μοιχὸν,
894 4890 984 4940 τὸν
1033 4891 1252 4959 πόρνον,
1305 4892 1395 4943 τὸν
1426 4893 1596 4958 ἀσεϐῆ
1632 4897 1725 4947 καὶ
1775 4895 1905 4949 ἀλά-

341 4992 537 5046 στορα·
607 4978 710 5041 ἓως
764 4972 825 5030 οὗ
884 4979 1091 5052 τύπτῃς
1143 4981 1325 5048 αὑτὸν,
1374 4983 1515 5036 οὕτω
1571 4984 1715 5052 λέγε,
1767 4987 1907 5056 Πορ-

338 5063 548 5128 νεύεις;
617 5067 922 5136 ’Λπήρξατο
969 5069 1061 5123 οὖν
1107 5070 1329 5123 τύπτειν
1376 5072 1560 5137 αὐτὸν,
1610 5075 1704 5126 κα)⁸
1763 5074 1908 5142 λέγει

339 5155 490 5225 αὑτῷ
511 5173 524 5187 ·
562 5158 875 5227 Πορνεύεις,
914 5160 1206 5229 μοιχεύεις,
1232 5162 1501 5232 ὀρθρίζεις
1526 5163 1604 5233 τῷ
1632 5164 1866 5235 διαϐόλῳ
1888 5183 1905 5231 ;

340 5245 449 5297 Καὶ
479 5242 547 5316 ἦν
588 5248 687 5316 μὲν
722 5250 908 5321 φωνὴν
950 5250 1116 5303 αὑτοῦ
1148 5252 1466 5320 ἀκούεσθαι,
1492 5252 1583 5308 τὸν
1614 5255 1672 5309 δὲ
1704 5256 1907 5329 ταύτην

411 5449 487 5518 45)
522 5448 980 5525 Ῥύγαβςρῃσιὶο,
1007 5455 1348 5524 stipendium,
1370 5456 1436 5509 de
1458 5470 1564 5525 qua
1589 5469 1719 5510 voce
1739 5456 1908 5511 multa

337 5521 609 5577 Meursius
656 5525 709 5576 in
742 5521 1267 5596 GlOssariofor-igo
1317 5521 1676 5580 haud—dubie
1722 5525 1908 5579 Latina

335 5601 442 5645 εει.

408 5662 485 5731 (6)
531 5661 602 5719 De
652 5663 1002 5719 cltartulariis
1059 5668 1234 5722 multa
1283 5667 1422 5722 idem
1458 5667 1656 5731 habet,
1710 5676 1763 5723 et
1811 5668 1909 5721 tria

2017 4623 2205 4691 sicque
2250 4624 2315 4676 a'l
2360 4624 2543 4680 miseri
2588 4625 2825 4680 hominis
2865 4626 3159 4681 deveniens
3209 4626 3582 4693 domicilium,

2017 4713 2369 4768 fundamenta
2425 4716 2549 4784 ejus
2603 4716 2916 4771 minabatur
2991 4717 3275 4772 subruere-
3318 4717 3584 4774 funditus.

2014 4803 2308 4875 Postquam
2356 4818 2537 4860 autem
2586 4808 2652 4862 ad
2704 4808 2980 4863 infirmum
3036 4810 3214 4880 ipsum
3266 4824 3582 4881 perventum

2015 4906 2192 4959 esset,
2225 4897 2417 4951 audita
2446 4899 2557 4953 haec
2584 4914 2686 4953 vox
2726 4910 2809 4954 est
2834 4938 2849 4965 ,
2893 4902 3050 4970 quasi
3083 4903 3298 4959 etelitus
3335 4904 3537 4975 allapsa
3566 4921 3581 4957 :

2016 4987 2248 5043 Excoria
2275 4990 2574 5049 derisoretn
2620 4990 2809 5057 istum,
2841 4993 3165 5049 sodomitam
3193 5035 3223 5061 ,_
3251 4996 3580 5056 adulterum,

2016 5089 2401 5145 scortatorem,
2425 5081 2708 5151 religionis
2733 5083 3025 5159 populique
3054 5088 3383 5154 perniciem;
3409 5101 3587 5155 quan-

2014 5171 2104 5223 diu
2144 5179 2325 5225 autem
2364 5172 2540 5241 ipsum
2577 5175 2933 5241 percusseris,
2968 5176 3055 5231 die
3084 5177 3375 5232 identidem
3405 5196 3419 5231 :
3451 5175 3583 5229 For-

2015 5260 2218 5316 nicaris
2240 5263 2536 5318 etiamnum
2562 5266 2585 5318 Υ
2614 5265 2678 5319 Ει
2708 5267 2892 5322 statim
2922 5270 3156 5338 arreptis
3196 5266 3379 5336 ﬂagris
3418 5265 3582 5334 ccepit

2019 5474 2209 5540 eorum
2258 5459 2543 5540 distinguit
2578 5480 2774 5533 genera
2823 5484 2837 5525 :
2890 5469 2977 5522 hic
3033 5477 3215 5523 autem
3265 5466 3577 5540 designatur

2021 5530 2231 5604 aliquis
2251 5530 2603 5602 vectigalium
2629 5540 2936 5604 prmt'ectus.

2090 5601 2168 5674 (Ἰ)
2208 5600 2506 5674 ᾼΔηιοειίτε,
2539 5600 2668 5657 urbs
2702 5606 3101 5674 Paphlagoniae.

2095 5672 2169 5739 (8)
2214 5670 2309 5725 Ms.
2349 5671 2517 5728 Vatir.
2557 5670 2929 5738 πλανέξεσθαιῖ
