4088 6216
489 212 595 269 8⁷ιῆ

491 416 791 484 Orientem,
837 422 1215 480 humiliatnrus
1257 430 1395 485 filios
1439 432 1581 500 Agar
1614 433 1773 502 (l9):
1822 450 2052 489 succen-

491 507 633 561 sebit
662 525 898 580 namque
938 514 1045 568 illis
1086 516 1348 573 Dominus
1385 520 1462 573 ira
1492 523 1798 578 vehementi
1835 536 2053 594 propter

492 596 857 667 hlasphemias
886 612 939 656 et
975 602 1184 660 fructus
1212 623 1350 676 quos
1388 608 1699 677 proferent,
1745 613 2054 668 acerbiores

492 686 897 745 Sodomitarum
930 702 984 747 et
1016 695 1526 768 Gomorrlueornm;
1578 714 1631 757 et
1660 705 1895 760 stimulis
1934 709 2055 778 qni-

492 777 719 835 busdam
759 785 1044 839 suscitahit
1074 802 1249 857 regem
1284 788 1678 863 Romanorum,
1711 798 1927 866 penitus
1956 777 2052 855 cx-

494 868 738 924 cisurum
781 883 993 943 gentem
1031 876 1285 947 impiam,
1322 890 1376 934 et
1418 883 1558 937 lilios
1596 901 1793 941 eorum
1822 889 2056 943 abolitu-

495 976 615 1015 l'll’m
653 963 794 1028 igni;
832 964 933 1034 ipsi
966 982 1093 1021 vero
1122 970 1303 1023 traditi
1331 971 1385 1025 in
1424 989 1619 1028 manus
1656 977 1810 1045 ejus,
1853 980 2054 1034 violeno

496 1052 721 1107 tissimis
755 1055 987 1110 ﬂammis
1017 1058 1393 1115 absumuntur.
1427 1061 1639 1135 Illyrico
1677 1079 1854 1123 antem
1898 1074 2055 1125 resti-

495 1154 609 1198 tuto
640 1146 865 1215 imperio
896 1150 1158 1214 Romano,
1189 1163 1241 1206 et
1261 1154 1492 1225 {Egypto
1516 1172 1833 1226 apportante
1856 1163 2052 1217 tributa

494 1252 626 1302 sua,
670 1248 830 1306 ponet
864 1256 953 1293 rex
983 1242 1121 1295 idem
1153 1258 1316 1312 super
1366 1263 1511 1301 mare
1550 1250 1826 1305 dexteram
1874 1269 2052 1316 suam.

492 1337 546 1380 et.
595 1328 839 1383 nationes
884 1331 1047 1385 ﬂavas
1091 1335 1473 1390 mansuefariet
1502 1378 1516 1403 ,
1553 1352 1605 1394 et
1653 1342 1902 1399 inimicos
1951 1346 2055 1399 sub

495 1419 745 1474 manibus
775 1421 892 1476 Suis
934 1423 1241 1479 humiliabit
1274 1442 1288 1479 :
1326 1438 1376 1481 et
1410 1429 1624 1484 durabit
1673 1432 1957 1499 imperium
1991 1436 2055 1488 il-

494 1512 595 1566 tius
654 1528 826 1568 annos
863 1516 1080 1583 triginta
1128 1518 1286 1571 duos.
1342 1520 1668 1574 Duodecimn
1700 1534 1877 1577 autem
1909 1542 2052 1580 anno

495 1604 638 1670 regni
669 1619 864 1657 census
894 1617 948 1659 et
983 1622 1206 1661 munera
1239 1609 1380 1662 nulla
1429 1613 1682 1679 accipiet,
1725 1614 1816 1668 sed
1850 1617 2053 1670 excita-

1546 231 1960 294 NlCEPlIORl
2006 236 2479 302 PRESBYTER!
2512 243 2618 305 CP.

559 324 688 379 2I0.
744 327 873 384 Post
932 331 1044 387 haec
1091 346 1371 391 cunvertet
1424 312 1517 393 rex
1558 342 1751 397 l'aciem
1794 358 1947 396 suam
1983 344 2050 397 ad
2082 352 2124 405 Α

2229 366 2279 401 σι
2301 390 2315 403 .
2350 355 2457 403 Kal
2483 351 2621 421 μετᾶ
2643 349 2818 403 ταῦτα
2846 352 3006 405 δώσει
3036 351 3095 405 τὸ
3125 351 3413 422 πρόσωπον
3435 350 3600 404 αὐτοῦ
3632 351 3728 404 ἐπὶ

2165 441 2475 503 ’Λνατολάς.
2504 442 2600 496 καὶ
2633 442 2961 497 ταπεινώσει
2993 445 3118 506 τοὺς
3145 443 3296 505 υἱοὺς
3335 442 3504 511 ’Δγάρ
3530 458 3545 472 ⁸
3576 442 3729 511 ὀργι-

2155 530 2410 601 σθήσεται
2444 534 2552 602 γὰρ
2579 535 2607 585 6
2640 534 2843 606 Κύριος
2870 534 2957 587 διὰ
2990 534 3086 603 τὴν
3130 534 3478 603 βλασφημίαν
3516 533 3722 595 αὐτῶν,

2153 622 2246 675 καὶ¹
2273 623 2360 675 διὰ
2388 624 2448 676 τὸ
2473 620 2614 678 εἶναι
2643 624 2736 677 τδν
2784 625 2996 695 καρπὸν
3043 626 3221 678 αὐτῶν
3256 624 3418 695 χολὴν
3448 626 3722 695 Σοδόμων,

2154 713 2247 766 καὶ
2282 714 2503 781 πικρίας
2539 716 2576 767 Γ
2579 717 2829 787 ομόρῤων
2851 730 2867 746 ⁸
2896 716 2991 769 καὶ
3029 715 3116 768 διὰ
3148 716 3306 769 τοῦτο
3352 716 3515 780 νύξας
3543 718 3727 786 ἐγερεῖ

2154 804 2246 857 τὸν
2276 804 2499 875 βασιλέα
2539 806 2823 875 Ῥωμαίων
2856 807 2945 861 ἐπ’
2993 809 3226 871 αὐτοὺς,
3279 810 3372 860 καὶ
3415 808 3727 878 ὲξολοθρεύο
3810 846 3815 849 »

2156 911 2237 946 σει
2268 893 2484 959 αὐτοὺς,
2518 896 2612 948 καὶ
2637 897 2703 950 τὰ
2728 897 2893 950 τέκνα
2925 898 3105 952 αὐτῶν
3133 900 3268 966 πυρὶ
3297 898 3562 952 ἀναλώσει
3581 915 3596 930 ’
3627 900 3726 953 καὶ

2155 986 2307 1039 αὐτοὶ
2331 988 2378 1039 οἱ
2408 990 2830 1059 παραδεδομένοι
2877 992 2955 1052 είς
2984 990 3083 1051 τὰς
3107 992 3291 1060 χεῖρας
3319 990 3483 1043 αὑτοῦ
3506 991 3726 1062 ἐμπρη-

2158 1076 2278 1146 σμῷ
2309 1077 2598 1150 βιαιοτάτῳ
2649 1081 3117 1150 παραδοθήσονται
3150 1098 3162 1111 ·
3203 1083 3297 1134 καὶ
3342 1083 3725 1136 ἀποκαταστα-

2157 1168 2378 1233 θήσεται
2415 1171 2574 1223 πάλιν
2602 1173 2663 1224 τὸ
2700 1173 2995 1243 Ἰλλυρικὸν
3018 1175 3082 1242 τῇ
3113 1173 3360 1243 βασιλεία
3398 1174 3684 1244 Ῥωμαίων
3704 1192 3721 1208 ο

2157 1259 2369 1327 κομίσει
2402 1262 2458 1313 δὲ
2507 1265 2663 1333 καὶὴ
2719 1266 2994 1333 Αἴγυπτος
3038 1267 3106 1318 τά
3156 1267 3337 1319 πάκτα
3386 1267 3554 1336 αὐτῆς
3585 1268 3726 1335 (l3).

2159 1351 2268 1402 Kal
2300 1351 2453 1421 θήσει
2499 1354 2595 1423 τὴν
2625 1359 2782 1424 χεῖρα
2815 1355 2977 1409 αὑτοῦ
3024 1358 3122 1423 τὴν
3165 1356 3340 1420 δεξιὰν
3372 1357 3462 1409 ἐπὶ
3504 1358 3601 1427 τὴν
3629 1359 3729 1411 θά-

2158 1441 2381 1507 λασσαν,
2412 1447 2504 1497 καὶ
2535 1447 2811 1514 ἡμερώσει
2844 1448 2909 1500 τὰ
2942 1447 3111 1513 ξανθὰ
3144 1450 3298 1517 γένη,
3329 1450 3423 1502 καὶ
3456 1449 3727 1501 ταπεινώ-

2156 1546 2237 1580 σει
2256 1530 2383 1591 τοὺς
2409 1532 2633 1601 ἐχθροὺς
2663 1534 2766 1587 ὑπὸ
2790 1535 2887 1597 τὰς
2912 1537 3098 1604 χεῖρας
3129 1535 3315 1600 αὑτοῦ,
3339 1537 3431 1588 καὶ
3455 1538 3513 1588 τὸ
3542 1538 3724 1605 σκῆπο

2155 1637 2283 1689 τρον
2317 1622 2481 1675 αὑτοῦ
2513 1625 2665 1676 ἔσται
2697 1626 2989 1695 τριάκοντα
3031 1626 3123 1678 δύο
3171 1625 3265 1696 ἐτη
3293 1643 3307 1657 ο
3337 1627 3413 1696 τῷ
3439 1626 3730 1696 δωδεκάτῳ

491 1692 566 1745 bit
607 1708 790 1748 sacras
833 1696 1008 1757 ades.
1045 1707 1097 1750 et
1129 1699 1315 1751 altaria
1365 1701 1637 1756 confracta
1688 1708 2051 1773 restaurabit;

2157 1712 2266 1764 ἔτει
2299 1713 2395 1783 τῆς
2440 1714 2713 1779 βασιλείας
2744 1716 2911 1769 αὑτοῦ
2946 1717 3141 1785 κῆνσον
3174 1718 3267 1769 καὶ
3303 1717 3508 1786 δόματα
3533 1719 3593 1769 οὐ
3623 1719 3727 1788 λή-

490 1784 674 1837 nullus
706 1796 833 1838 tunc
869 1788 1220 1841 tribunalium
1261 1805 1390 1842 usus
1421 1791 1538 1851 erit,
1573 1810 1694 1846 eum
1735 1798 1825 1864 qui
1860 1796 2055 1852 inferat

490 1882 584 1925 aut
640 1874 875 1943 patiatur
931 1876 1182 1945 injuriam
1228 1894 1387 1932 nemo
1446 1880 1662 1937 futurus
1716 1886 1789 1939 sit
1848 1905 1863 1942 :
1918 1889 2054 1942 tilias

487 1965 688 2033 quippe
743 1965 1019 2019 hominum
1074 1972 1267 2023 timore
1315 1973 1398 2025 sui
1457 1973 1656 2042 injecto
1698 1982 1765 2030 ad
1825 1979 2050 2033 meliora

488 2048 694 2123 qumvis
721 2057 977 2124 impellet,
1004 2069 1054 2111 ct
1081 2071 1381 2127 magnates,
1409 2067 1499 2131 qui
1525 2074 1713 2119 contra
1740 2069 1832 2133 jus
1865 2072 2052 2139 fasque

487 2156 653 2217 agunt
681 2151 887 2215 omnia,
921 2150 1235 2208 humiliatos
1265 2155 1598 2224 adjudicabit
1634 2162 1813 2214 morti.

557 2336 680 2389 Qll.
726 2336 919 2391 Iisdem
967 2354 1126 2406 porro
1175 2342 1544 2408 temporibus.
1596 2361 1719 2414 rege
1748 2347 1839 2402 illo
1882 2351 2053 2417 impe-

488 2437 672 2492 rante,
704 2430 965 2498 quidquid
1005 2432 1162 2484 modo
1198 2433 1314 2485 auri
1346 2434 1537 2501 quovis
1571 2436 1623 2489 in
1660 2438 1776 2491 loco
1817 2440 2053 2495 abscon-

486 2519 654 2573 ditum
688 2522 848 2581 latet.
881 2523 1065 2577 divino
1095 2534 1224 2578 nutu
1249 2536 1501 2593 eruetur;
1537 2537 1589 2581 et
1625 2540 1879 2601 tanquam
1918 2549 2049 2586 ven-

488 2609 683 2661 tilabro
713 2610 1058 2680 dispergetur
1088 2628 1182 2680 per
1212 2628 1402 2668 omnes
1434 2615 1553 2683 ejus
1584 2620 1831 2673 subditos
1863 2639 1876 2674 :
1913 2623 2052 2676 unde

484 2712 539 2753 et
571 2701 995 2756 cumulabuntur
1030 2704 1235 2759 divitiis
1282 2716 1562 2775 magnates
1601 2709 1715 2773 ejus
1740 2751 1754 2774 ,
1793 2711 1924 2778 ipsis
1969 2728 2049 2766 re-

483 2791 644 2859 gibus
700 2791 855 2859 quasi
905 2792 1077 2846 nihilo
1129 2793 1418 2849 inferiores
1466 2796 1668 2863 futuri;
1717 2809 1771 2853 et
1817 2802 1909 2870 qui
1943 2817 2050 2869 pra-

487 2882 668 2948 inopia
703 2893 912 2937 tantum
944 2898 1049 2937 non
1075 2886 1347 2952 peribant,
1393 2889 1454 2939 ad
1484 2889 1789 2958 principum
1820 2894 2047 2961 gloriam

483 2983 645 3042 atque
675 2974 1005 3041 opulentiam
1036 2976 1412 3031 elevahuntur.
1444 2977 1604 3035 Zelus
1638 2983 1882 3051 ejusdem
1909 2985 2049 3054 regis

485 3064 908 3121 ardentissimus
954 3064 1096 3130 erit,
1140 3082 1247 3135 quo
1300 3066 1516 3124 Judwos
1565 3071 1763 3141 ubique
1806 3075 2045 3142 gentium

486 3168 863 3227 persequetur,
907 3167 964 3213 ct
1032 3159 1084 3212 in
1127 3169 1239 3215 tota
1263 3160 1363 3216 hac
1398 3163 1533 3218 urbe
1577 3164 1757 3220 nullus
1785 3164 2055 3222 lsmaelita

487 3250 793 3304 invenit-tur
826 3268 841 3306 :
891 3252 1135 3306 eamdem
1174 3269 1390 3324 quoque
1419 3264 1571 3309 tanto
1604 3258 1687 3311 sui
1729 3258 1925 3313 timore
1954 3261 2053 3313 im-

485 3342 672 3410 plebit,
727 3353 786 3396 ut
821 3358 999 3404 nemo.
1044 3344 1136 3410 qui
1180 3343 1326 3414 lyra‘,
1375 3346 1636 3409 citharze.
1684 3350 2050 3415 commdizeve,

382 3472 389 3475 -
484 3444 578 3489 aut
609 3436 761 3490 alteri
794 3437 967 3490 cuivis
1008 3436 1086 3491 rei
1115 3437 1292 3491 minus
1320 3437 1532 3491 decorae
1559 3453 1780 3508 operam
1816 3442 1929 3504 det,
1962 3458 2046 3498 re-

487 3528 776 3597 periendus
806 3528 878 3581 sit
908 3546 920 3580 :
952 3536 1217 3596 quotquot
1249 3528 1393 3582 enim
1424 3529 1620 3585 talibus
1651 3530 1852 3585 addicti
1886 3545 2047 3596 sunt,

484 3620 612 3672 odio
639 3626 996 3687 prosequetur
1022 3620 1240 3686 capitali
1266 3629 1322 3675 et.
1341 3620 1523 3689 ejiciet
1551 3637 1616 3676 ex
1646 3624 1780 3702 urbe
1810 3624 2046 3681 Domini.

488 3708 640 3764 Tunc
668 3724 795 3764 vero
836 3709 1094 3780 gaudium
1131 3710 1328 3779 ubique
1356 3722 1411 3766 et
1440 3714 1731 3768 exsultatio
1758 3716 2047 3783 videbitur,

423 3820 429 3825 -
487 3810 602 3854 tum
650 3801 802 3870 copia
850 3816 1032 3855 rerum
1083 3800 1326 3857 omnium
1372 3805 1607 3859 maxima
1663 3814 1770 3860 tam
1823 3822 1852 3860 a
1907 3816 2050 3863 terra

2156 1802 2338 1870 ψεται,
2388 1806 2503 1859 ἀλλ’
2533 1807 2823 1879 ἀναστήσει
2863 1801 3023 1872 ναοὺς
3068 1810 3277 1875 ἁγίους,
3311 1811 3403 1861 καὶ
3452 1811 3727 1863 ἀνοικοδο-

2159 1897 2322 1964 μήσει
2366 1898 2800 1967 συντετριμμένα
2831 1899 3211 1967 θυσιαστήρια,
3249 1902 3340 1952 καὶ
3367 1901 3489 1970 δίκη
3541 1902 3727 1954 οὐκέτι

2154 1984 2329 2045 ἔσται,
2354 1985 2473 2037 οὐδὲ
2504 1987 2530 2035 6
2553 1986 2776 2049 ἀδικῶν,
2808 1986 2929 2040 οὔτε
2952 1990 2978 2040 6
3004 1988 3359 2058 ἀδικούμενος
3387 2004 3399 2017 ·
3428 1988 3588 2056 φόϐον
3617 1990 3726 2057 γὰρ

2155 2078 2374 2144 ποιήσει
2421 2083 2534 2138 τοῖς
2588 2079 2724 2141 υἱοῖς
2773 2080 2877 2132 τῶν
2922 2079 3227 2149 ἀνθρώπων
3264 2083 3578 2149 σωφρονεῖν,
3628 2082 3727 2133 καὶ

2151 2169 2277 2228 τοὺς
2331 2170 2778 2238 παρανομοῦντας
2830 2170 2935 2224 των
2984 2173 3325 2240 μεγιστάνων
3374 2173 3721 2238 ταπεινώσει,

2152 2263 2243 2314 καὶ
2273 2261 2484 2329 θανάτῳ
2514 2261 2849 2332 παραδώσει.

2222 2350 2343 2405 σια’.
2387 2353 2473 2404 Ἐν
2505 2356 2614 2416 τοῖς
2645 2357 2853 2424 καιροῖς
2885 2356 2991 2424 γάρ
3018 2356 3246 2418 ἐκείνοις
3279 2356 3385 2416 πᾶς
3424 2355 3638 2426 χρυσὸς,
3662 2355 3726 2417 ὃς

2151 2449 2297 2496 ἐστιν
2332 2446 2388 2495 ἐν
2438 2444 2736 2513 οίῳδήποτε
2769 2446 2917 2515 τόπῳ
2949 2447 3344 2516 κρυπτόμενος,
3372 2447 3551 2500 νεύσει
3585 2446 3724 2499 θεοῦ

2151 2534 2671 2603 ἀποκαλυφθήσεται
2710 2538 2773 2605 τῇ
2823 2535 3070 2606 βασιλείᾳ
3100 2538 3265 2590 αὑτοῦ
3294 2536 3411 2609 [καὶ
3444 2538 3594 2607 πτύιρ
3626 2538 3726 2589 αὐ-

2149 2627 2241 2677 τὸν
2278 2627 2562 2697 σκορπίσει
2605 2627 2755 2699 πάσῃ
2794 2631 2862 2697 τῇ
2898 2629 3142 2698 πολιτείᾳ
3180 2628 3392 2700 αὑτοῦ],
3434 2630 3527 2681 καὶ
3561 2629 3727 2682 πλου-

2149 2720 2377 2786 τήσουσι
2430 2718 2632 2780 πάντες
2686 2719 2737 2769 οἱ
2780 2720 3099 2787 μεγιστᾶνες
3148 2719 3336 2785 αὐτοῦ,
3376 2722 3468 2771 καὶ
3509 2719 3723 2774 ἔσονται

2147 2806 2222 2870 ὡς
2259 2808 2518 2876 βασιλεῖς,
2550 2810 2640 2860 καὶ
2665 2809 2714 2860 οἱ
2745 2809 2974 2877 πένητες
3009 2810 3220 2863 ἔσονται
3252 2810 3326 2873 ὼς
3359 2812 3406 2862 οἱ
3438 2810 3721 2880 ἄρχοντες.

2152 2900 2259 2952 Καὶ
2308 2900 2456 2951 ἔσται
2490 2900 2637 2967 αὐτῷ
2683 2900 2843 2969 ζῆλος
2891 2904 3086 2968 μέγας,
3134 2902 3228 2954 καὶ
3269 2902 3396 2965 τοὺς
3440 2902 3723 2965 Ἰουδαίους
3811 2924 3821 2933 -

2152 2988 2492 3054 καταδιὼξει,
2525 2992 2617 3042 καὶ
2660 2991 2719 3043 ὲν
2747 2993 2811 3060 τῇ
2844 2991 2997 3043 πόλει
3037 2991 3209 3062 ταύτῃ
3252 2992 3595 3061 Ἰσμαηλίτης
3623 2993 3722 3062 οὐχ
3768 3056 3779 3071 ρ

2156 3083 2547 3151 εὑρεθήσεται·
2584 3083 2680 3137 καὶ
2729 3083 2890 3146 αὐτὸς
2936 3083 3164 3152 φοϐήσει
3196 3083 3444 3153 μεγάλως
3495 3084 3593 3154 τὴν
3622 3085 3721 3136 πόα
3772 3148 3778 3153 γ

2155 3172 2258 3232 λιν,
2295 3170 2389 3225 καὶ
2416 3171 2514 3224 οὐκ
2541 3171 2690 3224 ἔσται
2724 3173 2752 3224 6
2782 3171 3037 3241 λυρίζων,
3067 3172 3100 3241 ἢ
3128 3171 3443 3242 κιθαρίζων,
3468 3171 3500 3241 ἢ
3531 3173 3559 3223 6
3593 3186 3719 3238 τραο
3790 3188 3803 3196 ·

2155 3263 2366 3333 γῳδῶν,
2399 3264 2431 3333 ἦ
2464 3280 2546 3326 τις
2576 3264 2802 3334 αἰσχρὸν
2828 3266 3057 3334 πρᾶγμα
3090 3264 3448 3333 ἐργαζόμενος
3469 3279 3483 3293 ο
3515 3262 3720 3323 πάντας

2157 3353 2266 3423 γάρ
2295 3354 2420 3414 τοὺς
2471 3352 2745 3414 τοιούτους
2805 3354 3048 3422 μισήσει,
3103 3356 3194 3406 καὶ
3239 3352 3606 3424 ὲξολνθρεύσει
3653 3354 3718 3405 ὲκ

2157 3443 2361 3506 πόλεως
2385 3426 2610 3513 Κυρίουι
2639 3443 2749 3497 Καὶ
2774 3444 2925 3497 ἔσται
2950 3444 3116 3516 πολλὴ
3136 3446 3279 3515 χαρά
3306 3448 3423 3498 τότε
3451 3447 3540 3497 καὶ
3555 3442 3721 3511 ἀγαλρ

2154 3536 2354 3599 λίασις,
2382 3537 2475 3588 καὶ
2496 3535 2675 3604 ἀγαθά
2707 3537 2815 3589 ἀπὸ
2860 3538 2958 3606 τῆς
2995 3538 3092 3607 γῆς
3130 3541 3226 3590 καὶ
3262 3538 3370 3592 ἀπ).
3403 3538 3498 3607 τῆς
3526 3537 3723 3590 θαλάσ-

2157 3643 2258 3695 σης
2288 3627 2538 3680 ἀνατελεῖ
2564 3626 2814 3691 πλούσια,
2844 3629 2936 3680 καὶ
2984 3627 3132 3681 ἔσται
3157 3629 3215 3682 ὃν
3242 3630 3440 3700 τρόπον
3464 3625 3601 3700 ἦσαν
3629 3630 3722 3682 ἐπὶ

2155 3716 2249 3770 τοῦ
2298 3717 2417 3771 Νῶε
2472 3720 2529 3771 ἐν
2581 3720 2883 3791 ἀμεριμνίᾳ
2941 3721 3359 3792 εὐφραινόμενοι
3414 3722 3604 3793 μέχρις
3660 3715 3723 3775 οὗ

2155 3804 2317 3879 ἦλθεν
2350 3810 2378 3862 6
2407 3811 2811 3880 κατακλυσμὸς.

485 3909 648 3962 quam
703 3894 837 3948 mari
896 3896 1197 3960 exorietur,
1265 3905 1395 3952 tunc
1446 3898 1683 3968 denique
1744 3899 2049 3956 referentur
2121 3912 2366 3971 tempora
2444 3903 2709 3970 Noetica,
2761 3906 2977 3962 quando
3024 3906 3277 3961 vivebant
3327 3906 3444 3961 sine
3492 3919 3622 3961 cura
3667 3911 3727 3957 et

487 3990 806 4047 laetabantur
831 3994 1050 4059 cuncti,
1078 3993 1251 4049 donec
1278 3996 1653 4066 superveniret
1689 3996 1976 4052 diluvium.

555 4084 681 4139 212.
718 4085 853 4139 Cum
896 4089 1177 4143 transierit
1208 4099 1480 4159 sceptrum
1508 4092 1656 4159 regni
1688 4092 1865 4160 iSIius,
1896 4092 1947 4146 in
1968 4092 2052 4153 ja-

485 4176 611 4231 nuis
660 4176 763 4229 erit
809 4177 1135 4247 principium
1176 4179 1463 4234 dolorum.
1513 4180 1666 4236 Tunc
1711 4184 1854 4237 cnim
1908 4184 2049 4238 [ilius

483 4267 787 4336 iniquitatis
827 4268 1205 4333 suscitabitur,
1250 4273 1343 4341 qui
1374 4271 1751 4326 dominaturus
1781 4284 1861 4328 est
1890 4275 1940 4328 in
1973 4275 2049 4330 ci-

2229 4090 2351 4161 σιβ’.
2382 4091 2753 4163 Παρελθόντος
2794 4091 2850 4145 δὲ
2877 4092 2970 4144 τοῦ
3012 4093 3289 4164 σκήπτρου
3322 4092 3555 4153 ἐκείνου.
3588 4093 3731 4145 ἀνα-

2159 4183 2446 4250 στήσονται
2496 4183 2661 4252 άρχαὶ
2712 4183 2929 4235 ὀδυνῶν.
2963 4184 3093 4236 Τότε
3143 4186 3503 4251 ἀναστήσεται
3534 4185 3562 4236 ὀ
3607 4184 3727 4245 υἱὸς

2156 4276 2256 4341 τῆς
2284 4273 2539 4342 ἀνομίας,
2584 4275 2677 4327 καὶ
2707 4273 3016 4344 βασιλεύσει
3061 4277 3119 4327 ὲν
3160 4278 3223 4345 τῇ
3269 4276 3417 4329 πόλει
3448 4276 3544 4345 ἔτη
3594 4276 3730 4349 τρία

486 4360 648 4413 vitate
680 4358 783 4412 hac
806 4373 981 4415 annos
1016 4368 1126 4414 tres
1155 4377 1278 4416 cum
1316 4363 1571 4418 dimidio:
1614 4374 1927 4433 tantamque
1969 4366 2051 4419 in-

2156 4364 2347 4434 ἦμισυ,
2381 4365 2475 4417 καὶ
2501 4366 2717 4434 ποιήσει
2744 4367 2972 4434 ἀνομίαν
3000 4365 3274 4434 γενέσθαι,
3299 4367 3385 4419 οἶα
3410 4366 3470 4418 οὐ
3500 4367 3731 4434 γέγονεν

487 4450 735 4504 ttoducet
788 4451 1001 4505 vivendi
1059 4452 1329 4507 licentiam
1367 4492 1383 4518 ,
1444 4466 1644 4525 quanta
1702 4456 1770 4509 ab
1827 4457 2050 4511 exordio

486 4539 675 4594 mundi
709 4537 891 4594 audita
916 4556 1023 4595 non
1057 4542 1160 4596 fuit
1187 4559 1286 4599 nec
1317 4544 1569 4599 audietur
1598 4544 1890 4613 deinceps;
1923 4547 2046 4601 talia

487 4632 687 4698 quippe
722 4631 984 4687 doctrina:
1021 4649 1134 4689 sua:
1176 4634 1376 4705 placita
1411 4638 1781 4705 pronuntiabit
1829 4657 1844 4692 :
1895 4640 2049 4693 Pater

490 4720 645 4782 ﬁliae,
680 4722 820 4778 ﬁlius
847 4724 1048 4789 matri,
1091 4725 1258 4780 frater
1299 4728 1473 4783 sorori
1506 4729 1965 4793 commiscentor;
2002 4731 2047 4782 si

485 4811 611 4879 quis
650 4814 1005 4875 recusaverit.
1037 4825 1208 4870 morte
1257 4819 1494 4885 punitor.
1551 4819 1621 4873 At
1663 4819 1708 4874 is
1757 4835 1878 4874 cum
1928 4833 2051 4889 pro-

553 4966 673 5037 (19.)
729 4964 841 5023 Hoc
884 4970 1100 5041 nomine
1149 4988 1256 5027 non
1312 4974 1488 5028 solum
1543 4973 1877 5029 Sarracenos
1917 4972 2048 5041 (qui

484 5041 704 5111 proprie
746 5040 1121 5111 esuArabihus
1146 5081 1162 5107 ,
1199 5045 1433 5110 posteris
1490 5044 1685 5097 lsmael
1715 5082 1731 5106 ,
1780 5040 2047 5111 procreati

482 5108 745 5179 dicuntur
775 5107 869 5162 ﬁlii
901 5109 1090 5179 Agar),
1122 5107 1215 5165 Sed
1246 5128 1437 5167 omnes
1466 5107 1894 5174 Mahometanus,
1918 5127 2053 5179 pra:-

482 5180 667 5250 sertint
703 5175 912 5250 Ttit'cos
952 5175 1229 5248 intelligo;
1270 5183 1395 5236 licet
1435 5183 1488 5235 hi
1533 5184 1820 5235 videantur
1853 5199 1882 5235 e
1914 5175 2047 5250 Sry-

482 5248 593 5303 thia
643 5247 906 5316 originem
950 5247 1164 5304 trahere
1195 5267 1211 5301 ι
1246 5250 1526 5305 Mahomed
1570 5253 1738 5318 enim,
1777 5252 1936 5318 cujus
1976 5247 2051 5304 fe-

480 5332 598 5386 gem
634 5314 989 5388 proﬁtentur,
1039 5319 1322 5388 Agarenus
1372 5325 1491 5373 fuit.
1548 5314 1681 5386 Quae
1725 5314 1905 5375 autem
1962 5322 2049 5375 hic

481 5389 733 5440 dicuntur
771 5387 1239 5459 deliomanormn
1282 5405 1404 5459 rege
1429 5430 1442 5453 ,
1474 5390 1754 5458 Agarenos
1791 5393 2046 5445 extermi-

482 5467 720 5529 naturo,
764 5456 1017 5529 videntur
1066 5474 1131 5511 ex
1169 5468 1319 5529 parte
1348 5456 1608 5529 compleri
1666 5462 1717 5515 in
1776 5460 2045 5529 Leopoldo

479 5523 759 5598 Augusto;
818 5527 904 5580 cui
942 5542 1131 5581 omnes
1170 5523 1293 5581 boni
1347 5523 1569 5598 optant,
1624 5539 1679 5579 ut
1729 5523 2043 5596 recup—erata

482 5590 827 5667 ipsauetiam
859 5598 1359 5667 Constantinopoli,
1384 5590 1571 5667 'atque
1620 5600 1830 5666 Europa
1864 5590 1977 5651 tota
2012 5615 2041 5651 a

482 5662 737 5725 sordibus
788 5665 1164 5721 Mahomcticis
1211 5662 1515 5739 repurgata,
1573 5662 1864 5738 Egypt—unt
1903 5683 2040 5738 quo-

2156 4457 2250 4508 ἀπ’
2282 4457 2457 4525 ἀρχῆς
2504 4455 2731 4525 κόσμου,
2770 4456 2890 4508 οὐδὲ
2938 4457 3013 4525 μὴ
3058 4458 3387 4525 γενήσεταιο
3438 4456 3729 4521 καθεσθεὶς

2155 4547 2264 4615 γὰρ
2287 4545 2600 4614 δογματίσει
2621 4545 2863 4611 τοιαῦτα,
2894 4548 3040 4608 ὅπως
3063 4547 3315 4615 μίγνυται
3346 4547 3525 4617 πατὴρ
3554 4546 3729 4615 θυγα-

2155 4638 2265 4708 τρὶ,
2306 4638 2399 4690 καὶ
2436 4638 2548 4699 υίὸς
2579 4639 2768 4708 μητρὶ,
2807 4638 2901 4690 καὶ
2932 4638 3155 4708 ἁδελφὸς
3185 4639 3384 4708 ἀδελφῇ
3412 4655 3427 4669 ο
3459 4640 3507 4689 εἰ
3538 4638 3594 4690 δὲ
3624 4637 3727 4707 μὴ,

2155 4730 2183 4780 6
2228 4730 2497 4799 ἀνταίρων
2538 4729 2751 4800 θανάτῳ
2788 4730 3125 4786 ἀποθανέτω.
3158 4731 3267 4784 Καὶ
3294 4733 3323 4784 6
3350 4728 3590 4792 τοιοῦτος
3623 4730 3729 4781 σὺν

2156 4820 2233 4891 τῷ
2279 4820 2576 4891 Προδρόμῳ
2618 4821 2837 4895 Ἰωάννῃ
2886 4822 3359 4893 κατασταθήσεται
3396 4822 3507 4892 (Η)
3553 4823 3610 4873 ἐν
3651 4824 3725 4891 τῇ

2149 4990 2253 5043 que
2284 4982 2337 5028 et
2381 4975 2602 5041 Asiam,
2649 4976 2912 5030 hactenus
2956 4993 2985 5030 a
3032 4974 3227 5032 Turcis
3270 4978 3533 5033 insessam
3563 5017 3578 5041 ,
3614 4977 3720 5031 sibi

2152 5045 2314 5097 iaciat
2359 5046 2722 5099 tributariam.
2768 5048 2960 5107 Certe.
2994 5048 3295 5101 secundum
3348 5050 3565 5101 oracula
3606 5049 3719 5109 illa,

2150 5130 2270 5179 qme
2301 5116 2400 5167 sub
2432 5113 2632 5168 Leonis
2706 5115 2879 5184 Magni
2920 5118 3139 5172 nomine
3174 5134 3369 5172 excusa
3427 5120 3719 5179 habentur,

2152 5184 2810 5256 Constantinopolitanum
2859 5184 3161 5239 Turcorutn
3212 5188 3535 5256 imperium,
3568 5188 3715 5252 quod

2155 5254 2208 5305 in
2243 5252 2547 5325 Maltomete
2580 5256 2754 5325 primo
2784 5257 2968 5323 etrapit.
3008 5256 3168 5309 tinem
3213 5252 3461 5325 speratur
3496 5258 3716 5309 habitu-

2154 5337 2275 5374 rmn
2314 5323 2365 5374 in
2412 5335 2610 5390 quarto
2652 5324 2815 5386 hujus
2853 5326 3111 5378 nominis.
3245 5323 3256 5325 ⁷
3748 5374 3759 5377 -

2225 5392 2336 5461 (l3)
2380 5393 2592 5463 Πακτα,
2623 5409 2727 5445 nun
2758 5403 3061 5461 tantumex
3091 5394 3294 5448 Latina:
3324 5394 3554 5462 originis
3586 5410 3719 5463 pro-

2155 5464 2382 5527 prietate
2415 5462 2672 5515 dicuntur
2703 5464 2899 5531 [autem
2921 5504 2933 5524 ,
2973 5466 3064 5517 Sed
3097 5466 3257 5519 etiam
3293 5464 3492 5515 tributa
3515 5462 3718 5518 extm-

2151 5532 2278 5583 dere
2320 5531 2541 5597 debita;
2578 5534 2717 5585 unde
2780 5535 2921 5600 apud
2965 5536 3262 5589 Meursium
3313 5535 3366 5586 in
3414 5532 3691 5587 Glossario

2154 5602 2453 5653 πακτιὼται
2482 5640 2496 5663 ,
2547 5603 2834 5655 tributarii.
3668 5620 3685 5627 '

2223 5669 2334 5739 (Η)
2370 5670 2425 5723 ltt
2460 5684 2687 5741 utroque
2720 5689 2823 5728 ms.
2851 5686 2930 5729 cst
2968 5674 3424 5745 καταταγὴςεται.
