4088 6216
455 284 563 344 863

1522 289 1941 350 NICEPIIORI
1986 290 2461 351 PRESBYTERI
2503 292 2609 351 ΟΡ.

3589 288 3695 351 864

456 400 549 468 qui
581 410 711 457 tunc
740 402 1000 471 temporis
1046 402 1099 457 in
1135 403 1413 458 montibus
1443 412 1496 457 et
1525 403 1798 473 speluncis
1850 402 2027 454 famn-

2141 404 2221 453 ἐπὶ
2254 394 2448 472 Θύραις
2476 404 2821 474 ἐκδεχόμενοι
2854 406 2912 458 τδ
2948 406 3090 475 μέγα
3122 405 3267 467 ἔλεος
3290 421 3304 435 ·
3342 406 3388 457 οί
3431 404 3704 469 γλυκύτα-

458 492 587 546 latni
613 494 793 548 divino
820 496 1122 550 consecrati
1155 496 1391 549 latebunt
1418 498 1432 549 !
1460 495 1584 564 quia
1612 495 1841 564 publicae
1872 496 2020 548 cala-

458 586 661 640 ntitatis
708 597 1039 654 spectatores
1095 604 1200 640 non
1251 588 1378 642 facti
1408 628 1421 650 .
1479 588 1618 641 intra
1662 588 1893 640 claustra
1928 602 2024 639 sua

2130 512 2211 546 τοι
2250 495 2435 565 άρνες,
2470 497 2518 549 οἱ
2572 498 2861 566 μὲλ-λοντες
2913 496 3134 550 θύεσθαι
3177 498 3263 549 διὰ
3312 497 3547 568 Χριστὸν
3598 496 3704 550 ὑπὸ

2134 586 2227 637 τοῦ
2260 588 2495 659 πονηροῦ
2531 589 2784 659 δαίμονος
2812 590 2905 643 τοῦ
2946 591 3337 660 Ἀι-τιχρίστου.

457 681 684 734 svorsim
717 682 1147 736 misericordiam
1188 682 1396 736 Domini
1444 697 1692 752 magnam
1738 680 2241 749 prarstolabuntur:
2311 682 2385 735 illi
2456 700 2651 753 nempe
2714 684 3023 739 suavissimi
3089 686 3250 755 agni,
3293 685 3446 755 quia
3479 686 3705 755 nequis-

456 773 597 825 simo
628 774 872 827 daemone
905 774 1251 829 Antecltristo
1295 774 1498 829 Christi
1544 790 1707 829 causa
1760 773 2031 827 mactandi
2072 781 2221 828 sunt.

524 866 651 919 9.19.
686 863 823 919 Tum
854 882 983 919 vero
1007 908 1021 929 ,
1058 868 1207 921 nullo
1253 869 1489 937 amplius
1538 868 1656 920 viro
1700 867 1896 920 illustri
1933 882 2029 919 su.

458 956 701 1021 perstite,
750 955 840 1009 sed
879 956 1133 1010 omnibus
1168 957 1536 1009 internecione
1570 954 1798 1017 deletis,
1845 951 2033 1005 efferet

459 1060 579 1100 sese
619 1061 648 1098 e
678 1046 850 1107 Ponto
900 1046 1221 1100 muliercula
1278 1048 1472 1114 turpis,
1529 1044 1804 1098 Mondium
1840 1042 1982 1096 diota
2014 1080 2027 1103 .

459 1150 580 1202 quae
627 1135 911 1203 imperium
969 1137 1022 1190 in
1078 1138 1295 1191 civitate
1354 1138 1453 1190 bac
1508 1145 1836 1203 oecupatura
1898 1143 2029 1189 est:

462 1228 564 1280 liiia
606 1229 695 1281 illa
740 1230 843 1282 erit
882 1229 1080 1282 diaboli
1118 1230 1323 1284 furiosa
1352 1269 1367 1292 ,
1422 1228 1647 1296 magicis
1688 1227 1899 1279 artibus
1932 1226 2032 1277 ad-

459 1320 623 1378 dicta.
662 1332 712 1372 et
742 1320 980 1373 virorum
1018 1320 1450 1389 feminarumque
1495 1319 1772 1373 amoribus
1798 1317 2034 1371 efflictim

458 1422 718 1464 aestuans.
751 1412 1038 1481 Regnante
1064 1412 1173 1476 illa,
1196 1412 1401 1466 mutuis
1428 1412 1657 1463 invicem
1694 1409 1910 1463 insidiis
1943 1409 2038 1460 itn-

462 1513 673 1571 petent;
734 1506 1096 1573 patrabuntur
1149 1508 1325 1561 caades
1375 1506 1427 1558 in
1469 1505 1601 1559 vicis
1653 1513 1706 1558 et
1739 1502 2033 1564 dominus;

464 1602 615 1660 pater
647 1594 781 1655 ﬁlio,
810 1606 864 1649 et
895 1596 1036 1650 fiiius
1072 1598 1249 1664 patri;
1288 1608 1460 1650 mater
1500 1596 1652 1657 filiae,
1694 1602 1747 1650 et
1774 1594 1887 1647 hate
1920 1594 2030 1648 illi:

2207 866 2327 923 σιο’.
2357 869 2487 921 Τότε
2517 869 2573 922 δὲ
2594 869 2681 922 διὰ
2706 870 2765 922 τδ
2790 869 2864 940 μὴ
2890 865 3028 922 εἶναι
3053 869 3221 939 ἄνδρα
3249 869 3536 937 ὲπῖσημον,
3567 871 3701 924 ἀλλὰ

2133 957 2377 1014 ἅπαντας
2405 960 2501 1027 τῆς
2522 960 2815 1022 ἀπωλείας,
2842 961 3203 1030 ἀναστήσεται
3233 959 3452 1027 γύναιον
3476 960 3699 1029 αίσχρδν

2132 1050 2360 1103 Μύνδιον
2386 1051 2447 1101 ἐκ
2478 1050 2570 1102 τοῦ
2615 1051 2836 1114 Πόντου,
2870 1054 2961 1103 καὶ
2996 1049 3302 1121 βασιλεύσει
3342 1052 3396 1101 ὲν
3433 1053 3498 1120 τῇ
3551 1051 3703 1103 πόλει

2133 1142 2327 1212 ταύτῃ,
2360 1143 2457 1194 xui
2485 1142 2623 1212 αὐτὴ
2648 1143 3002 1213 βακχεύτρια,
3029 1141 3122 1195 τοῦ
3153 1141 3400 1195 διαϐόλου
3435 1142 3698 1210 θυγάτηρ,

2139 1232 2379 1302 μάγισσα
2408 1236 2500 1287 καὶ
2533 1234 3066 1306 ἇρρενοθηλυμανής.
3102 1236 3211 1287 Καὶ
3234 1236 3290 1286 ὲν
3321 1236 3435 1296 ταῖς
3474 1234 3708 1303 ἡμέραις

2135 1325 2340 1395 ταύτης
2372 1325 2582 1378 ἔσονται
2615 1326 3117 1394 άλληλοεπιϐουλίαι
3167 1325 3259 1377 καὶ
3290 1325 3533 1393 σφαγμοὶ
3565 1322 3707 1376 κατὰ

2137 1417 2320 1487 ῥύμην
2356 1419 2448 1469 xui
2477 1417 2617 1470 κατά
2647 1417 2844 1483 οίκίαν,
2881 1417 2977 1469 xui
3009 1416 3298 1483 σφάξουσιν
3331 1416 3441 1476 υἱὸς
3472 1416 3704 1484 πατέρα,

2135 1510 2227 1560 καὶ
2254 1508 2431 1577 πατὴρ
2464 1509 2597 1571 υἱὸν,
2630 1509 2723 1561 xui
2764 1510 2945 1579 μήτηρ
2996 1507 3292 1575 Θυγατέρα,
3323 1508 3415 1558 xui
3457 1506 3705 1576 Θυγάτηρ

2140 1599 2371 1669 μητέρα,
2403 1600 2495 1650 xui
2543 1597 2771 1665 ἀδελφὸς
2804 1598 3050 1665 ἀδελφὸν,
3084 1598 3173 1649 καὶ
3211 1596 3363 1664 φίλος
3394 1596 3542 1664 φίλον
3566 1611 3579 1625 ο
3611 1597 3709 1648 καὶ

464 1687 629 1739 ιἰἐιιυι·
663 1689 835 1747 fratri,
869 1691 1079 1743 amicus
1112 1690 1289 1742 amico
1326 1704 1507 1742 necem
1546 1688 1873 1752 molientur;
1908 1688 2033 1739 nul-

2141 1662 2296 1740 ἔσται
2322 1687 2488 1740 κακία
2521 1662 2697 1756 πολλὴν
2720 1688 2809 1739 xui
2841 1662 2992 1754 μῖσος
3019 1686 3076 1737 ὲν
3117 1687 3181 1755 τῇ
3207 1662 3356 1736 πόλει
3386 1662 3573 1752 ταύτῃ.
3611 1683 3711 1734 xui.

463 1774 547 1828 Ius
572 1777 674 1830 erit
704 1778 944 1839 malitiae,
975 1779 1158 1831 nullus
1193 1778 1301 1831 odii
1336 1778 1528 1831 modus
1562 1778 1611 1829 itt
1653 1777 1875 1830 civitate
1908 1777 2028 1830 bac.

462 1863 608 1919 intra
659 1867 1017 1922 ecclesiarum
1057 1868 1286 1937 parietes
1316 1912 1330 1935 ,
1393 1868 1819 1937 intemperantize
1849 1909 1863 1929 .
1914 1869 2036 1921 libi-

462 1957 652 2019 dines,
706 1958 910 2013 incesta
966 1964 1388 2028 grassabuntur;
1444 1963 1704 2024 citharae,
1771 1962 2033 2030 tziptttlia,

464 2049 741 2119 tragcedife
774 2052 1059 2107 diabolica:
1084 2095 1098 2114 .
1140 2054 1536 2118 cavillationes,
1588 2065 1642 2109 et
1678 2072 1833 2123 uirga:
1879 2070 2035 2107 scur-

466 2142 627 2208 riles,
664 2147 842 2213 qualia
886 2165 981 2201 nec
1008 2147 1141 2202 vidit
1174 2165 1266 2203 nec
1300 2149 1518 2203 visurus
1554 2158 1638 2203 est
1666 2160 1791 2203 ante
1823 2158 2035 2218 tempus

466 2234 596 2286 illud
630 2235 920 2302 quispiam,
964 2237 1067 2290 late
1104 2249 1463 2307 perSIrepent.

534 2324 659 2377 ‘2“20.
708 2326 907 2395 lic-gina
964 2329 1166 2397 quippe
1220 2329 1308 2382 illa
1348 2330 1717 2398 impurissima
1748 2372 1761 2397 ,
1800 2346 1899 2399 pro
1937 2330 2033 2384 dea

467 2430 525 2468 se
560 2417 731 2485 ipsam
775 2430 1072 2487 reputans,
1119 2422 1282 2475 Deum
1328 2422 1635 2487 lacessere,
1692 2434 1857 2493 atque
1902 2425 2035 2477 adeo

464 2508 725 2578 impetere
757 2511 919 2574 bello,
948 2524 1000 2567 et
1027 2513 1091 2566 ad
1124 2530 1355 2584 pugnam
1394 2531 1708 2584 provocare,
1745 2532 1849 2571 non
1878 2517 2038 2571 dubi-

469 2600 624 2653 tabit.
654 2599 744 2654 Illa
793 2603 1049 2656 sordibus
1081 2614 1330 2674 aspet-get
1360 2621 1514 2659 sacra
1551 2607 1742 2661 altaria
1770 2650 1784 2671 ,
1820 2608 1907 2661 illa
1941 2624 2039 2678 po-

469 2693 650 2757 pulum
681 2710 896 2748 omnem
922 2697 1259 2764 turpitudine
1288 2713 1383 2751 sua
1410 2708 1463 2751 et
1486 2699 1787 2753 sceleribus
1812 2701 2035 2766 inficiet;
2068 2761 2077 2770 _

467 2792 717 2839 avellens
762 2785 954 2841 facient
1008 2804 1163 2843 suam
1212 2790 1445 2858 pessima
1474 2828 1491 2853 ς
1541 2792 1793 2861 spoliabit
1839 2795 2035 2859 templa

469 2876 611 2929 rasis
637 2879 927 2945 omnibus;
964 2882 1246 2949 conquiret
1275 2882 1515 2951 undique
1542 2884 1877 2939 venerandas
1910 2902 2035 2940 saa-

2138 1780 2196 1829 ὲν
2227 1780 2346 1840 ταῖς
2392 1776 2705 1845 ἐκκλησίαις
2756 1775 2966 1828 ἔσονται
3008 1774 3287 1840 άσέλγειαι
3332 1775 3423 1825 καὶ
3453 1772 3707 1834 άσωτίαι,

2140 1871 2230 1923 καὶ
2261 1868 2589 1940 αίμομιξίαι,
2618 1870 2713 1923 καὶ
2744 1868 2962 1939 κιθάραι
3005 1867 3096 1919 καὶ
3129 1867 3403 1935 ὀρχήσεις,
3436 1866 3525 1916 καὶ
3567 1882 3704 1933 τρα-

2137 1957 2328 2025 γῳδίαι
2358 1956 2666 2018 σατανικαὶ,
2707 1956 2798 2014 καὶ
2824 1955 3118 2024 χλευασμο¹ι
3153 1955 3244 2004 xui
3283 1953 3528 2018 παίγνια,
3561 1952 3706 2019 ἆπῖρ

2137 2048 2419 2119 ἄνθρωπος
2447 2048 2570 2100 οὔτε
2611 2043 2770 2114 εἶδεν,
2804 2047 2927 2101 οὔτε
2974 2048 3100 2101 ἰδεῖν
3129 2046 3417 2117 δυνήσεται
3464 2043 3567 2105 ἕως
3611 2042 3707 2094 τοῦ

2138 2142 2329 2214 καιροῦ
2361 2144 2593 2197 ἐκείνου.

2210 2329 2311 2384 σκ’.
2349 2329 2453 2383 Καὶ
2483 2329 2591 2399 γὰρ
2634 2331 2665 2399 ἡ
2720 2328 2929 2399 βασιλὶς
2978 2325 3158 2394 ἐκείνη
3210 2324 3536 2394 ἀκάθαρτος,
3576 2321 3714 2373 Θεὰν

2137 2424 2334 2493 ἑαυτὴν
2376 2423 2674 2493 πράτουσα.
2704 2423 2795 2475 xui
2833 2421 2950 2491 Θεῷ
2982 2420 3262 2491 μαχομένη
3293 2418 3384 2471 xui
3415 2433 3708 2483 προαιρου-

2142 2514 2275 2583 μένη
2304 2515 2418 2580 μετ’
2448 2514 2611 2566 αὑτοῦ
2649 2512 3042 2565 παλαίσασθαιο
3079 2510 3172 2562 καὶ
3214 2509 3322 2578 γὰρ
3359 2507 3479 2560 τότε
3518 2508 3710 2573 κόπρῳ

2142 2608 2320 2677 μιανεῖ
2348 2606 2413 2658 τά
2461 2606 2590 2672 ἆγια
2619 2606 2995 2674 θυσιαστήρια,
3034 2606 3124 2656 καὶ
3171 2601 3268 2670 τῆς
3307 2600 3565 2670 αἰσχύνης
3611 2598 3711 2649 αὑ-

2138 2698 2235 2765 τῆς
2283 2697 2481 2750 ἆπαντι
2529 2698 2793 2766 μιάσματι
2842 2697 3021 2763 μιανεῖ
3073 2696 3248 2747 πάντα
3296 2694 3387 2745 τὸν
3421 2691 3565 2754 λαὸν,
3615 2691 3711 2742 καὶ

2141 2788 2357 2858 στρέψει
2386 2788 2446 2840 τὸ
2474 2788 2761 2857 πρόσωπον
2800 2788 2969 2855 αὐτῆς
3009 2786 3177 2851 κακά,
3205 2786 3297 2838 καὶ
3336 2784 3569 2851 ἁρπάσει
3598 2783 3706 2834 πᾶν

2140 2881 2328 2944 σκεῦος
2346 2884 2407 2933 ἐκ
2436 2880 2525 2933 τοῦ
2548 2880 2800 2943 ναοῦ,καῖ
2816 2880 2976 2931 συναο
2987 2881 3153 2948 ροξσει
3171 2878 3266 2940 τάς
3278 2877 3460 2945 τιμίας
3486 2874 3707 2945 μορφώ-

469 2975 682 3021 ctorum
714 2970 1001 3039 imagines.
1026 2984 1404 3029 sacrosanctas
1435 2991 1649 3039 cruces,
1676 2993 1830 3031 sacra
1862 2977 2031 3032 Evan.

2144 2990 2253 3035 σεις
2296 2972 2402 3025 τῶν
2429 2972 2619 3040 ἁγίων,
2656 2974 2749 3023 καὶ
2803 2973 2925 3033 τοὺς
2948 2971 3161 3040 τιμίους
3203 2970 3489 3040 σταυροὺς,
3516 2969 3609 3020 καὶ
3640 2968 3707 3019 τὰ

469 3075 500 3127 g
535 3058 605 3112 lia
628 3098 643 3119 ,
690 3074 881 3115 omnes
916 3065 1282 3133 apostolorum
1329 3066 1528 3138 rfiigies
1555 3109 1570 3130 ,
1627 3071 1857 3139 St'l‘iplOS
1886 3071 2037 3125 deni-

466 3166 575 3219 que
616 3151 783 3206 libros
825 3154 1150 3224 universos;
1205 3174 1268 3211 ea
1317 3176 1443 3213 vero
1478 3162 1530 3214 in
1574 3178 1737 3214 unum
1783 3174 2038 3233 congesta

468 3243 770 3307 cumulum,
800 3246 1045 3315 subjecto
1081 3249 1228 3320 igne,
1260 3252 1312 3305 in
1341 3253 1554 3308 cineres
1582 3264 1635 3308 et
1669 3256 1878 3309 fasillas
1902 3258 2042 3309 redi-

469 3345 595 3405 get;
649 3339 912 3394 ecclesias
976 3357 1193 3411 quoque
1250 3345 1399 3413 ipsas
1459 3355 1699 3409 evertet;
1764 3347 2041 3417 indagabit

468 3427 627 3481 etiam
652 3439 967 3485 sanctorum
999 3434 1282 3503 reliquias,
1313 3436 1565 3490 similiter
1598 3438 1919 3505 perdendas,
1943 3439 2036 3493 sed

470 3533 576 3571 non
610 3522 841 3589 reperiet
862 3560 876 3582 ,
903 3524 1265 3579 transferente
1318 3526 1437 3581 illas
1487 3528 1594 3580 Deo
1625 3529 1826 3582 virtute
1854 3530 2044 3584 invisi-

468 3607 564 3661 bili
604 3626 669 3663 ex
710 3610 809 3666 bac
849 3615 1003 3666 urbe.
1056 3612 1295 3668 Subruet
1334 3616 1530 3671 deinde
1575 3633 1788 3673 sacram
1832 3637 2041 3691 magme

469 3699 600 3754 tedis
655 3700 867 3756 Sancta:
925 3701 1142 3771 Sophia:
1203 3720 1487 3772 mensam,
1554 3711 1861 3778 temploque
1923 3713 2042 3782 ipso

470 3800 660 3837 everso
680 3824 695 3847 ,
740 3798 1021 3843 convertet
1051 3807 1171 3847 sese
1202 3793 1268 3845 ad
1299 3792 1573 3850 Orientem
1603 3837 1619 3861 ,
1668 3801 1894 3853 multum
1935 3801 2043 3855 fre-

475 3891 646 3941 mens,
677 3889 729 3932 et
756 3881 1091 3937 Altissimqu
1130 3885 1211 3940 sic
1245 3889 1579 3956 compellans
1608 3907 1623 3943 :
1663 3890 1807 3944 Nihil
1833 3904 2040 3949 morata

472 3981 617 4029 sum,
662 3984 694 4023 ο
725 3973 977 4042 quisquis
1006 3990 1065 4029 es
1099 3976 1192 4045 qui
1246 3975 1390 4031 Deus
1437 3980 1659 4045 diceris,
1704 3982 1889 4037 delere
1930 4002 2042 4037 me-

472 4061 701 4114 moriam
751 4072 899 4117 tuam
931 4080 960 4118 a
994 4065 1133 4121 facie
1168 4076 1345 4132 teme,
1376 4085 1501 4125 ecce
1533 4088 1694 4139 quam
1735 4074 1934 4140 injuria
1986 4086 2041 4130 ct

472 4150 656 4219 iniqua
687 4154 782 4207 tibi
819 4153 1034 4220 fuerim,
1090 4166 1145 4210 ct
1181 4159 1472 4227 nequivisti
1526 4163 1606 4215 vel
1643 4164 1809 4232 pilum
1845 4166 2040 4234 capitis

470 4242 573 4296 tnei
603 4242 793 4299 bedere
821 4265 836 4301 :
872 4262 1084 4302 morare
1112 4249 1406 4304 etiamnum
1447 4254 1741 4325 paulisper,
1780 4260 2038 4311 reserabo

2142 3065 2274 3133 ἆγια
2306 3064 2646 3133 Εὑαγγέλια,
2684 3063 2777 3116 xui
2816 3062 3032 3117 ἅπαντα
3086 3061 3402 3124 ἀπόστολον,
3438 3061 3532 3112 καὶ
3563 3060 3709 3113 ἅπαν

2138 3156 2416 3227 ἔγγραφον
2462 3155 2688 3224 βιϐλίον,
2714 3156 2808 3208 καὶ
2846 3155 3063 3224 ποιήσει
3095 3152 3268 3223 σωρὸν
3313 3153 3573 3222 μεγάλην,
3615 3152 3711 3203 καὶ

2141 3248 2375 3317 βαλοῦσα
2397 3247 2503 3317 πῦρ
2533 3245 2945 3317 κατατεφρὼσει
2970 3245 3165 3309 πάντα,
3187 3244 3279 3297 καὶ
3301 3244 3397 3307 τὰς
3414 3244 3705 3310 ἐκκλησίας

2141 3340 2525 3407 καταστρέψει,
2566 3340 2659 3391 xui
2687 3338 2911 3408 ζητήσει
2955 3338 3182 3405 λείψανα
3212 3336 3380 3403 ἁγίων
3421 3335 3514 3388 τοῦ
3564 3337 3704 3387 άπα-

2138 3431 2341 3499 λείιξαι,
2383 3433 2476 3483 xui
2505 3433 2601 3500 οὐχ
2637 3432 2858 3500 εὑρήσει
2882 3447 2898 3463 ο
2927 3432 2955 3482 6
2988 3432 3096 3500 γὰρ
3125 3429 3258 3491 Θεὸς
3304 3428 3521 3498 ἀοράτῳ
3550 3427 3709 3479 δυνά-

2144 3541 2235 3592 μει
2282 3521 2501 3593 μετάξει
2547 3524 2687 3577 αὺτᾶ
2742 3523 2853 3576 άπὸ
2900 3522 3061 3592 τῆσδε
3106 3524 3204 3592 τῆς
3257 3520 3482 3582 πόλεως.
3513 3520 3640 3571 τότε
3672 3521 3705 3589 ἡ

2141 3620 2221 3671 rei
2241 3634 2367 3670 αινα
2394 3618 2491 3685 τῆς
2520 3617 2760 3686 μεγάλης
2783 3615 3080 3686 ἐκκλησίας
3108 3616 3204 3683 τῆς
3238 3613 3330 3666 τοῦ
3354 3613 3485 3667 Θεοῦ
3511 3613 3709 3681 Σοφίας

2138 3710 2503 3780 καταστρέψει
2533 3711 2630 3777 τὴν
2680 3709 2842 3777 άγίαν
2890 3707 3183 3778 τράπεζαν,
3237 3707 3330 3758 καὶ
3360 3705 3418 3756 τὸ
3466 3708 3573 3756 πᾶν
3614 3702 3710 3754 τοῦ

2139 3803 2268 3856 ναοῦ
2316 3802 2677 3872 διαθρύψασα,
2709 3802 2962 3870 στήσεται
2993 3798 3132 3851 κατὰ
3170 3796 3455 3859 Ἀνατολὰς
3501 3812 3715 3864 φρυατ-

2140 3896 2362 3966 τομένη,
2405 3894 2500 3947 καὶ
2536 3895 2653 3963 ἐρεῖ
2702 3891 2837 3962 πρὸς
2880 3890 2972 3944 τὸν
3008 3890 3271 3960 ’Ὕψιστον
3317 3888 3548 3955 λέγουσα
3571 3903 3585 3917 ·
3618 3885 3712 3955 Μὴ

2139 3986 2489 4056 κατώκνησα,
2556 3980 2600 4038 ὧ
2653 3985 2912 4052 λεγόμενε
2964 3982 3095 4047 Θεὲ,
3148 3979 3439 4047 ἀπαλεῖψαι
3508 3996 3600 4031 σου
3653 3978 3717 4030 τὸ

2140 4078 2431 4147 πρόσωπον
2462 4077 2569 4129 ἀπ’)
2604 4076 2702 4140 τῆς
2726 4076 2829 4143 γῆς
2852 4087 2869 4104 ·
2911 4070 3019 4124 ἰδού
3046 4088 3125 4123 σοι
3158 4069 3209 4122 τί
3239 4068 3465 4134 ἔκαμον,
3492 4067 3583 4117 καὶ
3615 4066 3719 4117 οὐκ

2139 4170 2413 4239 ἠδυνήθης
2442 4168 2546 4221 κᾶν
2574 4166 2758 4235 τριχός
2793 4182 2894 4234 μου
2930 4162 3168 4232 ἅψασθαι
3189 4177 3207 4194 ο
3237 4163 3331 4214 xui
3359 4158 3465 4211 ἰδοὺ
3500 4158 3718 4220 ἐκδεξαι

2144 4262 2361 4331 μικρὸν,
2386 4261 2478 4314 xui
2504 4260 2685 4330 χαλῶν
2712 4258 2770 4312 τὸ
2800 4256 3108 4327 στερέωμα,
3133 4255 3228 4308 xui.
3253 4253 3547 4323 ἀνέρχομαι
3578 4252 3717 4318 ⁸πρε-ς

473 4334 872 4393 firmamentum
897 4347 951 4392 et
984 4340 1153 4397 malos
1174 4346 1890 4415 conscendam,expertnra,
1919 4360 2037 4403 uter

2147 4356 2227 4420 σὲ,
2262 4357 2354 4407 καὶ
2384 4354 2647 4423 θεάσομαι
2679 4351 2762 4413 τίς
2788 4353 2813 4404 6
2845 4350 3232 4418 δυνατώτερος,
3275 4348 3370 4400 xui
3398 4346 3597 4414 ὂψομαι
3634 4346 3722 4405 τῖς

471 4434 718 4481 nostrum
756 4434 1030 4498 potentior
1061 4435 1230 4488 altero
1262 4435 1565 4504 fortiorque
1592 4439 1663 4491 sit
1698 4440 1854 4494 Dens.
1884 4440 2033 4495 Tali-

473 4518 575 4573 bus
602 4530 764 4590 atque
802 4522 924 4578 aliis
954 4525 1039 4578 ubi
1074 4525 1411 4582 insultaverit
1442 4530 1624 4598 ptttida
1665 4531 1753 4585 illa
1796 4533 1990 4587 ntnlicr
2015 4572 2031 4595 ,

469 4623 628 4678 sputa
656 4614 970 4685 lapidesque
1006 4617 1056 4671 in
1083 4619 1280 4691 ccelum
1314 4621 1491 4676 mittet
1525 4623 1736 4683 insana.
1767 4624 1944 4693 quoad
1980 4626 2031 4678 in

471 4702 751 4770 graviores
780 4708 947 4761 etiam
982 4708 1347 4777 blaspbetnias
1377 4723 1646 4783 erumpat.

558 4799 688 4854 22L
755 4800 849 4854 Illo
913 4812 1091 4857 autem
1153 4814 1393 4875 tempore
1455 4808 1698 4864 intendet
1769 4808 2034 4864 Dominus

476 4891 619 4947 Dens
669 4895 1014 4964 omnipotens
1055 4911 1241 4952 arcum
1277 4915 1474 4965 suum,
1516 4911 1569 4955 et
1608 4910 1833 4955 exacuet
1879 4901 2037 4955 velte-

474 4997 687 5043 menter
718 4989 849 5042 iram
895 5004 1089 5056 suam,
1128 5002 1181 5046 et
1216 5008 1338 5047 cum
1387 4994 1615 5048 terribili
1660 4994 1894 5061 potentia
1927 4992 2040 5047 for-

474 5080 724 5137 titudinis
766 5097 879 5137 sua:
912 5085 1169 5137 extendet
1220 5085 1501 5140 dexteram
1538 5102 1692 5140 suam
1730 5101 1895 5154 super
1942 5102 2038 5139 ur-

476 5171 598 5227 bem
629 5173 802 5240 hanc;
845 5182 900 5228 et
941 5175 1309 5243 appreltendet
1342 5192 1461 5230 eam
1498 5177 1549 5230 in
1582 5175 1899 5229 fortitudine
1923 5215 1938 5241 ,
1983 5185 2039 5230 ct

478 5262 613 5320 falce
644 5267 902 5335 potentia:
948 5281 1061 5321 sua:
1109 5268 1351 5322 succidet
1391 5268 1737 5323 fundamenta
1785 5269 1936 5340 ejus;
1985 5278 2041 5324 et

476 5354 763 5425 imperabit
794 5358 976 5427 aquis,
1016 5367 1078 5413 ut
1128 5374 1288 5428 quam
1329 5368 1590 5429 perpetuo
1637 5362 2039 5425 sustinuerunt,

480 5452 608 5501 tunc
636 5450 895 5519 temporis
924 5450 1139 5520 penitus
1165 5451 1482 5520 demergunt
1502 5460 1663 5519 atque
1689 5452 2040 5508 absorbeanl.

480 5536 647 5604 Aqua:
679 5549 860 5595 autem
891 5542 1039 5597 dicto
1073 5543 1375 5605 audientes,
1417 5542 1687 5598 citissime
1719 5559 1842 5598 mox
1876 5559 2041 5598 cursu

482 5631 773 5703 sonituque
799 5636 1036 5693 maximo
1061 5647 1373 5706 erumpent,
1423 5635 1806 5705 convulsisque
1836 5652 1868 5692 ο
1902 5640 2045 5692 terra

2143 4448 2171 4499 6
2200 4446 2540 4518 ἰσχυρότερος
2587 4446 2645 4495 ἔν
2692 4444 2852 4506 οεοῖς.
2887 4441 2995 4494 Καὶ
3030 4439 3202 4493 ταῦτα
3250 4437 3472 4508 λαλήσει
3506 4438 3536 4505 ή
3572 4435 3720 4501 γάγ-

2145 4556 2368 4608 γραινα,
2391 4537 2424 4606 ἦ
2448 4538 2540 4589 xui
2562 4535 2731 4587 πλείω
2748 4548 2761 4563 ⁸
2791 4536 2885 4586 xui.
2905 4533 3091 4606 δράσει
3118 4533 3195 4594 είς
3220 4530 3351 4599 ῦψος
3374 4528 3718 4598 ὲμπτύουσα,

2143 4633 2238 4684 xui
2282 4630 2461 4694 λίθους
2510 4628 2821 4698 πέμπουσα,
2852 4626 2955 4688 ἕως
2999 4624 3176 4694 λέγειν
3233 4622 3404 4691 αὐτῆς
3436 4621 3502 4674 τά
3546 4620 3720 4672 δεινό-

2144 4737 2299 4793 τερα.

2220 4807 2359 4863 σκα’.
2412 4806 2501 4861 Ἑν
2533 4805 2611 4876 τῷ
2641 4803 2817 4874 καιρῷ
2845 4804 3039 4872 ἐκείνῳ
3075 4802 3249 4856 κλινεῖ
3286 4800 3489 4870 Κύριος
3527 4802 3553 4852 6
3585 4799 3722 4861 Θεὸς

2143 4902 2174 4953 6
2206 4898 2602 4969 παντοκράτωρ
2633 4897 2693 4949 τὸ
2736 4895 2888 4959 τόξον
2922 4894 3084 4947 αὑτοῦ
3112 4895 3205 4945 xui
3246 4892 3334 4946 τὸν
3360 4892 3593 4962 ἄκρατον
3626 4893 3721 4941 θυ-

2150 4995 2251 5065 μὸν
2280 4993 2469 5056 αὑτοῦ,
2523 4992 2617 5046 xui
2667 4990 2875 5060 φοϐερᾷ
2910 4990 3136 5059 δυνάμει
3180 4989 3276 5057 τῆς
3328 4987 3505 5054 ἰσχύος
3555 4985 3722 5037 αὑτοῦ

2146 5086 2355 5137 ἔκτενεί
2380 5084 2476 5151 τὴν
2512 5084 2669 5152 χεῖρα
2711 5079 2874 5132 αὑτοῦ
2902 5079 2998 5131 ἐπὶ
3042 5078 3141 5147 τὴν
3171 5078 3324 5128 πόλιν
3352 5075 3553 5145 ταύτην
3573 5090 3589 5103 ·
3622 5074 3725 5125 xzi

2146 5175 2401 5249 δράξεται
2432 5174 2603 5242 αὐτῆς
2638 5173 2695 5224 ὲν
2727 5169 2889 5241 ίσχύῖ,
2926 5171 3023 5223 καὶ
3058 5167 3133 5237 τῷ
3165 5168 3417 5237 δρεπάνῳ
3445 5167 3541 5234 τῆς
3564 5165 3728 5217 δυνά.

2152 5284 2299 5337 μεως
2350 5265 2516 5318 αὐτοῦ
2568 5265 2832 5331 ὑποτεμεῖ
2874 5260 2966 5314 τὸν
3017 5260 3145 5330 χοῦν
3176 5260 3267 5311 τὸν
3317 5259 3574 5311 ὑποκάτω
3620 5255 3725 5323 τῆς

2152 5361 2382 5423 πόλεως’
2415 5360 2510 5411 xui
2540 5358 2654 5427 ἐρεῖ
2680 5358 2793 5415 τοῖς
2818 5353 3025 5415 ῦδασιν,
3056 5353 3163 5412 τοῖς
3186 5351 3278 5403 ἀπ’
3308 5350 3501 5409 αἰῶνος
3523 5346 3726 5415 sua.

2150 5452 2337 5514 ζουσιν
2384 5448 2573 5519 αὐτὴν,
2609 5446 2705 5499 τοῦ
2737 5446 3021 5498 καταπιεῖν
3051 5443 3220 5510 αὑτήν
3241 5459 3255 5472 ·
3287 5440 3430 5509 ᾶπερ
3473 5438 3723 5506 φοϐερῶς

2153 5539 2542 5593 ὑπακούσαντα
2588 5537 2741 5607 τάχει
2783 5534 2994 5606 σφοδρῷ
3051 5532 3146 5587 καὶ
3187 5534 3301 5603 ἤχῳ
3362 5528 3723 5599 φοϐερωτάτη)

2154 5632 2554 5703 άναϐρύσουσιν
2605 5630 2796 5700 αὐτὴν,
2845 5629 2939 5684 xui
2978 5625 3036 5679 τὸ
3085 5625 3341 5678 ὑποκάτω
3383 5622 3553 5690 αὐτῆς
3589 5621 3723 5675 ἀνα.-
