4088 6216
386 331 490 395 865

1548 331 1721 392 \‘ITA
1764 333 1825 390 S.
1868 330 2202 391 ANDRE/E
2241 333 2427 396 SALI.

3520 334 3627 399 866

388 444 583 496 σπάσει
610 441 717 496 ἀπὸ
745 442 843 511 τῆς
870 443 995 511 γῆς,
1019 441 1114 494 καὶ
1141 443 1264 513 ἀρεῖ
1289 442 1460 512 αὐτὴν
1491 444 1568 506 είς
1602 442 1730 513 ὕψος
1757 444 1831 507 ὡς
1860 444 1946 513 μύ-

2057 444 2466 510 fundamentis,
2537 444 2803 500 sublatam
2870 444 2922 499 in
2979 445 3145 498 altum
3215 446 3402 501 urbem
3457 448 3625 503 instar

386 537 475 587 λον
506 533 987 604 γυροὸολούμενον,
1027 532 1166 587 ὥστε
1198 535 1316 597 τοὺς
1347 536 1404 587 ἐν
1441 534 1589 603 μέσῳ
1618 536 1716 603 τῆς
1747 535 1954 599 πόλεως

385 628 441 678 ἐν
477 626 645 696 φρίκῃ
686 625 852 696 πολλῇ
906 625 1034 696 βοᾷν
1065 626 1148 689 τὸ,
1197 626 1333 679 Οὐαί
1359 642 1374 658 ⁸
1429 628 1522 681 καὶ
1552 629 1712 680 πάλιν
1747 630 1954 697 ταχέως

385 718 802 787 κατενεχθείσης
847 719 1014 785 αὐτῆς
1050 720 1313 783 κάτωθεν,
1347 721 1440 771 καὶ
1478 722 1543 773 τὰ
1572 720 1954 791 ἀναὸρύσαντα

385 808 550 861 ὕδατα
599 808 841 877 σφοδρῶς
875 810 1311 875 κατακλύσαντα,
1352 812 1443 863 καὶ
1494 813 1954 882 κατακαλύψαντα

386 900 457 968 τῷ
486 899 703 970 φοϐερῷ
735 902 828 953 καὶ
865 902 1058 969 ἀχανεῖ
1100 902 1324 970 πελάγει
1358 904 1455 972 τῆς
1489 904 1727 958 ἀϐύσσου
1773 923 1955 975 παρα-

383 992 694 1060 πέμψαντα.
756 993 943 1055 Οὕτως
988 993 1102 1055 οὖν,
1148 997 1337 1047 τέκνον
1396 1013 1520 1064 μου,
1569 998 1873 1065 Ἐπιφάνιε,

384 1083 535 1147 πόλις
570 1084 727 1153 ήμῶν
776 1085 1284 1156 συντελεσθήσεται,
1321 1088 1413 1139 καὶ
1460 1088 1602 1157 ἆπερ
1638 1105 1719 1140 σοι
1755 1090 1953 1157 εἴρηκα

383 1172 607 1225 ὖπισθεν
646 1174 699 1225 τί
748 1174 1001 1243 μέλλουσι
1053 1178 1130 1243 τῷ
1177 1177 1366 1246 κόσμῳ
1412 1176 1560 1231 δεινά
1610 1178 1947 1246 συμϐαίνειν,

384 1266 565 1319 ἐκεῖνά
602 1267 763 1329 εἰσιν,
805 1268 949 1335 ἅπερ
980 1270 1007 1320 6
1046 1267 1245 1338 Κύριος
1294 1269 1499 1338 Ἰησοῦς
1544 1272 1773 1343 Χριστὸς
1803 1273 1954 1343 εἴρη-

382 1376 475 1411 κεν
507 1362 681 1431 ἀρχὴν
711 1356 850 1413 εἶναι
886 1360 1105 1418 ὀδυνῶν.

2065 536 2219 591 molae
2258 538 2311 590 in
2343 536 2528 591 orbem
2587 535 2894 606 gyrabunt,
2951 535 3088 590 adeo
3140 544 3195 589 ιιι
3249 537 3341 605 qui
3398 540 3625 592 mediam

2063 629 2344 689 incolunt,
2405 629 2709 683 vehementi
2767 636 2912 681 metu
2965 628 3201 697 correpti
3253 628 3627 685 tristissimum

2060 721 2353 775 clamorem
2388 722 2637 775 emissuri
2686 722 2796 775 sint
2829 741 2841 773 :
2872 720 3101 774 delatam
3138 736 3265 774 vero
3296 737 3424 775 mox
3470 724 3627 776 deor-

2061 828 2183 867 sum
2216 814 2279 865 ad
2309 816 2486 866 locum
2520 815 2900 867 sunm'urhem
2934 813 3251 868 invadentes
3281 830 3434 883 aqua:
3462 818 3627 868 vehe-

2064 904 2229 957 menti
2262 920 2383 957 eum
2415 905 2617 972 impetu
2649 903 2961 973 demergent
2989 942 3003 966 ,
3044 914 3098 959 et
3132 916 3400 974 receptam
3434 908 3486 959 in
3526 916 3627 961 ter-

2063 995 2206 1048 ribili
2258 1004 2423 1063 atque
2474 996 2739 1048 imtnensa
2794 997 2963 1063 pelagi
3005 997 3202 1065 abysso
3255 998 3625 1051 occultabunt.

2058 1086 2234 1155 Atque
2266 1086 2365 1139 iste
2409 1086 2657 1149 tandem,
2693 1088 2764 1141 lili
2800 1088 2873 1141 mi
2922 1088 3215 1157 Epiphani,
3254 1091 3432 1145 exitus
3478 1093 3627 1145 urbis

2060 1189 2259 1233 nostrae
2288 1180 2505 1233 futurus
2540 1189 2654 1245 est;
2694 1196 2815 1248 qua:
2857 1195 2987 1234 vero
3028 1182 3187 1236 modo
3214 1183 3430 1236 narravi
3462 1200 3625 1237 even-

2061 1281 2178 1323 tura
2214 1272 2443 1334 mundo,
2473 1271 2796 1340 principium
2842 1274 3089 1335 dolorum
3120 1283 3284 1338 sunt,
3331 1275 3473 1344 quod
3522 1274 3625 1327 Do-

2062 1360 2247 1413 minus
2278 1358 2439 1415 Iesus
2468 1360 2722 1415 Christus
2754 1362 2911 1415 dixit.

1773 1497 2000 1552 CAPUT
2043 1496 2232 1552 XXVI.

1108 1614 1181 1669 De
1209 1614 1413 1670 Judwis
1443 1626 1491 1670 et
1528 1617 1872 1683 Amic/triste,
1900 1618 2119 1687 ejusque
2148 1618 2432 1687 tyrannide
2463 1635 2523 1670 ac
2557 1619 2739 1670 mundi
2777 1620 2901 1687 ﬁne.

454 1735 591 1806 σγβ⁹.
639 1732 771 1789 Εἶτα
824 1734 962 1804 μετὰ
994 1735 1092 1805 τὴν
1128 1735 1458 1807 παρέλευσιν
1507 1736 1607 1804 τῆς
1648 1735 1853 1798 πόλεως
1901 1736 1946 1789 τί

2135 1736 2261 1789 222.
2309 1733 2437 1789 Post
2468 1735 2746 1789 interitum
2779 1735 2975 1789 deinde
3019 1736 3168 1789 urbis
3209 1751 3407 1790 novum
3457 1738 3624 1809 impe-

381 1827 685 1897 τηνικαῦτα
707 1827 775 1881 τά
799 1827 900 1897 τῆς
921 1826 1197 1897 βασιλείας
1220 1826 1561 1881 συνίσταται.
1583 1828 1738 1888 Τινές
1768 1842 1952 1895 φασιν,

379 1923 460 1975 ὃτι
522 1921 660 1990 μετὰ
704 1920 765 1972 τὸ
809 1919 1085 1990 πλήρωμα
1138 1920 1239 1989 τῆς
1277 1919 1386 1971 τῶν
1435 1919 1603 1971 ἐθνῶν
1656 1918 1952 1989 βασιλείας,

383 2013 707 2083 μελλήσεται
737 2015 764 2065 6
790 2011 923 2074 Θεὸς
960 2013 1029 2065 τὰ
1065 2012 1423 2082 θεόσκηπτρα
1471 2011 1683 2081 Ἰσραὴλ
1716 2010 1951 2077 ἀναστῆ-

379 2119 469 2155 σαι
501 2104 635 2170 πρὸς
653 2102 713 2155 τὸ
739 2101 1060 2173 βασιλεῦσαι
1083 2102 1144 2155 τὸ
1171 2101 1358 2155 λοιπὸν
1402 2100 1538 2171 πρὸς
1565 2101 1952 2170 ἀναπλήρωσιν

377 2193 470 2246 τοῦ
526 2194 757 2262 ἑϐδόμου
814 2193 1035 2256 αἰῶνος,
1087 2194 1346 2263 φέροντες
1405 2194 1485 2254 είς
1532 2193 1841 2263 μαρτυρίαν
1894 2192 1953 2245 τὸ

378 2288 481 2340 ὑπὸ
544 2286 767 2339 Ἡσαΐου
830 2287 1161 2356 εἰρημένον*
1199 2303 1217 2336 ι
1260 2286 1368 2338 Καὶ
1419 2286 1476 2337 ἐν
1532 2289 1648 2346 ταῖς
1696 2287 1951 2356 ἐσχάταις

376 2380 632 2449 ἡμέραις,
666 2379 851 2448 φησιν,
889 2378 1013 2447 ἀρεῖ
1062 2377 1266 2445 Κύριος
1293 2377 1320 2428 6
1348 2375 1479 2439 Θεὸς
1528 2378 1753 2445 σημεῖον
1799 2380 1857 2430 ἐν
1882 2380 1948 2448 τῇ

377 2470 772 2543 συμπληρώσει
847 2471 958 2521 τῶν
1005 2468 1177 2522 ἐθνῶν
1222 2468 1315 2521 ἐπὶ
1367 2468 1543 2521 πάντα
1578 2468 1647 2520 τὰ
1702 2468 1950 2536 πρόϐατα

386 2562 581 2627 Ἰούδα,
616 2563 681 2614 τά
712 2560 1174 2631 διεσκορπισμένα
1206 2561 1393 2622 ἐντοῖς
1421 2560 1620 2624 ἔθνεσι,
1653 2562 1746 2613 καὶ
1783 2561 1948 2613 συνά-

375 2653 452 2716 ξει
482 2654 608 2714 τοὺς
640 2652 997 2721 ἀπωσμένους
1034 2648 1251 2721 Ἰσραὴλ
1289 2654 1354 2721 τῇ
1387 2651 1519 2719 ἁγίᾳ.
1559 2651 1710 2703 πόλει
1753 2652 1949 2722 Ἰερου-

374 2745 578 2814 σαλὴμ,
628 2747 721 2796 καὶ
768 2745 919 2796 ἔσται
969 2742 1046 2810 τῷ
1109 2742 1340 2811 Ἰσραὴλ,
1397 2742 1473 2807 ὡς
1528 2745 1594 2813 τῇ
1644 2744 1849 2814 ἡμέρᾳ,
1912 2738 1945 2818 ᾖ

376 2835 603 2904 ἐξῆλθεν
630 2838 693 2888 ἐκ
728 2836 827 2904 γῆς
860 2832 1158 2901 Αἰγύπτου.
1189 2850 1207 2882 ι
1248 2832 1356 2883 Kal.
1389 2831 1493 2901 μὴν
1524 2833 1702 2884 καὶτὸ
1728 2834 1831 2884 ὑπὸ
1851 2832 1945 2884 τοῦ

379 2928 649 2995 μακαρίου
677 2924 1000 2978 Ἀποστόλου
1027 2924 1338 2993 εἰρημένον,
1364 2922 1568 2977 ιὈταν
1591 2924 1651 2975 τὸ
1673 2924 1947 2994 πλήρωμα

375 3018 482 3071 τῶν
517 3017 684 3068 ἐθνῶν
710 3016 865 3085 ἡξει,
886 3016 1007 3067 τότε
1038 3015 1144 3076 πᾶς
1186 3012 1403 3082 Ἰσραὴλ
1431 3013 1754 3083 σωθήσεται.
1787 3032 1803 3063 ι
1833 3011 1943 3066 Kal.

2058 1828 2199 1881 rium
2231 1827 2614 1881 constituetur.
2647 1825 2787 1879 Sunt
2812 1827 2903 1894 qui
2938 1836 3271 1889 assevereut,
3304 1828 3445 1897 quod
3479 1830 3625 1883 linito

2056 1919 2297 1989 gentium
2366 1935 2569 1987 regno,
2638 1920 2977 1973 excitaturus
3044 1919 3115 1972 sit
3181 1918 3324 1972 Deus
3384 1921 3626 1973 divinum

2058 2009 2269 2062 Israclis
2316 2009 2645 2076 imperium,
2696 2008 2973 2075 regnaturi
3030 2009 3288 2078 deinceps
3349 2025 3518 2079 usque
3561 2011 3625 2063 ad

2056 2098 2216 2152 linem
2276 2098 2462 2154 steculi
2519 2099 2732 2166 septimi
2794 2115 2807 2151 :
2862 2108 3027 2166 utque
3085 2099 3243 2153 Iidem
3303 2100 3460 2155 dictis
3513 2103 3625 2157 suis

2054 2204 2305 2247 astruant
2353 2191 2636 2261 proferunt
2665 2192 2816 2245 Isaia:
2871 2193 3239 2246 testimonium
3268 2235 3283 2259 ,
3340 2194 3569 2247 dicentis
3608 2210 3622 2244 :

2058 2302 2075 2334 ι
2114 2283 2168 2337 In
2222 2283 2537 2338 novissimis
2573 2284 2765 2337 diebus
2812 2284 3008 2337 levabit
3054 2286 3315 2338 Dominus
3360 2284 3501 2338 Deus
3549 2287 3624 2339 si-

2050 2388 2215 2440 gnum
2262 2374 2314 2427 in
2363 2375 2892 2429 c0nsumntatiouem
2934 2376 3175 2444 gentium
3230 2392 3395 2445 super
3434 2392 3625 2429 omnes

2051 2478 2179 2518 oves
2207 2462 2367 2526 Juda,
2399 2480 2521 2533 qua:
2557 2466 2609 2517 in
2644 2466 2899 2530 gentibus
2930 2468 3190 2535 dispersa:
3220 2476 3367 2529 sunt,
3395 2474 3450 2519 et
3495 2482 3623 2520 con—

2051 2554 2296 2624 gregabit
2332 2556 2574 2627 perditos
2628 2555 2794 2609 Israel
2853 2557 2903 2610 in
2955 2566 3141 2610 sancta
3190 2557 3411 2610 civitate
3463 2555 3623 2611 Jeru-

2050 2647 2256 2713 salem,
2305 2655 2359 2700 et
2405 2647 2509 2700 erit
2562 2647 2729 2700 Israel
2780 2647 2914 2701 sicut
2948 2648 3084 2710 dies,
3119 2649 3337 2717 quando
3371 2664 3623 2717 egressus

2048 2747 2130 2792 est
2164 2753 2230 2793 ex
2275 2747 2416 2792 terra
2468 2737 2687 2809 Egypti
2724 2739 2838 2808 (δεῖ)
2871 2740 2940 2793 ⁵³.
2986 2758 3004 2791 ι
3052 2738 3188 2793 Tum
3230 2740 3358 2793 illud
3406 2757 3623 2809 quoque

2045 2831 2293 2901 Apostoli
2338 2831 2570 2899 allegant
2622 2848 2637 2885 :
2700 2849 2718 2882 t
2769 2832 2998 2898 Quando
3056 2832 3333 2902 plenitudo
3382 2835 3622 2902 gentium

2046 2924 2262 2986 veniet,
2310 2932 2439 2977 tunc
2474 2924 2653 2977 omnis
2698 2924 2865 2979 Israel
2895 2925 3079 2979 salvus
3099 2928 3201 2979 erit
3236 2927 3301 2979 ⁸⁵.
3339 2945 3355 2977 ι
3390 2926 3471 2979 Ita
3499 2927 3623 2996 qui-

2048 3017 2171 3068 dem
2208 3016 2282 3068 illi
2314 3030 2421 3068 non
2453 3014 2873 3084 incongruenter
2904 3016 3224 3086 loquuntur.
3268 3017 3463 3072 Beatus
3494 3034 3622 3073 vero

373 3104 517 3163 οὗτοι
546 3109 644 3179 μὲν
674 3107 814 3161 οὕτω
844 3108 1060 3175 λέγουσι
1109 3106 1203 3157 καὶ
1236 3105 1609 3174 ῖσοφωνοῦσιν.
1633 3104 1941 3167 Ἱππόλυτο,

2052 3106 2370 3176 Hippolytus
2415 3107 2677 3175 scriptum
2712 3107 2968 3176 reliquit,
3013 3124 3107 3177 per
3145 3110 3435 3163 adventum
3467 3111 3622 3163 Anti-

372 3202 427 3251 δέ
463 3202 491 3251 6
524 3201 790 3269 μακάριος
814 3199 1037 3269 ἔφησεν,
1067 3198 1149 3250 ὅτι
1175 3198 1232 3250 ἐν
1258 3200 1322 3267 τῇ
1351 3197 1615 3268 ἐπιδημίᾳ
1641 3196 1734 3250 τοῦ
1770 3197 1943 3251 Ἀντι-

376 3294 596 3363 χρίστου
658 3292 864 3357 πρῶτοι
927 3291 1169 3343 Ἰουδαῖοι
1246 3288 1717 3359 πλανηθήσονται·
1776 3291 1870 3342 καὶ
1916 3290 1943 3341 6

372 3388 605 3457 Χριστὸς
656 3384 1200 3455 ἐπιμαρτυρούμενος
1247 3382 1397 3453 αὐτῷ
1446 3382 1581 3453 πρὸς
1628 3384 1753 3446 τοὺς
1811 3381 1943 3435 ’1ου-

370 3480 554 3540 δαίους
591 3475 775 3543 ἔλεγεν
817 3477 897 3528 ὅτι
937 3493 955 3526 ι
994 3474 1135 3541 Ἐγὼ
1188 3469 1353 3543 ἦλθον
1399 3474 1457 3525 ἐν
1489 3473 1565 3541 τῷ
1595 3473 1818 3541 ὀνόματι
1846 3471 1940 3524 τοῦ

378 3570 588 3638 Πατρός
618 3583 741 3636 μου,
766 3568 859 3618 καὶ
885 3567 944 3618 οὐ
979 3565 1284 3635 λαμῦἀνετέ
1318 3580 1385 3632 με
1409 3578 1423 3592 ·
1459 3562 1617 3624 ἄλλος
1662 3562 1941 3616 ἐλεύσεται

372 3665 430 3714 ἐν
455 3663 533 3731 τῷ
586 3659 698 3729 ἰδίῳ
744 3660 991 3727 ὀνόματι,
1041 3659 1287 3710 κάκεῖνον
1336 3654 1603 3726 λήψεσθεο
1632 3656 1713 3708 ὅτι
1764 3657 1821 3706 ἐν
1873 3659 1939 3725 τῇ

374 3752 617 3823 ἁμαρτίᾳ
647 3752 798 3819 ὑμῶν
822 3751 1206 3804 ἀποθανεῖσθε.
1244 3766 1262 3799 ι

447 3852 584 3914 σκγ’.
620 3845 738 3899 Ὀτι
790 3843 887 3913 μὲι
935 3841 1026 3919 οὖν
1066 3845 1282 3910 συνάξει
1324 3840 1521 3902 αὐτοὺς
1574 3840 1631 3892 ἐν
1668 3842 1735 3909 τῇ
1790 3837 1941 3892 πόλει

384 3936 759 4011 Ἰερουσαλὴμ,
820 3938 915 3989 καὶ
968 3938 1037 3988 τὰ
1092 3935 1270 3988 αὐτῶν
1338 3933 1520 3993 αὐτοῖς
1573 3928 1940 3985 ἁνταποδώσει

374 4034 416 4104 ί.
450 4074 462 4087 .
489 4072 503 4087 .
535 4071 549 4085 .
579 4032 619 4102 .j
659 4032 804 4091 ὅπως
838 4028 933 4081 τοῦ
965 4025 1398 4097 διασκορπισμοῦ
1438 4020 1614 4095 [εἷπον
1641 4022 1739 4092 τὴν
1787 4019 1941 4073 ἀπώ-

373 4125 542 4187 λειαν,
577 4122 627 4173 εί
660 4120 817 4174 τοῦτο
854 4118 1022 4170 πάλαι
1077 4116 1352 4186 ἐποίησεν,
1410 4111 1939 4181 ἀποκαταστατήσας

369 4219 440 4269 τα
479 4216 637 4287 ήμῶν
665 4211 826 4285 (35)],
872 4213 1039 4266 πάλαι
1068 4212 1131 4265 ἂν
1168 4210 1569 4277 ἐπιστεύσαμεν
1590 4207 1667 4277 τῷ
1696 4204 1935 4276 Χριστῷ,

370 4311 469 4379 τὴν
521 4308 775 4379 ἀφορμὴν
836 4306 927 4359 τοῦ
1002 4307 1162 4375 φονου
1230 4302 1550 4368 ἐξώσαντες,
1605 4301 1699 4353 τού
1754 4300 1939 4351 ἕνεκεν

372 4402 777 4470 προτιμηθῆναι
802 4402 869 4452 τὰ
897 4399 1023 4467 ἔθνη
1060 4397 1197 4465 ὑπὲρ
1231 4395 1400 4464 ήμᾶς.
1431 4392 1599 4495 Τοῦτο
1626 4392 1726 4495 οὐξι
1754 4391 1936 4495 ἐποίηο
1974 4442 2013 4495 D

374 4511 463 4545 σεν
484 4510 496 4522 ’
528 4493 621 4546 νῦν
649 4493 703 4544 δὲ
736 4490 1088 4560 συναχθέντες
1130 4489 1225 4541 καὶ
1259 4488 1325 4539 τὰ
1364 4486 1544 4539 αὐτῶν
1574 4483 1947 4566 ἀπολαϐόντες.

372 4586 429 4635 ἐν
462 4586 525 4651 τῇ
556 4583 691 4651 αὐτῇ
722 4580 948 4651 ἀπιστίᾳ
982 4582 1281 4648 μείναντες,
1323 4578 1439 4640 πῶς
1469 4576 1824 4646 σωθήσονται,
1856 4574 1948 4625 εύ-

372 4675 506 4735 θέως
537 4672 629 4726 τοῦ
674 4673 1039 4742 ’Δντιχρίστου
1087 4670 1381 4740 ἐρχομένου
1420 4672 1476 4721 ἐν
1522 4669 1675 4736 μέσῳ
1722 4665 1944 4723 αύτῶν;

370 4760 413 4831 ᾧ
440 4765 534 4815 καὶ
569 4763 844 4816 πιστεύειν
884 4762 1161 4833 μέλλουσι,
1188 4759 1326 4813 κατὰ
1364 4760 1459 4828 τὴν
1492 4757 1728 4826 φοϐερὰν
1755 4758 1937 4825 φωνὴν

370 4854 462 4907 τοῦ
493 4855 620 4908 Υἱοῦ
653 4854 746 4908 τοῦ
790 4854 954 4907 Θεοῦ⁶
995 4854 1127 4916 Θεὸς
1176 4851 1283 4921 γὰρ
1312 4851 1374 4902 οὐ
1404 4850 1680 4920 ψεύδεται,
1717 4851 1744 4900 6
1776 4864 1934 4915 μονοε-

371 4947 554 5017 γενής,
578 4948 606 4999 6
627 4948 795 5000 εἰπών
820 4964 833 4977 '
864 4964 881 4999 ι
905 4946 1044 5015 Ἐγὼ
1064 4946 1182 5013 εἰμι
1211 4945 1243 5013 ἡ
1277 4943 1553 5013 ἀλήθεια.»
1586 4944 1732 5002 Τέως
1756 4941 1851 4992 καὶ
1880 4941 1938 4992 ἐν

370 5039 447 5109 τῷ
477 5039 703 5103 συνάξαι
738 5038 957 5103 αὐτοὺς,
994 5040 1049 5091 ἐν
1078 5036 1313 5107 πρώτοις
1351 5036 1449 5103 τῆς
1480 5034 1776 5100 ἀπολογίας
1808 5030 1939 5084 ταύ-

373 5147 470 5199 της
507 5131 701 5192 αὐτοὺς
734 5130 1100 5199 ἀποστερήσει
1125 5143 1139 5157 ·
1188 5128 1280 5179 καὶ
1317 5125 1422 5194 γὰρ
1454 5126 1481 5177 6
1526 5122 1732 5185 Παῦλος
1764 5122 1937 5191 σωθῆ-

467 5291 487 5323 ³
526 5291 632 5345 Isa.
666 5306 744 5356 ιι,
779 5290 866 5343 12.
942 5288 987 5321 ⁸⁸
1026 5286 1185 5341 Rom.
1222 5301 1300 5352 ιι,
1328 5283 1420 5338 26.
1494 5284 1543 5317 "
1579 5282 1735 5338 Joan.
1767 5300 1821 5350 v,
1850 5282 1940 5339 I3.

444 5451 551 5520 (54)
583 5452 734 5518 Apud
772 5450 962 5505 Isaiam
1007 5463 1126 5514 cap.
1166 5463 1240 5507 ιι,
1273 5445 1437 5520 v.12,
1472 5444 1585 5520 haec.
1626 5441 1801 5496 solum
1838 5439 1931 5493 ha-

360 5514 561 5578 L'entnr
597 5514 667 5573 εἰ
717 5520 783 5574 Εῑ
819 5520 1014 5573 levabit
1045 5522 1257 5585 signum
1309 5517 1361 5569 in
1396 5514 1673 5585 nationes,
1721 5520 1773 5585 et
1805 5524 1933 5562 cou-

404 5592 611 5658 rcgabit
633 5592 873 5661 perditos
904 5581 1164 5651 Israelfet
1190 5587 1466 5655 dispersos
1488 5582 1619 5635 Iuda
1645 5581 1879 5659 colliget.
1906 5598 1923 5629 ι

358 5610 571 5716 fit-inde
603 5679 653 5714 v.
693 5659 754 5713 16
798 5660 1046 5714 subditur
1075 5675 1089 5714 :
1136 5676 1153 5707 ι
1193 5656 1255 5709 Et
1288 5658 1389 5708 erit
1420 5654 1518 5716 ipsi
1553 5654 1756 5712 Israel,
1790 5660 1923 5703 sicut

415 5649 571 5715 «inde
603 5649 653 5714 v'.
693 5659 754 5713 16
798 5660 1046 5714 subditur
1075 5649 1089 5714 ξ
1136 5676 1153 5707 ι
1193 5656 1255 5709 Et
1282 5649 1389 5708 'erit
1420 5654 1518 5719 ipsi
1553 5654 1756 5712 Israel,
1790 5649 1931 5703 sicut

361 5734 483 5786 dies
512 5734 730 5794 quando
758 5746 1007 5796 egressus
1039 5740 1115 5785 est
1157 5729 1223 5781 de
1254 5735 1394 5779 terra
1428 5722 1665 5793 Egypti.
1704 5740 1721 5772 ι

2049 3198 2237 3251 christi
2273 3198 2480 3268 primos
2504 3200 2556 3251 in
2584 3214 2823 3252 errorem
2855 3200 3189 3253 inducendos
3217 3216 3339 3255 esse
3362 3199 3580 3254 inda-os
3603 3218 3618 3266 ;

2044 3304 2277 3357 quoeum
2310 3301 2363 3343 et
2391 3290 2593 3344 Christi
2646 3291 3016 3367 testimonium
3056 3293 3351 3356 consentit,
3387 3292 3438 3344 iu
3475 3291 3621 3345 hunc

2052 3381 2271 3435 modum
2321 3379 2539 3435 Judmos
2594 3382 2919 3451 appellantis
2956 3399 2970 3437 :
3010 3402 3026 3434 ι
3076 3382 3188 3453 Ego
3237 3385 3358 3437 veni
3414 3384 3467 3437 in
3520 3401 3619 3437 no-

2048 3474 2192 3528 mine
2227 3473 2404 3528 Patris
2436 3475 2538 3528 mei
2561 3514 2575 3537 ,
2608 3485 2661 3528 et
2688 3490 2792 3527 non
2827 3474 3074 3545 accipitis
3107 3492 3227 3541 me;
3264 3477 3405 3532 alius
3437 3481 3617 3533 veniet

2046 3566 2100 3619 in
2133 3566 2351 3620 nomine
2381 3580 2502 3628 suo,
2530 3575 2582 3619 et
2605 3566 2755 3619 illtnu
2780 3566 3095 3634 accipietis;
3124 3568 3251 3635 quia
3293 3568 3347 3622 in
3377 3572 3615 3637 peccatis

2045 3658 2240 3712 vestris
2273 3659 2579 3713 moriemini
2602 3659 2671 3714 ".
2716 3676 2734 3710 ι

2113 3839 2239 3893 2:25.
2272 3839 2499 3905 Quando
2539 3839 2789 3893 videlicet
2825 3842 3171 3911 congregabit
3208 3844 3355 3913 ipsos
3396 3844 3448 3897 in
3477 3845 3614 3899 civi-

2045 3940 2155 3985 tate
2203 3929 2505 3983 Jerusalem
2548 3939 2601 3983 ct
2655 3930 2815 3999 digna
2868 3932 3075 3983 meritis
3127 3935 3376 3988 mercede
3432 3950 3615 3990 rentu-

2044 4022 2345 4076 iterabitur.
2385 4020 2682 4091 [Videntes
2712 4021 2854 4073 enim
2886 4020 2952 4071 ab
2982 4020 3071 4073 illo
3106 4033 3463 4077 restauratam
3502 4042 3613 4079 suae

2044 4112 2399 4182 dispersionis
2429 4109 2757 4181 perniciem]
2800 4108 2851 4163 in
2889 4111 3225 4179 dispersione
3269 4128 3331 4165 ae
3392 4115 3612 4168 interitu

2042 4219 2144 4259 suo
2167 4203 2367 4257 dicturi
2393 4210 2519 4255 sunt
2546 4218 2559 4255 :
2585 4201 2641 4254 Si
2671 4201 2844 4254 isthoc
2868 4202 3072 4270 pridem
3100 4199 3315 4255 fecisset
3338 4201 3609 4266 Christus,

2044 4304 2340 4364 nostraque
2372 4293 2699 4348 restituisset
2738 4292 2928 4355 nobis,
2959 4291 3069 4361 jam
3115 4293 3317 4359 pridem
3348 4294 3613 4348 credidis-

2045 4372 2230 4441 senius
2262 4387 2314 4438 in
2348 4386 2523 4448 illum,
2564 4400 2659 4438 nec
2701 4384 2748 4437 ei
2800 4400 2983 4437 necem
3017 4385 3411 4449 intulissemus,
3447 4401 3611 4440 causa

2045 4494 2105 4533 ex
2151 4493 2218 4531 co
2250 4488 2465 4546 sumpta
2514 4478 2657 4545 quod
2703 4477 2857 4530 nobis
2895 4478 3366 4546 anteponebantur
3402 4492 3610 4548 gentes.

2047 4570 2181 4624 Illud
2232 4577 2411 4623 autem
2462 4568 2720 4622 Dominus
2754 4585 2859 4622 non
2909 4569 3032 4622 fecit
3067 4588 3079 4623 :
3122 4586 3230 4638 quo
3262 4581 3416 4639 pacta
3452 4573 3613 4639 igitur

2047 4678 2187 4717 nunc
2227 4663 2539 4733 congregati
2562 4703 2575 4726 ,
2613 4676 2699 4715 res
2739 4675 2867 4713 suas
2900 4661 2999 4713 sibi
3029 4661 3289 4715 habentes
3318 4672 3371 4715 et
3411 4663 3462 4716 in
3495 4663 3613 4715 inli-

2046 4755 2265 4808 dclitate
2310 4756 2685 4823 persistentes,
2741 4753 3130 4807 δαιιαιιυιιιυτϊ
3170 4754 3609 4825 quandoquidem

2048 4846 2101 4899 in
2134 4846 2535 4899 Antichristutn
2570 4860 2692 4898 mox
2724 4845 3037 4899 adfuturum
3070 4847 3332 4900 credituri
3363 4859 3514 4912 sunt,
3556 4859 3614 4902 nt

2048 4950 2343 4991 memorata
2380 4936 2499 4989 Filii
2574 4936 2663 4990 Dei
2710 4936 2974 4991 sententia
3013 4938 3267 4993 terribilis
3335 4950 3607 4993 testatur:

2047 5029 2222 5084 Filius
2254 5030 2451 5099 quippe
2484 5028 2575 5081 Dei
2619 5030 2925 5098 unigenitus
2955 5046 3061 5083 non
3096 5032 3354 5085 mentitur
3377 5070 3392 5094 ,
3430 5039 3610 5100 utpote

2045 5122 2137 5191 qui
2180 5120 2311 5174 dicit
2345 5139 2360 5177 :
2400 5138 2418 5171 ι
2458 5118 2570 5188 Ego
2616 5134 2737 5174 sum
2780 5123 2977 5176 veritas
3001 5123 3065 5176 “.
3100 5148 3119 5173 ι
3157 5120 3383 5188 Quando
3427 5130 3606 5173 autem

2020 5280 2063 5311 “
2122 5279 2283 5336 Joan.
2318 5299 2426 5351 xw,
2462 5282 2548 5339 16.

2113 5441 2225 5514 (55)
2283 5444 2339 5495 In
2396 5454 2625 5514 utroque
2675 5460 2780 5500 ms.
2837 5446 3059 5498 mutilus
3095 5459 3318 5505 sensus,
3380 5444 3467 5495 his
3522 5444 3603 5495 vel

2040 5512 2309 5566 similibus
2368 5512 2550 5569 verbis
2586 5518 2933 5583 integrandus
2975 5525 3089 5567 t‘ral
3139 5530 3153 5565 :
3205 5513 3373 5581 magis
3423 5521 3601 5566 autem

2039 5587 2263 5636 mutilus
2292 5594 2374 5638 est
2405 5586 2456 5637 in
2496 5584 2665 5641 Vatie.
2700 5589 2783 5638 ubi
2812 5587 2985 5637 solum
3022 5586 3250 5652 legitur:
3296 5585 3479 5644 Ὅπως
3508 5584 3603 5635 τοῦ

2037 5653 2469 5722 διασκορπισμοῦ
2498 5656 2592 5723 τὴν
2626 5655 2934 5707 ἐπαπωλίαν
2959 5658 3021 5708 τα
3059 5654 3214 5723 ἡμῶν
3245 5655 3369 5724 ἡμῖν
3396 5654 3443 5706 εί
3469 5653 3604 5705 ἁπο-

2040 5720 2380 5793 κατέστίιδσαί
2550 5720 2558 5723 ν
2844 5748 2851 5755 ·
3080 5720 3111 5723 ﬂ
3262 5720 3291 5724 n
3607 5720 3613 5732 ’
