4088 6216
404 346 510 412 869
1567 357 1611 416 γ
1626 359 1746 417 [TA
1788 359 1847 419 S.

1888 360 2214 420 A~NDRE.'E
2251 362 2441 420 SALI.

3553 369 3661 433 870

411 460 578 532 μῦας,
635 462 728 514 καὶ
777 461 1079 534 βατράχους
1130 465 1494 532 δαπανῶντες,
1543 472 1630 522 καὶ
1681 473 1862 527 πᾶσαν
1903 475 1978 543 ρυ-

2097 483 2150 529 ct
2205 475 2468 545 quidquid
2528 477 2727 548 ubique
2779 489 2860 534 est
2913 479 3158 534 sordium
3211 495 3334 534 eum
3388 482 3661 554 voluptate

407 554 618 623 παρέαν
648 554 744 606 τοῦ
775 554 982 625 κόσμου
1015 557 1074 610 ἐν
1103 558 1284 629 ἡδονῇ.
1310 562 1417 614 Καὶ
1447 563 1568 615 οὐαὶ
1591 565 1657 633 τῇ
1684 565 1979 637 οἰκουμένῃ

406 644 578 714 πάσῃ,
629 637 748 717 ὲνῇ
802 638 950 699 οὗτοι
1003 649 1394 716 πορεύσονταιο
1449 643 1547 716 τὰς
1600 655 1708 726 γὰρ
1764 659 1980 726 ἡμέρας

406 735 621 795 ἐκείνας
656 736 732 804 μὴ
790 736 933 790 ἔστω
981 740 1328 810 Χριστιανὸς,
1377 743 1568 813 Κύριε,
1621 748 1668 798 εἰ
1717 747 1978 802 δυνατόν·

405 825 518 879 ἀλλ’
549 819 668 880 οἴδα
715 829 798 882 ὅτι
831 830 1066 886 ἔσονται.
1105 833 1237 886 Τότε
1285 836 1343 888 αἱ
1373 837 1578 906 ἡμέραι
1611 840 1816 892 ἐκεῖναι
1853 858 1980 893 axo-

405 917 772 988 τισθήσονται,
802 920 959 991 δίκην
985 922 1283 994 θρηνοῦσαι
1317 927 1398 998 τῷ
1425 928 1546 997 ἀέρι
1575 929 1664 982 διὰ
1710 931 1770 982 τὸ
1803 935 1978 1001 μῖσος,

407 1010 548 1080 ὅπερ
579 1013 647 1064 τὰ
687 1011 922 1082 βδελυρὰ
963 1014 1089 1083 ἔθνη
1140 1018 1321 1070 ἐκεῖνα
1372 1020 1696 1088 ἐργάσονται
1722 1039 1735 1052 ·
1771 1024 1798 1076 6
1829 1023 1982 1092 ἥλιος

404 1095 478 1160 ὡς
509 1093 650 1166 αἷμα
690 1101 1004 1170 γενήσεται,
1039 1101 1250 1172 βλέπων
1278 1109 1346 1160 τὰ
1398 1107 1739 1178 βδελὺγματα
1768 1113 1858 1164 ἐπὶ
1883 1113 1981 1180 τῆς

404 1190 508 1256 γῆς
558 1189 912 1259 ἁμιλλώμενα
933 1207 947 1222 ⁸
982 1194 1013 1263 ἡ
1046 1194 1245 1266 σελήνη
1297 1199 1391 1252 καὶ
1425 1201 1600 1252 πάντα
1644 1204 1709 1256 τὰ
1745 1207 1980 1275 στοιχεῖα

407 1282 856 1352 σκοτισθήσονται
877 1301 888 1314 ·
925 1287 1186 1353 φάγονται
1215 1291 1323 1362 γὰρ
1344 1294 1435 1346 καὶ
1462 1295 1553 1346 τὸν
1581 1294 1713 1364 χοῦν
1737 1297 1831 1363 τῆς
1854 1297 1979 1366 γῆς,

406 1373 473 1426 τὰ
510 1372 872 1447 θυσιαστήρια
925 1378 1157 1450 κύθρους
1209 1377 1356 1436 οἷκον
1393 1378 1735 1455 ἐργάσονται.
1771 1390 1902 1442 Τότε
1930 1391 1980 1442 οἱ

410 1465 789 1530 κατοικοῦντες
830 1469 1016 1522 Ἀσίαν
1067 1474 1421 1540 φευγέτωσαν
1453 1477 1533 1540 εἰς
1563 1478 1661 1536 τὰς
1708 1480 1981 1545 κυκλάδας

407 1558 515 1612 τῶν
547 1561 724 1628 νήσων
746 1577 758 1588 ·
791 1561 853 1614 οὐ
895 1562 1004 1632 γὰρ
1039 1568 1398 1635 πορεύσονται
1429 1569 1488 1620 ἐν
1519 1571 1709 1634 αὐταῖς
1753 1573 1804 1624 οἱ
1839 1573 1978 1634 λαοὶ,

407 1649 524 1704 ἀλλ’
579 1650 792 1706 ἔσονται
847 1655 1171 1720 πενθοῦντες
1232 1659 1446 1730 ἡμέρας
1515 1661 1803 1727 ἑξακοσίας
1857 1662 1982 1733 ἐξή-

407 1759 592 1796 κοντα.

476 1879 624 1945 σκς’.
655 1882 786 1936 Τότε
813 1883 1170 1957 ἐγερθήσεται
1198 1887 1226 1939 6
1272 1889 1512 1954 Σατανᾶ;
1543 1891 1572 1942 6
1615 1890 1978 1964 ’Λντίχριστος

405 1974 471 2026 ἐκ
506 1973 677 2043 φυλῆς
706 1975 800 2026 τοῦ
825 1976 955 2040 Δὰν,
990 1976 1051 2030 οὐ
1087 1978 1271 2046 μέντοι
1303 1978 1409 2050 ἰδίᾳ
1438 1981 1667 2050 δυνάμει
1695 1983 1980 2052 ἄνθρωπος

402 2059 716 2132 γενόμενος,
771 2064 844 2136 μὴ
874 2066 1106 2134 γένοιτο,
1155 2069 1289 2123 ἀλλὰ
1335 2069 1531 2124 πλάσει
1580 2074 1742 2126 αὑτὸν
1777 2075 1977 2147 Κύριος

401 2158 430 2207 6
459 2156 590 2218 Θεὸς
621 2155 812 2220 σκεῦος
838 2161 1064 2229 αἰσχρὸν
1094 2161 1194 2213 καὶ
1238 2163 1480 2232 ῥυπαρόν
1502 2180 1514 2194 ·
1543 2165 1691 2227 ὅπως
1717 2167 1975 2237 πληρωθῇ

402 2249 464 2301 ἐν
492 2246 639 2317 αὑτῷ
668 2250 738 2301 τὰ
785 2249 894 2302 τῶν
943 2252 1270 2322 προφητῶν
1321 2253 1418 2306 καὶ
1465 2255 1866 2326 ἀπολυθήσεται
1916 2263 1978 2312 ἐκ

401 2339 512 2416 τῶν
537 2339 633 2392 τοῦ
663 2338 792 2409 ᾆδον
812 2340 1052 2411 δεσμῶν,
1088 2345 1145 2395 ὲν
1174 2339 1255 2407 οἷς
1284 2345 1463 2398 αὐτῶν
1492 2349 1520 2400 6
1544 2349 1821 2418 Δεσπότης
1848 2351 1980 2421 Χρι-

404 2433 528 2497 στὸς
563 2434 742 2486 ἐκεῖσε
787 2436 1076 2504 γενόμενος
1126 2436 1307 2506 ἔδησε,
1360 2439 1455 2491 καὶ¹
1501 2440 1864 2494 εἰσελεύσεται
1899 2445 1976 2506 εἰς

402 2526 462 2578 τὸ
493 2523 686 2588 σκεῦος
725 2526 784 2579 τὸ
825 2526 1063 2581 ’τλασθὲν
1094 2529 1263 2600 αὐτῷ.
1299 2531 1406 2584 Καὶ
1432 2533 1778 2602 γεννηθέντος
1812 2533 1974 2587 αὐτοῦ

403 2617 718 2688 ἀνθρώπου,
767 2619 862 2671 καὶ
914 2618 1327 2689 ἅνδρυνθέντος,
1382 2623 1478 2676 καὶ
1535 2621 1971 2692 βασιλεύσαντος,

401 2709 522 2762 τότε
568 2709 792 2778 ἄρξεται
823 2710 1188 2765 ἐπιδεικνύειν
1221 2713 1320 2781 τὴν
1357 2712 1568 2782 πλάνην
1614 2714 1802 2778 αὐτοῦ,
1835 2716 1976 2768 καθά

405 2811 540 2868 φησι
576 2798 708 2869 περὶ
750 2797 916 2852 αὐτοῦ
977 2800 1232 2869 Ἰωάννης
1262 2802 1290 2852 6
1330 2801 1610 2870 Θεολόγος,
1638 2802 1697 2866 ὃς
1727 2804 1821 2856 καὶ
1855 2805 1975 2872 ἐγε-

420 2890 506 2956 ρεῖ
531 2889 768 2959 πόλεμον
803 2890 896 2943 ἐπὶ
950 2889 1049 2953 τὰς
1099 2890 1368 2955 κυκλάδσς
1402 2893 1512 2947 τῶν
1560 2894 1768 2964 νήσων⁸
1819 2895 1973 2964 νῆσοι

403 2981 482 3046 δὲ,
519 2982 686 3050 φησὶν
727 2982 979 3048 Ἡσαΐας,
1034 2984 1090 3035 αἱ
1136 2983 1195 3050 ἐξ
1241 2984 1410 3038 ἐθνῶν
1464 2985 1749 3057 ἐκκλησίαι
1798 2988 1968 3040 εἰσίν·

408 3071 597 3124 Ἥλιοῦ
619 3072 674 3125 δὲ
704 3073 800 3126 καὶ
834 3072 1028 3142 Ἑνὼχ,
1057 3073 1152 3126 καὶ
1176 3074 1266 3126 τοῦ
1298 3072 1418 3127 υἱοῦ
1445 3073 1542 3144 τῆς
1576 3075 1799 3145 βροντῆς
1826 3077 1972 3140 ἐξελ-

2081 565 2392 622 absument.
2437 567 2526 622 ναι
2565 569 2727 623 terris
2763 570 3041 633 omnibus,
3076 571 3145 625 ad
3178 585 3316 640 quas
3346 572 3432 627 isti
3465 590 3660 642 perve-

2083 658 2303 712 nerint!
2346 657 2442 724 Ne,
2470 675 2676 729 quaeso,
2713 660 2940 716 Domine
2973 663 3133 726 Deos,
3181 678 3248 716 ne
3284 663 3351 717 sil
3385 664 3436 717 in
3467 665 3659 720 diebus

2085 749 2192 804 illis
2223 750 2574 806 Christianus
2606 753 2901 822 quispiam,
2935 755 2978 808 si
3009 756 3121 808 fieri
3155 756 3326 825 possit
3361 772 3378 809 :
3413 757 3504 810 sed
3540 755 3656 810 ﬁeri

2084 854 2189 893 non
2223 856 2384 908 posse
2408 882 2423 905 ,
2477 843 2645 910 probe
2683 845 2830 898 novi.
2866 845 2989 900 Dies
3028 855 3178 901 certe
3211 848 3448 902 tenebris
3482 849 3656 902 invol-

2085 936 2318 988 vuntur,
2372 929 2526 995 quasi
2577 929 2892 998 plaugentcs
2937 935 3172 988 obscuro
3233 951 3360 990 acre
3408 940 3651 1001 scelera,

2081 1029 2202 1083 quae
2245 1016 2312 1068 ab
2341 1018 2691 1072 exsecrandis
2737 1021 2989 1088 gentibus
3021 1023 3145 1084 istl's
3193 1025 3650 1082 committentur:

2082 1107 2162 1161 sol
2198 1117 2437 1162 vertetur
2465 1109 2520 1163 in
2559 1112 2902 1180 sanguinem,
2927 1115 2992 1167 ad
3021 1127 3297 1183 aspectum
3324 1120 3654 1185 enormium,

2083 1209 2204 1264 quae
2257 1200 2503 1253 certatim
2557 1201 2610 1254 in
2666 1205 2827 1258 terris
2888 1207 3288 1274 patrabuntur,
3345 1211 3655 1278 scelerum;

2085 1289 2208 1342 luna
2247 1300 2304 1344 et
2334 1302 2476 1346 astra
2513 1294 2696 1348 omnia
2736 1291 3180 1353 obscurabuntur
3218 1317 3232 1353 :
3269 1300 3405 1355 adeo
3450 1311 3510 1355 ut
3562 1303 3660 1356 ho-

2084 1379 2258 1434 mines
2286 1395 2575 1437 vescantur
2616 1387 2729 1439 luto
2762 1397 2942 1451 terrai,
2974 1399 3028 1443 et
3050 1391 3242 1444 altaria
3287 1392 3338 1445 in
3382 1392 3659 1462 sterquili-

2082 1472 2229 1524 nimn
2259 1485 2664 1530 convertantur.
2703 1477 2860 1534 Tunc
2890 1479 3102 1551 fugiant
3135 1484 3200 1536 ad
3232 1484 3470 1538 ambitus
3503 1485 3658 1540 insu-

2082 1561 2257 1617 larum
2290 1566 2622 1623 ltabitatores
2651 1570 2792 1624 Asia:
2813 1588 2828 1636 ;
2853 1586 2920 1625 eo
2951 1587 3186 1641 namque
3218 1591 3324 1629 non
3349 1575 3660 1629 transibunt

2082 1664 2268 1724 gentes
2297 1657 2442 1723 illae,
2488 1671 2775 1718 sexcentos
2825 1671 2880 1717 et
2923 1667 3205 1734 sexaginta
3247 1668 3362 1723 dies
3397 1678 3658 1738 perpetuo

2085 1747 2139 1800 in
2170 1747 2320 1802 luctu
2353 1762 2670 1806 versatum.

2151 1875 2277 1938 2‘26:
2308 1883 2436 1940 Post
2463 1888 2574 1940 hrec
2605 1889 2882 1955 proveniet
2909 1905 2938 1942 e
2968 1891 3107 1944 tribu
3148 1892 3259 1946 Dan
3304 1893 3535 1950 Satanas
3566 1895 3659 1950 ille

2082 1976 2448 2030 Antichristus
2471 2019 2483 2037 ,
2525 1994 2630 2031 non
2675 1979 2891 2047 quidem
2922 1981 3120 2034 virtute
3152 1999 3249 2035 sua
3293 1993 3541 2038 naturam
3574 1986 3659 2040 in-

2080 2056 2244 2118 dutus
2293 2064 2588 2119 humanam
2617 2107 2631 2128 ,
2675 2070 2824 2121 nullo
2860 2069 3042 2128 modo,
3080 2070 3170 2122 sed
3205 2087 3234 2123 a
3279 2071 3503 2126 Domino
3549 2071 3589 2124 D
3625 2089 3659 2127 ο

2083 2153 2348 2209 formatus
2381 2155 2431 2208 in
2468 2172 2561 2210 vas
2594 2168 2788 2211 tetrum
2822 2174 2885 2213 ac
2917 2162 3223 2224 sordidum,
3259 2154 3315 2215 ut
3348 2165 3660 2233 complean-

2080 2257 2168 2298 tur
2202 2245 2253 2297 in
2288 2260 2354 2299 co
2385 2262 2506 2314 qin
2533 2263 2627 2315 per
2662 2252 2955 2317 prorihetas
2992 2253 3246 2318 praedicta
3279 2264 3404 2306 sunt
3440 2271 3453 2306 ε
3482 2265 3534 2307 et
3565 2271 3660 2308 es-

2080 2338 2320 2392 solvetur
2350 2339 2603 2399 vinculis.
2636 2343 2790 2410 queis
2827 2358 2950 2395 cum
2980 2344 3229 2398 Christus
3269 2344 3527 2402 Dominus
3559 2351 3658 2403 ad-

2079 2431 2298 2491 strinxit
2336 2431 2474 2499 apud
2517 2431 2742 2495 inferos,
2779 2448 2901 2485 cum
2938 2448 3003 2488 eo
3034 2434 3346 2501 descendit;
3382 2448 3435 2492 ‹·ι
3475 2439 3656 2508 ingre-

2078 2520 2257 2574 dietur
2308 2521 2359 2575 in
2406 2537 2606 2590 corpus
2640 2524 2794 2593 (40),
2847 2527 2990 2595 quod
3025 2527 3072 2580 ei
3124 2539 3482 2598 praeparatum
3534 2539 3654 2585 est:

2079 2612 2264 2680 sicque
2285 2614 2518 2681 primmu
2547 2613 2720 2671 laetus
2755 2617 2941 2682 homo,
2977 2628 3086 2672 tum
3120 2620 3184 2673 ad
3214 2631 3424 2675 mtatem
3450 2623 3655 2677 virilem

2078 2713 2128 2757 et
2163 2704 2312 2771 regni
2364 2706 2562 2760 solium
2605 2723 2948 2777 progressus,
2988 2713 3203 2764 tandem
3251 2713 3470 2781 incipiet
3502 2729 3655 2769 erro-

2078 2810 2233 2848 neam
2266 2810 2419 2850 suam
2452 2797 2710 2855 invehere
2742 2801 3063 2866 doctrinam,
3098 2806 3554 2873 quemadmodum
3588 2808 3656 2862 de

2077 2887 2169 2941 illo
2194 2887 2431 2946 Joannes
2459 2891 2768 2964 'l‘heologus
2803 2904 3028 2950 testatur
3064 2914 3079 2951 :
3142 2907 3195 2951 et
3223 2899 3512 2954 rorrcitabit
3545 2901 3658 2956 bel-

2077 2979 2186 3035 lum
2213 2993 2399 3036 contra
2427 2984 2665 3040 ambitus
2697 2987 3033 3054 insularum;
3075 2991 3265 3042 iusulm
3294 2999 3473 3044 autem
3507 3003 3653 3056 sunt,

2077 3084 2212 3128 teste
2272 3074 2442 3137 Isaia,
2508 3077 2746 3145 gentium
2809 3079 3086 3135 Ecclesiae.
3162 3080 3330 3136 Porro
3385 3082 3499 3138 Elia
3526 3073 3548 3145 ,’
3604 3094 3657 3139 et.

404 3163 606 3217 θὰντων
633 3165 728 3217 καὶ
763 3165 1224 3234 προκηρυξάντων
1252 3166 1348 3235 τὴν
1375 3166 1540 3218 αὐτοῦ
1572 3168 1968 3237 ἀποπλὰνησιν,

2082 3165 2296 3227 Euorh,
2341 3176 2393 3220 et
2437 3169 2657 3221 tenitrui
2693 3168 2832 3224 Filio
2866 3171 2976 3238 (Η)
3011 3172 3408 3240 prodeuntibus
3440 3187 3492 3229 et
3528 3191 3654 3244 pro-

401 3254 503 3322 τήν
534 3268 594 3306 τε
626 3254 719 3307 τοῦ
751 3255 956 3324 Κυρίου
1002 3255 1176 3324 Ἰησοῦ
1211 3254 1468 3326 δευτέραν
1501 3257 1730 3310 ἔλευσιν·
1764 3259 1972 3330 πικρῶς

401 3344 460 3396 δὲ
516 3343 840 3397 ταπεινώσιι
875 3346 999 3407 τοὺς
1056 3346 1179 3397 τότε
1233 3344 1596 3415 Χριστιανοὺς
1662 3350 1821 3418 μέχρι
1876 3351 1974 3413 τῆς

403 3436 635 3503 ἐσχάτης
685 3436 864 3488 αὐτῶν
911 3437 1206 3507 ἀναπνοῆς,
1267 3436 1468 3490 θλίϐων
1513 3440 1608 3491 καὶ
1647 3439 1850 3494 ὀλέκων
1881 3440 1976 3493 αὑ·

401 3529 527 3590 τοὺς
551 3529 583 3580 6
610 3527 840 3597 μάταιος
871 3527 1033 3596 ἄγαν.

474 3756 610 3822 σκζῖ⁸
644 3758 779 3810 Τότε
811 3758 863 3811 εἴ
897 3774 980 3822 τις
1017 3759 1075 3811 οὐ
1103 3757 1371 3829 πλανηθῇ,

1417 3761 1590 3829 μέγας
1626 3761 1720 3813 καὶ
1745 3762 1874 3829 φοϐε
1887 3763 1979 3831 ρος

408 3855 559 3922 φίλος
592 3855 830 3923 Χριστοῦ
871 3855 1208 3925 ἁποφανθείη
1232 3873 1247 3887 ’
1283 3856 1543 3926 μακάριοι
1566 3856 1673 3925 γὰρ
1709 3858 1906 3919 πάντες
1929 3860 1978 3910 οἰ

403 3945 552 4009 ἅγιοι
572 3962 586 3976 ο
627 3944 762 3999 ἁλλά
787 3963 850 4014 γε
910 3946 1081 3999 πλείω
1109 3949 1155 3999 οἱ
1186 3948 1280 3999 ἐπὶ
1310 3949 1405 4000 τοῦ
1446 3949 1812 4018 ’Λντιχρίστου
1841 3965 1979 4018 μαρ-

403 4039 761 4108 τυρήσαντες,
795 4038 829 4107 ἢ
882 4038 933 4090 οἱ
987 4037 1274 4106 μέλλοντες
1335 4042 1654 4109 μαρτυρεῖν,
1716 4041 1977 4110 μακάριοι

402 4134 496 4184 καὶ
530 4130 956 4201 τρισμακάριον
1003 4131 1234 4202 μεγίστη
1273 4133 1382 4202 γὰρ
1434 4132 1560 4198 δόξα
1612 4132 1806 4194 αὐτοὺς
1858 4131 1976 4184 δια·-

402 4224 612 4289 δέξεται
643 4229 719 4284 εἰς
761 4219 1153 4293 ἀτελευτήτους
1187 4225 1412 4287 αἰῶνας.
1441 4224 1662 4294 Πρῶτον
1693 4225 1980 4277 ἀποκτενεῖ

403 4319 496 4370 τὸν
537 4317 742 4380 Ἠλίαν,
767 4311 885 4368 εἶτα
914 4314 1006 4366 τὸν
1047 4314 1238 4384 Ἑνὼχ,
1269 4317 1560 4385 μετέπειτα
1587 4317 1677 4368 τὸν
1696 4316 1795 4383 τῆς
1827 4315 1984 4386 βρονο

405 4407 507 4475 τῆς
558 4407 691 4470 υἱὸν,
739 4407 834 4460 καὶ
857 4409 978 4459 τότε
1009 4407 1136 4470 τοὺς
1173 4405 1250 4475 μὴ
1295 4406 1645 4469 πιστεύοντας
1699 4407 1781 4468 εἰς
1822 4405 1982 4459 αὑτὸν

406 4501 620 4569 θανάτῳ
654 4499 836 4570 πικρῷ
868 4499 1202 4570 παραδώσει.
1259 4500 1392 4553 Τότε
1440 4499 1598 4551 ἔσται
1645 4498 1850 4568 μεταξὺ
1879 4497 1985 4550 αὖ·

2077 3257 2438 3325 mulgantihus
2494 3257 2794 3313 secundum
2865 3258 3076 3314 Domini
3130 3259 3257 3315 Jesu
3320 3264 3652 3333 adventum,

2076 3357 2199 3416 post
2243 3350 2511 3403 refutatos
2558 3350 2874 3404 Antichristi
2925 3367 3180 3417 errores,
3233 3355 3540 3410 humiliabit
3567 3356 3657 3410 hic

2077 3441 2422 3494 vehementer
2465 3442 2852 3505 Christianos,
2913 3455 2968 3498 et
3020 3446 3084 3498 ad
3125 3455 3427 3500 extremum
3481 3464 3654 3518 usque

2075 3531 2324 3597 spiritum
2391 3545 2783 3602 persequetur,
2843 3533 3128 3604 aﬂligendo
3187 3535 3658 3610 disperdendoque

2080 3622 2335 3676 miserum
2368 3623 2419 3676 in
2458 3624 2703 3678 modum.

2151 3757 2276 3811 2‘27.
2321 3757 2376 3811 Si
2411 3760 2534 3824 quis
2566 3769 2677 3812 tum
2727 3761 2989 3830 temporis
3043 3763 3095 3814 in
3138 3776 3379 3815 errorem
3429 3776 3535 3815 non
3571 3760 3657 3815 itt-

2079 3850 2360 3910 ducatur,
2414 3865 2608 3920 magna
2664 3861 2811 3904 certe
2865 3868 2929 3908 ac
2979 3854 3241 3921 singulari
3292 3853 3435 3923 apud
3489 3851 3655 3906 Dium

2082 3942 2256 4011 gratia
2285 3943 2517 3995 valuerit
2545 3959 2557 3992 :
2590 3945 2845 4012 quamvis
2870 3947 3011 3998 enim
3039 3945 3182 3998 beati
3211 3946 3514 4015 appellandi
3548 3946 3658 4000 sint

2079 4035 2256 4090 Sancti
2293 4049 2517 4098 omnes,
2557 4035 2714 4104 longe
2751 4046 2929 4089 tamen
2965 4036 3039 4090 illi
3078 4038 3370 4103 beatiores,
3397 4039 3490 4106 qui
3523 4048 3660 4092 tem-

2080 4126 2301 4194 poribus
2348 4125 2669 4180 Antichristi
2725 4125 3005 4178 veritatem
3065 4124 3186 4179 ﬁdei
3245 4141 3344 4179 suo
3392 4128 3658 4194 sanguine

2082 4220 2429 4274 tcstil‘acaturi
2465 4229 2596 4274 sunt
2628 4238 2641 4273 :
2670 4219 2967 4281 beatiores,
2995 4221 3240 4290 inquam,
3270 4221 3343 4273 illi
3372 4231 3422 4274 et
3452 4221 3657 4275 beatis-

2082 4311 2230 4375 simi,
2263 4321 2446 4379 utpote
2477 4326 2615 4380 quos
2652 4310 2825 4380 gloria
2864 4312 3096 4364 maxima
3135 4327 3228 4380 per
3259 4311 3655 4369 interminabi—

2082 4403 2188 4457 lem
2244 4403 2601 4456 aeternitatem
2651 4413 2850 4456 manet.
2903 4400 2971 4456 Et
3017 4403 3250 4472 primum
3294 4401 3512 4471 quidem
3560 4417 3655 4456 ne-

2086 4507 2200 4548 cem
2249 4491 2440 4547 inferet
2480 4490 2654 4557 Elige,
2705 4491 2898 4547 deinde
2956 4492 3213 4552 Enocho.
3267 4503 3378 4546 tum
3432 4494 3653 4546 touitrui

479 4721 594 4788 (40)
637 4720 761 4775 Hazc
803 4719 1049 4774 doctrina
1075 4719 1144 4774 de
1173 4718 1371 4772 Satana
1405 4719 1760 4780 incarnando,
1794 4728 1852 4770 ut
1893 4717 1982 4772 liat
2016 4721 2056 4775 D
2089 4726 2172 4770 tur
2208 4731 2272 4770 ex
2319 4714 2525 4784 virgine
2549 4754 2581 4788 ,γ
2612 4714 2781 4788 veluti
2832 4715 3052 4788 spurius
3074 4757 3088 4778 ,
3130 4716 3222 4788 qui
3256 4717 3474 4783 «quidem
3525 4726 3655 4774 tunc

406 4792 776 4847 Antichristus
823 4789 1274 4850 horno-damon,
1336 4789 1644 4856 conjunctis
1703 4788 1757 4841 in
1821 4788 1982 4841 unius

408 4876 651 4931 personae
718 4859 993 4931 hypostasi
1059 4860 1269 4931 naturis
1326 4858 1758 4931 dualius,_sicut
1808 4857 1981 4931 conti-

405 4927 583 4986 iemur
614 4931 681 4985 de
711 4927 968 5006 Christo,
1016 4929 1300 5006 peregrina
1334 4928 1474 4980 haud
1508 4927 1983 5006 dubie-theologis

405 5003 649 5064 accidet,
703 5015 898 5068 purum
950 4998 1220 5051 hominem
1279 4997 1518 5068 futurum
1585 4996 1981 5068 Antichristum

406 5067 850 5125 existimantibus
884 5087 897 5122 :
933 5069 1107 5137 magis
1137 5079 1316 5137 tamen
1345 5067 1608 5120 absonum
1644 5081 1673 5118 a
1705 5067 1982 5137 communi

404 5155 565 5194 sensu
603 5141 814 5193 videtur
843 5153 983 5203 esse,
1007 5134 1145 5205 quod
1176 5136 1492 5207 Hippolytus
1518 5145 1724 5207 martyr
1755 5134 1981 5207 inurat.

405 5211 473 5265 de
501 5209 721 5264 Christo
763 5218 818 5262 et
851 5203 1188 5261 Antichristo
1218 5203 1297 5260 sic
1343 5203 1505 5260 liabet
1552 5222 1569 5259 :
1617 5223 1635 5256 ι
1667 5203 1804 5259 Cum
1866 5206 1985 5259 Sal-

410 5289 563 5334 vator
595 5279 782 5332 mundi
830 5292 1000 5346 genus
1044 5277 1338 5346 humanum
1381 5277 1591 5329 salvaro
1632 5275 1983 5338 decrevisset,

406 5364 472 5403 ex
508 5345 855 5402 immaculata
881 5345 1098 5413 Virgine
1127 5345 1293 5398 Maria
1319 5356 1478 5400 natus
1499 5354 1616 5409 est;
1641 5347 1707 5398 ad
1731 5345 1982 5399 eumdem

411 5420 630 5472 modum
661 5422 823 5472 etiam
864 5415 1148 5477 diabolus,
1199 5431 1261 5465 ex
1321 5417 1531 5482 impura
1582 5416 1808 5468 muliere
1861 5430 1984 5482 pio-

410 5491 547 5543 dibit
580 5503 745 5550 super
779 5498 1016 5549 terram;
1067 5487 1161 5538 sed
1195 5485 1333 5540 falso
1362 5496 1631 5539 nascetur.
1677 5486 1809 5550 Quia
1857 5487 1977 5540 dia-

409 5559 566 5614 bolus
593 5597 608 5621 ,
653 5556 781 5611 licet
827 5570 1045 5610 carnem
1103 5563 1383 5616 assumat,
1423 5556 1522 5607 hoe
1572 5556 1825 5622 Opinione
1861 5564 1977 5608 tan-

409 5640 524 5682 tum
559 5645 574 5681 :
603 5630 697 5694 qttl
721 5627 864 5680 enim
898 5639 1115 5679 carnem
1149 5626 1331 5686 ferret,
1363 5640 1522 5692 quain
1554 5626 1668 5692 ipse
1704 5641 1807 5679 non
1840 5640 1971 5678 eoa-

407 5698 587 5752 didit?
620 5697 756 5752 Hinc
785 5697 998 5763 opinor,
1024 5695 1226 5758 dilecti,
1261 5711 1440 5748 carnis
1468 5711 1579 5746 sua:
1612 5697 1971 5748 substantiam

411 5769 808 5827 ohantasticam
839 5775 1077 5820 assumet
1111 5767 1298 5835 organi
1331 5765 1466 5818 vice.
1510 5764 1793 5832 l‘roptezca
1829 5769 1968 5819 ede-

2086 4788 2310 4854 reliquis
2367 4787 2650 4858 apparebit
2691 4800 2842 4842 caro.
2889 4784 3028 4858 Nam
3087 4787 3346 4849 virginem
3381 4789 3656 4858 peperisse

2085 4857 2256 4910 solani
2311 4857 2714 4927 sanctissimam
2777 4856 3066 4927 novimus,
3135 4872 3252 4923 qua:
3309 4856 3652 4927 cat-nigerum

2087 4941 2210 4979 vere
2240 4926 2424 4995 genuit
2453 4924 2790 4996 Salvator-em
2828 4943 2840 4977 :
2874 4925 3044 4996 hostis
3073 4937 3252 4979 autem
3289 4924 3654 4996 nequaquam,

2087 4997 2178 5049 sed
2231 4995 2688 5064 quemadmodum
2742 5009 2849 5049 non
2889 4995 3092 5064 aperiet
3125 4997 3339 5050 vulvam
3367 4995 3385 5060 ,
3431 4998 3499 5049 ita
3553 5012 3652 5050 nec

2087 5080 2304 5118 carnem
2344 5079 2526 5118 veram
2575 5075 2843 5129 assumet,
2904 5077 2996 5117 aut
3035 5066 3456 5122 circumeidetur
3503 5080 3651 5130 vere,

2091 5144 2147 5188 ut
2197 5136 2554 5188 circuitu-istis
2600 5144 2683 5206 est
2731 5135 3003 5206 Christus.
3042 5153 3060 5184 ι
3098 5137 3174 5189 Ex
3217 5137 3415 5206 quibus
3459 5149 3655 5206 seque-

2086 5213 2254 5270 retur,
2289 5220 2473 5256 verum
2508 5205 2777 5258 hominem
2817 5223 2922 5258 non
2958 5205 3199 5259 futurum
3233 5204 3649 5266 Autichristum,

2085 5275 2177 5342 qui
2236 5285 2416 5326 tamen
2469 5275 2637 5327 Paulo
2683 5276 2904 5339 dicitur,
2964 5275 3133 5327 Homo
3191 5275 3412 5344 peccati.
3477 5273 3653 5328 Minus

2089 5346 2250 5412 igitur
2307 5345 2419 5396 luce
2476 5346 2743 5398 sententia
2786 5346 3083 5414 Scripturis
3137 5345 3424 5407 convenit,
3486 5357 3650 5413 quam

2088 5415 2173 5466 illa
2217 5429 2335 5480 qua:
2365 5414 2663 5467 dlBlllOﬂClll
2718 5433 2839 5469 vere
2878 5416 3271 5469 incarnandum
3307 5414 3552 5479 diceret,
3600 5421 3655 5468 et

2087 5484 2230 5536 hunc
2269 5483 2507 5536 futurum
2549 5485 2962 5538 Antichristum.

2155 5554 2266 5623 (41)
2317 5553 2458 5606 Idem
2495 5553 2851 5623 Hippolytus:
2885 5571 2903 5602 ι
2945 5555 3119 5614 Prior,
3151 5553 3349 5621 inquit,
3392 5551 3658 5610 adventus

2083 5625 2280 5677 Christi
2337 5641 2726 5689 praet'ttt'sui‘cul
2782 5623 2966 5677 habuit
3005 5626 3266 5679 Joannem
3319 5624 3654 5692 Baptistam;

2082 5696 2344 5762 poster-iur
2371 5705 2575 5763 autem,
2607 5708 2717 5761 quo
2749 5701 3008 5763 venturus
3034 5704 3116 5747 est
3146 5693 3196 5744 in
3233 5694 3425 5763 gloria,
3446 5695 3653 5762 Etloch,

2084 5765 2250 5817 talium
2284 5774 2336 5816 et
2372 5762 2634 5815 JJ'JIIIII'III
2673 5762 3000 5826 'l'hcologum
3035 5762 3327 5818 exhibebit.
3364 5783 3383 5814 ι
