  <div class='ocr_page' id='page_1' title='image "/cluster/home/n/w/nwhite01/storage/ocr_20150623/111/hvd.32044073502288/473.png"; bbox 0 0 4088 6216; ppageno 0'>
   <div class='ocr_carea' id='block_1_1' title="bbox 488 338 593 405">
    <p class='ocr_par' dir='ltr' id='par_1_1' title="bbox 488 338 593 405">
     <span class='ocr_line' id='line_1_1' title="bbox 488 338 593 405; baseline 0.038 -5"><span class='ocrx_word' id='word_1_1' title='bbox 488 338 593 405; x_wconf 76' lang='grc'><strong>871</strong></span> 
     </span>
    </p>
   </div>
   <div class='ocr_carea' id='block_1_2' title="bbox 1558 342 2647 405">
    <p class='ocr_par' dir='ltr' id='par_1_2' title="bbox 1558 342 2647 405">
     <span class='ocr_line' id='line_1_2' title="bbox 1558 342 2647 405; baseline 0.004 -4"><span class='ocrx_word' id='word_1_2' title='bbox 1558 345 1603 401; x_wconf 83' lang='grc' dir='ltr'>Ν</span> <span class='ocrx_word' id='word_1_3' title='bbox 1619 342 1977 404; x_wconf 69' lang='grc' dir='ltr'><strong>ΙΕΕΡῙΙΟΙίῙ</strong></span> <span class='ocrx_word' id='word_1_4' title='bbox 2019 342 2497 405; x_wconf 79' lang='lat' dir='ltr'><strong>I’RESBYTERI</strong></span> <span class='ocrx_word' id='word_1_5' title='bbox 2541 346 2647 405; x_wconf 68' lang='grc' dir='ltr'><strong>(ΣΡ.</strong></span> 
     </span>
    </p>
   </div>
   <div class='ocr_carea' id='block_1_3' title="bbox 3649 335 3763 398">
    <p class='ocr_par' dir='ltr' id='par_1_3' title="bbox 3649 335 3763 398">
     <span class='ocr_line' id='line_1_3' title="bbox 3649 335 3763 398; baseline -0.018 0"><span class='ocrx_word' id='word_1_6' title='bbox 3649 335 3763 398; x_wconf 77' lang='lat'><strong>872</strong></span> 
     </span>
    </p>
   </div>
   <div class='ocr_carea' id='block_1_4' title="bbox 488 432 2067 527">
    <p class='ocr_par' dir='ltr' id='par_1_4' title="bbox 488 452 2067 523">
     <span class='ocr_line' id='line_1_4' title="bbox 488 452 2067 523; baseline -0.002 -13"><span class='ocrx_word' id='word_1_7' title='bbox 488 453 629 510; x_wconf 82' lang='lat' dir='ltr'><strong>Filio</strong></span> <span class='ocrx_word' id='word_1_8' title='bbox 675 453 815 523; x_wconf 62' lang='grc'>(42).</span> <span class='ocrx_word' id='word_1_9' title='bbox 849 452 1081 523; x_wconf 86' lang='lat' dir='ltr'><strong>denique</strong></span> <span class='ocrx_word' id='word_1_10' title='bbox 1131 454 1440 508; x_wconf 83' lang='lat' dir='ltr'><strong>nolentibus</strong></span> <span class='ocrx_word' id='word_1_11' title='bbox 1482 455 1535 509; x_wconf 92' lang='lat' dir='ltr'><strong>in</strong></span> <span class='ocrx_word' id='word_1_12' title='bbox 1589 471 1649 511; x_wconf 90' lang='lat' dir='ltr'><strong>se</strong></span> <span class='ocrx_word' id='word_1_13' title='bbox 1697 455 1919 510; x_wconf 81' lang='lat' dir='ltr'><strong>credere</strong></span> <span class='ocrx_word' id='word_1_14' title='bbox 1950 471 2067 509; x_wconf 89' lang='lat' dir='ltr'><strong>om-</strong></span> 
     </span>
    </p>
   </div>
   <div class='ocr_carea' id='block_1_5' title="bbox 2175 432 3762 527">
    <p class='ocr_par' dir='ltr' id='par_1_5' title="bbox 2175 448 3762 527">
     <span class='ocr_line' id='line_1_5' title="bbox 2175 448 3762 527; baseline -0.004 -19"><span class='ocrx_word' id='word_1_15' title='bbox 2175 455 2268 508; x_wconf 86' lang='grc' dir='ltr'><strong>τοῦ</strong></span> <span class='ocrx_word' id='word_1_16' title='bbox 2315 456 2410 510; x_wconf 75' lang='grc' dir='ltr'>καὶ</span> <span class='ocrx_word' id='word_1_17' title='bbox 2449 456 2544 509; x_wconf 92' lang='grc' dir='ltr'><strong>τοῦ</strong></span> <span class='ocrx_word' id='word_1_18' title='bbox 2594 454 2868 508; x_wconf 83' lang='grc' dir='ltr'>Δεσπότου</span> <span class='ocrx_word' id='word_1_19' title='bbox 2917 448 3154 527; x_wconf 76' lang='grc' dir='ltr'><strong>Χριστοῦ</strong></span> <span class='ocrx_word' id='word_1_20' title='bbox 3218 452 3451 521; x_wconf 79' lang='grc' dir='ltr'>πόλεμος</span> <span class='ocrx_word' id='word_1_21' title='bbox 3506 450 3762 520; x_wconf 67' lang='grc' dir='ltr'>φοὸερδς,</span> 
     </span>
    </p>
   </div>
   <div class='ocr_carea' id='block_1_6' title="bbox 493 545 2066 614">
    <p class='ocr_par' dir='ltr' id='par_1_6' title="bbox 493 545 2066 614">
     <span class='ocr_line' id='line_1_6' title="bbox 493 545 2066 614; baseline 0.001 -16"><span class='ocrx_word' id='word_1_22' title='bbox 493 548 678 601; x_wconf 80' lang='lat' dir='ltr'><strong>nibus.</strong></span> <span class='ocrx_word' id='word_1_23' title='bbox 740 545 895 600; x_wconf 88' lang='lat' dir='ltr'><strong>Tunc</strong></span> <span class='ocrx_word' id='word_1_24' title='bbox 943 547 1085 598; x_wconf 89' lang='lat' dir='ltr'><strong>inter</strong></span> <span class='ocrx_word' id='word_1_25' title='bbox 1140 547 1318 614; x_wconf 89' lang='lat' dir='ltr'><strong>ipsum</strong></span> <span class='ocrx_word' id='word_1_26' title='bbox 1370 557 1428 601; x_wconf 83' lang='lat' dir='ltr'><strong>et</strong></span> <span class='ocrx_word' id='word_1_27' title='bbox 1480 546 1765 602; x_wconf 85' lang='lat' dir='ltr'><strong>Dominum</strong></span> <span class='ocrx_word' id='word_1_28' title='bbox 1822 558 2066 601; x_wconf 88' lang='lat' dir='ltr'><strong>nostrqu</strong></span> 
     </span>
    </p>
   </div>
   <div class='ocr_carea' id='block_1_7' title="bbox 488 636 2071 713">
    <p class='ocr_par' dir='ltr' id='par_1_7' title="bbox 488 636 2071 713">
     <span class='ocr_line' id='line_1_7' title="bbox 488 636 2071 713; baseline -0.002 -20"><span class='ocrx_word' id='word_1_29' title='bbox 488 637 675 692; x_wconf 81' lang='lat' dir='ltr'><strong>Jesmu</strong></span> <span class='ocrx_word' id='word_1_30' title='bbox 717 636 1001 690; x_wconf 75' lang='lat' dir='ltr'><strong>Christum</strong></span> <span class='ocrx_word' id='word_1_31' title='bbox 1039 640 1143 690; x_wconf 88' lang='lat' dir='ltr'><strong>erit</strong></span> <span class='ocrx_word' id='word_1_32' title='bbox 1188 637 1387 691; x_wconf 90' lang='lat' dir='ltr'><strong>bellum</strong></span> <span class='ocrx_word' id='word_1_33' title='bbox 1424 637 1700 713; x_wconf 85' lang='lat' dir='ltr'><strong>terribile;</strong></span> <span class='ocrx_word' id='word_1_34' title='bbox 1731 647 1785 692; x_wconf 87' lang='lat' dir='ltr'><strong>et</strong></span> <span class='ocrx_word' id='word_1_35' title='bbox 1811 638 2071 707; x_wconf 80' lang='lat' dir='ltr'><strong>quoniam</strong></span> 
     </span>
    </p>
   </div>
   <div class='ocr_carea' id='block_1_8' title="bbox 490 728 2071 798">
    <p class='ocr_par' dir='ltr' id='par_1_8' title="bbox 490 728 2071 798">
     <span class='ocr_line' id='line_1_8' title="bbox 490 728 2071 798; baseline -0.002 -15"><span class='ocrx_word' id='word_1_36' title='bbox 490 730 725 797; x_wconf 88' lang='lat' dir='ltr'><strong>denique</strong></span> <span class='ocrx_word' id='word_1_37' title='bbox 778 728 955 796; x_wconf 82' lang='lat' dir='ltr'><strong>palam</strong></span> <span class='ocrx_word' id='word_1_38' title='bbox 1015 729 1108 782; x_wconf 85' lang='lat' dir='ltr'><strong>lict</strong></span> <span class='ocrx_word' id='word_1_39' title='bbox 1172 728 1349 797; x_wconf 88' lang='lat' dir='ltr'><strong>ipsum</strong></span> <span class='ocrx_word' id='word_1_40' title='bbox 1403 728 1629 781; x_wconf 81' lang='lat' dir='ltr'><strong>immani</strong></span> <span class='ocrx_word' id='word_1_41' title='bbox 1684 730 1864 783; x_wconf 81' lang='lat' dir='ltr'><strong>furore</strong></span> <span class='ocrx_word' id='word_1_42' title='bbox 1922 729 2071 798; x_wconf 85' lang='lat' dir='ltr'><strong>rapi,</strong></span> 
     </span>
    </p>
   </div>
   <div class='ocr_carea' id='block_1_9' title="bbox 491 820 2073 891">
    <p class='ocr_par' dir='ltr' id='par_1_9' title="bbox 491 820 2073 891">
     <span class='ocr_line' id='line_1_9' title="bbox 491 820 2073 891; baseline -0.001 -14"><span class='ocrx_word' id='word_1_43' title='bbox 491 823 741 891; x_wconf 70' lang='lat' dir='ltr'><strong>ueloque</strong></span> <span class='ocrx_word' id='word_1_44' title='bbox 784 836 843 875; x_wconf 87' lang='lat' dir='ltr'><strong>se</strong></span> <span class='ocrx_word' id='word_1_45' title='bbox 883 836 1199 891; x_wconf 83' lang='lat' dir='ltr'><strong>Opponere,</strong></span> <span class='ocrx_word' id='word_1_46' title='bbox 1257 820 1484 874; x_wconf 80' lang='lat' dir='ltr'><strong>fulmina</strong></span> <span class='ocrx_word' id='word_1_47' title='bbox 1518 820 1784 875; x_wconf 86' lang='lat' dir='ltr'><strong>eliciendo</strong></span> <span class='ocrx_word' id='word_1_48' title='bbox 1810 861 1826 886; x_wconf 95' lang='lat'><strong>,</strong></span> <span class='ocrx_word' id='word_1_49' title='bbox 1880 820 2073 875; x_wconf 80' lang='lat' dir='ltr'><strong>cicndo</strong></span> 
     </span>
    </p>
   </div>
   <div class='ocr_carea' id='block_1_10' title="bbox 491 912 2070 982">
    <p class='ocr_par' dir='ltr' id='par_1_10' title="bbox 491 912 2070 982">
     <span class='ocr_line' id='line_1_10' title="bbox 491 912 2070 982; baseline -0.001 -14"><span class='ocrx_word' id='word_1_50' title='bbox 491 916 728 968; x_wconf 86' lang='lat' dir='ltr'><strong>tonitrua</strong></span> <span class='ocrx_word' id='word_1_51' title='bbox 756 955 770 977; x_wconf 93' lang='lat'><strong>,</strong></span> <span class='ocrx_word' id='word_1_52' title='bbox 833 922 1153 980; x_wconf 85' lang='lat' dir='ltr'><strong>tantumque</strong></span> <span class='ocrx_word' id='word_1_53' title='bbox 1203 912 1470 982; x_wconf 74' lang='lat' dir='ltr'><strong>fragorem</strong></span> <span class='ocrx_word' id='word_1_54' title='bbox 1512 912 1784 978; x_wconf 85' lang='lat' dir='ltr'><strong>faciendo,</strong></span> <span class='ocrx_word' id='word_1_55' title='bbox 1830 923 1889 965; x_wconf 92' lang='lat' dir='ltr'><strong>ut</strong></span> <span class='ocrx_word' id='word_1_56' title='bbox 1917 921 2070 978; x_wconf 87' lang='lat' dir='ltr'><strong>quot-</strong></span> 
     </span>
    </p>
   </div>
   <div class='ocr_carea' id='block_1_11' title="bbox 490 1004 2075 1076">
    <p class='ocr_par' dir='ltr' id='par_1_11' title="bbox 490 1004 2075 1076">
     <span class='ocr_line' id='line_1_11' title="bbox 490 1004 2075 1076; baseline -0.003 -16"><span class='ocrx_word' id='word_1_57' title='bbox 490 1015 625 1076; x_wconf 89' lang='lat' dir='ltr'><strong>quot</strong></span> <span class='ocrx_word' id='word_1_58' title='bbox 674 1006 922 1060; x_wconf 87' lang='lat' dir='ltr'><strong>incolunt</strong></span> <span class='ocrx_word' id='word_1_59' title='bbox 976 1018 1241 1059; x_wconf 76' lang='lat' dir='ltr'><strong>terrarum</strong></span> <span class='ocrx_word' id='word_1_60' title='bbox 1278 1006 1464 1058; x_wconf 89' lang='lat' dir='ltr'><strong>orbem</strong></span> <span class='ocrx_word' id='word_1_61' title='bbox 1510 1004 1826 1058; x_wconf 86' lang='lat' dir='ltr'><strong>universum</strong></span> <span class='ocrx_word' id='word_1_62' title='bbox 1864 1004 2075 1073; x_wconf 83' lang='lat' dir='ltr'><strong>percul-</strong></span> 
     </span>
    </p>
   </div>
   <div class='ocr_carea' id='block_1_12' title="bbox 490 1094 2071 1164">
    <p class='ocr_par' dir='ltr' id='par_1_12' title="bbox 490 1094 2071 1164">
     <span class='ocr_line' id='line_1_12' title="bbox 490 1094 2071 1164; baseline -0.003 -11"><span class='ocrx_word' id='word_1_63' title='bbox 490 1114 655 1153; x_wconf 86' lang='lat' dir='ltr'><strong>surus</strong></span> <span class='ocrx_word' id='word_1_64' title='bbox 689 1098 1007 1151; x_wconf 85' lang='lat' dir='ltr'><strong>terribiliter</strong></span> <span class='ocrx_word' id='word_1_65' title='bbox 1037 1108 1088 1151; x_wconf 84' lang='lat' dir='ltr'><strong>et</strong></span> <span class='ocrx_word' id='word_1_66' title='bbox 1123 1096 1539 1150; x_wconf 80' lang='lat' dir='ltr'><strong>exanimaturus</strong></span> <span class='ocrx_word' id='word_1_67' title='bbox 1583 1096 1676 1149; x_wconf 90' lang='lat' dir='ltr'><strong>sit.</strong></span> <span class='ocrx_word' id='word_1_68' title='bbox 1707 1094 1908 1164; x_wconf 84' lang='lat' dir='ltr'><strong>Ecquis</strong></span> <span class='ocrx_word' id='word_1_69' title='bbox 1959 1105 2071 1148; x_wconf 90' lang='lat' dir='ltr'><strong>tum</strong></span> 
     </span>
    </p>
   </div>
   <div class='ocr_carea' id='block_1_13' title="bbox 490 1186 2073 1259">
    <p class='ocr_par' dir='ltr' id='par_1_13' title="bbox 490 1186 2073 1259">
     <span class='ocr_line' id='line_1_13' title="bbox 490 1186 2073 1259; baseline -0.004 -14"><span class='ocrx_word' id='word_1_70' title='bbox 490 1192 751 1259; x_wconf 84' lang='lat' dir='ltr'><strong>temporis</strong></span> <span class='ocrx_word' id='word_1_71' title='bbox 781 1205 888 1242; x_wconf 93' lang='lat' dir='ltr'><strong>non</strong></span> <span class='ocrx_word' id='word_1_72' title='bbox 931 1188 1320 1243; x_wconf 79' lang='lat' dir='ltr'><strong>contremiscet</strong></span> <span class='ocrx_word' id='word_1_73' title='bbox 1349 1226 1364 1250; x_wconf 88' lang='lat'><strong>,</strong></span> <span class='ocrx_word' id='word_1_74' title='bbox 1414 1188 1538 1256; x_wconf 88' lang='lat' dir='ltr'><strong>quis</strong></span> <span class='ocrx_word' id='word_1_75' title='bbox 1569 1202 1674 1240; x_wconf 91' lang='lat' dir='ltr'><strong>non</strong></span> <span class='ocrx_word' id='word_1_76' title='bbox 1708 1188 1959 1253; x_wconf 75' lang='lat' dir='ltr'><strong>pavebit,</strong></span> <span class='ocrx_word' id='word_1_77' title='bbox 2000 1186 2073 1239; x_wconf 85' lang='lat' dir='ltr'><strong>lili</strong></span> 
     </span>
    </p>
   </div>
   <div class='ocr_carea' id='block_1_14' title="bbox 491 1277 2072 1349">
    <p class='ocr_par' dir='ltr' id='par_1_14' title="bbox 491 1277 2072 1349">
     <span class='ocr_line' id='line_1_14' title="bbox 491 1277 2072 1349; baseline -0.002 -17"><span class='ocrx_word' id='word_1_78' title='bbox 491 1281 602 1334; x_wconf 90' lang='lat' dir='ltr'><strong>mi?</strong></span> <span class='ocrx_word' id='word_1_79' title='bbox 627 1280 798 1345; x_wconf 77' lang='lat' dir='ltr'><strong>Beati,</strong></span> <span class='ocrx_word' id='word_1_80' title='bbox 824 1282 917 1349; x_wconf 88' lang='lat' dir='ltr'><strong>qui</strong></span> <span class='ocrx_word' id='word_1_81' title='bbox 947 1289 1076 1334; x_wconf 91' lang='lat' dir='ltr'><strong>tunc</strong></span> <span class='ocrx_word' id='word_1_82' title='bbox 1107 1280 1159 1332; x_wconf 90' lang='lat' dir='ltr'><strong>itt</strong></span> <span class='ocrx_word' id='word_1_83' title='bbox 1194 1278 1424 1333; x_wconf 83' lang='lat' dir='ltr'><strong>Domino</strong></span> <span class='ocrx_word' id='word_1_84' title='bbox 1452 1289 1640 1333; x_wconf 89' lang='lat' dir='ltr'><strong>nostro</strong></span> <span class='ocrx_word' id='word_1_85' title='bbox 1666 1277 1796 1332; x_wconf 79' lang='lat' dir='ltr'><strong>Jesu</strong></span> <span class='ocrx_word' id='word_1_86' title='bbox 1830 1279 2072 1341; x_wconf 83' lang='lat' dir='ltr'><strong>Christo,</strong></span> 
     </span>
    </p>
   </div>
   <div class='ocr_carea' id='block_1_15' title="bbox 487 1371 2072 1439">
    <p class='ocr_par' dir='ltr' id='par_1_15' title="bbox 487 1371 2072 1439">
     <span class='ocr_line' id='line_1_15' title="bbox 487 1371 2072 1439; baseline -0.002 -13"><span class='ocrx_word' id='word_1_87' title='bbox 487 1389 617 1428; x_wconf 89' lang='lat' dir='ltr'><strong>vero</strong></span> <span class='ocrx_word' id='word_1_88' title='bbox 652 1374 758 1427; x_wconf 91' lang='lat' dir='ltr'><strong>Deo</strong></span> <span class='ocrx_word' id='word_1_89' title='bbox 785 1414 800 1438; x_wconf 95' lang='lat'><strong>,</strong></span> <span class='ocrx_word' id='word_1_90' title='bbox 850 1387 957 1426; x_wconf 91' lang='lat' dir='ltr'><strong>non</strong></span> <span class='ocrx_word' id='word_1_91' title='bbox 994 1372 1555 1427; x_wconf 85' lang='lat' dir='ltr'><strong>scandalizabuntur!</strong></span> <span class='ocrx_word' id='word_1_92' title='bbox 1600 1371 1741 1425; x_wconf 81' lang='lat' dir='ltr'><strong>beati</strong></span> <span class='ocrx_word' id='word_1_93' title='bbox 1768 1408 1783 1433; x_wconf 92' lang='lat'><strong>,</strong></span> <span class='ocrx_word' id='word_1_94' title='bbox 1838 1371 1930 1439; x_wconf 88' lang='lat' dir='ltr'><strong>qui</strong></span> <span class='ocrx_word' id='word_1_95' title='bbox 1965 1385 2072 1423; x_wconf 92' lang='lat' dir='ltr'><strong>non</strong></span> 
     </span>
    </p>
   </div>
   <div class='ocr_carea' id='block_1_16' title="bbox 492 1461 2073 1533">
    <p class='ocr_par' dir='ltr' id='par_1_16' title="bbox 492 1461 2073 1533">
     <span class='ocr_line' id='line_1_16' title="bbox 492 1461 2073 1533; baseline -0.003 -14"><span class='ocrx_word' id='word_1_96' title='bbox 492 1465 900 1533; x_wconf 85' lang='lat' dir='ltr'><strong>separabuutur</strong></span> <span class='ocrx_word' id='word_1_97' title='bbox 922 1481 949 1516; x_wconf 90' lang='lat' dir='ltr'><strong>a</strong></span> <span class='ocrx_word' id='word_1_98' title='bbox 982 1472 1187 1517; x_wconf 73' lang='lat' dir='ltr'><strong>sant-tae</strong></span> <span class='ocrx_word' id='word_1_99' title='bbox 1216 1461 1457 1533; x_wconf 79' lang='lat' dir='ltr'><strong>Virginis</strong></span> <span class='ocrx_word' id='word_1_100' title='bbox 1482 1462 1665 1517; x_wconf 65' lang='lat' dir='ltr'><strong>Maria:</strong></span> <span class='ocrx_word' id='word_1_101' title='bbox 1700 1461 1871 1516; x_wconf 83' lang='lat' dir='ltr'><strong>Filio!</strong></span> <span class='ocrx_word' id='word_1_102' title='bbox 1906 1461 2073 1528; x_wconf 85' lang='lat' dir='ltr'><strong>beati,</strong></span> 
     </span>
    </p>
   </div>
   <div class='ocr_carea' id='block_1_17' title="bbox 490 1551 2071 1623">
    <p class='ocr_par' dir='ltr' id='par_1_17' title="bbox 490 1551 2071 1623">
     <span class='ocr_line' id='line_1_17' title="bbox 490 1551 2071 1623; baseline -0.002 -17"><span class='ocrx_word' id='word_1_103' title='bbox 490 1556 586 1623; x_wconf 89' lang='lat' dir='ltr'><strong>qui</strong></span> <span class='ocrx_word' id='word_1_104' title='bbox 616 1556 822 1608; x_wconf 88' lang='lat' dir='ltr'><strong>amoris</strong></span> <span class='ocrx_word' id='word_1_105' title='bbox 850 1555 1023 1623; x_wconf 81' lang='lat' dir='ltr'><strong>ipsius</strong></span> <span class='ocrx_word' id='word_1_106' title='bbox 1047 1568 1212 1608; x_wconf 86' lang='lat' dir='ltr'><strong>causa</strong></span> <span class='ocrx_word' id='word_1_107' title='bbox 1242 1562 1472 1607; x_wconf 83' lang='lat' dir='ltr'><strong>martem</strong></span> <span class='ocrx_word' id='word_1_108' title='bbox 1501 1551 1751 1614; x_wconf 82' lang='lat' dir='ltr'><strong>abibunt,</strong></span> <span class='ocrx_word' id='word_1_109' title='bbox 1779 1553 2071 1604; x_wconf 84' lang='lat' dir='ltr'><strong>draconem</strong></span> 
     </span>
    </p>
   </div>
   <div class='ocr_carea' id='block_1_18' title="bbox 489 1642 2075 1716">
    <p class='ocr_par' dir='ltr' id='par_1_18' title="bbox 489 1642 2075 1716">
     <span class='ocr_line' id='line_1_18' title="bbox 489 1642 2075 1716; baseline -0.001 -18"><span class='ocrx_word' id='word_1_110' title='bbox 489 1647 672 1716; x_wconf 87' lang='lat' dir='ltr'><strong>ipsum</strong></span> <span class='ocrx_word' id='word_1_111' title='bbox 702 1646 1024 1703; x_wconf 83' lang='lat' dir='ltr'><strong>inlernalem</strong></span> <span class='ocrx_word' id='word_1_112' title='bbox 1054 1658 1108 1702; x_wconf 91' lang='lat' dir='ltr'><strong>et</strong></span> <span class='ocrx_word' id='word_1_113' title='bbox 1138 1661 1356 1702; x_wconf 88' lang='lat' dir='ltr'><strong>errores</strong></span> <span class='ocrx_word' id='word_1_114' title='bbox 1390 1645 1507 1713; x_wconf 83' lang='lat' dir='ltr'><strong>ejus</strong></span> <span class='ocrx_word' id='word_1_115' title='bbox 1542 1643 1595 1696; x_wconf 92' lang='lat' dir='ltr'><strong>in</strong></span> <span class='ocrx_word' id='word_1_116' title='bbox 1623 1642 1818 1696; x_wconf 89' lang='lat' dir='ltr'><strong>l&#39;aeiem</strong></span> <span class='ocrx_word' id='word_1_117' title='bbox 1846 1658 2075 1713; x_wconf 84' lang='lat' dir='ltr'><strong>arguere</strong></span> 
     </span>
    </p>
   </div>
   <div class='ocr_carea' id='block_1_19' title="bbox 490 1736 2076 1810">
    <p class='ocr_par' dir='ltr' id='par_1_19' title="bbox 490 1736 2076 1810">
     <span class='ocr_line' id='line_1_19' title="bbox 490 1736 2076 1810; baseline -0.003 -18"><span class='ocrx_word' id='word_1_118' title='bbox 490 1740 625 1793; x_wconf 84' lang='lat' dir='ltr'><strong>nihil</strong></span> <span class='ocrx_word' id='word_1_119' title='bbox 660 1741 847 1794; x_wconf 88' lang='lat' dir='ltr'><strong>veriti!</strong></span> <span class='ocrx_word' id='word_1_120' title='bbox 884 1741 1028 1795; x_wconf 84' lang='lat' dir='ltr'><strong>beati</strong></span> <span class='ocrx_word' id='word_1_121' title='bbox 1069 1742 1305 1810; x_wconf 88' lang='lat' dir='ltr'><strong>denique</strong></span> <span class='ocrx_word' id='word_1_122' title='bbox 1353 1754 1541 1792; x_wconf 87' lang='lat' dir='ltr'><strong>omnes</strong></span> <span class='ocrx_word' id='word_1_123' title='bbox 1577 1736 1669 1806; x_wconf 83' lang='lat' dir='ltr'><strong>qui</strong></span> <span class='ocrx_word' id='word_1_124' title='bbox 1710 1746 1895 1791; x_wconf 89' lang='lat' dir='ltr'><strong>contra</strong></span> <span class='ocrx_word' id='word_1_125' title='bbox 1922 1752 2076 1791; x_wconf 83' lang='lat' dir='ltr'><strong>euru-</strong></span> 
     </span>
    </p>
   </div>
   <div class='ocr_carea' id='block_1_20' title="bbox 486 1831 2074 1903">
    <p class='ocr_par' dir='ltr' id='par_1_20' title="bbox 486 1831 2074 1903">
     <span class='ocr_line' id='line_1_20' title="bbox 486 1831 2074 1903; baseline -0.003 -16"><span class='ocrx_word' id='word_1_126' title='bbox 486 1834 610 1887; x_wconf 88' lang='lat' dir='ltr'><strong>detn</strong></span> <span class='ocrx_word' id='word_1_127' title='bbox 645 1834 873 1888; x_wconf 85' lang='lat' dir='ltr'><strong>viriliter</strong></span> <span class='ocrx_word' id='word_1_128' title='bbox 926 1834 1352 1903; x_wconf 75' lang='lat' dir='ltr'><strong>depugnabant,</strong></span> <span class='ocrx_word' id='word_1_129' title='bbox 1405 1831 1635 1901; x_wconf 86' lang='lat' dir='ltr'><strong>ejusque</strong></span> <span class='ocrx_word' id='word_1_130' title='bbox 1686 1831 2074 1886; x_wconf 83' lang='lat' dir='ltr'><strong>immanitatem</strong></span> 
     </span>
    </p>
   </div>
   <div class='ocr_carea' id='block_1_21' title="bbox 490 1924 2071 1996">
    <p class='ocr_par' dir='ltr' id='par_1_21' title="bbox 490 1924 2071 1996">
     <span class='ocr_line' id='line_1_21' title="bbox 490 1924 2071 1996; baseline 0 -19"><span class='ocrx_word' id='word_1_131' title='bbox 490 1940 747 1993; x_wconf 78' lang='lat' dir='ltr'><strong>generose</strong></span> <span class='ocrx_word' id='word_1_132' title='bbox 780 1926 1214 1994; x_wconf 81' lang='lat' dir='ltr'><strong>reprehendent;</strong></span> <span class='ocrx_word' id='word_1_133' title='bbox 1248 1926 1324 1978; x_wconf 93' lang='lat' dir='ltr'><strong>illi</strong></span> <span class='ocrx_word' id='word_1_134' title='bbox 1367 1942 1558 1996; x_wconf 87' lang='lat' dir='ltr'><strong>nempe</strong></span> <span class='ocrx_word' id='word_1_135' title='bbox 1590 1924 1883 1979; x_wconf 88' lang='lat' dir='ltr'><strong>luminaria</strong></span> <span class='ocrx_word' id='word_1_136' title='bbox 1919 1939 2071 1993; x_wconf 75' lang='lat' dir='ltr'><strong>qua:-</strong></span> 
     </span>
    </p>
   </div>
   <div class='ocr_carea' id='block_1_22' title="bbox 490 2016 2069 2088">
    <p class='ocr_par' dir='ltr' id='par_1_22' title="bbox 490 2016 2069 2088">
     <span class='ocr_line' id='line_1_22' title="bbox 490 2016 2069 2088; baseline 0.001 -21"><span class='ocrx_word' id='word_1_137' title='bbox 490 2017 613 2069; x_wconf 87' lang='lat' dir='ltr'><strong>datn</strong></span> <span class='ocrx_word' id='word_1_138' title='bbox 646 2026 825 2084; x_wconf 68' lang='lat' dir='ltr'><strong>terrae,</strong></span> <span class='ocrx_word' id='word_1_139' title='bbox 860 2018 936 2070; x_wconf 94' lang='lat' dir='ltr'><strong>illi</strong></span> <span class='ocrx_word' id='word_1_140' title='bbox 969 2019 1178 2088; x_wconf 82' lang='lat' dir='ltr'><strong>pugiles</strong></span> <span class='ocrx_word' id='word_1_141' title='bbox 1199 2018 1407 2084; x_wconf 84' lang='lat' dir='ltr'><strong>decori,</strong></span> <span class='ocrx_word' id='word_1_142' title='bbox 1446 2019 1519 2071; x_wconf 93' lang='lat' dir='ltr'><strong>illi</strong></span> <span class='ocrx_word' id='word_1_143' title='bbox 1555 2019 1788 2081; x_wconf 85' lang='lat' dir='ltr'><strong>uniones</strong></span> <span class='ocrx_word' id='word_1_144' title='bbox 1820 2016 2069 2086; x_wconf 86' lang='lat' dir='ltr'><strong>pretiosi,</strong></span> 
     </span>
    </p>
   </div>
   <div class='ocr_carea' id='block_1_23' title="bbox 487 2107 2061 2178">
    <p class='ocr_par' dir='ltr' id='par_1_23' title="bbox 487 2107 2061 2178">
     <span class='ocr_line' id='line_1_23' title="bbox 487 2107 2061 2178; baseline 0.001 -16"><span class='ocrx_word' id='word_1_145' title='bbox 487 2107 563 2162; x_wconf 89' lang='lat' dir='ltr'><strong>illi</strong></span> <span class='ocrx_word' id='word_1_146' title='bbox 607 2124 802 2163; x_wconf 80' lang='lat' dir='ltr'><strong>suaves</strong></span> <span class='ocrx_word' id='word_1_147' title='bbox 828 2151 843 2175; x_wconf 93' lang='lat'><strong>,</strong></span> <span class='ocrx_word' id='word_1_148' title='bbox 886 2111 1139 2178; x_wconf 78' lang='lat' dir='ltr'><strong>jucunda:</strong></span> <span class='ocrx_word' id='word_1_149' title='bbox 1193 2127 1256 2165; x_wconf 90' lang='lat' dir='ltr'><strong>ac</strong></span> <span class='ocrx_word' id='word_1_150' title='bbox 1296 2112 1454 2164; x_wconf 80' lang='lat' dir='ltr'><strong>melle</strong></span> <span class='ocrx_word' id='word_1_151' title='bbox 1511 2112 1786 2166; x_wconf 89' lang='lat' dir='ltr'><strong>dulciores</strong></span> <span class='ocrx_word' id='word_1_152' title='bbox 1820 2110 2061 2165; x_wconf 63' lang='lat' dir='ltr'><strong>animae:</strong></span> 
     </span>
    </p>
   </div>
   <div class='ocr_carea' id='block_1_24' title="bbox 2176 542 3763 620">
    <p class='ocr_par' dir='ltr' id='par_1_24' title="bbox 2176 542 3763 620">
     <span class='ocr_line' id='line_1_24' title="bbox 2176 542 3763 620; baseline -0.006 -18"><span class='ocrx_word' id='word_1_153' title='bbox 2176 548 2316 602; x_wconf 76' lang='grc' dir='ltr'>ἐπὰν</span> <span class='ocrx_word' id='word_1_154' title='bbox 2348 548 2536 620; x_wconf 80' lang='grc' dir='ltr'><strong>γνώσῃ</strong></span> <span class='ocrx_word' id='word_1_155' title='bbox 2585 548 2694 619; x_wconf 80' lang='grc' dir='ltr'><strong>πρὸ</strong></span> <span class='ocrx_word' id='word_1_156' title='bbox 2741 547 2930 609; x_wconf 79' lang='grc' dir='ltr'><strong>τέλους</strong></span> <span class='ocrx_word' id='word_1_157' title='bbox 2967 547 3166 617; x_wconf 85' lang='grc' dir='ltr'>μανίαν</span> <span class='ocrx_word' id='word_1_158' title='bbox 3225 543 3406 613; x_wconf 83' lang='grc' dir='ltr'>δεινὴν</span> <span class='ocrx_word' id='word_1_159' title='bbox 3459 543 3626 612; x_wconf 76' lang='grc' dir='ltr'>ἔχειν,</span> <span class='ocrx_word' id='word_1_160' title='bbox 3664 542 3763 595; x_wconf 77' lang='grc' dir='ltr'>καὶ</span> 
     </span>
    </p>
   </div>
   <div class='ocr_carea' id='block_1_25' title="bbox 2179 635 3762 711">
    <p class='ocr_par' dir='ltr' id='par_1_25' title="bbox 2179 635 3762 711">
     <span class='ocr_line' id='line_1_25' title="bbox 2179 635 3762 711; baseline -0.004 -19"><span class='ocrx_word' id='word_1_161' title='bbox 2179 640 2318 711; x_wconf 72' lang='grc' dir='ltr'>πρὸς</span> <span class='ocrx_word' id='word_1_162' title='bbox 2349 640 2576 711; x_wconf 83' lang='grc' dir='ltr'>οὐρανὸν</span> <span class='ocrx_word' id='word_1_163' title='bbox 2604 639 2995 709; x_wconf 81' lang='grc' dir='ltr'>ἀντιπράξεται</span> <span class='ocrx_word' id='word_1_164' title='bbox 3022 639 3370 704; x_wconf 80' lang='grc' dir='ltr'><strong>ἀστράπτων,</strong></span> <span class='ocrx_word' id='word_1_165' title='bbox 3398 637 3492 688; x_wconf 75' lang='grc' dir='ltr'>καὶ</span> <span class='ocrx_word' id='word_1_166' title='bbox 3520 635 3762 706; x_wconf 80' lang='grc' dir='ltr'><strong>βροντῶν</strong></span> 
     </span>
    </p>
   </div>
   <div class='ocr_carea' id='block_1_26' title="bbox 2175 714 3768 801">
    <p class='ocr_par' dir='ltr' id='par_1_26' title="bbox 2175 726 3768 801">
     <span class='ocr_line' id='line_1_26' title="bbox 2175 726 3768 801; baseline -0.003 -16"><span class='ocrx_word' id='word_1_167' title='bbox 2175 734 2270 785; x_wconf 80' lang='grc' dir='ltr'>καὶ</span> <span class='ocrx_word' id='word_1_168' title='bbox 2315 731 2556 790; x_wconf 75' lang='grc' dir='ltr'><strong>κτύπους</strong></span> <span class='ocrx_word' id='word_1_169' title='bbox 2589 731 2780 792; x_wconf 85' lang='grc' dir='ltr'>ποιῶν,</span> <span class='ocrx_word' id='word_1_170' title='bbox 2813 732 2953 785; x_wconf 82' lang='grc' dir='ltr'>ὥστε</span> <span class='ocrx_word' id='word_1_171' title='bbox 2980 730 3058 801; x_wconf 90' lang='grc' dir='ltr'>τῷ</span> <span class='ocrx_word' id='word_1_172' title='bbox 3086 732 3201 800; x_wconf 77' lang='grc' dir='ltr'><strong>ἤχῳ</strong></span> <span class='ocrx_word' id='word_1_173' title='bbox 3235 730 3331 799; x_wconf 84' lang='grc' dir='ltr'>τῆς</span> <span class='ocrx_word' id='word_1_174' title='bbox 3366 728 3493 799; x_wconf 83' lang='grc' dir='ltr'>βοῆς</span> <span class='ocrx_word' id='word_1_175' title='bbox 3535 728 3634 801; x_wconf 71' lang='grc' dir='ltr'>τὴν</span> <span class='ocrx_word' id='word_1_176' title='bbox 3665 726 3768 780; x_wconf 84' lang='grc' dir='ltr'>ὑπ’</span> 
     </span>
    </p>
   </div>
   <div class='ocr_carea' id='block_1_27' title="bbox 2180 794 3763 894">
    <p class='ocr_par' dir='ltr' id='par_1_27' title="bbox 2180 794 3763 894">
     <span class='ocr_line' id='line_1_27' title="bbox 2180 794 3763 894; baseline -0.004 -18"><span class='ocrx_word' id='word_1_177' title='bbox 2180 824 2411 894; x_wconf 78' lang='grc' dir='ltr'>οὐρανὸν</span> <span class='ocrx_word' id='word_1_178' title='bbox 2443 824 2664 893; x_wconf 84' lang='grc' dir='ltr'>δονῆσαι</span> <span class='ocrx_word' id='word_1_179' title='bbox 2693 823 2789 875; x_wconf 71' lang='grc' dir='ltr'>καὶ</span> <span class='ocrx_word' id='word_1_180' title='bbox 2816 794 3201 892; x_wconf 73' lang='grc' dir='ltr'>περιηγεῖσθαι</span> <span class='ocrx_word' id='word_1_181' title='bbox 3231 794 3498 890; x_wconf 77' lang='grc' dir='ltr'>φοσερῶς.</span> <span class='ocrx_word' id='word_1_182' title='bbox 3542 794 3652 871; x_wconf 62' lang='grc' dir='ltr'>Καὶ</span> <span class='ocrx_word' id='word_1_183' title='bbox 3674 820 3763 882; x_wconf 82' lang='grc' dir='ltr'><strong>τίς</strong></span> 
     </span>
    </p>
   </div>
   <div class='ocr_carea' id='block_1_28' title="bbox 2175 910 3763 983">
    <p class='ocr_par' dir='ltr' id='par_1_28' title="bbox 2175 910 3763 983">
     <span class='ocr_line' id='line_1_28' title="bbox 2175 910 3763 983; baseline -0.001 -19"><span class='ocrx_word' id='word_1_184' title='bbox 2175 912 2297 965; x_wconf 88' lang='grc' dir='ltr'>τότε</span> <span class='ocrx_word' id='word_1_185' title='bbox 2331 913 2393 965; x_wconf 88' lang='grc' dir='ltr'><strong>οὐ</strong></span> <span class='ocrx_word' id='word_1_186' title='bbox 2439 912 2849 983; x_wconf 79' lang='grc' dir='ltr'>θαμὸηθήσεται</span> <span class='ocrx_word' id='word_1_187' title='bbox 2880 912 2974 966; x_wconf 80' lang='grc' dir='ltr'><strong>καὶ</strong></span> <span class='ocrx_word' id='word_1_188' title='bbox 3003 912 3217 982; x_wconf 78' lang='grc' dir='ltr'>πτήξει,</span> <span class='ocrx_word' id='word_1_189' title='bbox 3245 912 3436 967; x_wconf 84' lang='grc' dir='ltr'>τέκνον</span> <span class='ocrx_word' id='word_1_190' title='bbox 3483 910 3763 977; x_wconf 77' lang='grc' dir='ltr'>γλυκύτασ</span> 
     </span>
    </p>
   </div>
   <div class='ocr_carea' id='block_1_29' title="bbox 2176 992 3759 1074">
    <p class='ocr_par' dir='ltr' id='par_1_29' title="bbox 2176 992 3759 1074">
     <span class='ocr_line' id='line_1_29' title="bbox 2176 992 3759 1074; baseline -0.002 -16"><span class='ocrx_word' id='word_1_191' title='bbox 2176 992 2268 1058; x_wconf 83' lang='grc' dir='ltr'><strong>τον</strong></span> <span class='ocrx_word' id='word_1_192' title='bbox 2294 1021 2311 1071; x_wconf 88' lang='grc'><strong>;</strong></span> <span class='ocrx_word' id='word_1_193' title='bbox 2342 1005 2621 1074; x_wconf 78' lang='grc' dir='ltr'><strong>Μακάριοι</strong></span> <span class='ocrx_word' id='word_1_194' title='bbox 2677 1005 2798 1058; x_wconf 86' lang='grc' dir='ltr'>τότε</span> <span class='ocrx_word' id='word_1_195' title='bbox 2850 1004 3048 1067; x_wconf 82' lang='grc' dir='ltr'>οἵτινες</span> <span class='ocrx_word' id='word_1_196' title='bbox 3088 1004 3147 1056; x_wconf 81' lang='grc' dir='ltr'>οὐ</span> <span class='ocrx_word' id='word_1_197' title='bbox 3203 1002 3759 1073; x_wconf 76' lang='grc' dir='ltr'><strong>σκανδαλισθήσονται</strong></span> 
     </span>
    </p>
   </div>
   <div class='ocr_carea' id='block_1_30' title="bbox 2178 1092 3755 1165">
    <p class='ocr_par' dir='ltr' id='par_1_30' title="bbox 2178 1092 3755 1165">
     <span class='ocr_line' id='line_1_30' title="bbox 2178 1092 3755 1165; baseline 0 -18"><span class='ocrx_word' id='word_1_198' title='bbox 2178 1096 2235 1147; x_wconf 85' lang='grc' dir='ltr'><strong>ὲν</strong></span> <span class='ocrx_word' id='word_1_199' title='bbox 2263 1093 2338 1163; x_wconf 78' lang='grc' dir='ltr'>τῷ</span> <span class='ocrx_word' id='word_1_200' title='bbox 2364 1095 2608 1165; x_wconf 79' lang='grc' dir='ltr'>Δεσπότῃ</span> <span class='ocrx_word' id='word_1_201' title='bbox 2632 1096 2663 1161; x_wconf 82' lang='grc' dir='ltr'>ἡ</span> <span class='ocrx_word' id='word_1_202' title='bbox 2673 1093 2787 1164; x_wconf 84' lang='grc' dir='ltr'>μῶν</span> <span class='ocrx_word' id='word_1_203' title='bbox 2817 1093 3039 1164; x_wconf 79' lang='grc' dir='ltr'><strong>Χριστῷ</strong></span> <span class='ocrx_word' id='word_1_204' title='bbox 3063 1092 3142 1161; x_wconf 84' lang='grc' dir='ltr'>τῷ</span> <span class='ocrx_word' id='word_1_205' title='bbox 3171 1092 3410 1162; x_wconf 76' lang='grc' dir='ltr'><strong>ἀληθινῷ</strong></span> <span class='ocrx_word' id='word_1_206' title='bbox 3434 1092 3553 1162; x_wconf 86' lang='grc' dir='ltr'><strong>Θεῷ</strong></span> <span class='ocrx_word' id='word_1_207' title='bbox 3579 1092 3755 1162; x_wconf 78' lang='grc' dir='ltr'><strong>ἡμῶν.</strong></span> 
     </span>
    </p>
   </div>
   <div class='ocr_carea' id='block_1_31' title="bbox 2181 1187 3762 1259">
    <p class='ocr_par' dir='ltr' id='par_1_31' title="bbox 2181 1187 3762 1259">
     <span class='ocr_line' id='line_1_31' title="bbox 2181 1187 3762 1259; baseline -0.003 -16"><span class='ocrx_word' id='word_1_208' title='bbox 2181 1188 2463 1259; x_wconf 75' lang='grc' dir='ltr'><strong>Μακάριοι</strong></span> <span class='ocrx_word' id='word_1_209' title='bbox 2534 1189 2656 1241; x_wconf 82' lang='grc' dir='ltr'>τότε</span> <span class='ocrx_word' id='word_1_210' title='bbox 2716 1189 2913 1251; x_wconf 75' lang='grc' dir='ltr'>οἵτινες</span> <span class='ocrx_word' id='word_1_211' title='bbox 3004 1187 3105 1241; x_wconf 77' lang='grc' dir='ltr'>οὐκ</span> <span class='ocrx_word' id='word_1_212' title='bbox 3175 1188 3617 1256; x_wconf 80' lang='grc' dir='ltr'>ἀποσχοινίσουσι</span> <span class='ocrx_word' id='word_1_213' title='bbox 3667 1188 3762 1240; x_wconf 82' lang='grc' dir='ltr'>τὸν</span> 
     </span>
    </p>
   </div>
   <div class='ocr_carea' id='block_1_32' title="bbox 2178 1279 3766 1353">
    <p class='ocr_par' dir='ltr' id='par_1_32' title="bbox 2178 1279 3766 1353">
     <span class='ocr_line' id='line_1_32' title="bbox 2178 1279 3766 1353; baseline -0.001 -18"><span class='ocrx_word' id='word_1_214' title='bbox 2178 1282 2509 1353; x_wconf 71' lang='grc' dir='ltr'><strong>γεννηθέντα</strong></span> <span class='ocrx_word' id='word_1_215' title='bbox 2535 1282 2601 1334; x_wconf 86' lang='grc' dir='ltr'>ὲκ</span> <span class='ocrx_word' id='word_1_216' title='bbox 2632 1282 2731 1349; x_wconf 76' lang='grc' dir='ltr'>τῆς</span> <span class='ocrx_word' id='word_1_217' title='bbox 2771 1281 2933 1348; x_wconf 79' lang='grc' dir='ltr'>ἁγίας</span> <span class='ocrx_word' id='word_1_218' title='bbox 2966 1279 3243 1350; x_wconf 78' lang='grc' dir='ltr'><strong>Παρθένου</strong></span> <span class='ocrx_word' id='word_1_219' title='bbox 3295 1280 3537 1351; x_wconf 80' lang='grc' dir='ltr'>Μαρίας.</span> <span class='ocrx_word' id='word_1_220' title='bbox 3570 1280 3766 1333; x_wconf 85' lang='grc' dir='ltr'>Μακά-</span> 
     </span>
    </p>
   </div>
   <div class='ocr_carea' id='block_1_33' title="bbox 2184 1370 3766 1445">
    <p class='ocr_par' dir='ltr' id='par_1_33' title="bbox 2184 1370 3766 1445">
     <span class='ocr_line' id='line_1_33' title="bbox 2184 1370 3766 1445; baseline -0.003 -18"><span class='ocrx_word' id='word_1_221' title='bbox 2184 1392 2289 1445; x_wconf 88' lang='grc' dir='ltr'>ριοι</span> <span class='ocrx_word' id='word_1_222' title='bbox 2319 1374 2517 1435; x_wconf 75' lang='grc' dir='ltr'>οἵτινες</span> <span class='ocrx_word' id='word_1_223' title='bbox 2560 1372 2648 1425; x_wconf 83' lang='grc' dir='ltr'>διὰ</span> <span class='ocrx_word' id='word_1_224' title='bbox 2676 1373 2777 1443; x_wconf 80' lang='grc' dir='ltr'><strong>τὴν</strong></span> <span class='ocrx_word' id='word_1_225' title='bbox 2819 1374 3045 1441; x_wconf 80' lang='grc' dir='ltr'><strong>ἀγάπην</strong></span> <span class='ocrx_word' id='word_1_226' title='bbox 3077 1370 3240 1425; x_wconf 78' lang='grc' dir='ltr'>αὑτοῦ</span> <span class='ocrx_word' id='word_1_227' title='bbox 3287 1370 3637 1433; x_wconf 75' lang='grc' dir='ltr'><strong>ἀποθανοῦσι,</strong></span> <span class='ocrx_word' id='word_1_228' title='bbox 3661 1373 3766 1423; x_wconf 75' lang='grc' dir='ltr'><strong>καὶ</strong></span> 
     </span>
    </p>
   </div>
   <div class='ocr_carea' id='block_1_34' title="bbox 2177 1462 3766 1537">
    <p class='ocr_par' dir='ltr' id='par_1_34' title="bbox 2177 1462 3766 1537">
     <span class='ocr_line' id='line_1_34' title="bbox 2177 1462 3766 1537; baseline -0.005 -16"><span class='ocrx_word' id='word_1_229' title='bbox 2177 1468 2457 1537; x_wconf 79' lang='grc' dir='ltr'>ὲλέγξουσι</span> <span class='ocrx_word' id='word_1_230' title='bbox 2506 1466 2648 1521; x_wconf 76' lang='grc' dir='ltr'>κατὰ</span> <span class='ocrx_word' id='word_1_231' title='bbox 2716 1466 3011 1535; x_wconf 79' lang='grc' dir='ltr'>πρόσωπον</span> <span class='ocrx_word' id='word_1_232' title='bbox 3064 1466 3156 1517; x_wconf 84' lang='grc' dir='ltr'>τὸν</span> <span class='ocrx_word' id='word_1_233' title='bbox 3202 1462 3473 1534; x_wconf 81' lang='grc' dir='ltr'>δράκοντα</span> <span class='ocrx_word' id='word_1_234' title='bbox 3515 1464 3607 1517; x_wconf 72' lang='grc' dir='ltr'><strong>καὶ</strong></span> <span class='ocrx_word' id='word_1_235' title='bbox 3662 1464 3766 1533; x_wconf 73' lang='grc' dir='ltr'>τὴν</span> 
     </span>
    </p>
   </div>
   <div class='ocr_carea' id='block_1_35' title="bbox 2179 1555 3767 1628">
    <p class='ocr_par' dir='ltr' id='par_1_35' title="bbox 2179 1555 3767 1628">
     <span class='ocr_line' id='line_1_35' title="bbox 2179 1555 3767 1628; baseline -0.003 -15"><span class='ocrx_word' id='word_1_236' title='bbox 2179 1560 2344 1613; x_wconf 83' lang='grc' dir='ltr'>αὑτοῦ</span> <span class='ocrx_word' id='word_1_237' title='bbox 2376 1558 2775 1628; x_wconf 82' lang='grc' dir='ltr'>ἁποπλάνησιν.</span> <span class='ocrx_word' id='word_1_238' title='bbox 2806 1558 3085 1627; x_wconf 80' lang='grc' dir='ltr'>Μακάριοι</span> <span class='ocrx_word' id='word_1_239' title='bbox 3111 1557 3227 1609; x_wconf 83' lang='grc' dir='ltr'>ὅσοι</span> <span class='ocrx_word' id='word_1_240' title='bbox 3251 1556 3391 1609; x_wconf 83' lang='grc' dir='ltr'>κατὰ</span> <span class='ocrx_word' id='word_1_241' title='bbox 3418 1555 3510 1609; x_wconf 87' lang='grc' dir='ltr'><strong>τοῦ</strong></span> <span class='ocrx_word' id='word_1_242' title='bbox 3537 1555 3767 1625; x_wconf 75' lang='grc' dir='ltr'>δράκον-</span> 
     </span>
    </p>
   </div>
   <div class='ocr_carea' id='block_1_36' title="bbox 2176 1648 3765 1722">
    <p class='ocr_par' dir='ltr' id='par_1_36' title="bbox 2176 1648 3765 1722">
     <span class='ocr_line' id='line_1_36' title="bbox 2176 1648 3765 1722; baseline -0.004 -16"><span class='ocrx_word' id='word_1_243' title='bbox 2176 1669 2268 1715; x_wconf 88' lang='grc' dir='ltr'><strong>τος</strong></span> <span class='ocrx_word' id='word_1_244' title='bbox 2316 1651 2798 1722; x_wconf 80' lang='grc' dir='ltr'>ἀνδρυνθήσονται,</span> <span class='ocrx_word' id='word_1_245' title='bbox 2857 1650 2952 1703; x_wconf 72' lang='grc' dir='ltr'>καὶ</span> <span class='ocrx_word' id='word_1_246' title='bbox 2977 1648 3239 1717; x_wconf 77' lang='grc' dir='ltr'><strong>γενναίως</strong></span> <span class='ocrx_word' id='word_1_247' title='bbox 3271 1650 3338 1702; x_wconf 71' lang='grc' dir='ltr'>τὰ</span> <span class='ocrx_word' id='word_1_248' title='bbox 3388 1649 3538 1701; x_wconf 70' lang='grc' dir='ltr'>δεινὰ</span> <span class='ocrx_word' id='word_1_249' title='bbox 3594 1649 3765 1701; x_wconf 81' lang='grc' dir='ltr'>αὐτοῦ</span> 
     </span>
    </p>
   </div>
   <div class='ocr_carea' id='block_1_37' title="bbox 2179 1740 3763 1812">
    <p class='ocr_par' dir='ltr' id='par_1_37' title="bbox 2179 1740 3763 1812">
     <span class='ocr_line' id='line_1_37' title="bbox 2179 1740 3763 1812; baseline -0.001 -16"><span class='ocrx_word' id='word_1_250' title='bbox 2179 1741 2529 1812; x_wconf 61' lang='grc' dir='ltr'>ἐλέγξουσιν</span> <span class='ocrx_word' id='word_1_251' title='bbox 2581 1742 2632 1795; x_wconf 81' lang='lat' dir='ltr'><strong>oi</strong></span> <span class='ocrx_word' id='word_1_252' title='bbox 2688 1740 2997 1810; x_wconf 83' lang='grc' dir='ltr'><strong>φωστῆρες,</strong></span> <span class='ocrx_word' id='word_1_253' title='bbox 3037 1740 3095 1794; x_wconf 68' lang='lat' dir='ltr'><strong>of.</strong></span> <span class='ocrx_word' id='word_1_254' title='bbox 3144 1741 3358 1809; x_wconf 82' lang='grc' dir='ltr'>ὡραῖοι,</span> <span class='ocrx_word' id='word_1_255' title='bbox 3410 1742 3462 1794; x_wconf 77' lang='grc' dir='ltr'>οἱ</span> <span class='ocrx_word' id='word_1_256' title='bbox 3513 1742 3763 1809; x_wconf 79' lang='grc' dir='ltr'>φίλτατοι</span> 
     </span>
    </p>
   </div>
   <div class='ocr_carea' id='block_1_38' title="bbox 2187 1832 3765 1905">
    <p class='ocr_par' dir='ltr' id='par_1_38' title="bbox 2187 1832 3765 1905">
     <span class='ocr_line' id='line_1_38' title="bbox 2187 1832 3765 1905; baseline -0.002 -18"><span class='ocrx_word' id='word_1_257' title='bbox 2187 1836 2546 1905; x_wconf 74' lang='grc' dir='ltr'>μαργαρῖται,</span> <span class='ocrx_word' id='word_1_258' title='bbox 2578 1833 2633 1885; x_wconf 89' lang='grc' dir='ltr'>αἱ</span> <span class='ocrx_word' id='word_1_259' title='bbox 2687 1832 2936 1901; x_wconf 86' lang='grc' dir='ltr'>γλυκεῖαι</span> <span class='ocrx_word' id='word_1_260' title='bbox 2982 1832 3223 1902; x_wconf 82' lang='grc' dir='ltr'>καρδίαι,</span> <span class='ocrx_word' id='word_1_261' title='bbox 3264 1832 3359 1886; x_wconf 73' lang='grc' dir='ltr'>καὶ</span> <span class='ocrx_word' id='word_1_262' title='bbox 3407 1832 3642 1902; x_wconf 69' lang='grc' dir='ltr'>τερπναὶ</span> <span class='ocrx_word' id='word_1_263' title='bbox 3667 1833 3765 1884; x_wconf 73' lang='grc' dir='ltr'>καὶ</span> 
     </span>
    </p>
   </div>
   <div class='ocr_carea' id='block_1_39' title="bbox 2185 1925 3764 1997">
    <p class='ocr_par' dir='ltr' id='par_1_39' title="bbox 2185 1925 3764 1997">
     <span class='ocr_line' id='line_1_39' title="bbox 2185 1925 3764 1997; baseline -0.001 -18"><span class='ocrx_word' id='word_1_264' title='bbox 2185 1927 2526 1997; x_wconf 83' lang='grc' dir='ltr'>μελίρρυτοι,</span> <span class='ocrx_word' id='word_1_265' title='bbox 2559 1926 2655 1979; x_wconf 74' lang='grc' dir='ltr'><strong>καὶ</strong></span> <span class='ocrx_word' id='word_1_266' title='bbox 2683 1925 2798 1978; x_wconf 82' lang='grc' dir='ltr'>ὅσοι</span> <span class='ocrx_word' id='word_1_267' title='bbox 2832 1926 2912 1989; x_wconf 80' lang='grc' dir='ltr'><strong>είς</strong></span> <span class='ocrx_word' id='word_1_268' title='bbox 2952 1925 3171 1996; x_wconf 78' lang='grc' dir='ltr'>Πατέρα</span> <span class='ocrx_word' id='word_1_269' title='bbox 3198 1926 3293 1979; x_wconf 80' lang='grc' dir='ltr'>καὶ</span> <span class='ocrx_word' id='word_1_270' title='bbox 3321 1925 3452 1977; x_wconf 81' lang='grc' dir='ltr'>Υίὸν</span> <span class='ocrx_word' id='word_1_271' title='bbox 3482 1931 3573 1978; x_wconf 74' lang='grc' dir='ltr'><strong>καὶ</strong></span> <span class='ocrx_word' id='word_1_272' title='bbox 3604 1926 3764 1992; x_wconf 81' lang='grc' dir='ltr'>ἆγιον</span> 
     </span>
    </p>
   </div>
   <div class='ocr_carea' id='block_1_40' title="bbox 2180 2018 3761 2090">
    <p class='ocr_par' dir='ltr' id='par_1_40' title="bbox 2180 2018 3761 2090">
     <span class='ocr_line' id='line_1_40' title="bbox 2180 2018 3761 2090; baseline 0.001 -19"><span class='ocrx_word' id='word_1_273' title='bbox 2180 2018 2425 2089; x_wconf 82' lang='grc' dir='ltr'><strong>Πνεῦμα,</strong></span> <span class='ocrx_word' id='word_1_274' title='bbox 2460 2020 2540 2082; x_wconf 80' lang='grc' dir='ltr'><strong>είς</strong></span> <span class='ocrx_word' id='word_1_275' title='bbox 2590 2019 2691 2090; x_wconf 79' lang='grc' dir='ltr'><strong>τὴν</strong></span> <span class='ocrx_word' id='word_1_276' title='bbox 2730 2019 2893 2086; x_wconf 86' lang='grc' dir='ltr'>ἁγίαν</span> <span class='ocrx_word' id='word_1_277' title='bbox 2939 2019 3035 2073; x_wconf 79' lang='grc' dir='ltr'>καὶ</span> <span class='ocrx_word' id='word_1_278' title='bbox 3086 2019 3372 2089; x_wconf 84' lang='grc' dir='ltr'>ὁμοούσιον</span> <span class='ocrx_word' id='word_1_279' title='bbox 3425 2018 3632 2087; x_wconf 78' lang='grc' dir='ltr'>Τριάδα</span> <span class='ocrx_word' id='word_1_280' title='bbox 3661 2019 3761 2089; x_wconf 78' lang='grc' dir='ltr'>τὴν</span> 
     </span>
    </p>
   </div>
   <div class='ocr_carea' id='block_1_41' title="bbox 2175 2108 2883 2174">
    <p class='ocr_par' dir='ltr' id='par_1_41' title="bbox 2175 2108 2883 2174">
     <span class='ocr_line' id='line_1_41' title="bbox 2175 2108 2883 2174; baseline 0.003 -12"><span class='ocrx_word' id='word_1_281' title='bbox 2175 2108 2461 2174; x_wconf 81' lang='grc' dir='ltr'>ζωοποιδν,</span> <span class='ocrx_word' id='word_1_282' title='bbox 2493 2108 2883 2164; x_wconf 84' lang='grc' dir='ltr'>πιστεύσωσιν.</span> 
     </span>
    </p>
   </div>
   <div class='ocr_carea' id='block_1_42' title="bbox 487 2201 3759 2273">
    <p class='ocr_par' dir='ltr' id='par_1_42' title="bbox 487 2201 3759 2273">
     <span class='ocr_line' id='line_1_42' title="bbox 487 2201 3759 2273; baseline 0.001 -18"><span class='ocrx_word' id='word_1_283' title='bbox 487 2203 564 2255; x_wconf 88' lang='lat' dir='ltr'><strong>uti</strong></span> <span class='ocrx_word' id='word_1_284' title='bbox 603 2213 657 2256; x_wconf 91' lang='lat' dir='ltr'><strong>et</strong></span> <span class='ocrx_word' id='word_1_285' title='bbox 700 2205 1020 2272; x_wconf 64' lang='lat' dir='ltr'><strong>omnesqui</strong></span> <span class='ocrx_word' id='word_1_286' title='bbox 1071 2208 1123 2256; x_wconf 90' lang='lat' dir='ltr'><strong>in</strong></span> <span class='ocrx_word' id='word_1_287' title='bbox 1170 2204 1386 2257; x_wconf 80' lang='lat' dir='ltr'><strong>Patrem</strong></span> <span class='ocrx_word' id='word_1_288' title='bbox 1415 2214 1468 2258; x_wconf 88' lang='lat' dir='ltr'><strong>et</strong></span> <span class='ocrx_word' id='word_1_289' title='bbox 1500 2204 1697 2257; x_wconf 87' lang='lat' dir='ltr'><strong>Filium</strong></span> <span class='ocrx_word' id='word_1_290' title='bbox 1741 2214 1795 2258; x_wconf 91' lang='lat' dir='ltr'><strong>et</strong></span> <span class='ocrx_word' id='word_1_291' title='bbox 1825 2210 2075 2258; x_wconf 87' lang='lat' dir='ltr'><strong>sanetum</strong></span> <span class='ocrx_word' id='word_1_292' title='bbox 2121 2201 2409 2273; x_wconf 84' lang='lat' dir='ltr'><strong>Spiritum,</strong></span> <span class='ocrx_word' id='word_1_293' title='bbox 2438 2210 2681 2259; x_wconf 80' lang='lat' dir='ltr'><strong>sanetam</strong></span> <span class='ocrx_word' id='word_1_294' title='bbox 2745 2210 2799 2257; x_wconf 91' lang='lat' dir='ltr'><strong>et</strong></span> <span class='ocrx_word' id='word_1_295' title='bbox 2860 2203 3759 2271; x_wconf 77' lang='lat' dir='ltr'><strong>consubstantialemTrinitatem,</strong></span> 
     </span>
    </p>
   </div>
   <div class='ocr_carea' id='block_1_43' title="bbox 486 2296 1825 2364">
    <p class='ocr_par' dir='ltr' id='par_1_43' title="bbox 486 2296 1825 2364">
     <span class='ocr_line' id='line_1_43' title="bbox 486 2296 1825 2364; baseline 0 -15"><span class='ocrx_word' id='word_1_296' title='bbox 486 2311 619 2364; x_wconf 76' lang='lat' dir='ltr'><strong>qua:</strong></span> <span class='ocrx_word' id='word_1_297' title='bbox 657 2297 822 2349; x_wconf 86' lang='lat' dir='ltr'><strong>vitam</strong></span> <span class='ocrx_word' id='word_1_298' title='bbox 863 2297 1057 2350; x_wconf 83' lang='lat' dir='ltr'><strong>tribuit</strong></span> <span class='ocrx_word' id='word_1_299' title='bbox 1081 2298 1356 2361; x_wconf 89' lang='lat' dir='ltr'><strong>omnibus,</strong></span> <span class='ocrx_word' id='word_1_300' title='bbox 1388 2296 1651 2352; x_wconf 85' lang='lat' dir='ltr'><strong>credituri</strong></span> <span class='ocrx_word' id='word_1_301' title='bbox 1677 2306 1825 2352; x_wconf 87' lang='lat' dir='ltr'><strong>sunt.</strong></span> 
     </span>
    </p>
   </div>
   <div class='ocr_carea' id='block_1_44' title="bbox 557 2391 2071 2458">
    <p class='ocr_par' dir='ltr' id='par_1_44' title="bbox 557 2391 2071 2458">
     <span class='ocr_line' id='line_1_44' title="bbox 557 2391 2071 2458; baseline -0.003 -12"><span class='ocrx_word' id='word_1_302' title='bbox 557 2392 684 2446; x_wconf 71' lang='lat'><strong>228.</strong></span> <span class='ocrx_word' id='word_1_303' title='bbox 721 2391 958 2445; x_wconf 87' lang='lat' dir='ltr'><strong>Sedebat</strong></span> <span class='ocrx_word' id='word_1_304' title='bbox 998 2393 1190 2445; x_wconf 88' lang='lat' dir='ltr'><strong>beatus</strong></span> <span class='ocrx_word' id='word_1_305' title='bbox 1222 2392 1470 2446; x_wconf 72' lang='lat' dir='ltr'><strong>Andreas</strong></span> <span class='ocrx_word' id='word_1_306' title='bbox 1501 2408 1625 2447; x_wconf 91' lang='lat' dir='ltr'><strong>cum</strong></span> <span class='ocrx_word' id='word_1_307' title='bbox 1658 2392 1848 2445; x_wconf 67' lang='lat' dir='ltr'><strong>isthaac</strong></span> <span class='ocrx_word' id='word_1_308' title='bbox 1881 2391 2071 2458; x_wconf 88' lang='lat' dir='ltr'><strong>loque—</strong></span> 
     </span>
    </p>
   </div>
   <div class='ocr_carea' id='block_1_45' title="bbox 488 2482 2071 2552">
    <p class='ocr_par' dir='ltr' id='par_1_45' title="bbox 488 2482 2071 2552">
     <span class='ocr_line' id='line_1_45' title="bbox 488 2482 2071 2552; baseline -0.004 -14"><span class='ocrx_word' id='word_1_309' title='bbox 488 2492 691 2539; x_wconf 85' lang='lat' dir='ltr'><strong>retur:</strong></span> <span class='ocrx_word' id='word_1_310' title='bbox 745 2482 1087 2552; x_wconf 86' lang='lat' dir='ltr'><strong>Epiphanius</strong></span> <span class='ocrx_word' id='word_1_311' title='bbox 1146 2497 1274 2536; x_wconf 90' lang='lat' dir='ltr'><strong>vero</strong></span> <span class='ocrx_word' id='word_1_312' title='bbox 1321 2484 1587 2546; x_wconf 86' lang='lat' dir='ltr'><strong>audiens,</strong></span> <span class='ocrx_word' id='word_1_313' title='bbox 1643 2497 1765 2551; x_wconf 77' lang='lat' dir='ltr'><strong>qua:</strong></span> <span class='ocrx_word' id='word_1_314' title='bbox 1813 2490 2071 2535; x_wconf 81' lang='lat' dir='ltr'><strong>eventura</strong></span> 
     </span>
    </p>
   </div>
   <div class='ocr_carea' id='block_1_46' title="bbox 486 2571 2073 2643">
    <p class='ocr_par' dir='ltr' id='par_1_46' title="bbox 486 2571 2073 2643">
     <span class='ocr_line' id='line_1_46' title="bbox 486 2571 2073 2643; baseline -0.004 -13"><span class='ocrx_word' id='word_1_315' title='bbox 486 2584 644 2630; x_wconf 86' lang='lat' dir='ltr'><strong>erant</strong></span> <span class='ocrx_word' id='word_1_316' title='bbox 686 2576 942 2629; x_wconf 86' lang='lat' dir='ltr'><strong>universo</strong></span> <span class='ocrx_word' id='word_1_317' title='bbox 980 2573 1186 2627; x_wconf 91' lang='lat' dir='ltr'><strong>mundo</strong></span> <span class='ocrx_word' id='word_1_318' title='bbox 1226 2612 1242 2638; x_wconf 90' lang='lat'><strong>,</strong></span> <span class='ocrx_word' id='word_1_319' title='bbox 1288 2574 1534 2643; x_wconf 85' lang='lat' dir='ltr'><strong>plorabat</strong></span> <span class='ocrx_word' id='word_1_320' title='bbox 1562 2589 1625 2627; x_wconf 91' lang='lat' dir='ltr'><strong>ac</strong></span> <span class='ocrx_word' id='word_1_321' title='bbox 1657 2574 1895 2643; x_wconf 73' lang='lat' dir='ltr'><strong>graviter</strong></span> <span class='ocrx_word' id='word_1_322' title='bbox 1925 2571 2073 2641; x_wconf 79' lang='lat' dir='ltr'><strong>iuge-</strong></span> 
     </span>
    </p>
   </div>
   <div class='ocr_carea' id='block_1_47' title="bbox 489 2666 2075 2735">
    <p class='ocr_par' dir='ltr' id='par_1_47' title="bbox 489 2666 2075 2735">
     <span class='ocr_line' id='line_1_47' title="bbox 489 2666 2075 2735; baseline -0.001 -13"><span class='ocrx_word' id='word_1_323' title='bbox 489 2670 792 2727; x_wconf 84' lang='lat' dir='ltr'><strong>rniscebat,</strong></span> <span class='ocrx_word' id='word_1_324' title='bbox 832 2669 910 2722; x_wconf 93' lang='lat' dir='ltr'><strong>uti</strong></span> <span class='ocrx_word' id='word_1_325' title='bbox 960 2669 1166 2735; x_wconf 60' lang='lat' dir='ltr'><strong>83mins</strong></span> <span class='ocrx_word' id='word_1_326' title='bbox 1200 2668 1407 2721; x_wconf 85' lang='lat' dir='ltr'><strong>dictum</strong></span> <span class='ocrx_word' id='word_1_327' title='bbox 1435 2676 1539 2733; x_wconf 83' lang='lat' dir='ltr'><strong>est,</strong></span> <span class='ocrx_word' id='word_1_328' title='bbox 1578 2667 1747 2720; x_wconf 88' lang='lat' dir='ltr'><strong>multa</strong></span> <span class='ocrx_word' id='word_1_329' title='bbox 1783 2666 2075 2720; x_wconf 89' lang='lat' dir='ltr'><strong>commise-</strong></span> 
     </span>
    </p>
   </div>
   <div class='ocr_carea' id='block_1_48' title="bbox 489 2756 2072 2815">
    <p class='ocr_par' dir='ltr' id='par_1_48' title="bbox 489 2756 2072 2815">
     <span class='ocr_line' id='line_1_48' title="bbox 489 2756 2072 2815; baseline 0 -3"><span class='ocrx_word' id='word_1_330' title='bbox 489 2761 701 2813; x_wconf 82' lang='lat' dir='ltr'><strong>ratione</strong></span> <span class='ocrx_word' id='word_1_331' title='bbox 732 2768 930 2814; x_wconf 87' lang='lat' dir='ltr'><strong>tactus.</strong></span> <span class='ocrx_word' id='word_1_332' title='bbox 965 2760 1171 2815; x_wconf 88' lang='lat' dir='ltr'><strong>Deinde</strong></span> <span class='ocrx_word' id='word_1_333' title='bbox 1205 2762 1285 2813; x_wconf 87' lang='lat' dir='ltr'><strong>sic</strong></span> <span class='ocrx_word' id='word_1_334' title='bbox 1326 2758 1596 2812; x_wconf 81' lang='lat' dir='ltr'><strong>Andream</strong></span> <span class='ocrx_word' id='word_1_335' title='bbox 1625 2757 1821 2812; x_wconf 77' lang='lat' dir='ltr'><strong>aﬂ‘atur</strong></span> <span class='ocrx_word' id='word_1_336' title='bbox 1854 2774 1870 2811; x_wconf 87' lang='lat'><strong>:</strong></span> <span class='ocrx_word' id='word_1_337' title='bbox 1910 2756 2072 2812; x_wconf 88' lang='lat' dir='ltr'><strong>Edis-</strong></span> 
     </span>
    </p>
   </div>
   <div class='ocr_carea' id='block_1_49' title="bbox 490 2832 2067 2927">
    <p class='ocr_par' dir='ltr' id='par_1_49' title="bbox 490 2832 2067 2927">
     <span class='ocr_line' id='line_1_49' title="bbox 490 2832 2067 2927; baseline -0.003 -22"><span class='ocrx_word' id='word_1_338' title='bbox 490 2866 632 2927; x_wconf 78' lang='lat' dir='ltr'><strong>sere,</strong></span> <span class='ocrx_word' id='word_1_339' title='bbox 655 2867 863 2922; x_wconf 70' lang='lat' dir='ltr'><strong>quaeso,</strong></span> <span class='ocrx_word' id='word_1_340' title='bbox 904 2852 1035 2905; x_wconf 89' lang='lat' dir='ltr'><strong>mihi</strong></span> <span class='ocrx_word' id='word_1_341' title='bbox 1059 2893 1074 2918; x_wconf 94' lang='lat'><strong>,</strong></span> <span class='ocrx_word' id='word_1_342' title='bbox 1108 2852 1301 2906; x_wconf 89' lang='lat' dir='ltr'><strong>amabo</strong></span> <span class='ocrx_word' id='word_1_343' title='bbox 1330 2861 1405 2912; x_wconf 90' lang='lat' dir='ltr'><strong>te,</strong></span> <span class='ocrx_word' id='word_1_344' title='bbox 1428 2865 1538 2919; x_wconf 90' lang='lat' dir='ltr'><strong>quo</strong></span> <span class='ocrx_word' id='word_1_345' title='bbox 1576 2861 1734 2920; x_wconf 76' lang='lat' dir='ltr'><strong>pacto</strong></span> <span class='ocrx_word' id='word_1_346' title='bbox 1754 2832 2067 2905; x_wconf 81' lang='lat' dir='ltr'><strong>universum</strong></span> 
     </span>
    </p>
   </div>
   <div class='ocr_carea' id='block_1_50' title="bbox 491 2930 2067 3011">
    <p class='ocr_par' dir='ltr' id='par_1_50' title="bbox 491 2930 2067 3011">
     <span class='ocr_line' id='line_1_50' title="bbox 491 2930 2067 3011; baseline 0 -19"><span class='ocrx_word' id='word_1_347' title='bbox 491 2930 664 3011; x_wconf 75' lang='lat' dir='ltr'><strong>genus</strong></span> <span class='ocrx_word' id='word_1_348' title='bbox 722 2942 1024 2995; x_wconf 90' lang='lat' dir='ltr'><strong>humanum</strong></span> <span class='ocrx_word' id='word_1_349' title='bbox 1075 2959 1104 2997; x_wconf 89' lang='lat' dir='ltr'><strong>e</strong></span> <span class='ocrx_word' id='word_1_350' title='bbox 1154 2944 1315 2998; x_wconf 90' lang='lat' dir='ltr'><strong>terris</strong></span> <span class='ocrx_word' id='word_1_351' title='bbox 1374 2940 1711 3006; x_wconf 90' lang='lat' dir='ltr'><strong>tollendum,</strong></span> <span class='ocrx_word' id='word_1_352' title='bbox 1771 2948 1939 3010; x_wconf 88' lang='lat' dir='ltr'><strong>atque</strong></span> <span class='ocrx_word' id='word_1_353' title='bbox 1996 2941 2067 2992; x_wconf 91' lang='lat' dir='ltr'><strong>ita</strong></span> 
     </span>
    </p>
   </div>
   <div class='ocr_carea' id='block_1_51' title="bbox 491 3032 2071 3090">
    <p class='ocr_par' dir='ltr' id='par_1_51' title="bbox 491 3032 2071 3090">
     <span class='ocr_line' id='line_1_51' title="bbox 491 3032 2071 3090; baseline 0.001 -5"><span class='ocrx_word' id='word_1_354' title='bbox 491 3034 687 3087; x_wconf 89' lang='lat' dir='ltr'><strong>deinde</strong></span> <span class='ocrx_word' id='word_1_355' title='bbox 741 3044 1180 3089; x_wconf 81' lang='lat' dir='ltr'><strong>resurrecturum</strong></span> <span class='ocrx_word' id='word_1_356' title='bbox 1235 3036 1328 3090; x_wconf 88' lang='lat' dir='ltr'><strong>sit.</strong></span> <span class='ocrx_word' id='word_1_357' title='bbox 1389 3035 1491 3089; x_wconf 83' lang='lat' dir='ltr'><strong>Cui</strong></span> <span class='ocrx_word' id='word_1_358' title='bbox 1548 3034 1782 3089; x_wconf 82' lang='lat' dir='ltr'><strong>Sanctus</strong></span> <span class='ocrx_word' id='word_1_359' title='bbox 1832 3050 1846 3087; x_wconf 88' lang='lat'><strong>:</strong></span> <span class='ocrx_word' id='word_1_360' title='bbox 1920 3032 2071 3086; x_wconf 84' lang='lat' dir='ltr'><strong>Alios</strong></span> 
     </span>
    </p>
   </div>
   <div class='ocr_carea' id='block_1_52' title="bbox 2243 2381 3758 2461">
    <p class='ocr_par' dir='ltr' id='par_1_52' title="bbox 2243 2381 3758 2461">
     <span class='ocr_line' id='line_1_52' title="bbox 2243 2381 3758 2461; baseline 0.004 -24"><span class='ocrx_word' id='word_1_361' title='bbox 2243 2382 2382 2457; x_wconf 73' lang='lat' dir='ltr'><strong>ax&#39;q&#39;.</strong></span> <span class='ocrx_word' id='word_1_362' title='bbox 2402 2381 2589 2439; x_wconf 88' lang='grc' dir='ltr'>Ταῦτα</span> <span class='ocrx_word' id='word_1_363' title='bbox 2611 2383 2703 2437; x_wconf 88' lang='grc' dir='ltr'><strong>τοῦ</strong></span> <span class='ocrx_word' id='word_1_364' title='bbox 2736 2383 3005 2456; x_wconf 74' lang='grc' dir='ltr'>μακαρίου</span> <span class='ocrx_word' id='word_1_365' title='bbox 3046 2385 3412 2457; x_wconf 73' lang='grc' dir='ltr'>καθεζομένου</span> <span class='ocrx_word' id='word_1_366' title='bbox 3453 2392 3545 2443; x_wconf 77' lang='grc' dir='ltr'>καὶ</span> <span class='ocrx_word' id='word_1_367' title='bbox 3566 2392 3758 2461; x_wconf 73' lang='grc' dir='ltr'>λέγον-</span> 
     </span>
    </p>
   </div>
   <div class='ocr_carea' id='block_1_53' title="bbox 2169 2476 3761 2550">
    <p class='ocr_par' dir='ltr' id='par_1_53' title="bbox 2169 2476 3761 2550">
     <span class='ocr_line' id='line_1_53' title="bbox 2169 2476 3761 2550; baseline 0.011 -26"><span class='ocrx_word' id='word_1_368' title='bbox 2169 2494 2281 2542; x_wconf 81' lang='grc' dir='ltr'>τος,</span> <span class='ocrx_word' id='word_1_369' title='bbox 2332 2477 2652 2545; x_wconf 85' lang='grc' dir='ltr'>Ἐπιφανίου</span> <span class='ocrx_word' id='word_1_370' title='bbox 2682 2477 2739 2529; x_wconf 86' lang='grc' dir='ltr'><strong>δὲ</strong></span> <span class='ocrx_word' id='word_1_371' title='bbox 2783 2476 3074 2541; x_wconf 78' lang='grc' dir='ltr'>ἀκούοντος</span> <span class='ocrx_word' id='word_1_372' title='bbox 3102 2478 3171 2531; x_wconf 78' lang='grc' dir='ltr'>τὰ</span> <span class='ocrx_word' id='word_1_373' title='bbox 3215 2480 3477 2548; x_wconf 86' lang='grc' dir='ltr'>μέλλοντα</span> <span class='ocrx_word' id='word_1_374' title='bbox 3508 2486 3761 2550; x_wconf 85' lang='grc' dir='ltr'>γενέσθαι</span> 
     </span>
    </p>
   </div>
   <div class='ocr_carea' id='block_1_54' title="bbox 2172 2569 3759 2648">
    <p class='ocr_par' dir='ltr' id='par_1_54' title="bbox 2172 2569 3759 2648">
     <span class='ocr_line' id='line_1_54' title="bbox 2172 2569 3759 2648; baseline 0.008 -27"><span class='ocrx_word' id='word_1_375' title='bbox 2172 2570 2309 2621; x_wconf 85' lang='grc' dir='ltr'><strong>κατὰ</strong></span> <span class='ocrx_word' id='word_1_376' title='bbox 2333 2569 2431 2639; x_wconf 79' lang='grc' dir='ltr'>τὴν</span> <span class='ocrx_word' id='word_1_377' title='bbox 2462 2569 2809 2640; x_wconf 78' lang='grc' dir='ltr'>οἰκουμένην,</span> <span class='ocrx_word' id='word_1_378' title='bbox 2842 2570 3062 2642; x_wconf 77' lang='grc' dir='ltr'>ἐθρήνει</span> <span class='ocrx_word' id='word_1_379' title='bbox 3091 2571 3155 2622; x_wconf 80' lang='grc' dir='ltr'>ὲκ</span> <span class='ocrx_word' id='word_1_380' title='bbox 3190 2571 3400 2641; x_wconf 82' lang='grc' dir='ltr'>βαθέων</span> <span class='ocrx_word' id='word_1_381' title='bbox 3415 2578 3759 2648; x_wconf 74' lang='grc' dir='ltr'>στεναγμῶν,</span> 
     </span>
    </p>
   </div>
   <div class='ocr_carea' id='block_1_55' title="bbox 2173 2663 3757 2742">
    <p class='ocr_par' dir='ltr' id='par_1_55' title="bbox 2173 2663 3757 2742">
     <span class='ocr_line' id='line_1_55' title="bbox 2173 2663 3757 2742; baseline 0.007 -25"><span class='ocrx_word' id='word_1_382' title='bbox 2173 2664 2357 2728; x_wconf 85' lang='grc' dir='ltr'>καθὼς</span> <span class='ocrx_word' id='word_1_383' title='bbox 2376 2663 2634 2728; x_wconf 79' lang='grc' dir='ltr'><strong>πολλάκις</strong></span> <span class='ocrx_word' id='word_1_384' title='bbox 2654 2664 2887 2736; x_wconf 74' lang='grc' dir='ltr'>εἴρηται,</span> <span class='ocrx_word' id='word_1_385' title='bbox 2903 2666 3043 2734; x_wconf 77' lang='grc' dir='ltr'>ἄγαν</span> <span class='ocrx_word' id='word_1_386' title='bbox 3058 2668 3347 2740; x_wconf 80' lang='grc' dir='ltr'>συμπαθὴς</span> <span class='ocrx_word' id='word_1_387' title='bbox 3366 2672 3757 2742; x_wconf 71' lang='grc' dir='ltr'><strong>ἐχρημάτιζεν.</strong></span> 
     </span>
    </p>
   </div>
   <div class='ocr_carea' id='block_1_56' title="bbox 2179 2754 3757 2835">
    <p class='ocr_par' dir='ltr' id='par_1_56' title="bbox 2179 2754 3757 2835">
     <span class='ocr_line' id='line_1_56' title="bbox 2179 2754 3757 2835; baseline 0.006 -28"><span class='ocrx_word' id='word_1_388' title='bbox 2179 2754 2313 2809; x_wconf 82' lang='grc' dir='ltr'>Εἶτα</span> <span class='ocrx_word' id='word_1_389' title='bbox 2363 2756 2511 2825; x_wconf 78' lang='grc' dir='ltr'>λέγει</span> <span class='ocrx_word' id='word_1_390' title='bbox 2558 2758 2694 2826; x_wconf 75' lang='grc' dir='ltr'>πρὸς</span> <span class='ocrx_word' id='word_1_391' title='bbox 2750 2757 2840 2811; x_wconf 76' lang='grc' dir='ltr'>τὸν</span> <span class='ocrx_word' id='word_1_392' title='bbox 2873 2758 3053 2812; x_wconf 73' lang='grc' dir='ltr'>ὅσιονο</span> <span class='ocrx_word' id='word_1_393' title='bbox 3097 2761 3298 2829; x_wconf 78' lang='grc' dir='ltr'>Δέομαί</span> <span class='ocrx_word' id='word_1_394' title='bbox 3328 2779 3443 2826; x_wconf 89' lang='grc' dir='ltr'>σου,</span> <span class='ocrx_word' id='word_1_395' title='bbox 3491 2765 3612 2818; x_wconf 84' lang='grc' dir='ltr'>είπέ</span> <span class='ocrx_word' id='word_1_396' title='bbox 3643 2784 3757 2835; x_wconf 74' lang='grc' dir='ltr'>μοι,</span> 
     </span>
    </p>
   </div>
   <div class='ocr_carea' id='block_1_57' title="bbox 2180 2849 3758 2924">
    <p class='ocr_par' dir='ltr' id='par_1_57' title="bbox 2180 2849 3758 2924">
     <span class='ocr_line' id='line_1_57' title="bbox 2180 2849 3758 2924; baseline 0.006 -24"><span class='ocrx_word' id='word_1_397' title='bbox 2180 2849 2297 2912; x_wconf 77' lang='grc' dir='ltr'><strong>πῶς</strong></span> <span class='ocrx_word' id='word_1_398' title='bbox 2344 2850 2530 2918; x_wconf 80' lang='grc' dir='ltr'>μέλλει</span> <span class='ocrx_word' id='word_1_399' title='bbox 2559 2849 2667 2902; x_wconf 83' lang='grc' dir='ltr'>ἀπὸ</span> <span class='ocrx_word' id='word_1_400' title='bbox 2694 2850 2795 2919; x_wconf 83' lang='grc' dir='ltr'>τῆς</span> <span class='ocrx_word' id='word_1_401' title='bbox 2836 2854 2940 2921; x_wconf 78' lang='grc' dir='ltr'>γῆς</span> <span class='ocrx_word' id='word_1_402' title='bbox 2974 2850 3374 2923; x_wconf 79' lang='grc' dir='ltr'>ἀπαλειφθῆναι</span> <span class='ocrx_word' id='word_1_403' title='bbox 3410 2852 3439 2924; x_wconf 68' lang='grc' dir='ltr'>ἡ</span> <span class='ocrx_word' id='word_1_404' title='bbox 3469 2856 3758 2922; x_wconf 80' lang='grc' dir='ltr'>ἅνθρωπό-</span> 
     </span>
    </p>
   </div>
   <div class='ocr_carea' id='block_1_58' title="bbox 2178 2938 3753 3017">
    <p class='ocr_par' dir='ltr' id='par_1_58' title="bbox 2178 2938 3753 3017">
     <span class='ocr_line' id='line_1_58' title="bbox 2178 2938 3753 3017; baseline 0.008 -27"><span class='ocrx_word' id='word_1_405' title='bbox 2178 2955 2299 3007; x_wconf 84' lang='grc' dir='ltr'>της,</span> <span class='ocrx_word' id='word_1_406' title='bbox 2333 2938 2431 2991; x_wconf 72' lang='grc' dir='ltr'><strong>καὶ</strong></span> <span class='ocrx_word' id='word_1_407' title='bbox 2457 2939 2598 2993; x_wconf 66' lang='grc' dir='ltr'>οὕτω</span> <span class='ocrx_word' id='word_1_408' title='bbox 2625 2940 2881 3008; x_wconf 88' lang='grc' dir='ltr'>γενέσθαι</span> <span class='ocrx_word' id='word_1_409' title='bbox 2928 2944 2961 3011; x_wconf 74' lang='grc' dir='ltr'>ἡ</span> <span class='ocrx_word' id='word_1_410' title='bbox 3003 2943 3331 3010; x_wconf 77' lang='grc' dir='ltr'>ἀνάστασιςς</span> <span class='ocrx_word' id='word_1_411' title='bbox 3362 2948 3508 3017; x_wconf 78' lang='grc' dir='ltr'><strong>Ἔφη</strong></span> <span class='ocrx_word' id='word_1_412' title='bbox 3538 2951 3566 3002; x_wconf 82' lang='grc' dir='ltr'>ὁ</span> <span class='ocrx_word' id='word_1_413' title='bbox 3586 2951 3753 3016; x_wconf 59' lang='lat' dir='ltr'><strong>am,-</strong></span> 
     </span>
    </p>
   </div>
   <div class='ocr_carea' id='block_1_59' title="bbox 2179 3030 3752 3106">
    <p class='ocr_par' dir='ltr' id='par_1_59' title="bbox 2179 3030 3752 3106">
     <span class='ocr_line' id='line_1_59' title="bbox 2179 3030 3752 3106; baseline 0.01 -23"><span class='ocrx_word' id='word_1_414' title='bbox 2179 3030 2316 3094; x_wconf 74' lang='grc' dir='ltr'>Τοὺς</span> <span class='ocrx_word' id='word_1_415' title='bbox 2347 3031 2446 3101; x_wconf 82' lang='grc' dir='ltr'><strong>μὲν</strong></span> <span class='ocrx_word' id='word_1_416' title='bbox 2470 3032 2538 3085; x_wconf 84' lang='grc' dir='ltr'>τὰ</span> <span class='ocrx_word' id='word_1_417' title='bbox 2565 3032 2786 3103; x_wconf 76' lang='grc' dir='ltr'>μυσαρὰ</span> <span class='ocrx_word' id='word_1_418' title='bbox 2811 3033 2935 3103; x_wconf 75' lang='grc' dir='ltr'>ἔθνη</span> <span class='ocrx_word' id='word_1_419' title='bbox 2965 3034 3190 3105; x_wconf 78' lang='grc' dir='ltr'>ἥκουσιν</span> <span class='ocrx_word' id='word_1_420' title='bbox 3218 3038 3521 3104; x_wconf 81' lang='grc' dir='ltr'>ἀναλῶσαι,</span> <span class='ocrx_word' id='word_1_421' title='bbox 3547 3043 3671 3106; x_wconf 79' lang='grc' dir='ltr'>τοὺς</span> <span class='ocrx_word' id='word_1_422' title='bbox 3694 3046 3752 3098; x_wconf 80' lang='grc' dir='ltr'>δὲ</span> 
     </span>
    </p>
   </div>
   <div class='ocr_carea' id='block_1_60' title="bbox 487 3119 2067 3199">
    <p class='ocr_par' dir='ltr' id='par_1_60' title="bbox 487 3126 2067 3199">
     <span class='ocr_line' id='line_1_60' title="bbox 487 3126 2067 3199; baseline -0.001 -22"><span class='ocrx_word' id='word_1_423' title='bbox 487 3126 705 3193; x_wconf 80' lang='lat' dir='ltr'><strong>quidem</strong></span> <span class='ocrx_word' id='word_1_424' title='bbox 771 3127 1054 3195; x_wconf 65' lang='lat' dir='ltr'><strong>nefandae,</strong></span> <span class='ocrx_word' id='word_1_425' title='bbox 1101 3144 1240 3199; x_wconf 91' lang='lat' dir='ltr'><strong>quos</strong></span> <span class='ocrx_word' id='word_1_426' title='bbox 1297 3128 1454 3192; x_wconf 77' lang='lat' dir='ltr'><strong>dixi,</strong></span> <span class='ocrx_word' id='word_1_427' title='bbox 1497 3136 1683 3198; x_wconf 78' lang='lat' dir='ltr'><strong>gentes</strong></span> <span class='ocrx_word' id='word_1_428' title='bbox 1743 3126 2067 3189; x_wconf 89' lang='lat' dir='ltr'><strong>conlicient;</strong></span> 
     </span>
    </p>
   </div>
   <div class='ocr_carea' id='block_1_61' title="bbox 2175 3119 3755 3199">
    <p class='ocr_par' dir='ltr' id='par_1_61' title="bbox 2176 3124 3755 3198">
     <span class='ocr_line' id='line_1_61' title="bbox 2176 3124 3755 3198; baseline 0.009 -24"><span class='ocrx_word' id='word_1_429' title='bbox 2176 3124 2231 3175; x_wconf 82' lang='grc' dir='ltr'><strong>ἐν</strong></span> <span class='ocrx_word' id='word_1_430' title='bbox 2262 3125 2374 3187; x_wconf 86' lang='grc' dir='ltr'>τοῖς</span> <span class='ocrx_word' id='word_1_431' title='bbox 2411 3125 2767 3188; x_wconf 82' lang='grc' dir='ltr'>πυκνοτάτοις</span> <span class='ocrx_word' id='word_1_432' title='bbox 2791 3125 2976 3189; x_wconf 84' lang='grc' dir='ltr'>τόποις</span> <span class='ocrx_word' id='word_1_433' title='bbox 3005 3128 3094 3179; x_wconf 75' lang='grc' dir='ltr'><strong>καὶ</strong></span> <span class='ocrx_word' id='word_1_434' title='bbox 3119 3128 3378 3198; x_wconf 79' lang='grc' dir='ltr'>πολέμοις</span> <span class='ocrx_word' id='word_1_435' title='bbox 3409 3131 3755 3188; x_wconf 75' lang='grc' dir='ltr'>θανατώσου-</span> 
     </span>
    </p>
   </div>
   <div class='ocr_carea' id='block_1_62' title="bbox 489 3219 2072 3277">
    <p class='ocr_par' dir='ltr' id='par_1_62' title="bbox 489 3219 2072 3277">
     <span class='ocr_line' id='line_1_62' title="bbox 489 3219 2072 3277; baseline -0.001 -8"><span class='ocrx_word' id='word_1_436' title='bbox 489 3219 629 3271; x_wconf 86' lang='lat' dir='ltr'><strong>alios</strong></span> <span class='ocrx_word' id='word_1_437' title='bbox 664 3219 717 3272; x_wconf 90' lang='lat' dir='ltr'><strong>in</strong></span> <span class='ocrx_word' id='word_1_438' title='bbox 751 3220 1006 3276; x_wconf 81' lang='lat' dir='ltr'><strong>obscuris</strong></span> <span class='ocrx_word' id='word_1_439' title='bbox 1046 3223 1181 3277; x_wconf 88' lang='lat' dir='ltr'><strong>locis</strong></span> <span class='ocrx_word' id='word_1_440' title='bbox 1221 3232 1275 3275; x_wconf 77' lang='lat' dir='ltr'><strong>et</strong></span> <span class='ocrx_word' id='word_1_441' title='bbox 1306 3222 1463 3277; x_wconf 86' lang='lat' dir='ltr'><strong>hellis</strong></span> <span class='ocrx_word' id='word_1_442' title='bbox 1495 3221 1766 3275; x_wconf 87' lang='lat' dir='ltr'><strong>necabunt</strong></span> <span class='ocrx_word' id='word_1_443' title='bbox 1799 3235 1813 3271; x_wconf 88' lang='lat'><strong>:</strong></span> <span class='ocrx_word' id='word_1_444' title='bbox 1847 3229 2072 3272; x_wconf 62' lang='lat' dir='ltr'><strong>caeteros</strong></span> 
     </span>
    </p>
   </div>
   <div class='ocr_carea' id='block_1_63' title="bbox 492 3311 2071 3377">
    <p class='ocr_par' dir='ltr' id='par_1_63' title="bbox 492 3311 2071 3377">
     <span class='ocr_line' id='line_1_63' title="bbox 492 3311 2071 3377; baseline -0.002 -14"><span class='ocrx_word' id='word_1_445' title='bbox 492 3312 692 3366; x_wconf 74' lang='lat' dir='ltr'><strong>tlhristi</strong></span> <span class='ocrx_word' id='word_1_446' title='bbox 728 3314 912 3369; x_wconf 78' lang='lat' dir='ltr'><strong>ﬁdeles</strong></span> <span class='ocrx_word' id='word_1_447' title='bbox 938 3316 1196 3369; x_wconf 83' lang='lat' dir='ltr'><strong>mactabit</strong></span> <span class='ocrx_word' id='word_1_448' title='bbox 1217 3315 1594 3368; x_wconf 82' lang='lat' dir='ltr'><strong>Antichristus</strong></span> <span class='ocrx_word' id='word_1_449' title='bbox 1623 3331 1636 3366; x_wconf 93' lang='lat'>:</span> <span class='ocrx_word' id='word_1_450' title='bbox 1672 3314 1726 3365; x_wconf 91' lang='lat' dir='ltr'><strong>in</strong></span> <span class='ocrx_word' id='word_1_451' title='bbox 1756 3311 1916 3377; x_wconf 86' lang='lat' dir='ltr'><strong>hujus</strong></span> <span class='ocrx_word' id='word_1_452' title='bbox 1944 3323 2071 3361; x_wconf 85' lang='lat' dir='ltr'><strong>vero</strong></span> 
     </span>
    </p>
   </div>
   <div class='ocr_carea' id='block_1_64' title="bbox 489 3401 2070 3462">
    <p class='ocr_par' dir='ltr' id='par_1_64' title="bbox 489 3401 2070 3462">
     <span class='ocr_line' id='line_1_64' title="bbox 489 3401 2070 3462; baseline -0.003 -5"><span class='ocrx_word' id='word_1_453' title='bbox 489 3408 728 3462; x_wconf 84' lang='lat' dir='ltr'><strong>asseclas</strong></span> <span class='ocrx_word' id='word_1_454' title='bbox 768 3417 822 3461; x_wconf 87' lang='lat' dir='ltr'><strong>et</strong></span> <span class='ocrx_word' id='word_1_455' title='bbox 866 3420 1161 3462; x_wconf 77' lang='lat' dir='ltr'><strong>sectatores</strong></span> <span class='ocrx_word' id='word_1_456' title='bbox 1212 3407 1465 3461; x_wconf 87' lang='lat' dir='ltr'><strong>immittet.</strong></span> <span class='ocrx_word' id='word_1_457' title='bbox 1518 3405 1781 3458; x_wconf 90' lang='lat' dir='ltr'><strong>Dominus</strong></span> <span class='ocrx_word' id='word_1_458' title='bbox 1814 3401 2070 3455; x_wconf 87' lang='lat' dir='ltr'><strong>animalia</strong></span> 
     </span>
    </p>
   </div>
   <div class='ocr_carea' id='block_1_65' title="bbox 492 3494 2069 3567">
    <p class='ocr_par' dir='ltr' id='par_1_65' title="bbox 492 3494 2069 3567">
     <span class='ocr_line' id='line_1_65' title="bbox 492 3494 2069 3567; baseline -0.003 -17"><span class='ocrx_word' id='word_1_459' title='bbox 492 3500 726 3553; x_wconf 73' lang='lat' dir='ltr'><strong>volantia</strong></span> <span class='ocrx_word' id='word_1_460' title='bbox 753 3541 770 3567; x_wconf 94' lang='lat'><strong>,</strong></span> <span class='ocrx_word' id='word_1_461' title='bbox 811 3501 877 3553; x_wconf 90' lang='lat' dir='ltr'><strong>de</strong></span> <span class='ocrx_word' id='word_1_462' title='bbox 911 3502 1112 3565; x_wconf 88' lang='lat' dir='ltr'><strong>quibus</strong></span> <span class='ocrx_word' id='word_1_463' title='bbox 1157 3498 1450 3559; x_wconf 85' lang='lat' dir='ltr'><strong>Ezechiel,</strong></span> <span class='ocrx_word' id='word_1_464' title='bbox 1495 3499 1752 3550; x_wconf 83' lang='lat' dir='ltr'><strong>habentia</strong></span> <span class='ocrx_word' id='word_1_465' title='bbox 1790 3496 1843 3549; x_wconf 81' lang='lat' dir='ltr'><strong>in</strong></span> <span class='ocrx_word' id='word_1_466' title='bbox 1881 3494 2069 3548; x_wconf 85' lang='lat' dir='ltr'><strong>caudis</strong></span> 
     </span>
    </p>
   </div>
   <div class='ocr_carea' id='block_1_66' title="bbox 493 3586 2065 3656">
    <p class='ocr_par' dir='ltr' id='par_1_66' title="bbox 493 3586 2065 3656">
     <span class='ocr_line' id='line_1_66' title="bbox 493 3586 2065 3656; baseline -0.004 -13"><span class='ocrx_word' id='word_1_467' title='bbox 493 3593 607 3643; x_wconf 90' lang='lat' dir='ltr'><strong>suis</strong></span> <span class='ocrx_word' id='word_1_468' title='bbox 638 3593 797 3644; x_wconf 87' lang='lat' dir='ltr'><strong>bount</strong></span> <span class='ocrx_word' id='word_1_469' title='bbox 830 3591 1083 3644; x_wconf 87' lang='lat' dir='ltr'><strong>stimulos</strong></span> <span class='ocrx_word' id='word_1_470' title='bbox 1112 3604 1317 3643; x_wconf 87' lang='lat' dir='ltr'><strong>veneno</strong></span> <span class='ocrx_word' id='word_1_471' title='bbox 1346 3589 1573 3642; x_wconf 84' lang='lat' dir='ltr'><strong>inlectos</strong></span> <span class='ocrx_word' id='word_1_472' title='bbox 1609 3588 1754 3656; x_wconf 60' lang='lat'><strong>(£5):</strong></span> <span class='ocrx_word' id='word_1_473' title='bbox 1785 3603 1813 3640; x_wconf 91' lang='lat' dir='ltr'><strong>a</strong></span> <span class='ocrx_word' id='word_1_474' title='bbox 1847 3586 2065 3654; x_wconf 83' lang='lat' dir='ltr'><strong>quibus,</strong></span> 
     </span>
    </p>
   </div>
   <div class='ocr_carea' id='block_1_67' title="bbox 490 3680 2066 3749">
    <p class='ocr_par' dir='ltr' id='par_1_67' title="bbox 490 3680 2066 3749">
     <span class='ocr_line' id='line_1_67' title="bbox 490 3680 2066 3749; baseline -0.001 -16"><span class='ocrx_word' id='word_1_475' title='bbox 490 3693 761 3749; x_wconf 68' lang='lat' dir='ltr'><strong>quotquiit</strong></span> <span class='ocrx_word' id='word_1_476' title='bbox 822 3682 1059 3734; x_wconf 80' lang='lat' dir='ltr'><strong>salutare</strong></span> <span class='ocrx_word' id='word_1_477' title='bbox 1117 3690 1170 3734; x_wconf 84' lang='lat' dir='ltr'><strong>et</strong></span> <span class='ocrx_word' id='word_1_478' title='bbox 1233 3696 1416 3734; x_wconf 87' lang='lat' dir='ltr'><strong>verum</strong></span> <span class='ocrx_word' id='word_1_479' title='bbox 1471 3682 1673 3733; x_wconf 78' lang='lat' dir='ltr'><strong>Christi</strong></span> <span class='ocrx_word' id='word_1_480' title='bbox 1733 3682 1947 3749; x_wconf 82' lang='lat' dir='ltr'><strong>signum</strong></span> <span class='ocrx_word' id='word_1_481' title='bbox 2016 3680 2066 3731; x_wconf 93' lang='lat' dir='ltr'><strong>in</strong></span> 
     </span>
    </p>
   </div>
   <div class='ocr_carea' id='block_1_68' title="bbox 493 3772 2069 3841">
    <p class='ocr_par' dir='ltr' id='par_1_68' title="bbox 493 3772 2069 3841">
     <span class='ocr_line' id='line_1_68' title="bbox 493 3772 2069 3841; baseline -0.002 -15"><span class='ocrx_word' id='word_1_482' title='bbox 493 3775 761 3827; x_wconf 71' lang='lat' dir='ltr'><strong>l&#39;rontibus</strong></span> <span class='ocrx_word' id='word_1_483' title='bbox 815 3775 929 3827; x_wconf 89' lang='lat' dir='ltr'><strong>suis</strong></span> <span class='ocrx_word' id='word_1_484' title='bbox 979 3789 1087 3825; x_wconf 91' lang='lat' dir='ltr'><strong>non</strong></span> <span class='ocrx_word' id='word_1_485' title='bbox 1146 3773 1469 3835; x_wconf 83' lang='lat' dir='ltr'><strong>habuerint,</strong></span> <span class='ocrx_word' id='word_1_486' title='bbox 1521 3772 1701 3841; x_wconf 86' lang='lat' dir='ltr'><strong>puncti</strong></span> <span class='ocrx_word' id='word_1_487' title='bbox 1756 3785 2069 3839; x_wconf 80' lang='lat' dir='ltr'><strong>venenoque</strong></span> 
     </span>
    </p>
   </div>
   <div class='ocr_carea' id='block_1_69' title="bbox 490 3862 2066 3933">
    <p class='ocr_par' dir='ltr' id='par_1_69' title="bbox 490 3862 2066 3933">
     <span class='ocr_line' id='line_1_69' title="bbox 490 3862 2066 3933; baseline -0.001 -16"><span class='ocrx_word' id='word_1_488' title='bbox 490 3867 714 3928; x_wconf 77' lang='lat' dir='ltr'><strong>infecti,</strong></span> <span class='ocrx_word' id='word_1_489' title='bbox 762 3865 1114 3921; x_wconf 86' lang='lat' dir='ltr'><strong>acerbissima</strong></span> <span class='ocrx_word' id='word_1_490' title='bbox 1169 3882 1299 3919; x_wconf 88' lang='lat' dir='ltr'><strong>nece</strong></span> <span class='ocrx_word' id='word_1_491' title='bbox 1349 3865 1623 3933; x_wconf 89' lang='lat' dir='ltr'><strong>peribunt.</strong></span> <span class='ocrx_word' id='word_1_492' title='bbox 1676 3862 1833 3929; x_wconf 84' lang='lat' dir='ltr'><strong>Quod</strong></span> <span class='ocrx_word' id='word_1_493' title='bbox 1884 3864 1928 3917; x_wconf 88' lang='lat' dir='ltr'><strong>si</strong></span> <span class='ocrx_word' id='word_1_494' title='bbox 1976 3863 2066 3931; x_wconf 90' lang='lat' dir='ltr'><strong>qui</strong></span> 
     </span>
    </p>
   </div>
   <div class='ocr_carea' id='block_1_70' title="bbox 488 3954 2067 4024">
    <p class='ocr_par' dir='ltr' id='par_1_70' title="bbox 488 3954 2067 4024">
     <span class='ocr_line' id='line_1_70' title="bbox 488 3954 2067 4024; baseline -0.001 -15"><span class='ocrx_word' id='word_1_495' title='bbox 488 3960 652 4009; x_wconf 85' lang='lat' dir='ltr'><strong>etiam</strong></span> <span class='ocrx_word' id='word_1_496' title='bbox 703 3968 1039 4019; x_wconf 88' lang='lat' dir='ltr'><strong>sanctorum,</strong></span> <span class='ocrx_word' id='word_1_497' title='bbox 1074 3956 1409 4009; x_wconf 85' lang='lat' dir='ltr'><strong>Anticlnisto</strong></span> <span class='ocrx_word' id='word_1_498' title='bbox 1440 3956 1733 4024; x_wconf 78' lang='lat' dir='ltr'><strong>praeteriti,</strong></span> <span class='ocrx_word' id='word_1_499' title='bbox 1781 3954 1832 4007; x_wconf 91' lang='lat' dir='ltr'><strong>in</strong></span> <span class='ocrx_word' id='word_1_500' title='bbox 1874 3954 2067 4009; x_wconf 89' lang='lat' dir='ltr'><strong>solitu-</strong></span> 
     </span>
    </p>
   </div>
   <div class='ocr_carea' id='block_1_71' title="bbox 491 4044 2066 4113">
    <p class='ocr_par' dir='ltr' id='par_1_71' title="bbox 491 4044 2066 4113">
     <span class='ocr_line' id='line_1_71' title="bbox 491 4044 2066 4113; baseline -0.003 -12"><span class='ocrx_word' id='word_1_501' title='bbox 491 4049 711 4103; x_wconf 86' lang='lat' dir='ltr'><strong>dinibus</strong></span> <span class='ocrx_word' id='word_1_502' title='bbox 744 4050 945 4103; x_wconf 89' lang='lat' dir='ltr'><strong>inventi</strong></span> <span class='ocrx_word' id='word_1_503' title='bbox 992 4046 1195 4100; x_wconf 77' lang='lat' dir='ltr'><strong>fuerint</strong></span> <span class='ocrx_word' id='word_1_504' title='bbox 1221 4086 1235 4109; x_wconf 96' lang='lat'><strong>,</strong></span> <span class='ocrx_word' id='word_1_505' title='bbox 1288 4046 1363 4099; x_wconf 90' lang='lat' dir='ltr'><strong>illi</strong></span> <span class='ocrx_word' id='word_1_506' title='bbox 1407 4062 1595 4100; x_wconf 86' lang='lat' dir='ltr'><strong>omnes</strong></span> <span class='ocrx_word' id='word_1_507' title='bbox 1626 4046 1794 4099; x_wconf 91' lang='lat' dir='ltr'><strong>divini</strong></span> <span class='ocrx_word' id='word_1_508' title='bbox 1830 4044 2066 4113; x_wconf 76' lang='lat' dir='ltr'><strong>Spiritus</strong></span> 
     </span>
    </p>
   </div>
   <div class='ocr_carea' id='block_1_72' title="bbox 492 4138 2061 4206">
    <p class='ocr_par' dir='ltr' id='par_1_72' title="bbox 492 4138 2061 4206">
     <span class='ocr_line' id='line_1_72' title="bbox 492 4138 2061 4206; baseline -0.001 -14"><span class='ocrx_word' id='word_1_509' title='bbox 492 4145 689 4195; x_wconf 90' lang='lat' dir='ltr'><strong>virtute</strong></span> <span class='ocrx_word' id='word_1_510' title='bbox 712 4142 765 4194; x_wconf 92' lang='lat' dir='ltr'><strong>in</strong></span> <span class='ocrx_word' id='word_1_511' title='bbox 799 4150 1050 4195; x_wconf 88' lang='lat' dir='ltr'><strong>sanctam</strong></span> <span class='ocrx_word' id='word_1_512' title='bbox 1072 4140 1347 4193; x_wconf 88' lang='lat' dir='ltr'><strong>civitatem</strong></span> <span class='ocrx_word' id='word_1_513' title='bbox 1380 4138 1513 4191; x_wconf 76' lang='lat' dir='ltr'><strong>Sion</strong></span> <span class='ocrx_word' id='word_1_514' title='bbox 1547 4139 2020 4206; x_wconf 80' lang='lat' dir='ltr'><strong>congregabuntur</strong></span> <span class='ocrx_word' id='word_1_515' title='bbox 2048 4154 2061 4190; x_wconf 94' lang='lat'>:</span> 
     </span>
    </p>
   </div>
   <div class='ocr_carea' id='block_1_73' title="bbox 487 4230 2064 4302">
    <p class='ocr_par' dir='ltr' id='par_1_73' title="bbox 487 4230 2064 4302">
     <span class='ocr_line' id='line_1_73' title="bbox 487 4230 2064 4302; baseline -0.003 -16"><span class='ocrx_word' id='word_1_516' title='bbox 487 4248 537 4287; x_wconf 77' lang='lat' dir='ltr'><strong>et</strong></span> <span class='ocrx_word' id='word_1_517' title='bbox 570 4236 619 4287; x_wconf 95' lang='lat' dir='ltr'><strong>hi</strong></span> <span class='ocrx_word' id='word_1_518' title='bbox 649 4245 807 4299; x_wconf 92' lang='lat' dir='ltr'><strong>sunt,</strong></span> <span class='ocrx_word' id='word_1_519' title='bbox 842 4234 934 4302; x_wconf 92' lang='lat' dir='ltr'><strong>qui</strong></span> <span class='ocrx_word' id='word_1_520' title='bbox 976 4235 1029 4286; x_wconf 92' lang='lat' dir='ltr'><strong>in</strong></span> <span class='ocrx_word' id='word_1_521' title='bbox 1064 4236 1273 4287; x_wconf 85' lang='lat' dir='ltr'><strong>beatam</strong></span> <span class='ocrx_word' id='word_1_522' title='bbox 1312 4230 1768 4283; x_wconf 89' lang='lat' dir='ltr'><strong>immortalitatem</strong></span> <span class='ocrx_word' id='word_1_523' title='bbox 1804 4230 2064 4282; x_wconf 83' lang='lat' dir='ltr'><strong>transcri-</strong></span> 
     </span>
    </p>
   </div>
   <div class='ocr_carea' id='block_1_74' title="bbox 487 4329 699 4381">
    <p class='ocr_par' dir='ltr' id='par_1_74' title="bbox 487 4329 699 4381">
     <span class='ocr_line' id='line_1_74' title="bbox 487 4329 699 4381; baseline -0.005 0"><span class='ocrx_word' id='word_1_524' title='bbox 487 4329 699 4381; x_wconf 86' lang='lat' dir='ltr'><strong>bentur.</strong></span> 
     </span>
    </p>
   </div>
   <div class='ocr_carea' id='block_1_75' title="bbox 555 4417 2061 4485">
    <p class='ocr_par' dir='ltr' id='par_1_75' title="bbox 555 4417 2061 4485">
     <span class='ocr_line' id='line_1_75' title="bbox 555 4417 2061 4485; baseline -0.003 -13"><span class='ocrx_word' id='word_1_525' title='bbox 555 4420 685 4472; x_wconf 64' lang='lat'><strong>229.</strong></span> <span class='ocrx_word' id='word_1_526' title='bbox 726 4419 1099 4473; x_wconf 83' lang='lat' dir='ltr'><strong>Antichristus</strong></span> <span class='ocrx_word' id='word_1_527' title='bbox 1149 4433 1277 4471; x_wconf 87' lang='lat' dir='ltr'><strong>vero</strong></span> <span class='ocrx_word' id='word_1_528' title='bbox 1306 4417 1415 4485; x_wconf 89' lang='lat' dir='ltr'><strong>jam</strong></span> <span class='ocrx_word' id='word_1_529' title='bbox 1455 4431 1785 4484; x_wconf 86' lang='lat' dir='ltr'><strong>percussus,</strong></span> <span class='ocrx_word' id='word_1_530' title='bbox 1828 4431 2061 4485; x_wconf 89' lang='lat' dir='ltr'><strong>cumque</strong></span> 
     </span>
    </p>
   </div>
   <div class='ocr_carea' id='block_1_76' title="bbox 2182 3216 3752 3296">
    <p class='ocr_par' dir='ltr' id='par_1_76' title="bbox 2182 3216 3752 3296">
     <span class='ocr_line' id='line_1_76' title="bbox 2182 3216 3752 3296; baseline 0.01 -30"><span class='ocrx_word' id='word_1_531' title='bbox 2182 3232 2254 3277; x_wconf 89' lang='grc' dir='ltr'><strong>σι,</strong></span> <span class='ocrx_word' id='word_1_532' title='bbox 2306 3218 2433 3277; x_wconf 77' lang='grc' dir='ltr'>τοὺς</span> <span class='ocrx_word' id='word_1_533' title='bbox 2478 3216 2535 3269; x_wconf 84' lang='grc' dir='ltr'>δὲ</span> <span class='ocrx_word' id='word_1_534' title='bbox 2583 3217 2911 3281; x_wconf 77' lang='grc' dir='ltr'>ὑπολοίπους</span> <span class='ocrx_word' id='word_1_535' title='bbox 2954 3221 3177 3282; x_wconf 79' lang='grc' dir='ltr'>πιστοὺς</span> <span class='ocrx_word' id='word_1_536' title='bbox 3222 3224 3250 3274; x_wconf 84' lang='grc' dir='ltr'>ὁ</span> <span class='ocrx_word' id='word_1_537' title='bbox 3298 3222 3663 3296; x_wconf 73' lang='grc' dir='ltr'>’Δντίχριστος</span> <span class='ocrx_word' id='word_1_538' title='bbox 3694 3232 3752 3283; x_wconf 81' lang='grc' dir='ltr'><strong>ἑν</strong></span> 
     </span>
    </p>
   </div>
   <div class='ocr_carea' id='block_1_77' title="bbox 2182 3307 3756 3387">
    <p class='ocr_par' dir='ltr' id='par_1_77' title="bbox 2182 3307 3756 3387">
     <span class='ocr_line' id='line_1_77' title="bbox 2182 3307 3756 3387; baseline 0.01 -29"><span class='ocrx_word' id='word_1_539' title='bbox 2182 3307 2369 3377; x_wconf 81' lang='grc' dir='ltr'>Κυρίῳ</span> <span class='ocrx_word' id='word_1_540' title='bbox 2396 3308 2663 3361; x_wconf 79' lang='grc' dir='ltr'>ἀναλώσει</span> <span class='ocrx_word' id='word_1_541' title='bbox 2689 3326 2703 3339; x_wconf 75' lang='grc' dir='ltr'><strong>ο</strong></span> <span class='ocrx_word' id='word_1_542' title='bbox 2729 3310 2842 3362; x_wconf 81' lang='grc' dir='ltr'>ὅσοι</span> <span class='ocrx_word' id='word_1_543' title='bbox 2873 3310 2927 3363; x_wconf 81' lang='grc' dir='ltr'><strong>δὲ</strong></span> <span class='ocrx_word' id='word_1_544' title='bbox 2954 3312 3029 3380; x_wconf 83' lang='grc' dir='ltr'><strong>τῷ</strong></span> <span class='ocrx_word' id='word_1_545' title='bbox 3070 3313 3426 3387; x_wconf 77' lang='grc' dir='ltr'>Ἀντιχρῐστῳ</span> <span class='ocrx_word' id='word_1_546' title='bbox 3454 3321 3756 3374; x_wconf 79' lang='grc' dir='ltr'>πιστεύσω-</span> 
     </span>
    </p>
   </div>
   <div class='ocr_carea' id='block_1_78' title="bbox 2180 3400 3756 3478">
    <p class='ocr_par' dir='ltr' id='par_1_78' title="bbox 2180 3400 3756 3478">
     <span class='ocr_line' id='line_1_78' title="bbox 2180 3400 3756 3478; baseline 0.011 -29"><span class='ocrx_word' id='word_1_547' title='bbox 2180 3415 2285 3460; x_wconf 90' lang='grc' dir='ltr'>σιν,</span> <span class='ocrx_word' id='word_1_548' title='bbox 2321 3400 2607 3452; x_wconf 77' lang='grc' dir='ltr'>ἁποστελεί</span> <span class='ocrx_word' id='word_1_549' title='bbox 2641 3401 2841 3470; x_wconf 83' lang='grc' dir='ltr'>Κύριος</span> <span class='ocrx_word' id='word_1_550' title='bbox 2864 3402 2894 3453; x_wconf 88' lang='grc' dir='ltr'>ὁ</span> <span class='ocrx_word' id='word_1_551' title='bbox 2929 3402 3060 3467; x_wconf 84' lang='grc' dir='ltr'>Θεὸς</span> <span class='ocrx_word' id='word_1_552' title='bbox 3092 3407 3257 3476; x_wconf 80' lang='grc' dir='ltr'>θηρία</span> <span class='ocrx_word' id='word_1_553' title='bbox 3290 3410 3583 3478; x_wconf 82' lang='grc' dir='ltr'>πετόμενα,</span> <span class='ocrx_word' id='word_1_554' title='bbox 3615 3415 3756 3467; x_wconf 77' lang='grc' dir='ltr'>κατὰ</span> 
     </span>
    </p>
   </div>
   <div class='ocr_carea' id='block_1_79' title="bbox 2176 3490 3751 3572">
    <p class='ocr_par' dir='ltr' id='par_1_79' title="bbox 2176 3490 3751 3572">
     <span class='ocr_line' id='line_1_79' title="bbox 2176 3490 3751 3572; baseline 0.011 -32"><span class='ocrx_word' id='word_1_555' title='bbox 2176 3490 2268 3541; x_wconf 76' lang='grc' dir='ltr'><strong>τὸν</strong></span> <span class='ocrx_word' id='word_1_556' title='bbox 2316 3491 2595 3560; x_wconf 76' lang='grc' dir='ltr'>Ἱεζεκιὴλ,</span> <span class='ocrx_word' id='word_1_557' title='bbox 2630 3492 2823 3561; x_wconf 78' lang='grc' dir='ltr'>ἔχοντα</span> <span class='ocrx_word' id='word_1_558' title='bbox 2852 3496 2908 3545; x_wconf 84' lang='grc' dir='ltr'><strong>ὲν</strong></span> <span class='ocrx_word' id='word_1_559' title='bbox 2937 3499 3057 3558; x_wconf 74' lang='grc' dir='ltr'>ταῖς</span> <span class='ocrx_word' id='word_1_560' title='bbox 3088 3498 3275 3567; x_wconf 80' lang='grc' dir='ltr'>οὐραῖς</span> <span class='ocrx_word' id='word_1_561' title='bbox 3308 3502 3487 3553; x_wconf 71' lang='grc' dir='ltr'>αὐτῶν</span> <span class='ocrx_word' id='word_1_562' title='bbox 3533 3504 3751 3572; x_wconf 75' lang='grc' dir='ltr'>βούκενο</span> 
     </span>
    </p>
   </div>
   <div class='ocr_carea' id='block_1_80' title="bbox 2178 3583 3754 3665">
    <p class='ocr_par' dir='ltr' id='par_1_80' title="bbox 2178 3583 3754 3665">
     <span class='ocr_line' id='line_1_80' title="bbox 2178 3583 3754 3665; baseline 0.01 -33"><span class='ocrx_word' id='word_1_563' title='bbox 2178 3599 2283 3651; x_wconf 87' lang='grc' dir='ltr'><strong>τρα</strong></span> <span class='ocrx_word' id='word_1_564' title='bbox 2320 3583 2400 3633; x_wconf 85' lang='grc' dir='ltr'>ἰοῦ</span> <span class='ocrx_word' id='word_1_565' title='bbox 2437 3584 2867 3653; x_wconf 81' lang='grc' dir='ltr'>μεμεστωμένα·</span> <span class='ocrx_word' id='word_1_566' title='bbox 2905 3588 2998 3639; x_wconf 77' lang='grc' dir='ltr'><strong>καὶ</strong></span> <span class='ocrx_word' id='word_1_567' title='bbox 3044 3589 3158 3641; x_wconf 82' lang='grc' dir='ltr'>ὅσοι</span> <span class='ocrx_word' id='word_1_568' title='bbox 3200 3592 3297 3661; x_wconf 74' lang='grc' dir='ltr'>οὐχ</span> <span class='ocrx_word' id='word_1_569' title='bbox 3345 3593 3523 3655; x_wconf 75' lang='grc' dir='ltr'>ἕξουσι</span> <span class='ocrx_word' id='word_1_570' title='bbox 3553 3595 3610 3646; x_wconf 87' lang='grc' dir='ltr'>τὸ</span> <span class='ocrx_word' id='word_1_571' title='bbox 3657 3614 3754 3665; x_wconf 82' lang='grc' dir='ltr'><strong>ση-</strong></span> 
     </span>
    </p>
   </div>
   <div class='ocr_carea' id='block_1_81' title="bbox 2180 3674 3754 3756">
    <p class='ocr_par' dir='ltr' id='par_1_81' title="bbox 2180 3674 3754 3756">
     <span class='ocr_line' id='line_1_81' title="bbox 2180 3674 3754 3756; baseline 0.011 -33"><span class='ocrx_word' id='word_1_572' title='bbox 2180 3676 2329 3741; x_wconf 89' lang='grc' dir='ltr'>μεῖον</span> <span class='ocrx_word' id='word_1_573' title='bbox 2365 3674 2463 3743; x_wconf 67' lang='grc' dir='ltr'>τῆς</span> <span class='ocrx_word' id='word_1_574' title='bbox 2489 3677 2750 3745; x_wconf 53' lang='grc' dir='ltr'>γρασίδος</span> <span class='ocrx_word' id='word_1_575' title='bbox 2789 3679 2882 3730; x_wconf 86' lang='grc' dir='ltr'><strong>τοῦ</strong></span> <span class='ocrx_word' id='word_1_576' title='bbox 2925 3680 3160 3747; x_wconf 81' lang='grc' dir='ltr'>Χριστοῦ</span> <span class='ocrx_word' id='word_1_577' title='bbox 3195 3685 3330 3735; x_wconf 76' lang='grc' dir='ltr'>σῶον</span> <span class='ocrx_word' id='word_1_578' title='bbox 3366 3686 3457 3737; x_wconf 80' lang='grc' dir='ltr'>καὶ</span> <span class='ocrx_word' id='word_1_579' title='bbox 3500 3688 3754 3756; x_wconf 76' lang='grc' dir='ltr'>ἀκέραιον</span> 
     </span>
    </p>
   </div>
   <div class='ocr_carea' id='block_1_82' title="bbox 2175 3768 3754 3851">
    <p class='ocr_par' dir='ltr' id='par_1_82' title="bbox 2175 3768 3754 3851">
     <span class='ocr_line' id='line_1_82' title="bbox 2175 3768 3754 3851; baseline 0.011 -33"><span class='ocrx_word' id='word_1_580' title='bbox 2175 3768 2233 3818; x_wconf 82' lang='grc' dir='ltr'><strong>ἐν</strong></span> <span class='ocrx_word' id='word_1_581' title='bbox 2265 3768 2373 3829; x_wconf 70' lang='grc' dir='ltr'>τοῖς</span> <span class='ocrx_word' id='word_1_582' title='bbox 2411 3768 2681 3837; x_wconf 78' lang='grc' dir='ltr'>μετώποις</span> <span class='ocrx_word' id='word_1_583' title='bbox 2715 3770 2911 3835; x_wconf 74' lang='grc' dir='ltr'>αὐτῶν,</span> <span class='ocrx_word' id='word_1_584' title='bbox 2946 3773 3048 3823; x_wconf 78' lang='grc' dir='ltr'><strong>ὑπὸ</strong></span> <span class='ocrx_word' id='word_1_585' title='bbox 3084 3776 3189 3827; x_wconf 82' lang='grc' dir='ltr'>τῶν</span> <span class='ocrx_word' id='word_1_586' title='bbox 3222 3776 3428 3846; x_wconf 67' lang='grc' dir='ltr'>θηρίων</span> <span class='ocrx_word' id='word_1_587' title='bbox 3458 3782 3754 3851; x_wconf 60' lang='grc' dir='ltr'>κεντούμεε</span> 
     </span>
    </p>
   </div>
   <div class='ocr_carea' id='block_1_83' title="bbox 2175 3858 3745 3941">
    <p class='ocr_par' dir='ltr' id='par_1_83' title="bbox 2175 3858 3745 3941">
     <span class='ocr_line' id='line_1_83' title="bbox 2175 3858 3745 3941; baseline 0.01 -33"><span class='ocrx_word' id='word_1_588' title='bbox 2175 3874 2255 3908; x_wconf 81' lang='grc' dir='ltr'><strong>νοι</strong></span> <span class='ocrx_word' id='word_1_589' title='bbox 2286 3858 2381 3909; x_wconf 71' lang='grc' dir='ltr'><strong>καὶ</strong></span> <span class='ocrx_word' id='word_1_590' title='bbox 2416 3858 2478 3926; x_wconf 81' lang='grc' dir='ltr'><strong>ἰῷ</strong></span> <span class='ocrx_word' id='word_1_591' title='bbox 2508 3860 2986 3928; x_wconf 83' lang='grc' dir='ltr'>χαλεπαινόμενοι,</span> <span class='ocrx_word' id='word_1_592' title='bbox 3023 3862 3235 3933; x_wconf 78' lang='grc' dir='ltr'>θανάτῳ</span> <span class='ocrx_word' id='word_1_593' title='bbox 3280 3868 3461 3938; x_wconf 84' lang='grc' dir='ltr'>πικρῷ</span> <span class='ocrx_word' id='word_1_594' title='bbox 3490 3871 3745 3941; x_wconf 72' lang='grc' dir='ltr'>τελευτῄο</span> 
     </span>
    </p>
   </div>
   <div class='ocr_carea' id='block_1_84' title="bbox 2178 3954 3747 4033">
    <p class='ocr_par' dir='ltr' id='par_1_84' title="bbox 2178 3954 3747 4033">
     <span class='ocr_line' id='line_1_84' title="bbox 2178 3954 3747 4033; baseline 0.011 -33"><span class='ocrx_word' id='word_1_595' title='bbox 2178 3966 2386 4006; x_wconf 84' lang='grc' dir='ltr'>σουσιν.</span> <span class='ocrx_word' id='word_1_596' title='bbox 2420 3954 2554 4005; x_wconf 76' lang='grc' dir='ltr'>Τότε</span> <span class='ocrx_word' id='word_1_597' title='bbox 2609 3954 2663 4005; x_wconf 85' lang='grc' dir='ltr'><strong>εῐ</strong></span> <span class='ocrx_word' id='word_1_598' title='bbox 2709 3972 2793 4018; x_wconf 86' lang='grc' dir='ltr'><strong>τις</strong></span> <span class='ocrx_word' id='word_1_599' title='bbox 2841 3958 2950 4010; x_wconf 83' lang='grc' dir='ltr'><strong>τῶν</strong></span> <span class='ocrx_word' id='word_1_600' title='bbox 3008 3958 3179 4027; x_wconf 84' lang='grc' dir='ltr'>ἁγίων</span> <span class='ocrx_word' id='word_1_601' title='bbox 3229 3962 3404 4014; x_wconf 82' lang='grc' dir='ltr'>λαθὼν</span> <span class='ocrx_word' id='word_1_602' title='bbox 3453 3966 3527 4033; x_wconf 79' lang='grc' dir='ltr'>τῷ</span> <span class='ocrx_word' id='word_1_603' title='bbox 3577 3968 3747 4018; x_wconf 74' lang='grc' dir='ltr'>Ἀντι-</span> 
     </span>
    </p>
   </div>
   <div class='ocr_carea' id='block_1_85' title="bbox 2174 4043 3750 4119">
    <p class='ocr_par' dir='ltr' id='par_1_85' title="bbox 2174 4043 3750 4119">
     <span class='ocr_line' id='line_1_85' title="bbox 2174 4043 3750 4119; baseline 0.012 -28"><span class='ocrx_word' id='word_1_604' title='bbox 2174 4043 2404 4112; x_wconf 71' lang='grc' dir='ltr'>χρίστιρ,</span> <span class='ocrx_word' id='word_1_605' title='bbox 2449 4045 2807 4115; x_wconf 81' lang='grc' dir='ltr'>εὑρεθήσεται</span> <span class='ocrx_word' id='word_1_606' title='bbox 2857 4050 2914 4100; x_wconf 85' lang='grc' dir='ltr'>ὲν</span> <span class='ocrx_word' id='word_1_607' title='bbox 2969 4052 3267 4119; x_wconf 78' lang='grc' dir='ltr'>ἐρημίαιςο</span> <span class='ocrx_word' id='word_1_608' title='bbox 3303 4058 3393 4105; x_wconf 69' lang='grc' dir='ltr'><strong>καὶ</strong></span> <span class='ocrx_word' id='word_1_609' title='bbox 3446 4054 3692 4119; x_wconf 77' lang='grc' dir='ltr'>ἅπαντας</span> <span class='ocrx_word' id='word_1_610' title='bbox 3722 4062 3750 4109; x_wconf 78' lang='grc' dir='ltr'>ὁ</span> 
     </span>
    </p>
   </div>
   <div class='ocr_carea' id='block_1_86' title="bbox 2174 4134 3747 4218">
    <p class='ocr_par' dir='ltr' id='par_1_86' title="bbox 2174 4134 3747 4218">
     <span class='ocr_line' id='line_1_86' title="bbox 2174 4134 3747 4218; baseline 0.009 -33"><span class='ocrx_word' id='word_1_611' title='bbox 2174 4134 2381 4202; x_wconf 75' lang='grc' dir='ltr'>Κύριος</span> <span class='ocrx_word' id='word_1_612' title='bbox 2414 4137 2689 4205; x_wconf 80' lang='grc' dir='ltr'>πνεύματι</span> <span class='ocrx_word' id='word_1_613' title='bbox 2717 4138 2994 4209; x_wconf 82' lang='grc' dir='ltr'>δυνάμεως</span> <span class='ocrx_word' id='word_1_614' title='bbox 3024 4143 3186 4194; x_wconf 73' lang='grc' dir='ltr'>αὑτοῦ</span> <span class='ocrx_word' id='word_1_615' title='bbox 3232 4146 3287 4195; x_wconf 82' lang='grc' dir='ltr'>ἐν</span> <span class='ocrx_word' id='word_1_616' title='bbox 3310 4150 3374 4216; x_wconf 83' lang='grc' dir='ltr'><strong>τῇ</strong></span> <span class='ocrx_word' id='word_1_617' title='bbox 3414 4147 3541 4218; x_wconf 77' lang='grc' dir='ltr'>ἁγία</span> <span class='ocrx_word' id='word_1_618' title='bbox 3594 4148 3747 4199; x_wconf 80' lang='grc' dir='ltr'>πόλει</span> 
     </span>
    </p>
   </div>
   <div class='ocr_carea' id='block_1_87' title="bbox 2173 4225 3744 4306">
    <p class='ocr_par' dir='ltr' id='par_1_87' title="bbox 2173 4225 3744 4306">
     <span class='ocr_line' id='line_1_87' title="bbox 2173 4225 3744 4306; baseline 0.011 -32"><span class='ocrx_word' id='word_1_619' title='bbox 2173 4225 2309 4277; x_wconf 76' lang='grc' dir='ltr'>Σιὼν</span> <span class='ocrx_word' id='word_1_620' title='bbox 2343 4226 2585 4297; x_wconf 74' lang='grc' dir='ltr'>ἀθροίσει</span> <span class='ocrx_word' id='word_1_621' title='bbox 2608 4244 2621 4259; x_wconf 83' lang='grc'><strong><em>⁸</em></strong></span> <span class='ocrx_word' id='word_1_622' title='bbox 2655 4226 2798 4283; x_wconf 80' lang='grc' dir='ltr'>οῦτοί</span> <span class='ocrx_word' id='word_1_623' title='bbox 2850 4234 2987 4283; x_wconf 78' lang='grc' dir='ltr'>εἰσιν</span> <span class='ocrx_word' id='word_1_624' title='bbox 3017 4233 3065 4283; x_wconf 88' lang='grc' dir='ltr'>οἱ</span> <span class='ocrx_word' id='word_1_625' title='bbox 3111 4237 3415 4303; x_wconf 64' lang='grc' dir='ltr'>γραφέντες</span> <span class='ocrx_word' id='word_1_626' title='bbox 3462 4241 3539 4300; x_wconf 81' lang='grc' dir='ltr'><strong>είς</strong></span> <span class='ocrx_word' id='word_1_627' title='bbox 3574 4238 3744 4306; x_wconf 72' lang='grc' dir='ltr'><strong>ζωήν.</strong></span> 
     </span>
    </p>
   </div>
   <div class='ocr_carea' id='block_1_88' title="bbox 2243 4413 3748 4493">
    <p class='ocr_par' dir='ltr' id='par_1_88' title="bbox 2243 4413 3748 4493">
     <span class='ocr_line' id='line_1_88' title="bbox 2243 4413 3748 4493; baseline 0.011 -30"><span class='ocrx_word' id='word_1_628' title='bbox 2243 4413 2382 4467; x_wconf 81' lang='grc' dir='ltr'>σκθ’.</span> <span class='ocrx_word' id='word_1_629' title='bbox 2416 4414 2521 4466; x_wconf 81' lang='grc' dir='ltr'>Τοῦ</span> <span class='ocrx_word' id='word_1_630' title='bbox 2550 4415 2921 4485; x_wconf 83' lang='grc' dir='ltr'>Ἀντιχρίστου</span> <span class='ocrx_word' id='word_1_631' title='bbox 2963 4421 3017 4471; x_wconf 81' lang='grc' dir='ltr'>δὲ</span> <span class='ocrx_word' id='word_1_632' title='bbox 3066 4421 3162 4490; x_wconf 74' lang='grc' dir='ltr'><strong>ἤδη</strong></span> <span class='ocrx_word' id='word_1_633' title='bbox 3218 4423 3602 4493; x_wconf 74' lang='grc' dir='ltr'>παταχθέντος,</span> <span class='ocrx_word' id='word_1_634' title='bbox 3650 4429 3748 4481; x_wconf 72' lang='grc' dir='ltr'>καὶ</span> 
     </span>
    </p>
   </div>
   <div class='ocr_carea' id='block_1_89' title="bbox 486 4491 2067 4579">
    <p class='ocr_par' dir='ltr' id='par_1_89' title="bbox 486 4508 2067 4579">
     <span class='ocr_line' id='line_1_89' title="bbox 486 4508 2067 4579; baseline -0.001 -16"><span class='ocrx_word' id='word_1_635' title='bbox 486 4513 771 4565; x_wconf 70' lang='grc' dir='ltr'>ιιςυιιιοιιὶἱε</span> <span class='ocrx_word' id='word_1_636' title='bbox 802 4512 917 4564; x_wconf 84' lang='lat' dir='ltr'><strong>suis</strong></span> <span class='ocrx_word' id='word_1_637' title='bbox 945 4511 1377 4579; x_wconf 73' lang='lat' dir='ltr'><strong>eonipreltensus</strong></span> <span class='ocrx_word' id='word_1_638' title='bbox 1401 4548 1414 4568; x_wconf 92' lang='lat'><strong>,</strong></span> <span class='ocrx_word' id='word_1_639' title='bbox 1461 4518 1513 4560; x_wconf 85' lang='lat' dir='ltr'><strong>et</strong></span> <span class='ocrx_word' id='word_1_640' title='bbox 1543 4509 1611 4560; x_wconf 90' lang='lat' dir='ltr'><strong>ab</strong></span> <span class='ocrx_word' id='word_1_641' title='bbox 1645 4508 1830 4574; x_wconf 77' lang='lat' dir='ltr'><strong>ignitis</strong></span> <span class='ocrx_word' id='word_1_642' title='bbox 1862 4510 2067 4578; x_wconf 82' lang='lat' dir='ltr'><strong>angelis</strong></span> 
     </span>
    </p>
   </div>
   <div class='ocr_carea' id='block_1_90' title="bbox 2175 4491 3746 4579">
    <p class='ocr_par' dir='ltr' id='par_1_90' title="bbox 2178 4504 3746 4579">
     <span class='ocr_line' id='line_1_90' title="bbox 2178 4504 3746 4579; baseline 0.01 -24"><span class='ocrx_word' id='word_1_643' title='bbox 2178 4504 2273 4555; x_wconf 78' lang='grc' dir='ltr'><strong>σῦν</strong></span> <span class='ocrx_word' id='word_1_644' title='bbox 2301 4507 2411 4566; x_wconf 83' lang='grc' dir='ltr'>τοῖς</span> <span class='ocrx_word' id='word_1_645' title='bbox 2444 4506 2695 4573; x_wconf 77' lang='grc' dir='ltr'>δαίμοσιν</span> <span class='ocrx_word' id='word_1_646' title='bbox 2728 4509 2892 4561; x_wconf 77' lang='grc' dir='ltr'>αὑτοῦ</span> <span class='ocrx_word' id='word_1_647' title='bbox 2928 4512 3339 4579; x_wconf 63' lang='grc' dir='ltr'>συλληφθέντος,</span> <span class='ocrx_word' id='word_1_648' title='bbox 3380 4516 3471 4567; x_wconf 69' lang='lat' dir='ltr'><strong>xa‘t</strong></span> <span class='ocrx_word' id='word_1_649' title='bbox 3507 4517 3608 4568; x_wconf 72' lang='grc' dir='ltr'><strong>ὑπὸ</strong></span> <span class='ocrx_word' id='word_1_650' title='bbox 3639 4535 3746 4570; x_wconf 78' lang='grc' dir='ltr'>τιυ-</span> 
     </span>
    </p>
   </div>
   <div class='ocr_carea' id='block_1_91' title="bbox 490 4594 2068 4667">
    <p class='ocr_par' dir='ltr' id='par_1_91' title="bbox 490 4594 2068 4667">
     <span class='ocr_line' id='line_1_91' title="bbox 490 4594 2068 4667; baseline -0.001 -14"><span class='ocrx_word' id='word_1_651' title='bbox 490 4606 543 4654; x_wconf 91' lang='lat' dir='ltr'><strong>in</strong></span> <span class='ocrx_word' id='word_1_652' title='bbox 589 4601 804 4653; x_wconf 85' lang='lat' dir='ltr'><strong>vincula</strong></span> <span class='ocrx_word' id='word_1_653' title='bbox 839 4599 1252 4667; x_wconf 87' lang='lat' dir='ltr'><strong>custodiamque</strong></span> <span class='ocrx_word' id='word_1_654' title='bbox 1292 4609 1514 4665; x_wconf 86' lang='lat' dir='ltr'><strong>raptus,</strong></span> <span class='ocrx_word' id='word_1_655' title='bbox 1555 4602 1619 4648; x_wconf 79' lang='lat' dir='ltr'><strong>ad</strong></span> <span class='ocrx_word' id='word_1_656' title='bbox 1653 4594 1861 4650; x_wconf 74' lang='lat' dir='ltr'><strong>JUtiitiS</strong></span> <span class='ocrx_word' id='word_1_657' title='bbox 1902 4599 2068 4651; x_wconf 74' lang='lat' dir='ltr'><strong>divini</strong></span> 
     </span>
    </p>
   </div>
   <div class='ocr_carea' id='block_1_92' title="bbox 487 4689 2067 4758">
    <p class='ocr_par' dir='ltr' id='par_1_92' title="bbox 487 4689 2067 4758">
     <span class='ocr_line' id='line_1_92' title="bbox 487 4689 2067 4758; baseline -0.002 -14"><span class='ocrx_word' id='word_1_658' title='bbox 487 4691 727 4744; x_wconf 86' lang='lat' dir='ltr'><strong>tribunal</strong></span> <span class='ocrx_word' id='word_1_659' title='bbox 760 4691 1129 4758; x_wconf 86' lang='lat' dir='ltr'><strong>protrahetur,</strong></span> <span class='ocrx_word' id='word_1_660' title='bbox 1160 4699 1213 4742; x_wconf 83' lang='lat' dir='ltr'><strong>et</strong></span> <span class='ocrx_word' id='word_1_661' title='bbox 1259 4689 1592 4750; x_wconf 86' lang='lat' dir='ltr'><strong>animarum,</strong></span> <span class='ocrx_word' id='word_1_662' title='bbox 1626 4703 1764 4755; x_wconf 84' lang='lat' dir='ltr'><strong>quas</strong></span> <span class='ocrx_word' id='word_1_663' title='bbox 1800 4690 1849 4739; x_wconf 91' lang='lat' dir='ltr'><strong>in</strong></span> <span class='ocrx_word' id='word_1_664' title='bbox 1883 4690 2067 4755; x_wconf 86' lang='lat' dir='ltr'><strong>perni-</strong></span> 
     </span>
    </p>
   </div>
   <div class='ocr_carea' id='block_1_93' title="bbox 485 4776 2065 4851">
    <p class='ocr_par' dir='ltr' id='par_1_93' title="bbox 485 4776 2065 4851">
     <span class='ocr_line' id='line_1_93' title="bbox 485 4776 2065 4851; baseline -0.003 -15"><span class='ocrx_word' id='word_1_665' title='bbox 485 4783 623 4837; x_wconf 89' lang='lat' dir='ltr'><strong>ciem</strong></span> <span class='ocrx_word' id='word_1_666' title='bbox 657 4783 909 4851; x_wconf 90' lang='lat' dir='ltr'><strong>impulit,</strong></span> <span class='ocrx_word' id='word_1_667' title='bbox 946 4780 1209 4833; x_wconf 86' lang='lat' dir='ltr'><strong>rationem</strong></span> <span class='ocrx_word' id='word_1_668' title='bbox 1236 4779 1625 4848; x_wconf 87' lang='lat' dir='ltr'><strong>postulabitur.</strong></span> <span class='ocrx_word' id='word_1_669' title='bbox 1657 4776 1810 4831; x_wconf 87' lang='lat' dir='ltr'><strong>Tunc</strong></span> <span class='ocrx_word' id='word_1_670' title='bbox 1854 4789 1907 4832; x_wconf 89' lang='lat' dir='ltr'><strong>et</strong></span> <span class='ocrx_word' id='word_1_671' title='bbox 1936 4781 2065 4832; x_wconf 87' lang='lat' dir='ltr'><strong>tuba</strong></span> 
     </span>
    </p>
   </div>
   <div class='ocr_carea' id='block_1_94' title="bbox 485 4870 2065 4945">
    <p class='ocr_par' dir='ltr' id='par_1_94' title="bbox 485 4870 2065 4945">
     <span class='ocr_line' id='line_1_94' title="bbox 485 4870 2065 4945; baseline -0.003 -15"><span class='ocrx_word' id='word_1_672' title='bbox 485 4878 732 4945; x_wconf 73' lang='lat' dir='ltr'><strong>clanget,</strong></span> <span class='ocrx_word' id='word_1_673' title='bbox 769 4884 822 4927; x_wconf 89' lang='lat' dir='ltr'><strong>et</strong></span> <span class='ocrx_word' id='word_1_674' title='bbox 873 4872 1076 4926; x_wconf 87' lang='lat' dir='ltr'><strong>tnortui</strong></span> <span class='ocrx_word' id='word_1_675' title='bbox 1125 4883 1407 4941; x_wconf 77' lang='lat' dir='ltr'><strong>resurgent</strong></span> <span class='ocrx_word' id='word_1_676' title='bbox 1459 4874 1759 4940; x_wconf 89' lang='lat' dir='ltr'><strong>incorrupti</strong></span> <span class='ocrx_word' id='word_1_677' title='bbox 1805 4888 1818 4924; x_wconf 90' lang='lat'><strong>:</strong></span> <span class='ocrx_word' id='word_1_678' title='bbox 1874 4870 2065 4925; x_wconf 78' lang='lat' dir='ltr'><strong>deinde</strong></span> 
     </span>
    </p>
   </div>
   <div class='ocr_carea' id='block_1_95' title="bbox 487 4963 2060 5037">
    <p class='ocr_par' dir='ltr' id='par_1_95' title="bbox 487 4963 2060 5037">
     <span class='ocr_line' id='line_1_95' title="bbox 487 4963 2060 5037; baseline -0.004 -13"><span class='ocrx_word' id='word_1_679' title='bbox 487 4968 603 5034; x_wconf 90' lang='lat' dir='ltr'><strong>illi,</strong></span> <span class='ocrx_word' id='word_1_680' title='bbox 640 4968 730 5037; x_wconf 86' lang='lat' dir='ltr'><strong>qui</strong></span> <span class='ocrx_word' id='word_1_681' title='bbox 770 4968 995 5029; x_wconf 91' lang='lat' dir='ltr'><strong>vivunt,</strong></span> <span class='ocrx_word' id='word_1_682' title='bbox 1050 4976 1106 5019; x_wconf 91' lang='lat' dir='ltr'><strong>ut</strong></span> <span class='ocrx_word' id='word_1_683' title='bbox 1138 4966 1380 5033; x_wconf 90' lang='lat' dir='ltr'><strong>loquitur</strong></span> <span class='ocrx_word' id='word_1_684' title='bbox 1434 4963 1492 5018; x_wconf 92' lang='lat' dir='ltr'><strong>D.</strong></span> <span class='ocrx_word' id='word_1_685' title='bbox 1526 4963 1725 5017; x_wconf 84' lang='lat' dir='ltr'><strong>Paulus</strong></span> <span class='ocrx_word' id='word_1_686' title='bbox 1747 4963 1791 4993; x_wconf 84' lang='grc'><strong>⁸⁷</strong></span> <span class='ocrx_word' id='word_1_687' title='bbox 1814 5006 1827 5028; x_wconf 94' lang='grc'><strong>,</strong></span> <span class='ocrx_word' id='word_1_688' title='bbox 1858 4964 2060 5032; x_wconf 85' lang='lat' dir='ltr'><strong>quique</strong></span> 
     </span>
    </p>
   </div>
   <div class='ocr_carea' id='block_1_96' title="bbox 488 5056 2058 5121">
    <p class='ocr_par' dir='ltr' id='par_1_96' title="bbox 488 5056 2058 5121">
     <span class='ocr_line' id='line_1_96' title="bbox 488 5056 2058 5121; baseline -0.004 -5"><span class='ocrx_word' id='word_1_689' title='bbox 488 5064 541 5117; x_wconf 64' lang='lat' dir='ltr'><strong>in</strong></span> <span class='ocrx_word' id='word_1_690' title='bbox 578 5062 867 5114; x_wconf 84' lang='lat' dir='ltr'><strong>adventum</strong></span> <span class='ocrx_word' id='word_1_691' title='bbox 901 5058 1109 5112; x_wconf 88' lang='lat' dir='ltr'><strong>Domini</strong></span> <span class='ocrx_word' id='word_1_692' title='bbox 1159 5058 1331 5111; x_wconf 88' lang='lat' dir='ltr'><strong>relicti</strong></span> <span class='ocrx_word' id='word_1_693' title='bbox 1379 5067 1545 5121; x_wconf 88' lang='lat' dir='ltr'><strong>sunt,</strong></span> <span class='ocrx_word' id='word_1_694' title='bbox 1574 5056 1649 5109; x_wconf 63' lang='lat' dir='ltr'><strong>4n</strong></span> <span class='ocrx_word' id='word_1_695' title='bbox 1705 5058 1813 5109; x_wconf 85' lang='lat' dir='ltr'><strong>ictu</strong></span> <span class='ocrx_word' id='word_1_696' title='bbox 1845 5057 1985 5109; x_wconf 86' lang='lat' dir='ltr'><strong>oculi</strong></span> <span class='ocrx_word' id='word_1_697' title='bbox 2029 5072 2058 5109; x_wconf 78' lang='grc' dir='ltr'><strong>ιι</strong></span> 
     </span>
    </p>
   </div>
   <div class='ocr_carea' id='block_1_97' title="bbox 484 5148 2057 5223">
    <p class='ocr_par' dir='ltr' id='par_1_97' title="bbox 484 5148 2057 5223">
     <span class='ocr_line' id='line_1_97' title="bbox 484 5148 2057 5223; baseline -0.004 -15"><span class='ocrx_word' id='word_1_698' title='bbox 484 5153 838 5223; x_wconf 87' lang='lat' dir='ltr'><strong>corruptione</strong></span> <span class='ocrx_word' id='word_1_699' title='bbox 866 5153 919 5205; x_wconf 90' lang='lat' dir='ltr'><strong>in</strong></span> <span class='ocrx_word' id='word_1_700' title='bbox 942 5152 1405 5221; x_wconf 88' lang='lat' dir='ltr'><strong>incorruptionem</strong></span> <span class='ocrx_word' id='word_1_701' title='bbox 1428 5151 1643 5213; x_wconf 84' lang='lat' dir='ltr'><strong>mutati,</strong></span> <span class='ocrx_word' id='word_1_702' title='bbox 1663 5148 1823 5202; x_wconf 79' lang='lat' dir='ltr'><strong>simul</strong></span> <span class='ocrx_word' id='word_1_703' title='bbox 1843 5149 2057 5217; x_wconf 82' lang='lat' dir='ltr'><strong>rapien-</strong></span> 
     </span>
    </p>
   </div>
   <div class='ocr_carea' id='block_1_98' title="bbox 554 5323 1070 5389">
    <p class='ocr_par' dir='ltr' id='par_1_98' title="bbox 554 5323 1070 5389">
     <span class='ocr_line' id='line_1_98' title="bbox 554 5323 1070 5389; baseline -0.01 -6"><span class='ocrx_word' id='word_1_704' title='bbox 554 5329 598 5360; x_wconf 87' lang='grc'><strong>⁸⁷</strong></span> <span class='ocrx_word' id='word_1_705' title='bbox 644 5330 658 5383; x_wconf 95' lang='lat' dir='ltr'><strong>I</strong></span> <span class='ocrx_word' id='word_1_706' title='bbox 691 5326 817 5383; x_wconf 85' lang='lat' dir='ltr'><strong>Cor.</strong></span> <span class='ocrx_word' id='word_1_707' title='bbox 857 5340 950 5389; x_wconf 71' lang='lat' dir='ltr'><strong>xv,</strong></span> <span class='ocrx_word' id='word_1_708' title='bbox 980 5323 1070 5378; x_wconf 68' lang='lat'><strong>52.</strong></span> 
     </span>
    </p>
   </div>
   <div class='ocr_carea' id='block_1_99' title="bbox 559 5499 2056 5573">
    <p class='ocr_par' dir='ltr' id='par_1_99' title="bbox 559 5499 2056 5573">
     <span class='ocr_line' id='line_1_99' title="bbox 559 5499 2056 5573; baseline -0.005 -14"><span class='ocrx_word' id='word_1_709' title='bbox 559 5504 673 5573; x_wconf 59' lang='lat'><strong>(4‘2)</strong></span> <span class='ocrx_word' id='word_1_710' title='bbox 710 5503 824 5558; x_wconf 80' lang='lat' dir='ltr'><strong>Hoc</strong></span> <span class='ocrx_word' id='word_1_711' title='bbox 854 5505 898 5558; x_wconf 87' lang='lat' dir='ltr'><strong>si</strong></span> <span class='ocrx_word' id='word_1_712' title='bbox 938 5505 1068 5567; x_wconf 84' lang='lat' dir='ltr'><strong>iiat,</strong></span> <span class='ocrx_word' id='word_1_713' title='bbox 1139 5501 1425 5570; x_wconf 85' lang='lat' dir='ltr'><strong>mplebitur</strong></span> <span class='ocrx_word' id='word_1_714' title='bbox 1456 5499 1521 5573; x_wconf 86' lang='lat' dir='ltr'><strong>a_d</strong></span> <span class='ocrx_word' id='word_1_715' title='bbox 1564 5499 1798 5573; x_wconf 89' lang='lat' dir='ltr'><strong>litteram</strong></span> <span class='ocrx_word' id='word_1_716' title='bbox 1821 5542 1837 5565; x_wconf 93' lang='lat'><strong>,</strong></span> <span class='ocrx_word' id='word_1_717' title='bbox 1887 5501 2056 5570; x_wconf 85' lang='lat' dir='ltr'><strong>quod,</strong></span> 
     </span>
    </p>
   </div>
   <div class='ocr_carea' id='block_1_100' title="bbox 488 5568 2058 5638">
    <p class='ocr_par' dir='ltr' id='par_1_100' title="bbox 488 5568 2058 5638">
     <span class='ocr_line' id='line_1_100' title="bbox 488 5568 2058 5638; baseline -0.001 -13"><span class='ocrx_word' id='word_1_718' title='bbox 488 5568 595 5625; x_wconf 85' lang='lat' dir='ltr'><strong>non</strong></span> <span class='ocrx_word' id='word_1_719' title='bbox 634 5568 808 5627; x_wconf 78' lang='lat' dir='ltr'><strong>solum</strong></span> <span class='ocrx_word' id='word_1_720' title='bbox 853 5573 1057 5627; x_wconf 71' lang='lat' dir='ltr'><strong>Iacobo</strong></span> <span class='ocrx_word' id='word_1_721' title='bbox 1080 5612 1096 5638; x_wconf 91' lang='lat'><strong>,</strong></span> <span class='ocrx_word' id='word_1_722' title='bbox 1133 5568 1225 5626; x_wconf 82' lang='lat' dir='ltr'><strong>sed</strong></span> <span class='ocrx_word' id='word_1_723' title='bbox 1254 5573 1417 5625; x_wconf 78' lang='lat' dir='ltr'><strong>etiam</strong></span> <span class='ocrx_word' id='word_1_724' title='bbox 1466 5568 1662 5623; x_wconf 76' lang='lat' dir='ltr'><strong>Joanni</strong></span> <span class='ocrx_word' id='word_1_725' title='bbox 1695 5568 2058 5625; x_wconf 79' lang='lat' dir='ltr'><strong>communiter</strong></span> 
     </span>
    </p>
   </div>
   <div class='ocr_carea' id='block_1_101' title="bbox 488 5642 2057 5710">
    <p class='ocr_par' dir='ltr' id='par_1_101' title="bbox 488 5642 2057 5710">
     <span class='ocr_line' id='line_1_101' title="bbox 488 5642 2057 5710; baseline -0.001 -15"><span class='ocrx_word' id='word_1_726' title='bbox 488 5644 734 5709; x_wconf 68' lang='lat' dir='ltr'><strong>praedixit</strong></span> <span class='ocrx_word' id='word_1_727' title='bbox 776 5644 1027 5697; x_wconf 82' lang='lat' dir='ltr'><strong>Christus</strong></span> <span class='ocrx_word' id='word_1_728' title='bbox 1053 5683 1068 5706; x_wconf 91' lang='lat'><strong>,</strong></span> <span class='ocrx_word' id='word_1_729' title='bbox 1112 5644 1337 5697; x_wconf 84' lang='lat' dir='ltr'><strong>calieetn</strong></span> <span class='ocrx_word' id='word_1_730' title='bbox 1381 5642 1500 5710; x_wconf 82' lang='lat' dir='ltr'><strong>ejus</strong></span> <span class='ocrx_word' id='word_1_731' title='bbox 1552 5642 1847 5709; x_wconf 75' lang='lat' dir='ltr'><strong>hihituros,</strong></span> <span class='ocrx_word' id='word_1_732' title='bbox 1890 5643 1937 5693; x_wconf 91' lang='lat' dir='ltr'><strong>id</strong></span> <span class='ocrx_word' id='word_1_733' title='bbox 1975 5652 2057 5693; x_wconf 86' lang='lat' dir='ltr'><strong>est</strong></span> 
     </span>
    </p>
   </div>
   <div class='ocr_carea' id='block_1_102' title="bbox 490 5711 2056 5780">
    <p class='ocr_par' dir='ltr' id='par_1_102' title="bbox 490 5711 2056 5780">
     <span class='ocr_line' id='line_1_102' title="bbox 490 5711 2056 5780; baseline 0 -17"><span class='ocrx_word' id='word_1_734' title='bbox 490 5715 804 5777; x_wconf 84' lang='lat' dir='ltr'><strong>martyrium</strong></span> <span class='ocrx_word' id='word_1_735' title='bbox 839 5729 1118 5776; x_wconf 85' lang='lat' dir='ltr'><strong>passuros.</strong></span> <span class='ocrx_word' id='word_1_736' title='bbox 1145 5715 1276 5766; x_wconf 77' lang='lat' dir='ltr'><strong>Nam</strong></span> <span class='ocrx_word' id='word_1_737' title='bbox 1306 5715 1451 5780; x_wconf 89' lang='lat' dir='ltr'><strong>quod</strong></span> <span class='ocrx_word' id='word_1_738' title='bbox 1487 5711 1745 5763; x_wconf 76' lang='lat' dir='ltr'><strong>ferventis</strong></span> <span class='ocrx_word' id='word_1_739' title='bbox 1772 5713 1874 5764; x_wconf 79' lang='lat' dir='ltr'><strong>olei</strong></span> <span class='ocrx_word' id='word_1_740' title='bbox 1912 5713 2056 5763; x_wconf 72' lang='lat' dir='ltr'><strong>dolio</strong></span> 
     </span>
    </p>
   </div>
   <div class='ocr_carea' id='block_1_103' title="bbox 489 5781 2057 5841">
    <p class='ocr_par' dir='ltr' id='par_1_103' title="bbox 489 5781 2057 5841">
     <span class='ocr_line' id='line_1_103' title="bbox 489 5781 2057 5841; baseline -0.001 -7"><span class='ocrx_word' id='word_1_741' title='bbox 489 5781 771 5835; x_wconf 68' lang='grc' dir='ltr'>ιιιιιιιιεςιιδ</span> <span class='ocrx_word' id='word_1_742' title='bbox 819 5781 1213 5841; x_wconf 24' lang='grc' dir='ltr'>ιῑυιιιιιιιεδνιεδι.</span> <span class='ocrx_word' id='word_1_743' title='bbox 1278 5798 1567 5840; x_wconf 72' lang='grc' dir='ltr'>ιιιειιίνιυιιι</span> <span class='ocrx_word' id='word_1_744' title='bbox 1600 5799 1723 5835; x_wconf 74' lang='grc' dir='ltr'>υιιιιι</span> <span class='ocrx_word' id='word_1_745' title='bbox 1777 5799 1896 5835; x_wconf 63' lang='lat' dir='ltr'><strong>VCI‘C</strong></span> <span class='ocrx_word' id='word_1_746' title='bbox 1950 5797 2057 5835; x_wconf 78' lang='grc' dir='ltr'><strong>ΙΙΟΙΙ</strong></span> 
     </span>
    </p>
   </div>
   <div class='ocr_carea' id='block_1_104' title="bbox 2174 4596 3749 4681">
    <p class='ocr_par' dir='ltr' id='par_1_104' title="bbox 2174 4596 3749 4681">
     <span class='ocr_line' id='line_1_104' title="bbox 2174 4596 3749 4681; baseline 0.011 -38"><span class='ocrx_word' id='word_1_747' title='bbox 2174 4596 2334 4662; x_wconf 80' lang='grc' dir='ltr'>ρίνων</span> <span class='ocrx_word' id='word_1_748' title='bbox 2364 4597 2608 4664; x_wconf 84' lang='grc' dir='ltr'>ἀγγέλων</span> <span class='ocrx_word' id='word_1_749' title='bbox 2640 4599 3027 4669; x_wconf 80' lang='grc' dir='ltr'>δεσμευθέντος</span> <span class='ocrx_word' id='word_1_750' title='bbox 3057 4608 3150 4656; x_wconf 72' lang='grc' dir='ltr'><strong>καὶ</strong></span> <span class='ocrx_word' id='word_1_751' title='bbox 3188 4606 3613 4675; x_wconf 73' lang='grc' dir='ltr'>φυλασσομένου,</span> <span class='ocrx_word' id='word_1_752' title='bbox 3665 4611 3749 4681; x_wconf 73' lang='grc' dir='ltr'><strong>τῷ</strong></span> 
     </span>
    </p>
   </div>
   <div class='ocr_carea' id='block_1_105' title="bbox 2170 4689 3741 4769">
    <p class='ocr_par' dir='ltr' id='par_1_105' title="bbox 2170 4689 3741 4769">
     <span class='ocr_line' id='line_1_105' title="bbox 2170 4689 3741 4769; baseline 0.008 -29"><span class='ocrx_word' id='word_1_753' title='bbox 2170 4689 2435 4759; x_wconf 78' lang='grc' dir='ltr'>κριτηρίῳ</span> <span class='ocrx_word' id='word_1_754' title='bbox 2484 4691 2849 4761; x_wconf 78' lang='grc' dir='ltr'>παρίστασθαι</span> <span class='ocrx_word' id='word_1_755' title='bbox 2901 4696 2995 4746; x_wconf 78' lang='grc' dir='ltr'>καὶ</span> <span class='ocrx_word' id='word_1_756' title='bbox 3031 4696 3376 4749; x_wconf 80' lang='grc' dir='ltr'>ἀπαιτεῖσθαι</span> <span class='ocrx_word' id='word_1_757' title='bbox 3420 4699 3573 4762; x_wconf 77' lang='grc' dir='ltr'>δίκας</span> <span class='ocrx_word' id='word_1_758' title='bbox 3614 4706 3741 4769; x_wconf 75' lang='grc' dir='ltr'>περὶ</span> 
     </span>
    </p>
   </div>
   <div class='ocr_carea' id='block_1_106' title="bbox 2164 4777 3740 4859">
    <p class='ocr_par' dir='ltr' id='par_1_106' title="bbox 2164 4777 3740 4859">
     <span class='ocr_line' id='line_1_106' title="bbox 2164 4777 3740 4859; baseline 0.007 -29"><span class='ocrx_word' id='word_1_759' title='bbox 2164 4782 2273 4830; x_wconf 81' lang='grc' dir='ltr'><strong>τών</strong></span> <span class='ocrx_word' id='word_1_760' title='bbox 2294 4780 2500 4851; x_wconf 76' lang='grc' dir='ltr'>ψυχῶν,</span> <span class='ocrx_word' id='word_1_761' title='bbox 2533 4777 2606 4834; x_wconf 83' lang='grc' dir='ltr'>ὧν</span> <span class='ocrx_word' id='word_1_762' title='bbox 2630 4783 2901 4848; x_wconf 78' lang='grc' dir='ltr'>ἀπώλεσε,</span> <span class='ocrx_word' id='word_1_763' title='bbox 2923 4786 3041 4837; x_wconf 80' lang='grc' dir='ltr'>τότε</span> <span class='ocrx_word' id='word_1_764' title='bbox 3070 4784 3161 4838; x_wconf 79' lang='grc' dir='ltr'><strong>οὖν</strong></span> <span class='ocrx_word' id='word_1_765' title='bbox 3196 4788 3228 4854; x_wconf 83' lang='grc' dir='ltr'><strong>ή</strong></span> <span class='ocrx_word' id='word_1_766' title='bbox 3257 4788 3488 4855; x_wconf 66' lang='grc' dir='ltr'>σάλπιγξ</span> <span class='ocrx_word' id='word_1_767' title='bbox 3521 4792 3623 4859; x_wconf 66' lang='grc' dir='ltr'><strong>ὴχή</strong></span> <span class='ocrx_word' id='word_1_768' title='bbox 3636 4808 3740 4854; x_wconf 77' lang='grc' dir='ltr'>σει,</span> 
     </span>
    </p>
   </div>
   <div class='ocr_carea' id='block_1_107' title="bbox 2166 4877 3741 4949">
    <p class='ocr_par' dir='ltr' id='par_1_107' title="bbox 2166 4877 3741 4949">
     <span class='ocr_line' id='line_1_107' title="bbox 2166 4877 3741 4949; baseline 0.004 -24"><span class='ocrx_word' id='word_1_769' title='bbox 2166 4877 2258 4925; x_wconf 73' lang='grc' dir='ltr'><strong>καὶ</strong></span> <span class='ocrx_word' id='word_1_770' title='bbox 2306 4877 2354 4925; x_wconf 89' lang='grc' dir='ltr'><strong>οἱ</strong></span> <span class='ocrx_word' id='word_1_771' title='bbox 2409 4883 2591 4945; x_wconf 80' lang='grc' dir='ltr'>νεκροὶ</span> <span class='ocrx_word' id='word_1_772' title='bbox 2652 4878 3047 4947; x_wconf 75' lang='grc' dir='ltr'>ἀναστήσονται</span> <span class='ocrx_word' id='word_1_773' title='bbox 3097 4880 3397 4949; x_wconf 65' lang='grc' dir='ltr'>ἄφθαρτον</span> <span class='ocrx_word' id='word_1_774' title='bbox 3447 4882 3638 4932; x_wconf 73' lang='grc' dir='ltr'>ἔπειτα</span> <span class='ocrx_word' id='word_1_775' title='bbox 3692 4884 3741 4933; x_wconf 76' lang='lat' dir='ltr'><strong>ei</strong></span> 
     </span>
    </p>
   </div>
   <div class='ocr_carea' id='block_1_108' title="bbox 2166 4964 3738 5051">
    <p class='ocr_par' dir='ltr' id='par_1_108' title="bbox 2166 4964 3738 5051">
     <span class='ocr_line' id='line_1_108' title="bbox 2166 4964 3738 5051; baseline 0.004 -35"><span class='ocrx_word' id='word_1_776' title='bbox 2166 4964 2390 5030; x_wconf 70' lang='grc' dir='ltr'>ζῶντες,</span> <span class='ocrx_word' id='word_1_777' title='bbox 2423 4965 2602 5028; x_wconf 76' lang='grc' dir='ltr'>καθὼς</span> <span class='ocrx_word' id='word_1_778' title='bbox 2638 4967 2791 5021; x_wconf 75' lang='grc' dir='ltr'>εἶπεν</span> <span class='ocrx_word' id='word_1_779' title='bbox 2841 4972 2868 5021; x_wconf 88' lang='grc' dir='ltr'>ὀ</span> <span class='ocrx_word' id='word_1_780' title='bbox 2906 4970 3131 5033; x_wconf 87' lang='grc' dir='ltr'>Παῦλος,</span> <span class='ocrx_word' id='word_1_781' title='bbox 3171 4972 3250 5033; x_wconf 78' lang='grc' dir='ltr'><strong>εί,</strong></span> <span class='ocrx_word' id='word_1_782' title='bbox 3288 4972 3386 5041; x_wconf 82' lang='grc' dir='ltr'><strong>τὴν</strong></span> <span class='ocrx_word' id='word_1_783' title='bbox 3433 4972 3738 5051; x_wconf 70' lang='grc' dir='ltr'>παρουσίαν</span> 
     </span>
    </p>
   </div>
   <div class='ocr_carea' id='block_1_109' title="bbox 2165 5057 3736 5135">
    <p class='ocr_par' dir='ltr' id='par_1_109' title="bbox 2165 5057 3736 5135">
     <span class='ocr_line' id='line_1_109' title="bbox 2165 5057 3736 5135; baseline 0.004 -25"><span class='ocrx_word' id='word_1_784' title='bbox 2165 5057 2260 5110; x_wconf 85' lang='grc' dir='ltr'><strong>τοῦ</strong></span> <span class='ocrx_word' id='word_1_785' title='bbox 2294 5059 2498 5128; x_wconf 79' lang='grc' dir='ltr'>Κυρίου</span> <span class='ocrx_word' id='word_1_786' title='bbox 2539 5060 2589 5111; x_wconf 81' lang='grc' dir='ltr'><strong>οἱ</strong></span> <span class='ocrx_word' id='word_1_787' title='bbox 2640 5061 3103 5130; x_wconf 80' lang='grc' dir='ltr'>περιλειφθέντες,</span> <span class='ocrx_word' id='word_1_788' title='bbox 3139 5064 3461 5132; x_wconf 84' lang='grc' dir='ltr'>ἁλλαγέντες</span> <span class='ocrx_word' id='word_1_789' title='bbox 3498 5067 3554 5117; x_wconf 75' lang='grc' dir='ltr'>ἐν</span> <span class='ocrx_word' id='word_1_790' title='bbox 3601 5068 3736 5135; x_wconf 75' lang='grc' dir='ltr'>ῥιπῇ</span> 
     </span>
    </p>
   </div>
   <div class='ocr_carea' id='block_1_110' title="bbox 2166 5150 3738 5228">
    <p class='ocr_par' dir='ltr' id='par_1_110' title="bbox 2166 5150 3738 5228">
     <span class='ocr_line' id='line_1_110' title="bbox 2166 5150 3738 5228; baseline 0.008 -27"><span class='ocrx_word' id='word_1_791' title='bbox 2166 5150 2446 5222; x_wconf 71' lang='grc' dir='ltr'>ὀφθαλμοῦ</span> <span class='ocrx_word' id='word_1_792' title='bbox 2471 5152 2577 5205; x_wconf 80' lang='grc' dir='ltr'><strong>ἀπὸ</strong></span> <span class='ocrx_word' id='word_1_793' title='bbox 2610 5155 2812 5224; x_wconf 73' lang='grc' dir='ltr'>φθορᾶς</span> <span class='ocrx_word' id='word_1_794' title='bbox 2841 5158 2920 5217; x_wconf 81' lang='grc' dir='ltr'>εἰς</span> <span class='ocrx_word' id='word_1_795' title='bbox 2948 5156 3255 5227; x_wconf 52' lang='grc' dir='ltr'>ἁςθαρσίαν</span> <span class='ocrx_word' id='word_1_796' title='bbox 3281 5156 3397 5228; x_wconf 76' lang='grc' dir='ltr'><strong>ἅμα</strong></span> <span class='ocrx_word' id='word_1_797' title='bbox 3424 5158 3521 5210; x_wconf 78' lang='grc' dir='ltr'><strong>σὺν</strong></span> <span class='ocrx_word' id='word_1_798' title='bbox 3553 5160 3738 5219; x_wconf 74' lang='grc' dir='ltr'>αὐτοῖς</span> 
     </span>
    </p>
   </div>
   <div class='ocr_carea' id='block_1_111' title="bbox 2164 5502 3735 5584">
    <p class='ocr_par' dir='ltr' id='par_1_111' title="bbox 2164 5502 3735 5584">
     <span class='ocr_line' id='line_1_111' title="bbox 2164 5502 3735 5584; baseline 0.01 -29"><span class='ocrx_word' id='word_1_799' title='bbox 2164 5502 2323 5584; x_wconf 71' lang='lat' dir='ltr'><strong>fecit,</strong></span> <span class='ocrx_word' id='word_1_800' title='bbox 2360 5506 2451 5574; x_wconf 93' lang='lat' dir='ltr'><strong>qui</strong></span> <span class='ocrx_word' id='word_1_801' title='bbox 2503 5506 2703 5563; x_wconf 73' lang='lat' dir='ltr'><strong>&quot;le08</strong></span> <span class='ocrx_word' id='word_1_802' title='bbox 2743 5509 2946 5584; x_wconf 68' lang='lat' dir='ltr'><strong>exivit;</strong></span> <span class='ocrx_word' id='word_1_803' title='bbox 2975 5511 3119 5584; x_wconf 84' lang='lat' dir='ltr'><strong>licet,</strong></span> <span class='ocrx_word' id='word_1_804' title='bbox 3161 5524 3380 5582; x_wconf 77' lang='lat' dir='ltr'><strong>propter</strong></span> <span class='ocrx_word' id='word_1_805' title='bbox 3428 5525 3735 5584; x_wconf 81' lang='lat' dir='ltr'><strong>promptam</strong></span> 
     </span>
    </p>
   </div>
   <div class='ocr_carea' id='block_1_112' title="bbox 2167 5575 3742 5699">
    <p class='ocr_par' dir='ltr' id='par_1_112' title="bbox 2167 5575 3742 5699">
     <span class='ocr_line' id='line_1_112' title="bbox 2167 5575 3742 5698; baseline 0.01 -73"><span class='ocrx_word' id='word_1_806' title='bbox 2167 5575 2496 5698; x_wconf 47' lang='lat' dir='ltr'><strong>volunttatem</strong></span> <span class='ocrx_word' id='word_1_807' title='bbox 2525 5619 2539 5642; x_wconf 92' lang='lat'><strong>,</strong></span> <span class='ocrx_word' id='word_1_808' title='bbox 2592 5580 2834 5651; x_wconf 80' lang='lat' dir='ltr'><strong>martyrii</strong></span> <span class='ocrx_word' id='word_1_809' title='bbox 2877 5575 3175 5635; x_wconf 74' lang='lat' dir='ltr'><strong>laureolam</strong></span> <span class='ocrx_word' id='word_1_810' title='bbox 3222 5575 3358 5639; x_wconf 77' lang='lat' dir='ltr'><strong>forte</strong></span> <span class='ocrx_word' id='word_1_811' title='bbox 3407 5575 3742 5653; x_wconf 63' lang='lat' dir='ltr'><strong>promeritus</strong></span> 
     </span>
     <span class='ocr_line' id='line_1_113' title="bbox 2193 5659 2516 5699; baseline 0.012 -4"><span class='ocrx_word' id='word_1_812' title='bbox 2193 5660 2296 5698; x_wconf 75' lang='lat' dir='ltr'><strong>UIIC</strong></span> <span class='ocrx_word' id='word_1_813' title='bbox 2356 5659 2516 5699; x_wconf 69' lang='lat' dir='ltr'><strong>Ilel&#39;ll.</strong></span> 
     </span>
    </p>
   </div>
   <div class='ocr_carea' id='block_1_113' title="bbox 2240 5717 3524 5786">
    <p class='ocr_par' dir='ltr' id='par_1_113' title="bbox 2240 5717 3524 5786">
     <span class='ocr_line' id='line_1_114' title="bbox 2240 5717 3524 5786; baseline 0.011 -21"><span class='ocrx_word' id='word_1_814' title='bbox 2240 5717 2351 5785; x_wconf 65' lang='grc'><strong>(43)</strong></span> <span class='ocrx_word' id='word_1_815' title='bbox 2377 5717 2521 5770; x_wconf 80' lang='lat' dir='ltr'><strong>Nihil</strong></span> <span class='ocrx_word' id='word_1_816' title='bbox 2551 5718 2861 5786; x_wconf 85' lang='lat' dir='ltr'><strong>lmjusmodi</strong></span> <span class='ocrx_word' id='word_1_817' title='bbox 2894 5724 2944 5776; x_wconf 93' lang='lat' dir='ltr'><strong>in</strong></span> <span class='ocrx_word' id='word_1_818' title='bbox 2981 5721 3258 5778; x_wconf 83' lang='lat' dir='ltr'><strong>Ezechiele</strong></span> <span class='ocrx_word' id='word_1_819' title='bbox 3290 5726 3524 5779; x_wconf 88' lang='lat' dir='ltr'><strong>invenio.</strong></span> 
     </span>
    </p>
   </div>
  </div>
