4088 6216
401 279 508 342 873

1563 283 1741 342 VITA
1779 285 1840 345 S.
1884 283 2212 346 ANDREE
2243 286 2434 348 SALI.

3532 281 3637 346 87L

399 393 808 462 ἁρπαγήσονται
841 397 896 448 ἐν
923 393 1168 460 νεφέλαις
1195 394 1275 455 είς
1305 394 1609 462 ἀπάντησιν
1633 393 1728 448 τοῦ
1762 394 1966 464 Κυρίου

2083 406 2159 447 Lur
2190 410 2314 448 cum
2357 395 2459 449 illis
2504 393 2554 448 in
2613 393 2850 448 nubibus
2883 393 3099 448 obviam
3133 391 3355 448 Christo
3404 396 3456 448 in
3491 411 3642 452 aera.

398 485 476 546 είς
508 485 663 552 ἀέρα.
697 484 868 538 Ὅταν
903 485 993 539 οὖν
1027 486 1110 556 ἴδῃ
1139 501 1222 547 τις
1251 484 1320 536 τὰ
1349 483 1576 562 βδελυρὰ
1606 485 1734 550 ἔθνη
1764 487 1842 548 είς
1876 485 1966 536 τὸν

399 574 600 641 κόσμον
636 575 953 645 ἐληλυθότα,
995 576 1206 640 τέκνον,
1263 576 1383 628 τότε
1423 576 1736 643 γινωσκέτω
1765 576 1844 628 ὅτι
1873 577 1967 628 ἐπὶ⁵

397 668 591 736 θύραις
618 667 816 729 πάντα.
850 670 942 722 καὶ
971 669 1110 739 μετὰ
1151 667 1344 737 μικρὸν
1369 670 1394 722 6
1433 667 1639 737 Κριτής
1679 666 1970 720 ἐπελεύσε-

394 775 502 810 ται.
537 759 721 815 Ταῦτα
772 761 1033 829 ἐλάλησεν
1065 763 1093 812 6
1125 761 1412 830 Μακάριος
1458 762 1525 829 τῇ
1573 761 1731 813 νυκτὶ
1783 757 1970 830 ἐκείνῃ

395 849 471 918 τῷ
505 849 830 917 Ἐπιφανίιιι,
874 850 1293 922 ἀγρυπνούντων
1327 850 1506 903 αὐτῶν
1537 851 1632 904 καὶ
1679 850 1780 920 τῆς
1829 849 1971 920 ἐμῆς

396 942 796 1011 ταπεινότητος.
825 942 932 995 Τοῦ
959 943 1013 996 δὲ
1040 940 1199 1009 ξύλου
1223 943 1324 1011 τῆς
1353 941 1650 1012 ἐκκλησίας
1703 941 1970 1012 κρούσαν-

395 1048 506 1093 τος,
558 1031 828 1103 ἐπορεύθη
860 1035 888 1086 6
919 1032 1237 1100 Ἐπιφάντος
1283 1035 1462 1086 ἐκεῖσε
1483 1049 1498 1065 ·
1529 1035 1557 1087 6
1584 1033 1641 1096 δέ
1681 1032 1972 1103 Μακάριος

397 1123 454 1179 ἐν
485 1123 564 1196 τῷ
597 1123 730 1196 οἴκῳ
765 1123 888 1187 καθ’
920 1125 1110 1181 ἑαυτὸν
1135 1126 1500 1198 προσηύχετο,

2073 471 2210 540 Cum
2241 487 2364 554 quis
2392 501 2520 555 ergo
2549 485 2780 549 viderit,
2823 485 2896 540 illi
2929 485 3039 549 mi,
3068 485 3430 539 exsecrandas
3459 496 3648 553 gentes

2076 579 2198 633 illas
2233 578 2497 646 irrupisse
2525 577 2576 632 in
2608 577 2868 632 mundum
2889 615 2904 640 ,
2939 578 3075 632 sciat
3106 577 3152 632 is
3175 617 3190 642 ,
3233 591 3402 646 pr0pe
3443 592 3565 632 esse
3596 579 3652 634 in

2073 668 2276 737 ianuis,
2305 685 2426 738 quae
2459 669 2593 735 dixi,
2622 670 2843 733 omnia;
2892 681 2944 724 et
2976 669 3124 724 brevi
3152 667 3396 723 Judicem
3429 669 3652 724 adfutu-

2080 776 2226 815 rum.
2273 762 2452 830 Atque
2498 760 2552 814 hi
2604 760 2755 815 luere
2787 775 3106 826 sermones,
3137 774 3273 830 quos
3307 759 3372 812 ad
3417 752 3682 828 Epiphaa‘

2078 854 2227 908 nium
2265 854 2453 908 habuit
2501 852 2747 908 Andreas
2785 861 2945 906 nocte
2991 850 3082 905 illa
3107 889 3122 914 ,
3159 860 3274 904 tum
3307 851 3454 918 ipsis
3477 890 3491 911 ,
3540 858 3656 903 tum

2082 942 2213 996 mihi
2255 955 2472 1011 quoque
2515 940 2634 994 sine
2668 953 2862 995 somno
2905 948 3211 1004 transacta;
3263 939 3433 993 donec
3466 939 3653 993 datum

2081 1033 2296 1101 signum
2329 1031 2393 1085 ad
2425 1031 2709 1086 ecclesiam
2765 1041 3112 1093 convocaret,
3166 1044 3276 1099 quo
3313 1029 3656 1101 Epiphanius

2080 1125 2296 1194 quidem
2337 1138 2455 1177 sese
2483 1121 2746 1190 contulit,
2791 1120 3038 1181 Andreas
3079 1135 3206 1178 vero
3239 1121 3386 1177 domi
3425 1122 3653 1176 seorsim

2079 1217 2310 1270 orationi
2341 1231 2399 1270 se
2431 1213 2601 1272 dedit.
2628 1223 2632 1227 '

1797 1348 2030 1420 CAPUT
2088 1338 2304 1405 xxv";

401 1483 686 1539 Occasione
741 1482 963 1540 caelestis
1013 1485 1348 1557 fragrantitr,
1403 1487 1498 1542 sub
1535 1505 1685 1543 sacra
1727 1489 1949 1543 lectione
1979 1497 2257 1631 percefptoz,
2297 1496 2570 1568 .narratur
2613 1487 2836 1542 historia
2873 1485 3135 1542 Theodori
3171 1487 3234 1541 ab
3285 1487 3487 1558 angelis
3517 1489 3654 1543 inter

1721 1569 1985 1613 tormenta
2019 1575 2113 1613 con
2143 1568 2326 1612 artati.

1721 1569 1985 1613 tormenta
2019 1568 2326 1613 conferta”.

470 1684 566 1739 σλ¹.
595 1686 814 1755 Πρωτας
841 1687 898 1740 δέ
927 1687 1248 1759 γενομένης,
1271 1690 1436 1744 πάλιν
1468 1689 1584 1763 [ἐπὶ
1607 1692 1666 1745 τὸ
1688 1692 1822 1745 αὐτὸ
1850 1709 1972 1746 συν-

2145 1690 2271 1746 250.
2301 1689 2652 1748 lllucesceute
2678 1701 2895 1760 postera
2920 1691 3031 1758 die,
3052 1691 3241 1746 eodem
3269 1692 3652 1750 convenientes

397 1775 640 1838 ελθόντες
665 1776 782 1849 καὶ]
815 1779 1173 1842 καθεσθέντες
1202 1779 1443 1850 ὡμίλουν
1473 1785 1542 1841 τὰ
1594 1783 1688 1838 τοῦ
1722 1783 1978 1854 πνεύμα-

398 1881 520 1928 τος’
578 1868 671 1919 καὶ
721 1867 785 1938 δὴ
823 1867 1005 1938 βίϐλου
1060 1871 1238 1922 ἐκεῖσε
1294 1872 1556 1944 κειμένης
1608 1873 1701 1926 τοῦ
1739 1875 1976 1942 μεγάλου

399 1957 703 2024 Βασιλείου,
750 1959 1099 2031 προτρέψαιτο
1124 1963 1152 2016 6
1184 1962 1370 2026 Ὅσιος
1421 1965 1498 2033 τῷ
1538 1965 1838 2035 Ἐπιςρανίῳ
1883 1965 1976 2018 τοῦ

398 2048 582 2102 λαϐεῖν
613 2051 704 2103 καὶ
752 2052 1151 2119 ἀναγινώσκειν
1171 2069 1184 2084 ·
1215 2049 1282 2124 ἦν
1319 2055 1376 2108 δέ
1405 2058 1432 2108 6
1457 2055 1612 2125 λόγος
1645 2075 1978 2126 προτρεπτι-

399 2144 512 2208 κός,
545 2145 730 2216 ὁμιλία
762 2147 840 2210 είς
883 2146 942 2200 τὸ
995 2146 1296 2216 βάπτισμα,
1347 2149 1405 2201 '0
1457 2149 1555 2219 μὲν
1607 2150 1769 2219 σοφὸς
1818 2152 1977 2207 Σολο-

403 2233 538 2298 μών.
579 2232 781 2286 Τούτου
811 2235 865 2287 δὲ
909 2236 1444 2305 ἀνα-γινωσκομένου,
1480 2239 1651 2308 ἡδέως
1690 2243 1927 2312 ἠκροᾶτο
1950 2244 1978 2294 ὁ

400 2323 706 2394 Μακάριος,
766 2327 986 2395 μειδιῶν
1026 2327 1104 2397 τῷ
1140 2329 1418 2400 προσώπῳ
1472 2332 1566 2384 καὶ
1613 2331 1979 2403 εὐφραινόμε-

401 2431 488 2476 νος
510 2432 522 2444 '
548 2418 575 2467 6
605 2417 660 2468 δὲ
689 2416 1004 2486 Ἐπιφάνιος
1032 2417 1149 2488 ἐχεε
1175 2419 1386 2489 δάκρυα
1414 2423 1477 2490 τῇ
1513 2420 1700 2492 βίϐλῳ,
1733 2424 1826 2475 καὶ
1855 2440 1977 2475 στε-

402 2507 643 2573 ναγμοὺς
670 2507 733 2558 ἐκ
770 2506 978 2576 βαθέων
1004 2509 1345 2580 ἀνέπεμπεν.
1376 2511 1517 2581 "Em
1557 2511 1613 2564 δὲ
1651 2513 1787 2581 πρὸς
1817 2512 1978 2564 αὐτὸν

399 2595 428 2647 6
467 2597 748 2666 Μακάριος
775 2615 788 2628 ο
821 2598 1023 2651 Τέκνον
1061 2616 1185 2669 μου,
1233 2600 1286 2652 τί
1336 2600 1633 2670 δακρύεις;
1687 2600 1978 2671 εὐφραίνου

401 2685 456 2738 δὲ
489 2688 688 2756 μᾶλλον
716 2694 856 2742 κατὰ
885 2689 976 2742 τὸν
1024 2693 1296 2760 μακάριον
1335 2691 1546 2749 Παῦλον
1588 2693 1680 2745 τὸν
1713 2693 1938 2760 λέγοντα
1964 2708 1976 2722 ·

408 2779 668 2859 «Χαίρετε
688 2781 752 2862 ἐν
765 2782 954 2852 Κυρίῳ
974 2784 1224 2835 πάντοτεο
1240 2801 1258 2833 ι
1284 2783 1502 2835 καὶὸσοι
1525 2784 1594 2837 τὰ
1619 2784 1710 2837 τοῦ
1735 2783 1980 2855 Πνεύμοι-

403 2887 490 2932 τος
509 2875 823 2941 πράττουσι,
843 2875 954 2945 χρὴ
978 2875 1173 2937 αὐτοὺς
1196 2877 1422 2946 σκιρτᾷν
1446 2877 1538 2929 καὶ
1562 2877 1976 2948 εὐφραίνεσθαι·

401 2963 516 3016 ὅσοι
545 2964 602 3016 δὲ
661 2966 822 3017 πάλιν
863 2965 1076 3018 ποιοῦσι
1108 2965 1202 3018 τοῦ
1259 2967 1508 3020 διαϐόλου
1560 2968 1628 3021 τὰ
1677 2969 1978 3040 θελήματα,

405 3055 972 3125 σκυθρωπαζέτωσαν,
1005 3057 1194 3110 καθότι
1225 3059 1284 3111 τὸ
1325 3059 1438 3128 φῶς
1481 3060 1576 3112 τοῦ
1603 3060 1738 3114 Θεοῦ
1789 3062 1978 3132 ἐλήλυ-

404 3146 495 3198 θεν
525 3148 604 3209 είς
625 3146 717 3200 τὸν
751 3148 978 3216 κόσμον,
1011 3150 1105 3200 καὶ
1141 3149 1435 3218 ἠγάπησαν
1461 3150 1509 3201 οί
1537 3150 1812 3220 ἄνθρωποι
1849 3152 1983 3220 μᾶλ-

404 3238 494 3290 λον
525 3239 586 3291 τὸ
616 3241 804 3302 σκότος
836 3240 868 3306 ἢ
896 3240 954 3293 τὸ
991 3241 1123 3308 φῶς.
1171 3241 1314 3309 Ἔφη
1359 3240 1673 3309 Ἐπιφάνιος
1699 3257 1712 3271 ·
1748 3243 1860 3294 Οὐκ
1889 3243 1983 3298 οὖν

405 3330 559 3398 κάγὼ
594 3331 936 3401 ἁμαρτωλὸς,
973 3332 1066 3384 καὶ
1108 3331 1291 3402 θρηνῶ
1326 3349 1429 3402 μου
1465 3334 1562 3397 τὰς
1612 3335 1837 3404 πράξεις
1884 3335 1983 3398 τὰς

407 3425 664 3494 πονηρὰς,
692 3425 808 3487 πῶς
836 3424 1230 3493 ἀπολογίζομαι
1259 3443 1272 3489 ς
1297 3427 1461 3493 Λέγει
1488 3429 1594 3497 γάρ
1625 3445 1713 3497 μοι
1736 3431 1763 3482 6
1789 3429 1982 3495 ’Ἀγιος

405 3507 579 3577 οὗτος·
615 3515 774 3579 Πότε,
805 3517 996 3583 φησὶν,
1025 3514 1354 3588 οίκειωθήσῃ
1383 3517 1460 3587 τῷ
1488 3519 1625 3588 Θεῷ,
1647 3520 1741 3573 καὶ
1771 3520 1899 3572 πότε
1925 3519 1984 3572 σὲ

405 3605 748 3674 γνωρίσομεν
778 3605 850 3668 ὡς
887 3607 1178 3675 ήμὲτερον;
1211 3607 1395 3660 Ταῦτα
1433 3609 1648 3670 ἀκούων
1679 3610 1748 3663 τὰ
1780 3610 1980 3679 ὀνείδη,

409 3699 483 3768 μὴ
527 3697 785 3769 θρηνήσω
826 3698 924 3769 τὴν
967 3699 1148 3770 δεινὴν
1187 3700 1484 3769 ἀπολογίαν
1523 3718 1662 3769 μου;
1717 3702 1832 3762 πῶς
1855 3702 1982 3755 ἀνέ-

406 3806 574 3859 χοιτο,
620 3789 747 3859 κύρι
778 3793 806 3844 6
844 3791 1050 3860 μέγας;
1085 3793 1229 3863 Ἔφη
1254 3793 1282 3843 6
1305 3792 1491 3854 Ὅσιος
1521 3809 1534 3823 ο
1560 3787 1728 3853 Οὗτος
1754 3792 1782 3843 6
1806 3791 1983 3858 λόγος,

404 3883 593 3947 τέκνον
625 3901 748 3952 μου,
779 3884 853 3955 μὴ
877 3887 984 3952 γὰρ
1015 3881 1182 3952 οἶδας,
1212 3889 1325 3949 τοῖς
1352 3887 1433 3940 ὅτι
1460 3885 1725 3954 ἀμυήτοις
1746 3877 1863 3935 οὖσι
1889 3880 1982 3933 τοῦ

407 3973 551 4028 θείου
608 3975 982 4046 βαπτίσματος
1073 3977 1348 4042 ὀνειδίζων
1415 3979 1618 4044 ἔλεγεν.
1671 3973 1986 4041 Ἐπιφάνιος

406 4067 554 4134 λέγει
581 4083 595 4099 ο
623 4069 731 4121 Ναὶ
766 4068 915 4138 τίμιε
965 4068 1168 4140 Πάτερ,
1201 4070 1355 4137 κάγὼ
1385 4065 1501 4122 οἶδα
1530 4083 1547 4100 ο
1591 4066 1732 4136 πλὴν
1759 4067 1786 4118 6
1831 4065 1986 4130 λόγος

406 4152 582 4221 οὗτος,
612 4161 671 4214 ὃν
697 4177 861 4229 φασιν
883 4163 929 4214 οί
962 4161 1070 4214 τῶν
1097 4161 1372 4232 ἀγροίκων
1417 4157 1860 4228 αἰνιγματώδεις»
1903 4154 1984 4206 δτι

409 4252 520 4318 Σοὶ,
546 4247 591 4308 ὦ
613 4254 821 4326 νύμφη,
856 4255 1049 4324 ὁμιλῶ,
1093 4254 1175 4307 ἵνα
1213 4255 1306 4310 καὶ
1331 4254 1470 4325 αὐτὴ
1572 4252 1807 4321 πενθερὰ
1852 4252 1984 4302 ἐνω-

409 4346 555 4418 τίζῃ.
1914 4351 1916 4354 ’

412 4441 688 4508 quisacra
761 4442 1100 4512 baptismatis
1159 4445 1298 4498 unda
1353 4441 1518 4495 abluti
1573 4441 1810 4495 nondum
1870 4451 2016 4498 sunt.

2081 1783 2260 1838 denuo
2295 1784 2674 1853 sedentesque,
2697 1784 2762 1838 de
2799 1785 2963 1839 rebus
2998 1785 3064 1838 ad
3099 1784 3348 1853 spiritum
3375 1784 3653 1854 pertinen-

2083 1875 2230 1929 tibus
2283 1876 2535 1930 cont‘erre
2583 1883 2897 1943 coeperunt,
2949 1890 3188 1944 cumque
3237 1873 3374 1929 forte
3420 1876 3556 1942 istic:
3584 1875 3654 1929 ad

2083 1981 2304 2020 manum
2345 1975 2490 2021 esset
2537 1966 2719 2035 magni
2778 1965 2960 2019 Basilii
3016 1965 3266 2019 volumen
3317 1964 3652 2036 quodpiam,

2083 2061 2330 2113 hortatus
2361 2067 2442 2113 est
2471 2058 2832 2127 Epiphanium
2870 2056 3139 2123 Andreas,
3182 2067 3241 2110 ut
3279 2055 3412 2110 illud
3445 2056 3659 2126 accipe-

2083 2158 2163 2201 ret
2188 2148 2517 2217 legeretque.
2547 2147 2674 2199 Erat
2703 2155 2882 2198 autem
2916 2145 3093 2198 oratio
3129 2145 3457 2213 protreptica
3490 2181 3504 2206 ,
3551 2143 3658 2196 ho-

2084 2239 2231 2292 milia
2267 2238 2381 2308 (44)
2405 2237 2656 2292 videlicet
2693 2237 2760 2290 tle
2796 2237 3090 2304 baptismo,
3136 2250 3257 2304 quae
3289 2235 3367 2289 sic
3409 2236 3654 2290 orditur:

2085 2333 2315 2400 Sapiens
2356 2330 2575 2399 quidem
2623 2327 2904 2382 Salomon.
2943 2327 3177 2396 Legente
3217 2326 3384 2395 igitur
3425 2325 3657 2397 Epipbas

2083 2425 2172 2477 uio
2198 2462 2213 2487 ,
2267 2422 2420 2476 suavi
2469 2435 2594 2474 cum
2631 2420 2991 2476 delectatione
3025 2418 3367 2473 auscultabat
3410 2420 3494 2471 vir
3529 2433 3660 2472 san,»

2082 2523 2202 2570 ctus
2227 2555 2241 2574 ,
2277 2515 2424 2568 vultu
2471 2512 2536 2565 ad
2571 2513 2738 2566 risum
2782 2519 2835 2565 et
2876 2511 3112 2565 laetitiam
3145 2509 3446 2579 composito
3482 2525 3496 2563 :
3527 2508 3657 2577 Epi-

2085 2607 2316 2679 phanius
2349 2618 2500 2666 vero,
2523 2603 2775 2674 lacrymis
2805 2603 3001 2660 librum
3034 2603 3288 2670 irrigans,
3312 2600 3651 2654 continenter

2083 2713 2148 2751 ex
2197 2698 2305 2751 imo
2360 2708 2578 2764 pectore
2633 2694 2865 2763 suspiria
2924 2692 3174 2749 ducebat.
3227 2690 3327 2745 Cui
3375 2691 3655 2745 Sanctus:

2083 2788 2354 2854 Quorsum
2391 2787 2507 2842 ista:
2543 2786 2814 2856 lacrymae,
2861 2784 2932 2838 lili
2974 2784 3090 2838 mi?
3131 2781 3263 2852 quin
3294 2781 3474 2851 potius
3505 2789 3560 2833 tu
3606 2787 3657 2834 to

2086 2881 2308 2933 hilarem
2356 2879 2570 2948 praebe,
2636 2892 2703 2930 ex
2766 2885 2945 2930 mente
2997 2874 3139 2928 beati
3184 2873 3336 2928 Pauli
3387 2869 3654 2927 dicentis:

2091 2991 2109 3023 ι
2145 2971 2391 3026 Gaudete
2445 2971 2498 3023 in
2546 2969 2775 3023 Domino
2833 2983 3046 3037 semper
3079 2967 3148 3020 ⁵⁸.
3187 2985 3206 3018 ›
3259 2965 3324 3018 Ει
3380 2980 3510 3020 sane
3564 2961 3657 3032 qui

2005 3041 2048 3099 (ἶ
2081 3080 2202 3133 qua:
2254 3073 2380 3116 sunt
2436 3060 2677 3130 Spiritus
2733 3067 2932 3128 agunt,
2994 3059 3113 3116 illos
3156 3057 3354 3126 gaudio
3382 3064 3436 3111 et
3473 3056 3657 3114 laetitia

2085 3156 2359 3211 exsultare
2408 3153 2714 3210 convenit:
2760 3152 2837 3205 illi
2889 3161 3078 3205 contra
3109 3150 3320 3216 deiecto
3367 3150 3420 3202 in
3458 3159 3656 3208 terram

2088 3249 2336 3316 tristique
2371 3247 2625 3300 incedant
2652 3243 2826 3308 vultu,
2857 3243 2950 3314 qui
2979 3243 3317 3296 voluntatem
3349 3255 3639 3307 exsequun-

2088 3351 2172 3394 tur
2205 3339 2439 3401 diaboli;
2477 3337 2732 3407 quoniam
2768 3336 2860 3393 lux
2895 3334 3080 3390 divina
3110 3333 3258 3388 venit
3285 3335 3339 3386 in
3372 3332 3656 3396 mundum,

2084 3442 2135 3484 et
2165 3431 2477 3484 dilexerunt
2505 3428 2752 3483 homines
2784 3427 3035 3481 tenebras
3065 3424 3236 3494 magis
3265 3438 3426 3493 quam
3457 3422 3654 3475 lucem.

2088 3522 2224 3576 Tum
2265 3521 2602 3593 Epiphanius
2644 3539 2654 3574 :
2693 3519 2858 3588 Atqui
2901 3519 3014 3572 haec
3053 3517 3168 3585 ipsa
3203 3530 3367 3570 causa
3401 3522 3518 3579 est,
3560 3527 3658 3566 cur

2084 3631 2216 3685 ego,
2266 3616 2357 3684 qui
2395 3624 2644 3684 peccator
2678 3627 2797 3666 sum
2827 3650 2841 3677 ,
2881 3623 3163 3679 perperam
3204 3623 3232 3662 a
3283 3623 3368 3662 me
3399 3615 3549 3676 gesta
3585 3605 3657 3658 la-

2087 3715 2326 3768 menter,
2380 3720 2545 3768 cum,
2597 3718 2705 3771 quo
2763 3717 2846 3756 tne
2899 3715 3163 3771 purgem,
3209 3700 3343 3754 nihil
3400 3699 3657 3768 supersit.

2088 3799 2228 3852 Dicit
2281 3811 2517 3864 namque
2577 3795 2709 3848 mihi
2771 3801 2998 3848 sanctus
3049 3794 3136 3848 hic
3191 3791 3422 3848 Basilius
3469 3809 3484 3850 :
3541 3791 3658 3844 Ali-

2086 3887 2306 3957 quando
2340 3888 2392 3939 itt
2435 3886 2527 3946 ί)ρὶ
2559 3885 2982 3940 familiaritatem
3013 3884 3336 3948 admitteris,
3372 3883 3660 3952 aliquando

2089 3992 2137 4036 te
2157 3981 2233 4040 uti
2266 3987 2510 4035 nostrum
2540 3991 2955 4045 cognoscemus.
2983 3974 3156 4044 Quam
3187 3990 3287 4045 ego
3316 3990 3438 4028 cum
3464 3989 3660 4044 expro-

2085 4073 2389 4127 brationem
2417 4071 2655 4134 audiam,
2687 4067 2964 4138 quomodo
2989 4083 3020 4121 a
3051 4067 3308 4136 lacrymis
3338 4075 3658 4136 temperem,

2087 4165 2305 4218 domine
2338 4163 2408 4215 mi
2439 4175 2632 4228 magne
2657 4198 2670 4223 ,
2706 4175 2814 4228 quo
2848 4159 3028 4216 minus
3055 4157 3324 4212 dillicilem
3363 4158 3498 4211 adeo
3529 4157 3658 4219 mihi

2088 4253 2459 4309 defensionem
2501 4252 2767 4306 deﬂeam?
2823 4251 2921 4304 Cui
2961 4258 3181 4304 sanctus
3229 4267 3242 4303 :
3291 4248 3479 4302 Oratio
3524 4248 3611 4301 illa
3639 4285 3656 4318 ,

2089 4350 2160 4401 tili
2199 4348 2303 4411 nti,
2351 4345 2494 4414 quod
2528 4345 2781 4412 ignorare
2813 4342 3048 4404 videris,
3101 4341 3154 4395 in
3196 4340 3318 4397 illos
3365 4341 3658 4408 invehitur,

2098 4441 2156 4495 Et
2204 4440 2585 4510 Epiphanius:
2649 4437 2959 4500 Enimvero,
3012 4431 3170 4488 Pater
3224 4433 3548 4491 venerande,
3608 4430 3658 4483 id

418 4537 540 4590 novi
594 4538 797 4613 probe;
855 4545 1232 4595 verumtamen
1287 4539 1462 4592 oratio
1509 4537 1599 4590 illa
1656 4537 1849 4592 similis
1901 4547 1982 4590 est
2018 4537 2126 4600 isti,
2179 4552 2282 4604 qua
2335 4534 2670 4600 aenigmatice
2740 4533 2928 4584 dicunt
3004 4527 3244 4583 rustici:
3287 4524 3408 4581 Tibi
3442 4527 3657 4597 loquor,

413 4643 447 4681 ο
491 4644 689 4698 sponsa
713 4668 729 4692 ,
767 4637 828 4682 ut
867 4629 982 4697 ipsa
1033 4642 1250 4696 quoque
1284 4642 1474 4682 socrus
1504 4627 1708 4685 audiat.

485 4717 619 4773 σλα’.
653 4718 840 4771 Ταῦτα
867 4717 962 4770 τοῦ
1006 4717 1325 4784 Ἐπιφανίου
1371 4717 1724 4786 λαλήσαντος,
1755 4717 1986 4786 ὐπομει-
2018 4722 2064 4776 D

411 4812 600 4872 διάσας
645 4812 671 4862 6
716 4813 1022 4879 Μακάριος,
1071 4810 1406 4882 ἐπέστρεψεν
1456 4811 1619 4862 αὐτὸν
1687 4809 1846 4861 πάλιν
1891 4806 1984 4860 τοῦ

412 4901 826 4971 ἀναγινώσκειν.
891 4901 1380 4969 Ἀναγινώσκοντος
1430 4900 1488 4953 δὲ
1545 4900 1730 4964 αὐτοῦ,
1789 4903 1987 4969 αἴφνης

414 4995 622 5061 διεδόθη
673 4995 795 5056 ταῖς
835 4993 1029 5062 φρεσὶν
1083 4993 1261 5046 αὐτῶν
1290 4990 1489 5045 εὐωδία
1538 5008 1622 5052 τις
1671 4992 1745 5053 ὡς
1790 4991 1987 5061 τιμίων

412 5089 741 5158 ἀρωμάτων,
783 5085 925 5138 ὥστε
959 5086 1205 5156 φρίττειν
1254 5086 1344 5139 τὸν
1387 5085 1706 5154 Ἐπιφάνιον
1741 5087 1831 5139 ἐπὶ
1865 5088 1988 5140 Exa-

413 5181 508 5250 νην
537 5179 686 5248 ὤραν
721 5179 816 5232 καὶ
846 5178 1174 5244 ξενίζεσθαι.
1217 5176 1395 5247 Ἐώρα
1433 5177 1488 5230 δὲ
1527 5179 1554 5229 6
1583 5177 1865 5247 Μακάριος
1897 5177 1988 5230 τὸν

414 5271 762 5340 τηνεύωδίαν
800 5269 1096 5338 κομίζοντα
1137 5270 1397 5330 ἁεννάως.
1436 5267 1566 5320 Ὅτε
1615 5268 1670 5320 δὲ
1712 5269 1800 5320 τὸν
1834 5269 1986 5338 λόγον

417 5363 779 5426 κατέπαυσεν,
805 5361 1008 5422 εὐθέως
1033 5359 1125 5411 καὶ¹
1150 5360 1182 5428 ἡ
1215 5359 1411 5412 εὐωδία
1439 5359 1670 5429 ἀπέστη,
1689 5359 1985 5428 Θαυμάσας

481 5546 526 5578 ⁸⁸
572 5544 804 5615 Philipp.
835 5557 908 5606 tv,
940 5541 993 5604 4.

2179 4716 2303 4774 23L
2365 4714 2555 4770 lsthacc
2632 4718 2985 4780 reponentem
3060 4706 3417 4776 Epiphanium
3480 4708 3662 4764 subri-

2093 4810 2228 4865 dens
2256 4807 2501 4861 Andreas
2541 4803 2793 4858 hortatus
2822 4811 2924 4865 est,
2963 4808 3022 4853 ut
3060 4800 3238 4853 denuo
3273 4799 3491 4866 legeret.
3541 4799 3662 4867 Quo
3739 4855 3749 4865 ,

2094 4903 2498 4967 obtemperante
2524 4936 2538 4959 ,
2575 4895 2778 4961 allapsa
2806 4902 2885 4946 cst
2919 4890 3243 4944 suavissima
3280 4891 3507 4946 odorum
3550 4891 3661 4947 l‘rae

2096 4994 2329 5062 grantia,
2362 4988 2515 5060 quasi
2549 4986 2910 5055 pretiosorum
2943 4995 3272 5048 aromatum,
3317 4985 3384 5036 atl
3425 4983 3660 5036 animam

2096 5097 2266 5152 usque
2299 5088 2612 5150 penetrans,
2644 5077 2780 5132 adeo
2819 5084 2876 5128 ut
2910 5074 3193 5144 perculsus
3224 5071 3562 5140 Epiphanius
3593 5071 3660 5124 ad

2096 5175 2317 5243 longum
2372 5181 2587 5240 tempus
2627 5183 2737 5238 prae
2788 5177 3011 5236 stupore
3047 5180 3133 5218 vix
3178 5173 3320 5218 esset
3364 5161 3506 5231 apud
3556 5175 3660 5218 se:

2093 5265 2310 5320 vidente
2365 5263 2573 5316 interea
2621 5261 2780 5316 beato
2828 5259 3046 5319 Andres
3082 5257 3272 5316 illum,
3318 5253 3411 5321 qui
3454 5265 3661 5306 memov.

2094 5367 2267 5414 ratam
2301 5352 2657 5428 lragrantiam
2701 5353 3040 5407 incessanter
3076 5345 3382 5415 spargebat.
3418 5339 3520 5397 Ubi
3563 5356 3660 5398 au.-

489 5703 602 5772 (Η)
633 5701 727 5755 Est
757 5699 874 5756 hmc
904 5700 1045 5754 inter
1070 5697 1247 5751 varias
1275 5691 1457 5747 Basilii
1487 5691 1799 5756 conciones,
1832 5690 1972 5760 ap'td
2013 5689 2359 5756 Cornarium,
2398 5687 2592 5744 concio
2634 5685 2716 5750 l5.

717 5795 986 5852 Ρηιωι..
1027 5801 1139 5855 Ott.
1179 5790 1339 5859 CXL

3267 5774 3342 5848 38
