4088 6216
481 299 549 358 75
741 270 744 274 ’
1505 296 1922 357 NICEPHORI
1965 290 2438 354 PRESBYTER!
2481 291 2587 350 cr.
3577 286 3684 348 876

444 419 550 463 teni
584 408 763 479 legere
794 408 986 474 desiit,
1015 410 1175 464 desiit
1202 419 1253 462 et
1287 411 1582 480 fragrantia
1619 411 1828 463 sentiri.
1855 407 2009 474 Quod

2132 409 2168 461 ῑέ
2203 409 2230 460 ό
2275 406 2591 474 Ἐπιφάνιος
2638 405 2754 468 πῶς
2791 407 2857 474 τῇ
2895 405 3237 458 καταπαύσει
3263 399 3356 455 τοῦ
3403 401 3562 467 λόγου
3592 403 3688 454 καὶ

445 500 676 554 miratus
722 500 1012 554 admodum
1071 501 1446 569 Epiphanius,
1497 502 1846 571 interrogavit
1890 517 2013 553 san-

445 599 589 642 ctum
645 587 939 652 Andream,
972 589 1159 642 dicens
1207 605 1222 642 :
1263 589 1370 640 Oro
1416 598 1467 642 te
1521 601 1682 656 atque
1735 589 1962 643 obsecro
1996 629 2011 652 ,

444 690 638 746 magne
663 676 886 730 domine
909 715 924 740 ,
973 692 1095 745 qua:
1125 677 1214 730 illa
1241 719 1254 741 ,
1293 694 1454 746 quam
1506 680 1666 732 modo
1693 679 2014 750 praelegcnie

447 785 531 822 ine
584 769 968 837 percepimus,
1046 766 1378 835 fragrantia?
1441 770 1539 823 Cui
1598 773 1682 824 vir
1742 779 2012 825 sanctus:

455 875 472 908 t
515 856 687 922 Quam
732 856 910 910 dulcia
948 857 1195 910 faucibus
1241 860 1374 912 meis
1419 860 1632 928 eloquia
1675 869 1808 922 tua,
1853 877 2015 928 super

447 949 551 1002 mel
592 948 674 1000 ori
717 963 836 1000 meo
855 948 935 1000 "l
977 967 994 998 ι
1033 947 1129 1000 llic
1160 963 1285 1001 vero
1327 965 1433 1001 non
1467 960 1574 1002 tani
1607 950 1672 1004 de
1710 952 2012 1018 corporali,

449 1057 612 1110 quam
666 1041 731 1093 de
764 1039 1033 1108 spirituali
1079 1055 1174 1094 ore
1212 1050 1374 1108 atque
1427 1041 1678 1094 faucibus
1710 1056 2013 1094 sermonem

449 1131 564 1186 fleri
617 1130 1022 1198 intelligendum
1075 1139 1175 1183 est.
1239 1131 1366 1186 Post
1425 1131 1537 1184 haec
1568 1132 1767 1185 dicenti
1825 1147 2016 1185 rursus

450 1219 748 1290 Epiphanio
778 1237 790 1272 :
825 1217 984 1271 Missa
1017 1220 1096 1272 fac
1129 1221 1250 1280 ista,
1285 1229 1335 1272 et
1367 1220 1409 1272 si
1443 1220 1569 1288 quid
1607 1221 1834 1274 visionis
1863 1221 2014 1273 obla-

452 1323 564 1366 tum
599 1310 693 1364 tibi
725 1314 816 1374 sil,
845 1311 1120 1375 edissere;
1158 1311 1373 1365 illorum
1417 1315 1615 1380 quippe
1642 1313 1890 1364 notitiam
1923 1327 2018 1380 per

453 1418 641 1476 preces
686 1412 807 1457 tuas
841 1412 1130 1456 assecutus
1173 1419 1292 1456 sum
1337 1419 1350 1455 :
1412 1405 1690 1472 respondit
1729 1404 2014 1458 Andreas:

452 1494 593 1560 Quid
623 1494 943 1557 edisseram,
971 1495 1330 1548 cliarissime?
1372 1493 1639 1559 Quamdiu
1676 1495 1874 1564 legisti,
1914 1495 2017 1549 frc-

454 1597 681 1656 quentes
720 1587 807 1640 hic
838 1586 1059 1641 adfuere
1103 1588 1310 1656 angeli,
1359 1603 1588 1656 quorum
1643 1605 1801 1652 unus,
1843 1589 2017 1642 sancti

456 1680 688 1750 Spiritus
721 1683 902 1744 verba,
935 1681 1061 1748 quia
1090 1682 1330 1733 suavitas
1360 1691 1412 1733 et
1446 1681 1628 1732 lieiitia
1659 1687 1808 1742 sunt,
1848 1681 2020 1733 hono-

2116 500 2150 568 ἡ
2189 498 2482 568 μυρίπνοος
2523 494 2721 548 εὐωδία
2757 494 2989 563 ἀπέστη,
3035 490 3289 562 ἠρώτησε
3335 491 3427 542 τὴν
3468 490 3690 542 Δίκαιον

2119 589 2293 656 λέγων
2314 605 2327 618 ·
2359 585 2562 654 Δέομαί
2597 603 2710 646 σου,
2737 585 2864 654 κύρι
2893 585 2921 635 ὁ
2975 583 3169 652 μέγας,
3213 582 3297 643 τίς
3324 576 3392 650 ἦν
3426 581 3458 650 ἡ
3489 578 3689 632 εὐωδία

2116 682 2149 749 ἡ
2186 680 2289 748 πρὸ
2316 681 2414 748 τῆς
2449 678 2595 746 ὧρας
2625 678 2756 745 ἡμῖν
2808 679 3096 744 γενομένη,
3128 674 3366 742 ὁπηνίκα
3400 672 3492 724 τὸν
3530 673 3689 738 λόγον

2115 773 2518 841 διεξηρχόμην;
2556 768 2696 838 Ἔφη
2742 771 2770 821 ὁ
2820 768 3125 836 Μακάριος.
3155 767 3288 828 (Ὠς
3333 765 3562 831 γλυκεῖα
3611 761 3690 830 τῷ

2116 862 2354 933 λάρυγγί
2404 879 2506 931 μου
2539 861 2604 912 τά
2662 860 2817 925 λόγιά
2849 876 2962 923 σου,
2985 858 3125 925 ὑπὲρ
3178 856 3297 925 μέλι
3327 857 3405 924 τῷ
3460 853 3690 921 στόματί

2119 971 2220 1021 μου
2243 953 2256 1006 !
2281 971 2316 1008 ,ι
2351 951 2559 1017 Νοητδν
2589 950 2644 1002 δὲ
2670 949 2776 1018 χρὴ
2810 948 3099 1011 γινώσκειν
3126 946 3186 996 τὸ
3216 945 3442 1012 στόματι
3491 943 3605 1005 καὶ,
3631 940 3692 992 τὸ

2117 1045 2375 1114 λάρυγγι,
2433 1041 2562 1112 περὶ
2606 1041 2700 1092 τοῦ
2735 1037 2964 1107 ψυχικοῦ
2990 1039 3263 1106 λάρυγγος
3299 1038 3394 1086 καὶ
3425 1034 3688 1101 στόματος

2119 1139 2363 1206 εἴρηκεν.
2415 1133 2727 1201 Ἑπιφάνιος
2763 1128 2914 1184 εἶπεν
2940 1146 2951 1160 ⁸
2993 1131 3161 1192 “Aes;
3206 1127 3401 1188 ταῦτα,
3447 1128 3538 1177 καὶ
3567 1123 3688 1176 εἰπέ

2124 1246 2213 1297 μοι
2242 1230 2287 1279 εί
2317 1226 2462 1296 ἔχεις
2499 1241 2546 1277 τι
2582 1224 2688 1278 ἀπὸ
2717 1221 2950 1291 θεωρίας
2975 1236 2987 1249 ⁸
3021 1215 3136 1272 οἶδα
3160 1218 3268 1287 γὰρ
3294 1214 3448 1284 κάγὼ
3472 1214 3560 1267 διὰ
3580 1213 3688 1265 τῶν

2117 1322 2313 1390 τιμῐων
2351 1336 2442 1369 σου
2488 1309 2729 1386 δεήσεων
2773 1315 2967 1367 ταῦτα.
3011 1311 3067 1364 '0
3121 1309 3407 1379 ΜακάριΟς
3439 1308 3542 1376 ἔφη
3568 1323 3583 1338 ⁹
3623 1305 3691 1357 Τί

2122 1425 2203 1460 σοι
2234 1407 2370 1460 θέλω
2403 1408 2599 1468 είπεῖν,
2628 1403 2849 1474 φίλτατέ
2882 1417 3011 1472 μους
3049 1399 3308 1467 ’Ἄγγελοι
3340 1401 3448 1467 γὰρ
3485 1396 3690 1465 Κυρίου

2116 1494 2256 1568 ἦσαν
2307 1497 2483 1548 ἱκανοὶ⁸
2521 1496 2611 1548 ἐπὶ
2661 1495 2721 1547 τὸ
2765 1493 2897 1546 αὐτὸ
2929 1493 3003 1555 ὡς
3051 1491 3413 1559 ἀνεγίνωσκες
3441 1505 3456 1518 ·
3510 1481 3591 1549 εἷς
3633 1487 3692 1539 δὲ

2119 1590 2179 1655 ἐξ
2205 1591 2400 1653 αὐτῶν,
2432 1588 2666 1653 δοξάζων
2696 1589 2763 1640 τά
2787 1587 3007 1657 ῥήματα
3039 1583 3131 1636 τοῦ
3157 1584 3314 1650 ἁγίου
3350 1581 3691 1648 Πνεύματος,

2122 1682 2308 1735 καθότι
2337 1679 2608 1750 εὖφρασία
2641 1677 2788 1732 ἐστὶν
2814 1675 3108 1746 ἡδύνουσα,
3143 1673 3404 1743 ἐθυμίαξε
3465 1671 3699 1740 θεοπρε-

458 1789 578 1826 rare
608 1772 815 1836 voletis,
847 1772 1097 1826 adolebat
1127 1773 1283 1826 hilari
1310 1789 1432 1827 cuni
1464 1773 1611 1827 vultu
1641 1772 1876 1828 sumtum
1913 1772 2022 1828 Deo

2132 1773 2242 1836 πῶς
2259 1770 2660 1840 ἀγαλλόμενος.

455 1865 698 1933 dignum.

527 1955 652 2008 232.
709 1955 813 2017 At,
867 1954 1132 2010 infereiite
1219 1953 1558 2024 Epiphanio,
1642 1952 1793 2010 Unde
1846 1955 2024 2024 angeli

459 2047 697 2102 sufliiuin
738 2047 886 2110 sibi,
945 2046 1088 2098 unde
1142 2046 1477 2099 tliurihulum
1507 2086 1520 2109 ,
1577 2046 1717 2099 unde
1765 2047 2027 2100 carbones

458 2147 830 2207 comparant,
893 2137 1331 2205 quandoquidem
1392 2137 1522 2203 ipsis
1578 2138 2026 2192 iininaterialibus

461 2231 609 2284 nulla
657 2244 778 2283 cuni
816 2229 977 2282 rebus
1027 2227 1326 2282 niateriatis
1359 2228 1672 2296 conjunctio
1739 2229 1851 2281 sit?
1901 2238 2028 2282 tunc

463 2326 679 2380 intuens
717 2323 768 2375 in
798 2337 920 2376 eum
965 2321 1048 2374 vir
1090 2320 1308 2384 beatus,
1345 2331 1396 2373 et
1431 2336 1650 2374 manum
1686 2322 2021 2376 extendens:

462 2416 742 2480 Miranda,
795 2413 1006 2483 inquit,
1058 2414 1109 2465 in
1166 2411 1402 2466 medium
1459 2412 1656 2477 affers,
1718 2413 1788 2465 ini
1843 2413 2025 2466 homo.

463 2506 666 2561 Verum
718 2506 842 2575 quis
901 2505 1035 2570 tibi,
1091 2506 1308 2574 angelos
1365 2505 1734 2574 perceptibilia
1779 2506 2030 2560 sensibus

466 2598 768 2664 tliuribula,
797 2598 922 2665 quis
943 2597 1132 2650 mundi
1165 2597 1327 2665 hujus
1355 2596 1613 2657 sullitum,
1645 2605 1738 2650 aut
1765 2598 2028 2650 carbones

464 2690 724 2744 adhibere
774 2689 943 2742 dixit?
982 2687 1090 2753 Qui
1140 2690 1333 2758 spiritu
1371 2687 1489 2740 solo
1544 2672 1816 2750 constant,
1873 2687 2030 2756 spiri-

466 2781 673 2842 tualia,
728 2779 821 2846 qui
858 2793 921 2831 ex
969 2777 1193 2830 materia
1233 2777 1542 2844 coinpacti,
1588 2777 1872 2829 irateriata
1922 2784 2032 2829 tra-

466 2877 636 2922 ctant.
672 2868 863 2936 Angeli
924 2882 1049 2921 vero
1103 2882 1228 2919 cuni
1286 2869 1566 2919 incensum
1619 2866 1852 2919 oblaturi
1905 2877 2032 2920 sunt

465 2959 793 3019 Altissinio,
857 2957 1004 3009 aliud
1072 2972 1179 3009 non
1229 2954 1486 3020 sufﬁunt,
1551 2970 1714 3023 quam
1775 2955 2029 3008 thronum

2204 1961 2251 2012 τι)
2268 1957 2332 2027 β’.
2374 1955 2693 2025 Ἐπιφάνιος
2724 1949 2876 2006 εἶπεν
2897 1968 2911 1982 ο
2955 1952 3062 2005 Καὶ
3094 1949 3194 2002 ποῦ
3226 1951 3275 2002 οἱ
3307 1947 3402 2002 τοῦ
3442 1945 3699 2016 Σωτῆρος

2128 2050 2368 2119 ἄγγελοι,
2404 2049 2464 2101 τό
2488 2065 2546 2100 τε
2579 2047 2850 2116 θυμίαμα,
2877 2044 2973 2097 καὶ
2993 2043 3053 2096 τὸ
3081 2043 3460 2112 θυμιατήριον,
3485 2038 3701 2103 τούςτε

2128 2141 2406 2208 ἄνθρακας
2442 2135 2808 2207 εὑρίσκουσιν,
2862 2134 3013 2187 άῦλοι
3045 2133 3218 2195 ὄντες,
3255 2132 3348 2183 καὶ
3380 2129 3584 2191 ύλικοῐς
3622 2127 3700 2198 μὴ

2132 2231 2508 2300 συγχνρώμενοι
2539 2245 2554 2293 ;
2597 2228 2656 2278 ’0
2699 2227 2754 2279 δὲ
2783 2226 3070 2294 Μακάριος
3117 2223 3367 2282 ἀτενίσας
3393 2221 3472 2282 είς
3505 2220 3695 2278 αὐτὸν,

2129 2324 2220 2372 καὶ
2254 2319 2352 2389 τὴν
2391 2320 2548 2388 χεῖρα
2579 2315 2741 2369 αὑτοῦ
2786 2315 2921 2384 πρὸς
2965 2315 3128 2367 αὐτὸν
3165 2312 3467 2373 ἀνατείνας,
3507 2311 3656 2377 λέγει
3683 2326 3698 2341 ο

2129 2410 2433 2480 Θαυμαστὰ
2475 2401 2783 2478 ώμίληολας,
2816 2405 3088 2474 ἄνθρωπε.
3117 2403 3212 2466 Τίς
3257 2405 3365 2471 γάρ
3395 2419 3476 2454 σοι
3521 2397 3698 2463 εἶπεν,

2130 2506 2212 2557 ὅτι
2252 2502 2484 2570 αἰσθητὰ
2532 2501 2870 2570 θυμιατήρια
2925 2499 2973 2551 oi
3033 2496 3254 2564 ἄγγελοι
3291 2494 3607 2566 κέκτηνται,
3663 2495 3698 2566 ἢ

2131 2595 2369 2664 κοσμικά
2417 2595 2736 2663 θυμιάματα
2779 2591 3011 2661 ἔχουσιν,
3039 2591 3073 2660 ἢ
3105 2589 3197 2641 τὸν
3238 2588 3328 2641 τοῦ
3374 2588 3579 2657 κόσμου
3609 2589 3705 2640 ἆν-

2133 2689 2311 2757 θρακα
2342 2686 2643 2738 ἐπιδέονται
2670 2702 2684 2750 ;
2709 2684 2772 2736 Οί
2802 2685 2909 2754 γάρ
2948 2682 3300 2751 πνευματικοὶ
3334 2682 3700 2749 πνευματικὰ,

2133 2780 2227 2833 καὶ
2275 2779 2323 2830 ot
2358 2778 2532 2829 ἔνυλοι
2588 2777 2749 2829 Evolat
2786 2776 3098 2844 κέκτηνται.
3131 2773 3386 2841 ’Ἄγγελοι
3432 2773 3492 2826 δέ
3535 2774 3701 2843 ἡνίκα

2134 2871 2397 2937 θυμιᾶσαι
2430 2868 2729 2936 βούλονται,
2753 2867 2901 2918 οὐδὲν
2945 2866 3073 2919 ἄλλο
3099 2864 3362 2935 θυμιῶσιν
3391 2863 3705 2934 ἔμπροσθεν

2131 2961 2224 3012 τοῦ
2268 2959 2548 3027 Ὑψίστου,
2587 2959 2618 3029 ἢ
2651 2959 2742 3009 τὸν
2775 2957 2963 3026 θρόνον
2994 2959 3202 3009 ἐκεῖνον
3237 2957 3329 3009 τὸν
3363 2959 3538 3008 πάντα
3577 2955 3702 3008 νοῦν

469 3052 641 3114 illiilli,
666 3065 880 3101 omnem
922 3047 1254 3115 intelligendi
1289 3052 1393 3099 vim
1427 3057 1773 3116 superantem
1813 3065 1825 3100 :
1861 3048 2029 3110 illam,

2135 3052 2552 3121 ὑπερϐαίνοντα,
2589 3050 2730 3120 φημὶ
2759 3049 2856 3118 τὴν
2879 3049 3126 3112 εὐωδίαν,
3153 3050 3252 3116 τὴν
3271 3049 3539 3118 ἡδυτάτην
3566 3047 3702 3098 ἐκεί-

467 3144 591 3207 aio,
627 3140 1004 3195 suavissimam
1044 3140 1392 3208 fragrantiain
1417 3177 1433 3205 ,
1473 3154 1592 3208 quae
1639 3156 1703 3194 ex
1753 3139 2032 3195 tremenda

466 3246 519 3288 et
575 3233 940 3287 inaceessibili
1013 3232 1220 3285 Deitate
1274 3231 1539 3299 procedit.
1601 3229 1734 3284 Nam
1795 3242 2034 3286 astantes

469 3325 699 3380 terribili
739 3324 1136 3392 Oninipoteiitis
1169 3324 1398 3388 throno,
1426 3323 1727 3390 excipiunt,
1759 3337 1880 3391 quae
1914 3321 2043 3377 inde!

470 3417 642 3471 multo
671 3431 794 3470 cuni
831 3415 1042 3482 fulgore
1083 3415 1339 3476 absistit,
1376 3416 1603 3467 odorum
1648 3414 2032 3483 ﬂagrantiam,

471 3510 712 3560 humano
750 3520 1001 3559 sermone
1047 3504 1514 3571 inexplicabilem,
1561 3519 1788 3572 eamque
1831 3504 2036 3574 jugiter

469 3597 715 3652 sull‘iunt.
750 3595 979 3660 Quando
1023 3594 1188 3662 igitur
1221 3594 1444 3656 volunt,
1486 3595 1870 3648 suavissimum
1915 3597 2038 3651 Dei.

409 3672 420 3688 “
471 3685 597 3736 ta'tis
645 3682 792 3735 illius
827 3682 1046 3734 odorem
1099 3695 1222 3733 eum
1268 3679 1450 3748 aliquo
1498 3679 1858 3748 participare,
1899 3697 2036 3736 con-

472 3776 730 3828 sistentes
772 3781 898 3824 ante
943 3771 1163 3840 ipsum,
1207 3781 1471 3840 quantum
1511 3771 1700 3824 volunt
1748 3773 1932 3828 odoris
1984 3775 2036 3827 in

472 3864 667 3919 faciem
717 3863 835 3928 ejus
873 3863 1193 3928 ell'undunt;
1233 3878 1394 3930 quem
1441 3862 1530 3917 ille
1573 3864 1834 3918 continuo
1871 3867 2041 3933 perci-

472 3957 628 4027 piens
652 3955 891 4016 olfactu,
929 3953 1126 4008 dubius
1162 3954 1328 4007 haeret
1373 3955 1514 4008 unde
1545 3940 1703 4007 tanta
1745 3954 2040 4026 fragrantia

473 4049 706 4124 ametur.
747 4049 897 4102 Alias
926 4062 1143 4116 quoque
1185 4047 1343 4100 iidem
1375 4047 1552 4116 angeli
1597 4047 1789 4102 allatos
1822 4065 1850 4101 e
1885 4064 2044 4118 para-

471 4140 592 4196 diso
634 4140 791 4193 flores
824 4138 1081 4192 invisibili
1114 4141 1274 4191 modo
1327 4138 1562 4205 hominis
1617 4141 1902 4192 admovent
1950 4156 2042 4193 na-

473 4234 644 4306 ribus,
673 4247 876 4302 easque
917 4231 1070 4285 suavi
1102 4232 1268 4286 odore
1299 4230 1589 4300 complent.
1624 4231 1842 4301 'l‘riplici
1887 4249 2045 4287 nam-

473 4341 582 4396 que
613 4327 826 4378 ratione
852 4332 1082 4394 possunt
1120 4324 1293 4377 sancti
1324 4323 1500 4391 angeli
1541 4321 1685 4386 illos,
1716 4325 2041 4393 quibuscum

2134 3162 2232 3213 νην
2265 3145 2362 3212 τὴν
2386 3143 2747 3212 ἐξερχομένην
2777 3143 2839 3194 ἐκ
2867 3141 2963 3210 τῆς
3011 3141 3249 3210 φοϐερᾶς
3281 3142 3373 3193 καὶ
3405 3140 3702 3210 ἀπροσίτου

2135 3235 2405 3302 θεότητος.
2443 3233 2528 3293 Ὠς
2557 3233 2664 3300 γὰρ
2689 3231 3051 3301 παρίστανται
3072 3229 3153 3300 τῷ
3177 3229 3390 3301 φοϐερῷ
3416 3230 3589 3298 θρόνῳ
3608 3227 3702 3279 τοῦ

2137 3323 2603 3392 Παντοκράτορος,
2667 3323 2909 3390 δέχονται
2969 3322 3068 3389 τῆς
3121 3322 3331 3374 ἐκεῖθεν
3382 3320 3702 3389 ἐκπηδώστς

2134 3413 2421 3482 ἀστραπῆς
2447 3413 2543 3479 τὴν
2577 3411 2857 3480 εὐοσμίαν,
2881 3412 2973 3464 καὶ
3006 3411 3364 3474 ἀδιαλείπτως
3385 3411 3566 3463 ἔκτοτε
3603 3429 3708 3480 μυ-

2141 3505 2379 3573 ρίξουσιν
2409 3504 2708 3575 ἀπορρήτῳ
2751 3503 2945 3573 εὐωδίᾳ
2969 3504 3067 3571 τῆς
3097 3504 3368 3572 θεότητος.
3411 3503 3575 3556 Ὀταν
3603 3501 3698 3553 οὖν

2137 3595 2423 3664 όφείλωσιν
2451 3596 2585 3663 (45),
2618 3595 2896 3665 βούλονται
2921 3597 3069 3659 ὅπως
3103 3597 3352 3666 μετάσχῃ
3379 3595 3478 3662 τῆς
3504 3595 3701 3665 ἡδύτη-

2137 3706 2227 3751 τος
2262 3689 2456 3756 αὐτῆς,
2493 3689 2588 3741 καί
2621 3688 2775 3741 αὑτοί
2801 3689 2848 3740 οἱ
2876 3688 3148 3756 ἱστάμενοι
3179 3685 3486 3756 ἔμπροσθεν
3515 3685 3704 3750 αὑτοῦ,

2137 3779 2433 3834 τύπτουσιν
2469 3778 2635 3832 αὑτοῦ
2665 3779 2725 3831 τὸ
2771 3780 3063 3849 πρόσωπον
3101 3780 3166 3847 τῇ
3197 3777 3426 3848 εύοσμίᾳ
3454 3780 3517 3846 τῇ
3555 3777 3710 3848 θεῖκῇ

2138 3872 2247 3940 ὅσῳ
2299 3871 2481 3941 μέτρῳ
2535 3870 2849 3940 βούλονται·
2908 3869 3003 3922 καὶ
3058 3868 3243 3920 λοιπὸν
3281 3866 3715 3937 ὀσφραινόμενος

2140 3964 2345 4024 ἐκεῖνος
2393 3962 2666 4030 ἐπαπορεί
2704 3963 2768 4030 τῇ
2807 3958 3042 4030 ἡδυτάτη
3090 3958 3385 4029 γλυκύτητι
3423 3959 3716 4028 εὐφραινό-

2142 4069 2320 4121 μενος.
2353 4051 2716 4114 Εὺωδιάζουσι
2745 4052 2801 4102 δὲ
2831 4051 2924 4104 καὶ
2955 4051 3100 4119 ἄλλῳ
3143 4050 3260 4111 πῶς
3286 4052 3351 4102 ἐκ
3373 4049 3479 4101 τῶν
3507 4048 3715 4102 ἀνθέων

2139 4139 2234 4192 τοῦ
2277 4139 2604 4198 παραδείσου
2640 4139 3006 4208 κομιζόμενοι,
3049 4141 3141 4190 καὶ
3185 4140 3399 4209 ἀοράτῳ
3429 4139 3718 4207 παραστά-

2145 4245 2226 4280 σει
2258 4229 2357 4296 τὴν
2391 4228 2660 4298 ὄσφρησιν
2691 4229 2783 4280 τοῦ
2815 4227 3102 4299 ἀνθρώπου
3137 4229 3506 4297 ἑμπιπλώσιν.
3555 4229 3739 4279 Κατὰ.

2142 4325 2246 4395 γάρ
2272 4327 2420 4393 τρεῖς
2441 4326 2676 4393 τρόπους
2703 4324 2918 4392 ἔχουσιν
2963 4323 3213 4388 ἐξουσίαν
3244 4324 3441 4394 θυμιᾷν
3487 4324 3534 4374 oi
3563 4321 3716 4389 ἅγιοι

474 4419 578 4472 sibi
631 4415 972 4470 familiaritas
1012 4424 1066 4468 et
1111 4424 1322 4468 moruiii
1373 4412 1686 4482 coniunctio
1731 4417 2030 4482 intercedit,

2144 4413 2365 4481 άγγελοι
2395 4415 2504 4475 τοῖς
2551 4414 2828 4483 ἐχομένοις
2862 4414 3045 4476 αὐτοῖς
3077 4415 3226 4485 φιλίᾳ
3268 4417 3362 4467 καὶ
3400 4414 3716 4483 σεμνότητι.

475 4511 646 4562 odore
680 4505 1024 4575 perfundere.
1059 4503 1126 4557 Et
1163 4503 1398 4572 primum
1426 4504 1643 4572 quidem
1681 4504 1732 4557 id
1767 4516 2043 4574 pi'mstant,

475 4615 600 4653 eum
633 4598 892 4650 librorum
933 4610 1214 4649 sacrorum
1246 4594 1465 4648 lectioni
1501 4610 1662 4661 opera
1701 4597 1857 4648 datur
1891 4614 1902 4647 :
1933 4599 2042 4649 cir-

476 4696 753 4744 cumstant
779 4688 974 4756 quippe
997 4697 1107 4739 tum
1136 4725 1151 4752 ,
1192 4687 1443 4756 quamvis
1477 4687 1648 4741 aciem
1679 4697 1918 4740 nostrain
1951 4687 2042 4741 fu-

477 4781 655 4850 giant,
705 4779 894 4832 audire
941 4777 1120 4846 cupidi
1161 4777 1555 4847 jucundissima
1587 4779 1760 4831 sancti
1809 4776 2043 4847 Spiritus

398 4868 405 4875 ’
479 4872 660 4925 verba.
715 4867 953 4924 Rursum
1004 4868 1057 4922 id
1109 4877 1408 4938 praestant,
1464 4885 1586 4924 cum
1639 4871 1761 4938 quis
1810 4871 2042 4924 orationi

481 4975 678 5015 vacans
714 4974 840 5014 cuin
879 4958 991 5014 Deo
1039 4959 1371 5028 colloquitur
1409 4976 1423 5013 :
1468 4960 1701 5029 denique
1729 4975 1850 5014 cum
1895 4960 2044 5015 labo-

478 5053 638 5108 riosis
695 5050 952 5122 operibus
1005 5057 1223 5120 propter
1282 5049 1533 5105 eumdem
1591 5065 1651 5105 se
1705 5051 2037 5116 discruciat,

475 5159 710 5213 cumque
757 5144 810 5196 in
865 5157 1066 5212 corpus
1117 5157 1274 5197 suum
1331 5141 1559 5212 ﬂagellis
1611 5142 2044 5197 aiiimadvertit‘.

480 5247 607 5291 tunc
636 5237 781 5292 enim
820 5239 1084 5306 praeclaro
1115 5233 1284 5304 pugili
1317 5250 1418 5289 suo
1445 5245 1643 5305 praesto
1689 5243 1854 5298 sunt,
1899 5250 2054 5289 euin-

477 5343 583 5396 qiie
608 5326 772 5381 variis
802 5327 980 5382 modis
1037 5327 1301 5384 deliniant
1329 5365 1343 5390 ,
1381 5333 1628 5380 recreant
1679 5327 2049 5396 aniuiantquc.

555 5503 602 5534 °’
642 5503 788 5558 Ps.i|.
823 5518 1011 5565 cuni,
1051 5503 1168 5555 105.

555 5651 666 5726 (ἐὸ)
695 5655 870 5726 ,Ὅταν
904 5653 1017 5720 οὖν,
1037 5667 1143 5710 etc.
1181 5655 1514 5726 lliiiciisque
1541 5655 1606 5709 ad
1632 5655 1742 5718 illa,
1772 5657 1907 5710 κατὰ
1933 5658 2039 5726 γάρ

481 5722 648 5786 τρεῖς,
675 5723 1047 5780 desiderantur
1091 5733 1144 5780 In
1176 5742 1274 5780 nis.
1301 5722 1501 5780 Mal-ar.
1531 5737 1767 5795 suntque
1794 5729 1904 5782 t'ere
1935 5722 2034 5782 ob;

2160 4505 2247 4558 Ἐν
2271 4504 2506 4575 πρώτοις
2527 4506 2654 4558 ὅταν
2677 4509 2773 4569 τὰς
2803 4506 2953 4576 ίερὰς
2978 4505 3193 4576 βίϐλους
3217 4506 3684 4573 ἀναγινώσκουσιν
3702 4523 3718 4537 ο

2149 4597 2572 4667 περικυκλοῦσιν
2628 4600 2738 4668 γὰρ
2785 4601 2984 4652 ἐκεῖνοι
3028 4600 3150 4651 τότε
3183 4600 3448 4668 ἀοράτως,
3485 4596 3721 4652 ἀκοῦσαι

2145 4687 2390 4751 θέλοντες
2415 4688 2487 4741 τά
2507 4687 2601 4740 τοῦ
2641 4689 2908 4757 παναγίου
2942 4687 3257 4759 Πνεῦματος
3287 4689 3584 4759 θεότερπνα
3617 4690 3722 4758 ῥή-

2147 4795 2328 4849 ματα’
2361 4779 2524 4833 πάλιν
2572 4779 2734 4849 ἡνίκα
2766 4797 2844 4842 τις
2893 4779 3278 4850 προσεύχεται,
3309 4780 3403 4832 καὶ
3437 4779 3612 4849 ὁμιλεῖ
3639 4779 3723 4848 τῷ

2142 4869 2264 4941 Θεῷ
2290 4885 2304 4902 ο
2340 4874 2436 4924 καὶ
2461 4872 2551 4924 ὅτε
2583 4872 2758 4942 κόπῳ,
2783 4872 2816 4940 ἢ
2846 4869 3016 4942 πόνῳ,
3043 4871 3076 4941 ἢ
3110 4871 3330 4940 μάστιγι
3359 4872 3615 4940 καρτερεῖ
3635 4887 3721 4932 τι;

2142 4961 2232 5015 διά
2285 4961 2416 5015 Θεόν
2436 4977 2450 4992 ο
2511 4963 2634 5016 τότε
2695 4965 2803 5032 γὰρ
2831 4963 3000 5016 ἀΐδιον
3025 4961 3239 5031 ἔχουσιν
3279 4962 3520 5031 ἀλείφειν
3540 4978 3600 5013 τε
3625 4964 3725 5014 καὶ

2150 5053 2491 5118 εὐωδιάζειν,
2541 5054 2635 5108 καὶ
2676 5053 3103 5126 προθυμοποιεῖν
3139 5054 3228 5106 τὸν
3270 5053 3411 5124 ὑπὲρ
3439 5051 3725 5116 εὐσεϐείας

2153 5145 2569 5215 ἀγωνιζόμενον.

2147 5662 2392 5738 seiiriora
2423 5701 2467 5738 ,η
2488 5662 2562 5716 uti
2595 5671 2648 5716 et
2685 5663 2952 5738 pleraque
2972 5664 3258 5738 sequentia
3287 5681 3302 5722 :
3338 5679 3402 5720 ac
3442 5662 3498 5722 in
3525 5658 3740 5738 pritnlsi

2148 5732 2291 5784 istud
2333 5731 2650 5800 ὀςρείλωσιν,
2688 5731 2817 5802 quid
2849 5731 2954 5789 Sibi
2990 5733 3141 5789 \‘ttlt?
3525 5731 3544 5738 ’
3735 5737 3742 5749 “
