4088 6216
1726 210 1751 241 \

395 281 498 344 877

1559 305 1736 365 VITA
1775 310 1836 371 S.
1879 310 1953 368 AL‘

2059 314 2210 372 arma
2251 316 2447 376 san.
2525 387 2544 402 Ι
3548 320 3653 380 δτι

467 405 603 468 σλγν.
646 405 954 473 Γέγραπται
985 409 1092 478 γάρ
1117 412 1197 464 ὅτι
1226 415 1317 468 ἐπὶ
1354 416 1642 471 Ἰουλιανοῦ
1666 421 1760 473 τοῦ
1793 423 1945 494 ΙῙαρα

2147 429 2274 481 255.
2334 428 2613 481 Proditum
2687 428 2888 496 quippe
2933 437 3016 481 est
3059 430 3334 484 memoria:
3377 429 3650 485 Julianum

392 493 559 546 ϐάτου
592 496 842 557 ἀπιόντος
877 500 1011 567 πρὶς
1037 503 1161 564 τοὺς
1201 505 1434 572 Πέρσας,
1467 509 1645 573 ἔδοξεν
1672 513 1836 565 αὐτὸν
1866 533 1965 567 κα·

392 585 620 653 ταὸἦναι
655 587 788 651 πρὸς
819 589 908 641 τὸν
935 591 1132 644 Πύθιον
1163 595 1415 660 δαίμονα,
1459 602 1548 652 τὸν
1582 603 1638 653 ἐν
1668 606 1730 670 τῇ
1757 604 1964 676 Δάφνῃ,

391 678 539 736 ὅπως
571 678 893 752 ἀποκαλύψῃ
924 685 1084 737 αὐτὸν
1107 691 1232 756 περὶ
1261 685 1321 742 οὗ
1345 694 1551 766 ἡπείγῃ
1587 697 1842 765 πολέμου,
1868 703 1968 753 κᾶν

393 783 452 817 τε
486 769 704 838 νικήσῃ,
735 773 834 824 κάν
864 791 921 824 τε
955 777 1183 846 ἡττηθῇ.
1217 782 1586 847 Θυσιάσαντος
1632 787 1722 840 οῦν
1751 789 1826 856 τῷ
1862 793 1967 843 Πυ-

393 856 489 925 θίῳ
534 856 728 929 ξοάνῳ,
777 864 1092 928 ἐνεφάνισεν
1121 870 1268 938 αὐτῷ
1321 874 1532 943 ἐκείνῳ,
1587 877 1660 947 μὴ
1710 880 1965 934 δύνασθαι

392 947 632 1018 ἐνεργεῖν
665 953 806 1004 κατὰ
833 956 928 1018 τὰς
961 959 1194 1026 ἡμέρας.
1225 964 1310 1015 διὰ
1341 965 1400 1017 τὸ
1431 969 1607 1020 ἐκεῖσε
1641 971 1850 1023 κεῖσθαι
1875 974 1966 1024 τὸν

389 1039 544 1105 ἅγιον
577 1042 669 1094 καὶ
703 1045 942 1114 ἀοίδιμον
966 1050 1212 1106 Βαϐυλᾶν
1238 1057 1375 1120 μετὰ
1402 1057 1507 1108 τῶν
1534 1062 1700 1126 τριῶν
1732 1063 1961 1128 νηπίων,

389 1132 455 1183 τὰ
508 1135 959 1204 καρτερικώτατα
994 1143 1088 1194 καὶ
1141 1143 1406 1212 Θεάρεστα
1455 1148 1700 1218 λείψανα.
1757 1153 1891 1204 Τότε
1936 1155 1965 1205 ὁ

387 1221 653 1292 δυσσεὸὴς
703 1227 1035 1297 Παραόἀττις
1094 1232 1380 1288 ἐκέλευσεν
1428 1240 1539 1298 τοῖς
1603 1240 1963 1310 Ἀντιοχεῦσιν

390 1313 557 1366 αὐτοῦ
587 1317 842 1384 ἀτρόμως
875 1322 968 1370 καὶ
1009 1323 1228 1389 ἀφόϐως
1277 1329 1640 1396 μετακομίσαι
1669 1333 1810 1384 αὺτά
1854 1334 1961 1385 τῶν

389 1406 587 1469 ἐκεῖσε,
623 1410 717 1460 καὶ
747 1409 876 1460 ὅπου
912 1411 958 1462 δ’
993 1412 1060 1465 ἂν
1091 1413 1388 1481 βούλωνται
1423 1421 1755 1475 καταθέσθαι
1797 1424 1958 1486 αὐτὰ,

389 1497 573 1550 ἄνεσιν
603 1505 1071 1570 παραποιούμενος
1095 1506 1170 1575 τῷ
1191 1506 1408 1574 ὀφθέντι
1435 1512 1583 1580 αύτῴ
1607 1519 1961 1585 πονηροτάτῳ

391 1589 680 1659 πνεύματι.
714 1593 842 1646 Ὅτε
874 1592 966 1649 οὖν
989 1597 1191 1666 πλῆθος
1217 1600 1313 1668 τῆς
1336 1601 1542 1665 πόλεως
1575 1604 1797 1673 ἐξῆλθον
1823 1610 1959 1676 lia—,1

391 1683 576 1751 κηρῶν
600 1686 692 1736 καὶ
724 1685 908 1755 ὕμνων
937 1689 1034 1740 καὶ
1067 1689 1328 1754 λιτανίας,
1356 1689 1496 1762 ἦραν
1526 1696 1622 1763 τὴν
1657 1699 1813 1766 σορζν
1847 1699 1954 1750 τῶν

399 1770 615 1838 Ἀγίων,
637 1777 729 1828 καὶ
751 1775 1074 1846 ἐπορεύοντο
1107 1780 1420 1850 ψάλλοντες·
1448 1803 1466 1835 ι
1499 1787 1953 1858 Αίσχυνθήτωσαν
1985 1775 2026 1828 Β

390 1865 588 1926 πάντες
615 1867 661 1918 oi
693 1871 1126 1935 προσκυνοῦντες
1152 1877 1265 1936 τοῖς
1292 1873 1573 1941 γλυπτοῖς,
1597 1879 1646 1928 οἱ
1674 1879 1960 1949 ἐγκαιχώ-

391 1971 540 2023 μενοι
591 1958 648 2008 ὲν
696 1963 808 2020 τοῖς
861 1961 1100 2024 εἰδώλοις
1135 1964 1333 2017 αὐτῶν.
1371 1985 1388 2017 ι
1421 1965 1480 2018 '0
1510 1967 1599 2020 οὖν
1633 1969 1954 2042 θεομίσητος

389 2047 641 2116 βασιλεὺς
692 2051 930 2113 ἀκούσας
971 2053 1166 2117 ταῦτα,
1216 2057 1518 2124 ὀργισθεὶς,
1571 2061 1824 2114 ἐκέλευσε
1877 2064 1952 2132 τῷ

386 2141 613 2211 ἐπάρχῳ
647 2147 744 2212 τῆς
783 2147 988 2212 πόλεως
1047 2147 1318 2216 κρατῆσαι
1345 2151 1550 2216 πάντας
1578 2155 1702 2218 τοὺς
1732 2159 1796 2226 τῇ
1829 2155 1946 2226 λιτῇ

383 2237 944 2304 παρακολουθοῦντας.

2070 519 2388 584 Apostatam
2414 558 2428 580 ,
2481 518 2664 574 Persis
2697 519 2898 573 bellum
2930 520 3129 572 inferre
3157 523 3505 575 meditantem
3531 565 3544 584 ,
3585 526 3652 576 ad

2072 603 2323 673 Pythium
2371 605 2671 660 «homonem
2698 648 2712 671 ,
2762 609 2854 676 qui
2883 608 2934 661 in
2969 608 3191 676 Daphne
3224 625 3484 678 responsa
3523 627 3653 665 con-

2071 697 2376 750 sulenlibus
2409 698 2590 760 dabat,
2645 699 2975 752 descendere
3022 700 3304 765 voluisse,
3350 711 3408 754 ut
3456 717 3518 754 ex
3561 703 3652 757 illo

2069 787 2135 840 de
2169 789 2290 840 belli
2321 791 2463 856 quod
2502 791 2832 856 suscipiebat
2869 801 3064 845 eventu
3090 792 3343 855 disceret,
3367 795 3653 861 superior-

2073 893 2140 930 ne
2169 894 2234 930 an
2274 879 2505 932 inferior
2539 881 2755 934 futurus
2783 891 2949 936 esset.
2973 884 3110 936 Cum
3146 886 3327 952 itaque
3355 885 3658 938 simulacro

2069 969 2334 1036 Apollinis
2371 971 2496 1023 thus
2527 971 2788 1036 adoleret,
2841 985 3118 1028 ostensum
3171 988 3257 1029 est
3306 991 3333 1028 a
3382 977 3644 1042 daemone,

2067 1060 2265 1114 frustra
2317 1078 2375 1115 se
2417 1078 2680 1131 responsa
2734 1065 2884 1132 posci
2926 1081 3020 1133 per
3069 1067 3198 1120 illud
3235 1079 3487 1136 tempus,
3526 1083 3652 1136 pro-

2066 1164 2246 1223 pterea
2308 1156 2452 1222 quod
2509 1171 2680 1210 sacrae.
2721 1157 2844 1211 istic
2898 1158 3000 1212 loci
3059 1161 3302 1227 reliquiae
3353 1161 3524 1214 sancti
3582 1175 3648 1213 ac

2068 1246 2298 1299 celebris
2330 1247 2580 1316 Bahylm,
2624 1248 2902 1316 triumque
2944 1265 3237 1317 puerorum
3277 1250 3486 1304 fortiter
3524 1267 3648 1319 pas-

2066 1351 2249 1388 sorum
2285 1337 2672 1390 conderentur.
2715 1338 2870 1392 Tunc
2917 1339 3116 1405 impius
3155 1339 3416 1406 Aposlata
3444 1376 3459 1401 ,
3507 1339 3644 1393 libe-

2065 1428 2260 1479 riorem
2297 1427 2531 1495 pessimo
2573 1428 2844 1492 diemoni,
2899 1431 2990 1497 qui
3041 1445 3100 1481 se
3149 1430 3438 1482 videndum
3483 1431 3644 1483 obtu-

2063 1518 2232 1580 lerat,
2271 1518 2450 1571 locum
2496 1519 2778 1584 facturus,
2828 1522 3081 1590 praecepit
3137 1521 3490 1576 Antiochenis
3519 1561 3534 1582 .
3585 1531 3644 1575 ut

2063 1609 2194 1661 nihil
2219 1609 2552 1678 trepidantes
2578 1620 2975 1670 metuentesve,
3002 1611 3260 1680 reliquias
3288 1613 3410 1665 inde
3433 1613 3642 1667 ablatas

2063 1702 2249 1760 libere.
2297 1717 2624 1769 quocunque
2667 1701 2971 1755 collibitum
3005 1713 3170 1763 esset,
3208 1712 3644 1770 transponarept

2061 1802 2515 1860 repomrcntque.
2551 1790 2769 1860 Egressi
2817 1792 2999 1859 itaque
3027 1793 3295 1844 civitatem
3330 1791 3641 1860 frequentes

2062 1883 2362 1937 admodum
2419 1885 2567 1938 cives
2609 1900 2730 1938 cum
2775 1885 2986 1946 cereis,
3041 1886 3255 1955 hymnis
3307 1894 3361 1938 et
3417 1885 3639 1947 litaniis,

2063 1977 2401 2030 sustulerunt
2452 1986 2768 2029 εθιιρῑοτιιιιι
2809 1991 2988 2038 arcas,
3033 1987 3086 2030 et
3120 1984 3448 2029 revertentes
3481 1989 3642 2028 cane-

2064 2064 2189 2118 bant
2229 2083 2241 2120 :
2284 2087 2304 2116 ¢
2345 2066 2762 2121 Confundantur
2806 2083 3030 2134 omnes,
3085 2067 3176 2135 qui
3211 2068 3438 2122 adorant
3492 2066 3638 2121 scul-

2061 2157 2239 2224 ptilia,
2275 2158 2366 2227 qui
2398 2159 2699 2230 gloriantur
2743 2158 2796 2213 in
2837 2160 3145 2215 simulacris
3189 2159 3300 2213 suis
3333 2158 3423 2213 ‘9'.
3465 2178 3480 2209 ι
3535 2157 3639 2212 S.-d

2059 2257 2110 2301 et
2138 2250 2241 2303 iiii‘.)
2290 2255 2531 2318 quicdatn
2579 2255 2719 2306 haud
2758 2254 2894 2306 levia
2928 2254 3232 2315 addebant,
3269 2252 3405 2304 nihil
3438 2250 3642 2304 formi-

381 2326 596 2382 dantes.
629 2328 837 2396 Quibus
864 2333 1082 2401 perlatis
1111 2337 1176 2390 ad
1213 2353 1374 2394 aures
1441 2341 1821 2412 impcraton‘s,
1852 2340 2096 2397 divinum
2144 2358 2338 2395 nomen
2383 2345 2506 2396 odio
2575 2345 2771 2398 acerbo
2839 2344 3226 2413 prosequentis
3249 2383 3262 2405 ,
3299 2343 3506 2397 exarsit
3532 2345 3641 2396 ira-

381 2426 602 2487 cundia,
622 2427 891 2494 jussitque
919 2432 1070 2486 urbis
1095 2435 1407 2502 praefectum
1433 2453 1626 2506 capere
1651 2440 1956 2502 universos,
1998 2440 2091 2507 qui
2125 2439 2485 2492 interfuerant
2525 2439 2932 2508 supplicationi.

455 2519 580 2571 016'.
621 2520 996 2592 Καταδραμὼν
1032 2524 1124 2577 οὖν
1157 2529 1184 2578 ὁ
1213 2526 1452 2595 ἔπαρχος
1499 2529 1600 2594 τῆς
1648 2530 1950 2598 λεωφόρου,

384 2609 688 2681 ἐκράτησεν
725 2615 966 2679 ἱκανοὺς,
996 2616 1089 2666 καὶ
1116 2617 1172 2666 ὲν
1199 2615 1278 2683 τῷ
1310 2617 1670 2688 δεσμωτηρίῳ
1715 2618 1953 2671 ἐνέκλει-

388 2719 478 2754 σεν
502 2718 517 2733 ·
550 2704 605 2753 ὲν
631 2698 712 2765 οἷς
741 2706 833 2756 καὶ
864 2705 1030 2756 παῖδά
1058 2722 1180 2758 τινα
1203 2705 1313 2758 τῶν
1338 2707 1567 2773 πρώτων
1595 2709 1690 2775 τῆς
1723 2710 1948 2773 πόλεως,

384 2797 512 2850 ὡσεὶ
543 2799 678 2850 ἐτῶν
704 2800 1112 2861 πεντεκαίδεκα,
1142 2801 1342 2870 ὡραῖον
1365 2801 1443 2870 τῷ
1469 2803 1652 2855 κάλλει
1681 2805 1773 2856 καὶ
1798 2805 1952 2873 ἀμώο

383 2907 551 2959 μητον
587 2891 1062 2960 σφόδρα,ὀνὸματι
1087 2894 1363 2964 Θεόδωρον
1390 2910 1403 2925 ο
1437 2894 1494 2946 ὃν
1523 2897 1614 2947 καὶ
1644 2897 1948 2966 προσήνεγ-

382 3000 484 3035 καν
534 2983 610 3052 τῷ
653 2983 880 3052 ἡγεμόνι
941 2985 1190 3050 λέγοντες
1238 2987 1453 3058 μεγάλῃ
1504 2989 1568 3056 τῇ
1626 2993 1773 3057 φωνῄ
1812 2989 1948 3056 Χρι-

2130 2526 2256 2580 254.
2308 2526 2606 2581 Ριαξίιτιτιιιε
2649 2529 2826 2596 itaque
2863 2529 2929 2582 ad
2964 2527 3138 2582 forum
3170 2529 3502 2583 contendens
3535 2546 3636 2600 pu-

2062 2617 2282 2684 blicum,
2307 2621 2734 2686 comprehensos
2765 2635 2924 2686 quam
2959 2621 3221 2688 plurimos
3251 2623 3455 2674 carceri
3487 2638 3640 2675 nian-

2062 2710 2262 2777 cipavit
2307 2727 2320 2760 :
2367 2725 2508 2778 quos
2550 2711 2689 2762 inter
2729 2713 3118 2765 numerabatur
3166 2712 3450 2780 prarcipua:
3492 2714 3640 2766 nobi-

2062 2798 2228 2851 litatis
2257 2815 2389 2867 puer
2420 2814 2682 2851 annorum
2710 2801 2928 2854 circiter
2957 2802 3290 2869 quindecim.
3315 2801 3637 2855 Theodorus

2059 2875 2303 2954 nomine,
2347 2890 2521 2944 forma
2557 2890 2756 2960 insigni
2808 2901 2860 2944 et
2912 2892 3019 2943 vita
3069 2892 3293 2944 omnino
3342 2893 3632 2960 inculpata.

2060 2979 2218 3033 Hune
2295 2996 2418 3034 cum
2496 2981 2750 3045 lictores,
2827 2997 3020 3050 magna
3077 2996 3209 3035 voce
3269 2983 3636 3037 exclamantes

383 3075 594 3128 στιανὸν
617 3077 806 3127 ἑαυτὸν
822 3076 1180 3145 ὀνομάζοντα,
1207 3080 1297 3131 καὶ
1323 3078 1506 3130 δοῦλον
1528 3080 1762 3149 Χριστοῦ
1789 3074 1950 3132 εἶναι.

2059 3067 2424 3124 Christianum
2466 3087 2585 3126 esse
2654 3082 2702 3125 et
2757 3072 2960 3125 Christi
3016 3071 3278 3126 famulum
3341 3089 3399 3126 se
3454 3074 3635 3143 appel-

382 3167 581 3220 Τοῦτον
613 3168 780 3222 πολλά
805 3170 1142 3239 παραινέσας
1187 3173 1214 3222 ὁ
1258 3169 1494 3241 ἔπαρχος
1527 3173 1824 3241 ἀποστῆναι
1852 3175 1948 3241 τῆς

382 3259 634 3326 ἀληθείας
683 3263 784 3312 οὐκ
836 3261 1076 3313 ἔπεισεν.
1139 3261 1229 3321 Ὠς
1281 3260 1338 3312 δὲ
1391 3261 1720 3316 ἀπειθοῦντα
1777 3263 1946 3332 ἑώρα,

379 3349 665 3402 ἐκέλευσεν
717 3349 879 3402 αὐτὸν
930 3351 1019 3401 ἐπὶ
1059 3348 1150 3402 τοῦ
1203 3349 1359 3413 ξύλου
1413 3352 1804 3420 ἀναρττ,θῆναι,
1855 3353 1950 3404 καὶ

380 3439 591 3504 ξεεσθαι
623 3443 715 3494 καὶ
753 3442 1058 3505 αἰκίζεσθαι
1085 3457 1098 3470 ·
1134 3442 1301 3494 πολλὰ
1333 3440 1425 3496 οὖν
1455 3444 1603 3495 δεινά
1649 3445 1846 3513 ύπομεί
1867 3463 1949 3506 .-ας

379 3533 472 3584 ἐπὶ
498 3531 590 3584 τοῦ
622 3531 778 3594 ξύλου
817 3533 1184 3602 κρεμάμενος,
1223 3532 1356 3601 πρὸς
1394 3535 1632 3601 ἑσπέραν
1680 3535 1735 3587 δὲ
1783 3552 1947 3587 κατεο

377 3622 586 3692 νεχθεὶς
617 3622 725 3675 ἀπὸ
757 3623 846 3674 τοῦ
877 3623 1054 3687 ξύλου,
1084 3624 1284 3695 ἐϐλήθη
1315 3627 1391 3684 είς
1419 3626 1684 3696 φυλακήν.
1711 3629 1948 3698 Ποιήσας

377 3713 469 3771 οὖν
499 3716 713 3786 ἡμέρας
752 3716 888 3785 μετά
941 3717 1157 3769 πάντων
1190 3717 1299 3769 τῶν
1333 3716 1452 3769 τότε
1503 3719 1948 3786 κατασχεθέντων

379 3808 438 3858 ὲν
472 3807 548 3873 τῷ
577 3806 955 3875 δεσμωτηρῖῳ,
987 3805 1195 3859 καὶτοῦ
1245 3809 1561 3878 παρανόμου
1595 3810 1807 3861 ἐκείνου
1852 3810 1948 3878 βα-

378 3895 567 3958 σιλέως
607 3897 662 3948 ὲν
707 3894 784 3964 τῷ
823 3895 1044 3965 πολέμῳ
1074 3896 1470 3966 ἀναιρεθέντος,
1517 3897 1759 3967 ἀπελύθη
1810 3899 1948 3968 μετὰ

379 3987 597 4040 πάντων
624 3987 730 4041 τῶν
770 3989 827 4039 ὲν
861 3976 1076 4054 δεσμοῖς
1117 3987 1546 4058 καθειρχθέντων
1598 3991 1691 4042 καὶ
1730 3991 1757 4041 ὁ
1787 3991 1948 4044 σεϐά-

382 4095 540 4148 σμιος
571 4074 724 4143 οὗτος
776 4081 926 4140 παῖς.
963 4079 1053 4142 Ὠς
1103 4076 1194 4134 οὖν
1245 4082 1324 4143 είς
1363 4079 1430 4133 τά
1474 4083 1647 4133 οἰκεῖα
1704 4081 1942 4148 ἐγένετο,

381 4174 612 4239 ἠρώτων
644 4171 804 4224 αύτῦν
839 4173 891 4224 οῖ
919 4190 978 4225 τε
1025 4171 1191 4240 φίλοι,
1223 4175 1316 4224 καὶ
1356 4175 1404 4226 oi
1438 4176 1740 4242 συγγενεῖς,
1771 4175 1863 4227 καὶ
1896 4176 1945 4227 οι

379 4263 661 4332 ὁμοήλικοι
691 4264 854 4316 αὑτοῦ
910 4267 1049 4335 μετὰ
1099 4267 1206 4317 τῶν
1248 4266 1470 4332 γονέων,
1519 4266 1944 4332 καταφιλοῦντες

380 4351 447 4402 τὰ
475 4352 761 4422 τραύματα
789 4354 954 4406 αὐτοῦ
982 4355 1075 4406 καὶ
1099 4354 1346 4421 λέγοντες
1375 4355 1523 4422 αύτῷ
1547 4370 1559 4382 ·
1595 4356 1658 4405 Τί
1685 4357 1942 4426 ᾑσθάνου,

381 4444 505 4514 κύρι
535 4446 799 4517 Θεόδωρε,
834 4448 994 4517 ἡνίκα
1029 4449 1083 4499 ἐν
1115 4448 1191 4518 τῷ
1222 4447 1362 4518 ξύλῳ
1403 4449 1693 4518 ὲκρέμασο,
1729 4451 1822 4501 καὶ
1849 4452 1944 4513 τὰς

381 4537 540 4604 ἁγίας
573 4539 773 4602 ταύτας
801 4546 1006 4608 σάρκας
1032 4543 1139 4602 τοῖς
1168 4540 1316 4604 ὄνυξι
1341 4541 1770 4611 διεσπαράττους
1811 4541 1866 4593 '0
1889 4541 1945 4592 δὲ

379 4619 632 4680 ἀνένευσε
667 4628 760 4680 τοῦ
805 4629 1208 4698 διηγήσασθαιο
1243 4631 1408 4683 πολλά
1452 4648 1508 4682 τε
1554 4630 1948 4699 παρακληθεὶς,

383 4719 536 4787 μόλις
562 4719 745 4780 αὐτοῖς
771 4720 838 4771 τά
867 4720 1092 4772 τοιαῦτα
1115 4721 1414 4790 διηγήσατο
1433 4721 1627 4788 λέγων·

450 4813 580 4867 σλε’.
626 4812 766 4878 Ἐγὼ
793 4814 881 4866 ὅτε
932 4815 991 4866 ὲν
1017 4812 1094 4882 τῷ
1139 4813 1281 4880 ξύλῳ
1310 4813 1624 4882 ἀνηρτήθην
1679 4814 1773 4866 καὶ
1816 4811 1945 4884 [τῶν

379 4903 595 4970 σαρκῶν
624 4920 722 4974 μου
741 4906 788 4957 οἱ
819 4903 1034 4976 ὄνυχες]
1066 4905 1381 4974 ἁπὴρξαντο
1404 4900 1690 4968 ἅπτεσθαι,
1722 4903 1781 4954 τὸ
1809 4917 1941 4954 κατ-

376 4997 551 5065 αρχὰς
614 4996 798 5066 βιαίως
847 4996 1061 5067 ἕτερον,
1108 5001 1198 5049 καὶ
1246 4996 1482 5066 ἐμαυτὸν
1520 4995 1946 5066 παραμυθούμε-

449 5171 515 5202 "‘
554 5170 697 5227 Psal.
734 5189 875 5239 xcvr,
905 5174 959 5227 7.

451 5334 562 5404 (46)
601 5332 874 5390 Hactenus
931 5334 1042 5390 fere
1096 5334 1349 5391 Socrates
1399 5335 1493 5390 lib.
1544 5351 1642 5401 ιιι,
1685 5351 1802 5405 cap.
1845 5337 1947 5403 l9;

375 5404 748 5476 Sozornenus,
789 5407 883 5460 lib.
922 5422 975 5470 ν,
1024 5421 1144 5476 cap.
1180 5408 1245 5462 l9
1287 5416 1341 5460 et
1369 5405 1475 5470 20;
1529 5404 1940 5470 Theodoretus,

375 5475 470 5530 lib.
505 5491 601 5537 iu,
651 5491 774 5544 cap.
827 5476 893 5530 10
925 5487 978 5530 et
1025 5475 1126 5539 ll,
1171 5487 1226 5530 et
1263 5476 1601 5545 Nicephorus
1647 5477 1939 5538 Callistus,

373 5547 471 5601 lib.
503 5562 533 5600 κ
563 5585 578 5608 ,
615 5561 734 5614 cap.
771 5546 862 5599 28.
892 5577 961 5587 —
992 5545 1193 5601 Omnes
1227 5564 1350 5601 vero
1382 5548 1607 5608 dicunt,
1659 5548 1947 5612 ipsummet

378 5615 654 5669 lulianum
718 5631 883 5668 suasu
938 5617 1176 5686 pra-fecti
1235 5618 1431 5670 dimitti
1492 5632 1683 5670 omnes
1735 5619 1945 5670 vinctos

372 5686 642 5751 iussisse,
673 5701 739 5737 ne
769 5700 954 5738 eorum
994 5688 1296 5740 constantia
1341 5687 1516 5754 majus
1552 5690 1806 5754 probrum
1842 5687 1942 5739 sibi

381 5758 718 5810 toiiciliaret.
768 5754 966 5820 Quidni
1020 5767 1196 5812 tamen
1269 5757 1626 5824 Theodorus,
1689 5765 1943 5827 tanquam

2061 3162 2194 3225 lare,
2226 3165 2288 3216 ad
2321 3165 2628 3232 praefectum
2659 3165 3031 3228 adduxissent,
3069 3166 3254 3218 multis
3285 3166 3373 3220 hic
3403 3169 3634 3223 suadere

2057 3265 2286 3308 cenatus
2335 3264 2449 3335 est,
2485 3267 2540 3308 ut
2592 3271 2622 3309 a
2677 3257 2906 3309 veritate
2950 3255 3312 3318 descisceret;
3354 3258 3447 3310 sed
3498 3261 3631 3312 nihil

2058 3348 2347 3414 persuasit.
2386 3346 2559 3401 Jussit
2594 3349 2772 3416 itaque
2799 3357 3139 3401 constantem
3177 3349 3229 3400 in
3265 3348 3369 3400 fide
3403 3361 3628 3418 puerum

2056 3438 2110 3490 in
2167 3438 2308 3502 ligno
2375 3439 2615 3503 extendi,
2674 3439 2900 3492 laeerari
2958 3449 3010 3492 et
3075 3441 3389 3494 verberibus
3447 3443 3631 3495 multis

2058 3529 2226 3591 cat-di;
2265 3544 2501 3596 cumque
2549 3534 2629 3583 sic
2658 3532 2928 3599 pendulus
2962 3533 3129 3584 multa
3161 3533 3496 3600 pertulisset,
3529 3538 3631 3588 sub

2058 3633 2336 3685 vesperam
2371 3621 2566 3688 deponi
2614 3632 2667 3675 et
2711 3622 3070 3677 incarcerem
3111 3625 3328 3693 conjici.
3377 3624 3632 3679 Latoerat

2057 3709 2177 3762 istic
2209 3709 2490 3778 aliquanto
2523 3721 2767 3780 tempore
2816 3716 3140 3770 venerabilis
3179 3733 3311 3786 puer
3341 3731 3472 3771 cum
3505 3718 3630 3771 aliis

2055 3801 2302 3868 captivis,
2358 3805 2574 3870 quando
2608 3807 2853 3858 nuntiata
2881 3808 3250 3862 scelestissimi
3285 3809 3630 3878 imperatoris

2056 3892 2110 3945 in
2147 3892 2287 3944 bello
2317 3895 2443 3946 cazsi
2487 3906 2682 3956 morte,
2717 3911 2906 3950 omnes
2940 3913 2969 3950 e
2995 3913 3218 3952 carcere
3249 3899 3456 3954 dimissi
3484 3911 3537 3954 et
3574 3903 3627 3955 in

2055 3983 2352 4037 libertatein
2373 3984 2597 4036 restituti
2619 3993 2745 4038 sunt
2771 3985 2900 4054 (46).
2931 3984 3189 4040 Veniente
3216 3989 3438 4044 domum
3470 4007 3627 4048 suam

2055 4071 2344 4127 Theodoro
2388 4083 2612 4138 nostro,
2668 4090 2794 4128 mox
2842 4075 3100 4128 advolant
3139 4079 3392 4144 sodales,
3430 4083 3625 4144 amici,

2054 4167 2466 4237 consanguinei,
2495 4180 2744 4236 parentes
2769 4184 2783 4230 ;
2809 4168 3198 4222 deosculantur
3224 4171 3472 4232 vulnera.
3505 4189 3626 4239 per-

2054 4268 2380 4312 cunctantur
2411 4275 2423 4310 :
2474 4257 2609 4322 Quid
2642 4259 2892 4311 dolorum
2917 4259 3163 4324 sensisti,
3199 4260 3417 4314 domine
3449 4260 3628 4315 Theo-

2056 4350 2208 4412 dore,
2237 4366 2359 4403 cum
2395 4366 2566 4404 sacric
2604 4350 2655 4403 in
2687 4352 2873 4404 eculeo
2890 4351 3146 4416 'susiiensi
3177 4366 3367 4406 carnes
3395 4365 3497 4406 tua:
3529 4369 3628 4404 un-

2052 4443 2190 4509 gulis
2231 4442 2620 4496 laniahaniur?
2663 4442 2766 4497 Sed
2798 4447 2977 4496 renuit
3010 4444 3098 4497 ille
3129 4459 3248 4512 quae
3281 4458 3430 4513 gesta
3470 4455 3628 4500 erant

2049 4548 2344 4598 enarrare;
2384 4535 2558 4586 donec
2583 4533 2766 4586 multis
2803 4532 3067 4586 instanter
3099 4541 3343 4600 rogatus,
3381 4533 3466 4588 vix
3504 4542 3625 4587 tan-

2050 4624 2170 4678 dem
2209 4625 2284 4679 ila
2319 4625 2572 4694 proloqui
2614 4627 2777 4694 coepit
2805 4641 2826 4689 ι,

2120 4813 2250 4868 255.
2288 4811 2561 4879 Principio
2605 4826 2727 4865 cuin
2783 4827 2810 4864 e
2859 4811 3007 4881 ligno
3055 4827 3380 4881 suspensum
3432 4816 3625 4870 durius

2055 4917 2290 4960 tractare
2322 4921 2384 4960 ac
2421 4908 2628 4959 laniare
2662 4904 2878 4974 ungulis
2908 4904 3259 4972 incipiebant,
3296 4907 3622 4973 permoleste

2051 4999 2299 5066 equidem
2348 4997 2565 5050 dolores
2618 4995 2755 5058 tuli,
2811 5011 3006 5064 meque.
3045 4997 3159 5064 ipse
3200 4995 3282 5050 sic
3337 4997 3622 5066 alloquens

2057 5338 2181 5391 aliis
2221 5339 2500 5392 nocentior
2531 5376 2547 5399 ,
2601 5346 2841 5392 retentus
2875 5337 2927 5390 in
2963 5351 3184 5392 carcere
3225 5335 3428 5389 fuerit?
3457 5333 3614 5389 Certe

2049 5411 2344 5474 scriptores
2376 5409 2446 5460 illi
2481 5409 2651 5460 solam
2685 5411 2883 5461 habent
2911 5408 3152 5461 historia:
3182 5407 3471 5472 cpitomen,
3496 5421 3614 5474 qua:

2046 5479 2133 5532 hic
2177 5479 2443 5544 prolixius
2504 5479 2673 5530 multo
2719 5478 3082 5539 describitur,
3141 5491 3264 5527 cuni
3316 5477 3490 5544 elogio
3549 5494 3610 5529 ix

2043 5550 2317 5615 pra'dictis
2350 5548 2666 5601 auctoribus
2689 5557 2925 5613 sumpto.
2950 5547 3196 5615 quod_sic
3226 5546 3567 5598 concluditur
3598 5564 3609 5598 :

2050 5612 2068 5668 ἒ
2122 5616 2215 5671 His
2279 5621 2527 5685 peractis,
2573 5615 2772 5685 impius
2817 5612 3043 5682 quidem
3091 5612 3341 5668 Julianus
3399 5621 3610 5669 funesta

2047 5697 2220 5742 morte
2276 5683 2439 5740 vitam
2493 5686 2634 5752 apud
2692 5683 2884 5737 Persas
2943 5685 3148 5749 finivit,
3214 5697 3434 5740 sanctus
3487 5702 3613 5740 vero

2047 5755 2363 5813 Theodorus
2411 5760 2463 5808 in
2511 5753 2740 5809 Domino
2782 5754 3130 5823 requiescens
3181 5756 3400 5826 gavisus
3445 5767 3546 5812 est.
3584 5772 3603 5806 ι
