4034 6214
422 311 528 371 879

1499 316 1915 375 NlCEl‘HORl
1958 315 2440 375 PRESBYTEBI
2482 315 2591 375 CP.

3564 305 3668 369 880

425 428 642 483 solabar
693 446 707 481 :
748 430 967 485 Sustine
1014 430 1265 494 fortiter,
1322 445 1355 483 ο
1402 429 1722 493 Theodore,
1769 437 1873 481 tute
1929 427 1998 480 nil

2114 447 2193 491 νος
2219 429 2405 496 ἔλεγον
2431 446 2448 461 ο
2493 425 2731 482 Ταπεινέ
2768 424 3031 492 Θεόδωρε,
3083 422 3215 492 φέρε
3261 419 3542 488 γενναίως,
3575 419 3671 471 καὶ

422 517 709 570 immemor
766 519 1033 583 vilitatis,
1082 526 1135 573 et
1194 527 1588 572 tormentorum
1648 518 1992 571 acerbitatem

422 607 606 661 animo
624 623 886 674 generoso
905 609 1108 677 perfer:
1131 610 1384 675 quoniam
1406 609 1448 661 si
1471 608 1675 676 absque
1698 608 1782 661 his
1831 607 1993 670 fores,

427 699 569 769 ignis
602 708 654 752 te
695 710 937 753 maneret
970 701 1351 767 sempiternus.
1387 698 1515 752 Haec
1547 699 1785 753 dixeram
1813 736 1827 761 ,
1871 713 1995 750 cum

426 806 486 843 se
518 791 647 844 mihi
681 801 916 860 quatuor
946 792 999 844 in
1036 800 1386 861 conspectum
1424 792 1557 845 dant
1602 790 1838 844 eunuchi
1862 790 1997 858 (48),

425 891 657 935 venusta
694 882 895 950 specie,
953 884 1103 936 vultu
1140 883 1390 936 ardentes
1423 890 1483 935 ut
1514 896 1675 944 rosae,
1706 881 1998 934 candentes

427 972 669 1026 vestibus
723 983 782 1025 ut
839 974 950 1025 nix.
999 970 1200 1024 Eorum
1254 985 1393 1023 unus
1458 970 1653 1039 pelvim
1708 969 1995 1037 quamdam

428 1063 749 1133 praeferebat
793 1062 1110 1126 candidam,
1148 1072 1298 1115 tanto
1328 1063 1775 1129 pet-stringentem
1808 1060 1997 1115 oculos

429 1153 670 1222 fulgore.
722 1162 779 1206 ut
810 1168 928 1206 eam
964 1152 1319 1225 intuentesin
1350 1152 1764 1205 admirationem
1799 1160 1853 1204 et
1883 1164 1999 1205 stu-

429 1261 610 1313 porem
645 1256 982 1312 raperentur.
1016 1245 1162 1297 Alter
1184 1242 1433 1313 pyxidem
1468 1243 1734 1311 portabat,
1769 1242 2000 1294 deaurao

432 1348 538 1391 tam
586 1337 955 1405 refertamque
1007 1336 1191 1389 divino
1235 1345 1544 1403 unguento,
1597 1349 1703 1387 non
1754 1333 2000 1387 dissimili

429 1426 574 1480 illius
605 1427 744 1495 quod
790 1442 819 1480 e
868 1426 1007 1480 rosis
1040 1426 1287 1480 distillat.
1330 1425 1447 1481 Duo
1490 1424 1683 1494 reliqui
1723 1425 2005 1493 gestabant

432 1518 685 1571 manibus
733 1518 942 1588 supinis
993 1519 1145 1572 nivea
1198 1518 1406 1584 lintea,
1461 1518 1514 1571 in
1556 1519 1723 1586 plicas
1770 1526 2005 1586 quatuor

432 1612 758 1677 composita.

503 1700 628 1755 236.
660 1701 1014 1770 Posteaquam
1052 1701 1126 1754 illi
1151 1700 1229 1755 sic
1257 1702 1307 1753 in
1339 1713 1692 1769 conspectum
1722 1682 2002 1766 venerant,

432 1792 571 1847 dixit
623 1809 764 1846 unus
797 1794 996 1846 tenenti
1054 1792 1430 1860 splendidam,
1481 1810 1642 1861 quam
1682 1794 2000 1859 memoravi,

434 1884 629 1951 pelvint
660 1902 673 1937 :
699 1884 842 1936 Aﬂ‘er
866 1884 1010 1935 illam
1046 1884 1188 1948 huc;
1223 1899 1455 1953 cumque
1482 1884 1642 1938 allata
1667 1896 1830 1950 esset,
1866 1886 2005 1941 dixit

433 1983 486 2027 et
535 1973 724 2037 alteri,
780 1976 1096 2051 deauratam
1133 1976 1367 2043 portanti
1407 1976 1653 2044 pyxidem
1693 1994 1708 2030 :
1743 1975 2004 2051 Unguen-

436 2080 546 2120 tum
582 2081 730 2120 tuum
764 2050 871 2120 huc
896 2067 1143 2133 elTunde;
1194 2069 1336 2137 quod
1371 2071 1459 2122 ubi
1491 2070 1742 2132 similiter
1772 2050 2001 2125 eﬂ'usum

437 2159 572 2221 fuit,
614 2160 788 2213 instar
824 2160 1070 2213 fulminis
1101 2159 1383 2229 cujusdam
1432 2162 1618 2216 oculos
1661 2177 1810 2217 meos
1851 2162 2006 2215 inva-

434 2255 589 2315 dens,
629 2252 837 2305 viscera
871 2251 1225 2319 membraque
1254 2253 1436 2304 omnia
1468 2256 1802 2320 penetravit;
1856 2261 2001 2306 tanta

434 2343 730 2396 comitante
754 2342 1012 2410 unguenti
1047 2340 1364 2408 fragrantia,
1393 2350 1450 2394 ut
1478 2335 1720 2394 omnium
1752 2341 2002 2395 dolorum

433 2443 485 2486 et
527 2432 870 2487 cruciatuum
923 2447 1119 2485 sensus
1161 2431 1617 2499 exstingueretur.
1655 2431 1793 2485 Tum
1841 2432 2002 2495 alius,

433 2526 578 2595 quod
638 2525 692 2579 in
752 2525 1005 2578 manibus
1058 2523 1288 2577 habebat
1330 2523 1551 2576 linteum
1602 2525 1653 2576 in
1706 2524 1842 2592 pelvi
1894 2538 2006 2577 nia-

434 2620 712 2676 dcfaciens
743 2658 758 2680 .
807 2618 969 2687 capiti
1021 2632 1142 2671 meo
1183 2617 1488 2685 imposuit,
1542 2617 1813 2683 longoque
1874 2615 2006 2673 satis

435 2725 678 2783 tempore
718 2713 935 2781 reliquit
965 2728 977 2763 :
1012 2710 1156 2764 unde
1181 2708 1579 2778 iucundissima
1615 2706 1866 2775 perfusus
1911 2722 2007 2759 vo-

433 2806 661 2872 luptate.
700 2803 941 2856 omnium
969 2841 984 2864 ,
1019 2809 1076 2853 ut
1122 2800 1281 2853 modo
1308 2799 1419 2851 dixi
1448 2839 1461 2860 ,
1495 2799 1835 2851 cruciatuum
1878 2798 2007 2852 obli-

432 2907 521 2949 tus
567 2893 661 2947 fui.
704 2893 914 2948 Rursus
949 2900 1128 2945 autem
1175 2890 1349 2944 isthoc
1380 2904 1537 2943 suum
1578 2889 1855 2943 auferente
1900 2890 2005 2943 lin-

436 2997 582 3038 teum
609 2994 663 3038 et
704 2983 893 3037 faciem
934 2996 1106 3034 meam
1144 2981 1475 3043 denudante,
1505 2993 1703 3049 praesto
1728 2994 1843 3034 erat
1874 2982 2008 3036 alius

2102 519 2396 587 ὑπόμεινον
2425 519 2523 587 τὴν
2555 517 2780 587 πικρίαν
2818 515 3020 583 ταύτην
3043 530 3055 543 °
3087 515 3168 566 ὅτι
3196 512 3325 565 ἄνευ
3356 510 3466 579 (ιτ)
3501 510 3671 577 αὐτῆς

2098 612 2159 663 τὸ
2184 611 2403 665 αἰώνιον
2435 612 2545 681 πῦρ
2602 610 2787 680 μέλλει
2813 625 2872 660 σε
2906 606 3254 660 καταλαϐεῖν.
3296 603 3384 665 Ὠς
3413 602 3468 655 δέ
3499 600 3671 655 ταῦτα

2101 701 2307 769 ελεγον,
2351 702 2540 771 θεωρῶ
2574 702 2671 753 καὶ
2712 701 2818 753 ἰδοὺ
2866 699 3132 766 τέσσαρες
3176 694 3419 764 εὐνοῦχοι
3456 692 3667 763 ὡραῖοι,

2101 793 2169 845 τὰ
2206 792 2461 863 πρόσωτα
2513 791 2724 860 ἔχοντες
2751 791 2827 853 ὡς
2863 790 3035 860 ῥόδον,
3059 789 3151 840 καὶ
3177 787 3234 838 αἱ
3278 784 3463 838 στολαὶ
3491 783 3669 836 αὐτῶν

2101 883 2294 936 λευκαὶ
2319 884 2395 944 ὡς
2423 882 2578 953 χιών.
2621 882 2728 935 Καὶ
2760 883 2788 934 ὁ
2817 881 2913 950 μὲν
2959 877 3036 943 εἷς
3073 878 3294 945 ἐκράτει
3329 875 3403 939 ὼς
3436 874 3669 944 λεκάνης

2104 971 2264 1039 εἶδος,
2317 977 2438 1044 ἥτις
2490 971 2557 1044 ἦν
2619 973 2787 1042 λευκὴ
2834 972 2928 1025 καὶ
2971 969 3328 1041 λαμπροτάτη
3362 971 3454 1020 καὶ
3508 983 3672 1019 κατα-

2104 1067 2413 1136 πλήττουσα
2439 1069 2503 1135 τῇ
2530 1065 2732 1135 θεωρίᾳ
2757 1064 2878 1132 ὄψιν
2932 1061 3244 1129 ἀνθρώπου,
3269 1059 3358 1110 καὶ
3383 1060 3461 1120 εἰς
3485 1056 3674 1109 Exstat-

2107 1174 2190 1210 σιν
2218 1158 2477 1225 φέρουσα.
2520 1156 2582 1207 '0
2611 1155 2666 1206 δὲ
2692 1155 2876 1222 ἱἔτερος
2905 1151 3125 1221 ἐκράτει
3181 1148 3425 1219 βησίριον
3454 1146 3675 1213 διάχρυ-

2107 1266 2198 1301 σον
2227 1249 2362 1319 (49),
2395 1247 2569 1318 μύρου
2610 1245 2789 1299 θεῖκοῦ
2822 1244 3241 1314 μεμεστωμένον
3288 1240 3361 1297 ὠς
3393 1239 3672 1309 ροδοστάγ-

2110 1357 2300 1409 ματος.
2342 1342 2402 1391 Οἱ
2449 1339 2505 1391 δὲ
2544 1337 2701 1390 ἄλλοι
2755 1336 2851 1389 δύο
2905 1334 3100 1397 ὀθόνας
3153 1331 3352 1393 λευκὰς
3394 1329 3469 1391 ὡς
3520 1328 3675 1398 χιὼν,

2104 1429 2506 1495 δεδιπλωμένας
2537 1430 2615 1492 εἰς
2640 1428 2904 1498 τέσσαρα,
2938 1426 3201 1496 ἐκράτουν
3235 1424 3291 1475 ἐν
3306 1423 3424 1483 ταῖς
3457 1421 3675 1482 ὑπτίαις

2108 1539 2167 1593 χε
2177 1539 2205 1592 ρ
2216 1521 2296 1574 σὶν
2327 1522 2505 1573 αὐτῶν

2182 1707 2320 1772 σλς-’.
2367 1707 2454 1769 Ὠς
2493 1706 2547 1758 δέ
2573 1704 2660 1757 ἐπ’
2692 1703 2846 1774 ὄψεσι
2883 1721 2983 1773 μου
3014 1703 3281 1771 ἐγένοντο,
3308 1701 3455 1769 λέγει
3488 1696 3568 1763 εἷς
3597 1698 3678 1769 τῷ

2109 1801 2206 1872 τὴν
2240 1800 2473 1870 φαιδρὰν
2534 1798 2752 1866 ἐκείνην
2798 1796 3036 1865 λεκάνην
3066 1796 3373 1863 κατέχοντι,
3407 1794 3544 1861 Φέρε
3589 1792 3680 1844 ἐν-

2108 1891 2284 1945 ταῦθα
2309 1905 2324 1920 '
2358 1890 2455 1942 καὶ
2475 1889 2549 1952 ὼς
2584 1890 2806 1959 ἧνεγκε,
2837 1886 3083 1955 λέγειτῷ
3118 1887 3401 1955 κατέχοντι
3434 1884 3493 1935 τὸ
3522 1883 3678 1952 βησί-

2112 2000 2225 2053 ριον
2272 1982 2331 2034 τὸ
2368 1982 2678 2052 διάχρυσον,
2735 1980 2875 2032 Βάλε
2908 1978 3161 2031 ἐνταῦθα.
3199 1976 3289 2038 Ὠς
3317 1971 3409 2029 οὖν
3465 1974 3684 2035 ἔϐαλεν,

2111 2072 2369 2142 ἐξήρχετο
2398 2072 2456 2123 τὸ
2489 2070 2659 2140 μύρον
2692 2071 2892 2133 ἐκεῖνο,
2925 2068 2999 2131 ὼς
3042 2064 3181 2131 εἶδος
3214 2067 3496 2137 ἀστραπῆς
3530 2061 3683 2135 ἐρχό-

2114 2178 2274 2231 μενον
2305 2164 2385 2222 ei;
2406 2162 2528 2223 τοὺς
2548 2160 2864 2229 ὀφθαλμούς
2899 2176 3022 2230 μου,
3049 2161 3143 2211 καὶ
3166 2159 3249 2211 διὰ
3268 2159 3373 2212 τῶν
3399 2158 3684 2211 ἐνδοσθίων

2115 2271 2214 2323 μου
2255 2255 2331 2315 εἰς
2363 2253 2537 2304 πάντα
2578 2269 2678 2320 μου
2714 2252 2781 2304 τὰ
2821 2252 2955 2320 μέλη
2983 2251 3432 2320 σκορπιζόμενον,
3478 2249 3618 2301 ὥστε
3649 2250 3681 2317 ἡ

2112 2339 2308 2393 εὐωδία
2339 2341 2432 2393 τοῦ
2475 2339 2649 2411 μύρου
2702 2340 2912 2393 ἐκείνου
2965 2341 3139 2405 ἐνίκα,
3189 2340 3283 2392 καὶ
3335 2339 3685 2410 περιεγένετο

2112 2436 2219 2489 τῶν
2247 2436 2493 2505 φοϐερῶν
2524 2434 2749 2488 ἐκείνων
2788 2435 2964 2488 πόνων
2997 2434 3109 2487 τῶν
3141 2438 3202 2487 ἐκ
3247 2434 3356 2486 τῶν
3410 2433 3687 2500 αἰκισμῶν

2113 2531 2541 2596 προσαγομένων
2576 2544 2688 2597 μοι.
2726 2522 2818 2590 Εἷς
2852 2523 2944 2580 οὖν
2976 2527 3034 2580 τὸ
3057 2526 3247 2580 πανεον
3278 2528 3473 2587 ἐκεῖνο,
3501 2525 3529 2577 ὃ
3556 2540 3685 2577 κατ-

2114 2622 2248 2687 εῖχε,
2310 2617 2520 2687 βρέχων
2554 2620 2611 2670 ἐν
2642 2621 2704 2689 τῇ
2756 2617 2979 2688 λεκάνῃ,
3016 2618 3256 2670 ἐπετίθει
3302 2620 3369 2687 τῇ
3402 2615 3523 2684 bal/et
3560 2633 3685 2684 μου.

2113 2710 2206 2763 καὶ
2238 2711 2458 2779 ἐκράτει
2506 2711 2597 2761 ἐπὶ
2636 2709 2830 2779 πολλὴν
2871 2709 3042 2777 ὥραν,
3071 2708 3209 2762 ὥστε
3242 2710 3308 2761 ἐκ
3347 2709 3445 2776 τῆς
3503 2707 3686 2775 ἡδονῆς

2114 2804 2327 2871 ἐκείνης
2356 2803 2454 2870 τῆς
2483 2803 2774 2871 ήδυτάτης.
2803 2802 2981 2864 καθὼς
3007 2804 3288 2870 προεῖπον,
3320 2799 3639 2854 ἐπιλανθάνε
3660 2827 3684 2838 -

2117 2894 2238 2946 σθαι
2261 2894 2367 2944 τῶν
2400 2894 2576 2945 πόνων
2612 2909 2738 2961 μου.
2772 2893 2939 2946 Πάλιν
2983 2892 3078 2945 οὖν
3122 2892 3314 2944 τούτου
3350 2894 3593 2959 αἴροντος
3619 2888 3683 2940 τὸ

2116 2981 2309 3033 πανίον
2360 2982 2535 3033 ἐκεῖνο
2566 2982 2630 3033 ἐκ
2675 2983 2772 3046 τῆς
2831 2981 3006 3049 ὄψεώς
3070 2999 3171 3050 μου
3222 2981 3377 3044 ἄλλος
3443 2982 3685 3048 εἱστήκει

437 3089 492 3132 ut
520 3093 675 3132 suum
711 3075 992 3144 injiceret;
1018 3074 1203 3143 sicque
1231 3072 1563 3128 alternantes
1591 3074 2003 3137 continuabaut,

2115 3069 2331 3139 ἕτοιμος
2360 3069 2453 3122 τοῦ
2488 3070 2759 3123 ἐπιθεῖναι
2782 3086 2797 3101 ο
2825 3071 2920 3124 καὶ
2964 3070 3107 3124 οὕτω
3147 3070 3438 3140 διήρκεσαν
3466 3068 3684 3122 ποιοῦν-

436 3162 611 3239 qitoad
650 3167 935 3222 carnifices
966 3165 1284 3221 rerberaudi
1331 3165 1551 3219 modum
1599 3165 1863 3231 facerent,
1898 3182 2010 3221 me-

435 3276 541 3331 que
579 3277 610 3317 e
660 3261 806 3331 ligno
835 3260 1189 3329 deponerent.
1222 3256 1371 3323 Quod
1404 3258 1493 3311 ubi
1545 3258 1747 3312 factum
1782 3265 1894 3321 est,
1924 3272 2011 3311 re-

437 3349 694 3403 cedentes
720 3349 981 3402 continuo
1006 3347 1180 3415 angeli
1200 3387 1213 3407 ,
1254 3356 1360 3399 tam
1391 3346 1594 3414 liquida
1628 3363 1711 3399 me
1736 3347 2011 3414 voluptate

434 3440 735 3507 privatum,
797 3452 1058 3507 perquam
1118 3437 1327 3491 tristem
1385 3437 1758 3504 reliquerunt,
1812 3448 2007 3505 optan-

440 3541 659 3594 temque
704 3528 869 3581 etiam
916 3527 1151 3594 amplius
1193 3528 1273 3579 sic
1307 3524 1565 3581 cruciari.
1611 3524 1778 3580 Deum
1810 3528 2009 3596 quippe

440 3632 628 3685 testor,
666 3632 772 3674 tam
806 3620 1126 3674 admirabile
1166 3620 1216 3673 id
1251 3619 1417 3672 fuisse
1446 3619 1587 3688 quod
1638 3620 1863 3690 contigit
1888 3661 1902 3687 ,
1952 3629 2011 3674 ut

441 3710 659 3778 assequi
696 3724 850 3762 mens
893 3708 1132 3762 humana
1178 3707 1470 3776 c0gitando
1510 3722 1619 3761 non
1668 3711 1857 3777 possit.
1914 3709 2013 3764 So-

441 3802 722 3855 lummodo
792 3798 1120 3869 principium
1182 3810 1236 3853 et
1301 3809 1557 3868 aspectus
1618 3810 2011 3855 tormentorum

442 3894 641 3961 aliquid
707 3892 920 3945 timoris
980 3891 1303 3955 incutiunt;
1374 3905 1665 3961 progressu
1719 3906 1846 3945 vero
1906 3902 2011 3945 tam

444 3986 599 4039 uberi
637 3986 805 4054 gratia
845 3986 935 4039 Dei
967 3984 1313 4048 roborantur,
1352 3993 1410 4036 ut
1444 3984 1577 4037 nihil
1611 3983 1830 4037 oumino
1859 3984 2017 4039 dolo-

444 4095 563 4133 rum
603 4078 1050 4146 persentiscatur.
1177 4072 1181 4076 ’

516 4169 640 4224 2257.
671 4170 848 4237 Atque
881 4167 995 4221 haec
1045 4166 1119 4219 ita
1147 4208 1162 4232 ,
1210 4167 1285 4221 mi
1319 4164 1588 4236 Epiphani
1613 4204 1629 4229 ,
1686 4164 1765 4219 uti
1799 4172 2014 4232 peracta

445 4269 594 4326 sunt,
656 4274 882 4314 narrare
934 4259 1028 4313 tibi
1081 4259 1264 4326 volui,
1325 4266 1383 4312 ut
1431 4258 1700 4327 intelligas
1739 4256 2016 4327 quomodo

444 4352 617 4406 sancti
669 4350 845 4419 angeli
889 4364 984 4418 pro
1027 4348 1246 4403 Christo
1283 4348 1618 4403 certantibus
1665 4362 1787 4401 cum
1834 4346 2015 4401 sutlitu

2114 3180 2225 3226 τες,
2262 3164 2454 3232 μέχρις
2484 3156 2543 3217 οὗ
2597 3165 2645 3216 οἱ
2689 3164 2984 3227 τύπτοντες
3016 3181 3083 3232 με
3116 3165 3438 3227 ἐπαύσαντο,
3465 3161 3559 3215 καὶ
3580 3161 3686 3214 ἀπὸ

2112 3254 2208 3306 τοῦ
2246 3253 2401 3318 ξύλου
2431 3257 2764 3323 κατήγαγον.
2800 3256 2912 3309 Καὶ
2945 3256 3142 3317 εὐθέως
3164 3256 3239 3318 ὡς
3264 3254 3419 3307 τοῦτο
3448 3254 3683 3321 ἐγένετο,

2113 3346 2429 3415 ἀπέστησαν
2476 3349 2524 3398 οἱ
2570 3346 2792 3414 ἄγγελοι
2828 3348 2921 3399 ἀπ’
2952 3345 3108 3414 ἐμοῦ,
3137 3348 3235 3399 καὶ
3270 3345 3549 3416 στερηθεὶς
3579 3345 3685 3397 ἀπὸ

2112 3435 2214 3505 τῆς
2245 3437 2438 3506 ἡδονῆς
2471 3437 2685 3505 ἐκείνης
2736 3437 2834 3506 τῆς
2869 3437 3135 3506 meum;
3181 3438 3321 3491 πάνυ
3371 3435 3644 3505 ἐλυπήθην
3670 3452 3685 3465 ·

2114 3528 2305 3598 ἤθελον
2334 3528 2439 3599 γὰρ
2471 3527 2549 3580 ἔτι
2595 3527 3004 3598 βασανίζεσθαι·
3040 3528 3381 3599 πληροφορεῖ
3407 3528 3513 3597 γὰρ
3544 3529 3689 3596 ἡμεῖς

2115 3622 2143 3673 ὁ
2163 3620 2313 3685 Θεὸς,
2332 3621 2411 3673 ὅτι
2430 3620 2669 3673 τοιοῦτόν
2693 3622 2807 3672 ἐστι
2829 3622 2888 3673 τὸ
2914 3622 3167 3690 πρᾶγμα,
3196 3614 3309 3674 οἷον
3338 3620 3458 3682 νοῦς
3479 3617 3690 3687 ἀνθρὼ-

2117 3729 2220 3766 που
2276 3713 2576 3768 ἀπεικάσαι
2628 3713 2689 3767 οὐ
2744 3713 2985 3767 δύναται.
3043 3712 3218 3767 Μόνον
3265 3713 3299 3782 ή
3332 3696 3489 3782 ’ἀρχὴ
3536 3712 3627 3762 καὶ
3657 3712 3693 3779 ἡ

2119 3805 2215 3858 θέα
2242 3805 2353 3873 (50)
2390 3803 2520 3875 [τῶν
2577 3804 2826 3875 βασάνων
2854 3805 2968 3873 ἔχει
3003 3804 3095 3855 τὸν
3127 3803 3289 3872 φόϐον
3374 3804 3405 3870 ἡ
3436 3802 3493 3854 δὲ
3516 3816 3693 3871 προσ-

2119 3895 2271 3964 ϐολὴ,
2301 3895 2682 3963 δυναμουμένη
2714 3896 2777 3963 τῇ
2807 3894 2989 3962 χάριτι
3022 3890 3114 3943 τοῦ
3153 3889 3309 3955 Θεοῦ,
3336 3889 3447 3941 τῶν
3482 3903 3695 3959 προσα-

2118 3987 2366 4056 γομένων
2402 3986 2713 4053 ἀλγηδόνων
2735 3986 2833 4037 οὐκ
2865 3983 3204 4037 αἰσθάνεται.

2193 4168 2321 4232 σλζῖ
2357 4168 2561 4234 Ταῦτα,
2610 4167 2889 4237 Ἐπιφάνιέ
2923 4185 3049 4237 μου,
3084 4166 3257 4229 οὕτως
3285 4164 3649 4234 ἐτελέσθησαν
3677 4180 3691 4195 ·

2116 4262 2465 4331 διηγησάμην
2510 4276 2591 4313 σοι
2624 4260 2906 4325 δὲταῦτα,
2955 4259 3040 4313 ἶνα
3090 4259 3231 4330 γνῷς
3278 4258 3391 4321 πῶς
3422 4258 3697 4326 θυμιῶσιν

2118 4353 2245 4414 τοὺς
2272 4352 2703 4421 ἀγωνιζομένους
2728 4354 2814 4406 διὰ
2841 4351 3045 4421 Κύριον
3069 4353 3212 4419 ἆγιοι
3244 4351 3484 4418 ἄγγελοι.
3517 4349 3696 4401 Τοῦτο

445 4444 727 4513 gratisque
750 4441 1012 4497 odoribus
1041 4450 1236 4507 praesto
1271 4442 1399 4494 sint.
1422 4440 1696 4496 lnsnlitam
1726 4440 1862 4493 adeo
1891 4454 2007 4493 nar-

2117 4443 2179 4497 τὸ
2213 4442 2516 4513 παράδοξον
2548 4446 2787 4508 ἀκούσας
2823 4446 3048 4508 ἐκεῖνος,
3091 4443 3308 4513 ἔφριττε
3353 4442 3535 4502 πάλιν,
3564 4441 3694 4492 καθ’

443 4534 711 4587 rationem
748 4541 804 4585 ut
834 4530 1005 4583 audiit
1037 4528 1399 4598 Epiphanius,
1435 4545 1591 4585 sacro
1616 4530 1850 4598 quodam
1884 4530 2015 4583 hor-

445 4637 568 4677 rore
595 4623 787 4675 iterum
815 4621 1099 4691 perculsus
1125 4633 1227 4686 est,
1248 4622 1545 4677 secundum
1593 4621 1758 4683 istud,
1775 4622 2015 4692 Abyssus

447 4715 727 4783 abyssum,
768 4722 822 4766 et
853 4713 1020 4768 chaos
1065 4714 1231 4768 chaos
1256 4712 1405 4784 (5i),
1437 4722 1490 4767 et
1521 4729 1641 4782 qua:
1690 4724 2013 4783 sequuntur.

449 4804 601 4875 Smpe
622 4805 766 4860 enim
796 4808 861 4858 ad
886 4807 1131 4859 animum
1162 4821 1322 4861 suum
1352 4806 1710 4876 cogitationes
1733 4820 2014 4869 revocans,

523 4989 639 5059 (Π)
670 4991 837 5059 ,Ἀνευ
878 4988 1093 5057 repOSni
1113 5027 1128 5051 ,
1158 5002 1259 5056 pro
1293 4988 1475 5055 μέσον.

520 5054 633 5129 (48)
663 5058 911 5113 Praedicti
942 5054 1196 5113 auctores
1227 5054 1401 5109 solum
1436 5059 1595 5110 unius
1628 5054 2013 5129 meminerunt,

449 5125 543 5201 qui
593 5125 848 5184 sudorem
909 5131 1385 5201 abstergeretket
1436 5130 1722 5191 animum,
1775 5125 2016 5193 quandiu

450 5195 830 5270 torquebatur.
866 5196 1183 5251 ennfortans
1212 5195 1564 5251 cxhilararet.

522 5271 632 5323 (49)
660 5269 735 5323 Ita
778 5266 977 5323 Vatic..
1026 5275 1079 5319 at
1111 5265 1308 5319 Mazar.
1349 5265 1519 5323 βικίον
1571 5282 1584 5317 :
1636 5273 1763 5317 neut

522 5265 632 5342 (4'9)
660 5269 735 5323 lia
778 5266 977 5330 Vatic.,
1026 5275 1079 5319 at
1111 5265 1308 5319 Mazar.
1349 5265 1519 5335 βικίον
1571 5282 1584 5317 :
1636 5273 1887 5317 neutrum
1922 5278 2021 5316 an-

415 5334 423 5377 ¹
450 5344 584 5411 tiqui
620 5353 753 5411 usus
785 5338 1106 5411 vocabulum
1133 5347 1238 5398 est,
1270 5336 1347 5388 uti
1379 5350 1477 5411 nec
1503 5334 1679 5411 βήσα,
1706 5349 1810 5411 nec
1835 5334 2021 5411 βησξον

450 5404 636 5532 Xuttde
671 5408 981 5478 βαστξριον)
1021 5406 1160 5459 idem
1210 5406 1603 5459 recentioribus
1640 5404 2020 5472 significantia.

503 5480 886 5532 ntiuuioribus.
913 5474 1256 5532 Xenoohouti
1278 5516 1291 5532 ,
1325 5474 1604 5532 Athenaeo,
1638 5488 1691 5527 et
1721 5476 1841 5527 aliis
1874 5472 2020 5532 βίκος

503 5472 886 5549 ιιιὶιιυὶ’‹)ι·ἱ1ιυέ,
913 5472 1291 5549 xenophouti,
1325 5474 1604 5537 Athenaeo,
1638 5488 1691 5527 et
1721 5476 1841 5527 aliis
1873 5472 2021 5549 βξκος

455 5544 633 5615 (unde
680 5548 880 5617 βικίον)
917 5556 998 5601 est
1053 5560 1145 5600 vas
1186 5544 1267 5598 vel
1304 5559 1437 5597 urna
1485 5557 1676 5598 ausata
1726 5559 1823 5598 seu
1856 5545 2019 5597 etiam

491 5619 733 5671 oliolutn.

454 5620 776 5755 ύυὲξῶηὲξο.
807 5683 1005 5747 Vatic.,
1035 5685 1097 5737 τὸ
1135 5684 1356 5755 δόκιμον
1389 5683 1877 5755 ἕχειλντδπρᾶγμα.

525 5752 637 5826 (51)
688 5753 911 5808 Videtur
962 5757 1125 5809 alludi
1177 5752 1265 5810 ad
1305 5752 1448 5809 illud
1495 5752 1695 5809 l'salnt.
1758 5769 1881 5820 xu,
1942 5752 2015 5809 8:

2122 4535 2150 4591 ὃ
2196 4535 2431 4598 ἄϐυσσος
2484 4536 2739 4597 ἄϐυσσον,
2772 4537 2866 4588 καὶ
2909 4538 3041 4605 χάος
3068 4538 3217 4605 χάος,
3251 4534 3345 4586 καὶ
3391 4536 3647 4587 ἐπέκεινα
3675 4549 3690 4564 ·

2123 4625 2384 4686 πολλάκις
2417 4625 2527 4694 γὰρ
2558 4623 2824 4693 κατῆλθεν
2850 4625 2906 4676 ἐν
2933 4623 3131 4692 ἐαυτῷ,
3164 4621 3257 4675 καὶ
3293 4624 3348 4673 ἐν
3392 4623 3457 4689 τῇ
3494 4619 3695 4688 καρδξᾳ

2124 4713 2290 4767 αὐτοῦ
2350 4712 2817 4783 διαλογιζόμενος,
2870 4716 2999 4782 περὶ
3046 4713 3140 4766 τοῦ
3198 4714 3421 4765 Δικαὶου
3468 4711 3689 4777 ἔλεγεν

2132 4806 2237 4859 Ἴδε
2269 4807 2491 4875 ῥήματα
2531 4805 2648 4857 θεῖα
2680 4805 2965 4875 ἀνθρώπου
2995 4802 3349 4873 νομιζομένου
3384 4800 3569 4864 σαλοῦ,
3598 4801 3695 4853 καὶ

2129 5004 2148 5036 ι
2200 4986 2445 5055 Abyssus
2478 4985 2734 5052 abyssum
2788 4983 3024 5055 invocat,
3065 4990 3267 5055 t_etc..
3309 4979 3693 5055 quod_posset

2122 5051 2382 5123 explicari
2434 5072 2450 5107 :
2497 5051 2749 5123 Abyssus
2799 5054 3049 5123 humanae
3090 5051 3421 5123 ignorantiae.
3477 5051 3694 5123 invocat

2122 5120 2376 5193 abyssum
2433 5120 2628 5178 divinie
2676 5122 2945 5185 scientiaa;
3001 5120 3102 5174 nisi
3150 5122 3200 5173 id
3253 5122 3409 5193 malis
3448 5121 3513 5172 ad
3567 5121 3692 5183 Epi-

2121 5192 2309 5263 phanii
2361 5194 2833 5263 compunctionem
2873 5206 3145 5263 revocare,
3198 5198 3255 5263 ut
3304 5192 3535 5263 abyssus
3564 5203 3691 5255 pec-

2121 5260 2226 5316 cati
2248 5264 2461 5316 dicatur
2494 5265 2746 5317 invocare
2773 5262 3023 5331 abyssum
3055 5260 3474 5331 ntisericoi'diae;
3502 5267 3693 5325 estque

2122 5334 2235 5388 hec
2268 5348 2374 5386 una
2406 5349 2469 5386 ex
2513 5343 2636 5386 octo
2681 5330 3171 5399 explicationibus,
3222 5346 3359 5397 quas
3402 5330 3533 5399 huic
3573 5331 3695 5399 loco

2122 5415 2271 5468 aptat
2303 5414 2484 5456 noster
2527 5397 2767 5455 Thomas
2800 5402 2847 5457 Ie
2890 5402 3056 5454 Βιδιηο
3097 5402 3148 5452 in
3188 5398 3409 5468 Analysi
3455 5397 3695 5451 Psalmo-

2123 5490 2259 5526 rum.
2316 5474 2469 5536 Aliae,
2526 5474 2696 5539 magis
2735 5470 2983 5525 fortassis
3045 5471 3324 5531 litterales,
3379 5469 3555 5539 minus
3590 5469 3696 5521 huc

2122 5540 2348 5597 faciunt.
2388 5542 2442 5595 ln
2491 5558 2594 5596 ms.
2620 5538 2825 5594 Mazar.
2863 5542 3024 5594 Verba
3058 5543 3200 5602 haec,
3245 5550 3297 5592 ut
3331 5538 3692 5599 obscuriora,

2124 5615 2454 5666 omittuntur
2481 5630 2494 5666 :
2537 5625 2679 5666 certe
2714 5612 2898 5664 sensui
2922 5609 3127 5663 servire
3156 5609 3362 5668 volens.
3391 5622 3486 5675 pro
3517 5607 3693 5670 κάτω,

2124 5684 2346 5750 subtus,
2381 5682 2526 5752 quod
2560 5691 2676 5737 erat
2710 5681 2763 5735 in
2798 5695 2899 5736 ms.
2926 5677 3048 5732 καθ’
3079 5680 3108 5731 ὅ
3138 5678 3448 5749 ponendum
3487 5678 3695 5746 putavi.
