4034 6214
446 299 547 365 881

446 418 615 518 01-519
644 421 904 495 ἀληθείας
940 434 1117 503 σαλοὶ,
1152 443 1198 494 οί
1252 444 1585 517 θεωροῦντες
1622 457 1807 518 αὐτὸν.
1837 465 1917 518 ὥσ

1614 341 1791 403 VITA
1834 347 1894 407 S.
1936 350 2271 420 ANDREA!
2315 364 2509 428 SALL’

3603 396 3707 457 882

1793 502 1807 525 ,
1837 473 2025 536 ῶσπερ
2055 478 2099 535 Α
2130 473 2203 529 ita
2236 492 2422 535 secum
2458 486 2524 539 de
2562 485 2677 543 viro
2725 502 2918 549 sancto
2970 496 3271 555 disserebat
3303 519 3316 557 :
3354 503 3493 562 Ecce
3546 512 3706 564 verba

448 508 585 565 κύνα
601 521 914 622 Ασεσηπότα
942 508 1457 596 ἀποόδελύσσονται.
1514 508 1687 601 Βαῦαί
1709 508 1754 604 l~

446 602 509 670 τῇ
547 602 699 715 urile:
730 609 897 715 ταύτῃ
943 620 1181 686 τοιοῦτος
1210 626 1475 700 φρόνιμος
1525 635 1621 706 οὐχ
1667 602 2025 715 εύρεθησέταί

450 694 692 765 ρωστὴρ,
758 699 789 769 ἢ
819 706 1135 776 τηλικοῦτος
1171 694 1351 783 ἅγιος.

509 1351 642 1425 σλη⁹.
681 1357 866 1416 Ταῦτα
898 1370 991 1420 τοῦ
1048 1370 1363 1443 Ἐπιφπνίου
1398 1380 1860 1456 διαλογιζομένου,
1885 1393 2010 1459 ἐγέο

436 1460 556 1497 νετο
587 1451 902 1517 συμφθάσαι
948 1459 1040 1513 τὸν
1086 1467 1286 1551 καιρὸν.
1309 1472 1406 1538 τῆς
1452 1474 1603 1539 θείας
1642 1451 2005 1552 λειτουργίας.

434 1533 528 1644 καὶ
560 1536 821 1606 ἀναστὰς,
880 1548 1152 1623 ἐπορεύθη
1188 1533 1679 1637 *ἐν’τῇμὲκκλησίᾳ
1705 1587 1717 1600 ·
1752 1533 2010 1644 εθὲέ

431 1619 499 1695 ἦν
532 1628 680 1699 αὐτῷ
710 1634 941 1692 πάντοτε
970 1619 1027 1696 έν
1058 1619 1177 1710 cui;
1202 1619 1456 1717 συνάξεσι
1481 1619 1581 1728 τῆς
1616 1619 1776 1729 ἁγίας
1809 1619 2011 1737 ἐκκληῗ

435 1716 557 1824 σίας
591 1720 740 1793 πόθῳ
789 1727 969 1801 πολλῷ
1028 1736 1328 1806 σχολάζειν,
1360 1716 1474 1799 καὶ
1531 1716 2010 1824 μεταχειρίζεσθαι

432 1808 528 1871 τὰς
556 1811 709 1883 ίεράς
742 1816 960 1886 βίϐλους
1003 1829 1140 1897 πρὸς
1176 1831 1450 1899 ὠφέλειαν
1480 1808 1580 1909 της
2047 1835 2086 1889 Β

435 1900 564 1954 Ὀτε
598 1905 691 1959 οὖν
734 1911 1096 1986 ὑπέστρεψεν,
1142 1924 1397 1997 τεθείσης
1425 1900 1868 2008 ἦς’-τραπέξης,
1902 1945 2011 2000 τῶν

430 1991 650 2062 δωρεῶν
703 1998 908 2071 Κυρίου
969 2009 1295 2077 ἀπήλαυσαν
1353 1991 1684 2093 ἀμφοτεροι·

428 2083 538 2153 γὰρ
578 2088 734 2156 κάγὼ
775 2095 802 2145 ὁ
832 2095 997 2161 τάλας
1050 2102 1254 2171 ἐκεῖσε,
1295 2083 1463 2175 μέσον
1509 2083 1685 2181 ἁγίων
1730 2083 2007 2191 're'za'éod,

427 2175 501 2240 ὡς
528 2179 676 2233 κύων
704 2184 1123 2259 ἀσχολούμενος,
1157 2199 1251 2251 καὶ
1280 2201 1388 2254 τῶν
1415 2190 1804 2276 πνευματικῶν
1830 2215 2008 2271 αὐτῶν

426 2270 656 2338 ὁμιλιῶν
710 2278 1020 2339 ἀπολαύων.
1056 2288 1166 2342 Καὶ
1212 2292 1321 2365 γὰρ
1370 2296 1431 2348 ὲκ
1478 2270 1798 2371 Πνεύματος
1853 2309 2005 2376 ἁγίου

428 2363 679 2431 γλώσσας
709 2369 1012 2441 ἀλλογενῶν
1036 2363 1347 2453 ἡρμήνευεν
1376 2388 1497 2443 οἵαν
1524 2409 1608 2456 τις
1626 2363 1847 2465 ἤθελεν,
1880 2363 2005 2457 οὔτε

426 2456 534 2508 τῶν
566 2460 894 2533 ἀπορρήτων
937 2471 1034 2539 τῆς
1064 2473 1287 2546 Γραφῆς
1336 2497 1388 2532 τι
1431 2456 1761 2541 ἐλάνθανεν
1805 2456 1874 2563 ἦν
1898 2495 2005 2567 γὰρ

429 2549 597 2618 αὐτὴν
636 2552 821 2623 ἄκρως
868 2564 1322 2633 πεπαιδευμένος.
1345 2564 1454 2624 Ἶίν
1484 2573 1541 2626 δὲ
1579 2579 1674 2630 καὶ
1701 2549 1884 2647 ἁγνὸς,
1908 2549 2006 2639 ’καὶ

428 2638 728 2707 εὔγλωττος
759 2648 1129 2723 γλώσσῃ,-καὶ
1164 2658 1367 2723 γνῶσιν
1407 2662 1547 2732 ἔχων
1595 2669 2001 2741 ἀσυνείκαστον,

429 2729 572 2785 ὥστε
624 2736 693 2789 τὰ
731 2738 902 2794 εἴκοσι
939 2744 1177 2817 τέσσαρα
1214 2756 1450 2822 στοιχεῖα
1488 2757 1597 2810 τῶν
1636 2765 2001 2834 γραμμάτων,

426 2820 599 2887 οὕτως
623 2826 692 2879 τὰ
718 2832 878 2901 νοερά
898 2849 955 2885 τε
982 2839 1072 2888 καὶ
1099 2820 1361 2912 αἰσθητὰ,
1378 2847 1484 2899 ἀπὸ
1512 2820 2004 2928 φοϐερᾶςιθιεωρίας

428 2914 740 2985 Πνεύματος
766 2923 924 2989 ἁγίου
956 2928 1276 2994 ἐγίνωσκεν.
1323 2934 1463 2989 Ἄλλ’
1489 2914 1571 2991 ὅτι
1606 2914 1752 3015 μδνω
1796 2914 1918 3015 ἐμοί
1944 2914 2002 3003 τέ

425 3008 517 3061 καὶ
559 3009 857 3085 Ἐπιφανίῳ
880 3016 1096 3087 ὡμίλει,
1123 3024 1282 3093 ἡνίκα
1313 3032 1447 3099 πρός
1478 3048 1542 3099 με
1578 3008 1873 3112 ἐγένετο,.ἢ
1904 3044 2003 3097 πάι⁸

424 3099 511 3152 λαι
547 3104 681 3170 πρὸς
728 3106 916 3162 τοῦτον
963 3114 1312 3184 ἐπεδήμησεν
1340 3136 1353 3151 ·
1387 3121 1561 3194 ἑτέρῳ
1607 3125 1663 3179 δέ
1714 3146 1818 3183 τινι
1876 3132 1999 3190 οὔτε

425 3193 529 3247 κᾶν
555 3193 710 3263 ψιλὸν
743 3194 900 3267 λόγον
934 3206 1063 3273 περὶ
1095 3207 1334 3279 Γραφῆς.

2134 565 2314 625 divina
2351 573 2588 635 hominis
2616 622 2629 645 ,
2673 586 2764 652 qui
2795 589 2996 655 passim
3033 606 3062 644 e
3112 593 3433 651 stolidarum
3484 617 3709 655 numero

2136 657 2361 717 habetur
2390 683 2530 724 unus
2572 690 2585 726 :
2633 684 2688 728 at
2722 676 2794 730 illi
2845 695 2967 734 vere
2998 684 3214 749 stolidi,
3248 689 3337 755 qui
3379 692 3593 759 quoties
3624 694 3707 761 ip-

2131 764 2248 805 sum
2284 758 2497 826 vident,
2529 779 2635 818 non
2670 768 2848 826 minus
2886 789 3045 841 quam
3087 777 3289 831 ulidum
3325 795 3511 834 canem
3546 799 3707 837 exse.

2120 1495 2309 1558 turgiae
2342 1507 2554 1567 tempus
2586 1506 2774 1569 adest,
2827 1525 2997 1578 quare
3044 1530 3272 1583 surgens
3320 1518 3372 1571 in
3406 1521 3692 1576 ecclesiam
3758 1578 3763 1585 ,

2120 1583 2275 1639 abiit.
2323 1589 2676 1650 Consuetudo
2728 1614 2961 1671 namque
3001 1606 3100 1675 ipsi
3140 1606 3252 1674 jam
3308 1612 3511 1678 pridem
3543 1596 3697 1669 in°va~

2120 1673 2335 1744 luerat,
2392 1694 2448 1735 ut
2495 1688 2666 1743 sacris
2719 1690 2772 1745 in
2821 1695 3020 1763 templo
3070 1701 3304 1756 ctetihus
3340 1719 3535 1772 magno
3568 1721 3694 1761 cum

2121 1765 2336 1824 fervore
2387 1788 2603 1843 semper
2640 1778 2959 1847 interesset,
3018 1803 3317 1860 sacrosque
3376 1796 3442 1848 ad
3499 1796 3696 1852 anima:

2113 1874 2226 1913 suae
2284 1864 2710 1923 emolumentum
2775 1873 2941 1931 libros
3005 1880 3255 1936 manibus
3311 1893 3529 1939 tereret.
3586 1886 3693 1941 Ubi

2118 1963 2302 2020 postea
2338 1960 2560 2013 revertit
2595 1977 2623 2015 e
2660 1967 2881 2033 templo,
2916 1972 3168 2038 apposita
3198 1974 3384 2030 mensa
3420 1985 3521 2042 est,
3553 1978 3695 2032 divi-

2118 2044 2311 2113 nisque
2349 2064 2451 2101 una
2487 2067 2610 2105 cum
2640 2055 2856 2111 Andrea
2893 2060 3052 2115 donis
3081 2078 3202 2119 sese
3235 2068 3523 2122 recreavit.
3582 2068 3693 2123 Ad-

2112 2148 2260 2187 eram
2283 2146 2335 2190 et
2362 2153 2457 2208 ego
2490 2156 2707 2213 quoque
2737 2146 2870 2214 ipse,
2896 2151 3235 2209 miserrimus
3260 2156 3524 2218 omnium.
3553 2159 3692 2213 inter

2112 2237 2332 2282 sanctos
2377 2230 2465 2283 Dei
2501 2232 2737 2291 famulos
2772 2239 2848 2292 uti
2880 2244 3034 2296 canis
3073 2260 3332 2309 versans,
3384 2248 3692 2319 divinisque

2110 2332 2299 2373 eorum
2334 2323 2623 2393 colloquiis
2665 2345 2747 2382 me
2782 2347 3054 2388 recreans.
3089 2334 3297 2389 Etenim
3334 2341 3692 2407 qualemcun-

2110 2427 2217 2477 que
2245 2415 2621 2483 explicandam
2664 2422 2861 2491 aliquis
2890 2427 3177 2482 obtulisset
3218 2433 3554 2500 peregrinam
3592 2433 3690 2486 liu-

2111 2517 2269 2571 guam
2293 2545 2308 2570 ,
2352 2512 2527 2563 sancti
2568 2510 2802 2580 Spiritus
2849 2516 3109 2572 instinctu
3142 2521 3390 2588 expedite
3420 2521 3687 2591 interpre-

2110 2594 2350 2660 tabatur,
2390 2614 2488 2654 nec
2531 2602 2714 2658 minus
2742 2614 2859 2659 erat
2894 2618 3136 2661 versatus
3180 2610 3232 2662 in
3274 2610 3682 2666 obscurissimis

2107 2684 2416 2756 quibusque
2490 2690 2625 2746 locis
2700 2709 2871 2750 sacrm
2941 2697 3238 2767 Scriptura:
3310 2701 3682 2771 exponendis,

2107 2786 2289 2845 utpote
2322 2781 2779 2848 perfectissimam
2824 2788 2970 2843 illius
3016 2790 3428 2861 intelligentiam
3468 2803 3684 2848 nactus.

2108 2868 2237 2923 Erat
2268 2881 2526 2941 praeterea
2568 2878 2797 2947 insignis
2849 2882 3209 2950 castimonia,
3261 2894 3379 2939 erat
3422 2884 3685 2940 facundus

2106 2961 2331 3029 lingua,
2385 2976 2502 3019 erat
2553 2969 2812 3037 praeditus
2861 2971 3090 3026 scientia
3125 2981 3232 3026 tam
3284 2974 3590 3043 singulari,
3630 2984 3687 3029 ut

2105 3051 2293 3120 viginti
2328 3064 2564 3123 quatuor
2593 3059 2897 3114 litterarum
2930 3063 3196 3118 elementa
3224 3105 3237 3130 ,
3291 3075 3398 3120 tam
3432 3078 3554 3136 qua:
3585 3067 3687 3122 sub

2108 3141 2467 3212 intellectum,
2495 3164 2658 3217 quam
2692 3167 2809 3220 qua:
2830 3153 2933 3207 sub
2956 3169 3173 3209 sensum
3206 3158 3428 3221 cadunt,
3452 3157 3685 3212 mirabili

2022 3214 2069 3276 (ἶ
2102 3232 2337 3301 Spiritus
2366 3214 2538 3293 sancti
2566 3242 2924 3300 illustratione
2948 3249 3167 3317 penitus
3214 3251 3546 3318 pervaderet.
3583 3248 3685 3303 Ve-

2146 3294 2158 3301 ,
2570 3294 2575 3295 ,
2612 3294 2641 3295 ρ
2842 3294 2923 3300 ν---
2948 3294 3166 3317 ,,-..--_-
3215 3294 3294 3318 γυ.
3320 3294 3546 3305 ...ην-ν..
3600 3294 3655 3303 .-

427 3296 726 3345 rumtamen
751 3294 1034 3350 scientiam
1069 3300 1212 3354 illam
1234 3318 1447 3359 mecum
1476 3309 1820 3369 solummodo
1850 3325 2048 3376 etcum
2077 3325 2401 3398 Epiphanio,
2423 3335 2641 3402 quando
2684 3338 3005 3395 alterutrum
3040 3345 3403 3403 ccuveuisset.
3435 3360 3684 3399 commu-

427 3382 601 3403 ηιμ---
823 3396 836 3403 -
1042 3390 1053 3403 .
1122 3394 1152 3403 ..

493 3473 625 3528 σλθ’.
658 3474 789 3529 Εἶτα
819 3480 1199 3552 καθεζομένων
1229 3490 1386 3558 ἡμῶν
1428 3497 1521 3548 καὶ
1553 3498 1861 3566 ἐσθιόντων,
1891 3506 1995 3576 ἔφη

435 3566 748 3635 Ἐπιφάνιος
806 3571 883 3640 τῷ
941 3574 1147 3643 Ὀσίῳο
1191 3580 1372 3648 Πάτερ
1425 3602 1548 3654 μου,
1600 3592 1652 3642 τί
1704 3566 2000 3664 ἑρμηνεύει

422 3658 628 3726 ἄρτος;
675 3660 731 3715 ὐ
780 3664 997 3729 Δίκαιος
1043 3669 1147 3740 ἔφη
1170 3687 1183 3702 ·
1214 3674 1286 3744 Τὸ
1324 3676 1549 3732 δέκατον
1580 3684 1673 3734 καὶ
1818 3658 2001 3743 διακο-

423 3754 634 3805 σιοστὸν
663 3756 691 3807 ὁ
733 3758 894 3824 σοφὸς
928 3759 1260 3831 ὑποκλέψας,
1310 3766 1512 3838 ὤφειλε
1567 3776 1788 3829 καλέσαι
1837 3782 2000 3834 αὐτὸν

421 3842 661 3911 ἄριστον,
696 3849 788 3899 καὶ
820 3849 1080 3904 ἐκάλεσεν
1109 3855 1294 3925 ἄρτον.
1332 3858 1391 3912 '0
1431 3863 1487 3916 δὲ
1528 3864 1845 3933 Ἐπιφάνιος
1879 3889 1999 3939 μει-

419 3932 611 3999 διάσας
641 3939 729 3991 ἐπὶ
760 3939 955 4012 τούτῳ,
979 3945 1141 3999 πάλιν
1170 3952 1300 4019 περ)⁸
1327 3954 1714 4026 ἁκαταλήπτου
1745 3960 1998 4032 θεότητος

421 4026 572 4097 φὸὅῳ
599 4029 776 4101 πολλῷ
825 4033 1067 4102 ὡμίλουν
1101 4038 1472 4113 διαλεγόμενοι
1525 4050 1823 4120 ἀμφότεροι
1848 4071 1863 4085 ο
1891 4026 1998 4109 -ὄτι

425 4120 641 4190 πνεῦμά
663 4124 866 4195 ἐστινὴ
895 4125 1105 4199 θεότης,
1135 4132 1274 4204 ὑπὲρ
1302 4137 1480 4190 πάντα
1503 4140 1667 4193 αὑτοῦ
1697 4142 1767 4195 τὰ
1799 4149 2000 4218 ποιητά

422 4211 710 4281 πνεύματα
764 4217 1213 4291 ἀποκρυφότερόν
1260 4243 1319 4279 τε
1377 4230 1470 4281 καὶ
1524 4232 1847 4305 ἀδηλότερον
1904 4211 1999 4294 καὶ

420 4300 669 4367 ἀθέατον,
719 4305 893 4374 γλυκὺ
947 4312 1153 4383 σφόδρα
1206 4321 1298 4370 καὶ⁵
1330 4300 1624 4390 ἀκόρεστον
1678 4300 1763 4396 τῇ.
1798 4329 1995 4402 ἡδονῇ,

419 4391 769 4463 λεπτότατον,
819 4400 1190 4475 ὐπεράπειρον
1234 4410 1329 4462 καὶ
1381 4416 1631 4483 φρικτὸν,
1685 4421 1854 4475 πολλὰ
1897 4426 1996 4492 μὲν

419 4486 729 4556 νοούμενον,
766 4494 892 4546 ἐπεὶ
933 4499 965 4562 ἡ
1009 4499 1164 4552 ούσία
1194 4502 1358 4556 αὑτοῦ
1406 4508 1838 4579 ἀπερίγραπτος,
1874 4517 1997 4569 ὅσον

419 4583 565 4633 ἐστὶν
610 4586 707 4637 καὶ
760 4586 984 4659 θεωρεῖν
1009 4594 1068 4672 οὐ
1100 4594 1345 4664 δύναται,
1389 4601 1478 4654 διὰ
1523 4604 1585 4655 τὸ
1615 4606 1705 4658 τὸν
1750 4609 1872 4661 νοῦν
1917 4612 1992 4683 μὴ

417 4676 615 4741 χωρεῖν
642 4676 734 4729 τὸν
764 4664 1128 4750 ἀνθρώπινον.
1166 4689 1335 4743 Ὅταν
1363 4693 1457 4746 οὖν
1486 4696 1673 4767 ἀνοίξῃ
1697 4702 1787 4752 καὶ
1821 4664 1991 4773 ὀφθή-ἶ

418 4780 589 4831 σεται,
623 4763 667 4836 ᾧ
704 4772 974 4841 βούλεται,
1009 4779 1191 4847 χέεται
1220 4783 1279 4834 τὸ
1312 4785 1433 4852 μέλι
1478 4787 1575 4852 τῆς
1618 4763 1906 4859 ἀστραπῆς
1933 4763 1990 4846 έν

416 4862 614 4933 καρδίᾳ
643 4865 999 4941 γλυκύτερον,
1040 4876 1133 4927 καὶ
1186 4877 1420 4945 ἁρπάζει
1464 4882 1717 4950 φοϐερὸς,
1760 4886 1851 4937 καὶ
1890 4887 1991 4955 οὐχ

416 4952 674 5008 ἵσταται·
707 4960 853 5027 μάλα
901 4963 956 5016 δὲ
1009 4966 1243 5036 γαληνόν
1275 4970 1389 5022 ἐστι
1445 4971 1540 5024 καὶ
1598 4974 1843 5041 εὐμενὲς,
1900 4952 1994 5031 καί

415 5045 747 5119 ἀπόρρητον,
779 5055 885 5106 τινὶ
920 5057 994 5126 μὴ
1024 5061 1489 5130 παρεικαζόμενον
1522 5063 1582 5116 τὸ
1615 5064 1857 5123 σύνολον.

2177 3516 2299 3571 239.
2348 3518 2539 3577 Postea
2567 3527 3055 3591 ,accumbentibus
3108 3530 3265 3585 nobis
3313 3534 3683 3589 vescentibus-

2103 3622 2232 3676 que,
2262 3610 2605 3682 interrogans
2656 3617 3341 3689 Andream_Epiphauius:
3388 3620 3458 3675 Mi
3498 3621 3679 3689 Pater,

2106 3700 2326 3768 inquit,
2402 3706 2678 3773 quomodo
2733 3709 3181 3778 interpretandus
3235 3721 3320 3765 est
3367 3712 3532 3781 ἄρτος
3584 3729 3682 3770 seu

2101 3793 2299 3856 panis?
2331 3794 2430 3845 Cui
2464 3796 2713 3850 Andreas
2752 3815 2765 3851 :
2800 3801 3130 3863 SubtraCtis,
3165 3814 3217 3855 et
3244 3819 3365 3872 qua:
3403 3806 3588 3858 decem
3630 3815 3683 3859 et

2103 3896 2223 3947 quae
2270 3882 2508 3937 ducenta
2543 3888 2722 3939 valent
2766 3891 3050 3945 elementis
3086 3893 3220 3962 (52),
3270 3895 3559 3962 appellavit
3592 3908 3681 3948 sa-

2103 3972 2259 4039 piens
2290 3972 2455 4041 ἀρτον
2483 3990 2577 4030 seu
2609 3993 2800 4046 panem
2820 4020 2835 4044 ,
2865 3985 3009 4049 quod
3044 3982 3266 4052 ἄριστον
3294 4001 3389 4039 seu
3424 3990 3681 4053 optimum

2102 4067 2377 4131 appellare
2411 4069 2695 4123 debuerat.
2727 4071 2955 4141 Excepit
2986 4090 3304 4143 responsum
3344 4077 3680 4147 Epiphanius

2100 4159 2254 4210 suavi
2299 4174 2422 4213 cum
2480 4162 2592 4215 risu
2631 4182 2643 4217 :
2694 4171 2806 4217 tum
2849 4168 2915 4219 ad
2952 4167 3326 4222 sublimiorem
3366 4170 3432 4222 de
3476 4171 3682 4224 incom-

2106 4248 2455 4317 prebensibili
2517 4252 2627 4307 Deo
2676 4270 2983 4310 sermonem
3011 4298 3026 4322 ,
3078 4271 3237 4311 sacro
3272 4258 3507 4327 quodam
3552 4274 3676 4313 cum

2107 4340 2365 4408 horrore,
2419 4360 2477 4398 se
2524 4356 2921 4401 converterunt
2969 4348 3153 4413 ambo,
3216 4350 3461 4413 alentes,
3510 4351 3677 4407 Deum

2107 4447 2229 4487 esse
2275 4435 2550 4504 spiritum,
2586 4439 2842 4493 omnibus
2881 4454 3017 4509 quas
3044 4440 3286 4495 condidit
3319 4440 3483 4495 rebus
3513 4442 3680 4511 spiri-

2107 4526 2346 4582 tualibus
2398 4529 2555 4600 longe
2600 4531 3041 4587 excellentiorem
3069 4572 3084 4597 ,
3130 4535 3282 4602 longe
3322 4536 3493 4601 magis
3525 4551 3679 4591 arca-

2101 4633 2230 4671 num
2260 4658 2273 4681 ,
2341 4620 2499 4689 longe
2544 4636 2573 4675 a
2626 4624 2940 4692 cognitione
2969 4635 3021 4678 et
3054 4624 3227 4679 oculis
3259 4628 3465 4683 nostris
3494 4643 3680 4683 remo-

2099 4712 2335 4777 tiorem;
2386 4728 2507 4767 esse
2548 4714 2802 4783 spiritum
2858 4717 3100 4785 apprime
3144 4733 3406 4786 suavem,
3468 4720 3680 4776 infinite

2093 4800 2431 4868 jucundum,
2472 4804 2972 4873 simplicissimum,
3024 4808 3191 4862 nullis
3225 4812 3677 4877 comprehensum

2102 4894 2386 4957 terminis,
2426 4896 2708 4964 majestate
2742 4899 3069 4965 verendum;
3106 4916 3228 4955 esse
3277 4902 3566 4970 spiritum,
3610 4906 3677 4989 de

2099 4999 2209 5051 quo
2268 4986 2435 5040 multa
2480 4987 2696 5053 quidem
2738 5000 2919 5042 mente
2951 4992 3330 5059 concipimus,
3376 4993 3503 5063 quia
3547 5006 3675 5045 vero

2101 5074 2340 5127 essentia
2390 5075 2509 5142 eius
2562 5077 2810 5131 terminis
2870 5078 3244 5134 circumscribi
3291 5097 3397 5135 non
3450 5088 3671 5147 potest,

420 5151 655 5206 quantus
695 5146 786 5207 sit,
862 5147 1169 5219 intelligere
1236 5154 1552 5222 nequimus,
1599 5158 1835 5211 humana
1871 5170 2052 5215 mente
2094 5164 2160 5217 ad
2230 5174 2336 5217 tam
2396 5168 2648 5221 abstrusa
2705 5173 2970 5241 capienda
3025 5188 3085 5227 se
3148 5189 3256 5227 non
3316 5174 3667 5229 extendente.

422 5226 647 5294 Quando
696 5244 880 5290 autem
933 5254 991 5293 se
1026 5240 1141 5308 ipse
1191 5244 1275 5296 cui
1308 5244 1423 5297 vult
1453 5246 1762 5303 exhibuerit
1794 5249 2113 5319 videndum,
2145 5255 2374 5310 effundit
2437 5257 2491 5311 in
2524 5275 2619 5313 cor
2647 5263 2766 5330 ejus
2828 5265 3071 5318 melleam
3138 5267 3430 5334 quamdam
3483 5264 3670 5331 splen-

423 5321 572 5382 doris
598 5330 679 5383 sui
713 5329 1081 5400 dulcedinem,
1113 5346 1167 5389 et
1200 5338 1339 5406 rapit
1366 5346 1583 5395 eum-ad
1617 5356 1675 5396 se
1736 5342 2131 5412 vehementius,
2194 5363 2361 5403 morae
2424 5351 2736 5420 impatiens.
2769 5353 2902 5411 Esse
2958 5355 3195 5425 denique
3232 5357 3484 5425 spiritum
3517 5354 3671 5412 valde

423 5420 774 5490 trauquLllum
806 5461 821 5483 ,
872 5425 1191 5481 benevolum
1216 5469 1230 5492 ,
1274 5430 1457 5485 verbis
1510 5432 1943 5502 inexplicabilem
1967 5473 1983 5499 ,
2025 5438 2230 5509 quique
2256 5443 2402 5495 nulla
2437 5445 2659 5500 ornnino
2684 5462 2807 5500 cum
2838 5462 2894 5501 re
2924 5447 3228 5516 comparari
3260 5456 3460 5514 potest.

487 5519 599 5583 σμ’.
629 5515 814 5579 Οὕτως
842 5516 934 5569 οὖν
968 5518 1029 5569 τὸ
1054 5519 1237 5574 ὲπάνω
1259 5521 1354 5575 τοῦ
1388 5523 1764 5595 στερεώματος
1787 5526 1880 5578 τοῦ
1904 5530 1993 5581 οὐ-

2173 5535 2300 5589 240.
2333 5536 2409 5591 lta
2445 5538 2558 5593 fere
2595 5539 2739 5610 quod
2768 5554 2931 5607 supra
2969 5540 3370 5595 ﬁrmamentum
3405 5542 3529 5599 caeli
3560 5554 3663 5614 est,

489 5694 603 5760 (52)
636 5696 960 5794 Graecoruml
1005 5705 1313 5761 ﬂllmtfl'alt‘s
1381 5706 1574 5761 littera:
1645 5708 1723 5763 sic
1785 5707 2082 5776 procedunt
2144 5723 2202 5771 ut
2252 5722 2279 5770 ι’
2330 5717 2416 5783 10,
2472 5720 2654 5774 σ’200
2703 5719 2953 5790 valeant;
3005 5722 3202 5794 quibus
3252 5725 3542 5784 subtractis
3590 5736 3659 5781 ex

412 5779 664 5834 ἀριστος,
703 5779 885 5825 tuane!
930 5772 1112 5838 ἄρτοςο
