4034 6214
407 322 517 389 885

1587 335 1758 395 VITA
1801 337 1858 394 S;
1907 336 2239 396 ANDREIE
2283 337 2474 398 SALI.

3566 348 3673 411 886

407 433 570 492 αὑτὸν
610 433 670 486 ιν
696 433 792 503 ὅλῃ
817 433 1040 506 Ὺᾶρδίᾳ
1073 441 1192 504 σοῦ,
1227 453 1321 492 και
1367 440 1676 510 προσεύχου
1720 443 1974 512 αὑτῴισυε

2101 444 2276 500 fessor
2305 446 2443 516 (55),
2477 455 2530 502 et
2559 463 2681 504 sors
2720 456 2807 504 tua
2841 463 2965 504 cum
2998 452 3203 509 sanctis
3233 454 3414 511 futura
3443 468 3548 514 est.
3585 459 3666 516 Tu

401 527 550 599 χνῶς
578 524 715 595 μετὰ
744 525 952 580 πολλῶν
970 527 1221 600 δακρύων
1243 546 1256 562 ’
1287 533 1535 602 μέμνησο
1553 533 1608 586 δέ
1633 551 1732 603 μου
1762 535 1989 588 πάντοτε

403 619 463 670 ἐν
496 618 612 679 ταῖς
647 616 818 684 ἱεραῖς
851 633 944 670 σου
995 619 1316 693 ἀναφοραῖς,
1349 623 1509 693 ήνίκα
1546 624 1873 695 λειτουργῶν
1913 629 1989 696 τῷ

412 706 603 776 Κυρίῳ
657 708 993 778 παρίστασαι
1037 712 1203 784 πολλῇ
1235 717 1302 784 τῇ
1340 717 1480 768 αίδοῖ
1525 717 1618 770 καὶ
1657 720 1990 772 καταστάσει

408 798 507 867 τῆς
539 803 1043 874 ταπεινοφροσύνης
1069 820 1084 836 ⁸
1121 809 1212 858 καὶ
1246 808 1353 860 ἰδοὺ
1383 809 1584 880 Κύριος
1613 812 1641 864 6
1665 810 1794 873 Θεὸς
1822 813 1991 882 ὑπερ-

406 891 519 944 άνω
569 892 934 963 ὑπερασπίσει
985 915 1120 962 σου,
1179 899 1318 970 ὑπὲρ
1373 903 1556 972 πάσης
1605 905 2023 968 καταστάσεως

403 983 874 1053 προμυθούμενος.
936 988 1134 1060 Ἰδοὺή
1187 990 1671 1066 ὑπερευλογημένη
1718 996 1811 1047 καὶ
1842 996 1988 1048 δεδο-

406 1074 651 1143 Εααμένη
698 1075 1146 1148 Θεογεννήτειρα,
1178 1079 1316 1150 αὕτη
1356 1082 1689 1153 ὃιυὸἐρνησις
1717 1085 1813 1139 καὶ
1840 1086 1987 1139 ἀντί-

403 1165 565 1234 ληψίς
598 1183 678 1219 σοι
699 1169 1012 1239 γενήσεται.
1049 1171 1219 1243 Δεῦρο
1252 1171 1366 1236 οὖν,
1415 1176 1626 1242 τέκνον,
1663 1180 1755 1231 καὶ
1793 1179 1985 1232 κλίνω-

408 1273 507 1324 μεν
545 1257 670 1324 γόνυ
701 1258 752 1310 οί
802 1261 1109 1332 ἀμφότεροι,
1152 1264 1341 1334 Κυρίῳ
1373 1268 1450 1336 τῷ
1496 1267 1633 1338 Θεῷ,
1673 1270 1763 1322 καὶ
1808 1271 1868 1322 τὸ
1893 1287 1986 1322 τε-

405 1348 648 1404 λευταῖον
678 1351 1127 1422 προσευξώμεθα.
1158 1355 1265 1408 Καὶ
1288 1357 1584 1418 κλινάντων
1611 1361 1759 1428 γόνυ,
1780 1361 1982 1430 ἤρξατο

407 1441 802 1512 προσεύχεσθαι
831 1444 860 1496 6
895 1445 1081 1508 Ὄσιος
1114 1445 1332 1510 οὓτως·-

485 1727 623 1798 σμβ’.
667 1727 729 1783 Ὀ
761 1729 972 1801 Πατὴρ,
1009 1732 1038 1784 6
1085 1731 1233 1796 Υίδς,
1287 1733 1380 1787 καὶ
1411 1734 1468 1787 τὸ
1521 1735 1676 1805 ἅγιον
1734 1739 1978 1810 Πνεῦμα,

2063 569 2068 572 -
2100 554 2248 604 vero,
2292 539 2388 605 illi,
2422 540 2647 607 videsis,
2680 553 2733 596 ut
2767 559 3042 615 nunquam
3079 547 3265 601 animo
3297 560 3390 605 tuo
3424 553 3673 609 elahatur

2097 629 2264 683 timor
2311 631 2564 698 Domini;
2616 649 2679 688 ex
2711 642 2823 688 toto
2854 637 3021 692 corde
3062 649 3153 691 tuo
3197 639 3360 708 dilige
3397 641 3544 694 illum
3570 683 3584 705 ,
3621 655 3667 696 et

2095 720 2290 775 crebro
2319 723 2504 776 multis
2533 739 2655 777 cum
2698 725 2952 796 lacryinis
2993 742 3240 795 precare.
3307 727 3667 794 Quotiesculr

2095 827 2199 879 que
2245 815 2653 868 sacrificaturus
2701 818 2908 871 astabis
2955 833 3139 871 coram
3189 818 3438 881 Domino,
3499 822 3668 872 multa

2094 917 2216 956 cuin
2247 905 2544 959 reverentia
2574 916 2628 958 ct
2662 907 2990 970 humilitate,
3023 921 3296 962 memento
3325 925 3538 976 semper
3569 911 3673 962 mei

2093 993 2146 1048 in
2200 996 2402 1051 sanctis
2451 997 2822 1053 oblationibus
2879 1000 3015 1064 tuis;
3069 1011 3122 1053 et
3175 1000 3440 1054 Dominus
3499 1001 3667 1062 Deus,

2092 1103 2419 1157 quocunque
2469 1089 2522 1143 in
2561 1098 2703 1144 statu
2753 1089 2924 1144 fueris
2949 1131 2964 1156 ,
3003 1102 3053 1145 te
3094 1094 3478 1164 propugnabit.
3509 1093 3669 1157 Ecce,

2091 1197 2212 1250 quae
2261 1197 2426 1251 supra
2479 1183 2700 1237 modum
2748 1184 3030 1237 benedicta
3093 1193 3147 1238 et
3205 1185 3506 1255 glorificata
3560 1199 3668 1253 est,

2091 1283 2278 1328 sancta
2329 1273 2420 1327 Dei
2478 1273 2719 1328 Geuitrix
2768 1285 2817 1328 te
2859 1285 3058 1343 tuaque
3099 1276 3423 1345 gubernabit
3473 1281 3668 1332 rei-ti;-

2091 1365 2228 1420 sime
2273 1380 2335 1419 ac
2370 1365 2640 1420 defendet.
2687 1366 2800 1421 lluc
2839 1367 2988 1431 ades,
3026 1369 3136 1433 fili;
3187 1368 3468 1424 flectamus
3501 1373 3663 1426 simul

2091 1469 2262 1520 genua
2298 1462 2483 1506 nostra
2541 1453 2770 1508 Domino
2825 1456 2956 1520 Deo,
3014 1473 3324 1526 supremam
3360 1463 3662 1515 orationem

2090 1550 2248 1602 simul
2292 1549 2502 1616 fusuri;
2541 1549 2756 1620 illisque
2804 1550 2976 1616 flexis,
3013 1551 3082 1606 ita
3121 1561 3334 1608 oratum
3368 1565 3449 1608 cst
3482 1571 3509 1608 ιι
3546 1558 3664 1608 viro

2087 1654 2318 1698 sancto:

2157 1736 2282 1789 262.
2333 1737 2514 1800 Pater,
2563 1737 2685 1804 Fili,
2742 1748 2795 1792 et
2850 1738 3086 1808 Spiritus
3147 1751 3366 1802 sancte,
3425 1743 3662 1796 Trinitas

407 1819 575 1890 Τριὰς
608 1821 642 1891 ή
688 1819 948 1884 ζωοπςιὸς
977 1825 1070 1876 καὶ
1113 1826 1394 1894 ὁμοούσιος
1438 1829 1529 1880 καὶ¹
1572 1829 1858 1901 σύνθρονος
1889 1834 1974 1885 καὶ

2087 1828 2328 1893 viviﬁca,
2361 1830 2414 1884 in
2447 1831 2749 1886 substantia
2785 1833 2994 1891 eadem.
3027 1834 3076 1886 in
3106 1836 3276 1903 gloria
3299 1836 3523 1904 aequalis
3547 1877 3562 1902 ,
3602 1839 3654 1889 in

406 1911 718 1982 ἀμέριστος,
765 1916 1190 1984 παρακαλοῦμεν
1224 1935 1283 1971 σε
1317 1921 1364 1972 oi
1395 1922 1647 1991 πένητες,
1683 1924 1776 1975 καὶ
1820 1923 1976 1989 ξένοι,

407 2007 500 2059 καὶ
525 2009 752 2076 πτωχοὶ,
781 2011 873 2062 καὶ
896 2012 1117 2078 γυμνοὶ,
1145 2015 1236 2063 καὶ
1265 2014 1340 2084 μὴ
1368 2013 1584 2083 ἔχοντες
1610 2018 1710 2085 τὴν
1739 2019 1982 2089 κεφαλὴν

408 2098 512 2151 ποῦ
571 2099 782 2152 κλῖναι·
825 2100 1010 2154 ἕνεκεν
1063 2102 1156 2154 τοῦ
1193 2105 1452 2173 ὀνόματός
1487 2123 1580 2159 σου
1629 2107 1882 2177 κλίνομεν
1921 2111 1982 2163 τὸ

404 2191 534 2259 γόνυ
561 2195 661 2262 τῆς
689 2191 864 2263 ψυχῆς
901 2197 994 2247 aut
1025 2193 1120 2248 τοῦ
1165 2193 1436 2265 σώματος,
1475 2199 1566 2251 καὶ
1611 2200 1709 2268 τῆς
1754 2201 1980 2272 καρδίας

405 2281 616 2335 καὶτοῦ
663 2283 990 2354 πνεύματος,
1027 2287 1120 2340 καὶ
1165 2286 1398 2356 δεόμεθά
1452 2305 1546 2341 σου
1586 2290 1680 2342 καὶ
1731 2308 1982 2360 παρακα-

402 2373 620 2444 λοῦμεν,
655 2375 752 2428 καὶ
783 2377 1096 2446 ἱκετεύομεν
1129 2395 1211 2441 σε,
1242 2379 1269 2429 ὁ
1318 2380 1470 2442 Θεὸς,
1507 2383 1534 2434 6
1563 2381 1696 2446 Θεὸς
1729 2383 1789 2435 τὸ
1820 2385 1978 2452 φοϐε-

404 2468 496 2537 ρὸν
539 2467 709 2538 δνομα
754 2468 1000 2534 Σαϐαὼθ,
1037 2471 1207 2538 ἀγαθὲ
1247 2472 1341 2524 καὶ
1383 2473 1504 2540 άγιε
1536 2475 1803 2539 Δέσποτα,
1846 2477 1981 2528 πλα-

403 2553 630 2631 στουργὲ
661 2561 860 2630 ποιητὰ
888 2563 1306 2634 παντοκράτωρ,
1331 2564 1507 2617 κλῖνον
1533 2568 1592 2618 r6
1617 2563 1709 2629 οὖς
1738 2585 1858 2628 σου,
1885 2571 1979 2624 καὶ

401 2651 644 2720 εὐμενῶς
679 2651 969 2723 πρόσδεξαι
1000 2653 1099 2724 τὴν
1131 2655 1414 2725 ἱκετηρίαν
1457 2657 1610 2727 ήμῶν
1650 2659 1758 2711 τῶν
1790 2677 1978 2712 ταπει-

399 2745 505 2797 νῶν
532 2743 772 2809 ἔντευξιν
796 2746 886 2798 καὶ
911 2745 1117 2815 δέησιν,
1152 2748 1246 2800 καὶ⁵
1283 2749 1618 2813 καταξίωσον
1644 2751 1790 2820 ἡμᾶς
1822 2753 1974 2818 ἀγὶαο

403 2835 594 2905 σθῆναι
641 2838 700 2888 ὲν
745 2838 810 2906 τῇ
846 2837 1073 2905 δυνάμει
1107 2855 1199 2891 σου
1231 2841 1327 2894 καὶ
1379 2842 1436 2894 ἐν
1475 2842 1551 2912 τῷ
1603 2843 1827 2912 ὀνόματί
1861 2861 1974 2904 σου,

401 2927 702 2998 οἰκτίρμων
759 2929 854 2981 καὶ
907 2929 1178 3000 ἐλεήμων,
1229 2934 1546 3004 μακρόθυμε
1578 2939 1671 2988 καὶ
1721 2937 1973 2989 πολυέλεε

405 3019 596 3088 Κύριε.
648 3016 818 3078 Ἐλθὲ,
833 3021 1042 3092 Πατὴρ,
1077 3023 1200 3085 Υἱὸς
1237 3025 1331 3078 καὶ
1362 3027 1424 3078 τὸ
1451 3027 1671 3098 Πνεῦμα
1699 3031 1757 3081 τὸ
1779 3030 1932 3096 ἅγιον
1958 3049 1970 3062 ·

404 3111 545 3176 tros,
577 3111 610 3181 ή
639 3112 845 3183 φοϐερά
871 3115 1124 3186 ἀστραπὴ
1155 3121 1250 3187 τῆς
1279 3117 1528 3188 θεότητος
1548 3137 1563 3152 ο
1597 3121 1736 3188 ἐλθὲ,
1759 3124 1820 3176 τὸ
1841 3126 1975 3194 κρά-

2084 1923 2330 1990 partibus
2367 1924 2681 1989 individua;
2729 1939 2827 1978 nos
2860 1941 3142 1992 pauperes,
3178 1927 3469 1996 peregrini,
3508 1919 3656 1982 mein-

2085 2014 2188 2066 dici
2236 2030 2300 2066 ac
2331 2015 2498 2077 nudi,
2539 2015 2631 2085 qui
2667 2016 2756 2069 ubi
2788 2028 2950 2083 caput
2995 2031 3324 2084 reponamus
3354 2034 3460 2070 non
3492 2018 3662 2072 habe-

2086 2119 2228 2166 l'llllS,
2271 2103 2630 2173 imploramus
2667 2121 2822 2174 Opem
2859 2114 3029 2170 team,
3069 2107 3398 2162 inclinantes
3441 2121 3658 2178 propter

2083 2211 2282 2250 nomen
2317 2207 2468 2250 tuum
2498 2209 2605 2252 tam
2637 2199 2834 2252 animae
2855 2214 3014 2268 quam
3052 2201 3319 2268 corporis,
3346 2209 3451 2254 tam
3475 2203 3656 2256 cordis

2085 2303 2248 2355 quam
2275 2289 2500 2357 spiritus
2532 2292 2705 2344 nostri
2735 2307 2935 2359 genua,
2968 2305 3019 2347 et
3050 2308 3272 2348 oramus
3299 2303 3462 2363 atque
3495 2295 3658 2350 obse-

2081 2394 2297 2433 cramus
2327 2396 2426 2434 nec
2452 2399 2558 2435 non
2589 2390 2641 2437 et
2667 2384 3039 2451 supplicamus
3068 2386 3185 2451 tibi,
3221 2401 3254 2440 o
3287 2387 3450 2450 Deus,
3489 2388 3654 2452 Deus,

2081 2473 2239 2540 cujus
2303 2474 2542 2527 terribile
2590 2491 2784 2528 nomen
2875 2478 3150 2541 Sabaoth,
3189 2481 3390 2549 optime
3423 2491 3476 2535 et
3524 2498 3654 2536 san-

2082 2564 2324 2617 ctissime
2367 2565 2594 2631 Domine
2619 2605 2634 2628 ,
2674 2567 2900 2622 eﬂ‘ector
2929 2580 2982 2623 ct
3027 2581 3241 2626 creator
3281 2573 3650 2642 omnipotens,

2082 2668 2138 2709 ut
2176 2671 2362 2710 aurem
2403 2666 2548 2711 tuam
2582 2661 2740 2714 nobis
2788 2662 3080 2725 inclinans,
3132 2665 3361 2734 benigne
3386 2668 3652 2735 suscipias

2084 2749 2370 2804 humilium
2428 2752 2758 2806 famulorum
2813 2765 3029 2810 tuorum
3086 2759 3385 2827 supplicem
3443 2763 3651 2814 oratio-

2082 2854 2228 2902 nem,
2273 2849 2439 2910 utque
2481 2842 2534 2896 in
2567 2844 2764 2899 virtute
2810 2861 2872 2900 ac
2913 2847 3134 2901 nomine
3171 2859 3266 2902 tuo
3299 2866 3398 2905 nos
3432 2861 3653 2906 sanctos

2079 2929 2290 2986 efﬁcere
2334 2934 2572 3003 digneris
2600 2977 2614 3000 ,
2661 2938 2966 2994 misericors
3006 2951 3058 2995 et
3099 2944 3388 2997 miserator
3415 2985 3428 3008 ,
3467 2944 3624 3013 longa

2079 3024 2244 3080 nimis
2291 3036 2344 3080 et
2394 3028 2578 3082 multa:
2633 3031 3002 3088 miserationis
3061 3033 3224 3090 Deus.
3283 3039 3442 3094 Adsis
3494 3039 3651 3094 nobis

2078 3115 2270 3176 Pater,
2309 3115 2408 3170 Fili
2437 3158 2451 3181 ,
2488 3128 2542 3172 et
2575 3118 2812 3188 Spititus
2843 3131 3063 3188 sancte,
3094 3127 3243 3180 adsis
3275 3127 3531 3197 splendor
3564 3129 3650 3183 itt-

400 3220 488 3265 τος
524 3180 864 3277 τδφοσερόνο
899 3180 1040 3271 ἐλθὲ,
1072 3180 1131 3261 τδ
1165 3180 1334 3280 ὄνομα
1371 3180 1462 3264 τοῦ
1491 3180 1736 3281 Πατρός,
1761 3223 1852 3270 καὶ
1878 3180 1970 3271 τοῦ

2079 3205 2244 3261 ﬁnita:
2284 3207 2552 3264 claritatis
2581 3211 2747 3273 Deus,
2785 3215 2928 3268 adsit
2965 3219 3200 3282 potentia
3240 3228 3327 3272 tua
3362 3220 3648 3282 mirabilis,

401 3295 554 3360 Υίοῦ,
585 3299 676 3351 καὶ
716 3298 810 3351 τοῦ
845 3299 1002 3368 ἁγίου
1036 3303 1372 3371 Πνεύματος,
1425 3307 1727 3376 συμπαθῶν
1765 3310 1833 3362 τά
1862 3329 1969 3362 παη

400 3387 742 3457 ραπτώματα
769 3390 950 3460 ήμῶν,
977 3390 1120 3462 ἅπερ
1143 3395 1463 3464 ἡμάρτομεν
1489 3399 1546 3449 ἐν
1574 3398 1716 3468 λόγῳ
1745 3401 1777 3472 ἢ
1801 3403 1969 3475 ἔργῳ,

399 3478 431 3548 ἢ
459 3479 518 3530 ἐν
548 3479 865 3552 ἐνθυμήσει,
891 3482 922 3552 ἦ
951 3484 1005 3534 ἐν
1035 3482 1261 3554 διανοίᾳ.
1293 3487 1554 3556 Δεόμεθα,
1582 3489 1794 3560 πάριδε,
1823 3497 1967 3559 ἄνες,

394 3570 553 3639 ἄφες,
582 3571 774 3640 ἀγαθὲ,
817 3572 1176 3644 εὔσπλαγχνε,
1228 3576 1481 3646 ἐλεήμον,
1539 3581 1832 3635 πολυέλεεο
1877 3587 1970 3638 καὶ

401 3665 476 3733 μὴ
539 3663 904 3738 καταισχύνῃς
959 3668 1128 3736 ἡμᾶς,
1182 3668 1316 3737 μηδὲ
1364 3670 1675 3745 ἀπορρίψῃς
1721 3675 1829 3728 ἀπὸ
1875 3677 1970 3730 τοῦ

393 3753 687 3824 προσώπου
717 3773 832 3821 σου,
867 3759 894 3807 6
922 3757 1080 3827 ἡδονῇ
1108 3761 1200 3810 καὶ
1231 3759 1440 3829 φίλτρῳ
1471 3760 1670 3830 ἔρωτος
1699 3763 1970 3830 γλυκυτά-

393 3863 486 3900 του
513 3847 900 3917 καμπτόμενος
961 3850 1052 3901 ἐπὶ
1097 3854 1216 3913 ταῖς
1260 3851 1535 3918 ἐντεύξεσι
1570 3853 1674 3907 τῶν
1715 3846 1971 3924 ἀγαπών-

394 3954 500 3989 των
524 3954 603 3992 σε.
635 3939 942 4008 Παρακαλῶ
979 3957 1060 4003 σε,
1091 3941 1353 4006 Δέσποτα,
1385 3945 1447 3997 τὸ
1463 3946 1652 4000 τέκνον
1681 3965 1784 4012 μου
1815 3949 1971 4003 τοῦτο

391 4028 453 4080 τὸ
495 4027 717 4081 ὄπισθεν
741 4030 836 4100 τῆς
879 4032 1019 4100 ὲμῆς
1051 4033 1436 4101 ἀνικανότητος
1470 4037 1530 4089 τὸ
1582 4039 1709 4106 γόνυ
1760 4040 1968 4107 κλῖναν,

392 4119 627 4187 φώτισον
662 4120 827 4172 αὐτοῦ
856 4122 922 4174 τὰ
955 4121 1180 4193 ὄμματα
1213 4127 1276 4196 τῇ
1309 4127 1563 4198 ἀστραπῇ
1593 4129 1690 4199 τῆς
1720 4132 1818 4201 σῆς
1847 4132 1968 4186 θεό-

389 4227 550 4276 τητος
573 4226 588 4241 ο
617 4212 843 4279 ἁγίασον
869 4214 1034 4266 αὑτοῦ
1077 4215 1146 4267 τὰ
1171 4218 1332 4285 νοερὰ
1369 4219 1698 4290 αἰσθητήρια
1726 4222 1803 4293 τῷ
1829 4225 1968 4293 ἁγίῳ

393 4315 486 4352 σου
523 4300 800 4369 Πνεύματι
821 4320 834 4334 ·
865 4303 1156 4377 φαίδρυνον
1185 4308 1349 4361 αὐτοῦ
1375 4311 1502 4373 τοὺς
1529 4313 1626 4381 τῆς
1649 4313 1826 4384 ψυχῆς
1855 4317 1969 4371 δια-

391 4390 680 4460 λογισμοὺς
707 4395 773 4464 τῇ
813 4395 1006 4466 ἀφάτιρ
1045 4399 1245 4470 εὐωδίᾳ
1272 4401 1371 4470 τῆς
1401 4403 1630 4467 ἀειζώου
1679 4423 1772 4460 σου
1807 4410 1966 4480 χάρι-

389 4499 509 4546 τος·
537 4485 840 4553 ἐμπνευσον
867 4490 1015 4562 αὑτῴ
1042 4493 1257 4564 πνεῦμα
1286 4497 1494 4565 σοφίας,
1517 4500 1729 4570 πνεῦμα
1765 4507 1966 4574 ίσχύοςν

393 4576 607 4648 πνεῦμα
667 4581 955 4648 συνέσεως,
1019 4584 1238 4654 πνεῦμα
1293 4588 1514 4658 ἀγάπης
1575 4593 1669 4644 καὶ
1721 4597 1966 4667 εἰρήνης,

389 4667 602 4736 πνεῦμα
647 4673 975 4741 πραότητος,
1027 4692 1239 4746 πνευμα
1278 4679 1529 4749 δακρύων
1573 4684 1844 4752 ροητικὸν,
1883 4690 1970 4744 ἵνα

385 4756 737 4827 εὐοδούμενος
787 4765 881 4815 καὶ
935 4766 1349 4836 κυῦερνὼμενος
1402 4773 1551 4842 παρὰ
1595 4775 1695 4841 τῆς
1727 4778 1966 4848 ἀρρήτου

386 4862 482 4898 σου
534 4848 734 4916 δεξιᾶς,
789 4855 992 4926 ποιήσῃ
1037 4857 1213 4910 πάντα
1248 4861 1316 4911 τά
1354 4861 1625 4930 εὐάρεστά
1680 4882 1771 4918 σου
1820 4870 1876 4922 ὲν
1903 4874 1966 4942 τῇ

383 4937 613 5008 δυνάμει
644 4959 737 4996 σου
778 4945 1100 5016 σωζόμενος.

459 5217 607 5280 σμγ’.
663 5213 844 5267 Ταῦτα
894 5219 1190 5288 εὐξάμενος
1241 5227 1267 5276 6
1301 5224 1508 5291 Ὅσιος,
1563 5231 1824 5297 dvenis.
1872 5235 1964 5287 καὶ

386 5307 881 5376 κατασπασάμενος
923 5312 1090 5366 αὑτοῦ
1121 5319 1190 5367 τα
1228 5317 1476 5387 ὄμματα,
1518 5324 1608 5376 καὶ
1643 5325 1704 5375 τὸ
1743 5327 1965 5395 πρόσω-

389 5411 510 5460 πον,
552 5398 647 5450 καὶ
699 5399 761 5451 τὸ
801 5401 1016 5472 στῆθος,
1076 5408 1168 5458 καὶ
1210 5410 1308 5471 τὰς
1364 5414 1573 5480 χεῖρας,
1620 5415 1714 5466 καὶ
1742 5416 1964 5486 εἰρήνην

383 5489 537 5553 ἄγειν
570 5490 731 5543 αὐτὸν
771 5495 1148 5563 ἐντειλάμενος
1187 5501 1333 5554 ἔνδον
1364 5503 1457 5555 τοῦ
1490 5505 1741 5570 κοιτῶνος
1774 5509 1959 5574 αὑτοῦ,

382 5660 488 5717 que
540 5647 760 5717 minime
814 5648 901 5703 hic
960 5651 1190 5708 idoneus
1247 5656 1457 5710 nobis:
1500 5658 1739 5714 dixunus
1779 5671 1958 5717 autem

383 5715 554 5794 videri
603 5722 1177 5798 assttntpsisse,_cutn
1223 5729 1523 5782 tinnulachus
1562 5732 1750 5796 ﬁeret,
1799 5715 1961 5798 atque

388 5783 440 5836 in
503 5783 1275 5869 patriarcbatu_retinuissc,
1335 5812 1530 5853 nomen
1592 5783 1954 5858 Antoitiirv'el

2073 3305 2234 3365 atque
2267 3297 2321 3350 in
2365 3300 2584 3355 nomine
2625 3301 2806 3357 Patris
2840 3312 2894 3358 et
2933 3302 3052 3357 Filii
3099 3316 3150 3360 et
3201 3305 3437 3375 Spiritus
3475 3311 3651 3364 sancti

2072 3403 2411 3458 quaecunque
2449 3392 2530 3445 vel
2565 3407 2748 3462 opere,
2813 3397 2892 3449 vel
2923 3398 3108 3457 verbo.
3144 3399 3224 3451 vel
3255 3400 3650 3469 concupiscen-

2074 3480 2172 3542 tia,
2227 3481 2307 3532 vel
2343 3482 2675 3551 cogitatione
2722 3486 3043 3541 admisimus
3089 3486 3305 3550 delicta,
3339 3489 3649 3544 misericor-

2072 3568 2217 3623 d.ter
2253 3571 2410 3626 nobis
2442 3573 2698 3642 dimitte;
2731 3577 2965 3642 dimitte,
2996 3579 3215 3648 inquam
3238 3620 3254 3645 ,
3289 3582 3557 3648 condono,
3593 3597 3646 3638 et

2072 3663 2349 3728 oblittera,
2406 3665 2652 3734 piissime
2686 3667 2938 3734 Domine,
2985 3671 3140 3740 cujus
3171 3672 3554 3728 misericordia:
3595 3686 3650 3730 et

2073 3755 2452 3811 miserationes
2493 3759 2676 3814 multae
2719 3772 2882 3828 sunt;
2933 3779 2998 3818 ne
3030 3764 3333 3818 confundas
3362 3781 3485 3833 nos,
3519 3783 3650 3822 neve

2070 3846 2330 3914 projicias
2359 3863 2390 3901 a
2422 3848 2560 3902 facie
2591 3857 2681 3904 tua
2709 3891 2724 3915 ,
2773 3857 2862 3921 qui
2914 3843 3190 3925 voluptate
3235 3866 3289 3912 et
3321 3857 3486 3913 illicio
3513 3876 3648 3930 quo-

2069 3937 2192 3990 dam
2228 3939 2431 3994 amoris
2476 3943 2824 4008 suavissimi,
2875 3950 3213 4004 converteris
3241 3951 3308 4005 ad
3342 3953 3647 4008 orationem

2068 4029 2409 4099 diligentiam
2469 4041 2540 4086 te.
2599 4033 2840 4090 Obsecro
2893 4047 2979 4102 te,
3041 4040 3286 4104 Domine,
3343 4053 3404 4097 ut
3461 4045 3648 4100 oculos

2071 4121 2255 4192 hujus,
2289 4138 2426 4193 pone
2471 4140 2557 4181 me
2601 4126 2871 4182 ﬂectentis
2895 4145 3066 4198 genua
3091 4171 3106 4195 ,
3141 4132 3235 4187 filii
3269 4137 3411 4201 mei,
3449 4138 3648 4193 divina:

2069 4214 2333 4269 claritatis
2359 4227 2462 4270 tuae
2485 4217 2772 4287 splendore
2801 4219 3110 4288 illumines;
3141 4235 3200 4277 ut
3227 4239 3418 4282 omnes
3447 4229 3646 4284 anima:

2069 4301 2353 4358 facultates
2379 4304 2585 4374 Spiritu
2628 4317 2721 4362 tuo
2755 4309 3102 4375 sanetiﬁces;
3163 4323 3221 4366 ut
3263 4316 3462 4371 mentis
3495 4319 3645 4386 cogi-

2069 4395 2303 4450 tationes
2360 4400 2713 4454 inenarrabili
2764 4416 2980 4471 semper
3034 4403 3265 4472 vigentis
3307 4409 3494 4477 gratia:
3541 4420 3645 4465 tua:

2073 4485 2368 4558 fragrantia
2398 4490 2614 4544 condita
2647 4492 2963 4559 exliilares;
3001 4503 3059 4548 ut
3089 4493 3322 4564 inspires
3365 4497 3441 4552 illi
3479 4501 3638 4568 spiri-

2075 4590 2184 4633 tum
2235 4581 2548 4651 sapientiaa,
2599 4583 2851 4652 spirituum
2883 4585 3240 4652 fortitudinis,
3273 4591 3524 4660 spiritum
3559 4596 3643 4649 in-

2073 4673 2381 4742 telligentia
2404 4713 2420 4737 ,
2451 4677 2703 4745 Spiritum
2739 4677 3046 4736 dilectionis
3079 4694 3129 4736 et
3162 4686 3309 4751 pacis
3330 4724 3346 4751 ,
3385 4687 3638 4756 spiritum

2073 4766 2513 4820 mansuetudinis
2538 4805 2552 4831 ,
2610 4769 2859 4837 spiritum
2891 4770 3128 4842 denique
3163 4778 3434 4831 salutares
3461 4777 3642 4850 lacry—

2071 4871 2190 4911 mas
2220 4856 2524 4912 elicientem
2566 4876 2579 4913 :
2617 4875 2726 4928 quo
2758 4870 2906 4916 recta
2953 4863 3212 4920 incedens
3240 4868 3347 4933 via,
3377 4869 3642 4940 dirigeutc

2071 4946 2338 5002 infallibili
2387 4951 2609 5004 dextera
2649 4962 2739 5006 tua
2792 4958 3152 5023 gubernetur;
3205 4968 3257 5012 et
3293 4960 3545 5029 quailibet
3573 4976 3639 5015 ex

2071 5040 2345 5097 voluntate
2399 5051 2488 5097 tua
2524 5043 2833 5113 placitoque
2882 5063 3136 5117 operans,
3195 5052 3247 5105 in
3294 5054 3493 5107 virtute
3545 5064 3636 5107 tua

2070 5132 2234 5183 vitam
2272 5144 2636 5201 consequatur
2669 5147 2951 5192 aeternam.

2135 5227 2261 5281 245.
2308 5229 2384 5283 lta
2419 5243 2672 5300 precatus
2711 5237 2956 5289 Andreas
2981 5275 2994 5300 ,
3025 5239 3295 5305 surrexit;
3330 5248 3442 5292 tum
3478 5254 3636 5296 oscno

2068 5320 2208 5377 latus
2241 5321 2527 5393 Epiplianii
2571 5330 2782 5390 oculos,
2826 5332 3056 5395 vultum,
3105 5341 3292 5400 pectus
3330 5341 3383 5385 et
3417 5348 3632 5404 manus,

2065 5415 2423 5484 hortatusque
2446 5459 2460 5483 ,
2501 5430 2559 5474 ut
2605 5421 2657 5474 in
2691 5438 2790 5475 suo
2823 5439 2880 5476 se
2908 5423 3149 5478 conclavi
3199 5423 3424 5493 pacifice
3463 5431 3637 5484 conti-

2065 5517 2246 5574 nerct,
2281 5511 2477 5565 acerbe
2504 5512 2776 5567 dolentem
2808 5528 2870 5567 ac
2903 5513 3286 5570 lamentantem
3323 5519 3634 5589 relinquens

2063 5665 2357 5735 Polyencti.

2059 5737 2244 5862 -d'(_55)
2285 5736 2456 5808 Magis
2491 5739 2590 5794 hoc
2634 5738 2925 5809 l‘olyeucto
2959 5745 3248 5805 convenire
3277 5748 3438 5803 etiam
3477 5748 3630 5802 initio

2100 5821 2323 5862 minus.

2100 5821 2323 5863 minus.
