4034 6214
422 288 521 357 ΗΠ

1192 289 1613 351 NICEPHORI
1654 290 1917 355 PRESB.
1964 294 2071 354 (ΖΡ.
2111 294 2289 355 VITA
2330 295 2390 355 S.
2433 293 2762 354 ANDREAS
2798 292 2991 355 SALI.

3579 288 3685 370 iss

417 398 693 464 discessit.
730 403 1061 459 Perveniens
1100 404 1225 458 hinc
1269 407 1335 458 ad
1384 404 1828 469 ambulationes,
1884 421 2005 474 quae

2115 404 2248 463 οῦτω
2274 410 2489 479 πικρῶς
2517 408 2821 480 θρηνοῦντα
2847 409 3031 475 ἀφεὶς,
3064 394 3401 477 ἀνεχώρησε.
3434 392 3688 455 Καταλα-

422 499 525 556 sub
553 497 850 568 porticibus
898 504 1060 560 sunt,
1097 504 1265 551 totam
1298 506 1511 550 noctem
1554 512 1650 566 pro
1691 498 1999 567 periclitan-

422 594 586 656 tibus,
635 606 733 660 pro
772 588 1002 651 aillietis,
1048 604 1145 658 pro
1198 590 1525 644 necessitate
1559 589 1741 659 aliqua
1771 590 1996 660 pressis,

421 701 520 754 pro
551 698 771 737 carcere
812 682 1043 736 detentis
1072 722 1086 745 ,
1122 697 1219 750 pro
1246 682 1503 737 omnibus
1534 681 1770 752 denique
1811 684 1998 738 mundi

420 776 616 831 incolis
684 775 892 829 orando
956 775 1238 843 transegit.
1291 776 1470 841 Atque
1534 776 1607 829 ita
1664 787 1923 831 evocatus
1971 791 2001 831 e

426 869 607 932 terris,
648 869 838 922 videns
881 868 1197 922 universum
1233 876 1550 921 sanctorum
1587 883 1800 938 agmen,
1832 868 2000 922 veluti

420 960 743 1017 familiarem
805 977 965 1015 suum
1016 960 1413 1026 iuvisentium,
1480 960 1639 1015 hilari
1696 961 2001 1030 ridentiquc

419 1054 572 1107 vultu
606 1054 857 1123 spiritum
888 1054 1092 1109 emisit.

493 1144 621 1200 244.
673 1143 878 1199 Interea
924 1148 1254 1216 paupercula
1299 1147 1546 1218 quaedam
1605 1146 1827 1212 mulier,
1880 1162 2001 1216 quae

422 1235 623 1290 ibidem
668 1236 720 1289 in
754 1238 1028 1307 tuguriolo
1057 1240 1313 1309 quopiam
1345 1240 1685 1300 morabatur,
1722 1240 1999 1308 cepiosam

421 1331 683 1397 unguenti
714 1330 1065 1398 fragrantiam
1094 1347 1156 1387 ac
1183 1332 1559 1403 thymiamatis
1585 1332 1824 1387 suaviter
1847 1332 2001 1386 olen-

424 1423 515 1485 tis,
561 1438 685 1476 cum
722 1423 870 1477 nullo
903 1426 1072 1478 altero
1103 1425 1455 1494 comparandi
1488 1463 1501 1486 ,
1537 1433 1589 1477 et
1632 1433 1845 1492 captum
1880 1438 2000 1477 om-

422 1532 543 1570 nem
576 1516 858 1569 hominum
893 1518 1381 1585 supergredientis,
1414 1515 1636 1570 odorem
1668 1514 2000 1584 percipiens,

419 1608 653 1675 prosiliit
682 1609 904 1674 subito;
956 1610 1234 1678 petituque
1266 1608 1491 1670 lumine,
1537 1617 1721 1661 secuta
1751 1607 1999 1670 odorem,

421 1700 488 1754 ad
542 1700 720 1755 locum
788 1706 928 1754 unde
976 1700 1337 1769 promanabat
1381 1700 1635 1765 devenit;
1697 1698 2004 1768 reperitque

420 1792 547 1844 istic
582 1793 799 1846 beatum
827 1792 1100 1845 Andream
1126 1792 1233 1845 vita
1264 1790 1535 1856 functum,
1569 1800 1620 1844 et
1646 1790 2005 1859 deprehendit

422 1882 664 1935 divinum
704 1884 863 1937 istum
898 1883 1122 1936 odorem
1158 1883 1331 1952 magis
1356 1884 1639 1953 magisque
1668 1881 2003 1950 fragrantem

424 1972 689 2041 aspirare,
734 1981 787 2025 et
819 1983 1220 2043 unguentorum
1262 1974 1654 2043 scaturiginem
1689 1974 1867 2026 instar
1900 1970 2005 2024 ilu-

423 2064 585 2118 minis
618 2065 937 2119 mirabiliter
968 2080 999 2120 e
1037 2066 1286 2135 reliquiis
1336 2068 1546 2134 egredi.
1578 2064 1795 2130 Qua‘dc
1842 2076 2007 2118 causa

424 2154 489 2208 ad
521 2157 654 2209 alios
687 2158 953 2225 quosdam
988 2157 1183 2213 festiue
1214 2174 1530 2221 accnrrens,
1557 2157 1703 2226 quod
1735 2156 2011 2210 acciderat

427 2250 777 2313 miraculum,
815 2247 924 2303 Deo
961 2250 1080 2317 ipso
1116 2250 1168 2302 in
1203 2260 1391 2303 testem
1419 2258 1635 2311 vocato,
1667 2245 1850 2315 jurata
1884 2260 2010 2298 uar-

423 2341 585 2393 rarit.
632 2338 769 2393 Hinc
799 2339 1023 2393 excitati
1068 2340 1285 2408 plures,
1332 2340 1398 2394 ad
1448 2340 1629 2394 locum
1662 2338 2005 2407 designatum

424 2443 823 2487 toncurreruut
858 2450 871 2487 :
910 2449 1019 2503 quo
1067 2434 1594 2504 appropinquantes,
1637 2432 1849 2485 nullum
1886 2446 2008 2484 Olll-

428 2512 555 2580 nino
585 2523 838 2580 viderunt
889 2526 1165 2581 hominem
1196 2566 1210 2591 ,
1253 2529 1350 2580 sed
1406 2525 1580 2580 solam
1644 2523 1906 2594 unguenti
1955 2530 2011 2577 et

426 2617 632 2671 incensi
688 2614 1043 2685 fragrantiam
1099 2626 1494 2687 perceperunt,
1544 2614 1806 2670 mirantes
1849 2614 2012 2668 vehe-

429 2719 681 2773 menter,
734 2709 916 2764 nullas
980 2708 1192 2778 uspiam
1248 2708 1351 2762 \‘iri
1388 2707 1564 2762 sancti
1621 2706 1883 2776 reliquias
1915 2706 2009 2759 den

427 2800 689 2868 prehendi
726 2817 741 2853 :
786 2801 1145 2855 transtulerat
1187 2800 1333 2855 enim
1372 2801 1490 2855 illas
1515 2801 1780 2855 Dominus
1810 2799 1916 2853 alio
1943 2811 2008 2852 ex

430 2892 637 2960 iudicio
680 2908 781 2946 suo
822 2893 1009 2946 divino
1038 2930 1051 2957 ,
1093 2892 1237 2961 quod
1281 2893 1431 2947 illum
1469 2907 1577 2946 non
1612 2893 1762 2956 latet,
1799 2893 1891 2961 qui
1925 2907 2011 2943 ar-

430 2999 563 3038 cana
599 2984 856 3053 quaelibet
894 2984 1039 3038 illius
1070 2983 1312 3038 facinora
1354 2984 1518 3039 habet
1555 2996 1858 3055 perspecta.

501 3076 627 3129 “24.5.
659 3074 854 3130 Beatus
886 3078 1068 3144 itaque
1100 3076 1371 3140 Andreas,
1399 3077 1479 3130 sol
1508 3076 1608 3131 iste
1630 3077 2006 3141 absconditus,

432 3178 479 3220 rt
513 3168 763 3220 columna
815 3167 881 3221 ad
930 3168 1130 3222 caelum
1182 3184 1356 3238 usque
1408 3168 1763 3239 pertingens,
1814 3169 1910 3238 qui
1960 3179 2013 3223 et

434 3276 636 3329 pauper
681 3269 735 3313 et
780 3263 1100 3329 peregrinus
1147 3268 1200 3315 et
1236 3262 1436 3315 stultus
1476 3270 1531 3315 et
1573 3261 1816 3313 omnium
1866 3260 2018 3328 peri-

434 3370 619 3421 pscma
696 3352 876 3407 factus
956 3354 1134 3407 fuerat
1195 3362 1419 3422 propter
1480 3352 1809 3414 Dominum,
1854 3352 2016 3404 vitam

435 3447 576 3500 hanc
605 3445 1065 3514 duodetrigesima
1103 3445 1190 3498 die
1236 3444 1361 3497 Maii
1413 3443 1719 3508 conclusit,
1775 3455 1927 3496 se\t0
1968 3454 2020 3497 et

437 3530 780 3604 sexagesimo
810 3539 985 3591 artatis
1017 3552 1131 3591 suae
1157 3551 1325 3599 anno,
1360 3536 1575 3591 occulte
1600 3551 1759 3590 suum
1793 3551 2018 3606 agonem

436 3644 832 3685 consummaus
890 3638 945 3683 et
1000 3628 1108 3681 Deo
1172 3629 1274 3682 soli
1328 3630 1604 3697 cognitus.
1666 3627 1779 3697 Ego
1840 3639 2018 3681 autem

442 3722 805 3789 Ncephorus,
855 3736 947 3790 per
980 3721 1412 3775 misericordiam
1461 3722 1851 3789 omnipotentis
1900 3720 2019 3784 Dei,

440 3816 495 3868 in
528 3827 816 3866 numerum
859 3814 1305 3883 presbyterorum
1354 3810 1560 3881 Magna:
1603 3812 1869 3877 ecclesias,
1902 3828 2023 3882 quae

443 3906 498 3959 in
534 3905 637 3959 hac
682 3903 898 3957 urbium
946 3905 1132 3973 regina
1175 3903 1269 3959 Dei
1323 3906 1523 3974 SOphia
1575 3907 2021 3974 cognominatur,

441 3999 684 4061 ascitus,
733 3997 1037 4051 mirabilem
1085 3999 1290 4053 hancce
1329 4008 1382 4052 et
1432 3999 1663 4054 celebris
1708 3999 1865 4052 lanna
1934 3996 2024 4050 fu-

441 4106 619 4146 turam
665 4092 1065 4161 religiosissimi
1108 4091 1557 4160 sanctissimique
1588 4091 1767 4146 Patris
1794 4090 2025 4146 Andreae

449 4183 621 4238 Vitam
651 4183 997 4252 conscripsi,
1033 4198 1094 4237 ea
1132 4185 1186 4237 in
1216 4185 1670 4239 commentarium
1702 4191 2022 4253 praesentem

443 4278 711 4343 referens,
746 4293 866 4346 qua:
896 4279 1091 4347 partim
1121 4279 1298 4332 oculis
1324 4278 1459 4332 meis
1499 4279 1617 4347 ipse
1664 4278 1796 4343 vidi,
1827 4279 2026 4348 partim

446 4370 611 4425 didici
641 4388 704 4424 ex
741 4371 1045 4441 Epiphanio
1074 4409 1089 4434 ,
1144 4370 1286 4424 facto
1318 4370 1406 4425 hic
1450 4370 1646 4425 deinde
1683 4369 2029 4424 reverendis-

2102 505 2213 557 ὀὼν
2242 504 2296 557 δὲ
2321 504 2380 555 δν
2404 504 2515 565 τοῖς
2543 501 2866 572 περιπάτοις
2894 500 3080 564 τόποις
3108 501 3221 560 τοῖς
3248 495 3505 550 ὑποκάτω
3534 490 3687 548 οὖσιν

2103 596 2372 664 ἐμϐόλοις,
2401 596 2496 648 καὶ
2525 595 2613 646 διά
2642 593 2824 661 πάσης
2846 591 3039 655 νυκτὸς
3073 589 3510 660 προσευχόμενος
3543 587 3717 661 ὑπὲρἑ

2101 686 2211 739 τῶν
2246 688 2303 739 ἐν
2349 684 2613 748 κινδύνοις
2645 686 2736 738 καὶ
2781 682 3015 752 θλίψεσι,
3058 684 3150 735 καὶ
3182 682 3468 747 ἀνάγκαις,
3501 682 3591 731 καὶ
3626 668 3715 733 ἔνη

2103 779 2526 849 αἰχμαλωσίαις,
2566 778 2659 831 καὶ
2687 776 2825 847 ὑπὲρ
2873 775 3077 836 παντὸς
3116 775 3209 827 τοῦ
3240 774 3470 841 κόσμου,
3511 770 3687 834 οὕτως

2105 873 2199 926 ἐπὶ
2228 872 2326 942 γῆς
2361 870 2711 941 ἀνακληθεὶς,
2743 869 2837 921 καὶ
2863 868 3006 938 δρῶν
3031 867 3278 937 ἅπαντας
3329 865 3456 928 τοὺς
3492 862 3684 930 ἁγίους

2104 961 2293 1031 ὥσπερ
2326 962 2514 1031 φίλους
2552 962 2687 1029 πρὸς
2721 962 2884 1014 αὐτὸν
2921 957 3426 1028 παραγενομένους,
3465 953 3686 1025 μειδιῶν

2103 1058 2177 1128 τῷ
2214 1057 2513 1127 προσώπῳ,
2547 1058 2726 1126 deﬁxa
2756 1056 2817 1107 τὸ
2852 1054 3088 1123 πνεῦμα.

2178 1152 2315 1221 σμδ’.
2362 1152 2449 1203 Ἐν
2483 1145 2564 1212 οἷς
2611 1150 2832 1217 γύναιον
2883 1145 3141 1216 πενιχρὸν
3188 1142 3296 1196 τῶν
3342 1144 3542 1202 ἐκεῖσε,
3589 1141 3685 1192 ἐπὶ

2103 1244 2345 1313 καλύϐης
2398 1245 2495 1313 τὴν
2555 1244 2874 1311 κατοίκησιν
2929 1242 3071 1309 ἔχον,
3122 1238 3224 1306 τὴν
3272 1235 3539 1305 πολυτελῆ
3589 1233 3687 1287 τοῦ

2108 1337 2282 1406 μύρου
2319 1337 2545 1389 εὐωδίαν
2581 1338 2674 1388 καὶ
2721 1334 3086 1404 θυμιαμάτων
3121 1331 3364 1394 ἐκείνων,
3416 1327 3524 1380 τῶν
3552 1328 3692 1398 ἡδυ-

2107 1431 2285 1483 πνόων
2311 1430 2401 1482 καί
2431 1430 2799 1497 ἀσυγκρίτων,
2836 1428 2931 1479 καὶ
2964 1426 3142 1479 πάντα
3173 1422 3297 1476 νοῦν
3328 1420 3689 1490 ὑπερϐαινόνδ

2106 1540 2214 1576 των
2268 1519 2757 1590 κατοσιρρανθείσα,
2791 1517 2996 1587 σπουδῇ
3046 1515 3347 1576 ἀναστᾶσα,
3402 1512 3497 1565 καὶ
3532 1509 3693 1578 φῶτα

2107 1614 2472 1684 αἰτησαμένη,
2516 1613 2611 1665 κοιλ⁸
2665 1608 3144 1679 ἐξακολουθήσασα
3194 1610 3295 1674 τὴν
3348 1604 3579 1658 εὐωδίαν
3610 1602 3692 1673 τῷ

2109 1707 2258 1774 τόπῳ
2291 1706 2495 1775 ἐπέστη
2517 1718 2531 1733 ⁸
2562 1697 2690 1774 εῦρε
2728 1703 2784 1755 δὲ
2819 1703 2909 1755 τὸν
2940 1702 3226 1769 Μακάριον
3258 1698 3400 1751 τέλει
3445 1695 3539 1749 τοῦ
3574 1694 3691 1765 βίου

2110 1797 2474 1869 χρησάμενον,
2516 1796 2609 1848 καὶ
2638 1795 2735 1865 τὴν
2766 1793 2955 1863 θεϊκὴν
2994 1794 3210 1862 ἐκείνην
3256 1790 3484 1844 εὐωδίαν
3512 1787 3694 1857 πολλῷ

2114 1890 2297 1962 μεῖζον
2328 1890 2738 1958 ἀναδιδομένην,
2772 1890 2865 1941 καὶ
2915 1888 3104 1956 μύρων
3152 1884 3411 1938 έκὸλυσιν
3450 1880 3694 1949 παραδόο

2112 1982 2215 2047 ξως
2246 1984 2309 2034 ὲκ
2330 1981 2424 2034 τοῦ
2446 1980 2700 2050 λειψάνου
2733 1979 3095 2048 ὲξερχομένην
3129 1992 3262 2029 ποτα
3275 1976 3458 2046 μηδόν.
3492 1974 3695 2044 "£691-

2114 2093 2212 2144 μεν
2250 2072 2343 2129 οῦν
2381 2074 2474 2128 καί
2520 2090 2628 2126 τισι
2674 2072 2735 2125 τὸ
2787 2071 2972 2140 θαῦμα
3022 2068 3323 2140 ἀπήγγειλε
3361 2068 3459 2120 σὺν
3519 2068 3690 2134 ὅρκῳ,

2114 2169 2366 2238 μάρτυρα
2408 2166 2497 2219 τὸν
2532 2166 2664 2217 Θεὸν
2715 2162 3191 2233 προσκαλουμένη.
3235 2161 3345 2213 Καὶ
3376 2159 3441 2230 δὴ
3482 2158 3697 2212 πολλῶν

2112 2259 2655 2330 συνδεδραμηκότων,
2702 2256 2777 2320 ὡς
2815 2256 2871 2308 δὲ
2908 2255 3137 2325 πλησίον
3189 2252 3458 2319 ἐγένοντο,
3507 2252 3696 2304 οὐκέτι

2110 2355 2229 2407 τινὰ
2263 2354 2593 2422 ἑωράκασιν,
2627 2352 2675 2403 εἰ
2714 2351 2787 2419 μὴ
2822 2348 2926 2402 ὑπὸ
2952 2347 3054 2417 τῆς
3096 2347 3355 2416 εὐοσμίας
3384 2346 3478 2399 τοῦ
3515 2344 3691 2417 μύρου

2112 2448 2206 2500 καὶ
2248 2446 2357 2498 τῶν
2392 2445 2758 2514 θυμιαμάτων
2804 2441 3239 2510 κατεπλήττοντο
3272 2439 3414 2505 λίαν,
3443 2440 3699 2508 οὐδαμῶς

2111 2543 2292 2612 εὑρεῖν
2314 2539 2638 2608 δυνηθέντες
2666 2536 2762 2590 τοῦ
2805 2536 2985 2604 Ἀγίου
3016 2534 3078 2588 τὸ
3106 2534 3378 2604 λείψανον.
3414 2534 3697 2603 Μετὲοηκε

2114 2636 2223 2705 γάρ
2255 2633 2385 2686 αὐτὸ
2414 2634 2442 2686 ὁ
2475 2631 2698 2703 Κύριος,
2738 2630 3001 2699 κρίμασιν
3037 2627 3188 2686 ἰδίοις
3220 2621 3300 2691 οἷς
3342 2630 3548 2690 ἐκεῖνος
3576 2630 3700 2679 επί-

2114 2744 2328 2792 σταται,
2383 2726 2410 2778 ὁ
2457 2725 2552 2778 καὶ
2605 2725 2673 2776 τὰ
2729 2723 3023 2794 ἀπόκρυφοι
3079 2720 3243 2775 αὐτοῦ
3294 2719 3702 2790 κατορθώματα

2114 2817 2498 2888 ἐπιστάμενος.

2190 3095 2333 3157 σμε’.
2375 3085 2694 3156 Ἐτελειώθη
2728 3083 2785 3138 δὲ
2832 3086 2861 3139 ὁ
2898 3083 3138 3154 κρυπτὸς
3163 3082 3311 3152 ἥλιος
3349 3084 3442 3134 καὶ
3472 3079 3702 3151 οὐρανο-

2124 3182 2306 3252 μήκης
2341 3178 2531 3242 στῦλος
2586 3178 2777 3248 πυρὸς,
2815 3177 2845 3230 ὁ
2894 3176 3166 3248 μακάριος
3226 3174 3501 3244 Ἀνδρέας,
3552 3176 3581 3227 ὁ
3614 3174 3705 3227 διὰ

2122 3267 2325 3337 Κύριον
2358 3267 2527 3335 πένης
2556 3267 2648 3319 καὶ
2681 3266 2828 3330 ξένος
2854 3268 2948 3318 καὶ
2998 3265 3574 3335 καταπεφρονημένος,
3607 3267 3705 3318 καὶ

2122 3360 2228 3411 ὐπὸ
2258 3358 2472 3411 πάντων
2499 3357 2754 3427 ὲξουθενη
2765 3358 2944 3427 μένος,
2973 3360 3106 3428 μηνὶ
3134 3359 3295 3427 Μαΐῳ
3322 3358 3493 3421 εἰκάδι
3519 3358 3700 3427 ὀγδόης

2121 3451 2399 3520 ἑξηκοστῷ
2446 3450 2594 3521 ἕκτῳ
2639 3451 2749 3503 ἔτει
2798 3452 2888 3503 τδν
2921 3451 3107 3519 ἀγῶνα
3150 3450 3398 3521 κρυπτὸς
3448 3450 3705 3518 διηγωνι-

2125 3543 2344 3610 σμένος,
2386 3541 2506 3610 Θεῷ
2536 3541 2594 3593 δὲ
2630 3541 3050 3611 διεγνωσμένος,
3087 3541 3162 3603 ὼς
3208 3540 3388 3602 καλῶς
3430 3542 3699 3607 ἀγωνισά-

2127 3652 2309 3704 μενος.
2356 3633 2496 3702 Ἐγὼ
2519 3634 2575 3687 δὲ
2604 3634 2942 3704 Νικηφόρος,
2974 3635 3115 3686 ἐλέει
3144 3634 3239 3686 τοῦ
3266 3634 3707 3703 παντοκράτορος

2124 3724 2261 3777 Θεοῦ
2302 3725 2568 3796 ὑπάρχων
2604 3724 3085 3795 κατηριθμημένος
3120 3725 3176 3776 ὲν
3205 3727 3314 3785 τοῖς
3344 3723 3547 3794 ίερεῦσι
3574 3722 3710 3775 ταύ-

2125 3835 2224 3888 της
2252 3820 2351 3889 τῆς
2388 3817 2631 3888 μεγάλης
2693 3816 2987 3885 ἐκκλησίας
3025 3816 3122 3881 τῆς
3156 3814 3425 3884 βασιλίδος
3467 3815 3577 3867 τῶν
3612 3816 3713 3867 πό-

2126 3908 2264 3960 λεων
2311 3908 2411 3977 τῆς
2448 3906 2737 3975 ἐπωνύμου
2791 3907 2926 3958 Θεοῦ
2980 3906 3214 3974 Σοφίας,
3273 3904 3715 3976 συνεγραψάμην

2126 4000 2217 4053 τὸν
2249 3999 2566 4068 θαυμαστὸν
2605 4016 2793 4053 τουτον
2843 4000 2956 4069 βίον
2988 4001 3084 4052 καὶ
3131 3999 3567 4069 πολυθρύλλητον
3610 3999 3712 4051 τοῦ

2130 4091 2429 4159 σεϐασμίου
2480 4093 2691 4162 Πατρδς
2738 4092 2832 4145 τοῦ
2881 4095 2940 4145 εν
3006 4092 3184 4160 ἀγίοις
3226 4092 3501 4162 Ἀνδρέου,
3542 4092 3578 4146 ἃ.
3615 4093 3717 4144 καὶ

2127 4185 2345 4247 οἰκείοις
2390 4183 2687 4253 ὀφθαλμοῖς
2720 4184 2961 4253 ἑώρακα,
2996 4187 3089 4236 καὶ
3141 4186 3292 4254 παρὰ
3340 4184 3435 4238 τοῦ
3476 4185 3717 4252 Ἐπιφα-

2128 4277 2244 4331 νίου
2284 4276 2377 4329 τοῦ
2429 4276 2699 4345 ἀοιδίμου,
2732 4276 2827 4328 τοῦ
2859 4277 3139 4344 γεγονότος
3168 4276 3355 4330 ἐνθάδε
3405 4278 3717 4347 ἀρχιερέως

2132 4365 2456 4435 μεμάθηκα,
2512 4366 2606 4417 καί.
2650 4365 2787 4434 τῷδε
2842 4365 2920 4434 τῷ
2976 4366 3366 4435 συγγράμματι
3422 4368 3718 4433 συνέταξα,

447 4466 587 4516 simo
618 4464 1029 4532 archiepiscopo
1057 4464 1359 4517 secundum
1408 4463 1812 4534 praedictionem
1853 4461 2011 4531 ipsius

2133 4459 2315 4527 χάριτι
2366 4458 2457 4509 καί
2492 4456 2870 4527 φιλανθρωπίᾳ
2922 4455 3015 4509 τοῦ
3068 4459 3273 4526 Κυρίου
3330 4459 3489 4528 ἡμῶν
3531 4461 3721 4529 Ἰησοῦ

447 4557 620 4608 sancti
670 4571 685 4608 :
728 4556 886 4623 cujus
924 4555 1175 4623 precibus
1215 4570 1525 4609 mereamur
1555 4555 1816 4624 consequi
1859 4555 2025 4607 mise-

450 4646 747 4698 ricordiam
780 4648 834 4698 in
879 4646 967 4700 die
1010 4646 1238 4714 iudicii,
1290 4661 1384 4716 per
1412 4646 1641 4716 gratiam
1685 4657 1739 4701 et
1778 4646 2023 4716 benigni--

452 4746 617 4789 tatem
656 4734 867 4791 Domini
901 4738 1072 4794 nostri
1118 4734 1245 4792 Jesu
1291 4738 1532 4804 Christi,
1571 4739 1659 4793 cui
1706 4753 1829 4792 cum
1863 4736 2021 4790 Patre

454 4837 755 4898 sanctoque
802 4828 1010 4899 Spiritu
1062 4831 1264 4899 gloria,
1311 4847 1457 4887 nunc
1500 4841 1553 4885 et
1605 4846 1815 4899 semper
1866 4840 1918 4883 et
1967 4830 2019 4882 in

453 4922 652 4977 imula
700 4925 1046 4979 seculorum.
1091 4925 1286 4979 Amen.

2130 4544 2390 4616 Χριστοῦ,
2424 4540 2469 4614 ᾧ
2498 4549 2637 4615 μετὰ
2662 4548 2741 4616 τῷ
2772 4546 2948 4617 Πατρί
2971 4546 3097 4611 δόξα
3130 4550 3245 4617 ἃμα
3267 4549 3346 4619 τῷ
3376 4549 3515 4619 ἀγίῳ
3545 4550 3719 4602 (lysi)-

2132 4656 2264 4708 ματι
2321 4637 2417 4691 νῦν
2454 4640 2545 4691 καὶ
2571 4639 2655 4691 ἀεὶ
2686 4638 2779 4691 καὶ
2822 4639 2900 4701 εἰς
2934 4641 3059 4702 τοὺς
3109 4638 3311 4704 αἰῶνας
3336 4640 3444 4694 τῶν
3473 4639 3719 4695 αἰώνων.

2142 4731 2335 4801 Ἀμήν.
