4034 6214
397 382 3595 428 nam
2960 415 3529 427 Ἤ.

1424 580 1427 581 ν
1507 582 1689 631 CIRCA
1744 587 1995 630 MEDIUM
2047 586 2347 631 SECULUM
2412 587 2478 631 X.

1078 694 1973 897 CONTEXTIO
2051 782 2866 897 GEMMARUM

1907 1046 2064 1102 SlVE

374 1280 1169 1515 Ell’l‘YCHll
1264 1281 2402 1514 Pll’l‘lllAllGﬂlll
2480 1285 3620 1517 ALEXANDRINI

1413 1697 2569 1883 ANNALE-S

556 2024 873 2087 lllustriss.
934 2028 1178 2089 Joanne
1229 2028 1499 2091 Seldeno
1539 2030 1851 2109 chorago;
1914 2033 2253 2110 interprete
2309 2032 2611 2094 Edwardo
2670 2032 3009 2106 Pocockio,
3061 2033 3415 2113 linguarum

839 2156 1165 2221 Hebraieaa
1198 2166 1259 2221 et
1294 2163 1571 2226 Arabicae
1599 2165 1661 2224 in
1695 2161 2033 2224 Academia
2063 2161 2404 2222 Oxoniensi
2450 2158 2811 2238 professore
2857 2160 3140 2240 publico.

482 2327 741 2391 (Omnia:
768 2329 1010 2394 Impensis
1032 2331 1335 2395 Humphredi
1366 2332 1625 2389 Robinson.
1660 2336 1706 2383 in
1728 2333 2025 2383 Cmmeterio
2058 2334 2168 2384 Divi
2205 2335 2370 2394 Pauli,
2407 2336 2465 2383 ad
2508 2336 2700 2398 insigne
2736 2338 2881 2385 trium
2924 2336 3285 2395 Columbarum,
3328 2334 3490 2396 1658)

1967 2510 2036 2523 ..ι-

1647 2643 1751 2705 ΕΧ
1817 2644 2322 2706 ΡΒᾸΞΕΑΤΙΟΝΕ

1342 2835 1937 2949 JOANNIS
2023 2812 2621 2949 SE'LDENI

1956 3079 2025 3118 Αυ

1000 3224 1371 3287 EUTYCHII
1412 3225 1787 3287 ORIGINES
1874 3224 2259 3288 ECCLESL‘E
2339 3224 2943 3296 ALEXANDRIN/E,

374 3380 397 3393 ’
424 3384 487 3442 In
533 3405 633 3459 qua
662 3390 723 3441 de
752 3387 978 3440 auctoris
1004 3388 1228 3453 nomine,
1256 3389 1448 3452 patria,
1481 3385 1763 3443 natalibus.
1791 3397 1917 3445 (evo,
1952 3384 2178 3451 scriptis,
2214 3385 2443 3455 adeoque
2472 3388 2544 3441 eis
2578 3385 2709 3439 unde
2735 3386 2977 3455 Origines
3014 3388 3132 3441 ista:
3164 3394 3405 3451 sumpta.

419 3494 747 3547 Patriarchaa
778 3494 901 3548 huic
927 3509 956 3548 a
985 3494 1256 3549 natalibus
1304 3509 1501 3547 nomen
1537 3504 1653 3548 erat
1702 3491 1828 3546 Said
1881 3508 2004 3546 cum
2056 3493 2361 3561 adjectione
2407 3496 2778 3565 patronymica
2812 3494 2906 3548 llm
2950 3495 3149 3561 Batrik,
3188 3497 3238 3548 id
3275 3504 3377 3561 est,
3411 3495 3605 3550 Saulus

352 3582 527 3636 Filius
589 3581 792 3635 Butrici
844 3598 938 3636 seu
991 3580 1238 3645 Patricii,
1289 3592 1383 3635 ant
1441 3581 1760 3635 Batricides.
1824 3580 1960 3635 Cum
2011 3590 2188 3634 autem
2240 3582 2549 3649 patriarcha
2600 3583 2776 3637 factus
2851 3592 2953 3643 est.
3006 3584 3195 3636 maluit
3248 3583 3350 3636 sibi
3404 3597 3603 3638 nomen

347 3682 659 3752 {mihinam
710 3688 853 3757 quod
894 3696 947 3742 et
986 3697 1242 3742 exaratur
1273 3667 1505 3741 subinde
1541 3680 1823 3747 £71an
1862 3696 1915 3739 et
1951 3679 2225 3746 imitszth
2286 3702 2381 3755 pro
2445 3701 2509 3739 co
2541 3687 2687 3755 quod
2744 3702 2774 3740 e
2832 3688 3019 3741 Grzeeo
3072 3698 3156 3743 est
3220 3688 3480 3759 Eutyche;
3513 3701 3607 3745 aut

352 3775 665 3846 Eutychius.
741 3775 1068 3831 Vocabulum
1128 3776 1258 3829 iilud
1311 3791 1341 3831 c
1406 3774 1594 3829 Grmeo
1640 3776 1719 3829 sic
1780 3776 1831 3827 in
1869 3774 2101 3827 Arabica
2166 3774 2431 3825 elementa
2490 3772 2850 3827 deformatum
2895 3776 2995 3843 legi
3033 3776 3249 3847 quidem
3300 3777 3452 3839 olim,
3510 3778 3605 3832 sed

349 3880 454 3917 non
488 3866 628 3919 .sine
683 3879 908 3929 errore,
980 3864 1351 3933 Aphthysius;
1414 3862 1491 3917 uti
1549 3872 1619 3920 et.
1675 3860 1832 3932 juxta
1888 3873 2119 3922 mecum,
2190 3858 2272 3910 vir
2313 3873 2560 3911 summus
2618 3854 2855 3912 Thomas
2906 3860 3177 3929 Erpenius
3246 3863 3601 3919 Orientalium

349 3952 678 4022 linguarum,
715 3955 950 4007 maxime
978 3954 1242 4015 Arabicae.
1278 3953 1330 4005 in
1358 3951 1651 4005 Occidente
1709 3962 1927 4018 parens,
1960 3945 2085 3998 dum
2117 3945 2268 4007 vixit,
2298 3946 2744 3999 colcudissimus.
2782 3945 2835 3998 Id
2871 3947 3013 4015 quod
3052 3964 3115 4002 ex
3151 3951 3392 4018 ejusdem
3424 3968 3601 4007 anuo~

350 4042 642 4095 tatiuncula
677 4042 742 4096 de
776 4050 997 4097 auctore
1053 4042 1177 4105 hoc,
1215 4040 1463 4094 codicum
1513 4039 1710 4106 quibus
1755 4044 1881 4089 utor
1932 4034 2111 4097 alteri,
2145 4049 2240 4089 sua
2291 4047 2478 4097 manu,
2527 4035 2655 4088 dum
2689 4036 3006 4105 aliquandiu
3063 4041 3456 4095 consuetudine
3482 4044 3601 4111 ejus

348 4125 576 4179 Londini
611 4129 768 4182 annis
799 4128 996 4181 abhinc
1028 4128 1260 4197 amplius
1285 4126 1471 4194 viginti
1506 4125 1741 4187 fruebar,
1766 4122 1973 4192 adjecta
1999 4122 2190 4191 liquet.
2222 4121 2281 4175 Et
2303 4123 2599 4177 lectionum
2634 4123 2900 4190 ejusmodi
2923 4126 3056 4181 satis
3089 4126 3270 4179 ferunt
3293 4128 3408 4195 ipsa
3440 4144 3599 4183 voea-

347 4213 461 4268 buli
500 4216 787 4270 elementa.
830 4216 934 4269 Sed
968 4216 1184 4268 tandem
1214 4215 1319 4267 vidi
1346 4214 1592 4281 Eutycius
1627 4220 1681 4265 et
1714 4209 1957 4279 Eutychii
1983 4210 2198 4262 nomina
2226 4210 2292 4262 ab
2321 4210 2437 4277 ipso
2462 4210 2628 4263 Saido
2657 4210 2859 4264 eisdem
2895 4213 3090 4267 litteris
3122 4213 3421 4284 designari,
3452 4216 3595 4271 unde

346 4311 400 4355 et
434 4302 680 4357 eumdem
711 4303 1025 4372 Eutychinm
1058 4314 1149 4355 aut
1184 4301 1453 4369 Eutychen
1479 4299 1770 4352 dicendum
1805 4298 2028 4350 minime
2056 4298 2318 4349 dubitavi.
2362 4295 2470 4351 Nec
2501 4310 2609 4350 tam
2651 4312 2850 4351 novum
2883 4298 2953 4351 ita
2986 4300 3219 4366 sumpsit
3251 4316 3446 4356 nomen
3474 4303 3594 4357 Sai-

347 4393 473 4455 tlus,
514 4407 674 4461 quam
723 4394 937 4460 pristini
970 4393 1492 4460 interpretationem,
1535 4398 1625 4441 aut
1675 4386 1779 4440 alia
1810 4401 1872 4439 ex
1908 4385 2088 4453 lingua
2123 4397 2511 4451 synonymum.
2556 4381 2691 4437 Nam
2734 4382 2866 4437 Said
2898 4384 3037 4439 idem
3068 4384 3302 4440 Arabiae
3328 4389 3598 4458 signiﬁcat

348 4480 489 4546 quod
523 4480 709 4535 Graece
734 4479 1024 4549 Eutychius
1053 4488 1143 4532 aut
1169 4476 1445 4547 Eutychos,
1478 4485 1565 4529 aut
1590 4475 1783 4529 Latine
1815 4471 2169 4524 Fortunatus.

420 4593 594 4647 Patria
629 4600 745 4647 erat
786 4589 1369 4664 Aigyptus.Natalium
1420 4588 1573 4643 locus
1618 4587 1707 4655 (ut
1732 4593 1964 4641 testatur
2009 4582 2123 4651 ipse
2163 4582 2213 4635 in
2255 4583 2526 4637 Chalifatu
2570 4582 2757 4639 Kaltiri
2792 4584 2978 4653 Billa)
3029 4584 3331 4650 Fustatum.
3371 4586 3439 4643 de
3482 4606 3589 4658 quo

348 4680 466 4734 vide
487 4721 500 4743 ,
535 4680 577 4734 si
610 4681 808 4749 placet,
838 4680 1219 4750 geographiam
1253 4676 1586 4731 Nubienscm
1614 4675 1667 4729 in
1706 4682 1859 4743 parte
1889 4687 1947 4726 ιιι
1976 4675 2213 4729 climatis
2240 4676 2273 4728 5
2307 4686 2501 4745 praeter
2527 4675 2918 4731 Leuat-larium
2952 4678 3003 4730 in
3034 4678 3318 4732 Pandectis
3352 4679 3588 4735 Turcicis

346 4787 468 4837 cap.
503 4768 565 4821 61
602 4769 803 4822 et2l2.
834 4769 1074 4838 Tempus
1108 4770 1371 4822 natalium
1425 4766 1545 4836 ejus
1578 4766 1680 4818 fuit
1714 4780 1892 4818 annus
1920 4776 2142 4819 octavus
2184 4765 2507 4821 Mulemadis
2553 4767 2685 4821 Billa
2736 4766 2828 4821 lbn
2880 4767 3193 4822 Metwaehal
3223 4770 3500 4841 Chalipba:
3535 4772 3586 4825 in

346 4858 521 4927 Syria,
554 4857 828 4911 Achmede
856 4857 946 4910 lbn
984 4855 1152 4910 Tolon
1188 4855 1567 4925 Chalipliatum
1595 4852 1875 4905 obtinente
1906 4849 2146 4924 Egypti;
2180 4856 2293 4909 dies
2322 4869 2447 4909 vero
2480 4855 2793 4909 Dnminicus
2823 4866 2876 4909 et
2921 4856 2989 4908 27
3022 4858 3222 4911 mensis
3274 4858 3592 4929 Dilhuggite,

347 4946 471 4997 anni
502 4945 699 5015 hegiraa
726 4943 857 5010 265,
898 4954 949 4997 ut
982 4944 1283 5011 expressim
1316 4943 1368 4995 in
1402 4942 1650 4995 codicum
1682 4940 1880 5009 quibus
1929 4950 2055 4993 utor
2077 4940 2318 5008 ejusdem
2347 4942 2539 5007 altero,
2567 4944 2680 4996 sive
2726 4943 2794 4997 ab
2820 4946 2937 5013 ipso
2970 4942 3251 5015 Eutyehio,
3286 4946 3398 5000 sive
3422 4962 3449 4999 a
3498 4962 3593 5000 ne-

347 5034 463 5085 scio
498 5048 606 5101 quo
638 5031 745 5085 alio
777 5029 1032 5085 traditur.
1059 5030 1132 5083 De
1151 5044 1298 5085 anno
1329 5028 1490 5081 verba
1523 5035 1671 5081 sunt:
1699 5028 1861 5094 Atque
1893 5026 1993 5079 hoc
2017 5028 2183 5080 evenit
2218 5044 2353 5079 anno
2381 5028 2487 5081 263
2516 5029 2713 5081 lunari.
2746 5028 2815 5082 Et
2853 5029 2917 5081 ab
2946 5030 3125 5100 Itegira
3151 5030 3219 5082 ad
3243 5031 3441 5085 natales
3480 5034 3591 5097 ejus

347 5126 470 5176 anni
525 5134 645 5177 sunt
699 5124 897 5178 salares
936 5124 1060 5178 255.
1090 5123 1222 5177 Dum
1278 5136 1408 5176 vero
1461 5128 1777 5174 numeratur
1812 5118 1883 5170 ibi
1921 5130 2150 5170 annusa
2178 5114 2381 5170 Christi
2450 5118 2843 5182 incarnatione,
2890 5119 2947 5170 lit
2979 5119 3065 5174 ille
3120 5120 3223 5175 868
3252 5120 3383 5189 ;qui
3433 5120 3591 5188 plane

347 5212 483 5265 idem
555 5222 638 5266 est
712 5213 803 5282 qui
869 5213 1027 5268 nobis
1084 5212 1139 5265 in
1210 5209 1560 5278 chronologia
1626 5206 2000 5275 receptissima
2080 5205 2312 5259 habetur
2377 5204 2501 5260 876.
2556 5204 2821 5260 Nimirum
2907 5206 3209 5276 Eutycliius
3278 5208 3478 5277 passim
3512 5200 3589 5261 ‘in

344 5302 691 5371 chronologia
748 5314 845 5354 sua
907 5299 1115 5354 Christi
1177 5299 1386 5353 natales
1453 5299 1701 5351 octeunio
1758 5294 1886 5347 facit
1948 5292 2282 5347 recentiores
2338 5308 2497 5361 quam
2556 5295 2606 5347 in
2667 5310 2772 5348 aera
2826 5298 3057 5367 vulgari.
3108 5298 3363 5364 Adeoque
3414 5311 3476 5349 ex
3528 5312 3590 5350 ea

344 5390 553 5443 ratione
602 5390 841 5458 hegiram
893 5387 962 5441 ab
1021 5402 1165 5442 anno
1208 5385 1407 5439 Christi
1476 5383 1580 5437 6M
1643 5383 1976 5450 auspicatur,
2005 5394 2166 5447 quam
2225 5382 2508 5435 unanimes
2558 5382 2806 5436 tribuunt
2866 5384 3184 5451 ehronologi
3238 5383 3411 5435 nostri
3441 5400 3586 5438 anno

342 5478 547 5547 vulgari
607 5476 810 5531 Christi
870 5476 993 5531 622.
1042 5472 1217 5544 Atque
1271 5488 1335 5526 ex
1398 5471 1501 5525 622
1555 5482 1607 5525 et
1650 5469 1753 5522 254
1803 5468 1959 5523 annis
2006 5466 2275 5520 sclaribus
2328 5467 2618 5521 coniicitur
2658 5484 2837 5523 annus
2864 5470 2950 5523 ille
2983 5470 3105 5523 876.
3140 5469 3264 5525 Dies
3300 5480 3480 5525 autem
3519 5471 3589 5524 27

341 5565 639 5634 Dilhuggia:
687 5567 741 5619 in
791 5581 936 5619 anno
990 5562 1197 5633 Hegira:
1250 5560 1377 5625 265,
1425 5558 1713 5627 respondet
1750 5556 1857 5611 diei
1893 5557 1924 5610 8
1988 5554 2328 5624 Septembris
2383 5557 2435 5610 in
2491 5573 2635 5612 anno
2689 5557 2793 5611 8'76
2852 5555 3089 5614 Juliano.
3130 5561 3319 5631 Accepi
3364 5576 3511 5623 vero,
3536 5573 3590 5617 et

338 5652 657 5709 beneﬁcium
703 5652 1063 5710 libentissime
1106 5662 1380 5722 agtiosco,
1412 5648 1479 5702 ab
1538 5646 1654 5701 viro
1704 5644 1895 5700 litteris
1936 5647 2153 5717 optimis
2196 5662 2259 5701 ac
2318 5648 2515 5702 virtute
2568 5648 2920 5702 ornatissimo
2969 5648 3234 5704 Edwardo
3280 5649 3577 5711 Pococklo.
