4034 6214
467 246 498 270 9

465 327 566 390 891
1905 322 2058 416 AEN

2125 319 2279 381 LES.
3600 307 3718 374 892

455 440 652 497 Omnii
685 441 881 508 linguae
909 439 1154 494 Arabica:
1185 439 1498 509 prolessore
1532 437 1880 508 dignissimo,
1909 436 2075 488 vitam
2117 449 2222 488 ms.
2263 429 2512 502 Eutychii
2545 429 2716 483 nostri
2749 427 2819 482 ob
2848 426 2940 482 lbn
2970 426 3068 480 Abi
3099 425 3330 481 Osaibea
3362 422 3718 480 Mabumeda.

457 550 550 595 no,
582 534 723 584 inter
757 529 904 585 Vitas
936 530 1175 584 Arabum
1211 529 1302 597 qui
1329 527 1598 582 medicina
1632 531 1788 592 (nam
1831 535 1886 580 et
1944 523 2190 580 medicus
2229 528 2346 574 erat
2383 519 2614 587 insignis
2644 516 2977 588 Eutychius)
3022 515 3271 569 claruere
3329 513 3612 580 scriptam.
3653 518 3716 566 In

456 637 518 672 ra
551 620 689 672 idem
722 619 861 680 dies,
897 619 1125 678 mensis,
1158 632 1220 670 ac
1255 617 1386 669 feria
1418 615 1629 679 eadem,
1666 615 1940 668 natalibus
1970 614 2090 682 ejus
2140 613 2423 668 tribuitur.
2458 611 2650 666 Annus
2687 625 2815 662 vero
2849 609 3066 661 interim
3112 607 3184 660 ibi
3214 613 3297 659 est
3330 604 3435 658 223
3482 603 3716 674 Περίταν.

457 723 560 777 Sed
617 722 820 776 librarii
871 736 1025 776 error
1081 730 1164 775 est
1236 720 1584 774 manileStus.
1643 718 1708 772 Et
1776 735 1874 788 pro
1936 722 2111 807 prmi?
2170 721 2484 780 vicesimus,
2544 719 2701 787 plane
2776 707 2918 802 Prii?
2983 716 3336 783 sexagesimus
3405 711 3717 776 legendum.

456 811 662 862 Auctor
695 809 780 862 ille
831 809 966 862 alias
1025 807 1225 862 dicitur
1282 809 1399 860 Abu
1457 805 1744 875 Elaighbas
1783 796 2036 860 ‘Achmcd
2064 796 2170 861 Ben
2200 809 2414 867 Casem,
2439 823 2595 876 quem
2627 796 2876 860 eumdem
2896 803 3148 857 existimo
3172 817 3294 854 esse
3319 816 3442 855 cum
3469 800 3576 852 Ben
3607 799 3718 853 (Sa-

459 913 572 953 sem
615 899 855 951 virorum
893 897 1186 949 illustrium
1212 897 1456 950 Vitarqu
1493 908 1720 947 auctore
1754 896 2045 963 aliquoties
2071 896 2237 948 citato
2287 909 2314 946 a
2373 893 2622 946 Gabriele
2682 903 2733 945 et
2761 890 2971 944 Joanne
3001 889 3286 943 Maronitis
3313 890 3365 940 in
3394 897 3621 943 tractatu
3649 889 3720 942 de

457 992 620 1046 rebus
654 988 1020 1043 Orientalibus
1041 989 1394 1058 Geographia:
1423 988 1684 1041 Nubiensi
1719 989 1986 1041 subnexo.
2033 986 2244 1042 Floruit
2281 987 2367 1040 hic
2410 987 2511 1040 sub
2546 1002 2746 1039 annum
2771 985 2968 1053 begirte
2992 984 3118 1048 6l0,
3154 999 3248 1038 seu
3277 998 3476 1036 annum
3514 982 3718 1036 Christi

461 1081 618 1134 ηιξ.
656 1079 815 1131 Anno
850 1095 1044 1147 nempe
1108 1078 1284 1131 antatis
1321 1091 1432 1130 sine
1482 1078 1547 1129 57
1599 1084 1848 1129 mortuus
1885 1092 1992 1140 esz,
2039 1093 2182 1131 anno
2208 1077 2406 1144 begira?
2439 1074 2567 1139 6H5,
2629 1076 2722 1143 qni
2764 1074 2967 1128 Christi
3015 1081 3100 1127 est
3143 1073 3298 1126 1220.
3356 1071 3524 1141 Igitur
3556 1081 3717 1125 natus

457 1180 540 1224 est
563 1168 862 1239 Eutychius
903 1167 1099 1221 Carolo
1127 1151 1293 1222 Calvo
1321 1165 1659 1227 Occidentis,
1693 1163 1893 1218 Basilio
1928 1163 2167 1219 Orientis
2200 1164 2644 1230 imperatoribus,
2673 1169 2726 1216 et
2753 1161 2974 1215 All‘redo
2997 1177 3122 1229 rege
3156 1161 3380 1229 Angliaa,
3408 1160 3714 1230 patriarcha

459 1256 829 1311 Alexandrino
860 1262 988 1307 tunc
1017 1254 1296 1308 Michaele.
1338 1254 1472 1306 Dum
1509 1264 1690 1305 autem
1727 1252 1991 1321 temporis
2027 1252 2172 1305 hunc
2218 1253 2653 1320 qualemcunque
2685 1249 2952 1302 calculum
2980 1263 3044 1302 ex
3075 1248 3364 1302 Arabismo
3405 1247 3713 1314 all'erimus,

459 1345 606 1399 subit
642 1345 695 1398 in
733 1353 968 1395 mentem
1007 1343 1136 1395 illud
1170 1341 1470 1406 Landulphi
1496 1340 1718 1406 Sagacis
1747 1339 1813 1391 de
1857 1355 2070 1393 summa
2107 1350 2269 1404 atque
2307 1338 2552 1390 inaudita
2590 1336 2910 1389 numerandi
2954 1334 3194 1397 inscitia,
3225 1349 3384 1403 quam
3426 1335 3716 1397 Arabibus,

458 1445 681 1486 auctore
705 1432 955 1486 Grzrcnlo
982 1429 1187 1497 aliquo,
1230 1429 1478 1496 imputat.
1511 1431 1599 1481 Ait
1631 1444 1844 1496 nempe.
1883 1428 2025 1481 libro
2054 1427 2124 1481 9.0
2172 1425 2312 1489 Ulid,
2346 1441 2440 1478 seu
2484 1424 2662 1478 Walid
2700 1423 2968 1491 Chaltfant
2999 1422 3170 1492 Syria:
3209 1423 3535 1490 prohibuisse
3559 1422 3721 1474 scribi

461 1521 640 1576 Cra'ce
668 1522 898 1588 publicos
930 1520 1202 1588 logothesii
1240 1520 1460 1582 codices,
1511 1519 1602 1571 sed
1638 1521 1688 1572 in
1723 1518 1961 1572 Arabicis
1993 1515 2242 1569 annotari
2283 1513 2392 1565 sine
2422 1521 2692 1577 computo:
2736 1514 3006 1579 quoniam,
3057 1513 3141 1565 sic
3171 1511 3279 1576 ille,
3313 1509 3638 1576 impossibile
3663 1525 3721 1562 es

459 1611 672 1664 il'orum
707 1610 886 1678 lingua
919 1610 1216 1671 monadem,
1250 1609 1326 1660 uel
1350 1608 1682 1668 dualitalem,
1709 1617 1800 1658 aut
1831 1607 2141 1664 trinitatem,
2173 1611 2262 1656 aut
2291 1611 2406 1655 octo
2428 1611 2478 1654 et
2515 1601 2818 1662 dimidium,
2878 1609 2969 1652 aut
2995 1601 3096 1653 tria
3130 1599 3311 1663 scribi,
3343 1608 3554 1668 propter
3579 1598 3722 1666 quod

457 1711 505 1753 et
531 1715 693 1767 usque
743 1699 896 1750 hodie
945 1707 1062 1749 sunt
1104 1697 1300 1748 notarii
1326 1694 1633 1748 Christiani.
1677 1693 1830 1746 ltain
1874 1695 2034 1748 rebus
2084 1693 2376 1748 Justiniani
2413 1689 2748 1751 Rhinotmeti
2809 1704 2904 1743 seu
2954 1689 3058 1744 sub
3091 1705 3294 1742 annum
3361 1688 3562 1742 Christi
3616 1687 3724 1741 700

459 1784 836 1854 Lunlulphus.
873 1783 975 1837 Sed
1015 1783 1201 1837 mirari
1247 1783 1381 1837 satis
1417 1795 1650 1850 nequeo,
1700 1782 1973 1842 undenam
2021 1781 2125 1835 hoc
2173 1791 2544 1837 commentum
2581 1780 2757 1848 primo
2806 1787 3015 1832 natum.
3069 1777 3411 1833 Manifestius
3471 1779 3604 1831 nihil
3638 1789 3722 1832 est

459 1891 621 1943 quam
656 1889 762 1926 non
789 1874 963 1926 solum
998 1873 1050 1926 in
1084 1871 1318 1924 Arabum
1354 1871 1534 1940 lingua
1558 1869 1771 1924 Walidc
1835 1871 1937 1924 hoc
1997 1872 2316 1934 vetustiore,
2351 1877 2513 1939 upote
2544 1871 2708 1922 etiam
2748 1870 2800 1921 in
2829 1867 3176 1928 Alcoranica.
3205 1867 3528 1921 numerandi
3557 1866 3750 1919 ratio»

460 1978 580 2014 ιιι-ιιι
615 1961 840 2030 pariter,
864 1969 923 2014 ut
951 1959 1152 2027 linguis
1177 1960 1228 2012 in
1265 1959 1406 2018 aliis,
1439 1960 1691 2027 exprimi.
1723 1975 1909 2013 rerum
1944 1960 2106 2012 etiam
2164 1959 2328 2023 ipsas,
2362 1957 2563 2026 quibus
2610 1957 2816 2008 utimur
2857 1955 3129 2024 Europzei,
3167 1951 3368 2022 ﬁguras
3412 1955 3725 2009 numerales

460 2049 866 2116 operationibus
887 2047 1242 2102 arithmeticis
1274 2047 1411 2100 adeo
1437 2046 1842 2108 accommodas,
1881 2062 2018 2115 quas
2050 2046 2362 2100 barbaricas
2394 2045 2798 2113 appellitamus,
2836 2044 2904 2098 ab
2925 2045 3168 2098 eis‘olim
3208 2051 3394 2097 mutuo
3425 2043 3720 2111 Europzeus

459 2139 760 2206 accepisse,
787 2152 886 2190 nec
911 2137 982 2190 ita
1013 2135 1179 2189 multo
1207 2136 1364 2188 aliter
1393 2150 1422 2188 a
1456 2135 1614 2190 nobis
1641 2137 1937 2188 etiamnum
1967 2151 2127 2204 quam
2162 2135 2228 2199 ab
2275 2134 2382 2187 illis
2414 2133 2694 2187 formatas.
2727 2132 2789 2184 Et
2835 2131 3161 2186 Guiliclmns
3223 2131 3731 2185 )lalmesburiensis

461 2226 610 2285 lib."
647 2231 719 2284 De
743 2230 911 2285 Gestis
935 2247 1111 2298 regum
1137 2229 1360 2300 Anglice,
1386 2245 1506 2298 cap.
1541 2228 1628 2292 l0,
1669 2229 1756 2282 ubi
1789 2227 2057 2290 Gerberti,
2092 2237 2276 2298 postea
2325 2227 2572 2282 Silvestri
2605 2244 2752 2297 pape
2783 2227 2975 2297 (quem
3006 2238 3183 2282 tamen
3217 2226 3306 2281 ille
3331 2227 3595 2281 Joannem
3627 2223 3721 2278 XV

462 2334 742 2387 perperam
794 2317 956 2384 facit)
993 2317 1269 2370 historiam
1323 2317 1619 2376 intcrtexit.
1651 2333 1774 2369 cum
1826 2317 1897 2369 ait.
1934 2319 2160 2384 primum
2198 2334 2228 2369 a
2265 2315 2544 2370 Saracenis
2598 2316 2834 2370 Abacunt
2894 2317 3208 2385 rapientem,
3253 2317 3462 2385 regulas
3515 2313 3723 2367 dedisse

461 2423 578 2474 quoe
615 2423 645 2458 α
678 2405 994 2459 sudantibus
1031 2404 1276 2458 abacistis
1315 2405 1398 2457 vix
1441 2403 1819 2474 intelligantur.
1876 2402 1978 2458 Sed
2013 2406 2125 2461 haec
2155 2407 2350 2460 obiter.

535 2552 780 2621 Dignitas
808 2549 1060 2620 Entychii
1095 2547 1268 2602 nostri
1303 2551 1550 2620 cernitur
1578 2556 1692 2600 turn
1744 2549 1794 2601 in
1847 2552 1983 2604 artis
2020 2550 2307 2604 medicina:
2340 2551 2603 2621 singulari
2637 2565 2742 2620 qua
2777 2550 2981 2604 claruit
3015 2549 3179 2615 fama,
3225 2557 3340 2603 tum
3376 2550 3427 2600 in
3475 2548 3638 2602 rebus
3665 2557 3723 2601 et

461 2640 742 2698 historicis
777 2649 829 2693 et
860 2638 1187 2705 theologicis
1220 2637 1424 2706 quibus
1459 2637 1748 2690 admodum
1784 2639 1994 2707 polluit.
2035 2639 2282 2706 adeoque
2316 2639 2368 2691 in
2407 2638 2628 2705 fastigio
2669 2637 2736 2692 ad
2775 2638 2920 2707 quod
2951 2646 3181 2692 evectus
3221 2646 3304 2692 est
3339 2637 3721 2704 patriarchali.

466 2731 735 2784 Medicum
771 2727 992 2796 quidem
1027 2726 1146 2794 ipse
1178 2741 1235 2778 se
1270 2725 1322 2777 in
1367 2724 1592 2792 scriptis
1625 2724 1741 2778 Suis
1769 2740 1874 2776 non
1912 2725 1982 2776 ita
2012 2738 2137 2776 raro
2171 2725 2430 2794 appellat,
2465 2725 2686 2795 adjecto
2722 2727 2928 2778 nomini
2965 2740 3088 2790 suo,
3125 2725 3295 2794 quod.
3333 2724 3483 2788 iuxta
3516 2723 3713 2778 Orien-

465 2817 654 2870 talium
691 2829 918 2875 morem,
951 2812 1184 2867 subinde
1211 2811 1425 2874 inserit,
1466 2811 1732 2863 vocabulo
1764 2811 2016 2864 medicus.
2050 2813 2118 2865 Et
2150 2813 2390 2868 Achmcd
2420 2813 2526 2868 Ben
2558 2817 2748 2869 Casem
2792 2815 2845 2868 in
2878 2813 2996 2866 Vita
3030 2814 3151 2880 ejus
3189 2831 3202 2867 :
3245 2812 3312 2865 Et
3357 2812 3583 2866 medicus
3619 2813 3722 2879 fuit

463 2904 686 2972 insignis
710 2942 724 2964 ,
762 2911 872 2954 tant
905 2901 1148 2952 tlteoricaz
1193 2909 1303 2951 tum
1347 2901 1591 2967 practicaz
1626 2899 1864 2965 ejusdem
1893 2900 2062 2966 partis
2097 2917 2321 2971 gnarus,
2358 2919 2420 2955 ac
2467 2913 2698 2970 tempore
2743 2905 2836 2956 suo
2869 2902 3221 2970 pra-"cellens;
3258 2899 3720 2971 quemadmodum

471 2991 598 3044 item
631 2998 750 3043 erat
801 2989 970 3042 frater
995 2987 1113 3052 ejus
1161 2986 1350 3041 Isilbn
1387 2986 1573 3039 Batrik
1621 2988 1825 3040 dictus.
1888 2987 2184 3041 Scientiam
2223 2991 2683 3059 ejushiSBoricam
2726 2992 2933 3046 scimus
2983 3009 3045 3045 cx
3109 2993 3418 3046 Annalibus
3460 2990 3604 3058 ejus,
3650 2989 3721 3043 de

465 3083 665 3149 quibus
708 3096 854 3134 mox.
897 3077 1232 3146 Theologum
1265 3087 1446 3132 autem
1485 3078 1719 3132 subinde
1759 3079 1810 3130 in
1847 3079 2150 3134 Annalibus
2185 3079 2292 3132 ille;
2329 3081 2438 3150 agit
2473 3089 2716 3144 acutum,
2750 3079 2879 3134 dum
2934 3079 2988 3133 in
3024 3079 3281 3144 Arianos,
3331 3079 3718 3140 Nestorianos,

467 3171 520 3225 id
556 3185 727 3239 genus
761 3167 916 3229 alios,
949 3179 1053 3220 tam
1085 3167 1282 3228 obiter,
1313 3166 1404 3221 sed
1445 3166 1812 3231 breviuscule,
1846 3168 2124 3234 disputare
2165 3167 2278 3220 vult
2314 3183 2475 3236 quam
2510 3185 2596 3222 res
2623 3184 2811 3221 eorum
2859 3183 3104 3222 narrare.
3163 3168 3220 3221 In
3268 3167 3585 3237 dignitatem
3622 3181 3719 3236 pa-

468 3260 816 3314 triarchalem
850 3271 1072 3312 evectus
1105 3265 1210 3320 est,
1241 3264 1364 3325 post
1411 3255 1622 3308 obitum
1677 3254 2018 3308 Cbristoduli
2079 3258 2408 3322 patriarchae
2446 3256 2826 3319 Alexandrini,
2864 3251 3043 3309 annos
3096 3263 3256 3310 na‘tus
3307 3257 3515 3310 solarcs
3569 3256 3712 3308 circa

465 3348 863 3417 quinquaginta
899 3357 1042 3398 octo.
1074 3342 1338 3396 Nimirum
1371 3357 1516 3394 anno
1566 3343 1767 3408 hegira:
1797 3341 1921 3402 5M,
1957 3358 2048 3395 seu
2077 3344 2252 3412 primo
2286 3343 2591 3398 Cbalilatus
2627 3345 2819 3398 Kabiri
2868 3343 3024 3407 Billa,
3061 3346 3236 3398 laetus
3267 3343 3712 3412 esbpatriarcba,

466 3437 556 3489 die
601 3436 634 3488 8
675 3434 878 3488 mensis
918 3431 1210 3501 Tzephari,
1256 3439 1314 3484 ut
1363 3430 1666 3497 expressim
1722 3437 1837 3482 tum
1887 3429 1995 3482 Ben
2025 3431 2243 3496 Casetn,
2279 3442 2393 3484 tttm
2442 3433 2744 3502 Eutychius
2790 3433 2932 3503 ipse.
2984 3432 3088 3486 Sed
3125 3433 3297 3485 altero
3331 3432 3383 3485 in
3413 3432 3713 3500 exemplari

469 3522 715 3589 Eutychii
748 3525 895 3588 (nam
927 3519 1071 3571 binis
1105 3519 1184 3570 usi
1218 3531 1432 3577 sumus,
1472 3523 1531 3568 ut
1564 3515 1744 3568 statim
1776 3515 2045 3583 dicemus)
2085 3521 2373 3574 manifesta
2419 3528 2501 3574 est
2543 3521 2595 3573 in
2645 3524 2892 3576 numeris
2926 3523 3025 3575 hac
3073 3521 3141 3574 de
3177 3537 3235 3574 re
3283 3519 3622 3590 depravatio.
3657 3518 3713 3572 In

467 3613 677 3666 calculo
709 3609 930 3662 Juliano
965 3607 1261 3675 respondet
1295 3620 1471 3658 annus
1512 3603 1714 3658 Christi
1741 3605 1846 3659 955
1877 3621 1941 3659 ac
1974 3607 2092 3665 dies
2121 3605 2408 3661 Februarii
2443 3616 2698 3662 octavus.
2733 3609 2886 3663 Sedit
2927 3609 3086 3662 annis
3137 3608 3427 3662 lunaribus
3454 3607 3482 3658 7
3517 3616 3719 3677 prmter

468 3702 500 3753 6
535 3712 768 3762 menses,
803 3695 948 3765 quod
986 3701 1218 3748 testatur
1252 3703 1360 3746 tam
1394 3691 1660 3761 Georgius
1689 3691 2028 3758 Eltnacinus,
2067 3703 2161 3746 aut
2189 3696 2472 3749 adnutatio
2505 3697 2552 3749 ei
2589 3691 2802 3763 adjecta
2840 3697 2874 3749 I.
2918 3711 2999 3758 ιιι.
3033 3711 3082 3750 c.
3131 3696 3180 3757 l,
3213 3710 3375 3762 quant
3428 3693 3565 3748 Vita:
3595 3695 3720 3763 ejus

468 3797 661 3840 auctor
686 3786 796 3853 jam
823 3791 949 3836 ante
981 3783 1183 3837 dictus.
1211 3781 1477 3837 Macarius
1518 3791 1638 3835 erat
1659 3790 1792 3836 tunc
1824 3783 2090 3852 temporis
2121 3782 2494 3837 Jacobitarum
2533 3798 2627 3838 seu
2667 3783 3138 3853 Eutychianornm
3167 3784 3239 3837 ibi
3271 3782 3607 3852 patriarcha,
3637 3782 3721 3835 uti

473 3874 563 3928 hic
594 3871 1040 3928 Ortltodoxorum.
1079 3871 1169 3924 Sic
1196 3871 1341 3926 enim
1389 3872 1440 3924 in
1490 3871 1624 3924 urbe
1663 3867 1778 3931 illa,
1813 3870 2180 3924 seditionibus
2211 3871 2581 3934 deditissima,
2627 3871 2720 3925 diu
2753 3873 2916 3926 etiam
2952 3885 3108 3925 antea
3138 3872 3478 3935 obtinuerat,
3514 3879 3572 3938 ut
3607 3879 3720 3924 tam

476 3961 746 4016 ha-reticis
799 3974 964 4028 quam
1017 3960 1336 4014 orthodosis
1394 3975 1531 4013 suus
1579 3970 1723 4016 esset
1759 3963 1831 4015 ibi
1901 3961 2218 4029 episcopus.
2254 3957 2390 4012 Vide
2453 3956 2823 4029 Nicephorum
2853 3959 3000 4014 Hist.
3041 3976 3130 4022 xv,
3162 3975 3212 4012 c.
3246 3959 3333 4013 16.
3371 3957 3435 4012 Ει
3462 3957 3728 4014 Brevicu-

471 4053 579 4105 lum
621 4048 866 4105 historia:
919 4048 1477 4116 Eutychianistarum.
1527 4064 1621 4103 seu
1669 4047 1826 4103 Gesta
1871 4049 1932 4101 de
1985 4047 2194 4100 nomine
2246 4047 2449 4110 Acacii,
2496 4063 2620 4101 cum
2673 4048 2998 4116 pontiﬁcum
3044 4048 3418 4101 Rotnanorum
3464 4047 3726 4114 epistolis

470 4141 679 4208 aliquot
710 4140 776 4190 ab
805 4137 1012 4192 Jacobo
1048 4136 1342 4189 Sirtnondo
1377 4136 1581 4190 dudum
1628 4136 1794 4199 edita,
1827 4152 1950 4204 pag.
1991 4136 2053 4188 16
2085 4154 2096 4188 :
2141 4134 2354 4188 Mortuo
2401 4135 2635 4202 principe
2674 4134 2979 4195 Marciano,
3025 4135 3256 4188 collectis
3293 4134 3463 4187 turbis
3493 4135 3720 4188 Ita‘reti-

471 4246 673 4292 corum,
711 4226 1014 4279 Timotheus
1061 4233 1109 4278 et
1163 4225 1346 4278 Petrus
1381 4226 1587 4278 veniunt
1633 4225 2040 4286 Alexandriam,
2093 4234 2140 4277 et
2169 4225 2454 4276 ordinatur
2512 4224 2576 4277 ab
2625 4226 2884 4277 luereticis
2935 4223 3238 4277 Timotheus
3275 4225 3571 4293 episcopus.
3614 4224 3726 4277 duo

471 4317 634 4384 igitur
664 4317 804 4384 apud
838 4314 1219 4368 Alexandriam
1250 4314 1474 4379 episcopi
1508 4330 1618 4366 esse
1649 4323 1936 4383 creperum.
1986 4313 2434 4367 Orthodosorum
2466 4322 2594 4366 tunc
2619 4322 2736 4365 erat
2768 4313 3070 4368 l’roterius.
3106 4311 3238 4366 Tam
3276 4327 3405 4368 vero
3452 4312 3728 4380 Georgius

475 4405 788 4460 Elmacinus
821 4417 982 4472 quam
1021 4400 1128 4454 Ben
1154 4401 1349 4453 Casem
1382 4401 1458 4451 ait
1493 4400 1723 4454 dissidia
1757 4400 1998 4466 viguisse
2024 4415 2134 4454 non
2171 4400 2306 4454 levia
2343 4403 2480 4460 inter
2517 4401 2836 4471 Eutychium
2869 4413 2921 4456 et
2950 4404 3159 4470 plebem
3211 4418 3393 4456 suam.
3438 4402 3726 4455 Diarrhzea

474 4491 691 4546 tandem
727 4490 1063 4545 laborantem
1095 4488 1437 4540 Alexandria:
1464 4504 1586 4540 eum
1623 4488 1828 4542 obiisse
1861 4502 2006 4540 anno
2043 4487 2243 4556 hegirae
2271 4489 2399 4552 528,
2433 4489 2521 4544 die
2568 4489 2711 4543 luna:
2746 4489 2840 4558 qui
2882 4499 3197 4558 postremus
3225 4500 3344 4546 erat
3373 4491 3577 4546 mensis
3610 4490 3728 4544 Ra-

471 4580 614 4648 gcbi.
645 4579 864 4633 Initium
899 4576 1026 4628 anni
1065 4575 1207 4628 illius
1239 4583 1354 4627 erat
1391 4576 1450 4628 l8
1482 4574 1733 4630 Octobris
1776 4576 1904 4628 anni
1940 4575 2139 4628 Christi
2174 4577 2300 4638 950,
2344 4577 2478 4629 feria
2530 4585 2685 4630 sexta
2721 4591 2817 4631 seu
2877 4579 2966 4632 die
3013 4577 3263 4632 Veneris.
3309 4579 3386 4632 Ita
3426 4580 3478 4632 in
3504 4580 3728 4634 calculo

471 4668 688 4720 .luliano
717 4674 968 4718 mortuus
999 4673 1085 4716 est
1117 4663 1202 4716 dic
1259 4662 1378 4715 Maii
1421 4663 1772 4726 duodecimo,
1807 4663 1934 4716 anni
1977 4663 2180 4718 Christi
2225 4663 2352 4728 940,
2401 4672 2690 4732 postquam
2728 4679 2904 4718 annos
2953 4665 3021 4717 63
3065 4673 3158 4718 aut
3198 4666 3422 4720 circiter
3465 4667 3725 4724 vixisset.

474 4754 822 4822 (,Ialipbatum
866 4751 1038 4822 Syriae
1088 4760 1309 4804 tenente
1355 4751 1530 4804 Arado
1573 4751 1744 4804 Billa:
1784 4749 2027 4804 Romano
2073 4749 2351 4812 Orientis.
2408 4754 2607 4806 Ottone
2649 4751 2845 4822 Magno
2899 4757 3210 4809 Occidentis
3267 4755 3722 4826 imperatoribus,

475 4850 640 4911 atque
666 4840 987 4894 Athelstano
1025 4856 1150 4908 rege
1191 4839 1416 4910 Anglim.
1450 4840 1671 4894 Coaavos
1700 4839 1771 4892 ita
1810 4839 2000 4893 habuit
2030 4839 2128 4892 Aloi
2176 4838 2290 4892 Hali
2340 4839 2447 4894 Ben
2501 4839 2699 4903 Mucia,
2752 4841 2845 4910 qui
2904 4843 3114 4912 primus
3161 4844 3518 4912 elegantioris
3570 4845 3723 4912 apud

475 4931 684 4984 Arabas
712 4929 984 4984 scribendi
1015 4930 1230 4997 gent-ris
1260 4941 1449 4981 auctor
1496 4928 1726 4988 exstitit,
1770 4935 1934 4994 atque
1985 4927 2332 4982 Albatenium
2365 4946 2463 4984 seu
2517 4931 2920 5000 Albategnium,
2955 4933 3004 4986 id
3043 4944 3124 4988 est
3156 4932 3537 4987 lllahumedem
3578 4935 3718 4987 Ara-

475 5030 741 5078 ctensem,
766 5017 1080 5070 Aratensem
1111 5015 1414 5084 Cupct'ttico
1446 5015 1679 5083 aliisque
1711 5017 1913 5068 dictum
1963 5023 2015 5068 et
2051 5016 2283 5070 subinde
2304 5010 2657 5078 Aracenscm.
2687 5019 3103 5074 t'elclicrrintmn
3132 5022 3282 5074 illum
3308 5032 3691 5076 astronomttm

474 5107 542 5161 de
569 5121 677 5175 quo
705 5105 897 5174 legitur
931 5105 982 5157 in
1005 5103 1270 5158 Tzemacb
1306 5103 1469 5156 David
1508 5120 1520 5156 :
1550 5101 1605 5155 Is
1638 5103 1827 5154 invenit
1858 5101 2018 5155 simul
2049 5112 2098 5156 et
2126 5106 2442 5158 instauravit
2473 5105 2737 5159 calculum
2767 5119 3011 5161 exactum
3033 5119 3082 5162 et
3119 5108 3330 5162 tabulas
3362 5109 3711 5175 astronomis,

469 5173 1008 5265 quibusutunturiosi
1032 5209 1192 5261 usque
1235 5192 1287 5245 in
1316 5191 1452 5244 hunc
1484 5193 1618 5247 diem
1647 5193 1697 5244 in
1737 5202 1877 5243 ntulit
1929 5208 2044 5243 vero
2089 5192 2441 5259 supputundo.
2495 5193 2585 5246 Sic
2632 5193 2799 5248 David
2852 5197 2941 5250 ille.
2993 5205 3133 5264 part.
3185 5212 3242 5250 ιι.
3277 5211 3424 5250 anno
3465 5173 3725 5250 chiliadis

472 5285 676 5353 quinta:
725 5283 847 5343 (535,
897 5297 994 5336 seu
1045 5281 1248 5333 Christi
1285 5281 1408 5334 875.
1440 5279 1836 5348 Alphonsinas,
1873 5289 1930 5332 ut
1966 5281 2200 5343 videtur,
2241 5280 2352 5330 vult
2410 5295 2473 5332 ex
2522 5281 2792 5334 Albatenii
2828 5283 2969 5335 libro
3006 5285 3070 5335 de
3134 5282 3394 5337 Scientiis
3429 5285 3718 5334 stellarum

475 5374 661 5442 (quem
698 5389 762 5426 ex
802 5369 1038 5424 Arabico
1085 5369 1246 5423 vertit
1302 5371 1430 5424 olim
1494 5368 1648 5423 Plato
1695 5368 2040 5436 Tiburtinus)
2073 5377 2439 5421 consururtas.
2476 5365 2798 5421 Coaeianeus
2849 5369 2977 5422 item
3029 5369 3292 5439 Entyehio
3321 5380 3438 5424 erat
3485 5371 3720 5440 Pbotius

477 5463 927 5530 archiepiscopus
967 5457 1646 5526 Constantinopolitanus,
1695 5467 1887 5525 atque,
1936 5458 2010 5509 uti
2056 5457 2245 5508 volunt
2304 5455 2495 5523 aliqui,
2547 5456 2997 5526 'l‘lteophylaetus
3043 5459 3336 5528 Bulgarize,
3387 5471 3442 5513 et
3499 5457 3721 5512 ‘r'itelliu

463 5545 721 5614 -Opticus.
782 5548 925 5600 Libri
985 5547 1052 5600 ab
1107 5545 1372 5622 Eutycltio
1434 5545 1620 5612 scripti
1693 5554 1822 5598 sunt
1892 5557 2130 5613 quatuor
2182 5560 2194 5594 :
2247 5541 2400 5594 Liber
2459 5543 2522 5595 de
2567 5547 2875 5608 medicina;
2924 5545 3079 5600 Liber
3141 5540 3526 5612 liisputatioitis
3579 5545 3723 5597 inter

473 5633 774 5683 Iiwretictun
806 5644 854 5684 et
889 5633 1270 5697 Christianum,
1306 5633 1588 5686 Ordinatio
1619 5639 1713 5685 aut
1739 5630 2000 5686 Ordinata
2025 5629 2304 5698 dispositio
2333 5628 2586 5695 Gemmas,
2633 5649 2726 5684 seu
2782 5632 3067 5688 Ordinatio
3100 5643 3196 5686 aut
3241 5632 3506 5686 Ordinata
3533 5632 3722 5696 dispo-

473 5712 594 5764 sitio
623 5727 713 5766 aut
743 5716 1033 5786 Syntagma
1068 5719 1382 5783 substantia:
1419 5723 1500 5790 (ut
1529 5719 1732 5788 pariter
1769 5717 1871 5772 lct‘t
1905 5735 2004 5772 vox
2045 5719 2298 5785 Arabica)
2329 5734 2421 5772 seu
2466 5718 2759 5788 Syntagma
2799 5722 3221 5790 compendiosum
3251 5739 3267 5784 ;
3307 5725 3461 5792 quasi
3508 5719 3724 5772 Medul-
