4034 6214
364 330 472 396 893
1779 337 1957 397 ANNl

2028 340 2083 398 .E
2092 338 2150 398 S.
3519 334 3621 399 894

372 445 481 498 lam
535 442 848 497 historicum
889 456 1288 514 nuncupasset.
1329 445 1520 516 Neque
1543 448 1689 502 enim
1726 450 1920 502 eodem
1956 451 2224 504 vocabulo
2262 465 2360 520 pro
2392 466 2604 520 gemma
2654 466 2718 506 ac
2746 450 3059 506 substantia
3087 449 3322 518 (scilicet
3351 447 3616 515 Gianhar)

368 531 544 586 solum
578 540 806 584 utuntur
841 532 1078 598 Arabes;
1114 535 1474 589 verumetiam
1522 535 1646 590 ideo
1673 545 1931 599 utuntur,
1957 539 2087 607 quia
2121 549 2179 593 ut
2229 555 2461 608 gemmae
2513 539 2657 593 inter
2706 539 2920 608 reliqua
2967 538 3134 599 bona,
3182 538 3254 589 ita
3299 533 3622 589 substantia:

369 624 512 678 inter
547 631 742 676 extera
768 621 1189 686 praedicamenta
1223 623 1464 692 dignitas
1488 633 1575 678 est
1611 625 2075 680 eminentissima.
2119 625 2255 679 Nam
2283 628 2411 681 inde
2445 628 2686 681 nominis
2718 628 2833 681 hzec
2861 626 3197 686 communio,
3225 629 3284 676 ut
3310 621 3618 690 expressior

367 710 639 766 Averroes
672 708 726 762 in
759 708 1006 776 Epitome
1037 708 1090 761 in
1131 709 1300 763 libros
1335 708 1757 780 Metapliysices,
1806 721 2039 766 tractatu
2092 715 2288 782 primo.
2337 713 2577 779 Quartus
2649 716 2789 768 liber
2843 714 3116 784 Eutycliio
3153 712 3414 772 tributus,
3447 716 3531 761 est
3562 708 3627 760 de

366 801 518 855 rebus
545 795 742 851 Sicilia:
777 806 1054 867 postquam
1081 813 1113 850 a
1146 794 1426 851 Saracenis
1477 811 1631 866 capta
1657 811 1755 861 est,
1790 803 1880 869 qui
1911 803 1961 854 in
1993 800 2254 869 Catalogo
2290 801 2644 855 Bibliotheca:
2684 801 2984 855 Orientalis
3039 800 3139 853 viri
3178 794 3623 868 praestantissimi

366 885 594 942 Thomas
624 884 864 954 Erpenii,
902 900 1152 937 annexus
1179 900 1301 938 esse
1331 884 1536 939 dicitur
1567 887 1817 942 Ilistorize
1841 891 1963 956 eius
1989 888 2488 946 ecclesiastiem..id
2520 899 2624 948 est,
2665 889 2912 942 Medullia
2961 903 3126 954 quam
3179 887 3420 939 diximus
3457 884 3628 936 histo-

367 976 512 1026 rirae.
549 972 834 1027 Librorum
876 987 1016 1040 quos
1071 973 1499 1027 memoravimus
1536 981 1649 1028 tres
1685 977 1897 1043 priores
1951 976 2202 1028 meminit
2233 974 2476 1028 Aclnned
2531 974 2642 1028 Ben
2683 975 2878 1029 Casum
2944 977 3054 1028 ille.
3093 974 3267 1026 Etiam
3316 974 3369 1026 in
3400 971 3618 1024 illurqu

369 1062 556 1122 tertio,
593 1075 688 1114 seu
722 1058 953 1112 Medulla
991 1059 1268 1123 historica,
1300 1060 1606 1116 secundum
1641 1071 1911 1116 ntetnorat
1957 1063 2070 1131 ipse
2108 1061 2436 1131 Eutycltius.
2479 1063 2703 1116 Tertius
2734 1074 2916 1115 autem
2964 1062 3206 1116 Annales
3239 1060 3623 1128 complectitur

370 1164 398 1202 ει
432 1165 612 1202 rerum
646 1148 869 1200 conditu
906 1163 1077 1216 usque
1110 1149 1160 1200 in
1201 1165 1298 1203 sua
1333 1157 1576 1218 tempora
1618 1151 1920 1210 deductos;
1961 1149 2015 1203 in
2051 1151 2250 1219 quibus
2289 1150 2696 1219 quamplurima
2751 1149 2817 1201 ad
2872 1150 3160 1202 historiam
3224 1159 3340 1201 tum
3405 1160 3620 1201 sacram

375 1245 485 1292 tum
520 1235 804 1304 profanam
837 1234 1125 1287 attinentia
1159 1247 1458 1288 occurrunt
1487 1244 1674 1289 notatu
1707 1236 2050 1303 dignissima,
2082 1253 2204 1306 quia
2230 1238 2422 1290 nullibi
2457 1237 2682 1289 omnino
2713 1237 2852 1306 apud
2897 1237 3195 1305 scriptores
3227 1234 3320 1304 qui
3354 1241 3627 1302 prostant,

377 1325 604 1386 aliosve,
643 1338 780 1390 quos
819 1323 950 1374 mihi
988 1321 1175 1376 videre
1210 1324 1460 1392 contigit,
1493 1324 1608 1376 sive
1639 1323 1882 1385 Graecos,
1919 1324 2036 1378 sive
2068 1322 2314 1387 Latinos,
2347 1326 2464 1380 sive
2496 1324 2816 1388 llehraicos,
2847 1326 2962 1378 sive
2991 1324 3254 1378 Arabicos
3289 1324 3445 1376 lecta.
3479 1320 3626 1374 Con-

373 1414 562 1482 s-ripti
599 1423 728 1468 sunt
783 1412 855 1465 illi
891 1412 953 1464 ad
991 1409 1059 1464 lsi
1097 1411 1187 1464 [bu
1237 1410 1424 1464 Batrik
1469 1410 1692 1464 fratrem
1743 1427 1927 1465 suum.
1987 1410 2244 1465 Citantnr
2288 1415 2564 1464 multoties
2607 1428 2636 1464 a
2673 1411 2913 1480 Georgio
2967 1411 3246 1464 Elmacino
3281 1411 3334 1462 in
3388 1408 3627 1462 Historia

377 1499 726 1557 Saracenica.
786 1498 850 1551 Et
895 1510 1248 1552 recensentur
1278 1496 1642 1565 proculdubio
1683 1497 1826 1550 inter
1867 1497 2088 1555 codices
2136 1501 2403 1555 Arabicos
2453 1501 2690 1555 Orientis
2742 1517 2829 1556 res
2878 1501 3220 1568 complexos,
3256 1499 3458 1567 quibus
3500 1497 3630 1550 olim

376 1587 726 1642 Guilielmum
761 1584 1236 1654 archiepiscopum
1275 1585 1497 1655 Tyrium
1535 1584 1800 1638 instruxit
1834 1587 2150 1643 Almaricus
2185 1605 2279 1643 rex
2306 1588 2860 1659 llierosolyinitanus,
2904 1598 2965 1642 ut
2991 1589 3118 1642 inde
3147 1603 3286 1657 opus
3317 1587 3382 1641 de
3423 1586 3630 1655 princi-

378 1676 540 1746 pibus
570 1673 940 1729 Orientalibus
972 1675 1299 1739 conﬁceret;
1336 1689 1436 1728 nec
1470 1680 1530 1726 ut
1560 1674 1835 1742 vulgares,
1866 1674 1961 1730 sed
1993 1678 2263 1745 primarii.
2299 1677 2444 1733 Seitli
2496 1677 2642 1746 [ilius
2680 1677 2903 1730 Patricii
2934 1685 2988 1730 et
3017 1677 3098 1730 vir
3123 1673 3433 1729 venerabilis
3463 1688 3629 1726 voca-

379 1775 468 1818 tur
501 1765 626 1817 huic
661 1762 855 1832 Tyrio;
894 1777 994 1816 nec
1019 1762 1149 1815 alibi
1188 1761 1328 1830 apud
1363 1762 1666 1830 scriptores
1714 1761 1947 1829 EurOpze
1978 1773 2213 1828 veteres,
2264 1773 2530 1832 quantum
2586 1765 2899 1828 observavi,
2957 1773 3318 1817 memoratur.
3354 1761 3635 1814 Almarico

380 1868 526 1924 rege,
565 1853 742 1922 inquit
771 1852 994 1922 Tyrius,
1031 1852 1082 1905 in
1118 1853 1340 1921 prologo
1365 1852 1431 1905 ad
1467 1852 1763 1907 Historiam
1793 1893 1806 1912 ,
1839 1853 2068 1908 Arabica
2113 1853 2438 1918 exemplaria
2493 1853 2833 1906 ministrante
2879 1851 3049 1906 aliam
3081 1853 3388 1915 historiam,
3426 1867 3456 1902 a
3505 1860 3637 1902 tem-

374 1959 498 2010 pere
523 1941 812 1994 seductoris
851 1941 1153 1994 Monumeth
1187 1957 1351 2010 usque
1398 1940 1457 1992 in
1492 1941 1630 1994 hunc
1662 1957 1884 2007 annum,
1929 1944 2021 2008 qui
2066 1950 2144 1996 est
2177 1942 2331 1996 nobis
2381 1942 2446 1994 ab
2479 1942 2852 1996 incarnatione
2883 1941 3098 1996 Domini
3130 1941 3294 2003 1184,
3329 1955 3424 2006 per
3468 1954 3635 1991 annos

375 2032 681 2101 quingentos
709 2031 1040 2098 septuaginta
1064 2039 1357 2084 currentem
1387 2029 1795 2096 conscripsimus
1816 2044 1835 2082 :
1864 2039 2131 2090 auctorem
2158 2031 2384 2082 maxime
2407 2031 2572 2082 secuti
2600 2031 2769 2084 virum
2792 2029 3131 2083 venerabilem
3158 2028 3300 2082 Seith
3321 2026 3401 2095 ﬁl.
3438 2024 3640 2078 Patrici

375 2118 795 2172 Alexandrinum
825 2117 1209 2186 patriarcliam.
1238 2115 1394 2182 Quod
1427 2132 1554 2171 vero
1584 2118 1660 2171 ait
1683 2134 1742 2172 se
1767 2119 2003 2172 maxime
2039 2119 2183 2172 hunc
2214 2129 2464 2173 secutum
2527 2121 2688 2188 plane
2718 2119 3133 2186 intelligendum
3173 2127 3258 2171 est
3291 2114 3357 2168 de
3394 2123 3638 2180 tempore

376 2210 640 2260 diintaxat
670 2222 873 2260 annum
903 2205 1109 2261 Christi
1139 2205 1242 2260 937
1276 2221 1370 2260 seu
1409 2205 1611 2277 begirae
1643 2208 1749 2261 526
1807 2215 2206 2263 antevertente.
2239 2205 2392 2262 Tunc
2423 2208 2567 2262 enim
2613 2222 2744 2264 suos
2783 2205 2990 2261 claudit
3039 2205 3284 2259 Annales
3335 2201 3640 2273 Eutycbius

374 2298 522 2351 circa
556 2295 832 2349 biennium
872 2304 990 2363 post
1015 2303 1288 2348 mortuus.
1539 2305 1554 2314 '

384 2490 718 2513 μ*-

1348 2496 1708 2509 Ἢ-

1712 2487 3617 2509 -ον-ω--σ-αοέ--ΜΜ-οῌ

1380 2658 1724 2720 LECTORI
1764 2660 2308 2722 PATROLOGLE
2348 2661 2668 2721 EDITOR.

460 2992 758 3075 Eutychii
795 2995 1002 3054 nostri
1051 2996 1421 3073 perioeliam
1464 3015 1541 3058 ex
1581 2999 1718 3075 ejus
1789 3001 2153 3061 Annalibus
2186 3002 2280 3075 (p.
2316 2997 2471 3074 328)
2536 3004 2898 3073 ercet-ptem
2950 2998 3220 3058 seorsim
3269 3011 3440 3075 anno
3495 2990 3650 3075 1642

382 3071 672 3154 ediderat
700 3073 979 3132 Joannes
1010 3071 1323 3135 Seldenus
1352 3119 1368 3148 ,
1399 3094 1544 3136 eum
1579 3071 1807 3153 magno
1840 3071 2461 3138 commentariorum
2497 3071 2827 3154 apparatu,
2877 3078 3007 3154 sub
3039 3077 3223 3152 titulo
3271 3100 3284 3135 :
3344 3071 3651 3154 Eutychii

382 3151 696 3227 ﬂigi/ptri,
756 3155 1141 3228 patriam/iw
1195 3149 2359 3218 orthodoa‘orum'Alexandrini.......
2424 3149 2724 3216 Ecclesia:
2795 3173 2923 3214 sua?
2981 3149 3300 3230 Origines.
3383 3149 3643 3230 Sel’deni

384 3230 626 3312 placita-
678 3233 1403 3312 deiordinerhicratiro
1464 3235 1847 3296 conl'ulanda
1909 3237 1972 3295 in
2039 3253 2106 3295 se
2155 3235 2441 3312 suscepit
2515 3238 2693 3296 Pater
2749 3233 3064 3295 Abraham
3098 3228 3645 3312 'Ecltellensis‘itt
3723 3277 3732 3286 ι

383 3324 502 3392 suo
532 3309 868 3392 _E_utychio
924 3311 1563 3392 υἰηάὶσαιονιὶοιῐιω
1632 3332 1800 3375 anno
1846 3317 1989 3375 1661
2061 3313 2228 3391 typis
2277 3308 2694 3391 SfCongreg.
2728 3316 2805 3374 de
2842 3313 3249 3392 prepaganda
3298 3313 3416 3392 (ide
3451 3308 3648 3369 edito.

387 3388 826 3470 Praefationem
858 3393 1085 3470 operis
1110 3391 1480 3450 recedimus
1519 3393 1579 3451 in
1617 3410 1737 3467 qua
1777 3398 1958 3454 Pater
1994 3388 2306 3454 Abraham
2365 3388 2732 3470 periochain
2788 3388 3078 3452 canui—ein
3133 3407 3292 3452 nova
3327 3391 3648 3470 interpre-

388 3466 626 3527 tatione
659 3469 954 3551 donatam
991 3468 1277 3551 exhibet,
1318 3479 1383 3528 ut
1423 3466 1772 3551 _mt_mstrit,
1812 3473 2195 3551 Eutyebium
2233 3466 2757 3543 non-lubentem,
2785 3471 2893 3530 sed
2932 3470 3202 3531 invitum
3236 3488 3306 3532 ac
3338 3469 3654 3530 reluctan-

389 3552 510 3604 tetu
550 3564 665 3624 per
695 3562 766 3607 os
806 3547 1056 3608 Seldeni
1099 3549 1379 3608 locutum
1414 3548 1640 3610 fuisse.

416 3760 590 3772 *συ-ε...-

1210 3927 1664 3990 ABRAIIAMI
1719 3926 2315 3989 ECHELLENSIS
2374 3927 2672 3987 prima
2691 3880 2865 3988 1‘10.—

463 4098 732 4153 Docuerat
764 4099 892 4152 olim
925 4101 1144 4164 Acrius,
1186 4101 1264 4155 uti
1308 4102 1473 4156 refert
1505 4101 1565 4155 D.
1600 4103 1958 4172 Augustinus,
2008 4103 2372 4173 Epiphanius,
2427 4105 2617 4159 Patres
2664 4105 2781 4168 alii,
2826 4113 2881 4159 et
2929 4104 3282 4160 ecclesiastici
3323 4109 3645 4178 scriptores,

391 4191 769 4260 presbyterum
811 4199 864 4244 et
899 4192 1214 4260 episcopum
1257 4194 1404 4260 paris
1435 4208 1556 4246 esse
1603 4193 1836 4255 ordinis,
1885 4193 2172 4260 dignitatis
2210 4203 2372 4262 atque
2423 4194 2734 4259 potestatis.
2787 4192 3123 4247 Sententiatn
3173 4194 3314 4247 hanc
3361 4210 3644 4251 sacrorum

391 4279 748 4329 conciliorum
783 4279 1094 4330 damnatam
1130 4264 1398 4340 decretis,
1433 4289 1747 4332 sanctorum
1789 4279 2008 4332 Patrum
2043 4281 2095 4334 in
2131 4289 2336 4334 tartara
2387 4281 2670 4334 detrusam
2702 4281 3054 4344 auctoritate,
3104 4296 3168 4334 ac
3205 4283 3397 4335 merita
3431 4284 3648 4339 demum

396 4364 672 4417 eblivione
705 4367 1003 4433 sepultam,
1040 4367 1302 4432 infausto,
1341 4367 1524 4420 nescio
1558 4383 1667 4436 quo
1696 4370 1962 4433 carmine,
1993 4383 2218 4423 avorum
2255 4380 2574 4423 nostrorum
2611 4369 2876 4423 memoria
2903 4372 2954 4422 in
2989 4370 3304 4423 mortalium
3335 4370 3461 4425 inde
3495 4388 3651 4428 revo-

395 4463 589 4504 carunt
633 4453 804 4507 lucem
841 4451 1115 4508 Lutherus
1149 4463 1201 4506 rt
1239 4455 1518 4520 Calvinus;
1556 4471 1788 4525 eamque
1822 4457 2084 4526 deinceps
2115 4468 2206 4510 aut
2239 4473 2339 4512 suo
2379 4458 2634 4512 foverunt
2689 4458 2812 4512 sinu
2841 4499 2854 4520 ,
2895 4467 2988 4512 aut
3021 4459 3138 4513 suis
3173 4459 3460 4528 perodiose
3494 4462 3654 4516 refri-

399 4552 631 4594 cuerunt
662 4540 885 4610 scriptis
920 4541 994 4594 illi
1019 4541 1122 4611 'qui
1177 4543 1228 4595 in
1263 4544 1508 4612 ipsorum
1540 4543 1796 4612 jurarunt
1834 4545 2020 4598 verba.
2058 4546 2255 4600 Acrius
2314 4556 2494 4600 tamen
2541 4562 2604 4600 ac
2650 4547 2991 4601 virulentiori
3035 4547 3248 4601 calamo
3294 4549 3648 4616 quaestionem

394 4635 687 4699 exagitavit
720 4634 860 4688 hanc
893 4651 1066 4704 nuper
1100 4637 1357 4689 Claudius
1392 4637 1717 4699 Salmasius,
1774 4637 2118 4706 pra-cipitata:
2175 4634 2498 4688 eruditionis
2528 4635 2690 4689 homo
2721 4633 3022 4689 Calvinista
3053 4674 3067 4698 ,
3113 4636 3166 4688 in
3196 4652 3360 4705 opere
3394 4637 3542 4707 quod
3574 4636 3650 4690 De

398 4722 576 4785 fenore
604 4724 914 4788 trnpezitico
965 4723 1343 4791 inscripserat.
1383 4724 1798 4793 Quamprimum
1849 4733 1957 4776 tam
1995 4723 2300 4778 dett-stabili
2358 4737 2419 4776 ac
2473 4724 2796 4792 perniciosa:
2831 4724 2970 4792 pesti
3023 4740 3089 4778 ex
3131 4726 3362 4779 adverso
3409 4729 3654 4780 occurrit

397 4807 756 4864 dtN'llSSllllllS
792 4809 1087 4879 Dionysius
1120 4809 1398 4875 Petavius,
1432 4826 1498 4864 ex
1527 4827 1683 4865 sacra
1721 4811 2010 4866 Societatis
2046 4809 2174 4866 Jesu
2211 4811 2675 4880 religione,opere
2709 4811 2970 4880 inscripto
3001 4831 3013 4865 :
3049 4811 3455 4866 Dissertationes
3485 4815 3649 4866 eccle—

397 4896 630 4950 siasticaz
664 4898 726 4952 de
755 4899 1120 4967 episcoporum
1161 4901 1414 4968 dignitate
1451 4909 1498 4952 et
1530 4899 1943 4968 iurisdictione;
1971 4916 2034 4954 ac
2070 4901 2266 4953 rnalam
2306 4899 2533 4954 bestiam
2569 4913 2655 4962 eo,
2696 4900 2837 4953 unde
2871 4899 3193 4968 prodierat,
3228 4904 3510 4954 retrudere
3547 4906 3650 4954 oli-

402 4987 552 5040 nisus
587 4999 668 5043 est
701 4999 990 5044 veteranus
1029 5005 1090 5044 ac
1119 4990 1424 5044 acerrimus
1459 4991 1582 5044 lidei
1632 4989 1916 5043 catholicae
1951 4997 2345 5058 propugnator.

471 5102 550 5157 Ad
593 5111 801 5157 tantum
840 5119 1112 5157 rumorem
1168 5121 1233 5159 ac
1273 5105 1594 5174 quazstionis
1633 5104 2065 5157 reci'inlescentis
2097 5103 2294 5154 faniam
2330 5115 2391 5152 ex
2425 5101 2612 5154 ultima
2649 5099 2862 5153 excitus
2890 5098 3172 5152 Britannia
3199 5097 3437 5152 Joannes
3462 5097 3647 5151 Selde-

407 5207 507 5244 nns
539 5207 606 5243 eo
640 5191 878 5245 accurrit
910 5208 1067 5260 Opem
1103 5192 1284 5245 ferens
1317 5203 1634 5262 sytntnyslm
1665 5206 1728 5243 ac
1765 5192 2056 5258 suppetias.
2093 5189 2544 5243 Animadverteus
2576 5203 2706 5242 vero
2742 5203 2871 5242 snas
2905 5188 3222 5254 sodalisque
3275 5186 3461 5254 copias
3492 5183 3651 5238 Occi-

405 5280 649 5335 dentales
675 5281 835 5349 longe
868 5290 920 5335 et
953 5297 1182 5335 numero
1213 5289 1268 5335 et
1301 5282 1509 5334 viribus
1542 5281 1778 5348 impares
1813 5295 1955 5341 esse,
1987 5277 2315 5347 Eutychinm
2350 5277 2715 5344 patriareliam
2770 5277 3200 5328 Alexandrinum
3225 5313 3240 5335 ,
3275 5290 3370 5327 ceu
3424 5272 3646 5326 militem

405 5369 762 5432 auxiliarem,
796 5377 850 5421 et
888 5369 1135 5422 Arabicis
1171 5371 1499 5422 instructum
1537 5369 1702 5420 armis
1736 5367 1800 5419 ad
1839 5368 1976 5420 hanc
2012 5378 2244 5433 pugnam
2285 5363 2350 5415 ah
2392 5365 2508 5431 ipso
2543 5363 2764 5417 Oriente
2821 5380 2923 5418 suo
2953 5361 3219 5416 conduxit
3263 5375 3390 5412 aere.
3450 5357 3646 5427 Operis

406 5458 660 5510 vexillum
700 5457 801 5510 hoc
828 5460 1083 5525 specioso
1108 5459 1395 5511 exornavit
1427 5458 1584 5509 titulo
1614 5454 1892 5525 :Eutycliii
1916 5452 2156 5523 .Egyptii
2179 5453 2500 5519 patriarcha:
2529 5452 2946 5505 orthodoxorum
2972 5447 3349 5508 Alexandrini,
3371 5448 3646 5515 scriptoris

407 5555 461 5597 ut
496 5546 546 5598 in
585 5543 802 5598 Oriente
833 5546 1116 5598 admodum
1156 5547 1343 5598 vetusti
1377 5563 1438 5598 ac
1471 5545 1712 5604 illustris,
1745 5546 1817 5594 ita
1853 5544 1901 5593 in
1938 5540 2208 5594 Occidente
2242 5551 2347 5591 tum
2381 5541 2717 5610 paucissimis
2749 5541 2841 5591 visi
2865 5578 2879 5598 ,
2914 5549 3022 5590 tum
3054 5552 3273 5605 perraro
3303 5537 3497 5598 auditi,
3544 5535 3617 5588 Ec
3639 5566 3650 5577 ο

416 5635 595 5688 clesia:
626 5649 736 5687 sua:
771 5632 1036 5704 Origines.
1071 5636 1361 5687 Auctorem
1401 5648 1564 5701 porro
1591 5649 1651 5685 ex
1681 5633 1940 5700 dignitate
1966 5669 1978 5693 ,
2009 5632 2351 5702 antiquitate,
2384 5634 2575 5702 patria,
2626 5633 2850 5686 raritate
2883 5629 3088 5698 operis,
3124 5639 3176 5683 et
3211 5629 3603 5696 exemplarium
3633 5666 3647 5689 ,

409 5722 671 5783 materiae,
709 5735 815 5790 qua
855 5723 920 5776 de
953 5723 1152 5791 agitur,
1186 5722 1457 5785 claritate,
1493 5721 1724 5788 aliisque
1756 5718 2095 5773 ornamentis
2127 5721 2205 5773 sic
2231 5721 2372 5788 apud
2408 5736 2536 5773 suos
2579 5721 2805 5773 let-tores
2843 5720 2894 5770 in
2931 5734 3024 5768 sua
3065 5720 3412 5772 cuinmendat
3448 5717 3645 5786 prtela-

412 5812 560 5867 t'tonc
592 5826 606 5862 :
648 5808 777 5864 lam
806 5827 940 5879 vero,
981 5811 1172 5881 inquit,
1207 5827 1322 5864 cum
1359 5813 1421 5864 de
1457 5811 1655 5864 ordinis
1684 5809 1994 5862 liicrarr/iici
2027 5809 2076 5860 in
2109 5807 2343 5862 Ecclesia
2379 5806 2767 5867 .-llr.randrina,
2803 5807 2854 5858 id
2898 5814 2972 5859 est
3007 5805 3068 5859 dc
3103 5805 3547 5865 presbuterorum.
3599 5809 3648 5853 et
