4034 6214
428 334 532 398 895
1442 326 1810 393 EUTYCHII
1840 319 2373 384 ALEXANDRINI
2414 317 2635 378 PATR.
2827 273 2835 279 ’
3586 309 3700 371 896

433 448 801 515 cpiscOporum
846 446 1006 499 etiam
1037 455 1085 499 et
1123 446 1187 499 de
1210 446 1477 515 ipsissimo
1502 446 1618 508 hoc,
1656 459 1805 513 quem
1838 448 2096 494 memorat
2138 435 2493 503 Hieronymus
2548 443 2692 485 more
2732 425 3089 481 testimonium
3143 422 3317 515 multo.
3371 420 3695 515 lutulentius

437 507 874 602 explicatiusque,
915 535 1138 586 habetur
1177 507 1317 601 apud
1348 507 1813 602 scriptorem-satis
1844 534 2137 585 vetustum,
2172 521 2493 581 Arabicum,
2526 517 2839 587 /Egyptium
2862 557 2876 579 ,
2911 527 3130 580 eumque
3166 508 3400 602 ejusdem
3438 507 3694 562 Ecclesic

432 597 795 690 patriarcltum
828 597 1248 675 orthodoxorum
1293 622 1437 690 (nam
1455 597 1610 675 alius
1662 625 1778 672 erat
1826 615 1898 670 ibi
1931 630 2039 668 non
2078 625 2202 665 raro
2237 607 2629 675 Jacobitarum)
2664 619 2755 658 nec
2786 604 2909 655 dum
2943 602 3075 670 typis
3113 599 3332 657 editum,
3361 597 3419 663 iet
3465 611 3693 663 perpau—

433 710 685 772 cissimis,
719 710 822 763 nisi
852 710 1017 778 [allor
1047 709 1295 772 nimium,
1328 718 1418 761 aut
1451 707 1640 761 lectum
1672 715 1761 760 aut
1794 705 1984 757 visunt.

518 824 781 894 Equidem
812 838 875 877 ex
905 833 1013 878 tam
1048 823 1256 879 fastoso
1299 824 1479 884 titulo,
1511 838 1575 876 ex
1618 831 1725 875 tam
1769 816 2143 873 immoderatis
2178 812 2458 875 laudibus,
2491 820 2655 879 atque
2708 808 3015 878 praeconiis,
3047 805 3372 874 tandemque
3418 820 3484 858 ex
3539 811 3693 894 tanta

448 892 629 980 operis
662 921 715 965 et
756 912 1147 980 exemplarium
1183 914 1405 966 raritate
1436 909 1639 978 aliquid
1675 908 1847 962 multo
1881 903 2103 973 majoris
2136 901 2390 971 ponderis
2424 908 2476 953 et
2510 897 2770 952 momenti
2822 895 2963 965 apud
3016 909 3101 947 me
3133 906 3491 961 conceperam
3525 892 3652 945 olim
3678 930 3694 957 ,

440 999 574 1053 dum
611 1000 679 1051 de
715 998 865 1053 hisce
893 997 1211 1067 Originibus
1243 1014 1332 1053 me
1368 1012 1463 1066 per
1497 998 1707 1050 litteras
1735 995 2012 1049 consuluit
2050 993 2132 1046 vir
2161 990 2533 1046 doctissimus,
2566 997 2621 1041 et
2649 987 2715 1040 de
2743 980 3296 1051 catholicaEctzlesia
3337 980 3542 1050 optime
3574 994 3695 1033 me-

451 1088 587 1141 ritus
616 1086 939 1141 Bartboldus
968 1085 1267 1152 Nihusius;
1301 1100 1401 1139 nec
1441 1085 1597 1138 aliter
1634 1083 1765 1136 mihi
1805 1083 1856 1135 in
1886 1082 1990 1134 hoc
2017 1078 2236 1141 accidit,
2276 1091 2437 1145 quam
2473 1075 2547 1129 illi
2581 1076 2672 1143 qui
2715 1088 2782 1126 ex
2812 1071 3018 1125 bullato
3055 1070 3278 1124 nomine
3317 1067 3688 1121 chamaeleon-

445 1187 550 1229 tem
583 1175 759 1227 adhuc
792 1174 893 1229 sibi
928 1190 1033 1226 non
1070 1176 1249 1227 visum
1283 1173 1573 1242 elephante
1606 1170 1765 1239 longe
1800 1169 1942 1222 mole
1974 1168 2323 1237 grandiorem
2358 1164 2808 1222 existimaverat;
2843 1168 2935 1213 aut
2971 1159 3067 1220 illi,
3092 1157 3183 1227 qui
3209 1172 3273 1212 ex
3302 1172 3437 1211 voce
3472 1156 3685 1210 asinum

444 1273 497 1316 et
538 1262 803 1317 cicadam.
864 1261 1347 1316 Vcrumenimvero
1381 1275 1505 1313 cum
1533 1259 1653 1328 ejus
1690 1259 1875 1328 operis
1904 1256 2034 1309 mihi
2074 1256 2228 1324 copia
2262 1253 2398 1306 facta
2438 1260 2588 1306 esset
2619 1258 2746 1304 ante
2777 1261 2993 1302 menses
3021 1245 3248 1314 aliquot,
3283 1244 3549 1298 continuo
3574 1251 3686 1297 tota

447 1351 607 1405 desiit
648 1350 976 1416 admiratio;
1015 1352 1124 1403 imo
1176 1351 1470 1419 plurimum
1505 1348 1810 1401 admiratus
1843 1361 1963 1400 sum
1998 1342 2147 1397 tituli
2188 1342 2483 1396 vanitatem
2521 1338 2969 1405 futilitatemque,
3007 1348 3129 1387 cum
3168 1331 3408 1419 viderem
3443 1339 3552 1383 tam
3584 1329 3697 1419 vile

448 1441 805 1508 pharmacum
842 1455 904 1493 ac
935 1417 1192 1507 vulgare,
1231 1438 1589 1504 omniumque
1620 1436 1805 1488 tritum
1846 1434 2119 1493 manibus,
2150 1430 2318 1483 tantis
2347 1427 2508 1483 vendi
2554 1427 2608 1480 in
2646 1424 3002 1479 Calvinistieo
3045 1420 3162 1475 foro
3207 1417 3698 1508 vociferationibus

447 1506 905 1595 Quandoquidem
940 1506 1252 1581 Chronicon
1309 1525 1439 1578 illud
1475 1523 1751 1593 Eutychii,
1782 1537 1846 1574 ex
1891 1536 1999 1588 quo
2045 1517 2359 1588 periocham
2406 1516 2549 1568 hanc
2590 1512 2656 1567 de
2691 1510 2951 1566 Ecclesiae
2983 1508 3363 1564 Alexandrinae
3395 1506 3706 1595 originibus

446 1593 741 1687 excerpsit,
783 1631 878 1670 seu
916 1615 1100 1685 potius
1129 1613 1361 1667 extorsit
1398 1611 1691 1674 Seldenus,
1730 1608 1895 1662 nullis
1926 1607 2039 1661 fere
2066 1621 2172 1659 non
2220 1609 2401 1658 exstat
2430 1600 2487 1654 in
2514 1598 2905 1687 celebrioribus
2938 1606 3032 1651 aut
3053 1597 3240 1659 Italiae,
3278 1603 3371 1687 aut
3401 1594 3587 1687 Galliae
3610 1593 3710 1687 ρετ

450 1680 773 1759 Μίδαι-θοῆς
810 1680 1037 1765 nemini,
1067 1702 1159 1771 qui
1202 1700 1463 1753 Arabicas
1492 1694 1705 1751 litteras
1736 1696 1815 1750 vel
1851 1694 2184 1764 primoribus
2215 1690 2524 1760 degustavit
2551 1688 2730 1749 labiis,
2766 1686 2958 1739 tritum
2990 1699 3098 1738 non
3130 1692 3232 1749 est,
3263 1684 3460 1738 nedum
3495 1680 3705 1750 duplici

451 1791 784 1859 superlativo
833 1789 1258 1859 perpaucissimis
1314 1798 1403 1840 aut
1466 1787 1655 1849 uisum,
1698 1796 1788 1837 aut
1855 1784 2073 1846 lectum,
2108 1792 2165 1834 ut
2215 1780 2329 1833 suis
2384 1776 2813 1847 protestantibus
2871 1772 3116 1827 venditat
3168 1772 3348 1827 bonus
3411 1773 3708 1827 Seldenus.

450 1880 530 1933 Ad
564 1895 677 1934 rem
713 1888 891 1933 autem
952 1879 1125 1947 ipsam
1182 1875 1329 1945 quod
1390 1874 1609 1937 attinet,
1641 1872 1893 1943 Eutychii
1930 1871 2070 1923 hanc
2098 1868 2410 1937 perioeham
2451 1881 2572 1920 cum
2610 1863 2825 1918 Seldeni
2874 1862 3129 1917 versione
3177 1871 3231 1916 et
3287 1867 3706 1924 commentariis

453 1967 640 2020 statim
684 1974 847 2034 atque
879 1965 1145 2034 percurri,
1176 1962 1415 2018 hominis
1442 1961 1744 2016 admiratus
1777 1975 1897 2014 sum
1933 1959 2279 2022 modestiam,
2317 1954 2410 2010 sed
2443 1968 2627 2024 parem
2660 1953 2712 2006 in
2757 1953 2849 2007 illo
2875 1950 3181 2007 desideravi
3217 1950 3397 2006 fidem.
3431 1953 3701 2018 Quando.

451 2052 671 2120 quidem
706 2069 820 2108 suae
856 2054 1113 2108 factionis
1144 2062 1199 2107 et
1237 2052 1472 2120 partium
1506 2051 1765 2118 abreptus
1801 2050 1999 2103 studiis
2044 2045 2369 2117 Eutychium
2422 2058 2532 2097 non
2582 2042 2859 2095 lubentem
2888 2079 2903 2104 ,
2943 2040 3038 2095 sed
3071 2039 3329 2103 invitum,
3377 2055 3440 2094 ac
3476 2043 3713 2098 nimium

454 2144 809 2197 reluctantem
842 2144 893 2197 in
924 2158 1149 2198 suorum
1182 2141 1447 2197 conduxit
1479 2148 1683 2202 castra,
1717 2147 1770 2192 et
1800 2139 1901 2192 sub
1931 2134 2211 2190 modestia!
2237 2129 2580 2187 ornamentis
2607 2127 2952 2182 mortiferum
2982 2125 3270 2182 miscuisse
3298 2128 3515 2183 videtur
3546 2144 3712 2185 vene-

456 2247 606 2284 num.
634 2230 769 2291 imo,
793 2231 838 2284 si
876 2232 1114 2299 penittus
1144 2228 1585 2300 perspiciendum
1616 2236 1719 2292 est,
1750 2238 2094 2295 nequaquam
2126 2220 2455 2290 Eutychium
2482 2217 2934 2281 Alexandrinum,
2962 2216 3057 2270 sed
3093 2226 3444 2286 personatum
3474 2220 3711 2288 Anglum

453 2318 557 2371 sub
596 2316 844 2388 Eutychii
874 2320 1096 2372 nomine
1128 2328 1181 2372 et
1222 2319 1371 2371 larva
1412 2318 1464 2370 in
1515 2331 1732 2372 scenam
1780 2314 2135 2383 prodeuntem
2189 2309 2515 2376 comperies.
2567 2306 2789 2360 Etenim
2838 2306 3143 2375 praecipuos
3184 2304 3354 2371 locos,
3406 2321 3470 2360 ex
3508 2310 3713 2375 quibus

454 2408 841 2460 controversiae
872 2406 1037 2475 hujus
1070 2405 1270 2476 pendet
1298 2415 1655 2469 momentum,
1688 2410 1781 2455 aut
1810 2402 2062 2455 versione
2093 2396 2419 2452 adulteravit
2447 2394 2737 2460 Seldenus,
2772 2403 2866 2447 aut
2905 2394 3320 2448 commentariis
3353 2409 3538 2448 verum
3584 2398 3715 2450 'sen-

456 2509 574 2547 sum
608 2505 660 2547 et
697 2496 873 2549 lucem
908 2496 987 2549 eis
1016 2498 1228 2563 eripere
1261 2501 1494 2547 conatus
1522 2502 1626 2547 est.
1657 2492 1827 2557 Quam
1853 2491 2072 2559 quidem
2105 2483 2417 2557 periocham
2445 2483 2525 2536 sic
2547 2482 2615 2536 ab
2639 2497 2704 2536 eo
2732 2490 3045 2550 corruptam
3076 2494 3132 2535 et
3165 2482 3431 2545 vitiatam,
3461 2481 3714 2552 Eutycltii

456 2581 695 2652 Aigyptii
739 2584 1059 2649 patriarcha:
1104 2582 1517 2636 orthodoxorum
1563 2579 1937 2642 Alexandrini,
1989 2588 2120 2643 etc.,
2157 2576 2410 2629 Ecclesia:
2474 2590 2584 2628 sua:
2642 2572 2906 2643 Origines,
2946 2573 3219 2643 appellare
3275 2577 3326 2630 ei
3363 2577 3605 2646 placuit,
3643 2573 3713 2626 ad

457 2670 763 2738 captandos
795 2672 848 2725 in
888 2671 1006 2740 ipso
1044 2672 1271 2726 exordio
1302 2672 1568 2725 lectorum
1599 2669 1837 2732 animos,
1887 2667 2043 2737 quasi
2097 2680 2227 2720 vero
2263 2663 2567 2733 Eutycbius
2596 2670 2885 2715 tractatum
2926 2661 3157 2730 aliquem
3195 2663 3485 2733 insignem,
3521 2679 3583 2718 ac
3617 2678 3717 2731 pe-

459 2762 744 2824 culiarem,
779 2771 831 2814 et
860 2775 927 2813 ex
962 2760 1211 2828 professo
1239 2775 1300 2813 ea
1328 2761 1395 2814 de
1428 2759 1653 2813 materia
1679 2758 2016 2826 scripsisset,
2050 2772 2171 2811 cum
2206 2770 2327 2809 eam
2357 2753 2514 2823 quasi
2542 2752 2861 2822 praeteriens
2886 2751 3125 2821 tetigerit
3156 2754 3554 2807 tantummodo.
3578 2752 3716 2817 Quae

461 2852 641 2904 omnia
679 2848 921 2917 profecto
948 2849 1065 2901 sine
1101 2847 1386 2903 stomacho
1418 2862 1577 2900 nemo
1605 2847 1851 2900 veritatis
1880 2844 2181 2908 studiosus,
2224 2855 2277 2898 et
2314 2844 2647 2912 linguarum,
2678 2855 2741 2895 ac
2771 2855 2952 2895 rerum
2985 2839 3415 2909 dogmatumque
3452 2841 3714 2895 Orienta-

460 2938 591 2990 lium
628 2939 833 3004 pcritus
866 2949 1188 3004 percurrere
1219 2942 1420 3004 potest.
1453 2933 1592 2987 Hinc
1624 2934 1831 3002 patriae,
1875 2934 2139 2998 muneris,
2170 2932 2327 2985 avitae
2359 2930 2665 3000 religionis,
2716 2928 2810 2982 sed
2838 2926 3083 2983 veritatis
3119 2928 3464 2998 potissimum
3500 2928 3711 2983 inducti

464 3026 674 3093 ratione
705 3032 757 3077 et
790 3024 1046 3089 stimulis,
1096 3023 1307 3093 singula
1337 3021 1606 3076 catholica
1638 3021 1764 3086 lide,
1812 3036 2005 3089 nempe
2035 3020 2410 3076 sincerissime
2439 3021 2557 3073 sine
2590 3018 2734 3083 luco,
2767 3017 2886 3072 sine
2926 3015 3113 3083 larvis,
3142 3016 3261 3072 sine
3286 3017 3710 3081 adulteratione,

463 3114 581 3165 sine
618 3111 959 3165 mutilatioue
1000 3113 1412 3174 auctoritatum,
1443 3118 1535 3163 aut
1581 3109 1934 3179 corruptione
1962 3109 2276 3162 examinare
2303 3108 2668 3162 decrevimus.
2699 3105 2754 3158 ln
2786 3118 2895 3174 quo
2923 3104 3143 3175 quidem
3187 3103 3498 3174 prmstando
3530 3104 3711 3174 lydius

464 3200 601 3268 lapis
629 3199 784 3253 nobis
820 3200 922 3253 erit
960 3200 1136 3269 ipsum
1172 3198 1421 3270 Eutychii
1457 3198 1795 3265 Chronicon,
1832 3199 2109 3267 ipsissima
2139 3199 2414 3269 periocha,
2449 3197 2835 3267 antiquissima
2874 3196 3136 3251 Ecclesiae
3177 3197 3564 3251 Alexandrina:
3593 3213 3713 3251 mo-

465 3298 743 3356 numenta,
773 3292 1115 3359 aliorumque
1147 3288 1507 3345 Orientalium
1542 3292 1712 3344 mirus
1741 3304 2065 3343 consensus.
2116 3286 2543 3341 Ohservahimus
2593 3292 2854 3355 prasterea
2887 3284 3159 3355 imprimis
3192 3283 3329 3340 illud
3357 3286 3484 3340 Auli
3537 3285 3709 3342 Persii

463 3376 668 3447 Flacci,
700 3380 846 3451 quod
884 3396 984 3450 pro
1012 3381 1268 3435 lemmate
1304 3380 1387 3435 sui
1424 3381 1616 3447 .operis
1644 3377 1814 3432 fronti
1844 3391 1905 3429 ac
1948 3375 2123 3428 limini
2156 3375 2323 3429 allixit
2354 3372 2933 3441 Seldenusainimirum

1979 3507 2100 3561 Non
2140 3504 2775 3575 siquidturbidaRoma

1374 3580 1574 3642 Elevet,
1606 3581 1848 3642 accedas,
1878 3594 2158 3633 examenue
2189 3577 2424 3638 improba
2461 3578 2512 3630 in
2554 3577 2649 3629 illa

1369 3648 2761 3719 Castigestrutina..................

464 3783 604 3847 Non,
641 3798 747 3836 non
777 3782 1125 3847 accedemus,
1158 3780 1410 3849 Seldene,
1440 3783 1688 3841 Romana
1719 3781 1999 3837 defensuri
2027 3783 2179 3848 vitia,
2212 3781 2306 3837 sed
2332 3783 2515 3847 fidem,
2548 3799 2670 3853 quae
2702 3784 2851 3837 omni
2893 3783 3067 3837 caruit
3099 3791 3263 3853 atque
3296 3793 3445 3839 caret
3485 3785 3642 3845 vitio,
3676 3800 3712 3839 ει

464 3874 634 3936 vitiis,
664 3886 784 3942 quae
819 3870 892 3926 illi
945 3872 1240 3927 falsissitne
1279 3888 1403 3926 cum
1442 3873 1551 3927 tuis
1597 3873 1835 3940 imponis
1891 3871 2195 3933 sodalibus,
2226 3871 2570 3925 viodicaturi.
2612 3872 2741 3924 Eam
2778 3887 2970 3939 nempe
3012 3871 3168 3926 ﬁdem
3215 3873 3282 3927 de
3321 3888 3427 3942 qua
3472 3873 3537 3925 ad
3568 3875 3718 3942 ipsos

466 3960 742 4013 Romanos
770 3960 849 4012 sic
884 3958 1181 4026 Apostolus
1212 3975 1224 4011 :
1255 3957 1495 4011 Primum
1526 3958 1736 4029 quidem
1767 3960 1969 4028 gratias
2002 3973 2102 4027 ago
2136 3958 2241 4010 Deo
2284 3974 2394 4012 meo
2442 3972 2537 4025 per
2578 3958 2760 4012 Iesum
2807 3956 3077 4012 Christum
3114 3976 3207 4028 pro
3240 3962 3478 4014 omnibus
3526 3961 3668 4017 vobis
3693 4001 3713 4025 ,

465 4050 587 4118 quia
619 4048 748 4116 ﬁdes
778 4056 945 4101 vestra
984 4047 1336 4099 annuntiatur
1367 4048 1421 4099 in
1458 4048 1698 4100 universo
1726 4048 1941 4101 mundo.

536 4160 617 4214 An
644 4159 793 4213 dices
822 4158 1072 4222 forsitan,
1109 4158 1250 4213 hanc
1284 4159 1444 4215 fidem
1482 4168 1748 4214 mutatam
1783 4160 1943 4214 esse?
1985 4156 2090 4213 Sed
2128 4156 2187 4211 ῐ).
2221 4155 2587 4228 Hieronymus
2632 4159 2830 4212 mutari
2880 4174 2986 4213 non
3024 4174 3185 4227 posse
3216 4159 3310 4214 lib.
3362 4176 3422 4214 ιιι
3475 4161 3715 4229 Apolog.

466 4261 655 4304 contra
693 4248 949 4301 Rufinum
1010 4247 1279 4302 allirmat:
1320 4249 1488 4320 Scito,
1522 4250 1718 4318 inquit,
1752 4248 2051 4302 Romanam
2084 4247 2241 4315 ﬁdem
2286 4249 2579 4314 apostolica
2627 4264 2749 4301 voce
2797 4248 3073 4302 laudatam
3119 4248 3378 4317 ejusmodi
3410 4253 3716 4319 praestigias

468 4354 569 4391 non
599 4338 853 4405 accipere.
899 4336 1128 4389 Etiamsi
1170 4337 1384 4405 angelus
1416 4338 1626 4408 (quidni
1666 4340 1709 4389 si
1742 4335 1989 4406 Anglus?
2019 4335 2198 4405 )aliter
2245 4336 2541 4395 annuntiet.
2586 4351 2745 4406 quant
2796 4337 2952 4391 semel
3001 4337 3347 4404 prtedicatum
3400 4347 3497 4395 est.
3548 4338 3718 4393 Pauli

469 4427 783 4478 auctoritate
838 4426 1090 4477 munitam
1158 4442 1261 4479 non
1326 4442 1503 4493 posse
1534 4427 1745 4478 mutari.
1799 4424 1863 4478 Et
1895 4435 2020 4477 ante
2052 4421 2470 4494 Hieronymum,
2511 4423 2574 4477 D.
2609 4422 2920 4494 Cyprianus
2953 4425 3050 4479 lii).
3091 4442 3129 4490 ι,
3162 4427 3319 4496 θρίει.
3356 4427 3411 4492 3,
3440 4424 3712 4481 Romanos

468 4526 597 4572 esse,
644 4510 836 4576 inquit,
874 4510 942 4561 ad
974 4525 1100 4576 quos
1130 4508 1353 4577 perﬁdia
1381 4508 1569 4562 habere
1605 4526 1707 4561 non
1735 4510 1896 4577 possit
1932 4526 2222 4565 accessum.

542 4600 652 4652 Hoc
683 4599 821 4651 idem
856 4596 1008 4651 inviti
1042 4598 1282 4651 fatentur
1314 4598 1637 4664 adversarii,
1671 4608 1724 4654 et
1753 4600 1971 4669 quidem
2006 4599 2445 4655 adversariorum
2490 4601 2810 4671 coryphmus
2860 4602 3131 4660 Martinus
3188 4604 3461 4661 Lutherus
3513 4614 3648 4661 tom.
3676 4600 3705 4658 ἷξ

472 4691 650 4745 Germ.
697 4687 832 4741 Wit.
862 4688 954 4740 fol.
984 4688 1107 4749 561,
1142 4688 1269 4743 ubi:
1302 4688 1560 4753 Ecclesia,
1583 4692 1780 4761 inquit,
1809 4706 1898 4743 nec
1927 4690 2067 4743 debet
2098 4705 2186 4740 nec
2207 4700 2370 4754 potest
2400 4690 2629 4755 mentiri,
2655 4705 2744 4743 nec
2772 4690 2971 4754 falsum
2994 4692 3199 4754 docere,
3223 4710 3287 4746 ne
3308 4696 3359 4746 in
3390 4695 3543 4747 unico
3589 4697 3719 4763 qui-

472 4778 590 4830 dem
625 4778 814 4841 capite.
855 4776 1030 4844 Hujus
1072 4775 1331 4831 Ecclesia:
1379 4778 1783 4833 infallibilitatis
1815 4778 2080 4832 rationem
2111 4777 2309 4832 ibidem
2343 4777 2414 4831 ita
2449 4777 2627 4832 reddit
2664 4795 2679 4833 :
2713 4777 2846 4833 Cum
2874 4779 2969 4835 Dei
2996 4797 3052 4835 os
3080 4782 3149 4834 sit
3179 4798 3234 4834 os
3266 4781 3541 4848 Ecclesiae,
3566 4782 3717 4837 Deus

473 4877 605 4918 certe
630 4866 839 4917 mentiri
872 4881 971 4916 non
1003 4876 1190 4933 potest,
1223 4883 1344 4935 ergo
1370 4883 1459 4920 nec
1490 4867 1746 4923 Ecclesia.

548 4951 735 5007 Posita
766 4961 945 5007 autem
980 4953 1081 5008 hac
1114 4954 1512 5024 propositione,
1552 4971 1671 5023 qua:
1700 4953 1989 5008 verissima
2020 4965 2122 5019 est,
2159 4954 2263 5010 etsi
2293 4970 2389 5024 per
2423 4969 2486 5009 os
2521 4954 2739 5008 Balaam
2772 4955 3007 5025 prolata,
3066 4958 3377 5012 rectissime
3409 4961 3656 5026 sequitur
3691 4976 3711 5013 :

475 5056 606 5110 ergo
637 5041 884 5096 Ecclesia
922 5041 1168 5095 Romana
1204 5052 1288 5098 est
1312 5058 1438 5097 vera
1472 5041 1741 5108 Ecclesia,
1776 5054 1828 5095 et
1862 5040 2107 5097 Romana
2143 5043 2275 5097 fides
2310 5058 2655 5113 nequaquam
2695 5053 2899 5097 mutata
2932 5055 3037 5109 est,
3086 5054 3179 5098 aut
3230 5047 3431 5099 mutari
3490 5049 3713 5113 potuit;

475 5130 569 5186 sed
605 5130 795 5184 eadem
828 5144 974 5183 nunc
1005 5145 1235 5199 prorsus
1267 5139 1370 5194 est,
1412 5132 1593 5201 qualis
1617 5130 1916 5199 apostolica
1954 5145 2084 5186 voce
2111 5131 2214 5186 fuit
2238 5131 2482 5184 laudata.

544 5244 699 5309 Quod
732 5258 863 5298 vero
894 5258 956 5298 ea
990 5244 1257 5309 Ecclesia,
1291 5262 1413 5315 qua:
1449 5262 1555 5299 non
1587 5247 1769 5309 debet,
1807 5262 1904 5300 nec
1934 5256 2113 5317 potest
2152 5248 2393 5313 mentiri,
2426 5264 2529 5303 nec
2564 5248 2762 5304 ialsum
2794 5250 3015 5315 docere,
3050 5264 3152 5305 nec
3198 5251 3253 5305 in
3288 5251 3451 5305 unico
3488 5250 3711 5321 quidem

472 5334 671 5402 capite.
707 5331 779 5385 sit
813 5330 1057 5386 Ecclesia
1095 5330 1363 5398 Romana,
1397 5349 1463 5388 ex
1501 5335 1634 5404 ipsis
1661 5349 1876 5404 quoque
1911 5335 2241 5392 adversariis
2267 5338 2558 5394 evincitur.
2592 5337 2887 5404 Lutherus,
2921 5348 3054 5395 tom.
3094 5338 3184 5403 ιν,
3214 5339 3349 5394 edit.
3379 5337 3710 5396 Witember.

473 5422 566 5475 fol.
592 5420 699 5473 29.5
744 5436 757 5471 :
798 5417 913 5472 Nos
938 5419 1193 5487 fatemur,
1224 5421 1426 5489 inquit,
1478 5424 1573 5476 sub
1618 5433 1818 5490 papatu
1855 5424 2026 5475 multa
2064 5439 2177 5477 esse
2209 5424 2345 5478 bona
2385 5425 2712 5491 Christiana,
2763 5429 2866 5480 imo
2897 5443 3048 5481 omne
3083 5426 3275 5481 bonum
3312 5428 3706 5489 Christianum,

474 5522 628 5575 atque
665 5506 786 5563 inde
816 5508 980 5562 etiam
1013 5509 1080 5561 ad
1104 5525 1196 5563 nos
1224 5510 1540 5578 provenisse.
1575 5511 1638 5563 Et
1668 5511 1831 5580 paulo
1871 5520 1992 5580 post
2034 5528 2047 5563 :
2094 5510 2210 5565 Ima
2244 5514 2360 5567 dico
2401 5514 2454 5566 in
2478 5524 2675 5583 papatu
2724 5530 2898 5568 veram
2932 5531 3045 5569 esse
3076 5514 3556 5579 Christianitutem,
3594 5516 3706 5568 imo

472 5607 648 5673 rerum
682 5596 925 5648 nucleum
961 5595 1414 5652 Christianitatis.
1449 5595 1664 5651 Rursus
1694 5616 1706 5651 :
1742 5597 1805 5651 In
1835 5608 2032 5667 papam
2065 5599 2259 5653 scilicet
2292 5616 2405 5654 esse
2435 5601 2531 5655 Dei
2561 5601 2804 5666 Verbum,
2848 5602 3231 5670 apostolatum.
3266 5619 3463 5673 nosque
3492 5618 3708 5656 sacram

474 5672 833 5761 scripturam,
871 5678 1215 5746 baptismum,
1247 5692 1608 5745 sacramenta,
1638 5693 1686 5734 et
1719 5683 2047 5749 prtt'dicandi
2077 5687 2299 5755 oﬁicium
2328 5688 2392 5741 ab
2417 5690 2548 5759 ipsis
2582 5691 2890 5757 sumpsisse.
2932 5690 3170 5746 Bucerus
3212 5692 3265 5745 in
3298 5672 3710 5761 Prcparatione

475 5755 539 5808 ad
571 5758 856 5815 concilium
893 5781 906 5816 :
942 5763 1108 5821 Plane
1143 5768 1472 5835 proﬁtemur,
1533 5771 1667 5843 inter
1695 5771 1898 5838 priscos
1928 5768 2183 5830 Ecclesicc
2214 5775 2406 5832 Patres
2440 5780 2730 5846 convenire,
2788 5781 3069 5834 primatum
3116 5782 3359 5836 habuisse
3404 5780 3699 5837 Romanam
