4034 6214
365 244 459 305 397
1220 248 1223 251 ’
1787 249 2159 323 ANNALES.
3490 262 3595 324 898

372 344 663 407 Ecclesium
687 370 843 420 super
881 356 1112 426 reliquas
1147 357 1431 413 Ecclesius.
1463 357 1703 416 Jacobus
1736 360 1788 414 in
1822 362 2133 418 rationibus
2158 364 2462 436 desumptis
2498 382 2563 423 ex
2615 367 2792 423 Verbo
2844 368 2959 435 Dei,
2994 366 3138 438 pag.
3189 369 3277 434 ει,
3325 371 3527 425 relatus
3564 388 3592 425 a

372 438 439 493 R.
476 439 536 495 P.
573 440 810 496 Henrico
860 441 975 495 Fitz
1012 442 1199 499 Simon
1242 445 1298 499 in
1334 438 1811 500 Britannomacbia
1842 449 2217 504 ministrorum
2252 451 2345 507 lib.
2379 470 2416 519 ι,
2441 469 2562 525 cap.
2603 457 2690 520 10,
2723 472 2841 527 pag.
2884 457 2916 511 5
2945 474 2958 510 :
2992 455 3213 510 Nullum
3234 442 3591 527 essefinquit,

371 530 423 579 in
455 536 564 581 toto
605 530 800 581 mundo
833 531 1005 582 locum
1035 539 1138 583 tam
1162 532 1525 599 probabiliter,
1567 550 1629 586 ac
1658 532 1875 587 Romam
1907 539 2068 591 totius
2106 540 2373 608 regiminis
2432 545 2706 599 catholica:
2762 545 3013 599 Ecclesia:
3062 544 3258 613 fontem
3321 562 3382 597 ac
3433 548 3595 615 origi-

369 630 503 667 nem.
540 612 777 668 Jacobus
809 630 899 668 rex
946 616 1237 671 Britanniae
1286 619 1340 672 in
1404 618 1565 673 domo
1628 620 2075 690 parlamentaria-
2114 629 2339 695 praecise
2395 632 2448 683 in
2507 634 2682 687 medio
2733 634 2925 688 littera:
2982 612 3101 687 1)..
3138 630 3249 701 Ego
3301 612 3594 685 Romanam

372 698 665 753 Ecclesium
698 701 949 769 proﬁteor
969 719 1079 756 esse
1115 715 1349 757 nostram
1390 708 1664 787 matricem
1704 710 2021 765 Ecclesium.
2080 713 2144 766 Et
2177 716 2229 768 in
2271 718 2563 786 colloquiis
2600 720 2821 791 Hampt.
2863 722 2990 776 ch
3029 738 3142 775 mea
3188 698 3277 775 Vest
3341 734 3587 775 constans

369 803 431 839 ac
459 787 567 846 ﬁxa
597 790 892 855 persuasio,
921 791 1120 842 nullum
1152 792 1334 846 debere
1369 792 1664 849 Ecclesium
1700 801 1952 853 remotius
1983 818 2016 854 a
2048 801 2291 858 Romanu
2322 807 2564 861 Ecclesia
2589 787 2849 876 secedere,
2881 827 3037 880 quam
3066 814 3180 877 ipsa
3211 828 3241 862 a
3274 826 3328 863 se
3349 810 3464 877 ipsa
3494 808 3597 877 ﬂo-l

370 886 512 928 rente
549 874 789 943 digressa
814 879 908 931 sit.

438 962 494 1014 Si
528 962 713 1031 itaque
746 962 989 1020 Ecclesia
1025 965 1275 1021 Romana
1312 968 1415 1022 fuit
1454 970 1751 1040 aliquando
1782 988 1879 1041 per
1927 974 2273 1032 adversarios
2335 980 2534 1033 matrix
2580 980 2825 1033 omnium
2899 980 3289 1044 Ecclesiarum,
3348 983 3470 1038 fons
3542 994 3593 1038 et

366 1048 519 1117 origo
541 1052 706 1103 totius
740 1051 1024 1119 regiminis
1048 1054 1328 1107 catholicae
1362 1054 1645 1120 Ecclesite,
1677 1057 1821 1111 unde
1849 1073 2009 1115 omne
2039 1063 2241 1118 bonum
2266 1066 2639 1121 Christianum
2666 1069 2874 1122 inalias
2901 1071 3241 1138 promanavit
3276 1071 3548 1125 Ecclesias
3576 1088 3589 1131 :

367 1136 422 1189 in
455 1150 629 1204 eaque
654 1136 753 1191 fuit
790 1153 917 1190 vera
949 1140 1360 1207 Christianitas,
1395 1144 1505 1196 imo
1536 1159 1695 1198 verus
1752 1146 1982 1200 nucleus
2029 1148 2482 1217 Christianitatis,
2549 1155 2638 1209 Dei
2698 1136 2960 1220 Verbum,
3008 1158 3369 1224 apostolatus,
3437 1174 3592 1213 sacra

371 1220 671 1291 Scriptura,
706 1224 1032 1292 baptismus,
1063 1240 1430 1291 sacramenta,
1462 1238 1515 1284 et
1548 1231 1883 1299 praedicandi
1916 1233 2185 1304 officium,
2218 1241 2291 1294 ita
2330 1250 2388 1294 ut
2420 1256 2525 1295 non
2562 1242 2783 1296 licuerit
2822 1244 2891 1296 ab
2911 1257 2972 1296 ea
3009 1250 3267 1299 remotius
3314 1246 3590 1310 secedere,

370 1327 529 1380 quam
560 1312 675 1380 ipsa
708 1328 735 1366 a
764 1328 823 1367 se
859 1314 973 1381 ipsa
1006 1313 1235 1370 ﬂorente
1262 1316 1505 1384 digressa
1537 1319 1605 1371 sit
1657 1335 1669 1369 :
1709 1321 1754 1371 si
1794 1334 1892 1373 nec
1948 1320 2132 1386 debet,
2187 1340 2288 1378 nec
2346 1335 2522 1392 potest
2580 1327 2846 1395 ejusmodi
2900 1325 3141 1382 Ecclesia
3199 1332 3438 1392 mentiri,
3494 1345 3595 1386 nec

374 1396 569 1452 falsum
602 1405 820 1464 docere,
864 1416 962 1454 nec
993 1400 1047 1454 in
1080 1403 1246 1455 unico
1276 1403 1494 1470 quidem
1519 1404 1716 1471 capite,
1752 1420 1875 1458 cum
1910 1406 1999 1459 Dei
2042 1423 2103 1462 os
2137 1410 2293 1465 sitos
2328 1411 2488 1479 hujus
2520 1412 2797 1479 Ecclesize,
2829 1415 2922 1482 qui
2972 1416 3188 1468 mentiri
3224 1432 3329 1469 non
3366 1428 3584 1486 potest;

370 1487 495 1554 quis
527 1498 634 1543 tam
664 1487 969 1541 manifesta:
998 1487 1372 1555 impudenlizn,
1408 1498 1461 1542 et
1494 1491 1819 1545 exsecrandi
1876 1496 2120 1563 stuporis
2150 1498 2276 1559 erit,
2310 1497 2403 1551 aui
2434 1498 2706 1554 aﬂirmare
2768 1501 3009 1566 audebit,
3071 1500 3373 1556 Romanam
3430 1504 3590 1559 ﬁdem

371 1574 612 1642 Apostoli
647 1575 908 1627 munitam
940 1574 1265 1629 auctoritate
1294 1582 1555 1628 mutatam
1594 1574 1803 1631 fuisse?

441 1661 511 1713 At
539 1660 759 1728 objiciet
794 1662 879 1716 hic
928 1661 1067 1716 forte
1100 1662 1542 1716 adversariorum
1572 1678 1843 1718 nonnemo
1878 1681 1892 1728 ;
1930 1665 2057 1718 Haec
2103 1665 2465 1721 infallibilitas
2498 1667 2788 1723 tribuenda
2834 1678 2918 1723 est
2956 1670 3216 1725 Ecclesia
3274 1672 3591 1738 universali,

372 1749 456 1802 cui
491 1748 541 1800 id
571 1751 901 1816 promissum
937 1761 1040 1815 est,
1079 1765 1186 1804 non
1217 1760 1397 1803 autem
1428 1752 1589 1805 alicui
1623 1752 1909 1820 singulari.

439 1834 520 1888 Ad
540 1836 677 1889 hanc
700 1835 1060 1905 objectionem
1086 1836 1413 1905 respondeat
1433 1837 1499 1889 ad
1512 1836 1763 1890 versariis
1790 1850 1927 1889 unus
1949 1851 2014 1889 ex
2040 1837 2476 1892 adversariorum
2498 1855 2660 1910 grege
2700 1841 3032 1906 Witakerus,
3059 1851 3235 1913 contr.
3259 1845 3315 1910 2,
3339 1858 3536 1915 quaest.
3559 1850 3593 1903 4

372 1937 493 1991 cap.
528 1924 584 1987 5,
625 1938 748 1991 pag.
787 1923 914 1989 489,
952 1925 1041 1979 ubi
1076 1924 1268 1978 :Ni/ail
1304 1932 1401 1989 est,
1440 1924 1635 1992 inquit,
1668 1924 1949 1976 universali
1986 1924 2236 1979 Ecclesia:
2265 1928 2606 1994 promissum,
2638 1928 2777 1997 quod
2811 1946 2912 1982 non
2956 1932 3203 1985 similiter
3230 1935 3595 2002 singularibus

375 2010 627 2064 Ecclesiis
659 2013 1007 2078 promittitur.

441 2094 549 2150 Fac
584 2098 655 2149 ita
688 2098 779 2156 sit.
809 2097 1003 2151 demus
1033 2097 1194 2151 modo
1238 2097 1341 2151 hoc
1371 2096 1650 2152 Witakero
1679 2106 1729 2151 et
1762 2096 2074 2167 symmystis
2125 2094 2410 2164 (quamvis
2436 2098 2783 2168 erroneum),
2855 2102 3000 2169 quod
3052 2101 3259 2156 scilicet
3299 2102 3434 2157 nihil
3497 2103 3600 2157 fuit

374 2183 705 2252 promissum
738 2181 997 2237 Ecclesia:
1032 2184 1349 2246 universali,
1380 2183 1525 2251 quod
1561 2184 1934 2252 singularibus
1975 2183 2243 2239 Ecclesiis
2279 2202 2387 2239 non
2423 2186 2585 2241 fuerit
2613 2191 2967 2255 promissum.
3025 2190 3157 2245 lure
3208 2206 3337 2260 ergo
3383 2210 3448 2247 ex
3490 2193 3591 2246 hac

372 2268 621 2323 doctrina
655 2269 856 2323 inferre
887 2270 1013 2324 licet
1053 2272 1118 2322 ad
1147 2269 1450 2333 hominem,
1481 2268 1777 2324 Ecclesium
1812 2269 2115 2325 Romanam
2151 2288 2429 2342 nunquam
2456 2276 2837 2337 succubuisse,
2870 2292 3048 2345 neque
3088 2280 3449 2334 succumbere
3500 2298 3597 2349 po-

376 2358 565 2420 tuisse,
598 2356 725 2425 quia
759 2356 1055 2424 aliquando
1090 2356 1188 2409 fuit
1221 2372 1345 2410 vera
1377 2355 1627 2411 Ecclesia
1658 2372 1755 2424 per
1792 2359 1940 2425 ipsos
1970 2360 2340 2425 adversarios,
2377 2369 2429 2414 et
2466 2376 2528 2415 os
2567 2362 2683 2424 Dei,
2724 2365 2809 2416 vel
2851 2380 2957 2432 qua
2994 2365 3345 2428 universalis,
3381 2369 3459 2420 vel
3489 2385 3596 2437 qua

373 2444 686 2513 singularis,
715 2460 837 2497 cum
871 2444 1006 2497 nihil
1038 2459 1133 2513 per
1165 2444 1312 2512 ipsos
1341 2445 1413 2497 sit
1454 2446 1792 2513 promissum
1826 2444 2084 2501 Ecclesia:
2126 2449 2448 2511 universali,
2483 2450 2630 2517 quod
2659 2451 3032 2517 singularibus
3082 2467 3188 2505 non
3242 2452 3404 2506 fuerit
3468 2472 3595 2522 pro-

376 2533 623 2585 missum.
652 2530 767 2595 Qua
809 2532 976 2600 igitur
1001 2529 1180 2585 fronte
1217 2545 1336 2584 eam
1365 2531 1685 2585 insimulare
1714 2532 1915 2585 audent
1944 2536 2148 2590 erroris
2197 2544 2250 2589 et
2299 2536 2529 2604 lapsus?
2566 2535 2691 2591 Suis
2726 2553 2785 2591 se
2835 2538 3165 2590 confodiunt
3221 2541 3412 2603 armis,
3468 2541 3595 2595 dum

376 2619 664 2672 incurrunt
700 2633 848 2671 casco
882 2618 1087 2687 impetu
1124 2617 1177 2671 in
1211 2615 1512 2672 Romanam
1548 2618 1871 2680 Ecclesium,
1902 2617 2131 2686 ejusque
2159 2632 2380 2671 causam
2432 2619 2486 2671 in
2534 2619 2711 2671 luet-tn
2767 2620 3015 2673 veritatis
3076 2620 3231 2674 inviti
3276 2621 3594 2689 proferunt,

376 2720 439 2758 ac
474 2705 591 2759 suis
626 2719 685 2757 se
714 2704 997 2773 implicant
1032 2704 1431 2772 paral0gismis.
1459 2704 1631 2757 Nemo
1665 2706 1811 2758 enim
1840 2705 2205 2758 sacramentis
2236 2702 2393 2757 facile
2428 2704 2704 2767 concedit,
2754 2707 2898 2774 quod
2950 2707 3091 2775 ipsi,
3154 2708 3409 2761 nimirum
3463 2709 3600 2763 nihil

377 2793 634 2847 Ecclesiae
666 2792 958 2845 universali
998 2791 1331 2859 promissum
1366 2790 1557 2855 fuisse,
1592 2792 1733 2860 quod
1766 2791 2139 2860 singularibus
2167 2791 2425 2845 Ecclesiis
2472 2806 2577 2845 non
2612 2791 2779 2845 fuerit
2826 2793 3158 2861 promissum
3188 2810 3204 2859 ;
3247 2810 3369 2848 curti
3404 2796 3600 2850 certis-

376 2880 573 2935 simum
606 2879 696 2944 sit,
730 2878 986 2932 Ecclesia:
1018 2878 1315 2932 universali
1348 2878 1675 2947 promissam
1702 2879 1873 2932 fuisse
1923 2878 2384 2940 infaltibilitatem,
2420 2879 2787 2947 singularibus
2842 2894 2971 2933 vero
3006 2896 3109 2933 non
3148 2882 3302 2935 item.
3342 2882 3414 2935 De
3443 2882 3603 2936 infal-

375 2969 623 3023 libilitate
657 2968 981 3022 universalis
1009 2967 1268 3022 Ecclesiae
1298 2967 1507 3021 dictum
1541 2981 1627 3023 est
1662 2986 1673 3021 :
1714 2968 1792 3020 Tu
1818 2985 1871 3022 es
1911 2966 2121 3026 Petrus,
2179 2976 2227 3018 et
2272 2982 2427 3032 super
2484 2966 2620 3019 hanc
2698 2977 2899 3033 petram
2962 2970 3234 3037 wdiﬁcabo
3310 2968 3602 3025 Ecclesium

376 3073 571 3122 meum,
597 3066 643 3109 et
673 3066 838 3124 porta:
861 3056 1022 3122 inferi
1061 3072 1163 3108 non
1192 3057 1549 3123 prrevalebunt
1642 3058 1889 3109 adversus
1915 3071 2029 3107 eam
2062 3052 2279 3117 (Matth.
2312 3069 2424 3120 xvi,
2460 3053 2567 3123 18).
2600 3051 2709 3109 Nec
2743 3072 2848 3109 non
2890 3074 2902 3109 :
2936 3057 3067 3123 Qua:
3112 3066 3188 3111 esl
3229 3056 3465 3112 Ecclesia
3505 3060 3600 3113 Dei

376 3146 495 3209 viui,
518 3145 759 3196 columna
786 3152 834 3195 et
869 3144 1265 3211 ﬁrmamentum
1292 3144 1555 3196 veritatis.
1580 3140 1633 3211 (1
1672 3142 1809 3197 Tim.
1840 3158 1922 3205 ιιι,
1956 3141 2066 3209 15).
2100 3141 2253 3195 Unde
2286 3142 2544 3210 praeclare
2573 3142 2946 3211 Stapletonus,
2973 3156 3219 3199 controv.
3243 3148 3296 3207 4,
3317 3156 3510 3215 (μείρει.
3543 3148 3599 3210 2,

376 3230 609 3283 articulo
638 3230 798 3281 unico
837 3247 850 3282 :
888 3227 1156 3291 Ecclesia,
1186 3230 1379 3297 inquit,
1413 3230 1467 3282 in
1497 3230 1834 3283 conclusione
1869 3227 1993 3297 ﬁdei
2053 3242 2254 3290 semper
2310 3240 2382 3281 est
2434 3231 2732 3283 certissima
2796 3240 2844 3284 et
2906 3232 3225 3299 infallibilis.
3284 3233 3601 3300 Singularcs

380 3315 654 3370 Ecclesiae
688 3317 756 3370 de
789 3316 936 3371 facto
968 3317 1260 3376 defecisse.
1292 3327 1456 3386 atque
1490 3319 1853 3372 succubuisse
1885 3314 2296 3369 evidentissima
2329 3325 2563 3368 constat.
2621 3315 2755 3370 Nam
2790 3320 2913 3385 quis
2949 3320 3144 3383 nescit,
3208 3316 3602 3374 Constantino-

380 3404 672 3470 politanam
702 3403 1061 3457 succubuisse
1100 3404 1395 3471 aliquando
1436 3404 1489 3457 in
1522 3404 1859 3468 Macedonio,
1890 3413 1945 3455 et
1977 3400 2266 3464 Nestorio;
2293 3400 2712 3455 Alexandrinam
2742 3404 2792 3455 in
2826 3403 3121 3472 Dioscoro;
3153 3406 3206 3460 in
3240 3407 3475 3462 Macario
3493 3411 3603 3464 An-

380 3490 710 3551 tiochenam,
743 3497 795 3542 et
836 3491 914 3543 sic
954 3490 1019 3543 de
1050 3489 1216 3544 aliis?
1248 3490 1435 3545 Restat
1468 3507 1622 3560 ergo,
1654 3503 1713 3545 ut
1757 3493 2027 3553 dicamus,
2066 3487 2509 3540 infallibilitatem
2562 3492 2873 3543 necessario
2923 3493 3162 3547 residere
3217 3510 3383 3564 penes
3416 3497 3606 3552 Eccle-

380 3579 518 3630 siam
560 3576 943 3640 universalem,
977 3576 1137 3644 cujus
1167 3590 1331 3646 caput
1360 3587 1445 3632 est
1481 3578 1758 3631 Romanus
1789 3578 2050 3647 pontifex,
2081 3578 2166 3629 cui
2189 3576 2240 3627 in
2267 3576 2449 3636 Petro.
2483 3575 2638 3643 cujus
2672 3584 2758 3629 est
2789 3592 3097 3645 successor,
3125 3583 3193 3635 ab
3223 3598 3318 3635 ore
3348 3582 3603 3639 Veritatis

380 3663 584 3717 dictum
614 3662 715 3715 fuit
758 3678 773 3714 :
817 3660 928 3730 Ego
957 3672 1131 3716 autem
1160 3666 1341 3733 rogavi
1369 3680 1464 3733 pro
1502 3674 1568 3727 te,
1595 3675 1651 3717 ut
1679 3681 1777 3717 non
1807 3665 2019 3728 deﬁciat
2046 3662 2177 3729 ﬁdes
2205 3671 2297 3713 tua
2325 3660 2479 3727 (an.
2511 3677 2644 3723 xm,
2681 3662 2795 3730 32).
2854 3663 3007 3728 Quod
3065 3681 3196 3719 vero
3244 3671 3427 3722 statim
3471 3672 3603 3725 sub—

373 3748 621 3819 jungitur
651 3764 664 3801 :
703 3746 767 3800 Et
796 3760 851 3801 tu
884 3750 1184 3817 aliquando.
1201 3767 1480 3805 conrersus
1510 3755 1763 3818 conﬁrma
1792 3751 1987 3818 fratres
2024 3759 2138 3799 tuos
2193 3747 2385 3814 (ibid.),
2412 3747 2478 3798 de
2508 3748 2879 3816 singularibus
2907 3749 3167 3807 Ecclesiis
3193 3753 3600 3823 intelligendum

377 3840 485 3899 est,
516 3852 636 3905 qua:
677 3837 731 3889 in
775 3836 879 3889 lide
912 3837 1232 3906 dirigendae,
1264 3850 1318 3892 et
1346 3838 1736 3893 confirmanda:
1763 3847 1889 3891 sunt
1916 3851 1945 3888 a
1973 3835 2120 3888 Petri
2154 3846 2497 3893 successore,
2544 3833 2598 3885 in
2636 3849 2797 3900 quem
2850 3838 3209 3892 confirmandi
3262 3841 3460 3897 fratres
3508 3860 3606 3897 au—

379 3926 605 3979 ctoritas
630 3925 874 3977 derivata
908 3932 1011 3977 est.
1041 3926 1196 3994 Apud
1226 3925 1527 3979 Romanam
1565 3926 1726 3993 igitur
1758 3922 2059 3977 Ecclesium
2087 3919 2284 3973 residet
2331 3919 2444 3971 haec
2494 3918 2880 3977 infallibilitas.
2952 3924 3281 3994 Quanquam
3330 3930 3486 3989 haud
3520 3947 3605 3989 me

380 4012 531 4075 latet,
562 4011 923 4083 thakerum,
963 4030 1113 4069 more
1138 4014 1387 4067 omnium
1421 4014 1801 4065 bazreticorum
1832 4025 1861 4063 a
1903 4025 1961 4064 se
1988 4009 2106 4077 ipso
2140 4007 2473 4064 desciscere.
2510 4020 2675 4075 atque
2703 4007 2831 4062 alibi
2865 4023 3134 4073 asserere,
3170 4024 3277 4066 tam
3301 4016 3599 4072 Ecclesiarn

382 4099 773 4166 universalem,
802 4118 964 4171 quam
988 4101 1297 4170 singulares
1337 4100 1614 4155 Ecclesias
1643 4113 1832 4152 errare
1869 4112 2051 4168 posse.
2078 4094 2152 4147 Et
2185 4108 2294 4163 quo
2328 4094 2487 4162 plane
2521 4103 2668 4161 patet
2713 4095 2813 4148 ltos
2845 4096 2898 4149 iu
2928 4098 3094 4149 Deum
3122 4098 3303 4165 ipsum
3346 4101 3604 4170 blasphe-

381 4199 502 4238 mos
535 4202 680 4248 esse.
721 4189 850 4256 quia
875 4188 918 4241 si
950 4204 1012 4243 os
1038 4188 1318 4251 Ecclesiae,
1351 4190 1495 4256 quod
1534 4202 1629 4255 per
1660 4186 1808 4254 ipsos
1837 4192 1922 4239 est
1953 4182 2046 4236 Dei
2082 4196 2168 4242 οε,
2214 4180 2460 4243 mentiri.
2502 4189 2555 4233 ει
2593 4196 2779 4234 erl‘al‘e
2811 4192 3015 4250 potest.
3064 4194 3313 4253 sequrtur
3354 4188 3479 4243 inde
3509 4206 3607 4243 ne-

382 4286 644 4337 ceszarto,
684 4273 857 4328 Deum
882 4286 938 4328 et
971 4274 1209 4339 mentiri,
1242 4286 1293 4327 et
1329 4289 1512 4327 errare
1542 4288 1722 4342 posse,
1751 4272 1902 4343 quod
1937 4273 2018 4326 vel
2065 4269 2249 4325 verbis
2282 4268 2546 4339 proferre,
2585 4280 2681 4323 aut
2712 4281 2891 4325 mente
2937 4274 3229 4342 concipere
3281 4274 3347 4329 ad
3400 4276 3597 4335 borum

384 4360 807 4414 convincendam
837 4361 1299 4430 pervicacitatem,
1332 4363 1550 4415 animus
1580 4364 1763 4415 horret
1807 4361 2067 4430 luctuque
2099 4362 2322 4428 refugit.

456 4444 532 4497 Tu
597 4458 814 4510 autem,
886 4445 1155 4512 Seldeue,
1228 4449 1342 4504 haec
1401 4448 1608 4504 interea
1686 4448 1880 4518 reliqui
1954 4463 2148 4505 versus
2218 4448 2271 4501 in
2350 4444 2629 4502 Romanus
2692 4449 2940 4519 usurpati
3007 4457 3219 4506 attento
3286 4454 3607 4524 perpendito

386 4546 589 4588 animo.

774 4649 886 4706 Nec
920 4660 967 4707 te
1000 4653 1303 4722 quaesiveris
1327 4630 1513 4710 ἐπιθυ.

384 4766 585 4821 Tecum
620 4768 827 4829 habita,
860 4774 911 4822 te
944 4782 1134 4833 nosce,
1160 4782 1263 4822 nec
1288 4768 1355 4822 de
1386 4767 1628 4822 Romana
1659 4768 1921 4837 religione
1943 4767 2017 4822 ita
2041 4777 2246 4822 temere
2276 4765 2623 4836 pronunties,
2649 4777 2773 4818 cum
2807 4779 3037 4834 prorsus
3065 4765 3184 4834 ipse
3213 4766 3453 4831 nescias,
3484 4782 3604 4836 quae

384 4854 460 4910 sit
501 4854 661 4910 hodie
692 4857 745 4911 in
782 4864 874 4910 tua
906 4871 1029 4911 vere
1062 4856 1349 4927 plusquam
1380 4857 1749 4912 turbidissima
1780 4856 1973 4926 Anglia
1999 4855 2207 4925 religio,
2241 4869 2343 4908 nec
2372 4869 2491 4922 quae
2526 4852 2598 4906 sit
2629 4867 2751 4906 cras
2784 4852 2990 4918 futura,
3038 4869 3147 4907 non
3199 4858 3470 4921 omnium,
3522 4859 3606 4912 in-

386 4955 573 5010 quam,
608 4942 700 4994 sed
736 4943 1117 5013 singulorum;
1157 4953 1235 4998 tot
1269 4942 1414 4997 enim
1440 4944 1580 5010 apud
1612 4958 1709 4997 vos
1744 4953 1873 4997 sunt
1898 4943 2208 5012 religiones,
2238 4947 2372 5011 quot
2427 4942 2629 5009 capita.
2688 4939 2797 4993 Res
2848 4941 2963 5009 ipsa
3011 4940 3066 4994 in
3126 4940 3261 4996 foris
3327 4953 3380 4996 et
3411 4945 3607 5012 plateis

385 5027 708 5097 proclamat.
738 5028 961 5085 Decreta
994 5032 1163 5085 vestri
1197 5038 1445 5094 senatus,
1482 5045 1579 5085 seu
1612 5030 1935 5098 parlamenti
1972 5040 2097 5084 ante
2121 5039 2360 5097 quatuor
2403 5026 2574 5081 ferme
2629 5042 2804 5080 annos
2866 5028 3011 5082 edita
3067 5027 3134 5084 de
3174 5031 3437 5101 religione
3497 5039 3611 5085 sta-

388 5112 587 5168 tuenda
615 5129 644 5166 a
672 5114 870 5167 vestris
901 5116 1168 5185 theologis
1196 5125 1252 5169 et
1282 5115 1547 5170 ministris
1579 5116 1682 5169 hoc
1736 5117 1870 5171 satis
1916 5132 2191 5186 SUperque
2234 5124 2526 5172 testantur.
2573 5112 2902 5169 Iamdudum
2965 5116 3065 5170 hac
3118 5119 3186 5171 de
3241 5133 3301 5171 re
3349 5117 3609 5186 gravibus

386 5210 726 5271 conquestus
757 5208 838 5255 est
867 5200 1051 5255 verbis
1076 5202 1398 5256 Theodorus
1434 5202 1571 5257 Beza
1607 5205 1659 5256 in
1690 5203 1866 5272 Epist.
1889 5203 2152 5275 Theolog.
2184 5207 2347 5274 epist.
2380 5221 2417 5272 ι,
2446 5205 2513 5259 ad
2551 5204 2825 5258 Andream
2852 5204 3130 5259 Duditium
3180 5222 3194 5259 :
3236 5200 3608 5258 Exercuerunt

387 5313 467 5350 me
498 5297 611 5356 diu.
650 5307 699 5350 et
741 5296 965 5350 multum
988 5296 1097 5349 illa:
1128 5295 1275 5362 ipsae,
1301 5312 1435 5364 quas
1472 5295 1728 5352 describis
1759 5298 2123 5367 cogitationes,
2157 5300 2355 5352 scilicet
2395 5308 2603 5354 nostros
2637 5298 2880 5368 palantes
2927 5299 3069 5352 omni
3122 5298 3380 5350 doctrina:
3430 5306 3607 5361 vento,

387 5395 435 5437 et
470 5386 525 5438 in
560 5386 729 5437 altum
767 5384 1028 5449 sublatos,
1061 5385 1213 5437 modo
1236 5390 1301 5437 ad
1326 5384 1487 5445 hanc,
1516 5386 1669 5438 modo
1697 5387 1765 5439 ad
1794 5387 1943 5440 illum
1976 5397 2176 5455 partem
2206 5387 2423 5453 deferri.
2457 5386 2657 5441 Horum
2678 5403 2795 5456 qua:
2822 5388 2889 5439 sit
2918 5387 3075 5440 hodie
3111 5386 3177 5438 de
3208 5384 3456 5453 religione
3484 5402 3612 5438 sen-

390 5474 575 5533 tentia,
616 5473 749 5526 scire
778 5456 1007 5541 fortasse
1034 5474 1225 5540 possis,
1252 5471 1341 5526 sed
1364 5488 1482 5541 quia
1514 5490 1636 5528 cras
1674 5474 1737 5527 de
1766 5476 1947 5528 eadem
1986 5480 2170 5543 futura
2198 5477 2269 5529 sit
2300 5477 2500 5546 opinio,
2550 5492 2710 5543 neque
2738 5485 2882 5527 certo
2914 5476 3175 5543 affirmare
3201 5489 3386 5542 queas.
3419 5473 3486 5527 lu
3512 5490 3614 5527 asto

391 5563 605 5615 tandem
632 5560 902 5631 religionis
927 5565 1100 5632 capite
1139 5571 1434 5632 congruunt
1460 5563 1600 5616 inter
1622 5578 1677 5616 se
1713 5560 1988 5630 Ecclesiae,
2015 5580 2136 5633 qum
2168 5563 2405 5619 Romano
2448 5562 2698 5630 Pontiﬁci
2742 5562 2935 5614 bellum
2984 5563 3327 5617 indixerunt?
3366 5564 3408 5613 Α
3440 5562 3611 5630 capite

392 5651 461 5701 ad
498 5650 693 5703 calcem
720 5650 763 5703 si
789 5666 1065 5717 percurras
1098 5654 1297 5719 omnia,
1339 5651 1471 5705 nihil
1501 5651 1879 5716 propemodum
1908 5653 2137 5717 reperias
2164 5654 2227 5706 ab
2260 5668 2364 5705 uno
2419 5649 2690 5717 alﬁrmari,
2716 5648 2856 5715 quod
2887 5648 3023 5704 alter
3051 5652 3232 5706 statim
3263 5667 3365 5705 non
3395 5651 3613 5715 impium
