4034 6214
452 299 556 356 899
1467 293 1832 353 EUTYCHH
1888 294 2421 352 ALEXANDIHNI
2481 295 2695 352 PATR.
3587 293 3697 354 900

455 423 566 458 esse
604 407 851 459 clamitet.
887 408 990 460 Sed
1029 409 1286 460 audiatur
1318 409 1482 459 ctiam
1526 408 1799 460 Lutltcrus
1828 407 1880 460 in
1909 407 2082 475 Epist.
2127 405 2189 456 ad
2225 405 2653 472 Antverj'tienses
2685 422 2698 456 ε
2736 404 2832 456 Tot
2885 407 3019 457 inter
3057 420 3149 456 nos
3196 402 3477 468 religiones
3532 411 3682 466 sunt,

455 503 578 560 quot
612 493 864 558 homines,
892 510 1054 561 neque
1088 497 1359 546 asinorum
1396 493 1671 559 quisquam
1700 502 1776 546 cst
1808 502 1916 546 tam
1946 491 2132 556 hebes,
2162 503 2209 545 et
2244 510 2458 550 t'aacors,
2509 494 2598 562 qui
2665 494 2928 545 insomnia
2975 493 3178 560 proprii
3229 491 3441 558 capitis,
3485 499 3535 544 et
3575 507 3699 559 pro-

455 580 626 648 priam
661 583 952 648 opinionem
985 597 1079 648 pro
1103 583 1347 631 ἱηιιιηειιι
1377 578 1602 646 Spiritus
1634 581 1824 643 sancti,
1855 592 1902 632 et
1935 597 1987 632 se
2020 582 2186 647 ipsum
2228 583 2529 647 prop/utam
2552 581 2731 632 haberi
2764 581 2912 634 nolit.

531 667 728 730 Velim,
763 686 904 721 nunc
945 669 1326 734 regrediantur
1359 683 1421 720 ex
1450 668 1638 720 inferis
1675 669 1811 721 Beza
1842 669 1962 727 'ille,
2005 677 2057 720 et
2091 667 2389 729 Lutlu'rus,
2427 677 2482 719 ut
2509 681 2759 733 quaenam
2803 665 2869 718 de
2899 681 3002 718 una
3031 666 3146 719 sola
3178 665 3368 734 Anglia
3400 679 3590 717 eorum
3629 665 3701 718 sit

457 755 621 808 modo
663 754 956 814 sententia,
997 751 1204 807 dicant.
1249 753 1380 807 Nam
1415 756 1457 806 si
1491 764 1625 808 tunc
1665 757 1868 810 indies
1903 755 2249 822 singulorum
2308 755 2628 806 mutabatur
2683 753 2749 806 de
2792 754 3054 821 religione
3118 753 3324 822 opinio,
3373 767 3516 804 nunc
3569 767 3699 805 sane

460 844 514 896 in
549 843 730 906 horas,
761 850 814 895 et
843 851 1136 896 momenta.
1163 841 1404 896 Turbida
1461 844 1677 910 quidem
1717 854 1800 898 est
1845 843 2085 895 omnium
2129 842 2556 895 Protostantium
2603 841 2803 908 ubique
2881 850 3146 894 terrarum
3236 855 3547 911 synagoga;
3603 841 3700 894 seti

459 930 705 981 ornnium
775 928 1152 980 turbidissima
1218 938 1322 991 est,
1381 946 1542 998 quam
1591 931 1945 998 Anglicanam
2008 938 2230 982 vocant.
2288 928 2344 982 ltt
2403 929 2795 990 densissimis,
2859 938 2912 982 et
2988 929 3277 997 plusquam
3354 927 3698 997 Egyptiacis

455 1017 600 1085 jacet
639 1016 755 1068 hazc
783 1014 1046 1081 tenebris,
1079 1016 1170 1068 ubi
1204 1031 1320 1069 eam
1373 1019 1646 1085 palpando
1678 1034 1742 1072 cx
1795 1026 2017 1071 senatus
2081 1018 2300 1072 decreto
2347 1018 2638 1092 quaeritant
2668 1015 2900 1067 ministri
2960 1030 3022 1068 ac
3058 1014 3314 1082 theologi,
3371 1024 3425 1068 et
3487 1027 3690 1080 nequa-

461 1119 624 1173 quam
682 1105 926 1156 invenire
989 1104 1256 1157 hactenus
1322 1115 1640 1171 pomerunt,
1690 1106 1782 1160 sed
1834 1105 2062 1159 confusa
2143 1121 2267 1158 vera
2330 1120 2472 1159 verte
2535 1102 2791 1156 Ecclesia:
2850 1103 3058 1171 lingua,
3115 1102 3348 1169 lapides,
3404 1109 3465 1153 ut
3522 1101 3690 1161 aiunt,

463 1206 560 1260 pro
621 1197 905 1256 czctnento,
961 1199 1014 1244 et
1077 1191 1178 1244 hoc
1242 1207 1338 1260 pro
1399 1192 1667 1260 lapidibus
1730 1193 1778 1244 in
1831 1193 1968 1244 turri
2027 1191 2125 1245 hac
2183 1193 2477 1260 Anglicana
2544 1190 2675 1244 alter
2717 1190 2869 1244 alteri
2913 1189 3157 1259 porrigit.
3211 1187 3694 1258 Quamobremlmi

462 1278 694 1335 Seltlene

938 1397 1048 1452 Nec
1081 1409 1126 1452 te
1152 1400 1452 1464 qua'sivcris
1483 1409 1654 1454 extra.

462 1507 592 1560 Nam
628 1529 638 1560 :
677 1509 734 1564 Si
764 1512 928 1571 potuit
957 1513 1174 1564 evadere
1203 1513 1502 1579 quisquam,
1535 1514 1708 1573 inquit.
1744 1512 1782 1563 D
1812 1510 2117 1582 Cyprianus
2149 1509 2218 1563 De
2257 1511 2388 1562 unit.
2415 1509 2610 1564 lfccles.
2646 1511 2803 1572 libro,
2837 1510 2924 1578 qui
2959 1520 3110 1560 extra
3139 1523 3317 1558 arcam
3353 1503 3468 1558 Noe
3499 1503 3617 1572 luit,
3643 1504 3697 1556 el

460 1599 549 1662 qui
574 1607 722 1650 extra
756 1596 1042 1651 Ecclesiam
1081 1599 1210 1665 foris
1248 1599 1426 1667 fuerit,
1455 1599 1668 1660 erodit;
1710 1611 1851 1650 stare
1897 1609 1952 1650 tu
1978 1599 2255 1668 (Seldcnu)
2287 1610 2336 1652 et
2375 1601 2542 1654 vivere
2579 1608 2735 1666 putas
2779 1616 2932 1663 posse
2960 1600 3023 1651 de
3055 1597 3293 1650 Ecclesia
3351 1595 3696 1658 recedentem,

463 1685 608 1737 sedes
641 1687 731 1738 tibi
764 1687 925 1749 alias,
961 1697 1007 1738 et
1034 1687 1242 1738 diversa
1283 1687 1558 1739 domicilia
1591 1687 1898 1740 condentem
1927 1687 1951 1739 ?

535 1771 704 1826 Porro
731 1775 950 1840 quinam
976 1773 1420 1827 adversariorum
1457 1790 1659 1840 scopus
1718 1783 1820 1835 cst,
1881 1775 2007 1826 dum
2049 1773 2116 1824 de
2177 1775 2620 1845 presbyterorum
2675 1784 2728 1829 et
2783 1775 3167 1843 episcoporum
3220 1771 3550 1840 a‘qttalitate,
3601 1775 3700 1824 aut

463 1859 850 1927 tnzequalitate,
887 1859 968 1913 vel
998 1860 1317 1914 discriminc
1349 1861 1634 1914 nobiscum
1671 1861 2080 1930 digladiantur?
2109 1870 2162 1914 et
2197 1880 2460 1930 quorsum
2507 1864 2832 1917 collimant?
2871 1862 3107 1916 fortasse
3144 1861 3560 1928 percolitabitur
3589 1857 3688 1912 hic

463 1961 774 2010 nonnemo;
806 1963 928 2001 cum
963 1948 1062 2016 ipsi
1103 1963 1200 2001 nec
1225 1949 1572 2020 presbyteros
1607 1951 1867 2014 habeant,
1905 1964 2005 2003 nec
2051 1950 2362 2020 episcopos,
2417 1952 2673 2018 aequales,
2726 1949 2812 2004 vel
2865 1948 3188 2019 inaequales,
3245 1932 3345 2001 aut
3389 1946 3696 2001 secundum

463 2049 845 2103 quamcunque
874 2035 1033 2088 aliam
1073 2037 1300 2105 figuram
1332 2039 1742 2106 geometricam.

535 2120 678 2175 Sane
711 2124 892 2177 nullus
928 2123 1299 2194 aliusscopus
1330 2126 1437 2181 illis
1464 2142 1586 2180 esse
1620 2127 1855 2189 videtur,
1887 2134 1978 2179 aut
2011 2125 2172 2188 ratio,
2209 2140 2371 2193 quam
2402 2124 2513 2192 ipsa
2551 2124 2786 2189 insania,
2834 2138 2889 2180 et
2937 2125 3107 2179 libido
3149 2123 3236 2177 illa
3279 2121 3539 2176 Ecclesia:
3583 2120 3701 2172 Ro-

464 2224 636 2262 maute
670 2209 1165 2280 impugnandorum
1200 2213 1539 2282 dogmatum.
1592 2211 1701 2266 Nec
1748 2213 1940 2279 puduit
2000 2212 2297 2266 Luthernm
2357 2213 2460 2266 hoc
2523 2222 2710 2281 aperte
2768 2213 2925 2266 fateri
2994 2222 3126 2267 tom.
3163 2210 3201 2263 ν
3241 2210 3374 2264 edit.
3422 2207 3697 2270 Willem.,

465 2313 593 2350 ann.
628 2298 786 2359 1551.
831 2299 923 2352 fol.
959 2299 1063 2353 473
1091 2319 1103 2355 :
1144 2300 1346 2354 Doctor
1368 2301 1631 2355 Martinus
1655 2300 1852 2354 Lutlter
1881 2301 1986 2354 rult
2018 2302 2094 2354 sic
2116 2301 2326 2360 habere,
2358 2312 2405 2353 et
2438 2301 2569 2352 dicit
2593 2302 2860 2368 papistam
2909 2310 2958 2354 et
2993 2301 3201 2354 asinum
3230 2314 3342 2352 esse
3376 2314 3483 2350 rem
3513 2312 3696 2350 unam.

463 2385 551 2440 Sic
579 2386 715 2442 volo.
742 2387 815 2439 sic
835 2387 1019 2455 jubeo,
1049 2389 1116 2440 sit
1151 2404 1244 2456 pro
1276 2388 1480 2440 ratione
1503 2387 1767 2440 voluntas.
1802 2389 1975 2440 Aliam
2008 2403 2226 2456 quoque
2272 2387 2428 2440 alTert
2477 2388 2552 2440 rei
2604 2387 2768 2451 huius
2821 2402 3040 2440 causam
3091 2395 3236 2439 tomo
3269 2383 3338 2436 Ν
3395 2383 3526 2436 edit.
3580 2381 3695 2436 Ien.

466 2473 562 2529 fol.
585 2474 710 2538 255,
747 2484 854 2528 tam
889 2474 954 2528 dc
980 2491 1058 2536 se,
1102 2492 1260 2543 quam
1297 2477 1362 2528 de
1394 2477 1510 2529 suis
1538 2476 1767 2544 loquens
1796 2494 1810 2530 :
1844 2477 1953 2530 Nos
1989 2495 2020 2529 a
2052 2476 2284 2535 diabolo,
2321 2477 2520 2542 inquit,
2558 2475 2790 2540 captivos
2833 2475 3016 2538 teneri,
3047 2473 3206 2526 veluti
3238 2490 3268 2524 a
3304 2472 3587 2539 principe;
3629 2485 3698 2521 ac

462 2561 572 2617 Deo
611 2573 808 2626 nostra,
835 2570 893 2615 ut
927 2579 1178 2631 cogamur
1201 2562 1372 2628 [acere
1395 2564 1647 2632 quidquid
1677 2567 1784 2630 ipse
1815 2565 1942 2629 vult,
1977 2565 2224 2628 nobisque
2283 2564 2533 2624 inspirat.
2569 2561 2632 2614 Et
2658 2564 2748 2629 qui
2783 2573 3122 2622 sanctorum,
3149 2576 3212 2613 ac
3245 2561 3508 2612 bonorum
3537 2572 3700 2622 ange-

465 2646 640 2700 lorum
681 2647 1081 2700 invocationem
1117 2654 1175 2699 ut
1209 2646 1609 2701 idololatricam
1649 2648 1860 2709 habuit,
1897 2662 2071 2714 eoque
2097 2649 2317 2703 nomine
2356 2651 2501 2702 illam
2539 2665 2566 2701 (ε
2597 2649 2834 2703 fidelium
2870 2649 3155 2711 memoria,
3179 2655 3232 2700 et
3261 2656 3440 2699 mente
3459 2645 3695 2699 evellere

462 2735 716 2790 «omnibus
749 2735 1029 2788 contendit
1070 2734 1276 2794 nervis.
1314 2735 1366 2788 in
1402 2736 1522 2789 suis
1557 2744 1734 2788 tamen
1771 2737 2064 2804 colloquiis
2106 2739 2202 2791 fol.
2235 2739 2289 2800 5,
2328 2740 2414 2800 18,
2447 2754 2500 2791 ct
2534 2738 2652 2795 1‘21.
2683 2739 2994 2792 exclamare
3042 2753 3151 2791 non
3204 2725 3416 2790 horruit
3455 2752 3468 2788 :
3499 2732 3693 2787 Sancte

467 2818 657 2885 Salan,
687 2839 780 2876 ora
811 2839 904 2892 pro
940 2823 1088 2877 nobis
1122 2839 1136 2876 :
1167 2823 1381 2876 minime
1403 2832 1577 2876 tamen
1605 2833 1787 2878 contra
1819 2833 1867 2876 te
1894 2827 2239 2892 peccavimus,
2269 2826 2666 2879 clementissime
2698 2825 2921 2878 diabolo.

541 2908 728 2960 Jacobi
763 2907 1048 2961 Zahorovii
1086 2908 1225 2962 alius
1265 2909 1370 2962 fuit
1406 2925 1628 2977 scopus,
1666 2911 1794 2966 dum
1829 2911 1881 2964 in
1914 2911 2288 2980 Rosponsione
2316 2913 2381 2965 ad
2415 2912 2623 2965 Nodum
2655 2912 2916 2965 Gordium
2947 2909 3161 2963 Martini
3197 2908 3471 2976 Smiglccii
3508 2905 3695 2960 Socie-

470 2997 599 3049 tatis
631 2996 762 3050 Jesu
790 2998 1019 3064 probare
1055 2997 1269 3061 nititur,
1303 3001 1679 3068 presbyterum
1745 3009 1798 3053 et
1830 3001 2151 3069 episcopum
2176 3000 2300 3068 jure
2349 2999 2535 3052 divino
2586 2998 2835 3051 eumdem
2893 3012 3035 3059 esse,
3079 2997 3360 3062 solumque
3395 3003 3697 3048 consuetu-

467 3084 594 3137 dine
629 3084 882 3138 Ecclesirc
917 3085 1196 3140 inductum
1233 3102 1375 3146 esse.
1417 3095 1476 3139 ιιι
1509 3088 1778 3140 ordinatio
1809 3087 2109 3154 pertineret
2143 3087 2207 3140 ad
2239 3087 2582 3156 episcOpum.
2613 3085 2766 3149 Quod
2811 3085 3028 3152 quidem
3061 3084 3344 3138 contendit
3376 3083 3441 3136 ad
3469 3099 3692 3137 suorum

473 3173 847 3226 ministrorum
886 3172 1182 3242 legitimam
1220 3175 1538 3229 missionem
1571 3175 2048 3230 demonstrandam
2075 3192 2089 3239 ;
2130 3174 2255 3243 quia
2286 3188 2409 3226 cum
2445 3172 2730 3241 presbyter
2762 3173 2866 3224 rite
2897 3172 3182 3224 ordinatus
3215 3180 3357 3226 esset
3383 3169 3608 3232 Luther,
3635 3180 3696 3222 ut

473 3259 568 3321 ait,
597 3259 737 3313 alios
766 3274 985 3328 quoque
1014 3261 1440 3329 ministrosjure
1472 3263 1729 3316 ordinare
1755 3270 1990 3331 poterat,
2021 3272 2185 3329 atque
2216 3259 2451 3312 mittere.
2484 3258 2627 3310 Idem
2655 3257 2901 3310 sentiunt
2936 3256 3120 3323 plures
3155 3257 3245 3310 alii
3293 3257 3688 3312 Protestantes.

472 3345 576 3400 Sed
613 3361 773 3413 quam
806 3347 1060 3413 feliciter,
1089 3355 1142 3402 et
1185 3364 1312 3403 vere
1340 3350 1390 3403 id
1423 3350 1679 3417 probant,
1708 3348 2031 3403 doctissime
2069 3346 2309 3401 ostendit
2341 3361 2466 3398 mox
2513 3344 2767 3397 laudatus
2803 3343 3129 3413 Smiglecius
3186 3345 3317 3398 totis
3360 3344 3576 3396 duobus
3622 3340 3692 3394 li-

471 3434 583 3488 bris
624 3435 690 3488 de
722 3435 1099 3489 ministrorum
1140 3436 1284 3490 notis
1309 3445 1500 3489 contra
1527 3435 1812 3488 Zahorovii
1868 3434 2298 3504 Responsionem
2333 3432 2399 3486 ad
2444 3430 2655 3484 Nodum
2702 3430 2986 3498 Gordium,
3043 3439 3098 3486 et
3149 3431 3448 3500 praisertitn
3498 3429 3590 3483 lib.
3649 3445 3690 3493 t,

471 3535 590 3587 Cap.
622 3521 675 3580 9.
716 3536 837 3588 pag.
872 3519 964 3572 66.
2592 3570 2596 3575 .
2958 3562 2966 3570 .

541 3607 846 3661 Convenire
883 3615 1061 3658 tamen
1091 3604 1344 3657 videntur
1367 3617 1579 3666 omnes,
1607 3603 1875 3670 cujusque
1918 3602 2134 3671 generis
2174 3613 2228 3656 et
2255 3601 2445 3656 farinze
2475 3602 2871 3666 Protostantes,
2899 3606 2992 3675 qui
3025 3603 3392 3659 Ecclesiarum
3422 3605 3602 3670 bonis,
3636 3615 3694 3656 et

472 3692 824 3747 facultatibus
850 3691 1038 3759 lupino
1058 3691 1341 3744 inhiaruat
1368 3705 1586 3760 semper
1610 3705 1727 3754 ore,
1756 3690 1948 3744 fortem
1977 3690 2306 3758 alligandum
2342 3692 2493 3758 prius
2523 3708 2664 3758 esse,
2701 3702 2811 3744 tum
2838 3707 2967 3745 vasa
2999 3692 3193 3746 domus
3221 3693 3339 3760 ejus
3367 3692 3693 3760 diripienda.

471 3782 707 3846 Quinam
738 3789 917 3832 autem
946 3780 1017 3832 sit
1050 3779 1206 3833 fortis
1244 3780 1374 3844 iste,
1398 3782 1489 3846 qui
1526 3781 1578 3833 in
1613 3781 1832 3848 specula
1861 3779 2118 3834 Ecclesiae
2143 3776 2348 3832 Christi
2377 3780 2591 3846 positus
2622 3780 2867 3849 invigilat
2893 3780 3064 3847 gregi,
3102 3779 3345 3833 declarat
3392 3780 3551 3833 nobis
3591 3779 3694 3831 do-

471 3869 658 3921 ctrinae
689 3866 1004 3934 apostolica:
1041 3867 1212 3935 Syrus
1247 3866 1539 3934 interpres.
1569 3867 1822 3935 quisquis
1854 3868 1939 3921 ille
1969 3867 2092 3930 fuit,
2133 3882 2411 3933 exponens
2449 3870 2562 3922 haec
2623 3869 2928 3923 Ezechielis
2977 3883 3098 3936 cap.
3124 3883 3300 3922 xum
3333 3882 3476 3920 vers.
3530 3867 3588 3931 Ξ,
3636 3867 3694 3930 3,

470 3953 635 4008 verba
669 3971 684 4009 :
714 3952 904 4017 Terra,
930 3969 1045 4006 cum
1077 3951 1336 4006 induxero
1367 3969 1520 4018 super
1553 3971 1668 4007 eam
1701 3954 1964 4024 gladium,
1991 3963 2039 4008 et
2073 3954 2250 4008 tulerit
2284 3955 2507 4022 populus
2543 3967 2698 4010 terra:
2725 3957 2895 4009 virum
2921 3971 3082 4008 unum
3109 3954 3173 4009 de
3215 3955 3512 4009 novissimis
3555 3956 3693 4020 suis,

468 4051 516 4095 et
548 4040 872 4093 constituerit
899 4057 1014 4093 eum
1043 4056 1200 4108 super
1234 4057 1287 4095 se
1310 4044 1710 4105 speculatorem,
1743 4051 1850 4096 etc.

542 4125 763 4180 Gladius
795 4128 970 4195 itaque
1002 4137 1077 4179 est
1117 4126 1400 4196 judicium,
1439 4126 1673 4180 Buccina
1700 4139 1874 4181 autem
1909 4127 2280 4200 Evangelium.
2341 4129 2657 4192 Speculator
2705 4147 2823 4184 vero
2859 4131 3168 4199 EpiscOpus,
3227 4131 3316 4201 qui
3368 4133 3698 4199 pra-ponitur

471 4215 742 4269 Ecclesiw.
781 4215 918 4268 lline
948 4215 1082 4268 satis
1115 4217 1362 4284 apposite
1400 4223 1507 4267 tam
1540 4215 1592 4267 in
1632 4217 1853 4270 laudata
1891 4217 2143 4270 [tm-trina
2174 4217 2510 4285 Apostnlica,
2545 4234 2707 4284 quam
2746 4219 2876 4272 alibi
2926 4220 3127 4286 passim
3159 4219 3508 4285 appellitatur
3537 4218 3696 4288 Syris

467 4304 753 4372 episcopus
788 4301 899 4356 ιιηι»
956 4301 1138 4366 Buito,
1176 4303 1409 4365 scilicet,
1447 4305 1703 4371 Magister
1738 4306 2054 4372 prmpositus
2087 4314 2135 4358 et
2170 4306 2450 4370 pra’fectus
2484 4306 2692 4362 domus.
2746 4323 3065 4365 oeconomus,
3097 4307 3431 4374 dispensator
3458 4317 3510 4360 et
3540 4307 3696 4370 ejus-

468 4389 632 4445 modi.
666 4390 900 4444 Chaldaei
933 4389 1321 4444 Orientaliores
1350 4405 1546 4443 vocare
1576 4393 1755 4444 Solent
1788 4392 2100 4460 episcopum
2135 4391 2420 4451 Gltizabra.
2459 4409 2650 4462 nctnpe
2699 4394 2888 4447 Custos
2917 4393 3190 4453 Thesauri.
3232 4393 3523 4463 Prcefectns
3547 4410 3695 4448 trra-

468 4478 553 4531 rii.
603 4477 756 4530 llunc
786 4478 967 4544 itaque
1000 4477 1340 4544 magistrum,
1373 4479 1724 4544 praepositum
1769 4487 1821 4532 et
1847 4479 2160 4546 praefectum
2193 4479 2426 4540 domus;
2459 4481 2600 4532 hunc
2629 4496 2966 4534 (Economqu
2991 4482 3518 4547 etdisrensatorem:
3551 4481 3700 4535 hunc

470 4564 747 4617 custodem
775 4565 1052 4626 thesauri;
1085 4563 1230 4617 hunc
1261 4564 1570 4630 praefectum
1597 4565 1768 4617 a'rarii
1801 4565 2154 4633 alligandum,
2180 4566 2573 4633 expel'eudum,
2597 4566 2942 4632 ejiciendum,
2968 4569 3430 4621 exterminandum
3457 4576 3688 4622 censent

471 4650 750 4718 :eligionis
801 4651 990 4716 nuperi
1018 4650 1414 4720 ~reformatores
1448 4650 1555 4710 (sic
1582 4651 1724 4704 cnim
1763 4651 1866 4704 dici
1902 4661 2126 4720 ainant;
2163 4655 2254 4707 sed
2284 4653 2464 4707 verius
2496 4652 2942 4722 delortnatores),
2976 4662 3032 4707 ιιι
3061 4655 3124 4708 ad
3159 4654 3297 4708 bona
3326 4655 3696 4710 Ecclesiarum

475 4736 688 4789 facilius
719 4734 1018 4802 diripienda
1051 4744 1228 4804 pateat
1260 4737 1365 4790 illis
1395 4738 1595 4790 aditus.

543 4821 805 4877 Claudius
838 4820 1140 4876 Salmasius
1173 4824 1230 4879 in
1279 4839 1379 4876 suo
1410 4825 1680 4893 Apparatu
1711 4841 1774 4878 ae
1804 4827 2035 4889 primatu
2067 4841 2235 4894 papa',
2255 4827 2394 4880 hanc
2423 4826 2663 4892 herbam,
2689 4841 2902 4895 nempe
2927 4827 3319 4897 episcopatum,
3356 4827 3695 4882 evellendam

471 4909 733 4964 radicitus
754 4909 935 4970 vellet,
974 4909 1116 4977 quod
1149 4927 1213 4963 ex
1251 4911 1339 4962 illa
1379 4912 1604 4979 pullulat
1638 4922 1887 4981 papatus,
1925 4915 2018 4982 qui
2052 4923 2111 4967 ut
2149 4913 2477 4968 Christianae
2548 4928 2611 4967 ac
2642 4913 2930 4968 catholica:
2960 4915 3264 4984 religionis,
3299 4913 3698 4984 dignitatisque

473 5011 722 5054 summus
755 5003 839 5049 est
871 5011 1008 5065 apex
1042 5005 1098 5050 et
1127 4998 1448 5059 auctoritas,
1492 5001 1563 5052 ita
1601 4999 1987 5053 invadentibus
2025 5001 2170 5068 lupis
2214 4999 2555 5055 fortissimus
2586 4999 2750 5052 obex.

548 5083 720 5138 Porro
753 5083 899 5151 quod
937 5083 1309 5148 miseratione,
1342 5085 1453 5139 imo
1483 5086 1779 5141 uberrimis
1809 5087 2064 5157 lacrymis
2099 5088 2322 5157 dignum
2356 5096 2436 5140 est
2465 5127 2479 5151 ,
2547 5086 2594 5140 si
2637 5085 2767 5155 quid
2800 5085 3138 5154 ambiguum,
3175 5085 3260 5139 vel
3293 5085 3456 5154 paulo
3497 5087 3692 5140 obscu—

474 5173 594 5227 rius
628 5172 769 5241 apud
799 5168 992 5225 Patres
1022 5182 1073 5224 et
1106 5171 1406 5240 scriptores
1441 5173 1702 5237 occurrit,
1757 5173 1808 5226 id
1843 5174 1946 5228 sibi
1976 5175 2256 5230 asciscant
2293 5173 2616 5238 adversarii,
2651 5187 2715 5227 ac
2745 5173 2858 5226 suis
2889 5173 3271 5242 paraIOgismis
3304 5173 3360 5226 in
3397 5173 3693 5229 Ecclesiam

470 5259 799 5314 catholicam
835 5257 970 5311 illud
1009 5257 1328 5326 intorquent
1349 5270 1402 5312 et
1431 5259 1753 5322 abutuntur,
1788 5261 1964 5328 ipsum
1999 5277 2127 5315 vero
2160 5271 2439 5316 auctorem
2474 5263 2538 5315 ad
2575 5269 2720 5315 astra
2753 5276 2928 5331 usque
2957 5260 3189 5316 ederunt
3221 5261 3498 5316 laudibus.
3529 5261 3697 5315 Eum-

470 5347 593 5399 dem
626 5359 778 5408 vero,
827 5360 950 5397 cum
983 5344 1055 5396 ita
1097 5343 1239 5396 clare
1282 5360 1346 5398 ac
1395 5345 1554 5415 plane
1585 5345 1850 5414 loquitur,
1883 5355 1942 5401 ut
1971 5363 2158 5404 eorum
2199 5358 2350 5404 recta
2380 5357 2434 5403 et
2468 5347 2648 5403 valide
2684 5349 2846 5402 feriat
2879 5359 3208 5411 commenta,
3267 5363 3366 5402 nec
3393 5347 3514 5417 ejus
3544 5349 3696 5402 testi-

472 5433 650 5485 monia
690 5433 904 5498 possint
935 5430 1001 5484 ad
1039 5431 1320 5484 libidinem
1349 5439 1698 5501 extorquere,
1755 5434 2018 5489 deserunt
2069 5438 2278 5501 statim,
2313 5438 2638 5507 ignorantia:
2673 5436 3003 5492 insimulare
3041 5437 3241 5490 audent
3273 5444 3326 5488 ct
3361 5437 3694 5490 contrariam

461 5518 727 5573 occinunt
758 5517 1111 5572 cantilenam.
1173 5518 1352 5572 Semel
1407 5520 1674 5588 scriptum
1725 5521 1948 5591 reliquit
1981 5522 2040 5577 Β.
2076 5521 2448 5592 Hieronymus
2486 5524 2540 5577 in
2576 5521 2818 5592 Epistula
2852 5525 2917 5575 ad
2956 5521 3272 5592 Evagrium,
3309 5537 3432 5590 quas
3459 5530 3544 5576 est
3574 5521 3644 5576 85
3677 5538 3692 5574 :

473 5601 613 5664 Quid
645 5606 781 5656 enim
811 5605 964 5671 facit,
992 5615 1208 5672 excepta
1237 5605 1586 5670 ordinatione,
1619 5609 1915 5676 episcopus,
1951 5612 2088 5676 quod
2136 5613 2405 5680 presbyter
2436 5627 2533 5664 non
2572 5610 2785 5676 faciat?
2819 5608 2949 5674 Qum
2983 5609 3149 5662 verba
3187 5609 3292 5662 etsi
3324 5608 3472 5662 clare
3501 5615 3694 5660 osten-

467 5683 605 5736 dant
635 5688 724 5740 illa
753 5693 1076 5760 exceptione
1107 5693 1392 5761 utriusque
1428 5694 1636 5752 ordinis
1669 5695 2108 5758 distinetionem.
2145 5698 2502 5752 nihilominus
2560 5711 2746 5749 ansam
2781 5694 3134 5761 arripuerunt
3189 5691 3316 5748 inde
3367 5688 3691 5754 adversarii,
