4034 6214
323 265 428 330 901
842 283 850 290 “
1778 285 1916 344 ARN

1993 286 2142 345 LES.
3481 298 3586 362 902

327 386 537 456 integra
591 388 915 445 conﬁciendi
951 393 1252 458 volumina,
1289 395 1491 465 quibus
1524 396 1760 465 probare
1793 398 2142 466 adnituntur,
2179 401 2499 472 episcopum
2557 419 2662 457 non
2696 418 2820 460 esse
2853 405 3172 474 presbytero
3213 407 3584 477 superiorem.

329 475 696 542 Loquentem
732 493 858 531 vero
910 482 1161 535 eumdem
1217 481 1607 555 Hieronymum
1664 486 1973 542 clarissime
2026 489 2094 542 de
2128 490 2232 544 hoc
2282 493 2606 548 discrimine
2638 502 2691 548 et
2724 497 3143 551 successionum
3183 475 3584 567 episcopalium

326 564 524 616 seriem
566 579 688 616 cum
725 565 849 620 aliis
880 565 1134 623 Patribus
1168 571 1237 624 ab
1268 573 1385 640 ipso
1443 573 1815 640 apostolorum
1850 590 1966 628 aevo
2016 588 2353 647 repetentem
2408 581 2489 634 sic
2522 583 2720 651 excipit
2755 583 3080 647 Salmasius,
3117 585 3171 638 in
3210 564 3492 654 Apparatu
3519 589 3584 643 de

326 653 562 719 Ρνίητηηι
596 667 769 720 Ραρτυν
805 670 928 724 ρης.
960 657 1049 720 35,
1081 674 1290 728 eosque
1324 676 1554 714 summa:
1588 673 1635 714 et
1675 677 1880 743 crassae
1915 664 2198 719 insimulat
2242 669 2564 736 ignorantia:
2595 689 2611 724 :
2657 672 2790 734 Ouis
2825 688 2926 725 non
2984 674 3149 738 videt,
3207 653 3408 741 inquit.
3473 676 3581 728 Pa-

329 750 429 792 tres
458 739 584 790 dum
623 756 721 793 sua
763 752 997 811 tempora
1037 747 1150 799 sola
1187 752 1492 814 respiciunt,
1525 752 1715 819 quibus
1748 739 1980 820 episcopi
2027 755 2080 806 in
2121 754 2341 821 singulis
2391 757 2612 811 urbibus
2652 762 2944 827 regnabant
2975 739 3301 830 presbyterio
3336 763 3580 831 superio-

331 844 428 884 res,
460 836 677 890 putasse
708 845 739 879 a
768 832 1033 901 principio
1067 851 1173 888 rem
1206 837 1282 888 ita
1317 837 1482 905 fuisse
1510 841 1534 892 .9
1571 838 1693 905 Ipse
1731 839 2091 912 Hieronymus
2127 842 2421 910 aliquando
2448 861 2626 898 errore
2653 848 2754 899 isto
2802 851 3069 902 communi
3101 851 3350 914 abreptus
3403 850 3586 914 depre-

333 915 577 968 henditur
598 920 990 972 successionum
1020 924 1394 988 episcopalinm
1419 927 1483 977 ab
1508 928 1866 994 apostolorum
1899 939 2123 995 tempore
2145 933 2639 990 repetendaruin....
2665 938 2736 990 De
2756 938 2876 1006 ipso
2899 955 3026 992 vero
3049 937 3266 993 Seldeni
3293 938 3580 1007 Eutycltio,

330 1003 502 1097 deque
526 1003 781 1059 Patribus
810 1006 1016 1061 Graecis
1050 1021 1104 1063 et
1136 1009 1366 1073 Latinis,
1402 1015 1482 1066 sic
1517 1031 1638 1082 pag.
1659 1016 1724 1069 87
1757 1017 1948 1082 :Quod
1975 1018 2264 1086 Entgchius
2297 1023 2535 1084 nescivit,
2562 1025 2646 1077 cui
2685 1003 2821 1078 idem
2853 1043 2948 1079 usu
2980 1028 3137 1089 venit,
3167 1030 3306 1097 quod
3339 1003 3580 1080 omnibus

329 1088 490 1157 ferme
524 1093 873 1155 scriptoribus
914 1096 1289 1151 ecclesiasticis
1334 1098 1556 1165 Gra'cis,
1595 1102 1920 1168 Latinisque,
1968 1117 2023 1158 ut
2064 1107 2189 1159 dum
2225 1125 2367 1162 more
2425 1113 2508 1164 sui
2547 1116 2796 1182 temporis
2847 1126 3106 1185 spectant,
3148 1133 3179 1168 α
3209 1117 3469 1185 principio
3503 1115 3581 1167 sic

328 1193 532 1246 semper
563 1179 730 1247 fuisse
756 1184 1140 1239 existimarent.
1181 1185 1308 1240 Inde
1334 1191 1687 1245 successiones
1718 1204 1766 1245 et
1794 1193 2022 1262 origines
2041 1195 2400 1262 episcoporum
2433 1201 2668 1267 repetita.-
2699 1218 2730 1254 a
2765 1203 3086 1265 temporibus
3117 1202 3506 1269 apostolorum.

405 1264 562 1333 Vide,
598 1269 784 1334 sodes,
817 1281 1079 1338 quantam
1112 1273 1298 1337 ﬁdem,
1352 1285 1725 1346 quantamque
1780 1281 2165 1336 auctoritatem
2200 1284 2453 1340 trilmnnt
2487 1264 2791 1342 adversarii
2836 1290 3092 1344 Pati-ibus
3123 1303 3177 1343 et
3213 1289 3576 1357 scriptoribus

327 1362 380 1408 et
413 1371 524 1444 quo
557 1371 652 1412 eos
695 1359 898 1413 habent
939 1360 991 1413 in
1020 1363 1221 1430 pretio,
1256 1366 1471 1432 quoties
1503 1366 1618 1421 suis
1657 1367 1994 1423 tesﬁmoniis
2031 1385 2220 1424 eorum
2277 1373 2587 1444 infringnnt
2622 1389 2932 1431 commenta
2964 1389 3019 1432 et
3071 1378 3286 1432 libidini
3342 1392 3450 1431 non
3489 1392 3578 1431 as-

336 1443 677 1501 sentiuntur.
726 1444 821 1498 llic
854 1449 989 1501 satis
1018 1451 1264 1515 apposite
1302 1453 1538 1520 quadrat
1567 1451 1840 1508 Salmasio
1876 1456 2004 1508 illud
2040 1457 2102 1510 D.
2138 1461 2428 1527 Augustini
2459 1443 2552 1521 lib.
2590 1481 2646 1528 ll,
2688 1463 2887 1519 Contra
2925 1465 3226 1519 Faustum:
3261 1463 3338 1518 Tn
3367 1481 3419 1519 es
3455 1479 3578 1533 ergo

331 1531 512 1600 regula
547 1534 782 1586 reritatis
806 1549 826 1587 :
870 1537 1128 1604 quidquid
1162 1549 1347 1592 contra
1381 1549 1428 1593 te
1459 1541 1622 1607 fuerit
1658 1557 1760 1594 non
1791 1551 1867 1594 est
1921 1561 2097 1598 rerum
2127 1549 2152 1601 ?
2211 1547 2274 1602 Et
2307 1549 2359 1602 id
2391 1550 2536 1603 aliud
2571 1552 2664 1605 lib.
2703 1569 2880 1615 xxx”,
2919 1570 3042 1622 cap.
3081 1555 3167 1616 l9,
3203 1564 3392 1607 contra
3425 1531 3578 1605 eum-

329 1618 473 1683 dum.
509 1621 765 1676 omnibus
797 1621 1283 1680 Proteslantibus:
1352 1627 1547 1682 Videtis
1576 1646 1720 1693 ergo.
1773 1631 1827 1683 id
1861 1647 1944 1684 vos
1977 1651 2153 1702 agere,
2191 1646 2247 1687 ut
2283 1639 2460 1692 omnis
2522 1639 2586 1691 de
2635 1642 2806 1694 medio
2851 1618 3254 1711 Scripturarum
3298 1625 3579 1707 att-feratur

247 1775 254 1782 _
327 1708 620 1762 auctoritas
656 1719 704 1762 et
733 1712 917 1780 cuique
942 1713 1150 1766 animus
1184 1725 1370 1769 auctor
1402 1718 1492 1777 sit,
1527 1718 1652 1786 quid
1678 1720 1729 1770 in
1760 1735 2074 1789 unaquaque
2109 1722 2389 1795 Scriptura
2434 1727 2654 1796 probet:
2724 1730 2778 1780 id
2827 1739 2924 1793 est,
2973 1708 3038 1782 rut
3092 1746 3195 1783 non
3257 1729 3574 1782 auctoritati

323 1793 725 1864 Scriptnrarum
759 1799 1084 1867 subjiciatur
1124 1804 1190 1854 ad
1223 1803 1426 1870 ﬁdem;
1482 1807 1571 1858 sed
1601 1806 1703 1857 sibi
1751 1803 2062 1874 Scripturas
2100 1793 2532 1880 ipse'subjiciat,
2575 1831 2676 1869 non
2718 1825 2772 1867 nt
2820 1818 2935 1869 ideo
2970 1817 3053 1870 illi
3088 1818 3294 1883 placeat
3344 1816 3574 1883 aliquid,

319 1887 444 1953 quia
477 1887 572 1940 hoc
595 1889 649 1940 in
684 1890 900 1942 sublimi
931 1894 1258 1945 auctoritate
1290 1896 1545 1963 scriptum
1583 1895 1800 1965 legitur,
1851 1897 1941 1952 sed
1975 1899 2089 1954 ideo
2125 1913 2261 1955 recte
2296 1905 2555 1972 scriptum
2588 1904 2856 1971 rideatur,
2905 1906 3034 1958 auia
3085 1904 3181 1957 hoc
3235 1903 3318 1957 illi
3347 1903 3577 1973 placuit.

320 1973 437 2040 Quo
467 1986 515 2029 te
541 1979 848 2045 committis,
871 1981 1054 2034 animo
1086 1981 1274 2034 misera
1304 1985 1328 2036 ?

390 2089 458 2142 At
493 2090 536 2144 si
568 2091 760 2146 Patres
791 2101 846 2146 et
877 2093 1245 2165 Hieronymus
1279 2095 1397 2162 ipse
1447 2111 1546 2149 sua
1581 2108 1902 2165 spectarunt
1939 2102 2057 2156 sola
2097 2113 2372 2172 tempora,
2427 2107 2674 2176 adeoque
2705 2109 3092 2163 existimarunt
3128 2121 3158 2160 a
3195 2105 3462 2174 principio
3497 2105 3577 2160 sic

318 2194 535 2249 semper
584 2179 790 2244 fuisse,
832 2197 937 2250 qua
971 2180 1150 2236 fronte
1196 2182 1386 2237 Patres
1418 2190 1525 2237 tam
1552 2184 1790 2249 (ἑταῖρος,
1811 2201 1973 2252 quam
1997 2189 2222 2246 Latinos
2253 2202 2308 2246 et
2334 2193 2722 2264 Hieronymum
2780 2213 2936 2266 psum
2973 2209 3002 2248 a
3035 2197 3150 2250 suis
3168 2204 3311 2248 stare
3331 2192 3574 2262 partibus

318 2284 416 2339 pro
448 2270 828 2338 episcoporum
863 2279 916 2324 et
949 2272 1394 2342 presbyterorum
1428 2274 1740 2343 aequalitate
1776 2277 2046 2332 aﬁirmant
2076 2281 2374 2337 adversarii
2403 2284 2426 2338 ?
2502 2287 2662 2339 Certe
2721 2287 2822 2339 hoc
2879 2284 3138 2337 aﬁirmari
3189 2282 3405 2351 nequit,
3464 2279 3572 2333 nisi

318 2358 714 2428 protestantica
751 2358 1090 2427 impudentia
1125 2370 1180 2414 et
1223 2361 1478 2414 audacia.
1537 2360 1727 2416 Pctius
1761 2365 1966 2433 itaque,
2006 2381 2071 2421 ac
2124 2371 2414 2425 verissime
2447 2372 2740 2426 dicendum
2775 2381 2879 2434 est,
2935 2369 3271 2425 Salmasium
3326 2383 3423 2422 sua
3453 2367 3572 2421 sola

317 2456 601 2516 Spectasse
632 2458 876 2514 tempora
909 2457 960 2502 et
999 2449 1172 2502 solam
1213 2447 1498 2516 profanam
1536 2448 1961 2507 Protcstantium
2023 2471 2384 2527 synagogam,
2446 2462 2499 2515 in
2536 2477 2643 2530 qua
2703 2477 2802 2515 nec
2837 2460 3088 2530 episc0pi
3126 2465 3259 2513 sunt
3313 2458 3435 2520 ulli,
3469 2469 3570 2510 nec

316 2533 624 2604 presbyteri
660 2535 922 2602 :cquales,
978 2537 1063 2590 vel
1122 2536 1446 2604 inmquales.
1483 2533 1588 2589 Sed
1626 2538 1874 2605 profecto
1904 2556 2014 2595 non
2054 2546 2415 2608 existimavit,
2467 2562 2582 2601 rem
2621 2548 2695 2602 ita
2747 2547 2918 2602 fuisse
2954 2561 3173 2615 semper
3205 2561 3234 2598 a
3273 2544 3569 2614 principio.

319 2621 472 2678 Unde
527 2621 670 2675 enim
707 2623 758 2676 id
802 2623 930 2676 sriri
968 2632 1171 2692 potest,
1205 2624 1311 2678 nisi
1344 2623 1672 2678 auctoritate
1706 2625 1924 2681 illorum
1979 2633 2072 2699 qui
2097 2624 2354 2702 'proxime
2409 2637 2750 2704 temporibus
2802 2637 3179 2704 apostolorum
3233 2634 3488 2687 vixerunt
3518 2640 3572 2685 ct

316 2709 722 2766 ecclesiasticas
756 2711 1098 2781 reliquerunt
1134 2711 1294 2766 nobis
1325 2711 1630 2765 historias?
1659 2712 1726 2766 Et
1761 2715 1904 2770 unde
1940 2717 2213 2775 Salmasio
2245 2733 2394 2776 tanta
2429 2725 2718 2778 oculorum
2755 2723 2924 2787 acies,
2959 2732 3018 2776 ut
3059 2723 3244 2777 omnia
3277 2721 3572 2789 perlustra-

317 2800 453 2854 verit
487 2815 658 2870 usque
687 2799 753 2853 ad
793 2801 1168 2869 apostolorum
1207 2815 1383 2854 aevum
1420 2810 1475 2853 et
1506 2815 1569 2854 ex
1625 2805 2020 2870 septemdecim
2069 2810 2392 2863 saeculorum
2425 2812 2767 2866 obscuritate
2799 2822 2853 2866 ct
2893 2809 3197 2866 involucris
3229 2818 3439 2864 tantam
3477 2822 3572 2861 ve-

321 2889 532 2942 ritatem
566 2889 686 2943 orbi
722 2890 1040 2943 Christiano
1075 2899 1181 2942 tam
1225 2897 1452 2943 strenue
1484 2890 1836 2944 exseruerit?
1877 2891 1980 2946 Sed
2015 2894 2258 2962 profecto
2290 2914 2399 2951 non
2435 2899 2657 2954 aliunde
2687 2900 2739 2954 id
2775 2900 3046 2969 provenit,
3080 2898 3186 2952 nisi
3228 2913 3293 2952 ex
3333 2893 3576 2951 Calvini-

317 2976 456 3030 stico
488 2976 805 3046 pbarmaco,
839 2991 949 3046 quo
981 2991 1074 3029 eos
1113 2977 1340 3030 infectos
1375 2975 1776 3046 fascinatosq'te
1827 2982 2008 3044 habet,
2062 2992 2118 3036 ut
2169 2983 2272 3037 sibi
2329 2986 2513 3040 videre
2550 2987 2798 3042 videatur
2855 2989 2998 3058 quod
3058 3001 3250 3041 revera
3305 2999 3416 3039 non
3488 2983 3569 3036 vi-

321 3063 433 3116 ιιι-ι.

389 3149 558 3205 Porro
591 3149 884 3206 Seldenum
914 3153 1059 3220 quod
1090 3151 1303 3214 attinet,
1325 3167 1427 3206 non
1461 3155 1542 3208 sic
1574 3171 1732 3208 suum
1767 3155 1971 3225 excipit
2004 3156 2355 3228 Eutycliinm,
2391 3163 2484 3216 sed
2519 3164 2666 3216 omni
2712 3163 2812 3216 ﬁde
2843 3163 3064 3232 dignum
3093 3176 3216 3215 eum
3258 3157 3568 3215 habendum

317 3241 472 3302 vult;
512 3239 702 3308 illique
731 3246 814 3293 est
855 3240 1021 3293 veluti
1059 3240 1198 3295 alius
1233 3238 1374 3293 Beela
1407 3241 1568 3310 plane
1601 3240 1914 3310 Egyptius.
1954 3244 2046 3298 Sic
2076 3248 2222 3300 enim
2257 3247 2312 3300 in
2347 3249 2495 3303 calce
2527 3267 2639 3303 sua:
2677 3250 3022 3304 Praefationis
3056 3249 3123 3302 de
3155 3248 3248 3302 illo
3281 3248 3525 3314 loquitur
3555 3261 3569 3298 :

318 3326 422 3382 Sed
451 3343 567 3380 vero
597 3327 643 3379 si
677 3325 941 3396 Eutychio
971 3327 1127 3395 [idem
1155 3327 1237 3378 hic
1270 3343 1462 3395 parum
1491 3327 1789 3382 habendam
1823 3331 1939 3384 ideo
1989 3335 2170 3403 forsan
2205 3337 2324 3405 quis
2364 3341 2626 3391 morosius
2662 3337 3063 3396 existimaverit.
3097 3335 3235 3406 quod
3278 3334 3375 3390 aevi
3409 3332 3573 3400 fuerit

316 3415 425 3483 ipse
453 3416 582 3467 adeo
618 3416 794 3478 rebus,
825 3431 956 3483 quas
990 3415 1151 3468 tradit
1186 3417 1487 3469 recentioris
1522 3418 1668 3487 (nam
1714 3418 1933 3482 sarculo,
1961 3433 2013 3472 ut
2050 3422 2208 3488 vides,
2264 3424 2448 3492 ﬂoruit
2481 3425 2732 3492 decimo),
2780 3435 2915 3479 certe
2945 3439 3150 3478 necesse
3182 3433 3258 3476 est
3311 3432 3368 3476 ut
3421 3422 3488 3482 is,
3527 3419 3574 3472 si

314 3503 476 3570 parili
500 3504 555 3555 in
589 3501 805 3570 paribus
834 3511 1019 3556 utatur
1054 3505 1281 3562 ratione,
1316 3519 1406 3556 nec
1439 3504 1689 3572 Josepho,
1726 3505 1894 3570 Livio,
1920 3509 2381 3576 Halicarnasum),
2423 3513 2734 3576 Plutarcho,
2767 3513 3021 3575 Eusebio,
3055 3510 3306 3570 Zonarm,
3341 3507 3570 3577 origines

314 3600 363 3643 et
396 3606 477 3643 res
514 3588 1016 3666 gestas_Judaicas,
1051 3588 1342 3656 Romanas,
1379 3590 1888 3657 Grarcas,Punicas,
1927 3577 2264 3652 Christianas
2305 3601 2492 3653 tandiu
2531 3602 2782 3654 sa'culum
2831 3618 2986 3655 suum
3023 3606 3406 3652 antevertentes
3438 3610 3570 3647 nar-

316 3679 584 3740 rantibus,
612 3693 701 3730 nec
723 3678 774 3729 id
811 3693 968 3746 genus
998 3677 1120 3730 aliis
1151 3680 1350 3736 credat,
1381 3681 1484 3730 imo
1519 3691 1573 3731 ut
1605 3696 1700 3745 pro
1735 3683 1836 3748 [ide
1870 3683 2042 3752 dignis
2064 3685 2507 3742 habeathisloriis
2544 3692 2756 3758 (praster
2792 3690 2990 3745 Sarras
3023 3686 3276 3755 Litteras)
3305 3686 3570 3737 duntaxat

317 3772 433 3835 ipsa
482 3767 817 3820 archivorum
845 3767 1160 3832 penetralia,
1193 3767 1544 3846 conciliorum
1574 3777 1695 3820 acta
1732 3770 1870 3837 ipsa,
1907 3769 2262 3840 Thucydides,
2323 3775 2591 3846 Polybius,
2643 3777 2950 3840 Sallustios,
2995 3777 3260 3841 Cwsares,
3326 3770 3569 3835 Tacitus,

321 3855 748 3918 Guicciardinos,
778 3853 1148 3910 Commina'os.
1173 3854 1308 3908 Mihi
1345 3837 1473 3908 sa‘ne
1499 3855 1787 3925 Eutychins
1819 3859 1872 3908 in
1911 3837 2150 3915 hisce—est
2186 3863 2342 3915 veluti
2379 3837 2520 3916 Beda
2551 3837 2704 3929 plane
2737 3837 3042 3936 /Egyptius.

399 3969 538 4023 Bene
568 3967 815 4037 quidem,
876 3965 1133 4026 Seldene,
1171 3966 1314 4020 ultro
1352 3982 1415 4020 ac
1464 3967 1700 4020 libenter
1737 3968 1833 4021 tibi
1870 3969 2214 4028 admittimus
2271 3975 2602 4046 Eutyrhium
2639 3975 2788 4030 Omni
2847 3975 2949 4030 ﬁde
2999 3990 3120 4030 esse
3157 3976 3408 4044 dignum,
3461 3974 3571 4027 imo

323 4060 710 4128 dignissimum
748 4066 802 4110 et
841 4071 1056 4109 omnem
1088 4057 1166 4110 illi
1202 4055 1507 4110 habendam
1551 4058 1730 4120 fidem,
1767 4066 1929 4126 atque
1955 4060 2002 4113 ei
2041 4062 2207 4115 veluti
2242 4061 2396 4116 Beda
2429 4066 2589 4133 plane
2645 4064 2923 4134 Egyptio,
2953 4078 3062 4116 non
3095 4063 3272 4115 solum
3307 4062 3360 4115 in
3393 4062 3569 4126 hisce,

325 4151 421 4205 sed
453 4149 505 4202 in
539 4145 800 4200 omnibus
840 4159 1060 4214 quoque
1095 4144 1368 4207 articulis,
1399 4147 1462 4199 de
1495 4145 1693 4213 quibus
1727 4149 2107 4202 controversia
2167 4151 2326 4204 nobis
2359 4162 2443 4206 est
2484 4152 2789 4214 vobiscum,
2824 4151 3081 4204 stamlum
3146 4163 3291 4203 esse.
3361 4147 3571 4213 Quam-

316 4239 505 4295 obrem
541 4237 776 4304 ingenue
803 4249 866 4288 ac
897 4235 1074 4303 prisce
1108 4233 1357 4302 proferas
1390 4248 1544 4302 rogo,
1579 4233 1710 4302 quid
1749 4233 1916 4288 sentit
1942 4233 2082 4289 Beda
2140 4237 2245 4291 iste
2279 4239 2346 4292 de
2379 4256 2607 4294 numero
2643 4250 3120 4293 sacramentorum
3155 4244 3264 4290 tam
3303 4234 3356 4288 in
3391 4233 3570 4287 (Ebro-

319 4327 444 4380 nico
473 4333 764 4392 tantopere
797 4338 826 4375 a
863 4331 915 4375 te
949 4322 1190 4382 laudato,
1228 4337 1388 4390 quam
1428 4323 1482 4374 in
1523 4322 1646 4376 aliis
1681 4322 1800 4389 ejus
1830 4322 2154 4390 opusculis?
2211 4325 2340 4392 quid
2375 4325 2441 4378 de
2470 4327 2747 4379 sacriﬁcio
2784 4323 3009 4378 missm‘i
3043 4323 3174 4393 quid
3215 4321 3283 4375 de
3314 4319 3567 4388 corporis

317 4414 522 4469 Christi
564 4411 838 4472 realitate,
884 4425 947 4463 ac
985 4411 1101 4479 ipsa
1134 4409 1804 4464 transsubstantiatione?
1852 4409 1980 4479 quid
2023 4411 2089 4464 de
2120 4423 2438 4468 sanctorum
2478 4417 2748 4484 reliquiis,
2789 4415 3162 4477 invocatione,
3202 4427 3264 4465 ac
3297 4411 3570 4464 interces-

320 4502 523 4556 sione?
553 4499 684 4568 quid
722 4498 791 4552 de
831 4499 1005 4552 sacris
1039 4497 1414 4565 imaginibus?
1443 4497 1572 4566 quid
1608 4497 1674 4550 de
1707 4499 1955 4552 ciborum
1987 4498 2219 4562 delectu,
2257 4501 2323 4553 de
2349 4503 2594 4569 jejuuiis,
2629 4505 2694 4556 de
2723 4505 3000 4562 caelibatu,
3034 4511 3085 4556 et
3129 4500 3468 4569 virginitate.
3498 4498 3566 4552 de

325 4592 682 4652 monachatu,
716 4588 784 4642 de
818 4588 976 4641 bonis
1007 4588 1289 4653 operibus,
1324 4587 1390 4640 de
1425 4590 1591 4649 votis,
1624 4589 1690 4641 de
1721 4587 2010 4649 altaribus,
2045 4587 2110 4641 de
2165 4589 2322 4656 signo
2352 4591 2556 4652 crucis,
2615 4592 2682 4645 de
2740 4590 3150 4655 traditionibus,
3209 4591 3276 4644 de
3317 4589 3567 4641 Romana

323 4682 469 4743 sede,
489 4695 553 4734 ac
592 4677 852 4732 Romanis
889 4675 1261 4745 pontiﬁcibus,
1297 4683 1350 4727 et
1384 4690 1451 4728 an
1488 4685 1714 4729 sanctus
1742 4674 1935 4728 Petrus
1967 4673 2192 4727 Romam
2226 4675 2297 4728 sit
2326 4677 2626 4744 profectus,
2661 4679 2846 4748 ibique
2884 4679 3035 4732 cruci
3066 4679 3318 4732 inversus
3348 4676 3565 4740 afﬁxus,

328 4785 396 4826 an
441 4767 745 4822 Romanam
789 4764 1105 4818 fundaverit
1137 4763 1343 4827 sedem,
1376 4778 1443 4815 an
1489 4763 1721 4815 Romani
1757 4763 2041 4829 pontiﬁces
2079 4763 2198 4831 ejus
2230 4764 2343 4816 sint
2379 4781 2775 4833 successores;
2815 4768 3146 4838 demumque
3177 4768 3242 4821 de
3273 4767 3398 4822 aliis
3423 4768 3571 4833 ejus-

326 4854 468 4909 modi
504 4855 800 4918 sexcentis,
831 4867 949 4921 qua:
988 4849 1386 4904 Protestantica
1437 4849 1774 4918 impudentia
1813 4847 2178 4903 Romanorum
2232 4854 2546 4919 pmtilicnm
2595 4869 2721 4908 esse
2775 4864 3084 4908 commenta
3158 4869 3410 4910 asserere
3460 4869 3570 4919 non

323 4951 584 4993 verentur
616 4938 834 4993 vestri?
870 4941 937 4991 At
967 4939 1035 4992 de
1066 4939 1150 4992 his
1182 4937 1301 4990 fuse
1333 4936 1386 4989 in
1417 4949 1688 4990 consensu
1726 4935 2085 4989 Orientalium
2119 4945 2228 4989 tam
2291 4939 2431 4992 inter
2482 4954 2562 5002 se,
2598 4956 2763 5010 quam
2822 4955 2947 4994 cum
3002 4940 3248 4995 Ecclesia
3299 4940 3570 5004 Romana,

325 5027 436 5079 Deo
473 5025 686 5079 favente
718 5025 987 5080 dicemus.

393 5136 566 5192 Porro
593 5136 660 5189 ad
698 5153 810 5190 rem
841 5136 1012 5205 ipsam
1056 5137 1169 5206 jam
1201 5137 1508 5200 veniamus,
1540 5135 2024 5204 expendamusque
2055 5149 2150 5189 eos
2183 5133 2342 5190 Bedaa
2374 5137 2540 5208 hujus
2599 5136 2841 5210 Egyptii
2878 5138 3057 5205 locos,
3108 5153 3176 5194 ex
3215 5137 3418 5206 quibus
3469 5150 3566 5190 sua

325 5235 578 5280 astruere
604 5235 836 5280 conatur
863 5233 1057 5278 contra
1106 5241 1205 5280 nos
1254 5236 1581 5294 argumenta
1633 5222 1924 5278 Seldenus.
1959 5221 2027 5276 Et
2063 5236 2123 5276 ut
2158 5240 2246 5279 res
2300 5228 2498 5283 melius
2528 5244 2556 5282 a
2595 5229 2896 5283 lectoribus
2949 5227 3157 5283 nostris
3209 5223 3570 5293 intelligatur,

327 5315 708 5382 praemittenda
743 5323 826 5369 est
858 5311 1109 5382 Eutychii
1148 5314 1378 5367 Arabica
1415 5312 1676 5366 Periocha
1712 5326 1837 5364 cum
1868 5309 2061 5364 Latina
2102 5311 2320 5368 Seldeni
2356 5317 2830 5386 interpretatione,
2862 5333 3025 5386 quam
3064 5326 3251 5369 nostra
3285 5322 3569 5381 sequetur.

331 5399 564 5457 Errores
594 5419 723 5457 vero
749 5411 804 5455 et
836 5400 1082 5462 mendas,
1121 5416 1243 5469 qua:
1272 5401 1336 5454 ad
1375 5400 1548 5470 ipsam
1590 5398 2025 5454 controversiam
2061 5416 2168 5455 non
2202 5405 2476 5472 pertinent
2534 5407 2696 5476 (quas
2762 5406 2947 5474 plures
2979 5413 3036 5457 et
3063 5415 3257 5470 graves
3288 5401 3571 5458 commisit

319 5499 434 5541 tam
465 5491 516 5544 iu
569 5489 846 5554 Periocha,
881 5504 1042 5555 quam
1075 5488 1126 5540 in
1179 5487 1644 5555 Commentariis),
1697 5487 1762 5540 ad
1820 5488 2027 5542 calcem
2071 5489 2276 5560 Operis
2311 5493 2669 5562 castigandus
2720 5507 2840 5546 esse
2872 5489 3241 5551 commodius,
3275 5489 3562 5544 duximus.

318 5575 526 5631 Nostra
555 5587 736 5633 autem
770 5578 914 5632 dicta
949 5591 1058 5630 non
1095 5576 1258 5630 modo
1311 5591 1374 5630 ex
1409 5575 1684 5646 Eutychio
1718 5575 1839 5644 ipso
1870 5585 1924 5629 et
1975 5577 2386 5645 antiquissimis
2444 5582 2708 5636 Ecclesia:
2759 5579 3144 5634 Alexandrinae
3192 5579 3566 5634 monumentis

320 5663 672 5722 ﬁrmabimus
700 5683 716 5733 ;
745 5666 840 5722 sed
872 5665 1040 5722 etiam
1073 5681 1141 5720 ex
1173 5665 1405 5720 aliorum
1439 5659 1808 5719 Orientalium
1842 5661 2181 5718 testimoniis
2203 5673 2260 5718 et
2289 5666 2742 5720 auetoritatilms.
2797 5661 2890 5716 Sic
2918 5662 3064 5716 enim
3109 5661 3270 5717 facile
3304 5659 3568 5714 videbunt

326 5750 654 5823 adversarii,
682 5767 935 5824 quaenam
971 5755 1044 5810 sit
1072 5751 1326 5822 Eutychii
1365 5766 1518 5810 mens
1549 5761 1603 5810 et
1637 5764 1834 5808 sensus
1867 5758 1921 5807 et
1955 5766 2120 5822 quam
2155 5753 2328 5808 mirus
2362 5752 2608 5808 oumium
2640 5750 3017 5808 Orientalium
3053 5751 3126 5808 sit
3161 5763 3492 5808 consensus.
