  <div class='ocr_page' id='page_1' title='image "/cluster/home/n/w/nwhite01/storage/ocr_20150623/111/hvd.32044073502288/489.png"; bbox 0 0 4034 6214; ppageno 0'>
   <div class='ocr_carea' id='block_1_1' title="bbox 509 260 3748 337">
    <p class='ocr_par' dir='ltr' id='par_1_1' title="bbox 509 260 3748 337">
     <span class='ocr_line' id='line_1_1' title="bbox 509 260 3748 337; baseline -0.007 -3"><span class='ocrx_word' id='word_1_1' title='bbox 509 273 615 337; x_wconf 83' lang='grc'><strong>903</strong></span> <span class='ocrx_word' id='word_1_2' title='bbox 1547 267 1909 330; x_wconf 83' lang='lat' dir='ltr'><strong>EUTYCHII</strong></span> <span class='ocrx_word' id='word_1_3' title='bbox 1948 264 2256 324; x_wconf 80' lang='lat' dir='ltr'><strong>ALEXAN</strong></span> <span class='ocrx_word' id='word_1_4' title='bbox 2266 264 2450 323; x_wconf 83' lang='lat' dir='ltr'><strong>DRIN</strong></span> <span class='ocrx_word' id='word_1_5' title='bbox 2465 265 2487 322; x_wconf 85' lang='grc' dir='ltr'>Ι</span> <span class='ocrx_word' id='word_1_6' title='bbox 2529 266 2727 323; x_wconf 77' lang='lat' dir='ltr'><strong>PATR</strong></span> <span class='ocrx_word' id='word_1_7' title='bbox 3226 280 3236 291; x_wconf 64' lang='grc'>⁴</span> <span class='ocrx_word' id='word_1_8' title='bbox 3640 260 3748 324; x_wconf 71' lang='lat' dir='ltr'><strong>9M.</strong></span> 
     </span>
    </p>
   </div>
   <div class='ocr_carea' id='block_1_2' title="bbox 579 372 3752 449">
    <p class='ocr_par' dir='ltr' id='par_1_2' title="bbox 579 372 3752 449">
     <span class='ocr_line' id='line_1_2' title="bbox 579 372 3752 449; baseline -0.003 -14"><span class='ocrx_word' id='word_1_9' title='bbox 579 387 646 435; x_wconf 83' lang='lat' dir='ltr'><strong>At</strong></span> <span class='ocrx_word' id='word_1_10' title='bbox 674 382 862 436; x_wconf 83' lang='lat' dir='ltr'><strong>tstltaec</strong></span> <span class='ocrx_word' id='word_1_11' title='bbox 899 383 1248 437; x_wconf 82' lang='lat' dir='ltr'><strong>meditantem</strong></span> <span class='ocrx_word' id='word_1_12' title='bbox 1284 378 1651 449; x_wconf 71' lang='lat' dir='ltr'><strong>interpellavit</strong></span> <span class='ocrx_word' id='word_1_13' title='bbox 1682 391 1956 432; x_wconf 87' lang='lat' dir='ltr'><strong>nonnemo</strong></span> <span class='ocrx_word' id='word_1_14' title='bbox 1987 376 2177 430; x_wconf 90' lang='lat' dir='ltr'><strong>dicens</strong></span> <span class='ocrx_word' id='word_1_15' title='bbox 2208 391 2222 430; x_wconf 90' lang='lat'><strong>:</strong></span> <span class='ocrx_word' id='word_1_16' title='bbox 2260 372 2787 439; x_wconf 78' lang='lat' dir='ltr'><strong>lleus,-Abrahatnl</strong></span> <span class='ocrx_word' id='word_1_17' title='bbox 2823 375 2887 427; x_wconf 89' lang='lat' dir='ltr'><strong>ad</strong></span> <span class='ocrx_word' id='word_1_18' title='bbox 2925 375 3056 442; x_wconf 86' lang='lat' dir='ltr'><strong>quid</strong></span> <span class='ocrx_word' id='word_1_19' title='bbox 3089 389 3259 429; x_wconf 89' lang='lat' dir='ltr'><strong>vanos</strong></span> <span class='ocrx_word' id='word_1_20' title='bbox 3291 374 3563 443; x_wconf 77' lang='lat' dir='ltr'><strong>impendis</strong></span> <span class='ocrx_word' id='word_1_21' title='bbox 3591 373 3752 426; x_wconf 82' lang='lat' dir='ltr'><strong>labo-</strong></span> 
     </span>
    </p>
   </div>
   <div class='ocr_carea' id='block_1_3' title="bbox 508 461 3748 542">
    <p class='ocr_par' dir='ltr' id='par_1_3' title="bbox 508 461 3748 542">
     <span class='ocr_line' id='line_1_3' title="bbox 508 461 3748 542; baseline -0.002 -21"><span class='ocrx_word' id='word_1_22' title='bbox 508 469 636 522; x_wconf 89' lang='lat' dir='ltr'><strong>res?</strong></span> <span class='ocrx_word' id='word_1_23' title='bbox 672 469 716 522; x_wconf 88' lang='lat' dir='ltr'><strong>si</strong></span> <span class='ocrx_word' id='word_1_24' title='bbox 754 470 982 542; x_wconf 81' lang='lat' dir='ltr'><strong>Moysen</strong></span> <span class='ocrx_word' id='word_1_25' title='bbox 1023 478 1076 523; x_wconf 91' lang='lat' dir='ltr'><strong>et</strong></span> <span class='ocrx_word' id='word_1_26' title='bbox 1116 470 1431 537; x_wconf 84' lang='lat' dir='ltr'><strong>prophetas,</strong></span> <span class='ocrx_word' id='word_1_27' title='bbox 1465 481 1604 535; x_wconf 91' lang='lat' dir='ltr'><strong>quos</strong></span> <span class='ocrx_word' id='word_1_28' title='bbox 1643 466 1865 527; x_wconf 87' lang='lat' dir='ltr'><strong>habent,</strong></span> <span class='ocrx_word' id='word_1_29' title='bbox 1906 478 2009 515; x_wconf 89' lang='lat' dir='ltr'><strong>non</strong></span> <span class='ocrx_word' id='word_1_30' title='bbox 2066 462 2320 523; x_wconf 86' lang='lat' dir='ltr'><strong>audiunt,</strong></span> <span class='ocrx_word' id='word_1_31' title='bbox 2355 472 2608 530; x_wconf 84' lang='lat' dir='ltr'><strong>putasne,</strong></span> <span class='ocrx_word' id='word_1_32' title='bbox 2662 462 2793 516; x_wconf 79' lang='lat' dir='ltr'><strong>illos</strong></span> <span class='ocrx_word' id='word_1_33' title='bbox 2842 462 3148 522; x_wconf 85' lang='lat' dir='ltr'><strong>audituros,</strong></span> <span class='ocrx_word' id='word_1_34' title='bbox 3180 471 3271 515; x_wconf 92' lang='lat' dir='ltr'><strong>aut</strong></span> <span class='ocrx_word' id='word_1_35' title='bbox 3321 463 3648 525; x_wconf 85' lang='lat' dir='ltr'><strong>credituros,</strong></span> <span class='ocrx_word' id='word_1_36' title='bbox 3702 461 3748 514; x_wconf 87' lang='lat' dir='ltr'><strong>si</strong></span> 
     </span>
    </p>
   </div>
   <div class='ocr_carea' id='block_1_4' title="bbox 506 546 3749 619">
    <p class='ocr_par' dir='ltr' id='par_1_4' title="bbox 506 546 3749 619">
     <span class='ocr_line' id='line_1_4' title="bbox 506 546 3749 619; baseline -0.002 -11"><span class='ocrx_word' id='word_1_37' title='bbox 506 564 657 608; x_wconf 91' lang='lat' dir='ltr'><strong>tuum</strong></span> <span class='ocrx_word' id='word_1_38' title='bbox 693 556 908 610; x_wconf 88' lang='lat' dir='ltr'><strong>miseris</strong></span> <span class='ocrx_word' id='word_1_39' title='bbox 946 557 1011 609; x_wconf 87' lang='lat' dir='ltr'><strong>ad</strong></span> <span class='ocrx_word' id='word_1_40' title='bbox 1040 571 1135 609; x_wconf 93' lang='lat' dir='ltr'><strong>eos</strong></span> <span class='ocrx_word' id='word_1_41' title='bbox 1170 554 1500 608; x_wconf 89' lang='lat' dir='ltr'><strong>Orientalem</strong></span> <span class='ocrx_word' id='word_1_42' title='bbox 1534 552 1826 617; x_wconf 82' lang='lat' dir='ltr'><strong>Lazarum,</strong></span> <span class='ocrx_word' id='word_1_43' title='bbox 1861 558 1956 603; x_wconf 88' lang='lat' dir='ltr'><strong>aut</strong></span> <span class='ocrx_word' id='word_1_44' title='bbox 1989 565 2055 604; x_wconf 75' lang='lat' dir='ltr'><strong>ex</strong></span> <span class='ocrx_word' id='word_1_45' title='bbox 2100 550 2207 603; x_wconf 87' lang='lat' dir='ltr'><strong>tuis</strong></span> <span class='ocrx_word' id='word_1_46' title='bbox 2241 551 2472 604; x_wconf 84' lang='lat' dir='ltr'><strong>mortuis</strong></span> <span class='ocrx_word' id='word_1_47' title='bbox 2504 550 2815 619; x_wconf 84' lang='lat' dir='ltr'><strong>quempiam</strong></span> <span class='ocrx_word' id='word_1_48' title='bbox 2860 551 3074 603; x_wconf 89' lang='lat' dir='ltr'><strong>alium?</strong></span> <span class='ocrx_word' id='word_1_49' title='bbox 3117 548 3256 603; x_wconf 84' lang='lat' dir='ltr'><strong>lluic</strong></span> <span class='ocrx_word' id='word_1_50' title='bbox 3286 564 3421 619; x_wconf 87' lang='lat' dir='ltr'><strong>ego:</strong></span> <span class='ocrx_word' id='word_1_51' title='bbox 3454 546 3599 612; x_wconf 83' lang='lat' dir='ltr'><strong>Quid</strong></span> <span class='ocrx_word' id='word_1_52' title='bbox 3633 549 3749 602; x_wconf 90' lang='lat' dir='ltr'><strong>sint</strong></span> 
     </span>
    </p>
   </div>
   <div class='ocr_carea' id='block_1_5' title="bbox 507 635 3752 711">
    <p class='ocr_par' dir='ltr' id='par_1_5' title="bbox 507 635 3752 711">
     <span class='ocr_line' id='line_1_5' title="bbox 507 635 3752 711; baseline -0.002 -17"><span class='ocrx_word' id='word_1_53' title='bbox 507 643 726 704; x_wconf 79' lang='lat' dir='ltr'><strong>facturi,</strong></span> <span class='ocrx_word' id='word_1_54' title='bbox 762 643 960 706; x_wconf 86' lang='lat' dir='ltr'><strong>amice,</strong></span> <span class='ocrx_word' id='word_1_55' title='bbox 1025 657 1249 711; x_wconf 79' lang='lat' dir='ltr'><strong>prorsus</strong></span> <span class='ocrx_word' id='word_1_56' title='bbox 1278 642 1509 711; x_wconf 81' lang='lat' dir='ltr'><strong>ignoro;</strong></span> <span class='ocrx_word' id='word_1_57' title='bbox 1558 649 1614 693; x_wconf 87' lang='lat' dir='ltr'><strong>at</strong></span> <span class='ocrx_word' id='word_1_58' title='bbox 1644 637 1774 707; x_wconf 84' lang='lat' dir='ltr'><strong>quid</strong></span> <span class='ocrx_word' id='word_1_59' title='bbox 1805 653 1936 691; x_wconf 75' lang='lat' dir='ltr'><strong>mea:</strong></span> <span class='ocrx_word' id='word_1_60' title='bbox 1968 636 2245 705; x_wconf 87' lang='lat' dir='ltr'><strong>postulant</strong></span> <span class='ocrx_word' id='word_1_61' title='bbox 2278 648 2483 704; x_wconf 87' lang='lat' dir='ltr'><strong>partes,</strong></span> <span class='ocrx_word' id='word_1_62' title='bbox 2516 638 2689 693; x_wconf 83' lang='lat' dir='ltr'><strong>habeo</strong></span> <span class='ocrx_word' id='word_1_63' title='bbox 2721 655 2788 692; x_wconf 85' lang='lat' dir='ltr'><strong>ex</strong></span> <span class='ocrx_word' id='word_1_64' title='bbox 2819 638 2882 690; x_wconf 89' lang='lat' dir='ltr'><strong>D.</strong></span> <span class='ocrx_word' id='word_1_65' title='bbox 2916 636 3118 692; x_wconf 87' lang='lat' dir='ltr'><strong>Jacobo</strong></span> <span class='ocrx_word' id='word_1_66' title='bbox 3149 638 3286 707; x_wconf 74' lang='lat' dir='ltr'><strong>Syro</strong></span> <span class='ocrx_word' id='word_1_67' title='bbox 3316 641 3368 690; x_wconf 91' lang='lat' dir='ltr'><strong>iu</strong></span> <span class='ocrx_word' id='word_1_68' title='bbox 3402 638 3644 690; x_wconf 86' lang='lat' dir='ltr'><strong>carmine</strong></span> <span class='ocrx_word' id='word_1_69' title='bbox 3683 635 3752 690; x_wconf 89' lang='lat' dir='ltr'><strong>de</strong></span> 
     </span>
    </p>
   </div>
   <div class='ocr_carea' id='block_1_6' title="bbox 509 716 3751 797">
    <p class='ocr_par' dir='ltr' id='par_1_6' title="bbox 509 716 3751 797">
     <span class='ocr_line' id='line_1_6' title="bbox 509 716 3751 797; baseline -0.002 -17"><span class='ocrx_word' id='word_1_70' title='bbox 509 744 697 782; x_wconf 86' lang='lat' dir='ltr'><strong>amore</strong></span> <span class='ocrx_word' id='word_1_71' title='bbox 729 737 782 783; x_wconf 89' lang='lat' dir='ltr'><strong>et</strong></span> <span class='ocrx_word' id='word_1_72' title='bbox 819 728 1005 782; x_wconf 80' lang='lat' dir='ltr'><strong>studio</strong></span> <span class='ocrx_word' id='word_1_73' title='bbox 1039 729 1283 782; x_wconf 81' lang='lat' dir='ltr'><strong>veritatis</strong></span> <span class='ocrx_word' id='word_1_74' title='bbox 1318 728 1392 781; x_wconf 87' lang='lat' dir='ltr'><strong>ita</strong></span> <span class='ocrx_word' id='word_1_75' title='bbox 1434 716 1752 782; x_wconf 88' lang='lat' dir='ltr'><strong>scribente:</strong></span> <span class='ocrx_word' id='word_1_76' title='bbox 1784 723 2039 793; x_wconf 80' lang='lat' dir='ltr'><strong>Loquere,</strong></span> <span class='ocrx_word' id='word_1_77' title='bbox 2069 724 2279 794; x_wconf 83' lang='lat' dir='ltr'><strong>loquere</strong></span> <span class='ocrx_word' id='word_1_78' title='bbox 2312 736 2390 789; x_wconf 79' lang='lat' dir='ltr'><strong>tu,</strong></span> <span class='ocrx_word' id='word_1_79' title='bbox 2432 726 2514 779; x_wconf 82' lang='lat' dir='ltr'><strong>cui</strong></span> <span class='ocrx_word' id='word_1_80' title='bbox 2549 726 2863 797; x_wconf 83' lang='lat' dir='ltr'><strong>loquendum</strong></span> <span class='ocrx_word' id='word_1_81' title='bbox 2902 734 2998 789; x_wconf 71' lang='lat' dir='ltr'><strong>est,</strong></span> <span class='ocrx_word' id='word_1_82' title='bbox 3025 725 3247 777; x_wconf 86' lang='lat' dir='ltr'><strong>audiant</strong></span> <span class='ocrx_word' id='word_1_83' title='bbox 3279 737 3348 784; x_wconf 86' lang='lat' dir='ltr'><strong>te.</strong></span> <span class='ocrx_word' id='word_1_84' title='bbox 3385 724 3463 777; x_wconf 81' lang='lat' dir='ltr'><strong>cel</strong></span> <span class='ocrx_word' id='word_1_85' title='bbox 3506 740 3607 777; x_wconf 84' lang='lat' dir='ltr'><strong>non</strong></span> <span class='ocrx_word' id='word_1_86' title='bbox 3644 740 3751 776; x_wconf 85' lang='lat' dir='ltr'><strong>au-</strong></span> 
     </span>
    </p>
   </div>
   <div class='ocr_carea' id='block_1_7' title="bbox 504 811 3752 884">
    <p class='ocr_par' dir='ltr' id='par_1_7' title="bbox 504 811 3752 884">
     <span class='ocr_line' id='line_1_7' title="bbox 504 811 3752 884; baseline -0.001 -19"><span class='ocrx_word' id='word_1_87' title='bbox 504 817 677 878; x_wconf 78' lang='lat' dir='ltr'><strong>diunt,</strong></span> <span class='ocrx_word' id='word_1_88' title='bbox 722 832 785 868; x_wconf 87' lang='lat' dir='ltr'><strong>ne</strong></span> <span class='ocrx_word' id='word_1_89' title='bbox 817 831 985 870; x_wconf 69' lang='lat' dir='ltr'><strong>cesses</strong></span> <span class='ocrx_word' id='word_1_90' title='bbox 1022 815 1187 884; x_wconf 87' lang='lat' dir='ltr'><strong>loqui.</strong></span> <span class='ocrx_word' id='word_1_91' title='bbox 1219 815 1459 883; x_wconf 58' lang='lat' dir='ltr'><strong>[Equum</strong></span> <span class='ocrx_word' id='word_1_92' title='bbox 1519 823 1721 875; x_wconf 90' lang='lat' dir='ltr'><strong>tamen,</strong></span> <span class='ocrx_word' id='word_1_93' title='bbox 1758 828 1822 865; x_wconf 91' lang='lat' dir='ltr'><strong>ac</strong></span> <span class='ocrx_word' id='word_1_94' title='bbox 1854 827 1952 881; x_wconf 88' lang='lat' dir='ltr'><strong>par</strong></span> <span class='ocrx_word' id='word_1_95' title='bbox 1980 817 2062 865; x_wconf 86' lang='lat' dir='ltr'><strong>est</strong></span> <span class='ocrx_word' id='word_1_96' title='bbox 2095 813 2338 877; x_wconf 81' lang='lat' dir='ltr'><strong>credere,</strong></span> <span class='ocrx_word' id='word_1_97' title='bbox 2387 829 2481 867; x_wconf 77' lang='lat' dir='ltr'><strong>eos</strong></span> <span class='ocrx_word' id='word_1_98' title='bbox 2511 814 2820 876; x_wconf 90' lang='lat' dir='ltr'><strong>audituros,</strong></span> <span class='ocrx_word' id='word_1_99' title='bbox 2867 827 3229 882; x_wconf 86' lang='lat' dir='ltr'><strong>cessurosque</strong></span> <span class='ocrx_word' id='word_1_100' title='bbox 3258 811 3475 873; x_wconf 86' lang='lat' dir='ltr'><strong>illorum</strong></span> <span class='ocrx_word' id='word_1_101' title='bbox 3507 811 3752 865; x_wconf 84' lang='lat' dir='ltr'><strong>auctori-</strong></span> 
     </span>
    </p>
   </div>
   <div class='ocr_carea' id='block_1_8' title="bbox 506 901 3105 974">
    <p class='ocr_par' dir='ltr' id='par_1_8' title="bbox 506 901 3105 974">
     <span class='ocr_line' id='line_1_8' title="bbox 506 901 3105 974; baseline 0.002 -20"><span class='ocrx_word' id='word_1_102' title='bbox 506 906 620 969; x_wconf 79' lang='lat' dir='ltr'><strong>tali,</strong></span> <span class='ocrx_word' id='word_1_103' title='bbox 654 905 717 956; x_wconf 89' lang='lat' dir='ltr'><strong>ad</strong></span> <span class='ocrx_word' id='word_1_104' title='bbox 752 920 890 973; x_wconf 89' lang='lat' dir='ltr'><strong>quos</strong></span> <span class='ocrx_word' id='word_1_105' title='bbox 922 912 1318 971; x_wconf 84' lang='lat' dir='ltr'><strong>provocarunt.</strong></span> <span class='ocrx_word' id='word_1_106' title='bbox 1359 901 1725 967; x_wconf 84' lang='lat' dir='ltr'><strong>Quamobrem</strong></span> <span class='ocrx_word' id='word_1_107' title='bbox 1761 908 1947 953; x_wconf 90' lang='lat' dir='ltr'><strong>votum</strong></span> <span class='ocrx_word' id='word_1_108' title='bbox 1981 903 2245 958; x_wconf 84' lang='lat' dir='ltr'><strong>secundet</strong></span> <span class='ocrx_word' id='word_1_109' title='bbox 2277 904 2369 971; x_wconf 87' lang='lat' dir='ltr'><strong>qui</strong></span> <span class='ocrx_word' id='word_1_110' title='bbox 2405 913 2584 974; x_wconf 86' lang='lat' dir='ltr'><strong>potest</strong></span> <span class='ocrx_word' id='word_1_111' title='bbox 2617 912 2901 970; x_wconf 90' lang='lat' dir='ltr'><strong>nostrum,</strong></span> <span class='ocrx_word' id='word_1_112' title='bbox 2939 903 3105 960; x_wconf 86' lang='lat' dir='ltr'><strong>Deus.</strong></span> 
     </span>
    </p>
   </div>
   <div class='ocr_carea' id='block_1_9' title="bbox 1395 1148 2893 1226">
    <p class='ocr_par' dir='ltr' id='par_1_9' title="bbox 1395 1148 2893 1226">
     <span class='ocr_line' id='line_1_9' title="bbox 1395 1148 2893 1226; baseline 0.005 -15"><span class='ocrx_word' id='word_1_113' title='bbox 1395 1151 1814 1213; x_wconf 74' lang='lat' dir='ltr'><strong>EUTYCIIII</strong></span> <span class='ocrx_word' id='word_1_114' title='bbox 1850 1148 2438 1226; x_wconf 60' lang='lat' dir='ltr'><strong>PATRIARCHzE</strong></span> <span class='ocrx_word' id='word_1_115' title='bbox 2461 1151 2893 1218; x_wconf 82' lang='lat' dir='ltr'><strong>PERIOCHA</strong></span> 
     </span>
    </p>
   </div>
   <div class='ocr_carea' id='block_1_10' title="bbox 954 1361 3417 1424">
    <p class='ocr_par' dir='ltr' id='par_1_10' title="bbox 954 1361 3417 1424">
     <span class='ocr_line' id='line_1_10' title="bbox 954 1361 3417 1424; baseline 0.001 -6"><span class='ocrx_word' id='word_1_116' title='bbox 954 1364 1086 1421; x_wconf 83' lang='lat' dir='ltr'><strong>Cum</strong></span> <span class='ocrx_word' id='word_1_117' title='bbox 1121 1363 1356 1418; x_wconf 77' lang='lat' dir='ltr'><strong>versione</strong></span> <span class='ocrx_word' id='word_1_118' title='bbox 1388 1362 1622 1419; x_wconf 85' lang='lat' dir='ltr'><strong>Seldeni.</strong></span> <span class='ocrx_word' id='word_1_119' title='bbox 2103 1367 2148 1421; x_wconf 84' lang='lat' dir='ltr'><strong>A</strong></span> <span class='ocrx_word' id='word_1_120' title='bbox 2488 1361 2622 1416; x_wconf 80' lang='lat' dir='ltr'><strong>Cum</strong></span> <span class='ocrx_word' id='word_1_121' title='bbox 2659 1366 2897 1420; x_wconf 73' lang='lat' dir='ltr'><strong>versione</strong></span> <span class='ocrx_word' id='word_1_122' title='bbox 2925 1380 3059 1419; x_wconf 82' lang='lat' dir='ltr'><strong>nova</strong></span> <span class='ocrx_word' id='word_1_123' title='bbox 3091 1366 3159 1419; x_wconf 86' lang='lat' dir='ltr'><strong>ad</strong></span> <span class='ocrx_word' id='word_1_124' title='bbox 3184 1366 3417 1424; x_wconf 70' lang='lat' dir='ltr'><strong>verbum.</strong></span> 
     </span>
    </p>
   </div>
   <div class='ocr_carea' id='block_1_11' title="bbox 574 1477 2072 1550">
    <p class='ocr_par' dir='ltr' id='par_1_11' title="bbox 574 1477 2072 1550">
     <span class='ocr_line' id='line_1_11' title="bbox 574 1477 2072 1550; baseline -0.007 -13"><span class='ocrx_word' id='word_1_125' title='bbox 574 1483 769 1537; x_wconf 82' lang='lat' dir='ltr'><strong>Annus</strong></span> <span class='ocrx_word' id='word_1_126' title='bbox 829 1479 1091 1550; x_wconf 79' lang='lat' dir='ltr'><strong>agebatur</strong></span> <span class='ocrx_word' id='word_1_127' title='bbox 1137 1478 1353 1534; x_wconf 87' lang='lat' dir='ltr'><strong>Claudii</strong></span> <span class='ocrx_word' id='word_1_128' title='bbox 1402 1477 1641 1533; x_wconf 83' lang='lat' dir='ltr'><strong>Caesaris</strong></span> <span class='ocrx_word' id='word_1_129' title='bbox 1693 1490 1893 1539; x_wconf 88' lang='lat' dir='ltr'><strong>nonus,</strong></span> <span class='ocrx_word' id='word_1_130' title='bbox 1950 1490 2072 1528; x_wconf 92' lang='lat' dir='ltr'><strong>cum</strong></span> 
     </span>
    </p>
   </div>
   <div class='ocr_carea' id='block_1_12' title="bbox 504 1566 2074 1641">
    <p class='ocr_par' dir='ltr' id='par_1_12' title="bbox 504 1566 2074 1641">
     <span class='ocr_line' id='line_1_12' title="bbox 504 1566 2074 1641; baseline -0.006 -15"><span class='ocrx_word' id='word_1_131' title='bbox 504 1572 721 1631; x_wconf 78' lang='lat' dir='ltr'><strong>Marcus</strong></span> <span class='ocrx_word' id='word_1_132' title='bbox 753 1572 1088 1641; x_wconf 88' lang='lat' dir='ltr'><strong>evangelista</strong></span> <span class='ocrx_word' id='word_1_133' title='bbox 1142 1573 1196 1624; x_wconf 90' lang='lat' dir='ltr'><strong>in</strong></span> <span class='ocrx_word' id='word_1_134' title='bbox 1241 1569 1379 1623; x_wconf 85' lang='lat' dir='ltr'><strong>urbe</strong></span> <span class='ocrx_word' id='word_1_135' title='bbox 1417 1575 1667 1621; x_wconf 80' lang='lat' dir='ltr'><strong>versatus</strong></span> <span class='ocrx_word' id='word_1_136' title='bbox 1709 1576 1792 1619; x_wconf 89' lang='lat' dir='ltr'><strong>est</strong></span> <span class='ocrx_word' id='word_1_137' title='bbox 1836 1566 2074 1618; x_wconf 84' lang='lat' dir='ltr'><strong>Alexan-</strong></span> 
     </span>
    </p>
   </div>
   <div class='ocr_carea' id='block_1_13' title="bbox 501 1660 2075 1735">
    <p class='ocr_par' dir='ltr' id='par_1_13' title="bbox 501 1660 2075 1735">
     <span class='ocr_line' id='line_1_13' title="bbox 501 1660 2075 1735; baseline -0.005 -13"><span class='ocrx_word' id='word_1_138' title='bbox 501 1669 654 1730; x_wconf 67' lang='lat' dir='ltr'><strong>driae,</strong></span> <span class='ocrx_word' id='word_1_139' title='bbox 688 1675 744 1721; x_wconf 89' lang='lat' dir='ltr'><strong>ut</strong></span> <span class='ocrx_word' id='word_1_140' title='bbox 775 1666 901 1721; x_wconf 89' lang='lat' dir='ltr'><strong>inde</strong></span> <span class='ocrx_word' id='word_1_141' title='bbox 940 1673 1338 1735; x_wconf 83' lang='lat' dir='ltr'><strong>prepagaretur</strong></span> <span class='ocrx_word' id='word_1_142' title='bbox 1368 1665 1508 1733; x_wconf 81' lang='lat' dir='ltr'><strong>apud</strong></span> <span class='ocrx_word' id='word_1_143' title='bbox 1551 1662 1803 1715; x_wconf 87' lang='lat' dir='ltr'><strong>homines</strong></span> <span class='ocrx_word' id='word_1_144' title='bbox 1831 1660 1966 1713; x_wconf 82' lang='lat' dir='ltr'><strong>ﬁdes</strong></span> <span class='ocrx_word' id='word_1_145' title='bbox 2021 1661 2075 1715; x_wconf 89' lang='lat' dir='ltr'><strong>in</strong></span> 
     </span>
    </p>
   </div>
   <div class='ocr_carea' id='block_1_14' title="bbox 503 1752 2073 1820">
    <p class='ocr_par' dir='ltr' id='par_1_14' title="bbox 503 1752 2073 1820">
     <span class='ocr_line' id='line_1_14' title="bbox 503 1752 2073 1820; baseline -0.008 -6"><span class='ocrx_word' id='word_1_146' title='bbox 503 1760 724 1815; x_wconf 86' lang='lat' dir='ltr'><strong>Christo</strong></span> <span class='ocrx_word' id='word_1_147' title='bbox 779 1758 1011 1811; x_wconf 89' lang='lat' dir='ltr'><strong>Domino</strong></span> <span class='ocrx_word' id='word_1_148' title='bbox 1046 1765 1260 1809; x_wconf 90' lang='lat' dir='ltr'><strong>nostro.</strong></span> <span class='ocrx_word' id='word_1_149' title='bbox 1319 1754 1453 1806; x_wconf 88' lang='lat' dir='ltr'><strong>Dum</strong></span> <span class='ocrx_word' id='word_1_150' title='bbox 1507 1763 1687 1805; x_wconf 86' lang='lat' dir='ltr'><strong>autem</strong></span> <span class='ocrx_word' id='word_1_151' title='bbox 1741 1766 1838 1820; x_wconf 90' lang='lat' dir='ltr'><strong>per</strong></span> <span class='ocrx_word' id='word_1_152' title='bbox 1886 1752 2073 1804; x_wconf 89' lang='lat' dir='ltr'><strong>urbem</strong></span> 
     </span>
    </p>
   </div>
   <div class='ocr_carea' id='block_1_15' title="bbox 507 1844 2077 1918">
    <p class='ocr_par' dir='ltr' id='par_1_15' title="bbox 507 1844 2077 1918">
     <span class='ocr_line' id='line_1_15' title="bbox 507 1844 2077 1918; baseline -0.006 -11"><span class='ocrx_word' id='word_1_153' title='bbox 507 1852 737 1915; x_wconf 88' lang='lat' dir='ltr'><strong>incedit,</strong></span> <span class='ocrx_word' id='word_1_154' title='bbox 772 1849 1111 1918; x_wconf 77' lang='lat' dir='ltr'><strong>diﬂ‘ringitur</strong></span> <span class='ocrx_word' id='word_1_155' title='bbox 1140 1846 1309 1901; x_wconf 91' lang='lat' dir='ltr'><strong>calcei</strong></span> <span class='ocrx_word' id='word_1_156' title='bbox 1337 1845 1456 1915; x_wconf 85' lang='lat' dir='ltr'><strong>ejus</strong></span> <span class='ocrx_word' id='word_1_157' title='bbox 1486 1844 1729 1913; x_wconf 84' lang='lat' dir='ltr'><strong>corrigia</strong></span> <span class='ocrx_word' id='word_1_158' title='bbox 1760 1861 1775 1898; x_wconf 92' lang='lat'><strong>:</strong></span> <span class='ocrx_word' id='word_1_159' title='bbox 1810 1858 1975 1913; x_wconf 84' lang='lat' dir='ltr'><strong>quem</strong></span> <span class='ocrx_word' id='word_1_160' title='bbox 2017 1852 2077 1897; x_wconf 89' lang='lat' dir='ltr'><strong>ut</strong></span> 
     </span>
    </p>
   </div>
   <div class='ocr_carea' id='block_1_16' title="bbox 505 1934 2080 2005">
    <p class='ocr_par' dir='ltr' id='par_1_16' title="bbox 505 1934 2080 2005">
     <span class='ocr_line' id='line_1_16' title="bbox 505 1934 2080 2005; baseline -0.006 -9"><span class='ocrx_word' id='word_1_161' title='bbox 505 1943 777 2005; x_wconf 77' lang='lat' dir='ltr'><strong>reticeret,</strong></span> <span class='ocrx_word' id='word_1_162' title='bbox 826 1940 891 1993; x_wconf 89' lang='lat' dir='ltr'><strong>ad</strong></span> <span class='ocrx_word' id='word_1_163' title='bbox 944 1951 1188 1994; x_wconf 84' lang='lat' dir='ltr'><strong>sutorem</strong></span> <span class='ocrx_word' id='word_1_164' title='bbox 1243 1952 1303 1991; x_wconf 91' lang='lat' dir='ltr'><strong>se</strong></span> <span class='ocrx_word' id='word_1_165' title='bbox 1352 1937 1587 1990; x_wconf 88' lang='lat' dir='ltr'><strong>contulit</strong></span> <span class='ocrx_word' id='word_1_166' title='bbox 1632 1937 1857 1992; x_wconf 89' lang='lat' dir='ltr'><strong>nomine</strong></span> <span class='ocrx_word' id='word_1_167' title='bbox 1899 1934 2080 1991; x_wconf 84' lang='lat' dir='ltr'><strong>llana-</strong></span> 
     </span>
    </p>
   </div>
   <div class='ocr_carea' id='block_1_17' title="bbox 501 2026 2075 2101">
    <p class='ocr_par' dir='ltr' id='par_1_17' title="bbox 501 2026 2075 2101">
     <span class='ocr_line' id='line_1_17' title="bbox 501 2026 2075 2101; baseline -0.006 -15"><span class='ocrx_word' id='word_1_168' title='bbox 501 2033 671 2095; x_wconf 84' lang='lat' dir='ltr'><strong>niam,</strong></span> <span class='ocrx_word' id='word_1_169' title='bbox 709 2032 802 2101; x_wconf 88' lang='lat' dir='ltr'><strong>qtti</strong></span> <span class='ocrx_word' id='word_1_170' title='bbox 838 2030 1035 2085; x_wconf 89' lang='lat' dir='ltr'><strong>subula</strong></span> <span class='ocrx_word' id='word_1_171' title='bbox 1066 2029 1130 2082; x_wconf 89' lang='lat' dir='ltr'><strong>ad</strong></span> <span class='ocrx_word' id='word_1_172' title='bbox 1163 2026 1549 2096; x_wconf 81' lang='lat' dir='ltr'><strong>perforandum</strong></span> <span class='ocrx_word' id='word_1_173' title='bbox 1569 2027 1813 2081; x_wconf 88' lang='lat' dir='ltr'><strong>calceum</strong></span> <span class='ocrx_word' id='word_1_174' title='bbox 1839 2036 2075 2094; x_wconf 83' lang='lat' dir='ltr'><strong>sumpta,</strong></span> 
     </span>
    </p>
   </div>
   <div class='ocr_carea' id='block_1_18' title="bbox 502 2117 2078 2191">
    <p class='ocr_par' dir='ltr' id='par_1_18' title="bbox 502 2117 2078 2191">
     <span class='ocr_line' id='line_1_18' title="bbox 502 2117 2078 2191; baseline -0.004 -14"><span class='ocrx_word' id='word_1_175' title='bbox 502 2123 734 2191; x_wconf 83' lang='lat' dir='ltr'><strong>digitum</strong></span> <span class='ocrx_word' id='word_1_176' title='bbox 774 2136 932 2175; x_wconf 92' lang='lat' dir='ltr'><strong>suum</strong></span> <span class='ocrx_word' id='word_1_177' title='bbox 981 2119 1306 2189; x_wconf 79' lang='lat' dir='ltr'><strong>perforavit,</strong></span> <span class='ocrx_word' id='word_1_178' title='bbox 1350 2121 1487 2171; x_wconf 89' lang='lat' dir='ltr'><strong>adeo</strong></span> <span class='ocrx_word' id='word_1_179' title='bbox 1529 2126 1586 2170; x_wconf 89' lang='lat' dir='ltr'><strong>ut</strong></span> <span class='ocrx_word' id='word_1_180' title='bbox 1626 2118 1853 2170; x_wconf 90' lang='lat' dir='ltr'><strong>multum</strong></span> <span class='ocrx_word' id='word_1_181' title='bbox 1894 2117 2078 2171; x_wconf 81' lang='lat' dir='ltr'><strong>etilue-</strong></span> 
     </span>
    </p>
   </div>
   <div class='ocr_carea' id='block_1_19' title="bbox 503 2208 2075 2281">
    <p class='ocr_par' dir='ltr' id='par_1_19' title="bbox 503 2208 2075 2281">
     <span class='ocr_line' id='line_1_19' title="bbox 503 2208 2075 2281; baseline -0.002 -16"><span class='ocrx_word' id='word_1_182' title='bbox 503 2223 583 2266; x_wconf 91' lang='lat' dir='ltr'><strong>ret</strong></span> <span class='ocrx_word' id='word_1_183' title='bbox 626 2214 929 2281; x_wconf 76' lang='lat' dir='ltr'><strong>sanguinis,</strong></span> <span class='ocrx_word' id='word_1_184' title='bbox 982 2226 1083 2264; x_wconf 89' lang='lat' dir='ltr'><strong>nec</strong></span> <span class='ocrx_word' id='word_1_185' title='bbox 1123 2211 1243 2266; x_wconf 86' lang='lat' dir='ltr'><strong>sine</strong></span> <span class='ocrx_word' id='word_1_186' title='bbox 1304 2210 1491 2263; x_wconf 89' lang='lat' dir='ltr'><strong>dolore</strong></span> <span class='ocrx_word' id='word_1_187' title='bbox 1540 2208 1769 2276; x_wconf 81' lang='lat' dir='ltr'><strong>ingenti.</strong></span> <span class='ocrx_word' id='word_1_188' title='bbox 1813 2208 2075 2262; x_wconf 87' lang='lat' dir='ltr'><strong>Sttbtnur-</strong></span> 
     </span>
    </p>
   </div>
   <div class='ocr_carea' id='block_1_20' title="bbox 505 2297 2078 2372">
    <p class='ocr_par' dir='ltr' id='par_1_20' title="bbox 505 2297 2078 2372">
     <span class='ocr_line' id='line_1_20' title="bbox 505 2297 2078 2372; baseline -0.003 -16"><span class='ocrx_word' id='word_1_189' title='bbox 505 2304 744 2357; x_wconf 89' lang='lat' dir='ltr'><strong>murattti</strong></span> <span class='ocrx_word' id='word_1_190' title='bbox 779 2304 945 2372; x_wconf 82' lang='lat' dir='ltr'><strong>igitur</strong></span> <span class='ocrx_word' id='word_1_191' title='bbox 993 2303 1047 2355; x_wconf 92' lang='lat' dir='ltr'><strong>in</strong></span> <span class='ocrx_word' id='word_1_192' title='bbox 1084 2300 1327 2354; x_wconf 80' lang='lat' dir='ltr'><strong>Marcum</strong></span> <span class='ocrx_word' id='word_1_193' title='bbox 1351 2339 1364 2361; x_wconf 91' lang='lat'><strong>,</strong></span> <span class='ocrx_word' id='word_1_194' title='bbox 1401 2298 1540 2353; x_wconf 79' lang='lat' dir='ltr'><strong>dixit</strong></span> <span class='ocrx_word' id='word_1_195' title='bbox 1575 2299 1621 2352; x_wconf 88' lang='lat' dir='ltr'><strong>ei</strong></span> <span class='ocrx_word' id='word_1_196' title='bbox 1654 2299 1764 2360; x_wconf 87' lang='lat' dir='ltr'><strong>ille,</strong></span> <span class='ocrx_word' id='word_1_197' title='bbox 1805 2297 1860 2351; x_wconf 88' lang='lat' dir='ltr'><strong>Si</strong></span> <span class='ocrx_word' id='word_1_198' title='bbox 1898 2300 2078 2353; x_wconf 89' lang='lat' dir='ltr'><strong>credi-</strong></span> 
     </span>
    </p>
   </div>
   <div class='ocr_carea' id='block_1_21' title="bbox 500 2388 2075 2461">
    <p class='ocr_par' dir='ltr' id='par_1_21' title="bbox 500 2388 2075 2461">
     <span class='ocr_line' id='line_1_21' title="bbox 500 2388 2075 2461; baseline -0.001 -13"><span class='ocrx_word' id='word_1_199' title='bbox 500 2395 645 2449; x_wconf 90' lang='lat' dir='ltr'><strong>deris</strong></span> <span class='ocrx_word' id='word_1_200' title='bbox 670 2396 723 2448; x_wconf 89' lang='lat' dir='ltr'><strong>itt</strong></span> <span class='ocrx_word' id='word_1_201' title='bbox 757 2394 943 2449; x_wconf 85' lang='lat' dir='ltr'><strong>Jesum</strong></span> <span class='ocrx_word' id='word_1_202' title='bbox 980 2392 1261 2447; x_wconf 88' lang='lat' dir='ltr'><strong>Christum</strong></span> <span class='ocrx_word' id='word_1_203' title='bbox 1302 2389 1497 2444; x_wconf 81' lang='lat' dir='ltr'><strong>Filium</strong></span> <span class='ocrx_word' id='word_1_204' title='bbox 1548 2388 1639 2443; x_wconf 86' lang='lat' dir='ltr'><strong>Dei</strong></span> <span class='ocrx_word' id='word_1_205' title='bbox 1670 2430 1683 2454; x_wconf 94' lang='lat'><strong>,</strong></span> <span class='ocrx_word' id='word_1_206' title='bbox 1720 2391 1922 2461; x_wconf 82' lang='lat' dir='ltr'><strong>digitus</strong></span> <span class='ocrx_word' id='word_1_207' title='bbox 1952 2400 2075 2447; x_wconf 89' lang='lat' dir='ltr'><strong>tuus</strong></span> 
     </span>
    </p>
   </div>
   <div class='ocr_carea' id='block_1_22' title="bbox 500 2481 2075 2551">
    <p class='ocr_par' dir='ltr' id='par_1_22' title="bbox 500 2481 2075 2551">
     <span class='ocr_line' id='line_1_22' title="bbox 500 2481 2075 2551; baseline -0.003 -12"><span class='ocrx_word' id='word_1_208' title='bbox 500 2487 810 2539; x_wconf 81' lang='lat' dir='ltr'><strong>sanabitur.</strong></span> <span class='ocrx_word' id='word_1_209' title='bbox 860 2483 1139 2539; x_wconf 88' lang='lat' dir='ltr'><strong>Prehenso</strong></span> <span class='ocrx_word' id='word_1_210' title='bbox 1183 2481 1354 2551; x_wconf 85' lang='lat' dir='ltr'><strong>igitur</strong></span> <span class='ocrx_word' id='word_1_211' title='bbox 1384 2481 1561 2547; x_wconf 85' lang='lat' dir='ltr'><strong>digito</strong></span> <span class='ocrx_word' id='word_1_212' title='bbox 1626 2482 1745 2548; x_wconf 87' lang='lat' dir='ltr'><strong>ejus</strong></span> <span class='ocrx_word' id='word_1_213' title='bbox 1792 2482 1975 2536; x_wconf 84' lang='lat' dir='ltr'><strong>dixit:</strong></span> <span class='ocrx_word' id='word_1_214' title='bbox 2018 2484 2075 2535; x_wconf 91' lang='lat' dir='ltr'><strong>In</strong></span> 
     </span>
    </p>
   </div>
   <div class='ocr_carea' id='block_1_23' title="bbox 504 2573 2076 2641">
    <p class='ocr_par' dir='ltr' id='par_1_23' title="bbox 504 2573 2076 2641">
     <span class='ocr_line' id='line_1_23' title="bbox 504 2573 2076 2641; baseline -0.004 -11"><span class='ocrx_word' id='word_1_215' title='bbox 504 2578 722 2630; x_wconf 89' lang='lat' dir='ltr'><strong>nomine</strong></span> <span class='ocrx_word' id='word_1_216' title='bbox 748 2575 877 2630; x_wconf 86' lang='lat' dir='ltr'><strong>.lcsu</strong></span> <span class='ocrx_word' id='word_1_217' title='bbox 901 2574 1107 2628; x_wconf 85' lang='lat' dir='ltr'><strong>Christi</strong></span> <span class='ocrx_word' id='word_1_218' title='bbox 1134 2588 1300 2626; x_wconf 87' lang='lat' dir='ltr'><strong>sanus</strong></span> <span class='ocrx_word' id='word_1_219' title='bbox 1329 2574 1401 2627; x_wconf 91' lang='lat' dir='ltr'><strong>sit</strong></span> <span class='ocrx_word' id='word_1_220' title='bbox 1432 2573 1633 2641; x_wconf 80' lang='lat' dir='ltr'><strong>digitus</strong></span> <span class='ocrx_word' id='word_1_221' title='bbox 1661 2574 1823 2635; x_wconf 86' lang='lat' dir='ltr'><strong>tuus;</strong></span> <span class='ocrx_word' id='word_1_222' title='bbox 1857 2575 1947 2639; x_wconf 90' lang='lat' dir='ltr'><strong>qui</strong></span> <span class='ocrx_word' id='word_1_223' title='bbox 1977 2587 2076 2625; x_wconf 86' lang='lat' dir='ltr'><strong>e0-</strong></span> 
     </span>
    </p>
   </div>
   <div class='ocr_carea' id='block_1_24' title="bbox 503 2663 2076 2726">
    <p class='ocr_par' dir='ltr' id='par_1_24' title="bbox 503 2663 2076 2726">
     <span class='ocr_line' id='line_1_24' title="bbox 503 2663 2076 2726; baseline -0.003 -5"><span class='ocrx_word' id='word_1_224' title='bbox 503 2667 623 2722; x_wconf 89' lang='lat' dir='ltr'><strong>dem</strong></span> <span class='ocrx_word' id='word_1_225' title='bbox 677 2674 955 2720; x_wconf 88' lang='lat' dir='ltr'><strong>momento</strong></span> <span class='ocrx_word' id='word_1_226' title='bbox 998 2665 1052 2718; x_wconf 94' lang='lat' dir='ltr'><strong>in</strong></span> <span class='ocrx_word' id='word_1_227' title='bbox 1113 2664 1411 2719; x_wconf 86' lang='lat' dir='ltr'><strong>sanitatem</strong></span> <span class='ocrx_word' id='word_1_228' title='bbox 1456 2663 1753 2717; x_wconf 80' lang='lat' dir='ltr'><strong>reSIittttus</strong></span> <span class='ocrx_word' id='word_1_229' title='bbox 1797 2673 1906 2726; x_wconf 90' lang='lat' dir='ltr'><strong>est,</strong></span> <span class='ocrx_word' id='word_1_230' title='bbox 1953 2680 2076 2717; x_wconf 89' lang='lat' dir='ltr'><strong>san-</strong></span> 
     </span>
    </p>
   </div>
   <div class='ocr_carea' id='block_1_25' title="bbox 504 2754 2076 2827">
    <p class='ocr_par' dir='ltr' id='par_1_25' title="bbox 504 2754 2076 2827">
     <span class='ocr_line' id='line_1_25' title="bbox 504 2754 2076 2827; baseline -0.001 -16"><span class='ocrx_word' id='word_1_231' title='bbox 504 2760 667 2827; x_wconf 83' lang='lat' dir='ltr'><strong>guine</strong></span> <span class='ocrx_word' id='word_1_232' title='bbox 721 2757 957 2825; x_wconf 88' lang='lat' dir='ltr'><strong>amplius</strong></span> <span class='ocrx_word' id='word_1_233' title='bbox 1007 2771 1115 2809; x_wconf 91' lang='lat' dir='ltr'><strong>non</strong></span> <span class='ocrx_word' id='word_1_234' title='bbox 1164 2754 1440 2815; x_wconf 73' lang='lat' dir='ltr'><strong>eminente.</strong></span> <span class='ocrx_word' id='word_1_235' title='bbox 1490 2756 1558 2810; x_wconf 85' lang='lat' dir='ltr'><strong>Et</strong></span> <span class='ocrx_word' id='word_1_236' title='bbox 1615 2756 1848 2809; x_wconf 87' lang='lat' dir='ltr'><strong>credidit</strong></span> <span class='ocrx_word' id='word_1_237' title='bbox 1900 2757 1968 2811; x_wconf 89' lang='lat' dir='ltr'><strong>ab</strong></span> <span class='ocrx_word' id='word_1_238' title='bbox 2012 2772 2076 2810; x_wconf 90' lang='lat' dir='ltr'><strong>eo</strong></span> 
     </span>
    </p>
   </div>
   <div class='ocr_carea' id='block_1_26' title="bbox 503 2846 2077 2924">
    <p class='ocr_par' dir='ltr' id='par_1_26' title="bbox 503 2846 2077 2924">
     <span class='ocr_line' id='line_1_26' title="bbox 503 2846 2077 2924; baseline -0.001 -21"><span class='ocrx_word' id='word_1_239' title='bbox 503 2858 751 2924; x_wconf 80' lang='lat' dir='ltr'><strong>tempore</strong></span> <span class='ocrx_word' id='word_1_240' title='bbox 794 2849 1076 2902; x_wconf 88' lang='lat' dir='ltr'><strong>llananias</strong></span> <span class='ocrx_word' id='word_1_241' title='bbox 1135 2848 1189 2901; x_wconf 91' lang='lat' dir='ltr'><strong>in</strong></span> <span class='ocrx_word' id='word_1_242' title='bbox 1235 2846 1536 2909; x_wconf 90' lang='lat' dir='ltr'><strong>Christum,</strong></span> <span class='ocrx_word' id='word_1_243' title='bbox 1580 2847 1726 2900; x_wconf 90' lang='lat' dir='ltr'><strong>unde</strong></span> <span class='ocrx_word' id='word_1_244' title='bbox 1780 2848 2077 2917; x_wconf 81' lang='lat' dir='ltr'><strong>baptizavit</strong></span> 
     </span>
    </p>
   </div>
   <div class='ocr_carea' id='block_1_27' title="bbox 502 2937 2078 3006">
    <p class='ocr_par' dir='ltr' id='par_1_27' title="bbox 502 2937 2078 3006">
     <span class='ocr_line' id='line_1_27' title="bbox 502 2937 2078 3006; baseline -0.004 -8"><span class='ocrx_word' id='word_1_245' title='bbox 502 2959 627 2998; x_wconf 89' lang='lat' dir='ltr'><strong>eum</strong></span> <span class='ocrx_word' id='word_1_246' title='bbox 665 2940 880 2999; x_wconf 82' lang='lat' dir='ltr'><strong>Marcus</strong></span> <span class='ocrx_word' id='word_1_247' title='bbox 904 2947 957 2994; x_wconf 89' lang='lat' dir='ltr'><strong>et</strong></span> <span class='ocrx_word' id='word_1_248' title='bbox 975 2938 1259 2993; x_wconf 90' lang='lat' dir='ltr'><strong>constituit</strong></span> <span class='ocrx_word' id='word_1_249' title='bbox 1310 2953 1434 2993; x_wconf 88' lang='lat' dir='ltr'><strong>eum</strong></span> <span class='ocrx_word' id='word_1_250' title='bbox 1462 2937 1822 3006; x_wconf 89' lang='lat' dir='ltr'><strong>patriarcham</strong></span> <span class='ocrx_word' id='word_1_251' title='bbox 1847 2939 2078 2991; x_wconf 82' lang='lat' dir='ltr'><strong>Alexan-</strong></span> 
     </span>
    </p>
   </div>
   <div class='ocr_carea' id='block_1_28' title="bbox 502 3028 2074 3100">
    <p class='ocr_par' dir='ltr' id='par_1_28' title="bbox 502 3028 2074 3100">
     <span class='ocr_line' id='line_1_28' title="bbox 502 3028 2074 3100; baseline -0.003 -14"><span class='ocrx_word' id='word_1_252' title='bbox 502 3034 651 3086; x_wconf 61' lang='lat' dir='ltr'><strong>driae.</strong></span> <span class='ocrx_word' id='word_1_253' title='bbox 678 3032 901 3086; x_wconf 89' lang='lat' dir='ltr'><strong>Scilicet</strong></span> <span class='ocrx_word' id='word_1_254' title='bbox 931 3031 976 3084; x_wconf 92' lang='lat' dir='ltr'><strong>is</strong></span> <span class='ocrx_word' id='word_1_255' title='bbox 1007 3030 1214 3100; x_wconf 85' lang='lat' dir='ltr'><strong>primus</strong></span> <span class='ocrx_word' id='word_1_256' title='bbox 1291 3038 1410 3082; x_wconf 89' lang='lat' dir='ltr'><strong>erat</strong></span> <span class='ocrx_word' id='word_1_257' title='bbox 1454 3028 1795 3085; x_wconf 72' lang='lat' dir='ltr'><strong>Alexandriae</strong></span> <span class='ocrx_word' id='word_1_258' title='bbox 1839 3032 2074 3098; x_wconf 88' lang='lat' dir='ltr'><strong>patriar-</strong></span> 
     </span>
    </p>
   </div>
   <div class='ocr_carea' id='block_1_29' title="bbox 510 3119 2077 3187">
    <p class='ocr_par' dir='ltr' id='par_1_29' title="bbox 510 3119 2077 3187">
     <span class='ocr_line' id='line_1_29' title="bbox 510 3119 2077 3187; baseline -0.004 -9"><span class='ocrx_word' id='word_1_259' title='bbox 510 3127 611 3179; x_wconf 86' lang='lat' dir='ltr'><strong>cha</strong></span> <span class='ocrx_word' id='word_1_260' title='bbox 653 3125 1013 3177; x_wconf 89' lang='lat' dir='ltr'><strong>constitutus.</strong></span> <span class='ocrx_word' id='word_1_261' title='bbox 1058 3120 1360 3176; x_wconf 72' lang='lat' dir='ltr'><strong>Consuluit</strong></span> <span class='ocrx_word' id='word_1_262' title='bbox 1412 3119 1540 3173; x_wconf 88' lang='lat' dir='ltr'><strong>item</strong></span> <span class='ocrx_word' id='word_1_263' title='bbox 1582 3119 1797 3173; x_wconf 79' lang='lat' dir='ltr'><strong>Marcus</strong></span> <span class='ocrx_word' id='word_1_264' title='bbox 1843 3134 2077 3187; x_wconf 86' lang='lat' dir='ltr'><strong>evange-</strong></span> 
     </span>
    </p>
   </div>
   <div class='ocr_carea' id='block_1_30' title="bbox 502 3209 2073 3283">
    <p class='ocr_par' dir='ltr' id='par_1_30' title="bbox 502 3209 2073 3283">
     <span class='ocr_line' id='line_1_30' title="bbox 502 3209 2073 3283; baseline -0.003 -14"><span class='ocrx_word' id='word_1_265' title='bbox 502 3216 631 3270; x_wconf 89' lang='lat' dir='ltr'><strong>lista</strong></span> <span class='ocrx_word' id='word_1_266' title='bbox 677 3214 966 3270; x_wconf 91' lang='lat' dir='ltr'><strong>duodecim</strong></span> <span class='ocrx_word' id='word_1_267' title='bbox 1016 3213 1365 3283; x_wconf 85' lang='lat' dir='ltr'><strong>presbyteros</strong></span> <span class='ocrx_word' id='word_1_268' title='bbox 1442 3226 1568 3264; x_wconf 91' lang='lat' dir='ltr'><strong>cum</strong></span> <span class='ocrx_word' id='word_1_269' title='bbox 1638 3209 1917 3278; x_wconf 84' lang='lat' dir='ltr'><strong>llanauia;</strong></span> <span class='ocrx_word' id='word_1_270' title='bbox 1980 3212 2073 3280; x_wconf 89' lang='lat' dir='ltr'><strong>qui</strong></span> 
     </span>
    </p>
   </div>
   <div class='ocr_carea' id='block_1_31' title="bbox 501 3301 2077 3377">
    <p class='ocr_par' dir='ltr' id='par_1_31' title="bbox 501 3301 2077 3377">
     <span class='ocr_line' id='line_1_31' title="bbox 501 3301 2077 3377; baseline -0.004 -17"><span class='ocrx_word' id='word_1_271' title='bbox 501 3320 693 3377; x_wconf 83' lang='lat' dir='ltr'><strong>nempe</strong></span> <span class='ocrx_word' id='word_1_272' title='bbox 712 3312 993 3361; x_wconf 88' lang='lat' dir='ltr'><strong>manerent</strong></span> <span class='ocrx_word' id='word_1_273' title='bbox 1018 3320 1141 3359; x_wconf 87' lang='lat' dir='ltr'><strong>cum</strong></span> <span class='ocrx_word' id='word_1_274' title='bbox 1168 3303 1496 3374; x_wconf 88' lang='lat' dir='ltr'><strong>patriarcha,</strong></span> <span class='ocrx_word' id='word_1_275' title='bbox 1522 3301 1654 3355; x_wconf 91' lang='lat' dir='ltr'><strong>adeo</strong></span> <span class='ocrx_word' id='word_1_276' title='bbox 1678 3312 1737 3354; x_wconf 94' lang='lat' dir='ltr'><strong>ut</strong></span> <span class='ocrx_word' id='word_1_277' title='bbox 1763 3316 1884 3353; x_wconf 88' lang='lat' dir='ltr'><strong>cum</strong></span> <span class='ocrx_word' id='word_1_278' title='bbox 1922 3317 2077 3354; x_wconf 82' lang='lat' dir='ltr'><strong>vara-</strong></span> 
     </span>
    </p>
   </div>
   <div class='ocr_carea' id='block_1_32' title="bbox 504 3391 2072 3466">
    <p class='ocr_par' dir='ltr' id='par_1_32' title="bbox 504 3391 2072 3466">
     <span class='ocr_line' id='line_1_32' title="bbox 504 3391 2072 3466; baseline -0.004 -15"><span class='ocrx_word' id='word_1_279' title='bbox 504 3407 591 3451; x_wconf 88' lang='lat' dir='ltr'><strong>ret</strong></span> <span class='ocrx_word' id='word_1_280' title='bbox 658 3399 1086 3466; x_wconf 88' lang='lat' dir='ltr'><strong>patriarcltatus,</strong></span> <span class='ocrx_word' id='word_1_281' title='bbox 1155 3397 1420 3465; x_wconf 89' lang='lat' dir='ltr'><strong>eligerent</strong></span> <span class='ocrx_word' id='word_1_282' title='bbox 1473 3408 1639 3445; x_wconf 90' lang='lat' dir='ltr'><strong>unum</strong></span> <span class='ocrx_word' id='word_1_283' title='bbox 1694 3408 1724 3446; x_wconf 92' lang='lat' dir='ltr'><strong>e</strong></span> <span class='ocrx_word' id='word_1_284' title='bbox 1785 3391 2072 3445; x_wconf 89' lang='lat' dir='ltr'><strong>duodecim</strong></span> 
     </span>
    </p>
   </div>
   <div class='ocr_carea' id='block_1_33' title="bbox 500 3483 2074 3560">
    <p class='ocr_par' dir='ltr' id='par_1_33' title="bbox 500 3483 2074 3560">
     <span class='ocr_line' id='line_1_33' title="bbox 500 3483 2074 3560; baseline -0.003 -19"><span class='ocrx_word' id='word_1_285' title='bbox 500 3489 831 3560; x_wconf 88' lang='lat' dir='ltr'><strong>presbyteris</strong></span> <span class='ocrx_word' id='word_1_286' title='bbox 877 3488 1034 3555; x_wconf 86' lang='lat' dir='ltr'><strong>cujus</strong></span> <span class='ocrx_word' id='word_1_287' title='bbox 1082 3486 1251 3553; x_wconf 88' lang='lat' dir='ltr'><strong>capiti</strong></span> <span class='ocrx_word' id='word_1_288' title='bbox 1316 3484 1512 3552; x_wconf 90' lang='lat' dir='ltr'><strong>reliqui</strong></span> <span class='ocrx_word' id='word_1_289' title='bbox 1564 3483 1819 3536; x_wconf 86' lang='lat' dir='ltr'><strong>undecim</strong></span> <span class='ocrx_word' id='word_1_290' title='bbox 1877 3496 2074 3537; x_wconf 78' lang='lat' dir='ltr'><strong>manus</strong></span> 
     </span>
    </p>
   </div>
   <div class='ocr_carea' id='block_1_34' title="bbox 501 3571 2071 3647">
    <p class='ocr_par' dir='ltr' id='par_1_34' title="bbox 501 3571 2071 3647">
     <span class='ocr_line' id='line_1_34' title="bbox 501 3571 2071 3647; baseline -0.003 -17"><span class='ocrx_word' id='word_1_291' title='bbox 501 3580 848 3647; x_wconf 82' lang='lat' dir='ltr'><strong>imponerent</strong></span> <span class='ocrx_word' id='word_1_292' title='bbox 880 3591 1117 3645; x_wconf 88' lang='lat' dir='ltr'><strong>eumque</strong></span> <span class='ocrx_word' id='word_1_293' title='bbox 1154 3574 1545 3627; x_wconf 89' lang='lat' dir='ltr'><strong>benedicerent</strong></span> <span class='ocrx_word' id='word_1_294' title='bbox 1599 3582 1652 3625; x_wconf 90' lang='lat' dir='ltr'><strong>et</strong></span> <span class='ocrx_word' id='word_1_295' title='bbox 1701 3571 2071 3641; x_wconf 83' lang='lat' dir='ltr'><strong>patriarcham</strong></span> 
     </span>
    </p>
   </div>
   <div class='ocr_carea' id='block_1_35' title="bbox 499 3662 2074 3732">
    <p class='ocr_par' dir='ltr' id='par_1_35' title="bbox 499 3662 2074 3732">
     <span class='ocr_line' id='line_1_35' title="bbox 499 3662 2074 3732; baseline -0.004 -10"><span class='ocrx_word' id='word_1_296' title='bbox 499 3683 624 3722; x_wconf 88' lang='lat' dir='ltr'><strong>eum</strong></span> <span class='ocrx_word' id='word_1_297' title='bbox 682 3678 955 3728; x_wconf 82' lang='lat' dir='ltr'><strong>crearent,</strong></span> <span class='ocrx_word' id='word_1_298' title='bbox 1007 3674 1060 3719; x_wconf 91' lang='lat' dir='ltr'><strong>et</strong></span> <span class='ocrx_word' id='word_1_299' title='bbox 1103 3664 1229 3718; x_wconf 89' lang='lat' dir='ltr'><strong>dein</strong></span> <span class='ocrx_word' id='word_1_300' title='bbox 1278 3664 1457 3716; x_wconf 89' lang='lat' dir='ltr'><strong>virutn</strong></span> <span class='ocrx_word' id='word_1_301' title='bbox 1503 3662 1739 3732; x_wconf 89' lang='lat' dir='ltr'><strong>aliquem</strong></span> <span class='ocrx_word' id='word_1_302' title='bbox 1802 3663 2074 3730; x_wconf 82' lang='lat' dir='ltr'><strong>insignem</strong></span> 
     </span>
    </p>
   </div>
   <div class='ocr_carea' id='block_1_36' title="bbox 499 3754 2075 3830">
    <p class='ocr_par' dir='ltr' id='par_1_36' title="bbox 499 3754 2075 3830">
     <span class='ocr_line' id='line_1_36' title="bbox 499 3754 2075 3830; baseline -0.005 -15"><span class='ocrx_word' id='word_1_303' title='bbox 499 3760 765 3830; x_wconf 80' lang='lat' dir='ltr'><strong>eligerent</strong></span> <span class='ocrx_word' id='word_1_304' title='bbox 812 3772 1047 3827; x_wconf 73' lang='lat' dir='ltr'><strong>eumque</strong></span> <span class='ocrx_word' id='word_1_305' title='bbox 1103 3754 1483 3827; x_wconf 90' lang='lat' dir='ltr'><strong>presbyterum</strong></span> <span class='ocrx_word' id='word_1_306' title='bbox 1534 3769 1721 3809; x_wconf 89' lang='lat' dir='ltr'><strong>secum</strong></span> <span class='ocrx_word' id='word_1_307' title='bbox 1770 3754 2075 3808; x_wconf 87' lang='lat' dir='ltr'><strong>constitue-</strong></span> 
     </span>
    </p>
   </div>
   <div class='ocr_carea' id='block_1_37' title="bbox 499 3845 2075 3919">
    <p class='ocr_par' dir='ltr' id='par_1_37' title="bbox 499 3845 2075 3919">
     <span class='ocr_line' id='line_1_37' title="bbox 499 3845 2075 3919; baseline -0.004 -13"><span class='ocrx_word' id='word_1_308' title='bbox 499 3861 621 3910; x_wconf 84' lang='lat' dir='ltr'><strong>rent</strong></span> <span class='ocrx_word' id='word_1_309' title='bbox 664 3856 782 3904; x_wconf 88' lang='lat' dir='ltr'><strong>loco</strong></span> <span class='ocrx_word' id='word_1_310' title='bbox 826 3850 947 3919; x_wconf 89' lang='lat' dir='ltr'><strong>ejus</strong></span> <span class='ocrx_word' id='word_1_311' title='bbox 987 3848 1081 3916; x_wconf 87' lang='lat' dir='ltr'><strong>qui</strong></span> <span class='ocrx_word' id='word_1_312' title='bbox 1132 3848 1212 3901; x_wconf 86' lang='lat' dir='ltr'><strong>sic</strong></span> <span class='ocrx_word' id='word_1_313' title='bbox 1258 3846 1437 3899; x_wconf 78' lang='lat' dir='ltr'><strong>factus</strong></span> <span class='ocrx_word' id='word_1_314' title='bbox 1486 3854 1569 3899; x_wconf 90' lang='lat' dir='ltr'><strong>est</strong></span> <span class='ocrx_word' id='word_1_315' title='bbox 1634 3845 1972 3914; x_wconf 86' lang='lat' dir='ltr'><strong>patriarcha,</strong></span> <span class='ocrx_word' id='word_1_316' title='bbox 2016 3853 2075 3899; x_wconf 87' lang='lat' dir='ltr'><strong>ut</strong></span> 
     </span>
    </p>
   </div>
   <div class='ocr_carea' id='block_1_38' title="bbox 500 3934 2070 4012">
    <p class='ocr_par' dir='ltr' id='par_1_38' title="bbox 500 3934 2070 4012">
     <span class='ocr_line' id='line_1_38' title="bbox 500 3934 2070 4012; baseline -0.004 -14"><span class='ocrx_word' id='word_1_317' title='bbox 500 3945 579 3999; x_wconf 85' lang='lat' dir='ltr'><strong>ita</strong></span> <span class='ocrx_word' id='word_1_318' title='bbox 635 3957 849 4012; x_wconf 86' lang='lat' dir='ltr'><strong>semper</strong></span> <span class='ocrx_word' id='word_1_319' title='bbox 928 3948 1209 3994; x_wconf 82' lang='lat' dir='ltr'><strong>exstarent</strong></span> <span class='ocrx_word' id='word_1_320' title='bbox 1269 3936 1582 3990; x_wconf 84' lang='lat' dir='ltr'><strong>duodecim.</strong></span> <span class='ocrx_word' id='word_1_321' title='bbox 1649 3934 1835 4005; x_wconf 87' lang='lat' dir='ltr'><strong>Neque</strong></span> <span class='ocrx_word' id='word_1_322' title='bbox 1910 3936 2070 3991; x_wconf 90' lang='lat' dir='ltr'><strong>desiit</strong></span> 
     </span>
    </p>
   </div>
   <div class='ocr_carea' id='block_1_39' title="bbox 2246 1477 3747 1551">
    <p class='ocr_par' dir='ltr' id='par_1_39' title="bbox 2246 1477 3747 1551">
     <span class='ocr_line' id='line_1_39' title="bbox 2246 1477 3747 1551; baseline 0.009 -23"><span class='ocrx_word' id='word_1_323' title='bbox 2246 1477 2405 1530; x_wconf 88' lang='lat' dir='ltr'><strong>Anno</strong></span> <span class='ocrx_word' id='word_1_324' title='bbox 2429 1493 2575 1533; x_wconf 91' lang='lat' dir='ltr'><strong>nono</strong></span> <span class='ocrx_word' id='word_1_325' title='bbox 2608 1479 2823 1548; x_wconf 91' lang='lat' dir='ltr'><strong>imperii</strong></span> <span class='ocrx_word' id='word_1_326' title='bbox 2855 1480 3071 1551; x_wconf 84' lang='lat' dir='ltr'><strong>Claudii</strong></span> <span class='ocrx_word' id='word_1_327' title='bbox 3102 1481 3333 1539; x_wconf 69' lang='lat' dir='ltr'><strong>Caesaris</strong></span> <span class='ocrx_word' id='word_1_328' title='bbox 3384 1495 3502 1539; x_wconf 89' lang='lat' dir='ltr'><strong>erat</strong></span> <span class='ocrx_word' id='word_1_329' title='bbox 3529 1484 3747 1542; x_wconf 82' lang='lat' dir='ltr'><strong>Marcus</strong></span> 
     </span>
    </p>
   </div>
   <div class='ocr_carea' id='block_1_40' title="bbox 2176 1570 3750 1639">
    <p class='ocr_par' dir='ltr' id='par_1_40' title="bbox 2176 1570 3750 1639">
     <span class='ocr_line' id='line_1_40' title="bbox 2176 1570 3750 1639; baseline 0.007 -18"><span class='ocrx_word' id='word_1_330' title='bbox 2176 1570 2507 1639; x_wconf 81' lang='lat' dir='ltr'><strong>evangelista</strong></span> <span class='ocrx_word' id='word_1_331' title='bbox 2560 1572 2613 1625; x_wconf 91' lang='lat' dir='ltr'><strong>in</strong></span> <span class='ocrx_word' id='word_1_332' title='bbox 2650 1573 2784 1627; x_wconf 90' lang='lat' dir='ltr'><strong>urbe</strong></span> <span class='ocrx_word' id='word_1_333' title='bbox 2831 1573 3178 1629; x_wconf 81' lang='lat' dir='ltr'><strong>Alexandriae</strong></span> <span class='ocrx_word' id='word_1_334' title='bbox 3216 1591 3529 1633; x_wconf 81' lang='lat' dir='ltr'><strong>convocans</strong></span> <span class='ocrx_word' id='word_1_335' title='bbox 3565 1581 3750 1633; x_wconf 77' lang='lat' dir='ltr'><strong>homi-</strong></span> 
     </span>
    </p>
   </div>
   <div class='ocr_carea' id='block_1_41' title="bbox 2178 1660 3744 1726">
    <p class='ocr_par' dir='ltr' id='par_1_41' title="bbox 2178 1660 3744 1726">
     <span class='ocr_line' id='line_1_41' title="bbox 2178 1660 3744 1726; baseline 0.009 -14"><span class='ocrx_word' id='word_1_336' title='bbox 2178 1674 2275 1713; x_wconf 88' lang='lat' dir='ltr'><strong>nes</strong></span> <span class='ocrx_word' id='word_1_337' title='bbox 2300 1660 2369 1714; x_wconf 90' lang='lat' dir='ltr'><strong>ad</strong></span> <span class='ocrx_word' id='word_1_338' title='bbox 2403 1661 2561 1715; x_wconf 85' lang='lat' dir='ltr'><strong>ﬁdem</strong></span> <span class='ocrx_word' id='word_1_339' title='bbox 2599 1662 2651 1715; x_wconf 93' lang='lat' dir='ltr'><strong>in</strong></span> <span class='ocrx_word' id='word_1_340' title='bbox 2682 1661 2958 1718; x_wconf 88' lang='lat' dir='ltr'><strong>Christum</strong></span> <span class='ocrx_word' id='word_1_341' title='bbox 2989 1665 3274 1720; x_wconf 89' lang='lat' dir='ltr'><strong>Dominum</strong></span> <span class='ocrx_word' id='word_1_342' title='bbox 3306 1680 3576 1725; x_wconf 86' lang='lat' dir='ltr'><strong>nostrum.</strong></span> <span class='ocrx_word' id='word_1_343' title='bbox 3605 1671 3744 1726; x_wconf 88' lang='lat' dir='ltr'><strong>Dttttt</strong></span> 
     </span>
    </p>
   </div>
   <div class='ocr_carea' id='block_1_42' title="bbox 2178 1755 3747 1831">
    <p class='ocr_par' dir='ltr' id='par_1_42' title="bbox 2178 1755 3747 1831">
     <span class='ocr_line' id='line_1_42' title="bbox 2178 1755 3747 1831; baseline 0.01 -29"><span class='ocrx_word' id='word_1_344' title='bbox 2178 1760 2360 1806; x_wconf 89' lang='lat' dir='ltr'><strong>autem</strong></span> <span class='ocrx_word' id='word_1_345' title='bbox 2398 1767 2494 1822; x_wconf 90' lang='lat' dir='ltr'><strong>per</strong></span> <span class='ocrx_word' id='word_1_346' title='bbox 2521 1755 2710 1808; x_wconf 91' lang='lat' dir='ltr'><strong>urbem</strong></span> <span class='ocrx_word' id='word_1_347' title='bbox 2765 1755 3052 1811; x_wconf 86' lang='lat' dir='ltr'><strong>incedebat</strong></span> <span class='ocrx_word' id='word_1_348' title='bbox 3114 1757 3350 1824; x_wconf 85' lang='lat' dir='ltr'><strong>Marcus,</strong></span> <span class='ocrx_word' id='word_1_349' title='bbox 3393 1761 3606 1831; x_wconf 88' lang='lat' dir='ltr'><strong>dirupta</strong></span> <span class='ocrx_word' id='word_1_350' title='bbox 3658 1773 3747 1819; x_wconf 77' lang='lat' dir='ltr'><strong>est</strong></span> 
     </span>
    </p>
   </div>
   <div class='ocr_carea' id='block_1_43' title="bbox 2177 1842 3745 1921">
    <p class='ocr_par' dir='ltr' id='par_1_43' title="bbox 2177 1842 3745 1921">
     <span class='ocr_line' id='line_1_43' title="bbox 2177 1842 3745 1921; baseline 0.007 -26"><span class='ocrx_word' id='word_1_351' title='bbox 2177 1842 2415 1912; x_wconf 86' lang='lat' dir='ltr'><strong>corrigia</strong></span> <span class='ocrx_word' id='word_1_352' title='bbox 2447 1844 2807 1899; x_wconf 82' lang='lat' dir='ltr'><strong>ealceameuti</strong></span> <span class='ocrx_word' id='word_1_353' title='bbox 2847 1847 2966 1916; x_wconf 87' lang='lat' dir='ltr'><strong>ejus</strong></span> <span class='ocrx_word' id='word_1_354' title='bbox 3000 1863 3014 1899; x_wconf 93' lang='lat'><strong>:</strong></span> <span class='ocrx_word' id='word_1_355' title='bbox 3057 1848 3185 1905; x_wconf 90' lang='lat' dir='ltr'><strong>hinc</strong></span> <span class='ocrx_word' id='word_1_356' title='bbox 3223 1851 3361 1904; x_wconf 81' lang='lat' dir='ltr'><strong>sedit</strong></span> <span class='ocrx_word' id='word_1_357' title='bbox 3400 1852 3539 1921; x_wconf 90' lang='lat' dir='ltr'><strong>apud</strong></span> <span class='ocrx_word' id='word_1_358' title='bbox 3569 1854 3745 1907; x_wconf 82' lang='lat' dir='ltr'><strong>homi-</strong></span> 
     </span>
    </p>
   </div>
   <div class='ocr_carea' id='block_1_44' title="bbox 2180 1937 3747 2006">
    <p class='ocr_par' dir='ltr' id='par_1_44' title="bbox 2180 1937 3747 2006">
     <span class='ocr_line' id='line_1_44' title="bbox 2180 1937 3747 2006; baseline 0.008 -20"><span class='ocrx_word' id='word_1_359' title='bbox 2180 1949 2302 1986; x_wconf 80' lang='lat' dir='ltr'><strong>nem</strong></span> <span class='ocrx_word' id='word_1_360' title='bbox 2342 1944 2584 1989; x_wconf 88' lang='lat' dir='ltr'><strong>sutorem</strong></span> <span class='ocrx_word' id='word_1_361' title='bbox 2647 1937 2853 1991; x_wconf 85' lang='lat' dir='ltr'><strong>dictum</strong></span> <span class='ocrx_word' id='word_1_362' title='bbox 2905 1939 3227 2006; x_wconf 88' lang='lat' dir='ltr'><strong>llananiam,</strong></span> <span class='ocrx_word' id='word_1_363' title='bbox 3261 1950 3318 1995; x_wconf 93' lang='lat' dir='ltr'><strong>ut</strong></span> <span class='ocrx_word' id='word_1_364' title='bbox 3356 1944 3601 1997; x_wconf 80' lang='lat' dir='ltr'><strong>reﬁceret</strong></span> <span class='ocrx_word' id='word_1_365' title='bbox 3637 1947 3747 1998; x_wconf 78' lang='lat' dir='ltr'><strong>ta!-</strong></span> 
     </span>
    </p>
   </div>
   <div class='ocr_carea' id='block_1_45' title="bbox 2178 2012 3739 2097">
    <p class='ocr_par' dir='ltr' id='par_1_45' title="bbox 2178 2012 3739 2097">
     <span class='ocr_line' id='line_1_45' title="bbox 2178 2012 3739 2097; baseline 0.008 -23"><span class='ocrx_word' id='word_1_366' title='bbox 2178 2012 2334 2075; x_wconf 86' lang='lat' dir='ltr'><strong>cettm</strong></span> <span class='ocrx_word' id='word_1_367' title='bbox 2364 2041 2542 2078; x_wconf 87' lang='lat' dir='ltr'><strong>sttutn.</strong></span> <span class='ocrx_word' id='word_1_368' title='bbox 2578 2026 2828 2095; x_wconf 87' lang='lat' dir='ltr'><strong>Cumque</strong></span> <span class='ocrx_word' id='word_1_369' title='bbox 2861 2031 3157 2097; x_wconf 86' lang='lat' dir='ltr'><strong>accepisset</strong></span> <span class='ocrx_word' id='word_1_370' title='bbox 3183 2030 3459 2086; x_wconf 87' lang='lat' dir='ltr'><strong>Hananias</strong></span> <span class='ocrx_word' id='word_1_371' title='bbox 3487 2036 3739 2086; x_wconf 77' lang='lat' dir='ltr'><strong>subulatu</strong></span> 
     </span>
    </p>
   </div>
   <div class='ocr_carea' id='block_1_46' title="bbox 2177 2114 3745 2194">
    <p class='ocr_par' dir='ltr' id='par_1_46' title="bbox 2177 2114 3745 2194">
     <span class='ocr_line' id='line_1_46' title="bbox 2177 2114 3745 2194; baseline 0.008 -29"><span class='ocrx_word' id='word_1_372' title='bbox 2177 2114 2242 2166; x_wconf 90' lang='lat' dir='ltr'><strong>ad</strong></span> <span class='ocrx_word' id='word_1_373' title='bbox 2282 2115 2667 2183; x_wconf 82' lang='lat' dir='ltr'><strong>perforandum</strong></span> <span class='ocrx_word' id='word_1_374' title='bbox 2706 2119 2969 2183; x_wconf 88' lang='lat' dir='ltr'><strong>calceum,</strong></span> <span class='ocrx_word' id='word_1_375' title='bbox 3021 2134 3087 2176; x_wconf 81' lang='lat' dir='ltr'><strong>ea</strong></span> <span class='ocrx_word' id='word_1_376' title='bbox 3126 2120 3352 2189; x_wconf 89' lang='lat' dir='ltr'><strong>digitum</strong></span> <span class='ocrx_word' id='word_1_377' title='bbox 3408 2138 3567 2177; x_wconf 91' lang='lat' dir='ltr'><strong>suum</strong></span> <span class='ocrx_word' id='word_1_378' title='bbox 3622 2140 3745 2194; x_wconf 81' lang='lat' dir='ltr'><strong>per-</strong></span> 
     </span>
    </p>
   </div>
   <div class='ocr_carea' id='block_1_47' title="bbox 2180 2205 3744 2285">
    <p class='ocr_par' dir='ltr' id='par_1_47' title="bbox 2180 2205 3744 2285">
     <span class='ocr_line' id='line_1_47' title="bbox 2180 2205 3744 2285; baseline 0.01 -30"><span class='ocrx_word' id='word_1_379' title='bbox 2180 2205 2395 2269; x_wconf 79' lang='lat' dir='ltr'><strong>foravit,</strong></span> <span class='ocrx_word' id='word_1_380' title='bbox 2429 2206 2745 2277; x_wconf 85' lang='lat' dir='ltr'><strong>ellluxitque</strong></span> <span class='ocrx_word' id='word_1_381' title='bbox 2793 2225 2858 2263; x_wconf 84' lang='lat' dir='ltr'><strong>ex</strong></span> <span class='ocrx_word' id='word_1_382' title='bbox 2904 2211 2994 2266; x_wconf 91' lang='lat' dir='ltr'><strong>illo</strong></span> <span class='ocrx_word' id='word_1_383' title='bbox 3042 2214 3275 2267; x_wconf 89' lang='lat' dir='ltr'><strong>multum</strong></span> <span class='ocrx_word' id='word_1_384' title='bbox 3312 2217 3634 2285; x_wconf 82' lang='lat' dir='ltr'><strong>sanguinis.</strong></span> <span class='ocrx_word' id='word_1_385' title='bbox 3690 2227 3744 2271; x_wconf 90' lang='lat' dir='ltr'><strong>et</strong></span> 
     </span>
    </p>
   </div>
   <div class='ocr_carea' id='block_1_48' title="bbox 2180 2298 3739 2375">
    <p class='ocr_par' dir='ltr' id='par_1_48' title="bbox 2180 2298 3739 2375">
     <span class='ocr_line' id='line_1_48' title="bbox 2180 2298 3739 2375; baseline 0.009 -28"><span class='ocrx_word' id='word_1_386' title='bbox 2180 2298 2415 2351; x_wconf 84' lang='lat' dir='ltr'><strong>maximo</strong></span> <span class='ocrx_word' id='word_1_387' title='bbox 2444 2298 2625 2352; x_wconf 70' lang='lat' dir='ltr'><strong>aﬂecit</strong></span> <span class='ocrx_word' id='word_1_388' title='bbox 2650 2301 2799 2354; x_wconf 87' lang='lat' dir='ltr'><strong>illum</strong></span> <span class='ocrx_word' id='word_1_389' title='bbox 2829 2302 3037 2369; x_wconf 90' lang='lat' dir='ltr'><strong>dolore,</strong></span> <span class='ocrx_word' id='word_1_390' title='bbox 3060 2308 3415 2373; x_wconf 82' lang='lat' dir='ltr'><strong>quamobrem</strong></span> <span class='ocrx_word' id='word_1_391' title='bbox 3450 2309 3739 2375; x_wconf 86' lang='lat' dir='ltr'><strong>plurimum</strong></span> 
     </span>
    </p>
   </div>
   <div class='ocr_carea' id='block_1_49' title="bbox 2177 2388 3739 2461">
    <p class='ocr_par' dir='ltr' id='par_1_49' title="bbox 2177 2388 3739 2461">
     <span class='ocr_line' id='line_1_49' title="bbox 2177 2388 3739 2461; baseline 0.01 -20"><span class='ocrx_word' id='word_1_392' title='bbox 2177 2388 2244 2442; x_wconf 90' lang='lat' dir='ltr'><strong>de</strong></span> <span class='ocrx_word' id='word_1_393' title='bbox 2274 2391 2459 2444; x_wconf 85' lang='lat' dir='ltr'><strong>Marco</strong></span> <span class='ocrx_word' id='word_1_394' title='bbox 2486 2402 2823 2461; x_wconf 88' lang='lat' dir='ltr'><strong>conquestus</strong></span> <span class='ocrx_word' id='word_1_395' title='bbox 2858 2404 2961 2451; x_wconf 90' lang='lat' dir='ltr'><strong>est.</strong></span> <span class='ocrx_word' id='word_1_396' title='bbox 2995 2397 3061 2450; x_wconf 88' lang='lat' dir='ltr'><strong>Et</strong></span> <span class='ocrx_word' id='word_1_397' title='bbox 3099 2397 3238 2451; x_wconf 81' lang='lat' dir='ltr'><strong>dixit</strong></span> <span class='ocrx_word' id='word_1_398' title='bbox 3272 2400 3319 2452; x_wconf 93' lang='lat' dir='ltr'><strong>ei</strong></span> <span class='ocrx_word' id='word_1_399' title='bbox 3369 2399 3585 2456; x_wconf 83' lang='lat' dir='ltr'><strong>Marcus</strong></span> <span class='ocrx_word' id='word_1_400' title='bbox 3616 2419 3630 2455; x_wconf 92' lang='lat'><strong>:</strong></span> <span class='ocrx_word' id='word_1_401' title='bbox 3682 2400 3739 2456; x_wconf 86' lang='lat' dir='ltr'><strong>Si</strong></span> 
     </span>
    </p>
   </div>
   <div class='ocr_carea' id='block_1_50' title="bbox 2177 2481 3743 2552">
    <p class='ocr_par' dir='ltr' id='par_1_50' title="bbox 2177 2481 3743 2552">
     <span class='ocr_line' id='line_1_50' title="bbox 2177 2481 3743 2552; baseline 0.008 -20"><span class='ocrx_word' id='word_1_402' title='bbox 2177 2481 2368 2534; x_wconf 88' lang='lat' dir='ltr'><strong>credas</strong></span> <span class='ocrx_word' id='word_1_403' title='bbox 2408 2482 2461 2535; x_wconf 88' lang='lat' dir='ltr'><strong>in</strong></span> <span class='ocrx_word' id='word_1_404' title='bbox 2508 2482 2690 2537; x_wconf 87' lang='lat' dir='ltr'><strong>Jesum</strong></span> <span class='ocrx_word' id='word_1_405' title='bbox 2717 2483 2993 2541; x_wconf 88' lang='lat' dir='ltr'><strong>Christum</strong></span> <span class='ocrx_word' id='word_1_406' title='bbox 3051 2486 3245 2545; x_wconf 77' lang='lat' dir='ltr'><strong>FiLitmt</strong></span> <span class='ocrx_word' id='word_1_407' title='bbox 3298 2489 3416 2552; x_wconf 86' lang='lat' dir='ltr'><strong>Dei,</strong></span> <span class='ocrx_word' id='word_1_408' title='bbox 3460 2492 3743 2546; x_wconf 69' lang='lat' dir='ltr'><strong>sanabitur</strong></span> 
     </span>
    </p>
   </div>
   <div class='ocr_carea' id='block_1_51' title="bbox 2178 2569 3740 2648">
    <p class='ocr_par' dir='ltr' id='par_1_51' title="bbox 2178 2569 3740 2648">
     <span class='ocr_line' id='line_1_51' title="bbox 2178 2569 3740 2648; baseline 0.008 -25"><span class='ocrx_word' id='word_1_409' title='bbox 2178 2569 2381 2638; x_wconf 85' lang='lat' dir='ltr'><strong>digitus</strong></span> <span class='ocrx_word' id='word_1_410' title='bbox 2429 2579 2571 2624; x_wconf 89' lang='lat' dir='ltr'><strong>tuus.</strong></span> <span class='ocrx_word' id='word_1_411' title='bbox 2623 2574 2798 2642; x_wconf 88' lang='lat' dir='ltr'><strong>Atque</strong></span> <span class='ocrx_word' id='word_1_412' title='bbox 2846 2577 3193 2644; x_wconf 64' lang='lat' dir='ltr'><strong>apprehenso</strong></span> <span class='ocrx_word' id='word_1_413' title='bbox 3253 2578 3423 2648; x_wconf 85' lang='lat' dir='ltr'><strong>digito</strong></span> <span class='ocrx_word' id='word_1_414' title='bbox 3478 2579 3740 2635; x_wconf 73' lang='lat' dir='ltr'><strong>llananim</strong></span> 
     </span>
    </p>
   </div>
   <div class='ocr_carea' id='block_1_52' title="bbox 2179 2660 3740 2726">
    <p class='ocr_par' dir='ltr' id='par_1_52' title="bbox 2179 2660 3740 2726">
     <span class='ocr_line' id='line_1_52' title="bbox 2179 2660 3740 2726; baseline 0.008 -14"><span class='ocrx_word' id='word_1_415' title='bbox 2179 2660 2309 2715; x_wconf 76' lang='lat' dir='ltr'><strong>dixit</strong></span> <span class='ocrx_word' id='word_1_416' title='bbox 2349 2661 2563 2719; x_wconf 81' lang='lat' dir='ltr'><strong>Marcus</strong></span> <span class='ocrx_word' id='word_1_417' title='bbox 2593 2679 2606 2717; x_wconf 91' lang='lat'><strong>:</strong></span> <span class='ocrx_word' id='word_1_418' title='bbox 2652 2665 2709 2717; x_wconf 84' lang='grc' dir='ltr'><strong>ιιι</strong></span> <span class='ocrx_word' id='word_1_419' title='bbox 2742 2667 2961 2721; x_wconf 89' lang='lat' dir='ltr'><strong>nomine</strong></span> <span class='ocrx_word' id='word_1_420' title='bbox 2994 2665 3125 2722; x_wconf 80' lang='lat' dir='ltr'><strong>Jesu</strong></span> <span class='ocrx_word' id='word_1_421' title='bbox 3156 2668 3360 2724; x_wconf 86' lang='lat' dir='ltr'><strong>Christi</strong></span> <span class='ocrx_word' id='word_1_422' title='bbox 3397 2681 3622 2725; x_wconf 89' lang='lat' dir='ltr'><strong>sanetur</strong></span> <span class='ocrx_word' id='word_1_423' title='bbox 3653 2674 3740 2726; x_wconf 87' lang='lat' dir='ltr'><strong>tli-</strong></span> 
     </span>
    </p>
   </div>
   <div class='ocr_carea' id='block_1_53' title="bbox 2178 2753 3743 2832">
    <p class='ocr_par' dir='ltr' id='par_1_53' title="bbox 2178 2753 3743 2832">
     <span class='ocr_line' id='line_1_53' title="bbox 2178 2753 3743 2832; baseline 0.008 -27"><span class='ocrx_word' id='word_1_424' title='bbox 2178 2753 2323 2821; x_wconf 87' lang='lat' dir='ltr'><strong>gitus</strong></span> <span class='ocrx_word' id='word_1_425' title='bbox 2357 2762 2482 2809; x_wconf 91' lang='lat' dir='ltr'><strong>tuus</strong></span> <span class='ocrx_word' id='word_1_426' title='bbox 2508 2770 2523 2819; x_wconf 90' lang='lat'><strong>;</strong></span> <span class='ocrx_word' id='word_1_427' title='bbox 2551 2764 2604 2809; x_wconf 91' lang='lat' dir='ltr'><strong>et</strong></span> <span class='ocrx_word' id='word_1_428' title='bbox 2627 2757 2808 2809; x_wconf 89' lang='lat' dir='ltr'><strong>statim</strong></span> <span class='ocrx_word' id='word_1_429' title='bbox 2874 2769 3100 2815; x_wconf 85' lang='lat' dir='ltr'><strong>sanatus</strong></span> <span class='ocrx_word' id='word_1_430' title='bbox 3143 2770 3223 2814; x_wconf 87' lang='lat' dir='ltr'><strong>est</strong></span> <span class='ocrx_word' id='word_1_431' title='bbox 3256 2761 3456 2832; x_wconf 84' lang='lat' dir='ltr'><strong>digitus</strong></span> <span class='ocrx_word' id='word_1_432' title='bbox 3497 2764 3651 2832; x_wconf 84' lang='lat' dir='ltr'><strong>ejus,</strong></span> <span class='ocrx_word' id='word_1_433' title='bbox 3688 2778 3743 2819; x_wconf 87' lang='lat' dir='ltr'><strong>et</strong></span> 
     </span>
    </p>
   </div>
   <div class='ocr_carea' id='block_1_54' title="bbox 2175 2846 3739 2915">
    <p class='ocr_par' dir='ltr' id='par_1_54' title="bbox 2175 2846 3739 2915">
     <span class='ocr_line' id='line_1_54' title="bbox 2175 2846 3739 2915; baseline 0.006 -17"><span class='ocrx_word' id='word_1_434' title='bbox 2175 2846 2420 2899; x_wconf 89' lang='lat' dir='ltr'><strong>constitit</strong></span> <span class='ocrx_word' id='word_1_435' title='bbox 2468 2846 2714 2915; x_wconf 85' lang='lat' dir='ltr'><strong>sanguis.</strong></span> <span class='ocrx_word' id='word_1_436' title='bbox 2746 2848 3025 2902; x_wconf 82' lang='lat' dir='ltr'><strong>Hananias</strong></span> <span class='ocrx_word' id='word_1_437' title='bbox 3062 2858 3243 2904; x_wconf 89' lang='lat' dir='ltr'><strong>autem</strong></span> <span class='ocrx_word' id='word_1_438' title='bbox 3283 2852 3402 2907; x_wconf 89' lang='lat' dir='ltr'><strong>sine</strong></span> <span class='ocrx_word' id='word_1_439' title='bbox 3432 2854 3539 2906; x_wconf 85' lang='lat' dir='ltr'><strong>ulla</strong></span> <span class='ocrx_word' id='word_1_440' title='bbox 3587 2870 3739 2908; x_wconf 89' lang='lat' dir='ltr'><strong>mora</strong></span> 
     </span>
    </p>
   </div>
   <div class='ocr_carea' id='block_1_55' title="bbox 2176 2936 3736 3013">
    <p class='ocr_par' dir='ltr' id='par_1_55' title="bbox 2176 2936 3736 3013">
     <span class='ocr_line' id='line_1_55' title="bbox 2176 2936 3736 3013; baseline 0.008 -24"><span class='ocrx_word' id='word_1_441' title='bbox 2176 2937 2409 2989; x_wconf 88' lang='lat' dir='ltr'><strong>credidit</strong></span> <span class='ocrx_word' id='word_1_442' title='bbox 2437 2936 2490 2989; x_wconf 88' lang='lat' dir='ltr'><strong>in</strong></span> <span class='ocrx_word' id='word_1_443' title='bbox 2516 2936 2817 3002; x_wconf 82' lang='lat' dir='ltr'><strong>Christum,</strong></span> <span class='ocrx_word' id='word_1_444' title='bbox 2859 2940 3267 3011; x_wconf 83' lang='lat' dir='ltr'><strong>baptizavitque</strong></span> <span class='ocrx_word' id='word_1_445' title='bbox 3314 2944 3461 2996; x_wconf 89' lang='lat' dir='ltr'><strong>illum</strong></span> <span class='ocrx_word' id='word_1_446' title='bbox 3497 2944 3736 3013; x_wconf 77' lang='lat' dir='ltr'><strong>Marcus,</strong></span> 
     </span>
    </p>
   </div>
   <div class='ocr_carea' id='block_1_56' title="bbox 2175 3028 3741 3098">
    <p class='ocr_par' dir='ltr' id='par_1_56' title="bbox 2175 3028 3741 3098">
     <span class='ocr_line' id='line_1_56' title="bbox 2175 3028 3741 3098; baseline 0.004 -18"><span class='ocrx_word' id='word_1_447' title='bbox 2175 3035 2227 3080; x_wconf 90' lang='lat' dir='ltr'><strong>et</strong></span> <span class='ocrx_word' id='word_1_448' title='bbox 2253 3028 2538 3080; x_wconf 83' lang='lat' dir='ltr'><strong>constituit</strong></span> <span class='ocrx_word' id='word_1_449' title='bbox 2575 3042 2696 3080; x_wconf 86' lang='lat' dir='ltr'><strong>eum</strong></span> <span class='ocrx_word' id='word_1_450' title='bbox 2744 3029 3530 3098; x_wconf 64' lang='lat' dir='ltr'><strong>patriarcham.Alexandriaa,</strong></span> <span class='ocrx_word' id='word_1_451' title='bbox 3578 3044 3741 3089; x_wconf 86' lang='lat' dir='ltr'><strong>etest</strong></span> 
     </span>
    </p>
   </div>
   <div class='ocr_carea' id='block_1_57' title="bbox 2175 3117 3741 3188">
    <p class='ocr_par' dir='ltr' id='par_1_57' title="bbox 2175 3117 3741 3188">
     <span class='ocr_line' id='line_1_57' title="bbox 2175 3117 3741 3188; baseline 0.008 -20"><span class='ocrx_word' id='word_1_452' title='bbox 2175 3117 2387 3188; x_wconf 89' lang='lat' dir='ltr'><strong>primus</strong></span> <span class='ocrx_word' id='word_1_453' title='bbox 2424 3119 2738 3187; x_wconf 89' lang='lat' dir='ltr'><strong>patriarcha</strong></span> <span class='ocrx_word' id='word_1_454' title='bbox 2786 3120 3127 3175; x_wconf 72' lang='lat' dir='ltr'><strong>Alexandria:</strong></span> <span class='ocrx_word' id='word_1_455' title='bbox 3203 3125 3554 3180; x_wconf 82' lang='lat' dir='ltr'><strong>constitutus.</strong></span> <span class='ocrx_word' id='word_1_456' title='bbox 3596 3126 3741 3182; x_wconf 84' lang='lat' dir='ltr'><strong>Con-</strong></span> 
     </span>
    </p>
   </div>
   <div class='ocr_carea' id='block_1_58' title="bbox 2176 3202 3739 3279">
    <p class='ocr_par' dir='ltr' id='par_1_58' title="bbox 2176 3202 3739 3279">
     <span class='ocr_line' id='line_1_58' title="bbox 2176 3202 3739 3279; baseline 0.007 -19"><span class='ocrx_word' id='word_1_457' title='bbox 2176 3207 2352 3260; x_wconf 87' lang='lat' dir='ltr'><strong>stituit</strong></span> <span class='ocrx_word' id='word_1_458' title='bbox 2419 3207 2583 3260; x_wconf 86' lang='lat' dir='ltr'><strong>etiam</strong></span> <span class='ocrx_word' id='word_1_459' title='bbox 2647 3206 2861 3264; x_wconf 82' lang='lat' dir='ltr'><strong>Marcus</strong></span> <span class='ocrx_word' id='word_1_460' title='bbox 2923 3212 3263 3278; x_wconf 86' lang='lat' dir='ltr'><strong>evangelista</strong></span> <span class='ocrx_word' id='word_1_461' title='bbox 3300 3202 3431 3268; x_wconf 85' lang='lat' dir='ltr'><strong>cunt</strong></span> <span class='ocrx_word' id='word_1_462' title='bbox 3491 3214 3739 3279; x_wconf 78' lang='lat' dir='ltr'><strong>llanania</strong></span> 
     </span>
    </p>
   </div>
   <div class='ocr_carea' id='block_1_59' title="bbox 2176 3297 3737 3377">
    <p class='ocr_par' dir='ltr' id='par_1_59' title="bbox 2176 3297 3737 3377">
     <span class='ocr_line' id='line_1_59' title="bbox 2176 3297 3737 3377; baseline 0.008 -27"><span class='ocrx_word' id='word_1_463' title='bbox 2176 3297 2483 3366; x_wconf 87' lang='lat' dir='ltr'><strong>patriarcha</strong></span> <span class='ocrx_word' id='word_1_464' title='bbox 2510 3298 2801 3361; x_wconf 80' lang='lat' dir='ltr'><strong>duodecim</strong></span> <span class='ocrx_word' id='word_1_465' title='bbox 2832 3302 3206 3372; x_wconf 84' lang='lat' dir='ltr'><strong>presbyteros.</strong></span> <span class='ocrx_word' id='word_1_466' title='bbox 3236 3306 3331 3372; x_wconf 92' lang='lat' dir='ltr'><strong>qui</strong></span> <span class='ocrx_word' id='word_1_467' title='bbox 3354 3305 3613 3362; x_wconf 89' lang='lat' dir='ltr'><strong>adessent</strong></span> <span class='ocrx_word' id='word_1_468' title='bbox 3644 3324 3737 3377; x_wconf 81' lang='lat' dir='ltr'><strong>pa-</strong></span> 
     </span>
    </p>
   </div>
   <div class='ocr_carea' id='block_1_60' title="bbox 2174 3390 3734 3466">
    <p class='ocr_par' dir='ltr' id='par_1_60' title="bbox 2174 3390 3734 3466">
     <span class='ocr_line' id='line_1_60' title="bbox 2174 3390 3734 3466; baseline 0.006 -21"><span class='ocrx_word' id='word_1_469' title='bbox 2174 3390 2448 3449; x_wconf 66' lang='lat' dir='ltr'><strong>triarchae.</strong></span> <span class='ocrx_word' id='word_1_470' title='bbox 2477 3401 2535 3445; x_wconf 90' lang='lat' dir='ltr'><strong>ut</strong></span> <span class='ocrx_word' id='word_1_471' title='bbox 2557 3392 2849 3446; x_wconf 84' lang='lat' dir='ltr'><strong>decedente</strong></span> <span class='ocrx_word' id='word_1_472' title='bbox 2880 3394 3209 3462; x_wconf 89' lang='lat' dir='ltr'><strong>patriarcha,</strong></span> <span class='ocrx_word' id='word_1_473' title='bbox 3242 3397 3506 3466; x_wconf 86' lang='lat' dir='ltr'><strong>eligerent</strong></span> <span class='ocrx_word' id='word_1_474' title='bbox 3566 3418 3734 3456; x_wconf 88' lang='lat' dir='ltr'><strong>unum</strong></span> 
     </span>
    </p>
   </div>
   <div class='ocr_carea' id='block_1_61' title="bbox 2173 3479 3733 3560">
    <p class='ocr_par' dir='ltr' id='par_1_61' title="bbox 2173 3479 3733 3560">
     <span class='ocr_line' id='line_1_61' title="bbox 2173 3479 3733 3560; baseline 0.008 -27"><span class='ocrx_word' id='word_1_475' title='bbox 2173 3495 2238 3533; x_wconf 82' lang='lat' dir='ltr'><strong>ex</strong></span> <span class='ocrx_word' id='word_1_476' title='bbox 2290 3479 2578 3535; x_wconf 90' lang='lat' dir='ltr'><strong>duodecim</strong></span> <span class='ocrx_word' id='word_1_477' title='bbox 2634 3484 2991 3553; x_wconf 86' lang='lat' dir='ltr'><strong>presbyteris,</strong></span> <span class='ocrx_word' id='word_1_478' title='bbox 3053 3494 3105 3538; x_wconf 91' lang='lat' dir='ltr'><strong>et</strong></span> <span class='ocrx_word' id='word_1_479' title='bbox 3163 3487 3510 3555; x_wconf 84' lang='lat' dir='ltr'><strong>imponerent</strong></span> <span class='ocrx_word' id='word_1_480' title='bbox 3538 3493 3733 3560; x_wconf 85' lang='lat' dir='ltr'><strong>reliqui</strong></span> 
     </span>
    </p>
   </div>
   <div class='ocr_carea' id='block_1_62' title="bbox 2174 3569 3740 3646">
    <p class='ocr_par' dir='ltr' id='par_1_62' title="bbox 2174 3569 3740 3646">
     <span class='ocr_line' id='line_1_62' title="bbox 2174 3569 3740 3646; baseline 0.006 -24"><span class='ocrx_word' id='word_1_481' title='bbox 2174 3569 2425 3622; x_wconf 89' lang='lat' dir='ltr'><strong>undecim</strong></span> <span class='ocrx_word' id='word_1_482' title='bbox 2475 3570 2783 3642; x_wconf 86' lang='lat' dir='ltr'><strong>presbyteri</strong></span> <span class='ocrx_word' id='word_1_483' title='bbox 2821 3588 3016 3627; x_wconf 89' lang='lat' dir='ltr'><strong>manus</strong></span> <span class='ocrx_word' id='word_1_484' title='bbox 3059 3589 3190 3628; x_wconf 84' lang='lat' dir='ltr'><strong>suas</strong></span> <span class='ocrx_word' id='word_1_485' title='bbox 3238 3577 3400 3646; x_wconf 87' lang='lat' dir='ltr'><strong>capiti</strong></span> <span class='ocrx_word' id='word_1_486' title='bbox 3458 3580 3572 3646; x_wconf 88' lang='lat' dir='ltr'><strong>ejus</strong></span> <span class='ocrx_word' id='word_1_487' title='bbox 3603 3618 3619 3639; x_wconf 85' lang='lat'><strong>,</strong></span> <span class='ocrx_word' id='word_1_488' title='bbox 3681 3591 3740 3633; x_wconf 82' lang='lat' dir='ltr'><strong>et</strong></span> 
     </span>
    </p>
   </div>
   <div class='ocr_carea' id='block_1_63' title="bbox 2174 3660 3741 3739">
    <p class='ocr_par' dir='ltr' id='par_1_63' title="bbox 2174 3660 3741 3739">
     <span class='ocr_line' id='line_1_63' title="bbox 2174 3660 3741 3739; baseline 0.006 -25"><span class='ocrx_word' id='word_1_489' title='bbox 2174 3660 2561 3717; x_wconf 87' lang='lat' dir='ltr'><strong>benedicereut</strong></span> <span class='ocrx_word' id='word_1_490' title='bbox 2599 3679 2746 3727; x_wconf 91' lang='lat' dir='ltr'><strong>eum,</strong></span> <span class='ocrx_word' id='word_1_491' title='bbox 2794 3673 2847 3718; x_wconf 90' lang='lat' dir='ltr'><strong>et</strong></span> <span class='ocrx_word' id='word_1_492' title='bbox 2891 3667 3292 3720; x_wconf 87' lang='lat' dir='ltr'><strong>constituerent</strong></span> <span class='ocrx_word' id='word_1_493' title='bbox 3337 3684 3463 3723; x_wconf 92' lang='lat' dir='ltr'><strong>eum</strong></span> <span class='ocrx_word' id='word_1_494' title='bbox 3506 3673 3741 3739; x_wconf 82' lang='lat' dir='ltr'><strong>patriar-</strong></span> 
     </span>
    </p>
   </div>
   <div class='ocr_carea' id='block_1_64' title="bbox 2175 3752 3742 3827">
    <p class='ocr_par' dir='ltr' id='par_1_64' title="bbox 2175 3752 3742 3827">
     <span class='ocr_line' id='line_1_64' title="bbox 2175 3752 3742 3827; baseline 0.008 -22"><span class='ocrx_word' id='word_1_495' title='bbox 2175 3752 2357 3806; x_wconf 88' lang='lat' dir='ltr'><strong>cham.</strong></span> <span class='ocrx_word' id='word_1_496' title='bbox 2389 3753 2523 3808; x_wconf 90' lang='lat' dir='ltr'><strong>Dein</strong></span> <span class='ocrx_word' id='word_1_497' title='bbox 2579 3755 2841 3824; x_wconf 84' lang='lat' dir='ltr'><strong>eligerent</strong></span> <span class='ocrx_word' id='word_1_498' title='bbox 2895 3757 3073 3810; x_wconf 88' lang='lat' dir='ltr'><strong>virum</strong></span> <span class='ocrx_word' id='word_1_499' title='bbox 3130 3758 3365 3827; x_wconf 88' lang='lat' dir='ltr'><strong>aliquem</strong></span> <span class='ocrx_word' id='word_1_500' title='bbox 3443 3762 3742 3817; x_wconf 79' lang='lat' dir='ltr'><strong>virtutibus</strong></span> 
     </span>
    </p>
   </div>
   <div class='ocr_carea' id='block_1_65' title="bbox 2173 3849 3742 3924">
    <p class='ocr_par' dir='ltr' id='par_1_65' title="bbox 2173 3849 3742 3924">
     <span class='ocr_line' id='line_1_65' title="bbox 2173 3849 3742 3924; baseline 0.008 -25"><span class='ocrx_word' id='word_1_501' title='bbox 2173 3855 2543 3914; x_wconf 88' lang='lat' dir='ltr'><strong>praestantem,</strong></span> <span class='ocrx_word' id='word_1_502' title='bbox 2587 3849 2851 3919; x_wconf 87' lang='lat' dir='ltr'><strong>illumque</strong></span> <span class='ocrx_word' id='word_1_503' title='bbox 2884 3849 3197 3905; x_wconf 84' lang='lat' dir='ltr'><strong>sutlicerent</strong></span> <span class='ocrx_word' id='word_1_504' title='bbox 3232 3853 3614 3924; x_wconf 88' lang='lat' dir='ltr'><strong>presbyterqu</strong></span> <span class='ocrx_word' id='word_1_505' title='bbox 3648 3872 3742 3912; x_wconf 84' lang='lat' dir='ltr'><strong>se-</strong></span> 
     </span>
    </p>
   </div>
   <div class='ocr_carea' id='block_1_66' title="bbox 2172 3937 3745 4012">
    <p class='ocr_par' dir='ltr' id='par_1_66' title="bbox 2172 3937 3745 4012">
     <span class='ocr_line' id='line_1_66' title="bbox 2172 3937 3745 4012; baseline 0.008 -23"><span class='ocrx_word' id='word_1_506' title='bbox 2172 3950 2297 3990; x_wconf 90' lang='lat' dir='ltr'><strong>cum</strong></span> <span class='ocrx_word' id='word_1_507' title='bbox 2330 3937 2451 3991; x_wconf 90' lang='lat' dir='ltr'><strong>loco</strong></span> <span class='ocrx_word' id='word_1_508' title='bbox 2484 3938 2625 4006; x_wconf 81' lang='lat' dir='ltr'><strong>ejus,</strong></span> <span class='ocrx_word' id='word_1_509' title='bbox 2653 3939 2743 4009; x_wconf 89' lang='lat' dir='ltr'><strong>qui</strong></span> <span class='ocrx_word' id='word_1_510' title='bbox 2784 3941 3099 4008; x_wconf 86' lang='lat' dir='ltr'><strong>patriarcha</strong></span> <span class='ocrx_word' id='word_1_511' title='bbox 3129 3942 3394 3999; x_wconf 76' lang='lat' dir='ltr'><strong>suil&#39;cctus</strong></span> <span class='ocrx_word' id='word_1_512' title='bbox 3427 3955 3532 4012; x_wconf 88' lang='lat' dir='ltr'><strong>est,</strong></span> <span class='ocrx_word' id='word_1_513' title='bbox 3563 3957 3620 4001; x_wconf 90' lang='lat' dir='ltr'><strong>ut</strong></span> <span class='ocrx_word' id='word_1_514' title='bbox 3650 3963 3745 4002; x_wconf 78' lang='lat' dir='ltr'><strong>cs-</strong></span> 
     </span>
    </p>
   </div>
   <div class='ocr_carea' id='block_1_67' title="bbox 498 4028 3743 4108">
    <p class='ocr_par' dir='ltr' id='par_1_67' title="bbox 498 4028 3743 4108">
     <span class='ocr_line' id='line_1_67' title="bbox 498 4028 3743 4108; baseline 0.002 -21"><span class='ocrx_word' id='word_1_515' title='bbox 498 4034 847 4089; x_wconf 67' lang='lat' dir='ltr'><strong>Alexandria:</strong></span> <span class='ocrx_word' id='word_1_516' title='bbox 885 4032 1197 4085; x_wconf 89' lang='lat' dir='ltr'><strong>institutuut</strong></span> <span class='ocrx_word' id='word_1_517' title='bbox 1231 4030 1334 4083; x_wconf 91' lang='lat' dir='ltr'><strong>hoc</strong></span> <span class='ocrx_word' id='word_1_518' title='bbox 1357 4028 1424 4083; x_wconf 89' lang='lat' dir='ltr'><strong>de</strong></span> <span class='ocrx_word' id='word_1_519' title='bbox 1451 4028 1799 4098; x_wconf 89' lang='lat' dir='ltr'><strong>presbyteris,</strong></span> <span class='ocrx_word' id='word_1_520' title='bbox 1846 4038 1904 4081; x_wconf 84' lang='grc' dir='ltr'><strong>ιιι</strong></span> <span class='ocrx_word' id='word_1_521' title='bbox 1959 4028 2137 4108; x_wconf 72' lang='lat' dir='ltr'><strong>sci~c</strong></span> <span class='ocrx_word' id='word_1_522' title='bbox 2172 4037 2297 4082; x_wconf 90' lang='lat' dir='ltr'><strong>seut</strong></span> <span class='ocrx_word' id='word_1_523' title='bbox 2344 4038 2607 4099; x_wconf 90' lang='lat' dir='ltr'><strong>perpetuo</strong></span> <span class='ocrx_word' id='word_1_524' title='bbox 2666 4031 2980 4089; x_wconf 89' lang='lat' dir='ltr'><strong>duodecim.</strong></span> <span class='ocrx_word' id='word_1_525' title='bbox 3035 4031 3225 4103; x_wconf 85' lang='lat' dir='ltr'><strong>Neque</strong></span> <span class='ocrx_word' id='word_1_526' title='bbox 3261 4034 3425 4089; x_wconf 84' lang='lat' dir='ltr'><strong>desiit</strong></span> <span class='ocrx_word' id='word_1_527' title='bbox 3478 4052 3594 4092; x_wconf 91' lang='lat' dir='ltr'><strong>mos</strong></span> <span class='ocrx_word' id='word_1_528' title='bbox 3645 4039 3743 4093; x_wconf 88' lang='lat' dir='ltr'><strong>ille</strong></span> 
     </span>
    </p>
   </div>
   <div class='ocr_carea' id='block_1_68' title="bbox 501 4119 2069 4195">
    <p class='ocr_par' dir='ltr' id='par_1_68' title="bbox 501 4119 2069 4195">
     <span class='ocr_line' id='line_1_68' title="bbox 501 4119 2069 4195; baseline -0.002 -17"><span class='ocrx_word' id='word_1_529' title='bbox 501 4126 629 4181; x_wconf 90' lang='lat' dir='ltr'><strong>licet</strong></span> <span class='ocrx_word' id='word_1_530' title='bbox 679 4124 1026 4195; x_wconf 88' lang='lat' dir='ltr'><strong>patriarchas</strong></span> <span class='ocrx_word' id='word_1_531' title='bbox 1059 4129 1311 4177; x_wconf 90' lang='lat' dir='ltr'><strong>crearent</strong></span> <span class='ocrx_word' id='word_1_532' title='bbox 1364 4137 1428 4174; x_wconf 87' lang='lat' dir='ltr'><strong>ex</strong></span> <span class='ocrx_word' id='word_1_533' title='bbox 1493 4120 1828 4189; x_wconf 86' lang='lat' dir='ltr'><strong>presbyteris</strong></span> <span class='ocrx_word' id='word_1_534' title='bbox 1863 4119 2069 4177; x_wconf 88' lang='lat' dir='ltr'><strong>duode-</strong></span> 
     </span>
    </p>
   </div>
   <div class='ocr_carea' id='block_1_69' title="bbox 498 4210 2067 4284">
    <p class='ocr_par' dir='ltr' id='par_1_69' title="bbox 498 4210 2067 4284">
     <span class='ocr_line' id='line_1_69' title="bbox 498 4210 2067 4284; baseline -0.004 -12"><span class='ocrx_word' id='word_1_535' title='bbox 498 4218 626 4281; x_wconf 89' lang='lat' dir='ltr'><strong>cim,</strong></span> <span class='ocrx_word' id='word_1_536' title='bbox 684 4232 861 4284; x_wconf 87' lang='lat' dir='ltr'><strong>usque</strong></span> <span class='ocrx_word' id='word_1_537' title='bbox 922 4215 988 4269; x_wconf 88' lang='lat' dir='ltr'><strong>ad</strong></span> <span class='ocrx_word' id='word_1_538' title='bbox 1063 4223 1306 4281; x_wconf 88' lang='lat' dir='ltr'><strong>tempora</strong></span> <span class='ocrx_word' id='word_1_539' title='bbox 1375 4210 1671 4265; x_wconf 75' lang='lat' dir='ltr'><strong>Alexandri</strong></span> <span class='ocrx_word' id='word_1_540' title='bbox 1736 4210 2067 4279; x_wconf 70' lang='lat' dir='ltr'><strong>patriarcha:</strong></span> 
     </span>
    </p>
   </div>
   <div class='ocr_carea' id='block_1_70' title="bbox 499 4301 2067 4376">
    <p class='ocr_par' dir='ltr' id='par_1_70' title="bbox 499 4301 2067 4376">
     <span class='ocr_line' id='line_1_70' title="bbox 499 4301 2067 4376; baseline -0.006 -11"><span class='ocrx_word' id='word_1_541' title='bbox 499 4310 853 4367; x_wconf 74' lang='lat' dir='ltr'><strong>AIeXandrini</strong></span> <span class='ocrx_word' id='word_1_542' title='bbox 887 4307 976 4376; x_wconf 90' lang='lat' dir='ltr'><strong>qui</strong></span> <span class='ocrx_word' id='word_1_543' title='bbox 1018 4306 1121 4362; x_wconf 83' lang='lat' dir='ltr'><strong>fuit</strong></span> <span class='ocrx_word' id='word_1_544' title='bbox 1151 4320 1217 4358; x_wconf 83' lang='lat' dir='ltr'><strong>ex</strong></span> <span class='ocrx_word' id='word_1_545' title='bbox 1251 4318 1482 4357; x_wconf 90' lang='lat' dir='ltr'><strong>numero</strong></span> <span class='ocrx_word' id='word_1_546' title='bbox 1506 4302 1599 4355; x_wconf 91' lang='lat' dir='ltr'><strong>illo</strong></span> <span class='ocrx_word' id='word_1_547' title='bbox 1634 4302 1758 4355; x_wconf 78' lang='lat'><strong>318.</strong></span> <span class='ocrx_word' id='word_1_548' title='bbox 1796 4301 1847 4355; x_wconf 83' lang='lat' dir='ltr'><strong>is</strong></span> <span class='ocrx_word' id='word_1_549' title='bbox 1885 4310 2067 4356; x_wconf 88' lang='lat' dir='ltr'><strong>autem</strong></span> 
     </span>
    </p>
   </div>
   <div class='ocr_carea' id='block_1_71' title="bbox 499 4395 2067 4466">
    <p class='ocr_par' dir='ltr' id='par_1_71' title="bbox 499 4395 2067 4466">
     <span class='ocr_line' id='line_1_71' title="bbox 499 4395 2067 4466; baseline -0.006 -9"><span class='ocrx_word' id='word_1_550' title='bbox 499 4404 671 4457; x_wconf 83' lang='lat' dir='ltr'><strong>vetuit</strong></span> <span class='ocrx_word' id='word_1_551' title='bbox 730 4414 797 4454; x_wconf 90' lang='lat' dir='ltr'><strong>ne</strong></span> <span class='ocrx_word' id='word_1_552' title='bbox 848 4397 1110 4466; x_wconf 87' lang='lat' dir='ltr'><strong>deinceps</strong></span> <span class='ocrx_word' id='word_1_553' title='bbox 1158 4395 1526 4466; x_wconf 87' lang='lat' dir='ltr'><strong>patriarcham</strong></span> <span class='ocrx_word' id='word_1_554' title='bbox 1564 4395 1865 4463; x_wconf 84' lang='lat' dir='ltr'><strong>presbyteri</strong></span> <span class='ocrx_word' id='word_1_555' title='bbox 1907 4409 2067 4450; x_wconf 80' lang='lat' dir='ltr'><strong>crea-</strong></span> 
     </span>
    </p>
   </div>
   <div class='ocr_carea' id='block_1_72' title="bbox 496 4484 2093 4554">
    <p class='ocr_par' dir='ltr' id='par_1_72' title="bbox 496 4484 2093 4554">
     <span class='ocr_line' id='line_1_72' title="bbox 496 4484 2093 4554; baseline -0.006 -6"><span class='ocrx_word' id='word_1_556' title='bbox 496 4502 641 4549; x_wconf 84' lang='lat' dir='ltr'><strong>rent.</strong></span> <span class='ocrx_word' id='word_1_557' title='bbox 699 4491 764 4544; x_wconf 85' lang='lat' dir='ltr'><strong>Et</strong></span> <span class='ocrx_word' id='word_1_558' title='bbox 805 4490 1049 4543; x_wconf 88' lang='lat' dir='ltr'><strong>decrevit</strong></span> <span class='ocrx_word' id='word_1_559' title='bbox 1087 4496 1144 4540; x_wconf 92' lang='lat' dir='ltr'><strong>ut</strong></span> <span class='ocrx_word' id='word_1_560' title='bbox 1195 4496 1413 4538; x_wconf 86' lang='lat' dir='ltr'><strong>mortuo</strong></span> <span class='ocrx_word' id='word_1_561' title='bbox 1459 4484 1771 4554; x_wconf 89' lang='lat' dir='ltr'><strong>patriarcha</strong></span> <span class='ocrx_word' id='word_1_562' title='bbox 1809 4484 2093 4551; x_wconf 41' lang='lat' dir='ltr'><strong>conveni-5</strong></span> 
     </span>
    </p>
   </div>
   <div class='ocr_carea' id='block_1_73' title="bbox 499 4576 2066 4651">
    <p class='ocr_par' dir='ltr' id='par_1_73' title="bbox 499 4576 2066 4651">
     <span class='ocr_line' id='line_1_73' title="bbox 499 4576 2066 4651; baseline -0.004 -13"><span class='ocrx_word' id='word_1_563' title='bbox 499 4592 622 4639; x_wconf 89' lang='lat' dir='ltr'><strong>rent</strong></span> <span class='ocrx_word' id='word_1_564' title='bbox 646 4581 888 4651; x_wconf 83' lang='lat' dir='ltr'><strong>episcOpi</strong></span> <span class='ocrx_word' id='word_1_565' title='bbox 934 4579 1027 4647; x_wconf 88' lang='lat' dir='ltr'><strong>qui</strong></span> <span class='ocrx_word' id='word_1_566' title='bbox 1082 4577 1453 4647; x_wconf 85' lang='lat' dir='ltr'><strong>patriarcham</strong></span> <span class='ocrx_word' id='word_1_567' title='bbox 1489 4577 1829 4633; x_wconf 88' lang='lat' dir='ltr'><strong>ordinarent.</strong></span> <span class='ocrx_word' id='word_1_568' title='bbox 1866 4576 2066 4631; x_wconf 89' lang='lat' dir='ltr'><strong>Decre-</strong></span> 
     </span>
    </p>
   </div>
   <div class='ocr_carea' id='block_1_74' title="bbox 498 4666 2067 4738">
    <p class='ocr_par' dir='ltr' id='par_1_74' title="bbox 498 4666 2067 4738">
     <span class='ocr_line' id='line_1_74' title="bbox 498 4666 2067 4738; baseline -0.004 -8"><span class='ocrx_word' id='word_1_569' title='bbox 498 4677 576 4730; x_wconf 90' lang='lat' dir='ltr'><strong>vit</strong></span> <span class='ocrx_word' id='word_1_570' title='bbox 609 4679 733 4727; x_wconf 90' lang='lat' dir='ltr'><strong>item</strong></span> <span class='ocrx_word' id='word_1_571' title='bbox 767 4678 1074 4735; x_wconf 82' lang='lat' dir='ltr'><strong>utvacattte</strong></span> <span class='ocrx_word' id='word_1_572' title='bbox 1112 4669 1507 4738; x_wconf 83' lang='lat' dir='ltr'><strong>patriarchatu,</strong></span> <span class='ocrx_word' id='word_1_573' title='bbox 1552 4666 1821 4736; x_wconf 90' lang='lat' dir='ltr'><strong>eligerent</strong></span> <span class='ocrx_word' id='word_1_574' title='bbox 1849 4667 1965 4722; x_wconf 90' lang='lat' dir='ltr'><strong>sive</strong></span> <span class='ocrx_word' id='word_1_575' title='bbox 2001 4682 2067 4723; x_wconf 78' lang='lat' dir='ltr'><strong>ex</strong></span> 
     </span>
    </p>
   </div>
   <div class='ocr_carea' id='block_1_75' title="bbox 500 4757 2070 4836">
    <p class='ocr_par' dir='ltr' id='par_1_75' title="bbox 500 4757 2070 4836">
     <span class='ocr_line' id='line_1_75' title="bbox 500 4757 2070 4836; baseline -0.004 -17"><span class='ocrx_word' id='word_1_576' title='bbox 500 4778 828 4836; x_wconf 86' lang='lat' dir='ltr'><strong>quacunque</strong></span> <span class='ocrx_word' id='word_1_577' title='bbox 858 4764 1080 4831; x_wconf 87' lang='lat' dir='ltr'><strong>regione</strong></span> <span class='ocrx_word' id='word_1_578' title='bbox 1119 4762 1231 4814; x_wconf 88' lang='lat' dir='ltr'><strong>sive</strong></span> <span class='ocrx_word' id='word_1_579' title='bbox 1270 4774 1337 4814; x_wconf 77' lang='lat' dir='ltr'><strong>ex</strong></span> <span class='ocrx_word' id='word_1_580' title='bbox 1371 4757 1666 4812; x_wconf 87' lang='lat' dir='ltr'><strong>duodecim</strong></span> <span class='ocrx_word' id='word_1_581' title='bbox 1710 4758 1814 4813; x_wconf 90' lang='lat' dir='ltr'><strong>illis</strong></span> <span class='ocrx_word' id='word_1_582' title='bbox 1843 4759 2070 4829; x_wconf 88' lang='lat' dir='ltr'><strong>presby—</strong></span> 
     </span>
    </p>
   </div>
   <div class='ocr_carea' id='block_1_76' title="bbox 501 4851 2067 4920">
    <p class='ocr_par' dir='ltr' id='par_1_76' title="bbox 501 4851 2067 4920">
     <span class='ocr_line' id='line_1_76' title="bbox 501 4851 2067 4920; baseline -0.003 -9"><span class='ocrx_word' id='word_1_583' title='bbox 501 4859 639 4912; x_wconf 89' lang='lat' dir='ltr'><strong>teris</strong></span> <span class='ocrx_word' id='word_1_584' title='bbox 670 4857 784 4910; x_wconf 86' lang='lat' dir='ltr'><strong>sive</strong></span> <span class='ocrx_word' id='word_1_585' title='bbox 810 4855 959 4918; x_wconf 87' lang='lat' dir='ltr'><strong>altis,</strong></span> <span class='ocrx_word' id='word_1_586' title='bbox 986 4862 1046 4907; x_wconf 91' lang='lat' dir='ltr'><strong>ut</strong></span> <span class='ocrx_word' id='word_1_587' title='bbox 1087 4867 1177 4907; x_wconf 89' lang='lat' dir='ltr'><strong>res</strong></span> <span class='ocrx_word' id='word_1_588' title='bbox 1209 4852 1441 4915; x_wconf 79' lang='lat' dir='ltr'><strong>ferebat,</strong></span> <span class='ocrx_word' id='word_1_589' title='bbox 1463 4853 1639 4905; x_wconf 87' lang='lat' dir='ltr'><strong>virum</strong></span> <span class='ocrx_word' id='word_1_590' title='bbox 1683 4851 1920 4920; x_wconf 88' lang='lat' dir='ltr'><strong>aliquem</strong></span> <span class='ocrx_word' id='word_1_591' title='bbox 1949 4852 2067 4906; x_wconf 88' lang='lat' dir='ltr'><strong>exi-</strong></span> 
     </span>
    </p>
   </div>
   <div class='ocr_carea' id='block_1_77' title="bbox 498 4944 2068 5017">
    <p class='ocr_par' dir='ltr' id='par_1_77' title="bbox 498 4944 2068 5017">
     <span class='ocr_line' id='line_1_77' title="bbox 498 4944 2068 5017; baseline -0.005 -12"><span class='ocrx_word' id='word_1_592' title='bbox 498 4953 686 5012; x_wconf 89' lang='lat' dir='ltr'><strong>mium,</strong></span> <span class='ocrx_word' id='word_1_593' title='bbox 719 4962 954 5017; x_wconf 90' lang='lat' dir='ltr'><strong>eumque</strong></span> <span class='ocrx_word' id='word_1_594' title='bbox 972 4945 1337 5016; x_wconf 86' lang='lat' dir='ltr'><strong>patriarcham</strong></span> <span class='ocrx_word' id='word_1_595' title='bbox 1362 4951 1633 4998; x_wconf 87' lang='lat' dir='ltr'><strong>crearent.</strong></span> <span class='ocrx_word' id='word_1_596' title='bbox 1655 4944 1829 5012; x_wconf 84' lang='lat' dir='ltr'><strong>Atque</strong></span> <span class='ocrx_word' id='word_1_597' title='bbox 1855 4944 1924 4995; x_wconf 87' lang='lat' dir='ltr'><strong>ita</strong></span> <span class='ocrx_word' id='word_1_598' title='bbox 1941 4959 2068 4997; x_wconf 91' lang='lat' dir='ltr'><strong>eva-</strong></span> 
     </span>
    </p>
   </div>
   <div class='ocr_carea' id='block_1_78' title="bbox 499 5034 2061 5104">
    <p class='ocr_par' dir='ltr' id='par_1_78' title="bbox 499 5034 2061 5104">
     <span class='ocr_line' id='line_1_78' title="bbox 499 5034 2061 5104; baseline -0.003 -9"><span class='ocrx_word' id='word_1_599' title='bbox 499 5043 616 5095; x_wconf 91' lang='lat' dir='ltr'><strong>nuit</strong></span> <span class='ocrx_word' id='word_1_600' title='bbox 642 5042 955 5094; x_wconf 90' lang='lat' dir='ltr'><strong>institutum</strong></span> <span class='ocrx_word' id='word_1_601' title='bbox 989 5038 1122 5090; x_wconf 90' lang='lat' dir='ltr'><strong>illud</strong></span> <span class='ocrx_word' id='word_1_602' title='bbox 1159 5035 1467 5104; x_wconf 87' lang='lat' dir='ltr'><strong>antiquius,</strong></span> <span class='ocrx_word' id='word_1_603' title='bbox 1509 5050 1619 5103; x_wconf 90' lang='lat' dir='ltr'><strong>quo</strong></span> <span class='ocrx_word' id='word_1_604' title='bbox 1652 5034 1830 5087; x_wconf 88' lang='lat' dir='ltr'><strong>creari</strong></span> <span class='ocrx_word' id='word_1_605' title='bbox 1860 5036 2061 5091; x_wconf 87' lang='lat' dir='ltr'><strong>solitus</strong></span> 
     </span>
    </p>
   </div>
   <div class='ocr_carea' id='block_1_79' title="bbox 498 5124 2064 5202">
    <p class='ocr_par' dir='ltr' id='par_1_79' title="bbox 498 5124 2064 5202">
     <span class='ocr_line' id='line_1_79' title="bbox 498 5124 2064 5202; baseline -0.006 -14"><span class='ocrx_word' id='word_1_606' title='bbox 498 5131 887 5202; x_wconf 85' lang='lat' dir='ltr'><strong>apresbyteris</strong></span> <span class='ocrx_word' id='word_1_607' title='bbox 934 5127 1283 5197; x_wconf 88' lang='lat' dir='ltr'><strong>patriarcha;</strong></span> <span class='ocrx_word' id='word_1_608' title='bbox 1361 5132 1415 5183; x_wconf 90' lang='lat' dir='ltr'><strong>et</strong></span> <span class='ocrx_word' id='word_1_609' title='bbox 1458 5124 1727 5179; x_wconf 89' lang='lat' dir='ltr'><strong>successit</strong></span> <span class='ocrx_word' id='word_1_610' title='bbox 1776 5124 1829 5177; x_wconf 90' lang='lat' dir='ltr'><strong>in</strong></span> <span class='ocrx_word' id='word_1_611' title='bbox 1888 5128 2064 5179; x_wconf 88' lang='lat' dir='ltr'><strong>locum</strong></span> 
     </span>
    </p>
   </div>
   <div class='ocr_carea' id='block_1_80' title="bbox 499 5215 2064 5294">
    <p class='ocr_par' dir='ltr' id='par_1_80' title="bbox 499 5215 2064 5294">
     <span class='ocr_line' id='line_1_80' title="bbox 499 5215 2064 5294; baseline -0.006 -15"><span class='ocrx_word' id='word_1_612' title='bbox 499 5225 619 5294; x_wconf 79' lang='lat' dir='ltr'><strong>ejus</strong></span> <span class='ocrx_word' id='word_1_613' title='bbox 648 5224 933 5278; x_wconf 78' lang='lat' dir='ltr'><strong>decretum</strong></span> <span class='ocrx_word' id='word_1_614' title='bbox 965 5220 1033 5273; x_wconf 89' lang='lat' dir='ltr'><strong>de</strong></span> <span class='ocrx_word' id='word_1_615' title='bbox 1070 5218 1379 5286; x_wconf 88' lang='lat' dir='ltr'><strong>patriarcha</strong></span> <span class='ocrx_word' id='word_1_616' title='bbox 1413 5217 1481 5269; x_wconf 88' lang='lat' dir='ltr'><strong>ab</strong></span> <span class='ocrx_word' id='word_1_617' title='bbox 1507 5215 1779 5284; x_wconf 82' lang='lat' dir='ltr'><strong>episcopis</strong></span> <span class='ocrx_word' id='word_1_618' title='bbox 1807 5216 2064 5271; x_wconf 87' lang='lat' dir='ltr'><strong>creando.</strong></span> 
     </span>
    </p>
   </div>
   <div class='ocr_carea' id='block_1_81' title="bbox 499 5307 2065 5383">
    <p class='ocr_par' dir='ltr' id='par_1_81' title="bbox 499 5307 2065 5383">
     <span class='ocr_line' id='line_1_81' title="bbox 499 5307 2065 5383; baseline -0.006 -10"><span class='ocrx_word' id='word_1_619' title='bbox 499 5317 551 5373; x_wconf 82' lang='lat' dir='ltr'><strong>Is</strong></span> <span class='ocrx_word' id='word_1_620' title='bbox 576 5317 739 5371; x_wconf 79' lang='lat' dir='ltr'><strong>etiam</strong></span> <span class='ocrx_word' id='word_1_621' title='bbox 773 5314 928 5383; x_wconf 86' lang='lat' dir='ltr'><strong>petiit</strong></span> <span class='ocrx_word' id='word_1_622' title='bbox 961 5310 1031 5365; x_wconf 86' lang='lat' dir='ltr'><strong>ab</strong></span> <span class='ocrx_word' id='word_1_623' title='bbox 1061 5310 1142 5365; x_wconf 88' lang='lat' dir='ltr'><strong>eis</strong></span> <span class='ocrx_word' id='word_1_624' title='bbox 1181 5323 1251 5363; x_wconf 90' lang='lat' dir='ltr'><strong>ne</strong></span> <span class='ocrx_word' id='word_1_625' title='bbox 1297 5307 1607 5378; x_wconf 87' lang='lat' dir='ltr'><strong>patriarcha</strong></span> <span class='ocrx_word' id='word_1_626' title='bbox 1658 5307 2065 5364; x_wconf 81' lang='lat' dir='ltr'><strong>Alexandrinus</strong></span> 
     </span>
    </p>
   </div>
   <div class='ocr_carea' id='block_1_82' title="bbox 2170 4122 3744 4199">
    <p class='ocr_par' dir='ltr' id='par_1_82' title="bbox 2170 4122 3744 4199">
     <span class='ocr_line' id='line_1_82' title="bbox 2170 4122 3744 4199; baseline 0.008 -27"><span class='ocrx_word' id='word_1_627' title='bbox 2170 4122 2615 4191; x_wconf 86' lang='lat' dir='ltr'><strong>presbyterorum</strong></span> <span class='ocrx_word' id='word_1_628' title='bbox 2669 4124 3016 4179; x_wconf 81' lang='lat' dir='ltr'><strong>Alexandriae</strong></span> <span class='ocrx_word' id='word_1_629' title='bbox 3075 4127 3450 4182; x_wconf 90' lang='lat' dir='ltr'><strong>constituendi</strong></span> <span class='ocrx_word' id='word_1_630' title='bbox 3496 4131 3744 4199; x_wconf 86' lang='lat' dir='ltr'><strong>patriar-</strong></span> 
     </span>
    </p>
   </div>
   <div class='ocr_carea' id='block_1_83' title="bbox 2169 4211 3745 4289">
    <p class='ocr_par' dir='ltr' id='par_1_83' title="bbox 2169 4211 3745 4289">
     <span class='ocr_line' id='line_1_83' title="bbox 2169 4211 3745 4289; baseline 0.008 -25"><span class='ocrx_word' id='word_1_631' title='bbox 2169 4213 2326 4264; x_wconf 89' lang='lat' dir='ltr'><strong>cham</strong></span> <span class='ocrx_word' id='word_1_632' title='bbox 2350 4228 2413 4265; x_wconf 86' lang='lat' dir='ltr'><strong>ex</strong></span> <span class='ocrx_word' id='word_1_633' title='bbox 2439 4211 2506 4266; x_wconf 92' lang='lat' dir='ltr'><strong>iis</strong></span> <span class='ocrx_word' id='word_1_634' title='bbox 2531 4211 2820 4266; x_wconf 87' lang='lat' dir='ltr'><strong>duodecim</strong></span> <span class='ocrx_word' id='word_1_635' title='bbox 2857 4214 3194 4284; x_wconf 84' lang='lat' dir='ltr'><strong>presbyteris</strong></span> <span class='ocrx_word' id='word_1_636' title='bbox 3221 4232 3391 4286; x_wconf 90' lang='lat' dir='ltr'><strong>usque</strong></span> <span class='ocrx_word' id='word_1_637' title='bbox 3416 4218 3482 4271; x_wconf 88' lang='lat' dir='ltr'><strong>ad</strong></span> <span class='ocrx_word' id='word_1_638' title='bbox 3516 4228 3745 4289; x_wconf 88' lang='lat' dir='ltr'><strong>tempus</strong></span> 
     </span>
    </p>
   </div>
   <div class='ocr_carea' id='block_1_84' title="bbox 2168 4300 3747 4377">
    <p class='ocr_par' dir='ltr' id='par_1_84' title="bbox 2168 4300 3747 4377">
     <span class='ocr_line' id='line_1_84' title="bbox 2168 4300 3747 4377; baseline 0.008 -24"><span class='ocrx_word' id='word_1_639' title='bbox 2168 4300 2459 4354; x_wconf 84' lang='lat' dir='ltr'><strong>Alexandri</strong></span> <span class='ocrx_word' id='word_1_640' title='bbox 2487 4303 2815 4371; x_wconf 70' lang='lat' dir='ltr'><strong>patriarchae</strong></span> <span class='ocrx_word' id='word_1_641' title='bbox 2852 4306 3221 4371; x_wconf 66' lang='lat' dir='ltr'><strong>Alexandriae,</strong></span> <span class='ocrx_word' id='word_1_642' title='bbox 3254 4309 3348 4377; x_wconf 91' lang='lat' dir='ltr'><strong>qui</strong></span> <span class='ocrx_word' id='word_1_643' title='bbox 3371 4318 3489 4363; x_wconf 91' lang='lat' dir='ltr'><strong>erat</strong></span> <span class='ocrx_word' id='word_1_644' title='bbox 3519 4326 3583 4363; x_wconf 87' lang='lat' dir='ltr'><strong>ex</strong></span> <span class='ocrx_word' id='word_1_645' title='bbox 3625 4326 3747 4366; x_wconf 83' lang='lat' dir='ltr'><strong>nu-</strong></span> 
     </span>
    </p>
   </div>
   <div class='ocr_carea' id='block_1_85' title="bbox 2169 4396 3749 4467">
    <p class='ocr_par' dir='ltr' id='par_1_85' title="bbox 2169 4396 3749 4467">
     <span class='ocr_line' id='line_1_85' title="bbox 2169 4396 3749 4467; baseline 0.008 -22"><span class='ocrx_word' id='word_1_646' title='bbox 2169 4406 2320 4445; x_wconf 88' lang='lat' dir='ltr'><strong>ntero</strong></span> <span class='ocrx_word' id='word_1_647' title='bbox 2351 4401 2716 4447; x_wconf 85' lang='lat' dir='ltr'><strong>trecentorum</strong></span> <span class='ocrx_word' id='word_1_648' title='bbox 2748 4396 3049 4450; x_wconf 90' lang='lat' dir='ltr'><strong>octodecim</strong></span> <span class='ocrx_word' id='word_1_649' title='bbox 3083 4398 3334 4467; x_wconf 87' lang='lat' dir='ltr'><strong>(Patrum</strong></span> <span class='ocrx_word' id='word_1_650' title='bbox 3380 4398 3580 4456; x_wconf 74' lang='lat' dir='ltr'><strong>Nictea:</strong></span> <span class='ocrx_word' id='word_1_651' title='bbox 3606 4419 3749 4457; x_wconf 81' lang='lat' dir='ltr'><strong>con-</strong></span> 
     </span>
    </p>
   </div>
   <div class='ocr_carea' id='block_1_86' title="bbox 2168 4484 3751 4560">
    <p class='ocr_par' dir='ltr' id='par_1_86' title="bbox 2168 4484 3751 4560">
     <span class='ocr_line' id='line_1_86' title="bbox 2168 4484 3751 4560; baseline 0.009 -26"><span class='ocrx_word' id='word_1_652' title='bbox 2168 4494 2503 4554; x_wconf 77' lang='lat' dir='ltr'><strong>gregatarum</strong></span> <span class='ocrx_word' id='word_1_653' title='bbox 2527 4484 2545 4554; x_wconf 90' lang='lat'><strong>)</strong></span> <span class='ocrx_word' id='word_1_654' title='bbox 2570 4501 2589 4551; x_wconf 85' lang='lat'><strong><em>;</em></strong></span> <span class='ocrx_word' id='word_1_655' title='bbox 2634 4485 2681 4538; x_wconf 91' lang='lat' dir='ltr'><strong>is</strong></span> <span class='ocrx_word' id='word_1_656' title='bbox 2710 4488 2853 4540; x_wconf 87' lang='lat' dir='ltr'><strong>enim</strong></span> <span class='ocrx_word' id='word_1_657' title='bbox 2876 4490 3065 4552; x_wconf 83' lang='lat' dir='ltr'><strong>vetuit,</strong></span> <span class='ocrx_word' id='word_1_658' title='bbox 3097 4504 3164 4542; x_wconf 91' lang='lat' dir='ltr'><strong>ne</strong></span> <span class='ocrx_word' id='word_1_659' title='bbox 3195 4490 3499 4560; x_wconf 89' lang='lat' dir='ltr'><strong>presbyteri</strong></span> <span class='ocrx_word' id='word_1_660' title='bbox 3528 4495 3751 4548; x_wconf 64' lang='grc' dir='ltr'><strong>εοιιειίγ</strong></span> 
     </span>
    </p>
   </div>
   <div class='ocr_carea' id='block_1_87' title="bbox 2171 4576 3751 4651">
    <p class='ocr_par' dir='ltr' id='par_1_87' title="bbox 2171 4576 3751 4651">
     <span class='ocr_line' id='line_1_87' title="bbox 2171 4576 3751 4651; baseline 0.008 -24"><span class='ocrx_word' id='word_1_661' title='bbox 2171 4576 2794 4644; x_wconf 86' lang='lat' dir='ltr'><strong>tuerentpatriarcham.</strong></span> <span class='ocrx_word' id='word_1_662' title='bbox 2825 4577 3093 4648; x_wconf 71' lang='lat' dir='ltr'><strong>Praecepit</strong></span> <span class='ocrx_word' id='word_1_663' title='bbox 3129 4595 3367 4651; x_wconf 87' lang='lat' dir='ltr'><strong>quoque,</strong></span> <span class='ocrx_word' id='word_1_664' title='bbox 3414 4592 3473 4636; x_wconf 86' lang='lat' dir='ltr'><strong>ut</strong></span> <span class='ocrx_word' id='word_1_665' title='bbox 3518 4593 3751 4640; x_wconf 88' lang='lat' dir='ltr'><strong>mortuo</strong></span> 
     </span>
    </p>
   </div>
   <div class='ocr_carea' id='block_1_88' title="bbox 2169 4667 3739 4741">
    <p class='ocr_par' dir='ltr' id='par_1_88' title="bbox 2169 4667 3739 4741">
     <span class='ocr_line' id='line_1_88' title="bbox 2169 4667 3739 4741; baseline 0.008 -23"><span class='ocrx_word' id='word_1_666' title='bbox 2169 4667 2503 4735; x_wconf 86' lang='lat' dir='ltr'><strong>patriarcha,</strong></span> <span class='ocrx_word' id='word_1_667' title='bbox 2551 4668 2910 4722; x_wconf 88' lang='lat' dir='ltr'><strong>convenirent</strong></span> <span class='ocrx_word' id='word_1_668' title='bbox 2947 4671 3188 4740; x_wconf 89' lang='lat' dir='ltr'><strong>episcopi</strong></span> <span class='ocrx_word' id='word_1_669' title='bbox 3246 4684 3296 4727; x_wconf 90' lang='lat' dir='ltr'><strong>et</strong></span> <span class='ocrx_word' id='word_1_670' title='bbox 3350 4674 3739 4741; x_wconf 77' lang='lat' dir='ltr'><strong>patriarcham</strong></span> 
     </span>
    </p>
   </div>
   <div class='ocr_carea' id='block_1_89' title="bbox 2170 4758 3756 4833">
    <p class='ocr_par' dir='ltr' id='par_1_89' title="bbox 2170 4758 3756 4833">
     <span class='ocr_line' id='line_1_89' title="bbox 2170 4758 3756 4833; baseline 0.005 -24"><span class='ocrx_word' id='word_1_671' title='bbox 2170 4758 2593 4813; x_wconf 84' lang='lat' dir='ltr'><strong>constituerent.</strong></span> <span class='ocrx_word' id='word_1_672' title='bbox 2642 4759 2908 4827; x_wconf 63' lang='lat' dir='ltr'><strong>Praecepit</strong></span> <span class='ocrx_word' id='word_1_673' title='bbox 2958 4763 3147 4826; x_wconf 86' lang='lat' dir='ltr'><strong>etiam,</strong></span> <span class='ocrx_word' id='word_1_674' title='bbox 3199 4770 3259 4815; x_wconf 92' lang='lat' dir='ltr'><strong>ut</strong></span> <span class='ocrx_word' id='word_1_675' title='bbox 3317 4763 3578 4819; x_wconf 82' lang='lat' dir='ltr'><strong>defuncto</strong></span> <span class='ocrx_word' id='word_1_676' title='bbox 3640 4780 3756 4833; x_wconf 81' lang='lat' dir='ltr'><strong>pa-</strong></span> 
     </span>
    </p>
   </div>
   <div class='ocr_carea' id='block_1_90' title="bbox 2170 4849 3747 4923">
    <p class='ocr_par' dir='ltr' id='par_1_90' title="bbox 2170 4849 3747 4923">
     <span class='ocr_line' id='line_1_90' title="bbox 2170 4849 3747 4923; baseline 0.004 -20"><span class='ocrx_word' id='word_1_677' title='bbox 2170 4849 2430 4915; x_wconf 87' lang='lat' dir='ltr'><strong>triarcha,</strong></span> <span class='ocrx_word' id='word_1_678' title='bbox 2478 4852 2741 4921; x_wconf 85' lang='lat' dir='ltr'><strong>eligerent</strong></span> <span class='ocrx_word' id='word_1_679' title='bbox 2794 4867 2862 4910; x_wconf 78' lang='lat' dir='ltr'><strong>ex</strong></span> <span class='ocrx_word' id='word_1_680' title='bbox 2913 4866 3244 4922; x_wconf 89' lang='lat' dir='ltr'><strong>quacunque</strong></span> <span class='ocrx_word' id='word_1_681' title='bbox 3283 4854 3507 4923; x_wconf 84' lang='lat' dir='ltr'><strong>regione</strong></span> <span class='ocrx_word' id='word_1_682' title='bbox 3553 4856 3747 4909; x_wconf 86' lang='lat' dir='ltr'><strong>virum</strong></span> 
     </span>
    </p>
   </div>
   <div class='ocr_carea' id='block_1_91' title="bbox 2172 4941 3754 5015">
    <p class='ocr_par' dir='ltr' id='par_1_91' title="bbox 2172 4941 3754 5015">
     <span class='ocr_line' id='line_1_91' title="bbox 2172 4941 3754 5015; baseline 0.006 -22"><span class='ocrx_word' id='word_1_683' title='bbox 2172 4941 2404 5011; x_wconf 90' lang='lat' dir='ltr'><strong>aliquem</strong></span> <span class='ocrx_word' id='word_1_684' title='bbox 2436 4942 2726 5000; x_wconf 84' lang='lat' dir='ltr'><strong>virtutibus</strong></span> <span class='ocrx_word' id='word_1_685' title='bbox 2755 4945 3153 5013; x_wconf 71' lang='lat' dir='ltr'><strong>praecellentem</strong></span> <span class='ocrx_word' id='word_1_686' title='bbox 3176 4983 3193 5008; x_wconf 93' lang='lat'><strong>,</strong></span> <span class='ocrx_word' id='word_1_687' title='bbox 3249 4947 3364 5000; x_wconf 89' lang='lat' dir='ltr'><strong>sive</strong></span> <span class='ocrx_word' id='word_1_688' title='bbox 3395 4946 3625 5015; x_wconf 87' lang='lat' dir='ltr'><strong>aliquem</strong></span> <span class='ocrx_word' id='word_1_689' title='bbox 3668 4963 3754 5002; x_wconf 71' lang='lat' dir='ltr'><strong>ex</strong></span> 
     </span>
    </p>
   </div>
   <div class='ocr_carea' id='block_1_92' title="bbox 2173 5031 3754 5106">
    <p class='ocr_par' dir='ltr' id='par_1_92' title="bbox 2173 5031 3754 5106">
     <span class='ocr_line' id='line_1_92' title="bbox 2173 5031 3754 5106; baseline 0.004 -23"><span class='ocrx_word' id='word_1_690' title='bbox 2173 5031 2277 5084; x_wconf 88' lang='lat' dir='ltr'><strong>illis</strong></span> <span class='ocrx_word' id='word_1_691' title='bbox 2315 5033 2602 5087; x_wconf 90' lang='lat' dir='ltr'><strong>duodecim</strong></span> <span class='ocrx_word' id='word_1_692' title='bbox 2643 5035 3011 5102; x_wconf 84' lang='lat' dir='ltr'><strong>presbyteris,</strong></span> <span class='ocrx_word' id='word_1_693' title='bbox 3063 5036 3178 5089; x_wconf 82' lang='lat' dir='ltr'><strong>sive</strong></span> <span class='ocrx_word' id='word_1_694' title='bbox 3216 5036 3374 5101; x_wconf 88' lang='lat' dir='ltr'><strong>aliis,</strong></span> <span class='ocrx_word' id='word_1_695' title='bbox 3425 5039 3583 5104; x_wconf 87' lang='lat' dir='ltr'><strong>cujus</strong></span> <span class='ocrx_word' id='word_1_696' title='bbox 3613 5036 3754 5106; x_wconf 69' lang='lat' dir='ltr'><strong>pia-</strong></span> 
     </span>
    </p>
   </div>
   <div class='ocr_carea' id='block_1_93' title="bbox 2172 5125 3754 5197">
    <p class='ocr_par' dir='ltr' id='par_1_93' title="bbox 2172 5125 3754 5197">
     <span class='ocr_line' id='line_1_93' title="bbox 2172 5125 3754 5197; baseline 0.005 -20"><span class='ocrx_word' id='word_1_697' title='bbox 2172 5131 2294 5178; x_wconf 91' lang='lat' dir='ltr'><strong>ceat</strong></span> <span class='ocrx_word' id='word_1_698' title='bbox 2336 5125 2600 5189; x_wconf 91' lang='lat' dir='ltr'><strong>conditio,</strong></span> <span class='ocrx_word' id='word_1_699' title='bbox 2628 5136 2685 5178; x_wconf 87' lang='lat' dir='ltr'><strong>et</strong></span> <span class='ocrx_word' id='word_1_700' title='bbox 2710 5126 2862 5179; x_wconf 90' lang='lat' dir='ltr'><strong>illum</strong></span> <span class='ocrx_word' id='word_1_701' title='bbox 2897 5128 3302 5181; x_wconf 85' lang='lat' dir='ltr'><strong>constituerent</strong></span> <span class='ocrx_word' id='word_1_702' title='bbox 3341 5130 3754 5197; x_wconf 80' lang='lat' dir='ltr'><strong>patriarcham,</strong></span> 
     </span>
    </p>
   </div>
   <div class='ocr_carea' id='block_1_94' title="bbox 2169 5215 3751 5287">
    <p class='ocr_par' dir='ltr' id='par_1_94' title="bbox 2169 5215 3751 5287">
     <span class='ocr_line' id='line_1_94' title="bbox 2169 5215 3751 5287; baseline 0.005 -18"><span class='ocrx_word' id='word_1_703' title='bbox 2169 5215 2515 5284; x_wconf 87' lang='lat' dir='ltr'><strong>cessavitque</strong></span> <span class='ocrx_word' id='word_1_704' title='bbox 2545 5216 2803 5285; x_wconf 89' lang='lat' dir='ltr'><strong>antiquus</strong></span> <span class='ocrx_word' id='word_1_705' title='bbox 2825 5232 2943 5271; x_wconf 90' lang='lat' dir='ltr'><strong>mos</strong></span> <span class='ocrx_word' id='word_1_706' title='bbox 2967 5217 3337 5272; x_wconf 86' lang='lat' dir='ltr'><strong>constituendi</strong></span> <span class='ocrx_word' id='word_1_707' title='bbox 3370 5220 3751 5287; x_wconf 85' lang='lat' dir='ltr'><strong>patriarcham</strong></span> 
     </span>
    </p>
   </div>
   <div class='ocr_carea' id='block_1_95' title="bbox 2170 5304 3754 5379">
    <p class='ocr_par' dir='ltr' id='par_1_95' title="bbox 2170 5304 3754 5379">
     <span class='ocr_line' id='line_1_95' title="bbox 2170 5304 3754 5379; baseline 0.004 -20"><span class='ocrx_word' id='word_1_708' title='bbox 2170 5320 2201 5359; x_wconf 88' lang='lat' dir='ltr'><strong>a</strong></span> <span class='ocrx_word' id='word_1_709' title='bbox 2235 5304 2591 5375; x_wconf 87' lang='lat' dir='ltr'><strong>presbyteris,</strong></span> <span class='ocrx_word' id='word_1_710' title='bbox 2633 5306 2883 5376; x_wconf 78' lang='lat' dir='ltr'><strong>factaque</strong></span> <span class='ocrx_word' id='word_1_711' title='bbox 2909 5316 2992 5362; x_wconf 89' lang='lat' dir='ltr'><strong>est</strong></span> <span class='ocrx_word' id='word_1_712' title='bbox 3036 5317 3282 5377; x_wconf 87' lang='lat' dir='ltr'><strong>potestas</strong></span> <span class='ocrx_word' id='word_1_713' title='bbox 3310 5324 3480 5378; x_wconf 89' lang='lat' dir='ltr'><strong>penes</strong></span> <span class='ocrx_word' id='word_1_714' title='bbox 3522 5311 3754 5379; x_wconf 76' lang='lat' dir='ltr'><strong>cpiso-</strong></span> 
     </span>
    </p>
   </div>
   <div class='ocr_carea' id='block_1_96' title="bbox 498 5379 3756 5475">
    <p class='ocr_par' dir='ltr' id='par_1_96' title="bbox 498 5379 3756 5475">
     <span class='ocr_line' id='line_1_96' title="bbox 498 5379 3756 5475; baseline -0.001 -17"><span class='ocrx_word' id='word_1_715' title='bbox 498 5421 637 5475; x_wconf 89' lang='lat' dir='ltr'><strong>papa</strong></span> <span class='ocrx_word' id='word_1_716' title='bbox 668 5379 1029 5467; x_wconf 83' lang='lat' dir='ltr'><strong>vocitaretur,</strong></span> <span class='ocrx_word' id='word_1_717' title='bbox 1074 5398 1221 5470; x_wconf 88' lang='lat' dir='ltr'><strong>quod</strong></span> <span class='ocrx_word' id='word_1_718' title='bbox 1262 5398 1536 5467; x_wconf 77' lang='lat' dir='ltr'><strong>signiﬁcat</strong></span> <span class='ocrx_word' id='word_1_719' title='bbox 1583 5414 1767 5452; x_wconf 85' lang='lat' dir='ltr'><strong>avum.</strong></span> <span class='ocrx_word' id='word_1_720' title='bbox 1801 5398 1906 5453; x_wconf 86' lang='lat' dir='ltr'><strong>Sed</strong></span> <span class='ocrx_word' id='word_1_721' title='bbox 1937 5413 2065 5454; x_wconf 88' lang='lat' dir='ltr'><strong>vero</strong></span> <span class='ocrx_word' id='word_1_722' title='bbox 2096 5379 2143 5438; x_wconf 72' lang='grc' dir='ltr'><strong>ἶ)</strong></span> <span class='ocrx_word' id='word_1_723' title='bbox 2170 5412 2269 5465; x_wconf 90' lang='lat' dir='ltr'><strong>pos</strong></span> <span class='ocrx_word' id='word_1_724' title='bbox 2318 5397 2683 5451; x_wconf 88' lang='lat' dir='ltr'><strong>constituendi</strong></span> <span class='ocrx_word' id='word_1_725' title='bbox 2740 5399 3130 5467; x_wconf 88' lang='lat' dir='ltr'><strong>patriarcham.</strong></span> <span class='ocrx_word' id='word_1_726' title='bbox 3185 5399 3241 5453; x_wconf 88' lang='lat' dir='ltr'><strong>Si</strong></span> <span class='ocrx_word' id='word_1_727' title='bbox 3287 5401 3380 5469; x_wconf 85' lang='lat' dir='ltr'><strong>qui</strong></span> <span class='ocrx_word' id='word_1_728' title='bbox 3435 5416 3566 5455; x_wconf 87' lang='lat' dir='ltr'><strong>vero</strong></span> <span class='ocrx_word' id='word_1_729' title='bbox 3614 5418 3756 5471; x_wconf 87' lang='lat' dir='ltr'><strong>per-</strong></span> 
     </span>
    </p>
   </div>
   <div class='ocr_carea' id='block_1_97' title="bbox 498 5480 2062 5566">
    <p class='ocr_par' dir='ltr' id='par_1_97' title="bbox 498 5480 2062 5566">
     <span class='ocr_line' id='line_1_97' title="bbox 498 5480 2062 5566; baseline -0.003 -15"><span class='ocrx_word' id='word_1_730' title='bbox 498 5501 569 5551; x_wconf 85' lang='lat' dir='ltr'><strong>ab</strong></span> <span class='ocrx_word' id='word_1_731' title='bbox 593 5497 833 5553; x_wconf 84' lang='lat' dir='ltr'><strong>Hanania</strong></span> <span class='ocrx_word' id='word_1_732' title='bbox 864 5511 1026 5566; x_wconf 83' lang='lat' dir='ltr'><strong>quem</strong></span> <span class='ocrx_word' id='word_1_733' title='bbox 1050 5480 1334 5550; x_wconf 77' lang='lat' dir='ltr'><strong>constituit</strong></span> <span class='ocrx_word' id='word_1_734' title='bbox 1356 5490 1571 5546; x_wconf 79' lang='lat' dir='ltr'><strong>Marcus</strong></span> <span class='ocrx_word' id='word_1_735' title='bbox 1595 5491 1930 5560; x_wconf 85' lang='lat' dir='ltr'><strong>evangelista</strong></span> <span class='ocrx_word' id='word_1_736' title='bbox 1966 5506 2062 5559; x_wconf 85' lang='lat' dir='ltr'><strong>pa-</strong></span> 
     </span>
    </p>
   </div>
   <div class='ocr_carea' id='block_1_98' title="bbox 499 5578 2060 5650">
    <p class='ocr_par' dir='ltr' id='par_1_98' title="bbox 499 5578 2060 5650">
     <span class='ocr_line' id='line_1_98' title="bbox 499 5578 2060 5650; baseline -0.001 -15"><span class='ocrx_word' id='word_1_737' title='bbox 499 5581 1168 5646; x_wconf 67' lang='lat' dir='ltr'><strong>triarchamAlexaudria,</strong></span> <span class='ocrx_word' id='word_1_738' title='bbox 1203 5594 1375 5650; x_wconf 85' lang='lat' dir='ltr'><strong>usque</strong></span> <span class='ocrx_word' id='word_1_739' title='bbox 1404 5579 1458 5632; x_wconf 91' lang='lat' dir='ltr'><strong>in</strong></span> <span class='ocrx_word' id='word_1_740' title='bbox 1495 5586 1738 5648; x_wconf 87' lang='lat' dir='ltr'><strong>tempora</strong></span> <span class='ocrx_word' id='word_1_741' title='bbox 1805 5578 2060 5633; x_wconf 88' lang='lat' dir='ltr'><strong>Demetrii</strong></span> 
     </span>
    </p>
   </div>
   <div class='ocr_carea' id='block_1_99' title="bbox 504 5666 2062 5742">
    <p class='ocr_par' dir='ltr' id='par_1_99' title="bbox 504 5666 2062 5742">
     <span class='ocr_line' id='line_1_99' title="bbox 504 5666 2062 5742; baseline 0.003 -21"><span class='ocrx_word' id='word_1_742' title='bbox 504 5670 826 5738; x_wconf 67' lang='lat' dir='ltr'><strong>patriarchae</strong></span> <span class='ocrx_word' id='word_1_743' title='bbox 876 5672 1076 5725; x_wconf 87' lang='lat' dir='ltr'><strong>ibidem</strong></span> <span class='ocrx_word' id='word_1_744' title='bbox 1117 5672 1190 5741; x_wconf 75' lang='lat' dir='ltr'><strong>(te</strong></span> <span class='ocrx_word' id='word_1_745' title='bbox 1236 5672 1549 5742; x_wconf 82' lang='lat' dir='ltr'><strong>patriarcha</strong></span> <span class='ocrx_word' id='word_1_746' title='bbox 1594 5670 1694 5726; x_wconf 79' lang='lat' dir='ltr'><strong>fuit</strong></span> <span class='ocrx_word' id='word_1_747' title='bbox 1733 5666 2062 5730; x_wconf 74' lang='lat' dir='ltr'><strong>Alexandri-</strong></span> 
     </span>
    </p>
   </div>
   <div class='ocr_carea' id='block_1_100' title="bbox 2169 5488 3755 5560">
    <p class='ocr_par' dir='ltr' id='par_1_100' title="bbox 2169 5488 3755 5560">
     <span class='ocr_line' id='line_1_100' title="bbox 2169 5488 3755 5560; baseline 0.003 -17"><span class='ocrx_word' id='word_1_748' title='bbox 2169 5490 2411 5547; x_wconf 84' lang='lat' dir='ltr'><strong>cuuctati</strong></span> <span class='ocrx_word' id='word_1_749' title='bbox 2454 5488 2677 5557; x_wconf 81' lang='lat' dir='ltr'><strong>iuerint,</strong></span> <span class='ocrx_word' id='word_1_750' title='bbox 2706 5488 2818 5545; x_wconf 88' lang='lat' dir='ltr'><strong>Cur</strong></span> <span class='ocrx_word' id='word_1_751' title='bbox 2842 5490 3151 5560; x_wconf 86' lang='lat' dir='ltr'><strong>patriarcha</strong></span> <span class='ocrx_word' id='word_1_752' title='bbox 3200 5492 3600 5547; x_wconf 81' lang='lat' dir='ltr'><strong>Alexandrinus</strong></span> <span class='ocrx_word' id='word_1_753' title='bbox 3640 5508 3755 5547; x_wconf 62' lang='lat' dir='ltr'><strong>vo-</strong></span> 
     </span>
    </p>
   </div>
   <div class='ocr_carea' id='block_1_101' title="bbox 2170 5579 3757 5654">
    <p class='ocr_par' dir='ltr' id='par_1_101' title="bbox 2170 5579 3757 5654">
     <span class='ocr_line' id='line_1_101' title="bbox 2170 5579 3757 5654; baseline 0.002 -19"><span class='ocrx_word' id='word_1_754' title='bbox 2170 5589 2326 5636; x_wconf 86' lang='lat' dir='ltr'><strong>catur</strong></span> <span class='ocrx_word' id='word_1_755' title='bbox 2350 5596 2485 5651; x_wconf 86' lang='lat' dir='ltr'><strong>papa</strong></span> <span class='ocrx_word' id='word_1_756' title='bbox 2511 5581 2533 5633; x_wconf 86' lang='lat'><strong>?</strong></span> <span class='ocrx_word' id='word_1_757' title='bbox 2561 5579 2704 5650; x_wconf 85' lang='lat' dir='ltr'><strong>Papa</strong></span> <span class='ocrx_word' id='word_1_758' title='bbox 2737 5594 2917 5637; x_wconf 86' lang='lat' dir='ltr'><strong>autem</strong></span> <span class='ocrx_word' id='word_1_759' title='bbox 2953 5598 3116 5640; x_wconf 86' lang='lat' dir='ltr'><strong>avum</strong></span> <span class='ocrx_word' id='word_1_760' title='bbox 3160 5584 3458 5654; x_wconf 80' lang='lat' dir='ltr'><strong>signiﬁcat,</strong></span> <span class='ocrx_word' id='word_1_761' title='bbox 3481 5584 3584 5638; x_wconf 88' lang='lat' dir='ltr'><strong>hoc</strong></span> <span class='ocrx_word' id='word_1_762' title='bbox 3615 5587 3757 5651; x_wconf 61' lang='lat' dir='ltr'><strong>qui-</strong></span> 
     </span>
    </p>
   </div>
   <div class='ocr_carea' id='block_1_102' title="bbox 2172 5672 3761 5747">
    <p class='ocr_par' dir='ltr' id='par_1_102' title="bbox 2172 5672 3761 5747">
     <span class='ocr_line' id='line_1_102' title="bbox 2172 5672 3761 5747; baseline 0.003 -18"><span class='ocrx_word' id='word_1_763' title='bbox 2172 5675 2292 5730; x_wconf 87' lang='lat' dir='ltr'><strong>dem</strong></span> <span class='ocrx_word' id='word_1_764' title='bbox 2322 5672 2462 5741; x_wconf 85' lang='lat' dir='ltr'><strong>ideo,</strong></span> <span class='ocrx_word' id='word_1_765' title='bbox 2509 5674 2636 5746; x_wconf 88' lang='lat' dir='ltr'><strong>quia</strong></span> <span class='ocrx_word' id='word_1_766' title='bbox 2685 5690 2715 5729; x_wconf 88' lang='lat' dir='ltr'><strong>a</strong></span> <span class='ocrx_word' id='word_1_767' title='bbox 2771 5684 3010 5746; x_wconf 83' lang='lat' dir='ltr'><strong>tempore</strong></span> <span class='ocrx_word' id='word_1_768' title='bbox 3057 5676 3338 5744; x_wconf 82' lang='lat' dir='ltr'><strong>llananiae,</strong></span> <span class='ocrx_word' id='word_1_769' title='bbox 3382 5690 3540 5747; x_wconf 85' lang='lat' dir='ltr'><strong>quem</strong></span> <span class='ocrx_word' id='word_1_770' title='bbox 3591 5675 3761 5733; x_wconf 74' lang='lat' dir='ltr'><strong>Mar-</strong></span> 
     </span>
    </p>
   </div>
  </div>
