4034 6214
378 288 489 352 905

1835 278 2203 341 ANNALES.

3551 272 3654 334 9C6

383 414 489 452 nus
514 393 852 465 undecimus)
877 392 1061 450 nullus
1086 400 1202 449 erat
1220 392 1274 447 in
1292 391 1585 462 provinciis
1599 387 1821 460 Egypti
1840 389 1959 457 epi-
2004 399 2033 445 Α
2066 402 2165 442 cus
2190 390 2522 459 evangelista
2549 387 2917 458 patriarcham
2961 387 3245 441 constituit
3273 389 3639 453 Alexandria,

380 504 621 559 scopus;
656 502 754 544 nec
790 487 1119 557 patriarcha
1142 493 1270 540 ante
1295 500 1419 540 eum
1456 492 1715 539 crearunt
1748 484 1958 552 episco-

380 597 503 651 pos.
548 580 641 634 Ille
688 588 869 633 autem
919 577 1099 634 factus
1140 577 1455 648 patriarcha
1502 585 1622 630 tres
1672 573 1958 628 constituit

378 672 691 742 episcopos.
730 670 794 723 Et
833 671 1048 739 primus
1095 668 1203 723 fuit
1241 669 1332 723 hic
1373 665 1694 738 patriarcha
1730 666 1958 719 Alexan-

380 763 599 827 drinus,
642 762 736 831 qui
769 763 1059 833 episcopos
1103 761 1256 817 fecit.
1294 760 1506 816 Mortuo
1542 759 1822 813 Demetrio
1847 758 1960 813 suf-

381 854 560 909 fectus
654 863 742 908 est
809 852 1070 908 Heraclas
1129 853 1444 925 patriarcha
1517 851 1959 913 Alexandrinus,

379 946 474 1016 qui
515 943 805 1014 episcopos
836 944 1130 999 constituit
1169 944 1387 1013 viginti.
1413 942 1492 996 Ex
1527 943 1613 998 his
1636 958 1781 997 unus
1820 950 1956 1007 crat,

382 1037 716 1092 Ammonius
740 1034 945 1101 dictus,
984 1036 1270 1106 religionis
1310 1036 1581 1090 desertor.
1626 1036 1702 1089 De
1746 1050 1855 1104 quo
1882 1034 1959 1087 si-
2002 1066 2009 1071 ο

381 1130 581 1185 mulae
598 1128 663 1182 ad
687 1126 968 1182 lleraclam
993 1128 1171 1182 delata
1198 1137 1285 1183 est
1325 1126 1495 1194 fama,
1536 1129 1885 1199 congregavit
1916 1130 1961 1181 is

385 1222 657 1293 synodum
686 1221 1099 1292 episcoporum,
1128 1229 1182 1276 et
1212 1222 1264 1275 in
1299 1221 1489 1276 urbem
1520 1220 1795 1273 Ammonii
1841 1234 1962 1286 per-

382 1316 549 1380 rexit,
585 1315 676 1369 ubi
731 1330 787 1369 re
823 1316 962 1369 satis
1009 1314 1230 1384 cognita
1278 1322 1332 1368 et
1371 1320 1681 1383 perspecta,
1720 1327 1843 1366 eum
1895 1311 1961 1364 ad

384 1408 673 1461 veritatem
727 1405 963 1459 reduxit.
1007 1404 1145 1459 Cum
1189 1419 1318 1459 vero
1367 1404 1623 1459 homines
1675 1401 1966 1456 audierant

385 1500 672 1570 episcopos
709 1498 950 1552 vocitare
980 1497 1344 1566 patriarcliam
1388 1498 1528 1571 abba
1562 1512 1656 1551 seu
1709 1504 1918 1565 patrem
1941 1533 1957 1558 ,

387 1595 530 1648 inter
572 1610 629 1648 se
651 1595 836 1648 dixere
877 1609 890 1645 :
930 1588 1043 1645 Nos
1087 1590 1401 1661 episcopum
1442 1588 1758 1659 quemlibet.
1793 1586 1962 1652 jAbba

386 1702 484 1741 seu
533 1694 742 1756 patrem
778 1683 1155 1755 appellamus;
1184 1691 1239 1736 et
1274 1680 1554 1751 appellant
1586 1678 1832 1749 episcopi
1870 1691 1966 1747 pa-

388 1778 688 1831 triarcham
755 1777 917 1831 abba.
974 1773 1129 1829 Unde
1172 1788 1305 1829 sane
1348 1783 1562 1843 oportet
1606 1781 1664 1825 ut
1709 1786 1965 1825 vocemus

386 1886 489 1927 nos
531 1869 897 1938 patriarcham
920 1881 1135 1938 papam,
1172 1865 1225 1920 id
1255 1872 1339 1920 est
1373 1879 1532 1917 avum
1557 1904 1573 1927 ,
1604 1876 1733 1916 cum
1765 1863 1837 1916 sit
1861 1859 1965 1914 Pa-

387 1974 469 2017 ter
509 1964 759 2017 Patrum.
816 1962 895 2015 Ita
940 1976 971 2015 a
1024 1969 1271 2029 tempore
1315 1956 1558 2013 ileracla
1589 1996 1605 2021 ,
1651 1955 1966 2027 patriarcha

384 2055 791 2111 Alexandrinus
838 2052 1018 2108 dictus
1060 2059 1147 2106 est
1186 2065 1347 2122 papa,
1391 2050 1445 2105 id
1473 2059 1557 2105 est
1601 2062 1760 2104 avus.
1809 2045 1970 2102 Post-

385 2163 551 2218 quam
611 2156 795 2201 autem
842 2143 1126 2199 ilananias
1173 2142 1493 2211 patriarcha
1561 2139 1968 2195 Alexandrinus

385 2256 547 2310 quem
592 2238 811 2293 Marcus
855 2235 1192 2306 evangelista
1253 2234 1303 2287 in
1354 2232 1482 2288 sede
1520 2247 1619 2287 sua
1659 2232 1964 2294 constituit,

385 2346 561 2385 annos
605 2327 946 2394 sedissetﬂ‘z,
987 2337 1238 2382 mortuus
1278 2334 1383 2381 est.
1435 2323 1499 2377 Et
1546 2322 1825 2392 profectus
1883 2330 1970 2376 est

389 2426 602 2480 Marcus
644 2422 979 2492 evangelista
1027 2421 1081 2474 in
1143 2420 1393 2485 Baream,
1455 2426 1516 2471 ut
1570 2425 1969 2487 propagaretur

386 2518 528 2590 apud
576 2516 828 2572 homines
858 2514 990 2570 fides
1032 2515 1088 2567 in
1130 2510 1408 2567 Christum
1438 2509 1639 2564 Filium
1672 2509 1790 2564 Dei.
1816 2506 1969 2563 Obiit

389 2611 515 2664 dein
570 2607 836 2661 Claudius
918 2603 1106 2659 Casar
1144 2602 1519 2671 ‘imperator,
1580 2608 1636 2653 et
1683 2600 1970 2667 imperavit

387 2701 574 2757 Roma
602 2709 722 2767 post
757 2714 881 2755 eum
916 2697 1059 2752 [ilius
1077 2697 1197 2764 ejus
1234 2693 1379 2750 Nero
1412 2693 1599 2748 Caesar
1639 2692 1801 2747 annis
1852 2698 1971 2746 tre-

386 2794 584 2858 decim,
635 2793 729 2862 qui
758 2790 971 2861 primus
1024 2781 1971 2857 fuitgravissimorumianristia-

389 2902 489 2941 nos
527 2886 794 2939 malorum
838 2893 1056 2946 auctor,
1138 2881 1301 2935 homo
1342 2886 1530 2948 utpote
1591 2878 1646 2931 in
1679 2873 1889 2931 consilii
1916 2881 1972 2930 et

385 2979 513 3034 vita
554 2975 904 3032 instituenda
945 2974 1162 3029 ratione
1214 2971 1683 3041 improbissimus.
1732 2968 1801 3024 Et
1831 2976 1971 3023 tem-

391 3086 519 3141 pore
564 3067 804 3123 Neronis
871 3067 1103 3123 Casaris
1166 3064 1391 3134 scripsit
1426 3062 1646 3129 Petrus,
1693 3062 1973 3133 apostolo-

2064 488 2238 542 usque
2260 474 2326 530 ad
2352 483 2596 545 tempora
2626 476 2880 531 Demetrii
2911 476 3236 540 patriarcha
3255 477 3634 539 Alexandrini,

2062 576 2119 623 et
2148 577 2231 622 est
2264 568 2588 622 undecimus
2636 568 2947 638 patriarcha
2988 568 3415 635 Alexandrinus,
3456 571 3639 625 nullus

2063 669 2181 712 erat
2202 661 2255 714 in
2283 660 2562 715 territorio
2582 658 2801 732 Egypti
2831 648 3122 730 episcopus
3141 677 3154 725 ;
3175 675 3273 715 nec
3292 663 3638 729 patriarcha,

2067 753 2159 820 qui
2194 761 2320 807 ante
2352 770 2475 807 eum
2513 767 2692 817 erant,
2729 754 3132 808 constituerant
3157 752 3275 825 (ibi)
3300 755 3639 827 episcopum.

2064 846 2201 900 Cum
2241 847 2424 916 itaque
2456 846 2632 901 factus
2665 856 2746 901 est
2787 836 3094 902 Demetrius
3145 848 3481 916 patriarcha,
3530 860 3643 905 tres

2065 938 2355 994 constituit
2386 938 2695 1008 episcopos,
2725 948 2778 993 et
2810 948 2894 993 est
2926 940 3135 1007 primus
3179 942 3514 1009 patriarcha,
3550 945 3641 1013 qui

2065 1033 2118 1085 in
2150 1032 2483 1086 Alexandria
2519 1030 2648 1086 fecit
2688 1032 3000 1101 episcopos.
3029 1031 3105 1086 Eo
3138 1042 3319 1088 autem
3356 1034 3641 1101 defuncto,

2068 1125 2331 1197 ςιιπεξοῑυε
2356 1134 2440 1180 est
2470 1135 2593 1196 post
2619 1126 2768 1179 illum
2803 1125 3058 1181 Heraclas
3079 1128 3386 1196 patriarcha
3409 1130 3646 1184 Alexan-

2072 1220 2219 1307 glria,
2254 1219 2345 1288 qui
2384 1219 2573 1290 viginti
2604 1218 2895 1274 constituit
2920 1219 3232 1289 episcopos.
3264 1219 3413 1275 Unus
3458 1233 3642 1277 autem

2071 1329 2131 1369 ex
2180 1314 2264 1366 his
2298 1312 2571 1383 episcopis
2599 1312 2823 1367 nomine
2848 1309 3172 1377 Eumenius,
3210 1314 3263 1367 in
3297 1314 3468 1384 legem
3502 1333 3645 1384 pra-

2074 1406 2344 1459 varicatus
2376 1414 2479 1461 est.
2511 1405 2648 1459 Cum
2702 1416 2882 1460 autem
2912 1404 3034 1475 ejus
3078 1404 3220 1459 fama
3254 1404 3319 1459 ad
3356 1406 3642 1463 ileraclam

2072 1499 2438 1564 patriarcham
2510 1498 2687 1553 delata
2749 1506 2915 1563 esset,
2973 1501 3328 1568 congregavit
3389 1499 3645 1556 Hcraclas

2072 1592 2380 1660 patriarcha
2424 1592 2687 1663 synodum
2724 1593 3129 1662 episcopormn,
3182 1594 3525 1663 perrexitque
3577 1599 3645 1649 ad

2073 1686 2262 1740 urbem
2294 1684 2569 1745 Eumenii,
2599 1694 2654 1738 et
2700 1685 2818 1754 ejus
2857 1694 3001 1738 Statu
3035 1685 3169 1740 satis
3202 1689 3442 1754 cognito.
3483 1698 3648 1754 atque

2072 1788 2359 1849 perspecto
2384 1778 2608 1847 negotio
2635 1777 2803 1840 illius,
2837 1793 2961 1832 eum
2995 1779 3060 1831 ad
3094 1779 3374 1833 veritatem
3408 1782 3643 1835 reduxit.

2074 1872 2229 1926 Plebs
2244 1886 2372 1925 vero
2387 1871 2619 1924 audiens
2632 1870 2915 1939 episcopos
2930 1869 3293 1938 patriareham
3312 1871 3647 1939 appellantes

2074 1976 2304 2035 patrem,
2325 1965 2625 2033 dixit‘apud
2646 1980 2737 2018 se:
2764 1963 2819 2017 Si
2844 1979 2941 2018 nos
2964 1964 3280 2032 episcopum
3310 1964 3648 2033 appellamus

2075 2069 2306 2129 patrem,
2336 2070 2391 2114 et
2427 2061 2720 2128 episcopus
2750 2059 3118 2127 patriarcham
3156 2067 3361 2128 patrem
3390 2060 3648 2128 appellat.

2074 2163 2310 2223 oportet,
2351 2163 2406 2208 ut
2440 2169 2539 2209 nos
2572 2151 2941 2222 patriarcham
2978 2151 3316 2223 appellemus
3349 2168 3563 2220 papam,
3594 2154 3649 2206 id

2074 2263 2156 2307 est
2176 2264 2490 2315 avum,cum
2512 2248 2602 2301 ille
2620 2248 2684 2301 sit
2710 2255 2866 2316 pater
2884 2255 3119 2314 patrum.
3135 2244 3446 2314 Appellatus
3466 2246 3652 2314 itaque

2075 2354 2160 2402 est
2183 2358 2213 2397 a
2241 2341 2434 2397 diebus
2460 2338 2700 2394 Heracla
2722 2337 3034 2408 patriarcha
3062 2337 3465 2393 Alexandrinus
3486 2356 3647 2407 papa,

2077 2436 2132 2493 id
2159 2444 2243 2491 est
2263 2448 2419 2489 avus.
2446 2432 2618 2486 Porro
2644 2430 2922 2486 ilananias
2944 2430 3256 2500 patriarcha
3280 2430 3646 2495 Alexandriae,

2072 2528 2233 2583 quem
2283 2514 2646 2570 constituerat
2679 2513 2898 2566 Marcus
2941 2514 3273 2582 evangelista
3321 2516 3375 2566 in
3423 2527 3486 2565 ea
3524 2511 3653 2565 sedc

2072 2606 2465 2674 patriarcham,
2504 2606 2841 2663 seditannos
2873 2592 3064 2677 viginti
3108 2607 3271 2673 duos,
3302 2616 3351 2660 et
3398 2616 3653 2659 mortuus

2073 2706 2178 2753 est.
2221 2698 2439 2754 Marcus
2469 2714 2602 2755 vero
2630 2698 2969 2769 evangelista
3004 2712 3263 2768 egressus
3296 2706 3380 2751 est
3421 2696 3487 2750 ad
3524 2696 3655 2748 Bar-

2077 2806 2199 2846 eam
2228 2792 2480 2849 homines
2503 2807 2820 2848 convocans
2846 2791 2930 2847 ’ad
2962 2790 3122 2846 iidem
3162 2790 3215 2845 in
3256 2790 3531 2847 Christum
3569 2788 3655 2842 Fi.

2080 2884 2216 2939 lium
2250 2884 2367 2940 Dei.
2402 2884 2469 2939 Et
2502 2892 2756 2941 mortuus
2785 2893 2870 2942 est
2901 2884 3165 2940 Claudius
3194 2885 3382 2938 Casar
3424 2884 3657 2955 impera-

2082 2985 2191 3047 tor,
2252 2979 2658 3050 imperavitque
2707 2986 2831 3051 post
2883 2979 3035 3034 illum
3107 2978 3252 3034 (ilius
3303 2978 3424 3047 ejus
3474 2975 3654 3031 Neron

2077 3072 2263 3128 Casar
2304 3071 2495 3129 Roma
2545 3073 2804 3129 tredecim
2837 3075 3020 3137 annis,
3070 3086 3126 3127 et
3170 3081 3259 3127 est
3296 3072 3528 3143 primus,
3562 3072 3658 3138 qui

389 3177 533 3217 rumt
546 3162 822 3232 princeps,
853 3159 1205 3231 Evangelium
1232 3156 1394 3211 Marci
1422 3196 1437 3222 ,
1464 3171 1587 3210 cum
1618 3152 1821 3218 Marco,
1859 3152 1963 3207 lin-

2078 3167 2375 3222 coneitavit
2425 3167 2482 3221 in
2522 3166 2875 3222 Christianos
2925 3167 3164 3230 malum,
3217 3172 3272 3218 et
3321 3163 3661 3234 persecutio-

390 3269 491 3324 gua
535 3252 803 3318 Romana,
856 3252 911 3307 in
960 3253 1095 3307 urbe
1142 3249 1352 3314 Roma,
1412 3249 1508 3304 sed
1540 3245 1792 3302 attribuit
1836 3244 1968 3300 illud

394 3352 595 3403 Marco.
637 3349 814 3403 Etiam
856 3358 1101 3418 tempore
1149 3346 1311 3415 hujus
1352 3341 1700 3413 imperatoris
1745 3338 1970 3409 scripsit

391 3439 567 3495 Lucas
602 3438 959 3509 Evangelium
993 3452 1152 3494 suum
1178 3450 1353 3508 graec
1406 3434 1473 3489 ad
1519 3433 1697 3488 virum
1726 3430 1967 3486 nobilem

389 3549 453 3587 ex
496 3531 844 3602 sapientibus
898 3528 1186 3592 Romanis,
1232 3526 1318 3581 cui
1370 3540 1571 3580 nomen
1609 3522 1966 3593 Theophilus,

389 3625 457 3678 ad
504 3641 671 3694 quem
714 3623 843 3677 item
873 3622 1097 3693 scripsit
1138 3622 1273 3675 Acta
1306 3634 1401 3674 seu
1430 3618 1854 3687 discipulorum,
1886 3614 1971 3668 hi-

393 3718 642 3773 storiam.
677 3714 802 3767 Erat
832 3726 1011 3769 autem
1037 3714 1211 3768 Lucas
1247 3709 1584 3780 evangelista
1606 3723 1790 3763 comes
1817 3704 1969 3759 Pauli

392 3812 645 3883 apostoli,
675 3826 908 3881 quoeum
952 3825 1049 3879 per
1082 3820 1293 3876 tempus
1328 3805 1547 3876 aliquod
1577 3803 1797 3858 mansit.
1821 3800 1974 3856 Unde

390 3905 639 3973 estquod
668 3901 869 3956 Paulus
916 3900 1198 3970 apostolus
1244 3899 1297 3952 in
1334 3897 1569 3967 quadam
1602 3893 1841 3964 Epistula
1874 3905 1971 3945 sua

394 3997 529 4050 dicit
558 4015 569 4049 :
597 3993 766 4047 Lucus
792 3993 1022 4047 medicus
1068 3990 1411 4067 rossalutat.
1486 3984 1824 4057 (Coloss.,tv,
1862 3983 1972 4052 14.)

396 4088 734 4144 Prehensum
776 4101 908 4141 vero
944 4085 1166 4140 Petrum
1194 4080 1338 4137 Nero
1369 4081 1553 4136 Casar
1593 4079 1745 4133 cruci
1780 4075 1969 4146 alligit,

394 4192 625 4247 corpore
672 4178 884 4232 scilicet
924 4177 1165 4241 inverso,
1196 4182 1364 4243 atque
1400 4171 1472 4225 ita
1506 4177 1685 4223 morte
1731 4182 1855 4225 eum
1885 4164 1970 4220 af-

397 4268 548 4323 fecit.
584 4268 720 4322 Nam
759 4276 813 4322 et
852 4267 1069 4322 dixerat
1114 4267 1162 4321 ei
1224 4266 1469 4322 Petrus:
1522 4261 1579 4316 Si
1630 4260 1716 4315 vis
1767 4270 1826 4313 ut
1874 4272 1974 4330 ego

395 4363 545 4416 cruci
596 4362 804 4431 alligar,
847 4374 1077 4430 corpore
1109 4374 1195 4413 tne
1240 4358 1462 4412 inverso
1507 4354 1663 4423 atiige
1695 4352 1871 4418 cruci,
1906 4367 1975 4407 ne

397 4470 550 4509 mors
601 4454 735 4508 mihi
778 4438 985 4507 iniiicta
1036 4451 1237 4506 similis
1274 4452 1345 4504 sit
1388 4449 1437 4504 ei
1468 4463 1589 4518 qua
1625 4445 1975 4516 itiﬂigebatur

397 4546 630 4600 Domino
662 4562 783 4601 meo
812 4545 1056 4611 Christo,
1081 4544 1173 4614 qui
1203 4541 1352 4596 cruci
1380 4537 1577 4594 alﬁxus
1606 4546 1712 4602 est,
1743 4550 1975 4605 corpore
2010 4533 2053 4589 D

395 4648 602 4694 erecto.
656 4637 761 4693 Sed
828 4638 1006 4710 gladio
1071 4634 1376 4690 trucidavit
1434 4632 1688 4687 Paulum.
1740 4627 1975 4683 Occisus

394 4741 580 4787 autem
621 4743 706 4788 est
761 4731 959 4787 Petrus
1005 4729 1109 4784 sub
1158 4743 1365 4782 annum
1404 4726 1475 4779 22
1521 4734 1643 4794 post
1682 4723 1969 4776 Dominum

394 4835 641 4879 nostrum
678 4824 983 4878 Christum.
1018 4823 1149 4876 Erat
1184 4834 1312 4874 vero
1345 4827 1469 4889 post
1494 4817 1717 4871 Petrum
1744 4854 1759 4879 ,
1806 4812 1976 4866 Linus

396 4902 954 4984 patriarclia’Roma,
991 4928 1101 4984 qua
1131 4913 1353 4968 functus
1390 4909 1657 4980 dignitate
1686 4906 1756 4960 12
1797 4918 1977 4959 annos

392 5010 549 5063 obiit.
591 5007 656 5063 Et
691 5009 777 5063 hic
802 5008 1012 5078 primus
1043 5014 1162 5061 erat
1189 5002 1506 5075 patriarcha
1541 5003 1845 5057 Romanus.
1877 4997 1976 5051 At-

395 5115 502 5169 que
553 5110 673 5156 erat
707 5099 924 5155 Marcus
959 5096 1241 5169 Evangelii
1276 5107 1494 5160 auctor,
1546 5094 1603 5148 in
1644 5089 1976 5147 Alexandria

395 5204 449 5248 ct
492 5192 663 5247 Barea
700 5196 783 5264 (ut
824 5192 1040 5247 scilicet
1074 5196 1476 5261 propagaretur
1532 5184 1675 5255 apud
1720 5183 1976 5238 homines

394 5286 528 5341 ﬁdes
549 5290 602 5341 in
626 5286 909 5342 Christum
934 5282 1133 5338 Filium
1160 5282 1280 5352 Dei)
1303 5280 1464 5337 annis
1485 5287 1723 5350 septem.
1745 5275 1976 5329 Etanno

394 5379 608 5448 imperii
658 5379 892 5434 Neronis
926 5375 1160 5433 Casaris
1195 5376 1309 5446 jam
1361 5373 1493 5428 dicti
1533 5374 1711 5441 primo
1751 5371 1974 5426 occisus

388 5478 473 5522 est
527 5469 746 5524 Marcus
796 5469 1166 5533 Alexandria,
1222 5478 1277 5521 et
1325 5481 1528 5536 corpus
1565 5465 1683 5533 ejus
1730 5464 1855 5533 igne
1889 5469 1975 5516 est

389 5568 724 5615 crematum.

725 5862 994 5924 ΡΑτίιοι..
1037 5864 1152 5923 Gn.
1184 5863 1327 5925 CXI.

2079 3273 2226 3313 nem.
2265 3259 2397 3314 Erat
2426 3258 2628 3329 quippe
2658 3260 2823 3312 homo
2859 3258 3134 3328 pessimus
3195 3272 3260 3311 ac
3306 3256 3657 3325 improbissi-

2079 3351 2185 3406 mis
2246 3353 2515 3406 morilms.
2565 3350 2834 3427 Tempore
2884 3362 3067 3405 autem
3128 3348 3366 3405 Neronis
3419 3348 3657 3404 Casaris

2081 3445 2305 3515 scripsit
2340 3442 2535 3499 Petrus
2569 3444 2947 3514 apostolorum
2982 3443 3240 3514 princeps
3296 3442 3650 3512 Evangelium

2080 3538 2271 3604 Marci,
2328 3536 2516 3593 Marco
2539 3537 2865 3607 excipiente,
2897 3536 3083 3606 lingua
3127 3534 3373 3589 Romana
3427 3534 3480 3588 in
3522 3535 3659 3587 urbe

2079 3630 2294 3695 Roma,
2325 3638 2379 3685 et
2412 3629 2661 3684 attribuit
2691 3628 2819 3682 illud
2851 3626 3056 3683 Marco.
3089 3625 3266 3696 llujus
3293 3639 3515 3695 quoque
3555 3624 3659 3677 im-

2081 3722 2348 3790 peratoris
2374 3728 2621 3789 tempore
2651 3720 2875 3788 scripsit
2910 3718 3263 3789 Evangelium
3290 3731 3452 3772 suum
3481 3714 3662 3768 Lucas

2081 3811 2269 3866 Graca
2313 3812 2497 3881 lingua
2530 3810 2595 3865 ad
2624 3812 2802 3864 virum
2842 3810 3132 3880 quemdam
3170 3808 3411 3864 nobilem
3462 3808 3530 3863 de
3573 3821 3665 3861 sa-

2084 3903 2364 3973 pientibus
2426 3901 2824 3965 Romanorum,
2883 3901 2972 3957 cui
3041 3916 3239 3955 nomen
3298 3899 3662 3973 Theophilus.

2082 3995 2365 4065 Inscripsit
2411 3995 2587 4069 eidem
2621 4002 2882 4065 praeterea
2943 3995 3113 4059 Arta,
3152 4008 3276 4061 qua
3326 4003 3456 4048 sunt
3494 3994 3664 4048 histo-

2082 4088 2178 4143 ria
2226 4088 2649 4157 discipulorum.
2699 4086 2879 4140 Lucas
2917 4085 3117 4155 quippe
3166 4084 3393 4138 Paulum
3450 4094 3666 4152 aposto-

2084 4180 2195 4233 lum
2225 4180 2520 4233 comitatns
2560 4187 2696 4243 erat,
2723 4192 2786 4231 ac
2823 4192 2917 4244 per
2945 4174 3162 4244 aliquod
3190 4182 3407 4241 tempus
3446 4188 3665 4227 manse-

2085 4278 2169 4322 rat
2206 4283 2329 4322 cum
2382 4268 2512 4332 illo;
2566 4283 2693 4321 nam
2746 4265 2949 4319 Paulus
3005 4263 3287 4334 apostolus
3329 4262 3381 4316 in
3423 4261 3659 4332 quadam

2087 4374 2186 4415 sua
2236 4359 2467 4430 epistola
2520 4357 2705 4414 dicit:
2770 4356 2940 4409 Lucas
3003 4354 3236 4408 medicus
3287 4368 3376 4406 vos
3438 4354 3664 4405 salutat.

2085 4451 2230 4508 Nero
2255 4462 2437 4507 autem
2475 4450 2661 4506 Casar
2692 4458 2911 4520 captum
2944 4448 3167 4503 Petrum
3194 4444 3349 4500 cruci
3385 4444 3553 4498 amxit
3580 4445 3665 4497 in-

2085 4561 2331 4611 versum,
2358 4555 2521 4615 atque
2542 4544 2694 4597 illum
2716 4541 2918 4598 occidit
2941 4539 3112 4617 ,ﬁquia
3131 4538 3340 4592 dixerat
3362 4538 3409 4591 ei
3434 4536 3661 4591 Petrus:

2086 4639 2142 4695 Si
2178 4641 2261 4695 vis
2290 4654 2374 4692 me
2396 4637 2549 4693 cruci
2593 4635 2835 4705 alligare,
2871 4646 3082 4704 quaso,
3126 4632 3329 4702 aliigito
3355 4644 3443 4684 me
3485 4629 3669 4683 iuver-

2087 4748 2232 4794 sum,
2286 4747 2356 4786 ne
2402 4731 2606 4786 similis
2652 4728 2777 4783 [iam
2827 4726 3065 4781 Domino
3108 4742 3229 4780 meo
3260 4724 3520 4784 Christo,
3573 4723 3669 4791 qui

2088 4832 2271 4880 rectus
2315 4825 2464 4878 cruci
2513 4821 2707 4875 allixus
2742 4830 2844 4876 est.
2882 4820 3037 4873 Pauli
3087 4834 3217 4873 vero
3254 4817 3456 4872 collum
3487 4817 3669 4888 gladio

2085 4918 2405 4973 trucidavit.
2438 4916 2668 4971 Occisus
2701 4924 2884 4969 autem
2933 4922 3018 4969 est
3068 4912 3265 4966 Petrus
3301 4912 3489 4980 viginti
3534 4910 3671 4963 duo-

2084 5010 2190 5065 bus
2236 5009 2438 5078 elapsis
2501 5017 2626 5078 post
2678 5006 2963 5061 Christum
3006 5003 3296 5057 Dominqu
3357 5001 3553 5065 annis;
3617 4990 3677 5051 εί

2087 5104 2355 5158 sutIectus
2411 5111 2496 5156 est
2542 5100 2705 5155 Petro
2766 5098 2937 5153 Linus
2982 5095 3297 5167 patriarcha
3346 5091 3553 5155 Romae,
3584 5103 3670 5144 sco

2087 5195 2277 5264 ditque
2334 5195 2494 5248 anuis
2554 5191 2865 5256 duodecim,
2907 5201 2962 5246 et
3002 5198 3256 5244 mortuus
3304 5193 3412 5248 est,
3463 5190 3518 5238 et
3573 5180 3673 5234 fuit

2090 5287 2320 5353 primus,
2355 5286 2449 5356 qui
2480 5284 2668 5340 Roma
2696 5282 3011 5354 patriarcha
3039 5280 3304 5335 sulTectus
3327 5284 3431 5330 est.
3455 5272 3673 5327 Marcus
3756 5316 3763 5321 .

2088 5387 2269 5431 autem
2335 5385 2532 5430 auctor
2584 5375 2867 5445 Evangelii
2932 5382 3055 5428 erat
3108 5372 3160 5424 in
3220 5365 3548 5422 Alexandria
3620 5374 3674 5419 et

2088 5472 2285 5536 Barca,
2316 5484 2626 5524 convocans
2683 5468 2932 5522 homines
2980 5464 3047 5518 ad
3095 5461 3255 5517 tidem
3300 5461 3355 5514 in
3390 5457 3669 5513 Christum

2089 5561 2286 5615 Filium
2339 5558 2433 5614 Dei
2492 5576 2588 5629 per
2616 5559 2855 5628 spatium
2913 5568 3181 5608 annorum
3224 5561 3457 5621 septem.
3516 5550 3674 5603 Anno

2079 5667 2259 5711 autern
2289 5655 2465 5724 primo
2488 5652 2651 5723 hujus
2669 5649 2901 5706 Neronis
2918 5648 3155 5703 Caesaris
3185 5646 3401 5700 occisus
3427 5651 3507 5698 est
3533 5641 3666 5695 Mar-

2080 5764 2177 5805 cus
2203 5746 2563 5810 Alexandrim,
2596 5754 2647 5800 et
2682 5758 2880 5813 corpus
2912 5742 3028 5813 ejus
3061 5742 3180 5813 igne
3203 5748 3503 5795 crematum
3537 5743 3641 5789 est.

3268 5854 3343 5912 ea
