4034 6214
497 265 598 328 ςτέη

1517 265 1890 326 EUTYCHII
1924 261 2459 323 ALEXANDRI‘NI
2495 261 2712 320 i‘A'l‘R.

3630 257 3740 316 903

766 561 1241 627 INNOMINE
1285 563 1456 636 DEI,
1501 563 1775 633 UNIUS,
1820 560 2075 619 ᾸΞΤΕΒ

2154 559 2198 632 ι,
2241 559 2582 620 ιΜΜυΤΑ
2600 557 2838 630 mus,
2905 555 3192 618 IMMOR
3204 555 3299 619 TA
3317 556 3460 631 us,

1342 689 1391 746 Α
1491 688 1662 764 QUO
1759 688 1873 748 ET
1963 686 2407 748 AUXILIUM
2484 685 2899 748 PETIMUS.

1499 953 1909 1066 LIBER
1994 952 2732 1069 HISTORUE

1119 1255 1368 1317 JUXI‘A
1427 1251 1887 1313 ACCURATAM
1950 1251 2136 1313 V-ERI
2191 1251 2595 1313 RATIONEM
2676 1247 3108 1311 COLLECTUS

594 1374 840 1440 ΟΡΕΒΛ
915 1376 1423 1436 PATRIARCIL‘E
1464 1376 1854 1446 EUTYCl—III,
1903 1374 2042 1471 QUI
2081 1374 2678 1436 COGNOMINATUS
2706 1376 2846 1436 ΕΒΓ
2887 1377 3068 1436 SAID
3111 1376 3259 1435 EBN
3304 1374 3616 1435 ΒΑἸἪΙΚ.

945 1494 1160 1564 QUEM
1198 1493 1545 1556 SCRIPSIT
1583 1495 1684 1553 AD
1720 1491 2085 1553 FRATREM
2113 1489 2330 1550 SUUM
2371 1490 2577 1562 ISAM,
2637 1491 2734 1552 DE
2815 1490 3282 1551 COGNIT!ONE

773 1606 1316 1671 HISTORlARUM
1355 1608 1946 1673 UNlVERSALIUM
1977 1608 2025 1665 A
2058 1605 2420 1665 TEMPORE
2459 1604 2703 1664 ΑΠΑΜί
2739 1604 3001 1678 USQUE
3061 1606 3163 1666 AD
3211 1606 3459 1668 ANNOS

1704 1727 1968 1790 IIEIRIE
2027 1725 2520 1800 ISLAMlTlC/E.

787 2057 1408 2228 EUTYCIIII
1534 1896 2421 2222 PATRlAllilﬂ/E
2553 2038 3447 2222 ALEXANDRINI

1632 2355 2569 2515 ANNALES.

561 2797 789 2867 Inspiret
820 2791 918 2848 tibi
954 2789 1116 2854 Deus,
1149 2788 1222 2843 mi
1253 2788 1441 2851 frater,
1480 2800 1659 2840 rerum
1709 2786 2059 2856 pulchrarum
2091 2790 2135 2848 Α
2234 2784 2364 2856 5-7
2401 2785 2514 2851 Sic,
2547 2787 2620 2841 ait
2649 2786 2775 2842 Said
2807 2787 2920 2843 Ebn
2935 2787 3141 2851 _Batrik
3187 2790 3452 2854 medicus,
3515 2793 3736 2848 initium

491 2891 727 2960 Optimas
751 2895 805 2940 et
833 2882 1325 2945 commodissimas,
1361 2887 1660 2934 etavertat
1681 2894 1712 2933 a
1750 2887 1802 2932 te
1821 2921 1836 2946 ,
1865 2891 2055 2933 earum

489 2995 612 3051 qua:
640 2975 919 3032 tristitiam
947 2971 1204 3036 aﬂ'ernnt,
1248 2970 1514 3040 malarum
1565 2969 1834 3024 maximas
1873 2979 1932 3023 et
1963 2983 2061 3022 no-

490 3069 839 3128 centissimas
885 3064 1155 3133 :operiat
1213 3073 1262 3116 te
1315 3062 1672 3132 protectionis
1729 3061 1848 3116 velo
1893 3075 2056 3131 quam

491 3163 759 3220 latissime
786 3172 1048 3230 expanso,
1084 3163 1138 3209 et
1169 3155 1452 3209 cmitinuet
1488 3154 1580 3208 tibi
1621 3154 1916 3222 potentiam
1943 3167 2060 3206 am-

488 3247 790 3327 plis-simam
826 3268 842 3310 :
879 3251 1142 3320 largiatur
1175 3247 1269 3301 tibi
1305 3247 1358 3299 in
1401 3256 1632 3316 utroque
1684 3245 1883 3298 saeculo
1930 3258 2058 3312 por-

489 3348 713 3408 tionem,
742 3353 797 3400 et
827 3345 881 3397 in
915 3350 1146 3409 utroque
1170 3347 1316 3392 statu
1341 3347 1540 3392 sortem
1565 3353 1578 3390 :
1602 3335 1898 3405 intelligere
1929 3333 2061 3405 1—5

486 3446 540 3492 te
573 3434 740 3490 faciat
770 3433 976 3493 omnia,
1015 3444 1134 3498 qua:
1186 3427 1290 3495 ipsi
1323 3427 1573 3496 placent;
1623 3439 1798 3494 neque
1845 3434 2059 3493 separet
2107 3488 2121 3497 ί

488 3537 541 3582 te
568 3543 598 3580 a
625 3525 827 3580 vicinio
851 3537 950 3576 suo
978 3536 1099 3572 cum
1135 3519 1246 3571 illis
1281 3532 1400 3586 quae
1434 3517 1592 3582 longe
1615 3523 1854 3570 amovet.
1890 3514 2054 3569 intel-

486 3618 592 3673 lexi
628 3613 758 3685 quid
793 3609 1032 3667 describi
1067 3607 1159 3661 tibi
1191 3606 1422 3675 jusseris
1449 3603 1594 3674 (beet
1614 3612 1662 3659 te
1693 3603 1834 3658 Deus
1854 3604 2053 3658 amictu

487 3706 847 3772 virtutum,ét
878 3701 1140 3756 mundum
1197 3709 1250 3754 te
1307 3705 1612 3758 conservet,
1682 3715 1753 3753 ne
1804 3697 2055 3753 sordidas

487 3803 745 3857 vitiorum
811 3804 989 3852 vestes
1047 3793 1286 3861 induas)
1339 3792 1392 3846 in
1449 3790 1759 3859 cognitione
1805 3788 2055 3844 Historiae

486 3888 810 3946 universalis
828 3902 855 3940 a
892 3893 1134 3954 tempore
1156 3881 1345 3937 Adami
1368 3897 1536 3951 usque
1554 3881 1618 3934 ad
1646 3896 1819 3936 annos
1847 3881 2055 3950 llegita:

483 3982 829 4044 lslamitieae;
867 3986 1030 4046 atque
1073 3974 1202 4029 illud
1251 3974 1619 4028 demonstravi
1660 3974 1811 4046 juxta
1859 3973 2052 4028 seriem

483 4077 776 4139 mensium,
816 4071 1165 4133 saeculorum,
1207 4078 1261 4121 et
1287 4052 1578 4130 armorum,
1615 4067 1754 4120 utin
1797 4064 1915 4133 ejus
1959 4079 2054 4120 cn-

2163 2884 2441 2950 capiemus
2476 2895 2505 2934 a
2540 2883 2698 2937 laude
2738 2881 2951 2937 Domini
2979 2885 3150 2938 nostri
3202 2893 3257 2939 et
3310 2885 3588 2941 Creatoris
3636 2887 3734 2956 qui

2162 2987 2264 3027 nos
2296 2972 2561 3040 condidit,
2588 2983 2641 3028 et
2670 2974 2924 3030 invitam
2959 2974 3234 3044 perduxit,
3263 2977 3422 3046 cujus
3447 2976 3587 3032 fama
3615 2979 3734 3049 glo-

2162 3066 2304 3120 riosa
2335 3075 2439 3130 est,
2475 3081 2599 3122 cum
2625 3067 2794 3138 ipsius
2818 3067 2936 3124 laus
2959 3069 3349 3138 (sanctificetnr
3367 3071 3487 3140 ejus
3511 3071 3734 3140 nomen)

2160 3158 2330 3214 clavis
2360 3158 2430 3214 sit
2462 3160 2706 3214 omnium
2738 3160 3001 3215 librorum
3049 3170 3102 3216 et
3155 3169 3509 3218 tractatuum.
3549 3164 3731 3234 ipsum

2161 3251 2633 3318 (potentissimum
2669 3258 2722 3306 et
2754 3241 3249 3323 gloriosissimum)
3311 3264 3604 3321 rogantes,
3669 3263 3729 3308 ut

2160 3358 2316 3412 opem
2369 3342 2526 3397 nobis
2570 3344 2819 3398 conferat
2874 3343 2939 3397 ad
2997 3343 3128 3398 illud
3189 3346 3588 3414 praestandum,
3633 3363 3732 3414 pro

2162 3433 2413 3488 bonitate
2444 3449 2540 3488 sua
2577 3445 2862 3490 consueta.
2895 3434 3077 3490 Gloria
3109 3452 3239 3508 ergo
3273 3437 3404 3500 Deo.
3436 3439 3526 3507 qui
3553 3439 3728 3507 gloria

2161 3529 2361 3598 dignus
2394 3536 2476 3582 est
2500 3528 2730 3598 ejusque
2761 3527 3059 3592 Dominus,
3097 3538 3150 3583 et
3189 3530 3259 3582 ob
3307 3545 3468 3598 quam
3517 3529 3725 3599 gratias

2159 3628 2442 3687 exspectat
2473 3633 2502 3672 a
2543 3621 2716 3674 servis
2758 3605 3024 3687 suisfqui
3060 3634 3146 3673 res
3170 3619 3724 3686 decrevitantequam

2157 3721 2363 3775 essent,
2394 3727 2596 3782 easque
2627 3711 2894 3780 gubernat
2927 3720 3211 3781 postquam
3243 3711 3522 3780 producta:
3551 3721 3677 3764 sunt
3706 3729 3722 3775 ;

2158 3805 2246 3874 qui
2283 3804 2708 3858 misericordiam
2738 3814 2787 3857 et
2817 3803 3085 3871 justitiam
3119 3817 3149 3856 e
3193 3802 3296 3856 viis
3325 3802 3570 3855 veritatis
3593 3816 3734 3855 con-

2158 3896 2377 3948 Stitutas
2407 3893 2694 3962 praecepit;
2739 3892 3035 3962 nequitiam
3067 3899 3248 3944 autem
3305 3902 3359 3944 et
3403 3892 3726 3961 injustitiain

2159 3999 2189 4038 e
2213 3984 2315 4037 viis
2339 3982 2464 4037 falsi
2500 3983 2668 4036 vetuit
2708 3999 2722 4036 :
2755 3983 2844 4051 qni
2879 3999 2988 4036 non
3025 3984 3170 4050 cogit
3213 3998 3400 4038 servos
3425 3984 3490 4035 ad
3521 3984 3732 4036 facien-

2157 4074 2284 4128 dum
2320 4074 2616 4143 quidquam
2647 4074 2791 4145 quod
2829 4077 2969 4129 vires
3003 4075 3244 4144 ipsorum
3273 4076 3520 4140 excedit;
3549 4091 3732 4144 neque

483 4169 731 4240 gnitionc
764 4163 833 4218 sit
872 4160 1018 4230 quod
1062 4158 1276 4214 abunde
1323 4156 1418 4210 tibi
1464 4154 1694 4210 SUﬂiCial
1719 4195 1734 4219 9
1789 4170 1855 4208 lle
1909 4170 2048 4222 υίιυε
2080 4160 2125 4220 Β
2158 4165 2452 4234 praestituit
2485 4166 2754 4221 creaturis
2785 4166 2899 4218 suis
2927 4179 3090 4233 opera
3119 4165 3316 4232 quibus
3346 4165 3579 4234 impares
3597 4174 3734 4218 sum

483 4262 689 4318 habeas
720 4257 1024 4328 quemlibet
1053 4269 1082 4307 e
1117 4251 1421 4321 potioribus
1473 4258 1568 4303 aut
1606 4251 1763 4319 vulgo
1815 4249 2052 4304 interro-

481 4368 653 4423 gare;
685 4344 1058 4416 de‘scripsique
1091 4343 1184 4398 tibi
1223 4341 1464 4411 (indicet
1501 4340 1599 4394 tibi
1628 4340 1770 4394 Deus
1819 4341 1958 4394 viam
1983 4341 2053 4395 ad

486 4445 792 4499 felicitatem
827 4441 1063 4493 maxime
1090 4435 1424 4504 expeditam,
1454 4441 1508 4486 et
1550 4445 1732 4487 notam
1785 4433 1881 4487 tibi
1923 4449 2048 4502 per-

483 4545 646 4607 petuo
681 4533 844 4587 faciat
873 4528 1161 4584 scientiam
1191 4565 1206 4591 ,
1235 4535 1292 4580 et
1325 4525 1616 4578 utilitatem
1678 4525 2048 4595 prmeipuam)

482 4640 691 4699 typum,
720 4621 1015 4688 exemplar,
1045 4627 1098 4671 et
1129 4631 1413 4683 normam;
1447 4631 1569 4686 qua:
1594 4617 1853 4670 constitui
1899 4631 2050 4672 com-

482 4718 743 4789 pendiosa
776 4721 830 4768 et
867 4711 1044 4775 utilia,
1073 4718 1236 4778 prout
1261 4707 1500 4778 judicavi
1538 4718 1848 4776 competere
1879 4708 2046 4762 animi

480 4805 556 4862 tui
588 4799 833 4874 praeclari
869 4796 1203 4862 celsitudini,
1232 4807 1289 4851 et
1317 4795 1598 4859 confortne
1640 4812 1762 4852 esse
1813 4797 2047 4851 acumini

480 4892 680 4966 ingenii
705 4896 782 4946 tui
807 4888 1116 4959 praestantis
1141 4895 1192 4940 et
1223 4886 1495 4951 sublimis,
1518 4887 1798 4942 succincte
1825 4895 1877 4941 et
1901 4902 2048 4941 sum-

477 4985 666 5038 tuatim
697 4977 836 5033 tradi
867 4991 928 5031 ea
954 4991 1075 5046 qua:
1101 4991 1132 5030 e
1159 4976 1276 5046 lege
1304 4985 1357 5028 et
1397 4975 1707 5046 Evangelio,
1728 4977 2048 5046 cruorisque

477 5073 632 5129 libris
665 5067 940 5126 veteribus
965 5076 1018 5121 ct
1059 5067 1216 5120 novis
1270 5067 1498 5121 collecta
1545 5052 1862 5137 complexus
1923 5082 2043 5121 sum

477 5166 617 5219 libro
648 5163 750 5217 hoc
783 5173 907 5234 meo
925 5171 1084 5229 quem
1121 5158 1431 5226 ’composui.
1453 5158 1597 5226 quod
1616 5159 1682 5212 ad
1704 5158 2042 5225 metbodum,

475 5257 636 5312 rebus
656 5251 1040 5324 investigandis
1056 5249 1746 5322 priestantissimum,quod
1757 5249 1822 5302 ad
1841 5251 2047 5306 doctri-

476 5365 623 5414 nam,
671 5347 1017 5403 verissimum
1045 5359 1204 5412 ;eum
1228 5343 1281 5396 in
1306 5343 1424 5412 ipso
1448 5352 1732 5397 assecutus
1752 5346 2041 5400 terminum

473 5437 834 5509 quiprudenti
854 5445 1040 5507 gratus
1054 5435 1144 5500 sit,
1167 5442 1219 5487 et
1239 5433 1511 5488 intellectu
1535 5433 1760 5502 praedito
1782 5436 2042 5500 sufficiat,

2153 4262 2298 4313 vires
2324 4261 2588 4326 ipsarum,
2623 4274 2811 4313 verum
2847 4258 2991 4326 ipsas
3025 4260 3306 4312 actionum
3357 4273 3581 4312 suarum
3635 4273 3732 4308 ar-

2152 4349 2343 4411 bitras,
2386 4365 2719 4420 operumque
2760 4365 2982 4403 suorum
3043 4350 3433 4404 moderatrices
3462 4388 3477 4413 ,
3518 4363 3582 4402 ac
3640 4365 3733 4402 re-

2152 4456 2272 4495 rum
2303 4456 2526 4494 suarum
2565 4441 2919 4496 administras
2955 4442 3283 4504 constituit;
3322 4449 3482 4508 atque
3514 4440 3578 4494 ad
3610 4440 3726 4494 hoc

2151 4534 2273 4587 illas
2316 4532 2576 4586 instruxit
2601 4532 2920 4587 excellentia
2942 4531 3131 4599 judicii
3163 4541 3216 4586 et
3243 4531 3459 4586 consilii
3488 4570 3504 4594 ,
3537 4545 3599 4584 ac
3620 4531 3735 4587 bo-

2149 4624 2324 4677 nitate
2352 4623 2761 4678 deliberationis
2781 4633 2835 4678 et
2874 4625 3139 4688 scientiae,
3161 4637 3269 4694 cpe
3291 4623 3412 4693 ejus
3443 4637 3606 4692 quem
3640 4623 3737 4676 in-

2149 4714 2286 4769 didit
2312 4715 2462 4783 ipsis,
2493 4715 2560 4769 de
2592 4728 2782 4770 natura
2811 4717 3119 4770 intellectus
3145 4734 3160 4784 ;
3198 4733 3360 4786 quem
3415 4716 3544 4772 fecit
3590 4730 3737 4770 cau—

2150 4821 2266 4861 sam
2299 4807 2658 4875 impellentem
2715 4807 2783 4860 ad
2835 4807 3270 4862 confirmandum
3325 4817 3516 4861 contra
3572 4807 3734 4877 ipsos

2149 4907 2554 4963 argumentum,
2587 4907 2639 4952 et
2675 4899 2817 4952 viam
2850 4915 2993 4968 quae
3043 4901 3194 4970 ipsos
3244 4909 3520 4969 compotes
3572 4900 3733 4953 dire.

2148 4989 2344 5043 ctionis
2375 4989 2602 5053 faceret,
2636 4991 2784 5060 quod
2813 4992 2948 5059 ipsis
2979 4993 3328 5046 counnodum
3355 5002 3439 5045 est
3490 4991 3729 5060 eligens,

2147 5089 2202 5134 et
2233 5081 2612 5136 misericordia
2639 5098 2766 5151 erga
2801 5084 2948 5150 ipsos
2979 5083 3346 5151 propendens.
3401 5081 3546 5135 Laus
3585 5095 3728 5148 ergo

2148 5173 2258 5227 Deo
2289 5175 2383 5242 qui
2419 5173 2732 5229 individuus
2767 5182 2851 5228 est
2887 5161 3101 5229 ratione
3131 5175 3359 5229 unitatis
3403 5189 3518 5236 sum
3543 5213 3556 5235 ,
3589 5174 3727 5241 qui-

2147 5278 2251 5332 que
2285 5264 2303 5332 (
2328 5266 2739 5333 potentissimus
2767 5265 2826 5335 8
2853 5277 2905 5320 et
2934 5266 3396 5334 gloriosissimus)
3425 5267 3496 5319 ob
3521 5280 3726 5318 essen-

2154 5355 2284 5410 tiam
2316 5371 2492 5418 suam,
2528 5358 2844 5426 sapientiam
2869 5398 2884 5423 ,
2909 5366 2966 5412 et
2993 5359 3156 5412 vitam
3193 5366 3428 5412 aeternas
3454 5396 3468 5420 ,
3514 5356 3721 5425 dignus

2146 5455 2228 5500 est
2255 5447 2413 5503 laude
2443 5456 2498 5501 et
2527 5449 2896 5504 celebratione
2917 5491 2932 5514 ,
2983 5460 3329 5520 utereturque
3380 5449 3606 5519 gloriam
3660 5459 3724 5500 et

473 5501 645 5595 eaque
668 5529 764 5582 tibi
796 5501 1154 5582 et'lratribus
1178 5527 1285 5580 tuis
1305 5501 1572 5580 evidentia
1593 5526 1725 5598 (res)
1774 5531 2033 5598 explicui,
2068 5505 2081 5555 ⁴

2154 5540 2530 5594 εκειιιθιὶοηθηι
2559 5556 2577 5605 ;
2606 5540 2697 5609 qui
2737 5541 2874 5595 nihil
2910 5543 2962 5595 in
3001 5543 3113 5612 lege
3157 5559 3254 5598 sua
3307 5547 3490 5613 posuit
3535 5542 3723 5595 ambi-

471 5632 592 5684 quze
621 5619 775 5673 nobis
798 5619 1005 5688 tibique
1023 5619 1226 5688 praemii
1255 5628 1305 5674 et
1325 5619 1448 5674 boni
1471 5620 1836 5690 consequendi
1872 5635 2036 5677 causa

458 5723 562 5760 Ἧι.

2147 5645 2332 5699 guum,
2368 5631 2513 5700 quod
2541 5630 2826 5686 dubitandi
2859 5648 3048 5687 ansam
3098 5637 3398 5702 praeberet,
3451 5650 3628 5704 neque
3661 5635 3720 5684 in

2145 5726 2427 5794 praeceptis
2458 5724 2570 5779 suis
2599 5724 2887 5791 incertum,
2926 5726 3069 5796 quod
3099 5726 3499 5783 dissensionem
3545 5743 3712 5797 pare-
