4034 6214
360 274 469 330 909

1791 271 1990 332 ANNA
2003 273 2151 332 LE8.

3497 261 3602 326 91η

355 394 444 437 rit
472 399 488 448 ',
523 381 616 438 sed
647 382 761 450 ipsa
798 379 1087 436 constituit
1123 381 1409 451 perspicua
1442 391 1496 435 et
1519 378 1806 436 manifesta
1836 395 1933 448 po-
1960 380 2010 441 Α
2040 383 2181 436 inter
2205 398 2262 436 se
2285 382 2598 448 discrepant
2636 379 2882 434 homines
2913 378 2965 430 in
3001 377 3228 431 historia
3258 416 3274 442 ,
3305 376 3451 446 quod
3505 389 3604 428 au-

361 475 536 546 pulis,
565 489 672 529 non
704 474 958 528 obstaute
989 473 1270 530 nationum
1301 481 1356 528 et
1384 474 1667 544 regionum
1719 472 1933 528 disc-re-

363 571 588 642 pentia,
638 579 692 621 et
737 566 1030 646 scientianr
1069 566 1276 620 claram
1337 566 1592 619 omnibus
1645 565 1932 634 gentibus,

358 658 762 732 quantumlibet
796 672 1047 713 sermone
1073 665 1128 713 et
1160 657 1412 713 dialectis
1460 657 1688 712 invicem
1737 657 1932 713 distin-

368 754 500 810 ctis.
537 765 633 821 per
672 749 1064 805 revelationem
1111 751 1394 819 prophetis
1428 748 1548 804 suis
1583 756 1637 804 et
1675 750 1935 817 apostolis

363 843 605 918 [factam
631 841 651 914 ]
681 851 734 896 et
767 857 888 911 quae
921 841 1071 900 misit
1102 841 1169 894 ad
1205 840 1352 910 ipsos
1377 841 1640 894 miracula
1667 841 1936 911 signaque

363 933 647 994 tremenda
689 935 754 989 ad
787 934 994 989 cultum
1025 948 1186 988 suum
1225 933 1503 998 inritans;
1541 941 1596 990 et
1639 933 1933 1001 benignum

360 1038 643 1098 aspectum
670 1027 718 1080 ei
751 1025 842 1096 qui
877 1026 978 1095 ipsi
1016 1025 1312 1080 crediderit
1345 1026 1664 1095 promittens
1685 1068 1701 1093 ,
1729 1025 1934 1080 exitum

365 1135 497 1175 vero
536 1118 834 1188 pessimum
866 1117 945 1180 ei,
979 1117 1071 1184 qui
1106 1117 1173 1171 ab
1201 1117 1318 1185 ipso
1345 1119 1694 1187 seaverterit
1727 1117 1934 1187 ipsum-

272 1242 284 1247 -
361 1225 472 1278 que
525 1206 848 1277 negaverit,
907 1205 1171 1260 minatus.
1206 1202 1607 1275 [Celebretur,
1668 1199 1935 1273 inquam]

365 1297 524 1352 laude
584 1310 706 1364 quae
733 1294 994 1364 majorem
1031 1293 1209 1364 ipsius
1237 1293 1650 1347 beneﬁcentiam
1679 1297 1937 1362 provocet

363 1400 416 1443 et
441 1402 724 1443 accessum
756 1386 821 1441 ad
850 1389 1028 1456 ipsum
1076 1393 1328 1456 praestet.
1374 1384 1557 1456 Ipsum
1607 1399 1736 1454 rogo
1765 1426 1778 1448 ,
1833 1384 1935 1452 ipsi

368 1481 621 1550 supplico
647 1519 662 1544 ,
699 1489 762 1532 ut
815 1479 1062 1540 sinceras
1116 1476 1308 1530 reddat
1339 1475 1673 1531 intentiones
1721 1483 1938 1530 nostras

360 1575 430 1634 ad
463 1571 903 1642 amplectendam
941 1571 1083 1641 quod
1120 1571 1222 1641 ipsi
1252 1579 1464 1640 gratum
1493 1569 1586 1635 sit,
1619 1577 1672 1626 et
1712 1583 1939 1624 conver-

363 1677 441 1719 tat
464 1667 680 1718 intimos
705 1662 929 1718 aﬂectus
953 1673 1170 1716 nostros
1187 1659 1252 1716 ad
1286 1660 1420 1719 illud
1444 1659 1588 1731 quod
1608 1660 1935 1730 obsequium

367 1759 465 1828 ipsi
491 1756 859 1826 prsestandum
901 1763 1245 1824 promoveat,
1267 1763 1319 1808 et
1341 1753 1606 1823 consequi
1640 1767 1743 1808 nos
1776 1751 1938 1808 faciat
1967 1725 2011 1779 ’Β

359 1850 594 1921 gradum
621 1849 725 1904 sibi
758 1847 1151 1918 propinquum.

438 1940 563 1996 llaec
593 1941 880 1996 hactenus.
906 1940 1230 2008 Quicunque
1260 1953 1370 1994 non
1404 1940 1657 1996 habuerit
1684 1941 1934 1998 notitiam

363 2033 705 2088 fundamenti
743 2029 978 2101 alicujus
1008 2029 1292 2095 scientiae,
1345 2030 1414 2086 de
1461 2045 1568 2100 qua
1629 2045 1936 2086 sermonem

360 2127 655 2182 instituere
689 2123 839 2190 velit,
884 2130 943 2177 ut
973 2121 1100 2179 inde
1135 2120 1370 2176 deducat
1419 2136 1561 2191 quas
1613 2121 1714 2192 ipsi
1759 2123 1935 2176 visum

365 2216 534 2273 fuerit
582 2205 1049 2284 consequentias,
1102 2227 1332 2283 quarum
1385 2213 1548 2268 etiam
1599 2213 1937 2282 cognitioni,

357 2308 558 2382 9-11
615 2321 739 2361 cum
784 2306 858 2361 sit
906 2318 1148 2376 propago
1202 2303 1444 2372 ejusdem
1503 2303 1785 2366 scientia).
1827 2320 1936 2362 non

363 2400 556 2453 subest
582 2396 728 2450 aliud
754 2395 978 2464 aliquod
1007 2393 1422 2450 fundamentum
1446 2395 1511 2448 ad
1537 2394 1681 2465 quod
1705 2394 1940 2450 subinde

363 2499 704 2555 recurratur,
737 2498 900 2547 erunt
933 2504 1115 2546 sermo
1134 2497 1186 2544 et
1215 2491 1358 2545 ratio
1381 2489 1741 2545 concludendi
1762 2489 1937 2559 ipsius

364 2600 502 2639 vana
543 2592 596 2640 et
632 2583 830 2648 futilis,
861 2583 1124 2652 laborque
1153 2593 1203 2637 et
1239 2581 1483 2637 studium
1536 2583 1585 2636 ei
1617 2582 1696 2636 rei
1729 2581 1938 2649 impen-

361 2691 486 2746 sum
519 2680 826 2730 frustranea
856 2684 912 2730 et
940 2674 1193 2731 ridicula.
1225 2672 1493 2731 Parabola
1529 2681 1744 2738 autem,
1771 2687 1934 2745 quam

366 2769 537 2824 edidit
563 2767 827 2822 Dominus
850 2774 905 2821 et
931 2765 1190 2820 Servatur
1223 2774 1410 2820 noster
1434 2765 1486 2819 in
1517 2765 1812 2834 Evangelio
1837 2779 1936 2820 suo

367 2871 580 2925 sancto,
615 2858 804 2913 dicens
839 2875 853 2912 :
886 2857 945 2912 Si
970 2858 1084 2928 quia
1115 2858 1330 2911 domum
1361 2873 1512 2911 suam
1540 2872 1698 2925 super
1720 2871 1935 2910 arenam

361 2954 621 3028 struxerit
652 2951 730 3006 tet
770 2951 1112 3006 tenuissimus
1149 2957 1330 3007 uentus
1378 2951 1733 3019 pertransiens
1766 2949 1934 3018 ipsam

361 3044 598 3113 dejiciet,
632 3052 678 3097 et
749 3044 999 3096 minimus
1048 3057 1200 3112 aqua:
1254 3051 1457 3095 torrem
1521 3042 1692 3106 ipsum
1741 3040 1940 3104 diruet;

383 3134 522 3202 quod
581 3135 628 3187 si
677 3147 791 3186 eam
851 3147 1006 3201 super
1063 3142 1267 3200 petram
1317 3129 1682 3198 azdiﬁcaverit,
1716 3145 1938 3198 nequeo

371 3225 532 3278 ventis
559 3224 737 3298 dejici,
789 3237 954 3292 neque
999 3238 1031 3275 a
1094 3229 1328 3275 torrente
1371 3221 1600 3276 subverti
1645 3222 1835 3289 poterit
1889 3225 1938 3284 ',

372 3315 556 3384 regula
581 3323 665 3369 est
693 3322 745 3368 et
780 3312 1086 3381 exemplum
1121 3311 1467 3382 intelligenti.
1511 3309 1772 3383 Quisquis
1793 3309 1938 3365 enim

381 3404 600 3460 locutus
630 3405 798 3458 fuerit
831 3405 896 3459 de
921 3403 1100 3473 aliqua
1131 3401 1360 3457 scientia
1421 3403 1540 3457 sine
1589 3401 1942 3458 fundamento

366 3493 439 3555 ad
467 3496 612 3566 quod
650 3494 908 3563 respiciat
964 3494 1163 3565 cuique
1194 3493 1460 3548 innitatur
1485 3533 1500 3557 ,
1534 3492 1717 3549 subito
1761 3491 1943 3548 incas-

365 3602 492 3641 sum
530 3586 710 3652 cedct,
741 3594 795 3639 et
818 3601 982 3656 quam
1020 3586 1289 3642 citissime
1309 3584 1545 3653 deﬁciet,
1572 3588 1742 3644 instar
1768 3582 1941 3646 aedili-

370 3679 551 3735 cantis
581 3682 800 3734 domum
826 3694 980 3735 suam
1016 3693 1180 3749 super
1223 3692 1442 3733 arenam
1471 3694 1488 3744 ;
1516 3687 1570 3731 at
1610 3680 1654 3732 si
1703 3678 1826 3746 quis
1874 3676 1942 3730 de

369 3771 599 3852 Scientia
636 3771 857 3840 aliqua,
917 3771 1234 3841 percoguito
1290 3771 1448 3840 prius
1515 3769 1688 3838 ipsius
1743 3768 1939 3826 funda-

372 3875 580 3928 mento,
614 3865 888 3933 loquatur,
927 3862 1143 3917 futurus
1178 3871 1263 3918 est
1290 3875 1469 3917 sermo
1509 3861 1683 3929 ipsius
1735 3874 1895 3913 verus
1919 3897 1938 3923 ,

369 3955 680 4011 luculentus
706 3992 722 4018 ,
776 3955 1098 4025 perspicuus
1117 3994 1133 4019 ,
1180 3955 1370 4008 tirmus
1395 3991 1410 4017 ,
1433 3952 1696 4022 quoniam
1725 3951 1941 4006 locutus

364 4056 457 4103 est
484 4048 764 4103 substrato
794 4046 1171 4110 fundamento,
1210 4045 1356 4114 quod
1397 4043 1694 4113 respiciat,
1741 4043 1944 4109 cuique

372 4141 666 4204 innitatur,
699 4150 757 4191 ut
792 4153 916 4192 cum
954 4135 1080 4206 quis
1109 4136 1332 4192 domum
1374 4149 1530 4194 suam
1557 4141 1725 4203 petra:
1747 4147 1943 4201 super-

369 4231 655 4286 struxerit.
688 4228 856 4292 Porro
913 4229 968 4291 in
1011 4229 1156 4286 hanc
1204 4227 1531 4284 sententiam
1575 4226 1744 4281 multa
1795 4224 1954 4280 dixe.—

369 4332 503 4380 runt
530 4323 682 4376 Plato
706 4331 762 4376 et
787 4321 1108 4377 Aristoteles
1147 4320 1200 4374 in
1235 4319 1392 4376 libris
1423 4317 1751 4381 dialecticis,
1791 4317 1943 4374 aliis-

2042 484 2148 529 tem
2177 474 2307 527 mihi
2337 474 2438 528 hac
2467 473 2522 527 in
2547 486 2607 527 re
2666 481 2788 540 post
2817 469 3255 539 disquisitionem
3301 468 3518 537 longam
3550 477 3606 520 et

2039 567 2282 619 laborem
2316 566 2573 629 multum,
2606 575 2946 634 compertum
2983 569 3102 626 est,
3142 560 3274 614 illud
3324 569 3408 615 est
3459 561 3604 628 quod

2037 671 2101 710 ex
2139 657 2206 710 iis
2253 672 2374 725 qua:
2399 656 2452 710 in
2486 656 2602 727 lege
2639 654 2965 724 cmterisque
2995 650 3316 707 indubitatae
3370 649 3490 704 ﬁdei
3541 651 3608 704 li-

2039 748 2154 802 bris
2177 747 2507 812 exhibitum,
2538 745 3067 816 explicationejusta
3093 750 3148 797 et
3173 741 3468 798 sufﬁcienti
3509 757 3609 796 ex-
3671 759 3681 794 ἡ

2038 842 2346 910 plicaturus
2368 856 2511 904 sum,
2549 839 2823 910 adjunetis
2854 841 2901 892 ei
2948 835 3360 891 narrationibus
3389 834 3609 889 succin-

2039 933 2166 994 ctis,
2202 930 2636 999 compendiosis,
2669 945 2780 998 quo
2816 931 2886 983 sit
2914 929 3009 984 tibi
3039 927 3296 983 liheriste
3325 941 3480 983 meus
3510 941 3614 994 per

2039 1039 2101 1080 se
2124 1023 2430 1090 sufficiens,
2468 1023 2744 1094 faciatque
2805 1038 2870 1078 ne
2925 1037 3065 1091 opus
3120 1023 3193 1077 sit
3242 1022 3308 1076 ad
3359 1023 3610 1091 quemvis

2039 1114 2232 1179 alium,
2269 1114 2346 1166 rei
2380 1112 2618 1182 alicujus
2657 1114 2709 1166 in
2738 1112 2966 1167 historia
2990 1112 3386 1182 cognoscenda:
3415 1112 3611 1181 gratia,

2040 1222 2344 1262 recurrere.
2388 1206 2732 1276 PrOpositum
2763 1216 2945 1260 autem
3002 1214 3085 1262 est
3114 1207 3282 1261 ordiri
3313 1205 3381 1260 ab
3405 1206 3564 1260 initio
3597 1245 3613 1268 .

2039 1315 2150 1370 quo
2185 1303 2326 1354 Deus
2359 1300 2624 1353 Adamum
2656 1298 2898 1352 condidit
2931 1313 3105 1364 neque
3135 1298 3201 1352 ad
3261 1307 3474 1365 tempus
3510 1298 3612 1349 hoc

2042 1400 2315 1457 nostrum,
2343 1404 2404 1446 ut
2425 1394 2501 1446 sit
2533 1391 2655 1461 ejus
2681 1390 2921 1459 cognitio
2952 1389 3046 1443 tihi
3079 1388 3387 1444 nianifesta.
3411 1389 3467 1441 In
3504 1389 3611 1441 Deo

2043 1494 2224 1538 autem
2253 1491 2337 1538 est
2369 1484 2634 1538 auxilium
2671 1491 2724 1536 et
2758 1482 2904 1536 vires
2929 1488 2981 1535 et
3016 1481 3277 1550 potentia,
3301 1495 3424 1545 quae
3453 1493 3610 1548 opem

2041 1575 2203 1638 nobis
2234 1575 2412 1630 ferant
2444 1575 2509 1627 ad
2543 1573 2724 1630 omnia
2757 1590 2879 1643 quae
2898 1584 3218 1643 quaeruntur
3239 1571 3611 1642 percipienda.

2042 1677 2098 1722 et
2121 1668 2354 1724 directio
2381 1667 2448 1721 ad
2480 1666 2634 1732 illud,
2673 1680 2783 1735 quo
2819 1673 3216 1736 prosperentur
3260 1680 3347 1720 res
3388 1671 3612 1726 nostra»,

2041 1761 2367 1830 obsequium
2403 1760 2505 1829 ipsi
2533 1757 2901 1829 praestandum
2929 1768 2982 1812 et
3007 1743 3410 1826 beneplacitum
3439 1755 3613 1821 ipsius
3696 1808 3700 1811 ,

2040 1852 2472 1922 adimpleudum,
2504 1866 2623 1905 cum
2659 1853 2774 1920 ipse
2803 1853 2875 1905 sit
2900 1850 3273 1920 omnipotens.
3305 1849 3450 1904 Laus
3486 1861 3614 1918 ergo

2037 1945 2174 2007 Deo,
2208 1947 2437 1999 Domino
2461 1953 2866 1998 creaturarum.
3378 2012 3383 2018 ~

2114 2037 2234 2107 13-
2254 2036 2355 2107 15
2377 2037 2593 2090 Creavit
2639 2035 2802 2101 Deus,
2827 2021 3257 2104 potentissimus,
3287 2031 3618 2102 ειονίοεῑεςίτΔ

2039 2145 2185 2191 mus,
2216 2128 2477 2183 mundum
2527 2143 2649 2182 cum
2707 2128 2776 2183 iis
2804 2143 2926 2198 quze
2961 2128 3015 2182 in
3065 2141 3131 2181 eo
3175 2133 3325 2193 sunt,
3361 2141 3459 2181 nec
3508 2139 3614 2178 non

2038 2221 2306 2280 Adamum
2338 2231 2390 2274 et
2427 2219 2616 2284 Evam,
2644 2236 2741 2276 sex
2773 2207 2992 2276 diebus.
3031 2218 3267 2273 Creatus
3308 2225 3392 2272 est
3432 2226 3612 2278 autem

2038 2312 2210 2366 Adam
2239 2312 2327 2367 die
2363 2322 2542 2374 sexto,
2589 2312 2979 2380 benedixitque
3029 2310 3171 2369 Deus
3213 2310 3322 2363 diei
3359 2310 3614 2377 septimo,

2038 2403 2298 2470 quoniam
2357 2403 2408 2455 in
2461 2417 2524 2455 eo
2585 2417 2722 2470 opus
2774 2399 3066 2458 creationis
3095 2400 3348 2463 absolvit.
3407 2398 3614 2464 Adamo

2038 2502 2218 2550 autem
2249 2501 2301 2545 et
2333 2493 2457 2545 brae
2496 2493 2572 2545 in.
2605 2491 2914 2560 paradisum
2961 2489 3293 2544 intromissis
3337 2489 3613 2558 praecepit,

2039 2595 2099 2638 ut
2126 2584 2192 2638 de
2223 2583 2485 2637 omnibus
2518 2583 2805 2636 arboribus
2859 2581 3226 2641 coniederent,
3272 2586 3492 2646 excepta
3524 2595 3614 2631 ar-

2041 2675 2174 2729 bore
2202 2674 2466 2738 scientiae,
2510 2674 2578 2728 de
2612 2689 2672 2728 ea
2711 2687 2836 2728 vero
2862 2689 2928 2727 ne
2955 2673 3322 2727 cumederent.
3348 2670 3615 2726 Tentaute

2039 2773 2218 2820 autem
2253 2767 2421 2820 Evam
2450 2766 2687 2830 diabolo,
2737 2774 3081 2835 transgressa
3123 2773 3206 2819 est
3255 2764 3344 2817 illa
3387 2763 3614 2816 manda-

2040 2868 2154 2912 tum
2185 2858 2300 2923 Dei,
2324 2869 2378 2914 et
2413 2859 2652 2914 comedit
2685 2859 2749 2912 de
2800 2858 2998 2913 arbore
3063 2857 3186 2923 ista,
3231 2871 3294 2911 ac
3325 2856 3616 2911 comedet).-

2040 2949 2170 3004 dmn
2204 2949 2271 3004 de
2299 2964 2363 3004 ea
2389 2950 2618 3020 praebuit
2648 2949 2878 3003 Adamo.
2915 2948 3052 3004 Cum
3084 2963 3212 3020 ergo
3238 2949 3292 3002 in
3323 2947 3612 3006 Dominum
3647 3011 3653 3016 _

1965 3061 2010 3122 ο
2044 3058 2204 3098 suum
2244 3043 2622 3105 rebellassent,
2658 3040 2866 3112 expulit
2891 3042 3038 3112 ipsos
3059 3055 3094 3097 .e
3157 3041 3436 3110 paradiso,
3482 3040 3614 3094 hora

2042 3148 2185 3189 nona
2209 3133 2315 3188 diei
2349 3132 2592 3196 Veneris,
2637 3133 3006 3202 iu'queindnm
3034 3149 3064 3189 e
3106 3135 3388 3190 montibus
3431 3132 3616 3198 lndiaa,

2041 3226 2445 3295 coiloeatosque
2495 3225 2547 3278 in
2585 3234 2729 3279 terra
2783 3225 2950 3294 jussit
3000 3225 3246 3280 sobolem
3301 3241 3614 3294 procreare,

2041 3333 2149 3388 quo
2207 3317 2723 3388 uiultiplicarcntur,
2761 3328 2812 3371 et
2861 3317 3147 3386 implerent
3192 3325 3419 3370 terram.
3465 3315 3614 3371 Cun-

2042 3423 2268 3480 gressus
2299 3422 2429 3479 ergo
2456 3417 2541 3462 est
2590 3407 2762 3462 Adam
2800 3422 2922 3460 cum
2957 3406 3085 3470 Eva,
3118 3422 3258 3474 quae,
3297 3421 3420 3459 cum
3470 3422 3618 3461 con-

2043 3499 2296 3570 cepisset,
2321 3503 2532 3570 peperit
2565 3514 2793 3568 puerum
2820 3506 2875 3552 et
2927 3499 3195 3567 puellam;
3243 3513 3471 3567 puerum
3521 3513 3620 3566 ap-

2043 3588 2447 3659 pellavitKain,
2480 3590 2714 3658 puellam
2751 3589 2954 3652 Διὶ-ηπ.
2993 3588 3132 3642 Tum
3190 3602 3383 3642 rursus
3437 3589 3620 3642 conci-

2044 3682 2228 3751 piente
2255 3681 2387 3746 Eva,
2424 3696 2489 3734 ac
2543 3696 2769 3750 puerum
2822 3691 2874 3735 et
2928 3683 3161 3751 puellam
3218 3681 3402 3744 enixa,
3451 3695 3622 3750 puero

2044 3788 2238 3827 nomen
2289 3774 2548 3841 imposuit
2593 3773 2749 3838 Abel,
2781 3775 2974 3842 puella:
3015 3771 3229 3839 Owain,
3264 3775 3391 3842 dum
3435 3771 3622 3826 Graece

2044 3859 2320 3930 Laphura.
2370 3859 2620 3930 Cumque
2671 3861 2782 3929 jam
2828 3863 3199 3930 provectiores
3255 3862 3383 3917 facti
3436 3868 3621 3921 essent

2046 3953 2221 4018 pueri,
2263 3951 2400 4005 dixit
2430 3951 2600 4014 Adam
2637 3953 2800 4006 Em:
2842 3950 3012 4006 Ducat
3052 3955 3196 4007 Kain
3245 3951 3454 4020 Owain,
3501 3967 3623 4022 quae

2047 4065 2152 4103 una
2191 4064 2314 4103 eum
2339 4047 2506 4102 Abele
2544 4057 2665 4102 nata
2697 4055 2803 4112 est,
2841 4048 2974 4102 Abel
3022 4058 3206 4102 autem
3242 4048 3450 4113 Azrun,
3500 4064 3622 4118 qua!

2046 4157 2170 4202 eum
2219 4139 2393 4194 Kaiuo
2451 4151 2597 4194 nata.
2648 4139 2788 4195 Dixit
2839 4150 3017 4194 autem
3064 4138 3204 4195 Kain
3249 4139 3408 4192 matri
3441 4155 3603 4192 suae:

2054 4229 2262 4286 Ducam
2295 4246 2394 4300 ego
2417 4245 2660 4286 sororem
2701 4245 2896 4294 meam,
2929 4239 2983 4284 et
3017 4231 3180 4284 ducat
3206 4229 3336 4283 Abel
3375 4243 3621 4282 sororem

2051 4336 2224 4376 suam.
2266 4321 2476 4390 Quippe
2508 4321 2792 4391 pulchrior
2825 4330 2941 4374 erat
2969 4321 3151 4376 Azrun
3185 4319 3433 4374 Owaina.
3464 4319 3620 4385 Quod

371 4434 502 4487 que,
534 4417 602 4470 de
634 4415 1001 4476 fundamentis
1032 4414 1380 4474 scientiarum
1409 4426 1712 4479 earumque
1752 4411 1943 4467 delini-
1979 4407 2024 4462 D
2052 4428 2178 4465 eum
2205 4413 2451 4466 audisset
2487 4412 2682 4475 Adam,
2721 4412 2856 4464 male
2882 4411 3177 4468 admodum
3205 4411 3384 4481 ipsum
3412 4411 3622 4478 habuit,

375 4511 638 4572 tionibus,
685 4515 738 4562 et
769 4506 1146 4561 arithmetices
1212 4504 1588 4561 fundamentis
1637 4519 1702 4560 ac
1735 4503 1943 4558 deﬁni-

371 4601 635 4662 tionibus.
658 4609 713 4653 et
737 4613 900 4668 quam
934 4597 1198 4657 rationem
1225 4605 1408 4654 tenere
1429 4598 1621 4653 debeat
1641 4595 1944 4660 studiosus,

368 4708 499 4748 cum
523 4691 772 4762 peritiam
820 4692 1078 4762 cujusvis
1119 4691 1332 4746 tandem
1381 4692 1622 4746 scientiae
1662 4689 1948 4758 acquirere

369 4785 524 4848 velit,
560 4784 679 4839 fuse
711 4799 834 4853 quae
862 4783 968 4842 huc
1003 4790 1255 4852 spectant
1280 4783 1616 4852 explicantes
1648 4782 1750 4853 12
1773 4791 1832 4836 et
1852 4797 1947 4834 ex-

369 4885 660 4945 ponentes,
693 4891 834 4944 qute,
871 4893 978 4931 non
1009 4892 1146 4947 opus
1176 4886 1260 4932 est
1286 4875 1445 4930 nobis
1476 4878 1566 4945 (ne
1592 4877 1801 4944 longior
1819 4889 1946 4928 eva-

370 4969 464 5021 dat
496 4967 632 5023 liber
667 4966 769 5024 iste
795 4966 1022 5036 noster)
1055 4975 1320 5036 repetere.
1353 4966 1487 5021 Cum
1519 4973 1727 5027 autem,
1764 4964 1848 5018 his
1884 4963 1937 5016 in

366 5057 692 5129 pra-latione
733 5058 857 5114 libri
899 5060 1001 5113 mei
1035 5058 1334 5128 praemissis
1360 5099 1375 5124 ,
1421 5059 1646 5114 dixerint
1691 5069 1945 5126 eportere

369 5150 668 5219 quemlibet
713 5152 804 5219 qui
858 5152 1006 5220 loqui
1061 5151 1192 5205 velit
1241 5151 1311 5205 de
1347 5150 1659 5222 cognitione
1707 5149 1942 5221 alicujus

370 5243 636 5306 scientiae,
651 5243 896 5311 ejusdem
915 5242 1268 5298 fundamenta
1282 5243 1510 5305 callere;
1529 5257 1652 5298 cum
1671 5242 1940 5312 (inquam)

367 5335 484 5390 haec
515 5334 588 5390 ita
617 5351 677 5397 se
709 5337 968 5399 habeant,
995 5351 1222 5391 necesse
1279 5343 1368 5390 est
1420 5343 1481 5390 ut
1521 5337 1942 5390 substernamus

367 5427 417 5479 ei
451 5427 593 5494 quod
625 5430 915 5500 postulasti
947 5427 1362 5484 fundamentum
1423 5428 1489 5482 ad
1521 5429 1664 5498 quod
1699 5443 1948 5482 recurra-

364 5529 482 5587 tnr;
516 5521 717 5591 cuique
741 5521 1021 5578 innitaris.
1066 5520 1353 5578 Manifesto
1387 5532 1534 5576 certe
1565 5531 1615 5574 ct
1651 5519 1942 5588 plurimum

353 5709 358 5712 ’
431 5708 455 5750 ⁸
488 5706 677 5761 Matth.
717 5719 809 5768 vn,
844 5703 1032 5759 Eii-27.

2056 4505 2161 4575 16
2190 4505 2435 4573 dixitque
2468 4521 2482 4556 :
2518 4502 2629 4558 Hoc
2665 4513 2745 4557 est
2793 4516 2982 4557 contra
3035 4515 3385 4572 praeceptum,
3428 4513 3488 4556 ut
3535 4517 3625 4556 so-

2051 4610 2250 4649 rorem
2274 4605 2420 4649 tuatn
2447 4596 2733 4664 gemellam
2758 4594 2948 4648 ducas.
2978 4595 3040 4648 Et
3072 4594 3170 4646 fuit
3205 4593 3338 4648 Cain
3364 4595 3622 4664 agricola,

2055 4687 2186 4740 Ahel
2225 4696 2410 4754 pastor
2448 4689 2653 4743 ovium.
2693 4687 2947 4754 Dixitque
2979 4687 3088 4741 illis
3137 4685 3308 4744 Adam
3344 4686 3626 4754 :Accipite

2053 4781 2122 4836 de
2154 4781 2421 4836 fructibus
2452 4788 2637 4845 terrae,
2675 4780 2817 4836 etde
2844 4781 2954 4835 fetu
2990 4781 3194 4844 ovium,
3233 4790 3284 4835 et
3321 4795 3625 4834 Conscenso

2055 4875 2257 4932 montis
2288 4875 2451 4945 hujus
2482 4875 2626 4931 sacri
2659 4874 2882 4945 fastigio
2927 4874 3118 4929 oﬁ'erte
3168 4890 3391 4929 munera
3424 4886 3622 4937 vestra,

2044 4967 2242 5023 deinde
2282 4982 2479 5021 uxores
2508 4976 2720 5020 vestras
2753 4965 3060 5034 accipietis.
3095 4966 3288 5019 Attulit
3311 4981 3449 5034 ergo.
3477 4964 3619 5017 Kain

2045 5063 2113 5116 de
2149 5061 2418 5116 fructibus
2465 5071 2620 5115 terra:
2679 5059 2732 5112 in
2779 5059 3112 5116 oblationem
3168 5060 3301 5124 Deo,
3357 5058 3623 5128 Optimos,

2043 5155 2469 5220 selectissimos;
2504 5154 2634 5220 Abel
2653 5169 2696 5210 'e
2745 5154 3118 5224 primogenitis
3168 5155 3350 5207 ovium
3397 5166 3619 5205 suarum

2051 5246 2285 5314 optimas
2314 5256 2367 5299 et
2404 5245 2814 5302 selectissimas.
2871 5245 3082 5301 Interea
3123 5253 3301 5297 autem
3353 5243 3482 5294 dum
3527 5255 3615 5294 ea.

2055 5354 2247 5392 cunten
2287 5337 2491 5392 montis
2555 5338 2934 5402 ascenderem,
3004 5336 3198 5391 indidit
3259 5333 3491 5386 Satanas
3545 5332 3622 5399 (in

2055 5431 2313 5500 mentem)
2336 5428 2534 5494 Kaino,
2566 5440 2623 5483 ut
2647 5431 2868 5483 fratrem
2895 5445 3051 5483 suum
3082 5427 3300 5480 AllClCi“
3328 5423 3622 5489 occideret,

2055 5522 2259 5578 sororis
2283 5538 2392 5576 sua:
2425 5522 2607 5575 Azrnn
2638 5524 2832 5593 gratia.
2859 5521 3100 5588 Cumque
3158 5517 3414 5572 offerrent
3470 5517 3620 5572 obla-
